time,price,volume,match_type,id
2024-07-26 09:14:39,38300.0,7500,ATO/ATC,226562382
2024-07-26 09:16:04,38500.0,200,Buy,226563805
2024-07-26 09:16:25,38400.0,200,Buy,226564166
2024-07-26 09:16:58,38500.0,100,Buy,226564727
2024-07-26 09:17:15,38500.0,600,Buy,226565016
2024-07-26 09:17:15,38500.0,400,Buy,226565015
2024-07-26 09:17:27,38500.0,100,Buy,226565199
2024-07-26 09:17:28,38500.0,2500,Sell,226565214
2024-07-26 09:17:44,38500.0,1000,Sell,226565453
2024-07-26 09:17:45,38500.0,300,Sell,226565464
2024-07-26 09:17:45,38500.0,100,Sell,226565465
2024-07-26 09:18:12,38500.0,500,Sell,226565930
2024-07-26 09:18:22,38500.0,800,Sell,226566170
2024-07-26 09:18:22,38500.0,100,Sell,226566171
2024-07-26 09:18:22,38500.0,100,Sell,226566172
2024-07-26 09:18:22,38600.0,500,Buy,226566174
2024-07-26 09:18:22,38600.0,400,Buy,226566175
2024-07-26 09:18:23,38500.0,4700,Sell,226566188
2024-07-26 09:18:24,38500.0,3700,Sell,226566209
2024-07-26 09:18:25,38500.0,1500,Sell,226566227
2024-07-26 09:18:25,38500.0,100,Sell,226566228
2024-07-26 09:18:25,38500.0,2000,Sell,226566229
2024-07-26 09:18:31,38500.0,100,Buy,226566369
2024-07-26 09:18:31,38500.0,1900,Buy,226566370
2024-07-26 09:18:49,38500.0,1000,Sell,226566647
2024-07-26 09:19:01,38500.0,100,Sell,226566870
2024-07-26 09:19:02,38550.0,100,Buy,226566900
2024-07-26 09:19:05,38550.0,100,Sell,226566968
2024-07-26 09:19:06,38550.0,800,Sell,226567007
2024-07-26 09:19:11,38500.0,3900,Sell,226567088
2024-07-26 09:19:11,38500.0,1000,Sell,226567089
2024-07-26 09:20:07,38400.0,100,Sell,226568100
2024-07-26 09:20:17,38400.0,100,Sell,226568346
2024-07-26 09:20:17,38400.0,200,Sell,226568347
2024-07-26 09:20:17,38350.0,800,Sell,226568348
2024-07-26 09:20:17,38350.0,100,Sell,226568349
2024-07-26 09:20:17,38300.0,800,Sell,226568350
2024-07-26 09:20:45,38450.0,100,Buy,226568752
2024-07-26 09:21:19,38450.0,400,Buy,226569343
2024-07-26 09:21:19,38450.0,500,Buy,226569344
2024-07-26 09:21:25,38500.0,100,Buy,226569417
2024-07-26 09:21:25,38500.0,100,Buy,226569416
2024-07-26 09:21:30,38450.0,100,Sell,226569473
2024-07-26 09:21:33,38500.0,100,Buy,226569520
2024-07-26 09:21:37,38500.0,100,Buy,226569598
2024-07-26 09:21:41,38500.0,100,Buy,226569695
2024-07-26 09:21:54,38500.0,100,Buy,226569918
2024-07-26 09:22:17,38450.0,3000,Sell,226570326
2024-07-26 09:22:17,38450.0,300,Sell,226570327
2024-07-26 09:23:20,38450.0,400,Buy,226571512
2024-07-26 09:23:44,38450.0,300,Buy,226571950
2024-07-26 09:23:44,38450.0,200,Buy,226571951
2024-07-26 09:23:55,38450.0,800,Buy,226572198
2024-07-26 09:24:15,38450.0,500,Buy,226572539
2024-07-26 09:24:15,38450.0,1300,Buy,226572540
2024-07-26 09:26:07,38500.0,1000,Buy,226574610
2024-07-26 09:26:07,38500.0,100,Buy,226574612
2024-07-26 09:26:07,38500.0,1000,Buy,226574608
2024-07-26 09:26:07,38500.0,100,Buy,226574609
2024-07-26 09:26:07,38500.0,1000,Buy,226574611
2024-07-26 09:26:07,38500.0,1500,Buy,226574607
2024-07-26 09:26:13,38450.0,100,Sell,226574731
2024-07-26 09:26:26,38450.0,100,Sell,226574932
2024-07-26 09:26:34,38500.0,500,Buy,226575111
2024-07-26 09:26:35,38450.0,2900,Sell,226575116
2024-07-26 09:27:08,38450.0,1100,Sell,226575679
2024-07-26 09:27:08,38450.0,1000,Sell,226575680
2024-07-26 09:27:08,38450.0,400,Sell,226575682
2024-07-26 09:27:08,38450.0,500,Sell,226575681
2024-07-26 09:27:19,38450.0,1200,Sell,226575902
2024-07-26 09:27:19,38450.0,500,Sell,226575903
2024-07-26 09:27:19,38450.0,100,Sell,226575904
2024-07-26 09:27:36,38450.0,100,Buy,226576207
2024-07-26 09:27:49,38450.0,2500,Buy,226576485
2024-07-26 09:27:59,38400.0,100,Sell,226576653
2024-07-26 09:27:59,38400.0,100,Sell,226576652
2024-07-26 09:28:24,38350.0,100,Sell,226577114
2024-07-26 09:28:51,38350.0,100,Sell,226577618
2024-07-26 09:29:14,38350.0,100,Sell,226577981
2024-07-26 09:29:26,38350.0,1000,Sell,226578261
2024-07-26 09:29:46,38350.0,2000,Sell,226578661
2024-07-26 09:30:16,38400.0,100,Buy,226579284
2024-07-26 09:30:34,38400.0,200,Buy,226579632
2024-07-26 09:31:01,38400.0,500,Buy,226580188
2024-07-26 09:31:01,38400.0,500,Buy,226580189
2024-07-26 09:31:54,38400.0,100,Buy,226581449
2024-07-26 09:31:54,38350.0,200,Sell,226581455
2024-07-26 09:32:22,38350.0,700,Sell,226582070
2024-07-26 09:32:25,38350.0,100,Sell,226582127
2024-07-26 09:32:32,38350.0,200,Sell,226582250
2024-07-26 09:33:10,38350.0,500,Sell,226582973
2024-07-26 09:33:19,38350.0,4000,Sell,226583160
2024-07-26 09:34:10,38350.0,500,Sell,226584038
2024-07-26 09:34:25,38350.0,100,Sell,226584308
2024-07-26 09:34:36,38350.0,3000,Sell,226584496
2024-07-26 09:35:18,38400.0,400,Buy,226585351
2024-07-26 09:35:18,38400.0,400,Buy,226585349
2024-07-26 09:35:18,38400.0,100,Buy,226585350
2024-07-26 09:37:48,38350.0,500,Sell,226587896
2024-07-26 09:37:48,38350.0,300,Sell,226587897
2024-07-26 09:37:48,38350.0,3700,Sell,226587895
2024-07-26 09:37:49,38350.0,11900,Sell,226587922
2024-07-26 09:37:51,38350.0,4700,Sell,226587960
2024-07-26 09:37:53,38350.0,10100,Sell,226587989
2024-07-26 09:37:53,38350.0,800,Sell,226587990
2024-07-26 09:37:53,38350.0,500,Sell,226587992
2024-07-26 09:37:53,38350.0,300,Sell,226587993
2024-07-26 09:37:53,38350.0,200,Sell,226587991
2024-07-26 09:38:20,38350.0,600,Sell,226588419
2024-07-26 09:38:23,38350.0,500,Sell,226588474
2024-07-26 09:38:33,38350.0,100,Sell,226588601
2024-07-26 09:38:33,38350.0,500,Sell,226588607
2024-07-26 09:38:39,38350.0,1000,Sell,226588707
2024-07-26 09:38:55,38350.0,1500,Sell,226588920
2024-07-26 09:39:10,38350.0,400,Sell,226589122
2024-07-26 09:39:26,38300.0,500,Sell,226589328
2024-07-26 09:39:26,38300.0,200,Sell,226589327
2024-07-26 09:39:26,38350.0,100,Sell,226589324
2024-07-26 09:39:26,38350.0,100,Sell,226589325
2024-07-26 09:39:26,38350.0,200,Sell,226589326
2024-07-26 09:41:05,38300.0,1000,Sell,226591044
2024-07-26 09:41:45,38350.0,200,Sell,226591666
2024-07-26 09:41:53,38350.0,300,Buy,226591755
2024-07-26 09:42:05,38300.0,1000,Sell,226591932
2024-07-26 09:42:23,38300.0,1000,Sell,226592192
2024-07-26 09:42:24,38350.0,100,Buy,226592194
2024-07-26 09:42:58,38350.0,100,Buy,226592732
2024-07-26 09:43:00,38350.0,100,Buy,226592756
2024-07-26 09:43:04,38350.0,100,Buy,226592795
2024-07-26 09:43:53,38350.0,100,Buy,226593515
2024-07-26 09:43:58,38300.0,2000,Sell,226593569
2024-07-26 09:43:58,38300.0,900,Sell,226593570
2024-07-26 09:43:58,38300.0,2000,Sell,226593567
2024-07-26 09:43:58,38300.0,100,Sell,226593568
2024-07-26 09:44:00,38350.0,300,Buy,226593596
2024-07-26 09:44:33,38300.0,500,Sell,226594097
2024-07-26 09:44:57,38300.0,100,Sell,226594533
2024-07-26 09:44:57,38300.0,500,Sell,226594540
2024-07-26 09:44:57,38300.0,200,Sell,226594541
2024-07-26 09:44:57,38300.0,300,Sell,226594542
2024-07-26 09:44:57,38300.0,800,Sell,226594543
2024-07-26 09:44:57,38300.0,1000,Sell,226594544
2024-07-26 09:44:57,38300.0,200,Sell,226594545
2024-07-26 09:45:22,38300.0,500,Sell,226594906
2024-07-26 09:45:36,38300.0,300,Sell,226595119
2024-07-26 09:45:36,38300.0,200,Sell,226595120
2024-07-26 09:45:47,38350.0,100,Buy,226595262
2024-07-26 09:46:03,38300.0,200,Sell,226595480
2024-07-26 09:46:15,38350.0,100,Buy,226595647
2024-07-26 09:46:23,38300.0,100,Sell,226595774
2024-07-26 09:46:56,38300.0,200,Sell,226596292
2024-07-26 09:46:56,38300.0,3000,Sell,226596291
2024-07-26 09:46:56,38300.0,500,Sell,226596288
2024-07-26 09:46:56,38300.0,1200,Sell,226596289
2024-07-26 09:46:56,38300.0,100,Sell,226596290
2024-07-26 09:47:03,38300.0,500,Sell,226596441
2024-07-26 09:47:03,38300.0,100,Sell,226596442
2024-07-26 09:47:03,38300.0,300,Sell,226596439
2024-07-26 09:47:11,38350.0,100,Buy,226596596
2024-07-26 09:47:24,38250.0,100,Sell,226596795
2024-07-26 09:47:24,38250.0,200,Sell,226596796
2024-07-26 09:50:31,38250.0,300,Sell,226600079
2024-07-26 09:51:59,38300.0,200,Sell,226601779
2024-07-26 09:51:59,38300.0,100,Sell,226601780
2024-07-26 09:51:59,38300.0,200,Sell,226601781
2024-07-26 09:52:22,38300.0,1000,Sell,226602057
2024-07-26 09:54:20,38300.0,1000,Sell,226604527
2024-07-26 09:54:38,38350.0,200,Buy,226604917
2024-07-26 09:54:38,38350.0,300,Buy,226604916
2024-07-26 09:54:38,38350.0,100,Buy,226604915
2024-07-26 09:54:38,38350.0,5000,Buy,226604911
2024-07-26 09:54:38,38350.0,1000,Buy,226604910
2024-07-26 09:54:38,38350.0,8400,Buy,226604909
2024-07-26 09:54:38,38350.0,5000,Buy,226604914
2024-07-26 09:54:40,38350.0,100,Buy,226604944
2024-07-26 09:55:15,38350.0,1400,Buy,226605559
2024-07-26 09:55:48,38350.0,100,Buy,226606259
2024-07-26 09:55:49,38350.0,500,Buy,226606292
2024-07-26 09:56:02,38350.0,200,Sell,226606533
2024-07-26 09:57:57,38400.0,500,Buy,226608700
2024-07-26 09:57:57,38400.0,200,Buy,226608701
2024-07-26 09:58:05,38400.0,100,Buy,226608807
2024-07-26 09:58:15,38400.0,200,Buy,226608958
2024-07-26 09:58:15,38400.0,100,Buy,226608959
2024-07-26 09:58:15,38400.0,700,Buy,226608960
2024-07-26 09:58:41,38400.0,300,Buy,226609398
2024-07-26 09:58:48,38400.0,200,Buy,226609504
2024-07-26 10:00:01,38400.0,500,Buy,226610700
2024-07-26 10:01:09,38350.0,100,Sell,226611701
2024-07-26 10:01:09,38350.0,200,Sell,226611702
2024-07-26 10:01:09,38350.0,100,Sell,226611703
2024-07-26 10:01:32,38350.0,100,Sell,226612022
2024-07-26 10:02:45,38350.0,200,Sell,226613336
2024-07-26 10:03:29,38350.0,100,Sell,226614248
2024-07-26 10:03:29,38350.0,100,Sell,226614249
2024-07-26 10:03:29,38350.0,300,Sell,226614250
2024-07-26 10:03:31,38400.0,1500,Buy,226614273
2024-07-26 10:03:31,38400.0,500,Buy,226614275
2024-07-26 10:03:31,38400.0,900,Buy,226614276
2024-07-26 10:03:41,38350.0,500,Sell,226614452
2024-07-26 10:04:38,38300.0,2300,Sell,226615266
2024-07-26 10:04:38,38350.0,400,Sell,226615265
2024-07-26 10:04:38,38350.0,100,Sell,226615263
2024-07-26 10:04:38,38350.0,100,Sell,226615262
2024-07-26 10:04:38,38350.0,100,Sell,226615264
2024-07-26 10:04:58,38300.0,500,Sell,226615491
2024-07-26 10:05:16,38300.0,300,Sell,226615788
2024-07-26 10:05:16,38300.0,1700,Sell,226615789
2024-07-26 10:05:29,38300.0,100,Sell,226615942
2024-07-26 10:05:45,38300.0,1000,Sell,226616229
2024-07-26 10:06:33,38300.0,600,Sell,226616973
2024-07-26 10:07:23,38300.0,100,Sell,226617623
2024-07-26 10:07:23,38300.0,900,Sell,226617624
2024-07-26 10:08:41,38300.0,1500,Sell,226618738
2024-07-26 10:08:41,38300.0,100,Sell,226618737
2024-07-26 10:08:41,38300.0,2000,Sell,226618736
2024-07-26 10:08:41,38300.0,3900,Sell,226618735
2024-07-26 10:08:41,38300.0,100,Sell,226618733
2024-07-26 10:08:41,38300.0,500,Sell,226618731
2024-07-26 10:08:41,38300.0,200,Sell,226618734
2024-07-26 10:08:41,38300.0,100,Sell,226618732
2024-07-26 10:08:41,38300.0,100,Sell,226618724
2024-07-26 10:08:41,38300.0,200,Sell,226618725
2024-07-26 10:08:41,38300.0,5000,Sell,226618726
2024-07-26 10:08:41,38300.0,100,Sell,226618730
2024-07-26 10:08:41,38300.0,100,Sell,226618728
2024-07-26 10:08:41,38300.0,1000,Sell,226618729
2024-07-26 10:08:41,38300.0,100,Sell,226618727
2024-07-26 10:08:53,38300.0,100,Sell,226618918
2024-07-26 10:10:10,38300.0,400,Sell,226620271
2024-07-26 10:10:10,38300.0,200,Sell,226620272
2024-07-26 10:10:10,38300.0,100,Sell,226620273
2024-07-26 10:10:10,38300.0,100,Sell,226620274
2024-07-26 10:10:10,38300.0,200,Sell,226620275
2024-07-26 10:10:26,38300.0,100,Sell,226620459
2024-07-26 10:10:26,38300.0,500,Sell,226620460
2024-07-26 10:10:26,38300.0,100,Sell,226620461
2024-07-26 10:10:26,38300.0,200,Sell,226620462
2024-07-26 10:10:40,38300.0,100,Buy,226620634
2024-07-26 10:10:57,38350.0,100,Buy,226620863
2024-07-26 10:11:17,38350.0,1900,Sell,226621117
2024-07-26 10:12:18,38350.0,100,Buy,226622277
2024-07-26 10:12:19,38300.0,100,Sell,226622307
2024-07-26 10:13:31,38300.0,400,Sell,226623369
2024-07-26 10:13:31,38300.0,200,Sell,226623370
2024-07-26 10:13:31,38300.0,1000,Sell,226623371
2024-07-26 10:13:31,38300.0,1400,Sell,226623372
2024-07-26 10:14:28,38300.0,100,Sell,226624695
2024-07-26 10:14:28,38300.0,500,Sell,226624697
2024-07-26 10:14:28,38300.0,200,Sell,226624698
2024-07-26 10:14:28,38300.0,400,Sell,226624696
2024-07-26 10:14:46,38300.0,500,Buy,226624921
2024-07-26 10:15:18,38300.0,200,Buy,226625425
2024-07-26 10:15:29,38300.0,500,Buy,226625605
2024-07-26 10:15:32,38300.0,600,Buy,226625665
2024-07-26 10:16:20,38300.0,3000,Sell,226626397
2024-07-26 10:17:37,38300.0,100,Sell,226627612
2024-07-26 10:17:37,38300.0,1400,Sell,226627611
2024-07-26 10:18:23,38300.0,1000,Buy,226628179
2024-07-26 10:18:44,38300.0,500,Buy,226628386
2024-07-26 10:19:50,38250.0,200,Sell,226629280
2024-07-26 10:21:14,38250.0,100,Sell,226630618
2024-07-26 10:21:41,38300.0,200,Buy,226631116
2024-07-26 10:24:04,38300.0,100,Buy,226633306
2024-07-26 10:25:47,38300.0,200,Buy,226634794
2024-07-26 10:26:55,38300.0,500,Buy,226635837
2024-07-26 10:26:55,38300.0,100,Buy,226635838
2024-07-26 10:27:09,38300.0,500,Buy,226635983
2024-07-26 10:27:16,38300.0,200,Buy,226636086
2024-07-26 10:27:21,38300.0,100,Buy,226636143
2024-07-26 10:27:34,38250.0,200,Sell,226636282
2024-07-26 10:27:34,38250.0,800,Sell,226636283
2024-07-26 10:27:34,38250.0,1000,Sell,226636284
2024-07-26 10:27:34,38250.0,3000,Sell,226636285
2024-07-26 10:29:41,38250.0,100,Sell,226638160
2024-07-26 10:30:25,38250.0,200,Sell,226638656
2024-07-26 10:30:25,38250.0,400,Sell,226638657
2024-07-26 10:30:44,38250.0,1000,Sell,226638849
2024-07-26 10:30:59,38250.0,100,Sell,226639079
2024-07-26 10:31:18,38250.0,200,Sell,226639421
2024-07-26 10:31:38,38250.0,200,Sell,226639677
2024-07-26 10:32:08,38300.0,100,Buy,226640098
2024-07-26 10:32:20,38250.0,500,Sell,226640308
2024-07-26 10:32:20,38250.0,200,Sell,226640309
2024-07-26 10:32:20,38250.0,1000,Sell,226640310
2024-07-26 10:32:20,38250.0,100,Sell,226640311
2024-07-26 10:32:20,38250.0,100,Sell,226640314
2024-07-26 10:32:20,38250.0,2400,Sell,226640313
2024-07-26 10:32:20,38250.0,500,Sell,226640315
2024-07-26 10:32:20,38250.0,200,Sell,226640316
2024-07-26 10:32:20,38250.0,2800,Sell,226640317
2024-07-26 10:32:20,38250.0,100,Sell,226640312
2024-07-26 10:32:20,38250.0,100,Sell,226640307
2024-07-26 10:32:20,38250.0,1000,Sell,226640306
2024-07-26 10:32:20,38250.0,200,Sell,226640304
2024-07-26 10:32:20,38250.0,600,Sell,226640295
2024-07-26 10:32:20,38250.0,100,Sell,226640296
2024-07-26 10:32:20,38250.0,100,Sell,226640297
2024-07-26 10:32:20,38250.0,200,Sell,226640298
2024-07-26 10:32:20,38250.0,200,Sell,226640305
2024-07-26 10:32:20,38250.0,100,Sell,226640300
2024-07-26 10:32:20,38250.0,3000,Sell,226640303
2024-07-26 10:32:20,38250.0,100,Sell,226640299
2024-07-26 10:32:20,38250.0,200,Sell,226640301
2024-07-26 10:32:20,38250.0,200,Sell,226640302
2024-07-26 10:32:28,38250.0,200,Sell,226640403
2024-07-26 10:32:32,38250.0,100,Buy,226640478
2024-07-26 10:32:32,38250.0,100,Buy,226640479
2024-07-26 10:32:33,38250.0,100,Sell,226640488
2024-07-26 10:32:38,38250.0,1000,Buy,226640620
2024-07-26 10:32:39,38250.0,200,Buy,226640633
2024-07-26 10:32:58,38250.0,500,Buy,226640867
2024-07-26 10:32:59,38200.0,100,Sell,226640874
2024-07-26 10:33:00,38250.0,700,Buy,226640882
2024-07-26 10:35:22,38300.0,100,Buy,226643037
2024-07-26 10:35:22,38300.0,100,Buy,226643038
2024-07-26 10:35:22,38300.0,100,Buy,226643039
2024-07-26 10:36:04,38300.0,100,Buy,226643681
2024-07-26 10:36:04,38300.0,100,Buy,226643682
2024-07-26 10:36:04,38300.0,200,Buy,226643683
2024-07-26 10:36:18,38350.0,200,Buy,226643908
2024-07-26 10:36:36,38300.0,100,Sell,226644215
2024-07-26 10:38:09,38300.0,400,Sell,226645394
2024-07-26 10:38:19,38300.0,100,Sell,226645498
2024-07-26 10:38:19,38300.0,200,Sell,226645499
2024-07-26 10:39:15,38300.0,200,Sell,226646159
2024-07-26 10:39:15,38300.0,4000,Sell,226646160
2024-07-26 10:40:15,38300.0,3000,Buy,226646988
2024-07-26 10:40:31,38300.0,200,Buy,226647253
2024-07-26 10:42:56,38250.0,300,Sell,226649705
2024-07-26 10:42:56,38250.0,300,Sell,226649706
2024-07-26 10:42:56,38250.0,700,Sell,226649707
2024-07-26 10:42:56,38250.0,200,Sell,226649708
2024-07-26 10:42:56,38250.0,3500,Sell,226649709
2024-07-26 10:44:51,38300.0,200,Buy,226651398
2024-07-26 10:46:25,38300.0,100,Buy,226652554
2024-07-26 10:47:01,38300.0,300,Buy,226653018
2024-07-26 10:47:29,38300.0,200,Buy,226653390
2024-07-26 10:47:39,38300.0,1000,Buy,226653598
2024-07-26 10:47:54,38300.0,100,Buy,226653786
2024-07-26 10:48:14,38300.0,500,Buy,226654020
2024-07-26 10:49:26,38300.0,200,Buy,226655246
2024-07-26 10:49:26,38300.0,100,Buy,226655247
2024-07-26 10:49:26,38300.0,200,Buy,226655248
2024-07-26 10:49:31,38300.0,800,Buy,226655326
2024-07-26 10:49:31,38300.0,100,Buy,226655327
2024-07-26 10:49:41,38300.0,500,Buy,226655532
2024-07-26 10:49:51,38300.0,100,Buy,226655686
2024-07-26 10:50:02,38300.0,300,Buy,226655891
2024-07-26 10:50:14,38300.0,300,Buy,226656112
2024-07-26 10:50:15,38300.0,100,Buy,226656118
2024-07-26 10:51:02,38300.0,1300,Buy,226656816
2024-07-26 10:52:04,38300.0,600,Buy,226657895
2024-07-26 10:52:50,38300.0,100,Buy,226658465
2024-07-26 10:53:50,38300.0,100,Buy,226659311
2024-07-26 10:53:50,38300.0,300,Buy,226659312
2024-07-26 10:53:50,38300.0,1600,Buy,226659310
2024-07-26 10:54:08,38300.0,100,Buy,226659564
2024-07-26 10:54:09,38300.0,600,Buy,226659600
2024-07-26 10:54:09,38300.0,200,Buy,226659601
2024-07-26 10:54:16,38300.0,800,Buy,226659671
2024-07-26 10:54:16,38300.0,100,Buy,226659672
2024-07-26 10:54:16,38300.0,200,Buy,226659673
2024-07-26 10:54:16,38300.0,200,Buy,226659674
2024-07-26 10:54:16,38300.0,900,Buy,226659675
2024-07-26 10:54:40,38300.0,1100,Buy,226659981
2024-07-26 10:54:40,38300.0,300,Buy,226659982
2024-07-26 10:55:01,38300.0,1500,Buy,226660283
2024-07-26 10:55:06,38300.0,400,Buy,226660332
2024-07-26 10:55:14,38300.0,700,Buy,226660436
2024-07-26 10:55:14,38300.0,2000,Buy,226660427
2024-07-26 10:55:14,38300.0,800,Buy,226660435
2024-07-26 10:55:29,38300.0,100,Buy,226660644
2024-07-26 10:56:38,38300.0,1000,Buy,226661584
2024-07-26 10:57:03,38250.0,500,Sell,226661878
2024-07-26 10:57:35,38250.0,1700,Sell,226662213
2024-07-26 10:57:41,38300.0,100,Buy,226662284
2024-07-26 10:59:10,38250.0,300,Sell,226663390
2024-07-26 10:59:10,38250.0,200,Sell,226663391
2024-07-26 10:59:24,38250.0,100,Sell,226663557
2024-07-26 10:59:24,38250.0,100,Sell,226663558
2024-07-26 10:59:25,38300.0,100,Buy,226663573
2024-07-26 10:59:25,38250.0,500,Sell,226663574
2024-07-26 10:59:25,38250.0,100,Sell,226663575
2024-07-26 10:59:25,38250.0,400,Sell,226663576
2024-07-26 11:01:26,38250.0,500,Sell,226665230
2024-07-26 11:01:51,38250.0,3000,Sell,226665598
2024-07-26 11:03:38,38250.0,100,Sell,226667175
2024-07-26 11:04:17,38250.0,1000,Sell,226667756
2024-07-26 11:04:17,38250.0,1000,Sell,226667755
2024-07-26 11:05:05,38250.0,200,Sell,226668421
2024-07-26 11:05:17,38250.0,3800,Sell,226668571
2024-07-26 11:05:17,38250.0,100,Sell,226668572
2024-07-26 11:05:47,38300.0,800,Buy,226669141
2024-07-26 11:05:47,38300.0,200,Buy,226669142
2024-07-26 11:05:49,38250.0,3600,Sell,226669188
2024-07-26 11:06:00,38250.0,1300,Sell,226669760
2024-07-26 11:06:00,38250.0,5900,Sell,226669761
2024-07-26 11:06:01,38250.0,200,Sell,226669783
2024-07-26 11:06:04,38250.0,3900,Sell,226669808
2024-07-26 11:06:04,38250.0,3300,Sell,226669809
2024-07-26 11:06:16,38250.0,5000,Sell,226670000
2024-07-26 11:07:01,38250.0,300,Sell,226670649
2024-07-26 11:07:28,38250.0,500,Sell,226671401
2024-07-26 11:09:33,38250.0,100,Sell,226673431
2024-07-26 11:09:33,38250.0,900,Sell,226673430
2024-07-26 11:10:01,38250.0,400,Sell,226673877
2024-07-26 11:10:01,38250.0,100,Sell,226673878
2024-07-26 11:10:04,38250.0,400,Sell,226673928
2024-07-26 11:10:04,38250.0,100,Sell,226673929
2024-07-26 11:10:04,38250.0,1000,Sell,226673930
2024-07-26 11:10:04,38250.0,100,Sell,226673931
2024-07-26 11:10:04,38250.0,100,Sell,226673932
2024-07-26 11:10:04,38250.0,300,Sell,226673933
2024-07-26 11:10:04,38250.0,900,Sell,226673934
2024-07-26 11:10:04,38250.0,100,Sell,226673935
2024-07-26 11:10:05,38250.0,400,Sell,226673944
2024-07-26 11:10:05,38250.0,200,Sell,226673945
2024-07-26 11:10:05,38250.0,100,Sell,226673946
2024-07-26 11:11:04,38250.0,500,Buy,226674633
2024-07-26 11:11:04,38250.0,1000,Sell,226674637
2024-07-26 11:11:06,38200.0,100,Sell,226674654
2024-07-26 11:11:07,38200.0,400,Sell,226674665
2024-07-26 11:11:07,38200.0,100,Sell,226674664
2024-07-26 11:11:07,38200.0,1000,Sell,226674663
2024-07-26 11:12:24,38200.0,600,Sell,226675612
2024-07-26 11:12:24,38200.0,500,Sell,226675613
2024-07-26 11:12:24,38200.0,400,Sell,226675614
2024-07-26 11:12:42,38200.0,100,Sell,226675864
2024-07-26 11:12:42,38200.0,100,Sell,226675865
2024-07-26 11:12:42,38200.0,500,Sell,226675866
2024-07-26 11:12:42,38200.0,400,Sell,226675867
2024-07-26 11:12:42,38200.0,1600,Sell,226675868
2024-07-26 11:13:00,38250.0,400,Buy,226676109
2024-07-26 11:13:00,38250.0,600,Buy,226676110
2024-07-26 11:15:30,38250.0,200,Buy,226677826
2024-07-26 11:15:44,38250.0,100,Buy,226677992
2024-07-26 11:16:11,38250.0,100,Buy,226678241
2024-07-26 11:17:21,38200.0,500,Sell,226679054
2024-07-26 11:18:03,38200.0,100,Sell,226679559
2024-07-26 11:25:04,38250.0,400,Sell,226684001
2024-07-26 11:25:15,38250.0,500,Buy,226684089
2024-07-26 11:25:23,38250.0,100,Buy,226684157
2024-07-26 11:26:07,38300.0,100,Buy,226684819
2024-07-26 11:26:07,38300.0,300,Buy,226684818
2024-07-26 11:28:32,38250.0,100,Sell,226686563
2024-07-26 11:28:41,38250.0,400,Buy,226686666
2024-07-26 11:29:07,38250.0,600,Sell,226687152
2024-07-26 11:29:07,38200.0,800,Sell,226687154
2024-07-26 11:29:07,38200.0,200,Sell,226687155
2024-07-26 11:29:07,38200.0,500,Sell,226687156
2024-07-26 11:29:07,38200.0,100,Sell,226687157
2024-07-26 11:29:07,38200.0,100,Sell,226687158
2024-07-26 11:29:07,38200.0,300,Sell,226687159
2024-07-26 11:29:07,38200.0,100,Sell,226687160
2024-07-26 11:29:07,38200.0,200,Sell,226687161
2024-07-26 11:29:07,38200.0,100,Sell,226687162
2024-07-26 12:59:37,38200.0,1000,Sell,226687576
2024-07-26 12:59:37,38200.0,100,Sell,226687716
2024-07-26 12:59:39,38200.0,200,Sell,226688323
2024-07-26 12:59:39,38200.0,1000,Sell,226688322
2024-07-26 12:59:39,38200.0,2000,Sell,226688321
2024-07-26 12:59:40,38200.0,2600,Sell,226688585
2024-07-26 12:59:40,38200.0,3000,Sell,226688587
2024-07-26 12:59:41,38200.0,100,Sell,226688882
2024-07-26 12:59:41,38200.0,400,Sell,226688883
2024-07-26 12:59:41,38200.0,100,Sell,226688884
2024-07-26 12:59:42,38200.0,100,Sell,226689254
2024-07-26 12:59:42,38200.0,500,Sell,226689255
2024-07-26 12:59:42,38200.0,800,Sell,226689256
2024-07-26 12:59:42,38200.0,100,Sell,226689257
2024-07-26 12:59:42,38200.0,1000,Sell,226689258
2024-07-26 12:59:43,38150.0,1000,Sell,226689752
2024-07-26 12:59:43,38150.0,1000,Sell,226689751
2024-07-26 12:59:43,38150.0,400,Sell,226689748
2024-07-26 12:59:43,38150.0,500,Sell,226689750
2024-07-26 12:59:43,38150.0,1600,Sell,226689746
2024-07-26 12:59:43,38150.0,1100,Sell,226689747
2024-07-26 12:59:43,38200.0,1300,Buy,226689487
2024-07-26 12:59:43,38150.0,100,Sell,226689749
2024-07-26 12:59:43,38150.0,400,Sell,226689489
2024-07-26 12:59:43,38150.0,200,Sell,226689488
2024-07-26 12:59:44,38150.0,4000,Sell,226690044
2024-07-26 12:59:45,38150.0,1000,Buy,226690154
2024-07-26 12:59:47,38150.0,100,Buy,226690571
2024-07-26 12:59:53,38150.0,100,Buy,226691316
2024-07-26 13:00:11,38150.0,800,Buy,226692282
2024-07-26 13:00:11,38150.0,400,Buy,226692283
2024-07-26 13:00:11,38150.0,300,Buy,226692284
2024-07-26 13:00:14,38100.0,5000,Sell,226692325
2024-07-26 13:00:14,38100.0,500,Sell,226692323
2024-07-26 13:00:14,38100.0,100,Sell,226692322
2024-07-26 13:00:14,38100.0,5000,Sell,226692324
2024-07-26 13:00:14,38100.0,500,Sell,226692320
2024-07-26 13:00:14,38100.0,100,Sell,226692321
2024-07-26 13:00:14,38100.0,100,Sell,226692319
2024-07-26 13:00:14,38100.0,500,Sell,226692318
2024-07-26 13:00:51,38100.0,300,Sell,226692936
2024-07-26 13:00:53,38100.0,2000,Sell,226692964
2024-07-26 13:01:00,38100.0,400,Sell,226693104
2024-07-26 13:01:57,38050.0,500,Sell,226694442
2024-07-26 13:02:31,38050.0,200,Sell,226695145
2024-07-26 13:02:31,38050.0,100,Sell,226695146
2024-07-26 13:02:35,38050.0,100,Sell,226695234
2024-07-26 13:02:35,38050.0,400,Sell,226695233
2024-07-26 13:02:37,38050.0,100,Sell,226695259
2024-07-26 13:02:37,38050.0,100,Sell,226695260
2024-07-26 13:02:37,38050.0,100,Sell,226695261
2024-07-26 13:02:37,38050.0,200,Sell,226695262
2024-07-26 13:02:44,38050.0,100,Buy,226695440
2024-07-26 13:02:58,38050.0,300,Buy,226695721
2024-07-26 13:03:07,38000.0,500,Sell,226695969
2024-07-26 13:03:07,38000.0,100,Sell,226695970
2024-07-26 13:03:07,38000.0,100,Sell,226695968
2024-07-26 13:03:07,38050.0,100,Buy,226695958
2024-07-26 13:03:07,38000.0,100,Sell,226695967
2024-07-26 13:03:19,38000.0,200,Sell,226696286
2024-07-26 13:03:19,38000.0,100,Sell,226696288
2024-07-26 13:03:19,38000.0,500,Sell,226696269
2024-07-26 13:03:19,38000.0,200,Sell,226696287
2024-07-26 13:03:22,38000.0,800,Sell,226696344
2024-07-26 13:03:23,38000.0,100,Sell,226696372
2024-07-26 13:04:02,38050.0,300,Buy,226697211
2024-07-26 13:04:02,38050.0,2000,Buy,226697212
2024-07-26 13:04:02,38050.0,1000,Buy,226697213
2024-07-26 13:04:02,38050.0,500,Buy,226697214
2024-07-26 13:05:35,38100.0,600,Buy,226699190
2024-07-26 13:05:55,38100.0,500,Sell,226699605
2024-07-26 13:06:28,38100.0,100,Buy,226700257
2024-07-26 13:07:31,38100.0,100,Sell,226701573
2024-07-26 13:07:41,38150.0,100,Buy,226701804
2024-07-26 13:08:10,38100.0,1800,Sell,226702428
2024-07-26 13:08:10,38100.0,1500,Sell,226702429
2024-07-26 13:08:10,38100.0,400,Sell,226702430
2024-07-26 13:08:10,38100.0,1900,Sell,226702431
2024-07-26 13:08:10,38100.0,1000,Sell,226702432
2024-07-26 13:08:12,38100.0,1600,Buy,226702480
2024-07-26 13:08:50,38100.0,300,Buy,226703106
2024-07-26 13:08:54,38050.0,200,Sell,226703173
2024-07-26 13:09:28,38050.0,800,Sell,226704186
2024-07-26 13:09:46,38100.0,100,Buy,226704593
2024-07-26 13:10:05,38100.0,1400,Buy,226704983
2024-07-26 13:10:05,38100.0,600,Buy,226704984
2024-07-26 13:10:05,38100.0,100,Buy,226704985
2024-07-26 13:10:09,38050.0,200,Sell,226705179
2024-07-26 13:10:09,38050.0,100,Sell,226705180
2024-07-26 13:10:09,38050.0,100,Sell,226705181
2024-07-26 13:10:09,38050.0,500,Sell,226705182
2024-07-26 13:10:17,38050.0,2000,Sell,226705330
2024-07-26 13:10:21,38000.0,1200,Sell,226705521
2024-07-26 13:10:21,38000.0,100,Sell,226705522
2024-07-26 13:10:21,38000.0,100,Sell,226705523
2024-07-26 13:10:21,38000.0,100,Sell,226705524
2024-07-26 13:10:21,38000.0,10000,Sell,226705525
2024-07-26 13:10:21,38000.0,5000,Sell,226705529
2024-07-26 13:10:21,38000.0,1000,Sell,226705527
2024-07-26 13:10:21,38000.0,500,Sell,226705528
2024-07-26 13:10:21,38000.0,100,Sell,226705520
2024-07-26 13:10:21,38000.0,200,Sell,226705530
2024-07-26 13:10:21,38000.0,200,Sell,226705526
2024-07-26 13:10:21,38000.0,500,Sell,226705519
2024-07-26 13:10:21,38050.0,100,Sell,226705506
2024-07-26 13:10:21,38000.0,2000,Sell,226705517
2024-07-26 13:10:21,38000.0,100,Sell,226705518
2024-07-26 13:10:21,38050.0,2000,Sell,226705508
2024-07-26 13:10:21,38050.0,600,Sell,226705509
2024-07-26 13:10:21,38000.0,500,Sell,226705510
2024-07-26 13:10:21,38000.0,200,Sell,226705511
2024-07-26 13:10:21,38050.0,100,Sell,226705507
2024-07-26 13:10:21,38000.0,100,Sell,226705513
2024-07-26 13:10:21,38000.0,1000,Sell,226705514
2024-07-26 13:10:21,38000.0,100,Sell,226705515
2024-07-26 13:10:21,38000.0,100,Sell,226705516
2024-07-26 13:10:21,38000.0,10000,Sell,226705512
2024-07-26 13:10:21,38050.0,1500,Sell,226705505
2024-07-26 13:10:54,38100.0,100,Buy,226706338
2024-07-26 13:10:55,38000.0,100,Sell,226706356
2024-07-26 13:10:55,38000.0,100,Sell,226706357
2024-07-26 13:10:55,38000.0,100,Sell,226706358
2024-07-26 13:10:55,38000.0,200,Sell,226706359
2024-07-26 13:10:55,38000.0,100,Sell,226706365
2024-07-26 13:11:09,38000.0,200,Sell,226706694
2024-07-26 13:11:22,38000.0,100,Sell,226707074
2024-07-26 13:11:23,38000.0,900,Sell,226707084
2024-07-26 13:11:23,38000.0,100,Sell,226707085
2024-07-26 13:11:36,38000.0,100,Sell,226707365
2024-07-26 13:11:57,38050.0,100,Buy,226707837
2024-07-26 13:12:14,38050.0,200,Buy,226708195
2024-07-26 13:12:21,38050.0,100,Buy,226708343
2024-07-26 13:13:36,38000.0,100,Sell,226710248
2024-07-26 13:13:40,38000.0,700,Sell,226710344
2024-07-26 13:13:41,38000.0,100,Sell,226710358
2024-07-26 13:13:41,38000.0,100,Sell,226710357
2024-07-26 13:13:41,38000.0,100,Sell,226710356
2024-07-26 13:13:41,38000.0,500,Sell,226710355
2024-07-26 13:13:41,38000.0,3000,Sell,226710354
2024-07-26 13:13:41,38000.0,100,Sell,226710353
2024-07-26 13:13:41,38000.0,200,Sell,226710345
2024-07-26 13:13:41,38000.0,100,Sell,226710351
2024-07-26 13:13:41,38000.0,100,Sell,226710350
2024-07-26 13:13:41,38000.0,600,Sell,226710349
2024-07-26 13:13:41,38000.0,1000,Sell,226710348
2024-07-26 13:13:41,38000.0,800,Sell,226710347
2024-07-26 13:13:41,38000.0,100,Sell,226710346
2024-07-26 13:13:41,38000.0,200,Sell,226710352
2024-07-26 13:14:26,38000.0,200,Buy,226711372
2024-07-26 13:14:26,38000.0,300,Buy,226711373
2024-07-26 13:14:41,38000.0,200,Buy,226711682
2024-07-26 13:15:02,38000.0,100,Sell,226712255
2024-07-26 13:15:09,38050.0,600,Buy,226712451
2024-07-26 13:15:09,38050.0,400,Buy,226712452
2024-07-26 13:15:39,38050.0,500,Buy,226713279
2024-07-26 13:15:56,38050.0,100,Buy,226713646
2024-07-26 13:15:59,38050.0,400,Buy,226713720
2024-07-26 13:15:59,38050.0,100,Buy,226713721
2024-07-26 13:16:24,38000.0,100,Sell,226714372
2024-07-26 13:16:44,38000.0,600,Sell,226714994
2024-07-26 13:16:44,38000.0,100,Sell,226714995
2024-07-26 13:16:44,38000.0,100,Sell,226714996
2024-07-26 13:16:44,38000.0,200,Sell,226714997
2024-07-26 13:16:51,38000.0,600,Sell,226715150
2024-07-26 13:16:51,38000.0,300,Sell,226715148
2024-07-26 13:16:51,38000.0,100,Sell,226715149
2024-07-26 13:17:32,38000.0,200,Sell,226716280
2024-07-26 13:17:51,38000.0,400,Sell,226716768
2024-07-26 13:18:04,38000.0,100,Sell,226717242
2024-07-26 13:18:04,38000.0,300,Sell,226717241
2024-07-26 13:18:04,38000.0,2600,Sell,226717240
2024-07-26 13:18:04,38000.0,100,Sell,226717239
2024-07-26 13:18:04,38000.0,800,Sell,226717234
2024-07-26 13:18:04,38000.0,1000,Sell,226717237
2024-07-26 13:18:04,38000.0,400,Sell,226717236
2024-07-26 13:18:04,38000.0,500,Sell,226717235
2024-07-26 13:18:04,38000.0,200,Sell,226717238
2024-07-26 13:18:11,38000.0,400,Sell,226717373
2024-07-26 13:18:11,38000.0,300,Sell,226717375
2024-07-26 13:18:11,38000.0,100,Sell,226717376
2024-07-26 13:18:11,38000.0,500,Sell,226717377
2024-07-26 13:18:32,37950.0,400,Sell,226717839
2024-07-26 13:18:32,37950.0,500,Sell,226717837
2024-07-26 13:18:32,37950.0,300,Sell,226717836
2024-07-26 13:18:32,37950.0,1500,Sell,226717838
2024-07-26 13:18:32,37950.0,100,Sell,226717834
2024-07-26 13:18:32,37950.0,2000,Sell,226717833
2024-07-26 13:18:32,37950.0,100,Sell,226717832
2024-07-26 13:18:32,37950.0,100,Sell,226717835
2024-07-26 13:18:37,38000.0,200,Buy,226717938
2024-07-26 13:18:46,38000.0,1000,Sell,226718115
2024-07-26 13:18:46,38000.0,500,Sell,226718116
2024-07-26 13:19:02,38050.0,500,Buy,226718516
2024-07-26 13:19:09,38000.0,200,Sell,226718641
2024-07-26 13:19:20,38050.0,400,Buy,226719025
2024-07-26 13:19:20,38050.0,600,Buy,226719026
2024-07-26 13:19:51,38050.0,500,Buy,226719742
2024-07-26 13:19:59,38050.0,100,Buy,226719997
2024-07-26 13:20:00,38050.0,300,Buy,226720057
2024-07-26 13:20:00,38050.0,1700,Buy,226720058
2024-07-26 13:20:07,38050.0,500,Buy,226720349
2024-07-26 13:20:07,38050.0,500,Buy,226720348
2024-07-26 13:20:33,38050.0,2000,Sell,226721050
2024-07-26 13:20:49,38050.0,500,Buy,226721397
2024-07-26 13:22:04,38100.0,500,Buy,226723775
2024-07-26 13:22:08,38100.0,500,Buy,226723997
2024-07-26 13:22:12,38100.0,800,Buy,226724106
2024-07-26 13:22:12,38100.0,2000,Buy,226724107
2024-07-26 13:22:12,38100.0,200,Buy,226724108
2024-07-26 13:22:12,38100.0,100,Buy,226724109
2024-07-26 13:22:12,38100.0,200,Buy,226724110
2024-07-26 13:22:12,38100.0,200,Buy,226724111
2024-07-26 13:22:12,38100.0,100,Buy,226724112
2024-07-26 13:22:35,38100.0,300,Sell,226724736
2024-07-26 13:22:45,38150.0,900,Buy,226725015
2024-07-26 13:22:45,38150.0,100,Buy,226725016
2024-07-26 13:22:45,38150.0,100,Buy,226725017
2024-07-26 13:23:10,38200.0,200,Buy,226725656
2024-07-26 13:23:21,38200.0,100,Buy,226726044
2024-07-26 13:23:46,38150.0,200,Sell,226726727
2024-07-26 13:23:46,38150.0,200,Sell,226726726
2024-07-26 13:23:47,38250.0,600,Buy,226726757
2024-07-26 13:23:47,38250.0,100,Buy,226726756
2024-07-26 13:23:47,38200.0,100,Buy,226726755
2024-07-26 13:23:47,38150.0,100,Buy,226726748
2024-07-26 13:23:47,38200.0,200,Buy,226726753
2024-07-26 13:23:47,38200.0,2500,Buy,226726749
2024-07-26 13:23:47,38200.0,200,Buy,226726754
2024-07-26 13:23:52,38200.0,1000,Sell,226726912
2024-07-26 13:24:16,38150.0,100,Buy,226727646
2024-07-26 13:24:27,38150.0,100,Buy,226727951
2024-07-26 13:24:46,38150.0,100,Buy,226728405
2024-07-26 13:24:49,38100.0,100,Sell,226728514
2024-07-26 13:24:49,38100.0,5000,Sell,226728515
2024-07-26 13:24:49,38100.0,4300,Sell,226728516
2024-07-26 13:24:51,38150.0,100,Buy,226728570
2024-07-26 13:24:51,38150.0,200,Buy,226728569
2024-07-26 13:25:02,38100.0,900,Sell,226728861
2024-07-26 13:25:02,38100.0,700,Sell,226728860
2024-07-26 13:25:12,38050.0,300,Sell,226729045
2024-07-26 13:25:15,38100.0,100,Buy,226729120
2024-07-26 13:25:15,38100.0,400,Buy,226729119
2024-07-26 13:25:38,38100.0,700,Buy,226729789
2024-07-26 13:25:40,38100.0,2000,Buy,226729877
2024-07-26 13:25:40,38100.0,300,Buy,226729886
2024-07-26 13:25:47,38100.0,100,Buy,226730148
2024-07-26 13:26:01,38100.0,100,Buy,226730512
2024-07-26 13:26:15,38100.0,400,Buy,226730825
2024-07-26 13:26:26,38050.0,200,Sell,226731081
2024-07-26 13:26:26,38050.0,300,Sell,226731082
2024-07-26 13:26:41,38050.0,100,Sell,226731465
2024-07-26 13:27:22,38100.0,100,Buy,226732335
2024-07-26 13:27:43,38050.0,500,Sell,226732790
2024-07-26 13:27:43,38050.0,2800,Sell,226732791
2024-07-26 13:27:43,38050.0,100,Sell,226732788
2024-07-26 13:27:43,38050.0,1000,Sell,226732789
2024-07-26 13:27:43,38050.0,600,Sell,226732787
2024-07-26 13:28:11,38100.0,100,Buy,226733327
2024-07-26 13:28:12,38050.0,500,Sell,226733336
2024-07-26 13:28:18,38050.0,100,Sell,226733488
2024-07-26 13:28:20,38050.0,100,Sell,226733551
2024-07-26 13:28:20,38050.0,100,Sell,226733552
2024-07-26 13:28:20,38050.0,300,Sell,226733553
2024-07-26 13:28:20,38050.0,300,Sell,226733554
2024-07-26 13:28:20,38050.0,200,Sell,226733555
2024-07-26 13:28:53,38050.0,500,Buy,226734236
2024-07-26 13:29:32,38050.0,700,Buy,226735012
2024-07-26 13:29:36,38050.0,4900,Buy,226735088
2024-07-26 13:29:36,38050.0,1500,Buy,226735089
2024-07-26 13:30:03,38050.0,200,Sell,226735637
2024-07-26 13:30:51,38050.0,1000,Sell,226736592
2024-07-26 13:31:51,38100.0,200,Buy,226737774
2024-07-26 13:32:03,38100.0,500,Buy,226737998
2024-07-26 13:32:16,38100.0,200,Buy,226738297
2024-07-26 13:33:07,38100.0,400,Buy,226739220
2024-07-26 13:33:12,38100.0,1000,Buy,226739316
2024-07-26 13:33:31,38100.0,100,Buy,226739693
2024-07-26 13:33:57,38100.0,400,Buy,226740221
2024-07-26 13:34:20,38050.0,1000,Sell,226740755
2024-07-26 13:34:20,38100.0,200,Buy,226740748
2024-07-26 13:34:28,38050.0,5000,Sell,226740991
2024-07-26 13:34:44,38050.0,2000,Sell,226741218
2024-07-26 13:35:07,38100.0,100,Buy,226741639
2024-07-26 13:35:07,38100.0,100,Sell,226741650
2024-07-26 13:35:24,38150.0,1500,Buy,226741959
2024-07-26 13:35:24,38200.0,1000,Buy,226741960
2024-07-26 13:35:24,38200.0,200,Buy,226741961
2024-07-26 13:35:24,38200.0,300,Buy,226741962
2024-07-26 13:35:24,38200.0,2000,Buy,226741963
2024-07-26 13:36:16,38150.0,200,Sell,226743356
2024-07-26 13:36:27,38150.0,4000,Buy,226743544
2024-07-26 13:36:47,38150.0,800,Buy,226743989
2024-07-26 13:36:47,38150.0,500,Buy,226743990
2024-07-26 13:36:47,38200.0,1000,Buy,226743991
2024-07-26 13:36:51,38200.0,1700,Sell,226744077
2024-07-26 13:37:14,38200.0,1700,Buy,226744571
2024-07-26 13:37:26,38200.0,1300,Sell,226744851
2024-07-26 13:37:46,38200.0,300,Buy,226745216
2024-07-26 13:37:46,38200.0,200,Buy,226745217
2024-07-26 13:38:26,38150.0,400,Buy,226745990
2024-07-26 13:38:28,38150.0,1000,Buy,226746027
2024-07-26 13:39:06,38150.0,1000,Buy,226747034
2024-07-26 13:40:01,38150.0,100,Buy,226748359
2024-07-26 13:40:08,38100.0,100,Sell,226748611
2024-07-26 13:40:14,38150.0,200,Buy,226748731
2024-07-26 13:40:55,38150.0,100,Buy,226749717
2024-07-26 13:40:55,38150.0,900,Buy,226749718
2024-07-26 13:41:27,38100.0,500,Sell,226750666
2024-07-26 13:41:27,38100.0,1100,Sell,226750667
2024-07-26 13:41:28,38100.0,12400,Sell,226750683
2024-07-26 13:41:31,38100.0,200,Sell,226750774
2024-07-26 13:41:31,38100.0,800,Sell,226750773
2024-07-26 13:41:31,38100.0,1000,Sell,226750772
2024-07-26 13:41:31,38100.0,4900,Sell,226750770
2024-07-26 13:41:31,38100.0,5000,Sell,226750771
2024-07-26 13:41:58,38100.0,1600,Buy,226751399
2024-07-26 13:41:58,38100.0,100,Buy,226751398
2024-07-26 13:42:43,38100.0,500,Buy,226752586
2024-07-26 13:42:43,38100.0,300,Buy,226752587
2024-07-26 13:42:43,38100.0,200,Buy,226752588
2024-07-26 13:42:44,38100.0,200,Buy,226752610
2024-07-26 13:42:50,38050.0,1000,Sell,226752715
2024-07-26 13:42:50,38050.0,2000,Sell,226752720
2024-07-26 13:43:46,38050.0,200,Sell,226754163
2024-07-26 13:43:54,38050.0,7100,Sell,226754275
2024-07-26 13:44:01,38050.0,200,Sell,226754483
2024-07-26 13:44:27,38100.0,200,Buy,226755028
2024-07-26 13:44:33,38100.0,200,Buy,226755138
2024-07-26 13:45:41,38100.0,100,Buy,226756777
2024-07-26 13:45:41,38100.0,100,Buy,226756778
2024-07-26 13:45:48,38050.0,900,Sell,226756938
2024-07-26 13:45:48,38050.0,400,Sell,226756937
2024-07-26 13:45:48,38050.0,1000,Sell,226756936
2024-07-26 13:45:48,38050.0,200,Sell,226756932
2024-07-26 13:45:48,38050.0,100,Sell,226756934
2024-07-26 13:45:48,38050.0,100,Sell,226756933
2024-07-26 13:45:48,38050.0,100,Sell,226756935
2024-07-26 13:45:48,38050.0,2200,Sell,226756931
2024-07-26 13:46:52,38050.0,100,Sell,226758057
2024-07-26 13:47:54,38050.0,100,Sell,226759323
2024-07-26 13:47:54,38050.0,900,Sell,226759324
2024-07-26 13:48:04,38100.0,200,Buy,226759568
2024-07-26 13:48:04,38100.0,500,Buy,226759569
2024-07-26 13:48:04,38100.0,800,Buy,226759570
2024-07-26 13:48:34,38100.0,100,Buy,226760351
2024-07-26 13:48:39,38100.0,300,Buy,226760478
2024-07-26 13:48:40,38050.0,200,Sell,226760482
2024-07-26 13:49:11,38050.0,1000,Sell,226761335
2024-07-26 13:49:12,38050.0,200,Sell,226761434
2024-07-26 13:49:12,38050.0,500,Sell,226761433
2024-07-26 13:49:12,38050.0,200,Sell,226761432
2024-07-26 13:49:12,38050.0,100,Sell,226761431
2024-07-26 13:49:12,38050.0,900,Sell,226761425
2024-07-26 13:49:12,38050.0,2000,Sell,226761429
2024-07-26 13:49:12,38050.0,1000,Sell,226761426
2024-07-26 13:49:12,38050.0,200,Sell,226761430
2024-07-26 13:49:12,38050.0,1000,Sell,226761428
2024-07-26 13:49:12,38050.0,500,Sell,226761427
2024-07-26 13:49:18,38050.0,100,Sell,226761511
2024-07-26 13:49:19,38050.0,1000,Sell,226761525
2024-07-26 13:49:31,38050.0,400,Sell,226761776
2024-07-26 13:49:31,38050.0,900,Sell,226761777
2024-07-26 13:49:31,38050.0,300,Sell,226761778
2024-07-26 13:49:35,38050.0,800,Sell,226761874
2024-07-26 13:49:36,38050.0,900,Sell,226761900
2024-07-26 13:49:36,38050.0,500,Sell,226761901
2024-07-26 13:49:43,38000.0,400,Sell,226762041
2024-07-26 13:49:43,38000.0,2000,Sell,226762037
2024-07-26 13:49:43,38000.0,900,Sell,226762038
2024-07-26 13:49:43,38000.0,200,Sell,226762039
2024-07-26 13:49:43,38000.0,500,Sell,226762040
2024-07-26 13:49:50,38000.0,2900,Sell,226762182
2024-07-26 13:49:50,38000.0,100,Sell,226762181
2024-07-26 13:50:02,38000.0,200,Sell,226762368
2024-07-26 13:50:18,38000.0,1500,Sell,226762846
2024-07-26 13:50:20,38000.0,400,Sell,226762900
2024-07-26 13:50:20,38000.0,100,Sell,226762901
2024-07-26 13:50:20,38000.0,1000,Sell,226762902
2024-07-26 13:50:37,38000.0,100,Sell,226763348
2024-07-26 13:50:37,38000.0,200,Sell,226763349
2024-07-26 13:50:37,38000.0,700,Sell,226763350
2024-07-26 13:50:54,38000.0,300,Sell,226763746
2024-07-26 13:50:54,38000.0,200,Sell,226763747
2024-07-26 13:51:25,38000.0,2000,Sell,226764642
2024-07-26 13:51:25,38000.0,500,Sell,226764641
2024-07-26 13:51:25,38000.0,200,Sell,226764640
2024-07-26 13:51:25,38000.0,100,Sell,226764637
2024-07-26 13:51:25,38000.0,100,Sell,226764639
2024-07-26 13:51:25,38000.0,300,Sell,226764638
2024-07-26 13:51:25,38000.0,200,Sell,226764636
2024-07-26 13:51:25,38000.0,400,Sell,226764631
2024-07-26 13:51:25,38000.0,200,Sell,226764634
2024-07-26 13:51:25,38000.0,100,Sell,226764635
2024-07-26 13:51:25,38000.0,100,Sell,226764629
2024-07-26 13:51:25,38000.0,400,Sell,226764628
2024-07-26 13:51:25,38000.0,2000,Sell,226764632
2024-07-26 13:51:25,38000.0,100,Sell,226764630
2024-07-26 13:51:25,38000.0,100,Sell,226764633
2024-07-26 13:51:30,37950.0,100,Sell,226764770
2024-07-26 13:51:30,37950.0,500,Sell,226764771
2024-07-26 13:51:30,37950.0,100,Sell,226764772
2024-07-26 13:51:30,37950.0,100,Sell,226764773
2024-07-26 13:51:30,37950.0,2000,Sell,226764774
2024-07-26 13:51:30,37950.0,500,Sell,226764775
2024-07-26 13:51:30,37950.0,1700,Sell,226764776
2024-07-26 13:51:36,37950.0,300,Sell,226764891
2024-07-26 13:51:36,37950.0,1200,Sell,226764892
2024-07-26 13:51:37,37950.0,200,Sell,226764918
2024-07-26 13:51:37,37950.0,200,Sell,226764919
2024-07-26 13:51:37,37950.0,200,Sell,226764920
2024-07-26 13:51:37,37950.0,200,Sell,226764921
2024-07-26 13:51:37,37950.0,5800,Sell,226764917
2024-07-26 13:51:59,37950.0,100,Sell,226765419
2024-07-26 13:51:59,37950.0,100,Sell,226765420
2024-07-26 13:51:59,37950.0,800,Sell,226765421
2024-07-26 13:52:04,37950.0,200,Sell,226765499
2024-07-26 13:52:04,37950.0,100,Sell,226765500
2024-07-26 13:52:45,37950.0,100,Sell,226766812
2024-07-26 13:52:45,37950.0,100,Sell,226766810
2024-07-26 13:52:45,37950.0,200,Sell,226766809
2024-07-26 13:52:45,37950.0,1300,Sell,226766811
2024-07-26 13:53:30,37950.0,900,Sell,226767990
2024-07-26 13:53:30,37950.0,100,Sell,226767989
2024-07-26 13:53:36,37950.0,100,Sell,226768150
2024-07-26 13:53:36,37950.0,200,Sell,226768151
2024-07-26 13:53:36,37950.0,300,Sell,226768152
2024-07-26 13:53:36,37950.0,100,Sell,226768149
2024-07-26 13:54:17,37950.0,200,Sell,226769356
2024-07-26 13:54:17,37950.0,200,Sell,226769357
2024-07-26 13:54:17,37950.0,1000,Sell,226769358
2024-07-26 13:54:17,37950.0,1000,Sell,226769359
2024-07-26 13:54:17,37950.0,200,Sell,226769360
2024-07-26 13:54:17,37950.0,100,Sell,226769361
2024-07-26 13:54:20,37950.0,400,Sell,226769439
2024-07-26 13:54:20,37950.0,200,Sell,226769440
2024-07-26 13:54:32,37950.0,300,Sell,226769700
2024-07-26 13:54:32,37950.0,100,Sell,226769701
2024-07-26 13:54:32,37950.0,200,Sell,226769702
2024-07-26 13:54:49,37950.0,700,Sell,226770242
2024-07-26 13:55:04,38000.0,800,Buy,226770771
2024-07-26 13:55:18,38000.0,600,Buy,226771194
2024-07-26 13:55:24,38000.0,1300,Buy,226771480
2024-07-26 13:55:29,38000.0,100,Buy,226771677
2024-07-26 13:55:36,38000.0,400,Buy,226771841
2024-07-26 13:55:43,38000.0,200,Buy,226771952
2024-07-26 13:55:43,38000.0,200,Buy,226771953
2024-07-26 13:55:43,38000.0,800,Buy,226771954
2024-07-26 13:56:17,38000.0,300,Sell,226772801
2024-07-26 13:57:26,38000.0,1000,Sell,226775031
2024-07-26 13:57:32,38000.0,500,Sell,226775399
2024-07-26 13:57:32,38000.0,500,Sell,226775400
2024-07-26 13:57:36,38000.0,1200,Sell,226775582
2024-07-26 13:57:36,38000.0,1000,Sell,226775583
2024-07-26 13:58:06,37950.0,100,Sell,226776530
2024-07-26 13:58:07,37950.0,500,Sell,226776569
2024-07-26 13:58:07,37950.0,500,Sell,226776568
2024-07-26 13:58:20,37950.0,100,Sell,226776960
2024-07-26 13:58:23,37950.0,400,Buy,226777040
2024-07-26 13:59:21,37950.0,100,Sell,226778645
2024-07-26 13:59:21,37950.0,600,Sell,226778646
2024-07-26 13:59:29,37950.0,4000,Sell,226778865
2024-07-26 13:59:52,38000.0,200,Buy,226779480
2024-07-26 14:00:17,37950.0,5200,Sell,226780116
2024-07-26 14:00:42,37950.0,900,Sell,226780737
2024-07-26 14:01:16,37950.0,100,Sell,226781452
2024-07-26 14:01:23,37950.0,5000,Sell,226781583
2024-07-26 14:01:28,37950.0,1000,Sell,226781693
2024-07-26 14:01:31,37950.0,200,Sell,226781739
2024-07-26 14:01:31,37950.0,2900,Sell,226781748
2024-07-26 14:01:40,37950.0,2400,Sell,226781972
2024-07-26 14:01:40,37950.0,800,Sell,226781973
2024-07-26 14:01:40,37950.0,100,Sell,226781971
2024-07-26 14:01:40,37950.0,100,Sell,226781969
2024-07-26 14:01:40,37950.0,200,Sell,226781968
2024-07-26 14:01:40,37950.0,600,Sell,226781967
2024-07-26 14:01:40,37950.0,100,Sell,226781966
2024-07-26 14:01:40,37950.0,700,Sell,226781970
2024-07-26 14:02:05,37950.0,200,Sell,226782508
2024-07-26 14:02:20,38000.0,100,Buy,226782828
2024-07-26 14:02:38,37950.0,100,Sell,226783265
2024-07-26 14:02:38,37950.0,100,Sell,226783266
2024-07-26 14:02:45,37950.0,1000,Sell,226783444
2024-07-26 14:03:01,37950.0,1000,Sell,226783894
2024-07-26 14:03:52,38000.0,1200,Buy,226784992
2024-07-26 14:04:10,38000.0,100,Buy,226785394
2024-07-26 14:04:22,38000.0,100,Buy,226785662
2024-07-26 14:04:25,38000.0,2000,Buy,226785721
2024-07-26 14:04:25,38000.0,10000,Buy,226785720
2024-07-26 14:04:25,38000.0,200,Buy,226785724
2024-07-26 14:04:25,38000.0,3000,Buy,226785718
2024-07-26 14:04:25,38000.0,3000,Buy,226785719
2024-07-26 14:04:25,38000.0,1100,Buy,226785716
2024-07-26 14:04:25,38000.0,3700,Buy,226785722
2024-07-26 14:04:25,38000.0,200,Buy,226785717
2024-07-26 14:04:40,38000.0,200,Buy,226786029
2024-07-26 14:04:40,38000.0,300,Buy,226786030
2024-07-26 14:05:00,38000.0,500,Buy,226786455
2024-07-26 14:05:00,38000.0,2000,Buy,226786467
2024-07-26 14:05:01,38000.0,1000,Buy,226786471
2024-07-26 14:05:02,38000.0,100,Buy,226786506
2024-07-26 14:05:02,38000.0,100,Buy,226786507
2024-07-26 14:05:50,38000.0,300,Sell,226787527
2024-07-26 14:05:50,38000.0,700,Sell,226787528
2024-07-26 14:06:09,38100.0,1400,Buy,226787939
2024-07-26 14:06:09,38100.0,1000,Buy,226787940
2024-07-26 14:06:09,38100.0,1700,Buy,226787941
2024-07-26 14:07:18,38100.0,100,Sell,226789433
2024-07-26 14:07:35,38100.0,100,Sell,226789823
2024-07-26 14:09:10,38150.0,100,Buy,226792420
2024-07-26 14:09:10,38150.0,600,Buy,226792421
2024-07-26 14:09:10,38150.0,100,Buy,226792419
2024-07-26 14:09:10,38150.0,200,Buy,226792418
2024-07-26 14:09:28,38150.0,400,Buy,226792919
2024-07-26 14:09:28,38150.0,100,Buy,226792920
2024-07-26 14:09:31,38150.0,100,Buy,226792976
2024-07-26 14:09:31,38150.0,100,Buy,226792977
2024-07-26 14:09:45,38200.0,700,Buy,226793408
2024-07-26 14:09:52,38200.0,200,Buy,226793652
2024-07-26 14:09:53,38150.0,100,Sell,226793682
2024-07-26 14:10:06,38150.0,200,Sell,226794089
2024-07-26 14:10:21,38200.0,100,Buy,226794541
2024-07-26 14:10:21,38200.0,200,Buy,226794542
2024-07-26 14:10:41,38200.0,200,Buy,226795195
2024-07-26 14:11:10,38200.0,200,Buy,226796063
2024-07-26 14:11:17,38200.0,200,Buy,226796239
2024-07-26 14:11:19,38100.0,1300,Sell,226796395
2024-07-26 14:11:19,38050.0,200,Sell,226796397
2024-07-26 14:11:19,38050.0,3000,Sell,226796396
2024-07-26 14:11:19,38100.0,100,Sell,226796391
2024-07-26 14:11:19,38100.0,2000,Sell,226796390
2024-07-26 14:11:19,38150.0,100,Sell,226796389
2024-07-26 14:11:19,38150.0,500,Sell,226796386
2024-07-26 14:11:19,38150.0,200,Sell,226796388
2024-07-26 14:11:19,38150.0,100,Sell,226796387
2024-07-26 14:13:57,38100.0,100,Sell,226801350
2024-07-26 14:14:02,38150.0,100,Buy,226801476
2024-07-26 14:14:08,38100.0,400,Sell,226801680
2024-07-26 14:14:08,38100.0,400,Sell,226801681
2024-07-26 14:14:08,38100.0,100,Sell,226801682
2024-07-26 14:14:43,38100.0,900,Sell,226802805
2024-07-26 14:14:43,38100.0,100,Sell,226802806
2024-07-26 14:14:43,38100.0,300,Sell,226802807
2024-07-26 14:14:43,38100.0,200,Sell,226802808
2024-07-26 14:14:43,38100.0,500,Sell,226802809
2024-07-26 14:14:43,38100.0,100,Sell,226802810
2024-07-26 14:14:52,38050.0,500,Sell,226803009
2024-07-26 14:14:52,38050.0,500,Sell,226803007
2024-07-26 14:14:52,38050.0,300,Sell,226803008
2024-07-26 14:14:52,38050.0,300,Sell,226803005
2024-07-26 14:14:52,38050.0,300,Sell,226803004
2024-07-26 14:14:52,38050.0,100,Sell,226803006
2024-07-26 14:15:15,38100.0,200,Buy,226803731
2024-07-26 14:15:43,38050.0,500,Sell,226804495
2024-07-26 14:15:50,38050.0,100,Sell,226804671
2024-07-26 14:16:37,38050.0,900,Sell,226805921
2024-07-26 14:16:37,38050.0,100,Sell,226805922
2024-07-26 14:17:02,38050.0,100,Sell,226806679
2024-07-26 14:17:02,38050.0,200,Sell,226806680
2024-07-26 14:17:02,38050.0,100,Sell,226806681
2024-07-26 14:17:02,38050.0,500,Sell,226806682
2024-07-26 14:17:02,38050.0,100,Sell,226806683
2024-07-26 14:17:07,38050.0,100,Sell,226806809
2024-07-26 14:17:15,38100.0,100,Buy,226807093
2024-07-26 14:17:33,38050.0,200,Sell,226807747
2024-07-26 14:17:39,38050.0,200,Sell,226807901
2024-07-26 14:17:47,38100.0,100,Buy,226808047
2024-07-26 14:17:55,38050.0,200,Sell,226808249
2024-07-26 14:17:55,38050.0,600,Sell,226808246
2024-07-26 14:17:55,38050.0,1900,Sell,226808247
2024-07-26 14:17:55,38050.0,300,Sell,226808248
2024-07-26 14:18:02,38050.0,100,Sell,226808462
2024-07-26 14:18:25,38050.0,1000,Sell,226809140
2024-07-26 14:18:26,38050.0,700,Sell,226809150
2024-07-26 14:18:26,38050.0,300,Sell,226809151
2024-07-26 14:18:27,38100.0,100,Buy,226809179
2024-07-26 14:18:57,38050.0,600,Sell,226809934
2024-07-26 14:19:00,38050.0,300,Sell,226810058
2024-07-26 14:19:01,38050.0,500,Buy,226810068
2024-07-26 14:19:01,38050.0,100,Sell,226810059
2024-07-26 14:19:01,38050.0,100,Sell,226810060
2024-07-26 14:19:01,38050.0,500,Sell,226810061
2024-07-26 14:19:01,38050.0,200,Sell,226810062
2024-07-26 14:19:01,38050.0,100,Sell,226810063
2024-07-26 14:19:06,38050.0,200,Buy,226810236
2024-07-26 14:19:10,38050.0,300,Sell,226810369
2024-07-26 14:19:11,38050.0,100,Sell,226810370
2024-07-26 14:19:11,38000.0,200,Sell,226810371
2024-07-26 14:19:11,38000.0,100,Sell,226810372
2024-07-26 14:19:11,38000.0,200,Sell,226810373
2024-07-26 14:19:11,38000.0,100,Sell,226810374
2024-07-26 14:19:11,38000.0,200,Sell,226810375
2024-07-26 14:19:11,38000.0,200,Sell,226810376
2024-07-26 14:19:11,38000.0,200,Sell,226810377
2024-07-26 14:19:11,38000.0,400,Sell,226810378
2024-07-26 14:19:27,38000.0,1000,Sell,226810821
2024-07-26 14:19:53,38000.0,500,Sell,226811824
2024-07-26 14:19:54,38000.0,1000,Sell,226811849
2024-07-26 14:20:10,38000.0,100,Sell,226812271
2024-07-26 14:20:10,38000.0,1300,Sell,226812272
2024-07-26 14:20:17,38000.0,100,Sell,226812476
2024-07-26 14:20:17,38000.0,100,Sell,226812477
2024-07-26 14:20:17,38000.0,700,Sell,226812474
2024-07-26 14:20:17,38000.0,100,Sell,226812475
2024-07-26 14:20:24,38100.0,900,Buy,226812695
2024-07-26 14:20:24,38050.0,100,Buy,226812694
2024-07-26 14:20:36,38100.0,700,Buy,226812986
2024-07-26 14:20:43,38050.0,100,Buy,226813201
2024-07-26 14:20:56,38000.0,200,Sell,226813590
2024-07-26 14:20:59,38050.0,1000,Buy,226813627
2024-07-26 14:21:15,38000.0,100,Sell,226814294
2024-07-26 14:21:17,38000.0,300,Sell,226814377
2024-07-26 14:21:17,38000.0,300,Sell,226814376
2024-07-26 14:21:17,38000.0,100,Sell,226814374
2024-07-26 14:21:17,38000.0,100,Sell,226814372
2024-07-26 14:21:17,38000.0,100,Sell,226814375
2024-07-26 14:21:17,38000.0,100,Sell,226814373
2024-07-26 14:21:21,38050.0,5000,Buy,226814466
2024-07-26 14:21:23,38050.0,500,Buy,226814513
2024-07-26 14:21:28,38050.0,3000,Buy,226814668
2024-07-26 14:21:54,38050.0,3000,Buy,226815508
2024-07-26 14:22:04,38050.0,100,Buy,226815786
2024-07-26 14:22:09,38000.0,1500,Sell,226815910
2024-07-26 14:22:20,38050.0,2000,Buy,226816292
2024-07-26 14:22:27,38050.0,5000,Buy,226816484
2024-07-26 14:22:28,38000.0,100,Sell,226816509
2024-07-26 14:22:36,38050.0,300,Buy,226816806
2024-07-26 14:22:36,38050.0,1000,Buy,226816807
2024-07-26 14:22:36,38050.0,200,Buy,226816808
2024-07-26 14:22:36,38050.0,1000,Buy,226816809
2024-07-26 14:22:36,38050.0,100,Buy,226816810
2024-07-26 14:22:47,38050.0,100,Sell,226817099
2024-07-26 14:22:52,38050.0,100,Sell,226817215
2024-07-26 14:22:57,38100.0,500,Buy,226817391
2024-07-26 14:22:59,38050.0,100,Sell,226817453
2024-07-26 14:23:03,38050.0,100,Sell,226817577
2024-07-26 14:23:06,38050.0,100,Sell,226817665
2024-07-26 14:23:11,38100.0,100,Buy,226817899
2024-07-26 14:23:11,38100.0,4000,Buy,226817898
2024-07-26 14:23:11,38100.0,500,Buy,226817896
2024-07-26 14:23:11,38100.0,300,Buy,226817890
2024-07-26 14:23:11,38100.0,100,Buy,226817897
2024-07-26 14:23:46,38100.0,800,Buy,226818896
2024-07-26 14:23:46,38100.0,900,Buy,226818897
2024-07-26 14:23:46,38100.0,300,Buy,226818895
2024-07-26 14:24:02,38100.0,500,Buy,226819404
2024-07-26 14:24:25,38100.0,4100,Buy,226820023
2024-07-26 14:24:25,38100.0,200,Buy,226820024
2024-07-26 14:24:25,38100.0,200,Buy,226820025
2024-07-26 14:24:25,38100.0,100,Buy,226820026
2024-07-26 14:24:25,38100.0,400,Buy,226820027
2024-07-26 14:24:25,38100.0,100,Buy,226820032
2024-07-26 14:24:44,38100.0,200,Buy,226820573
2024-07-26 14:24:45,38100.0,10000,Buy,226820619
2024-07-26 14:24:45,38100.0,100,Buy,226820631
2024-07-26 14:24:46,38100.0,4800,Buy,226820657
2024-07-26 14:24:49,38100.0,100,Buy,226820760
2024-07-26 14:24:49,38100.0,500,Buy,226820769
2024-07-26 14:24:51,38100.0,600,Buy,226820839
2024-07-26 14:25:01,38100.0,500,Sell,226821031
2024-07-26 14:25:27,38100.0,400,Sell,226822175
2024-07-26 14:25:27,38100.0,5000,Sell,226822176
2024-07-26 14:25:27,38100.0,4600,Sell,226822177
2024-07-26 14:25:29,38150.0,100,Buy,226822229
2024-07-26 14:25:32,38100.0,100,Sell,226822305
2024-07-26 14:25:37,38150.0,100,Buy,226822504
2024-07-26 14:25:37,38150.0,100,Buy,226822505
2024-07-26 14:25:37,38150.0,4600,Buy,226822506
2024-07-26 14:25:40,38200.0,2000,Buy,226822617
2024-07-26 14:26:07,38200.0,200,Buy,226823524
2024-07-26 14:26:07,38200.0,200,Buy,226823525
2024-07-26 14:26:15,38150.0,200,Sell,226823785
2024-07-26 14:26:15,38100.0,1300,Sell,226823786
2024-07-26 14:26:15,38100.0,500,Sell,226823787
2024-07-26 14:26:15,38100.0,3400,Sell,226823788
2024-07-26 14:26:24,38100.0,3000,Buy,226824132
2024-07-26 14:26:40,38100.0,200,Buy,226824748
2024-07-26 14:26:42,38050.0,1400,Sell,226824844
2024-07-26 14:26:42,38050.0,400,Sell,226824841
2024-07-26 14:26:42,38050.0,200,Sell,226824842
2024-07-26 14:26:42,38050.0,3000,Sell,226824843
2024-07-26 14:27:14,38050.0,1000,Sell,226826146
2024-07-26 14:27:14,38050.0,5000,Sell,226826153
2024-07-26 14:27:38,38050.0,500,Sell,226827431
2024-07-26 14:27:38,38050.0,500,Sell,226827438
2024-07-26 14:27:57,38050.0,500,Sell,226828290
2024-07-26 14:27:57,38050.0,100,Sell,226828291
2024-07-26 14:27:57,38050.0,400,Sell,226828292
2024-07-26 14:27:57,38050.0,600,Sell,226828293
2024-07-26 14:27:57,38050.0,600,Sell,226828289
2024-07-26 14:28:06,38100.0,3000,Buy,226828713
2024-07-26 14:28:09,38100.0,1000,Buy,226828917
2024-07-26 14:28:10,38050.0,500,Sell,226828929
2024-07-26 14:28:14,38100.0,500,Buy,226829141
2024-07-26 14:28:26,38100.0,300,Buy,226829703
2024-07-26 14:28:30,38100.0,800,Buy,226829949
2024-07-26 14:28:31,38100.0,10000,Buy,226829954
2024-07-26 14:28:32,38100.0,29700,Buy,226830041
2024-07-26 14:28:37,38200.0,100,Buy,226830290
2024-07-26 14:28:44,38200.0,100,Buy,226830602
2024-07-26 14:28:51,38200.0,300,Buy,226830999
2024-07-26 14:28:51,38200.0,100,Buy,226831000
2024-07-26 14:29:00,38150.0,500,Buy,226831580
2024-07-26 14:29:01,38200.0,200,Buy,226831606
2024-07-26 14:29:01,38100.0,2000,Sell,226831657
2024-07-26 14:29:21,38150.0,1500,Sell,226832914
2024-07-26 14:29:30,38150.0,100,Buy,226833453
2024-07-26 14:29:32,38150.0,700,Buy,226833550
2024-07-26 14:29:33,38100.0,300,Sell,226833651
2024-07-26 14:44:39,38100.0,37500,ATO/ATC,226835004
