time,price,volume,match_type,id
2024-07-19 09:14:40,40850.0,27600,ATO/ATC,224500999
2024-07-19 09:14:42,40850.0,100,Sell,224501211
2024-07-19 09:14:42,40850.0,100,Sell,224501212
2024-07-19 09:15:00,40800.0,100,Sell,224501487
2024-07-19 09:15:00,40850.0,400,Sell,224501485
2024-07-19 09:15:00,40850.0,500,Sell,224501486
2024-07-19 09:15:10,40800.0,700,Sell,224501788
2024-07-19 09:15:10,40800.0,200,Sell,224501787
2024-07-19 09:15:10,40800.0,200,Sell,224501783
2024-07-19 09:15:10,40800.0,100,Sell,224501785
2024-07-19 09:15:10,40800.0,200,Sell,224501786
2024-07-19 09:15:10,40800.0,1000,Sell,224501784
2024-07-19 09:15:39,40800.0,5000,Sell,224502487
2024-07-19 09:16:09,40800.0,900,Buy,224503132
2024-07-19 09:16:09,40800.0,100,Buy,224503131
2024-07-19 09:16:32,40800.0,100,Buy,224503736
2024-07-19 09:16:32,40800.0,200,Buy,224503737
2024-07-19 09:16:44,40700.0,100,Sell,224504042
2024-07-19 09:16:49,40700.0,100,Sell,224504201
2024-07-19 09:16:51,40700.0,300,Sell,224504246
2024-07-19 09:16:54,40750.0,1000,Buy,224504344
2024-07-19 09:16:54,40800.0,800,Buy,224504345
2024-07-19 09:16:54,40800.0,500,Buy,224504346
2024-07-19 09:16:54,40800.0,5000,Buy,224504347
2024-07-19 09:16:55,40800.0,1700,Sell,224504372
2024-07-19 09:17:48,40800.0,100,Sell,224505943
2024-07-19 09:17:49,40800.0,1400,Sell,224505959
2024-07-19 09:17:59,40800.0,500,Sell,224506240
2024-07-19 09:18:18,40750.0,1000,Buy,224506884
2024-07-19 09:18:19,40800.0,500,Buy,224506945
2024-07-19 09:18:56,40750.0,700,Sell,224508042
2024-07-19 09:19:03,40750.0,300,Sell,224508295
2024-07-19 09:19:10,40700.0,400,Sell,224508500
2024-07-19 09:19:15,40700.0,200,Sell,224508665
2024-07-19 09:19:16,40700.0,700,Sell,224508705
2024-07-19 09:19:17,40700.0,400,Sell,224508738
2024-07-19 09:19:17,40700.0,100,Sell,224508739
2024-07-19 09:19:20,40700.0,100,Sell,224508783
2024-07-19 09:19:52,40700.0,100,Buy,224509722
2024-07-19 09:20:10,40650.0,100,Sell,224510252
2024-07-19 09:20:10,40600.0,100,Sell,224510253
2024-07-19 09:20:10,40600.0,100,Sell,224510254
2024-07-19 09:20:10,40600.0,500,Sell,224510255
2024-07-19 09:20:10,40600.0,100,Sell,224510256
2024-07-19 09:20:10,40600.0,100,Sell,224510257
2024-07-19 09:20:30,40600.0,2000,Sell,224510832
2024-07-19 09:20:31,40600.0,200,Sell,224510848
2024-07-19 09:20:39,40600.0,100,Sell,224511071
2024-07-19 09:20:39,40600.0,100,Sell,224511073
2024-07-19 09:20:39,40600.0,800,Sell,224511070
2024-07-19 09:20:39,40600.0,100,Sell,224511072
2024-07-19 09:20:42,40600.0,100,Sell,224511158
2024-07-19 09:20:42,40600.0,300,Sell,224511159
2024-07-19 09:21:00,40600.0,1000,Buy,224511630
2024-07-19 09:21:01,40550.0,100,Sell,224511654
2024-07-19 09:21:01,40550.0,400,Sell,224511655
2024-07-19 09:21:01,40550.0,100,Sell,224511656
2024-07-19 09:21:01,40550.0,1000,Sell,224511657
2024-07-19 09:21:05,40550.0,100,Buy,224511757
2024-07-19 09:21:10,40550.0,300,Buy,224511876
2024-07-19 09:21:22,40550.0,200,Sell,224512216
2024-07-19 09:21:45,40550.0,500,Sell,224512976
2024-07-19 09:21:45,40550.0,100,Sell,224512977
2024-07-19 09:21:56,40500.0,2400,Sell,224513230
2024-07-19 09:21:56,40500.0,400,Sell,224513229
2024-07-19 09:21:56,40500.0,100,Sell,224513228
2024-07-19 09:21:56,40500.0,100,Sell,224513227
2024-07-19 09:22:40,40500.0,600,Sell,224514315
2024-07-19 09:22:40,40500.0,1400,Sell,224514316
2024-07-19 09:22:59,40500.0,200,Sell,224514796
2024-07-19 09:23:30,40500.0,200,Sell,224515657
2024-07-19 09:23:46,40500.0,200,Sell,224515955
2024-07-19 09:23:46,40500.0,400,Sell,224515956
2024-07-19 09:23:46,40500.0,400,Sell,224515957
2024-07-19 09:23:46,40500.0,900,Sell,224515959
2024-07-19 09:23:46,40500.0,100,Sell,224515958
2024-07-19 09:23:48,40500.0,100,Sell,224516038
2024-07-19 09:23:48,40500.0,1900,Sell,224516039
2024-07-19 09:24:00,40500.0,300,Sell,224516280
2024-07-19 09:24:17,40500.0,100,Sell,224516591
2024-07-19 09:24:22,40500.0,2000,Sell,224516728
2024-07-19 09:24:24,40550.0,300,Buy,224516759
2024-07-19 09:24:33,40500.0,100,Sell,224516969
2024-07-19 09:25:25,40550.0,1100,Buy,224518153
2024-07-19 09:25:25,40550.0,100,Buy,224518154
2024-07-19 09:25:29,40500.0,1000,Sell,224518264
2024-07-19 09:25:29,40500.0,1000,Sell,224518263
2024-07-19 09:25:29,40500.0,700,Sell,224518262
2024-07-19 09:25:29,40500.0,600,Sell,224518257
2024-07-19 09:25:29,40500.0,200,Sell,224518260
2024-07-19 09:25:29,40500.0,100,Sell,224518259
2024-07-19 09:25:29,40500.0,100,Sell,224518258
2024-07-19 09:25:29,40500.0,2000,Sell,224518261
2024-07-19 09:25:47,40450.0,100,Sell,224518601
2024-07-19 09:25:47,40450.0,1000,Sell,224518602
2024-07-19 09:25:47,40450.0,2900,Sell,224518603
2024-07-19 09:25:48,40450.0,3200,Buy,224518620
2024-07-19 09:25:49,40450.0,900,Buy,224518638
2024-07-19 09:26:26,40600.0,100,Buy,224519723
2024-07-19 09:26:33,40600.0,1300,Buy,224519900
2024-07-19 09:26:39,40450.0,300,Sell,224520067
2024-07-19 09:26:39,40450.0,100,Sell,224520066
2024-07-19 09:26:39,40450.0,100,Sell,224520064
2024-07-19 09:26:39,40450.0,1000,Sell,224520065
2024-07-19 09:26:39,40500.0,100,Sell,224520062
2024-07-19 09:26:39,40500.0,1100,Sell,224520059
2024-07-19 09:26:39,40450.0,100,Sell,224520063
2024-07-19 09:26:39,40500.0,5000,Sell,224520061
2024-07-19 09:26:39,40500.0,1400,Sell,224520060
2024-07-19 09:26:41,40450.0,4700,Buy,224520092
2024-07-19 09:26:45,40450.0,1000,Buy,224520258
2024-07-19 09:26:46,40450.0,4700,Buy,224520297
2024-07-19 09:26:48,40450.0,200,Buy,224520387
2024-07-19 09:26:53,40450.0,400,Buy,224520532
2024-07-19 09:27:06,40450.0,500,Buy,224520907
2024-07-19 09:27:13,40450.0,4000,Buy,224521107
2024-07-19 09:27:14,40450.0,900,Buy,224521148
2024-07-19 09:27:15,40450.0,100,Buy,224521196
2024-07-19 09:27:16,40450.0,25100,Buy,224521210
2024-07-19 09:28:10,40600.0,1000,Buy,224523430
2024-07-19 09:28:20,40600.0,700,Buy,224523756
2024-07-19 09:28:20,40600.0,100,Buy,224523739
2024-07-19 09:28:20,40600.0,2100,Buy,224523755
2024-07-19 09:28:32,40700.0,300,Buy,224524303
2024-07-19 09:28:32,40700.0,300,Buy,224524304
2024-07-19 09:28:34,40700.0,4400,Sell,224524387
2024-07-19 09:28:34,40650.0,100,Sell,224524388
2024-07-19 09:28:34,40600.0,5500,Sell,224524389
2024-07-19 09:28:45,40750.0,1000,Buy,224524785
2024-07-19 09:28:49,40600.0,1000,Sell,224524939
2024-07-19 09:28:50,40700.0,200,Buy,224524954
2024-07-19 09:28:50,40750.0,700,Buy,224524955
2024-07-19 09:28:50,40750.0,1000,Buy,224524956
2024-07-19 09:29:17,40850.0,100,Buy,224525941
2024-07-19 09:29:30,40850.0,300,Buy,224526388
2024-07-19 09:29:30,40850.0,200,Buy,224526387
2024-07-19 09:29:34,40850.0,200,Buy,224526525
2024-07-19 09:29:39,40850.0,500,Buy,224526760
2024-07-19 09:29:39,40850.0,500,Buy,224526761
2024-07-19 09:29:56,40850.0,500,Buy,224527228
2024-07-19 09:30:02,40850.0,500,Sell,224527496
2024-07-19 09:30:06,40850.0,1000,Buy,224527648
2024-07-19 09:30:19,40850.0,1700,Buy,224528350
2024-07-19 09:30:26,40900.0,3400,Buy,224528668
2024-07-19 09:30:26,40900.0,100,Buy,224528667
2024-07-19 09:30:26,40900.0,1000,Buy,224528666
2024-07-19 09:30:26,40850.0,400,Buy,224528643
2024-07-19 09:30:26,40900.0,100,Buy,224528664
2024-07-19 09:30:26,40850.0,1400,Buy,224528663
2024-07-19 09:30:26,40900.0,1000,Buy,224528665
2024-07-19 09:30:32,40900.0,400,Buy,224528891
2024-07-19 09:30:33,40900.0,1200,Buy,224528962
2024-07-19 09:30:33,40900.0,1000,Buy,224528963
2024-07-19 09:30:33,40900.0,100,Buy,224528964
2024-07-19 09:30:35,40900.0,3100,Sell,224529021
2024-07-19 09:30:35,40900.0,1000,Sell,224529022
2024-07-19 09:30:35,40850.0,100,Sell,224529023
2024-07-19 09:30:39,40850.0,500,Buy,224529236
2024-07-19 09:30:40,40850.0,100,Sell,224529279
2024-07-19 09:31:24,40850.0,400,Sell,224531348
2024-07-19 09:31:24,40850.0,100,Sell,224531349
2024-07-19 09:31:37,40900.0,900,Buy,224532039
2024-07-19 09:31:37,40900.0,100,Buy,224532038
2024-07-19 09:31:56,40850.0,800,Sell,224533050
2024-07-19 09:31:56,40850.0,200,Sell,224533047
2024-07-19 09:31:56,40850.0,100,Sell,224533048
2024-07-19 09:31:56,40850.0,100,Sell,224533049
2024-07-19 09:32:02,40900.0,100,Buy,224533317
2024-07-19 09:32:14,40950.0,100,Buy,224533900
2024-07-19 09:32:14,40950.0,100,Buy,224533908
2024-07-19 09:32:16,40950.0,300,Buy,224533981
2024-07-19 09:32:16,40950.0,200,Buy,224533982
2024-07-19 09:32:22,40900.0,100,Sell,224534289
2024-07-19 09:32:22,40900.0,500,Sell,224534290
2024-07-19 09:32:25,40950.0,500,Buy,224534399
2024-07-19 09:32:25,40950.0,1000,Buy,224534400
2024-07-19 09:32:54,40950.0,500,Buy,224536052
2024-07-19 09:32:58,40950.0,300,Buy,224536221
2024-07-19 09:33:01,40950.0,100,Buy,224536329
2024-07-19 09:33:09,40950.0,100,Buy,224536769
2024-07-19 09:33:09,40950.0,1000,Buy,224536770
2024-07-19 09:33:17,41000.0,300,Buy,224537133
2024-07-19 09:33:17,41000.0,3800,Buy,224537134
2024-07-19 09:33:17,41000.0,100,Buy,224537131
2024-07-19 09:33:17,41000.0,800,Buy,224537132
2024-07-19 09:33:20,41000.0,1200,Buy,224537272
2024-07-19 09:33:20,41000.0,600,Buy,224537273
2024-07-19 09:33:20,41000.0,3200,Buy,224537274
2024-07-19 09:33:26,41000.0,1000,Buy,224537567
2024-07-19 09:33:27,41000.0,500,Buy,224537572
2024-07-19 09:33:40,41000.0,100,Buy,224538196
2024-07-19 09:33:41,41000.0,500,Buy,224538238
2024-07-19 09:33:47,41000.0,700,Buy,224538485
2024-07-19 09:33:47,41000.0,300,Buy,224538486
2024-07-19 09:33:49,41000.0,1700,Buy,224538571
2024-07-19 09:33:49,41000.0,300,Buy,224538572
2024-07-19 09:33:53,41000.0,3900,Buy,224538713
2024-07-19 09:33:54,41000.0,100,Buy,224538812
2024-07-19 09:33:54,41000.0,700,Buy,224538821
2024-07-19 09:33:54,41000.0,300,Buy,224538822
2024-07-19 09:33:57,41000.0,400,Buy,224538949
2024-07-19 09:33:57,41000.0,300,Buy,224538950
2024-07-19 09:33:57,41000.0,100,Buy,224538948
2024-07-19 09:33:57,41000.0,700,Buy,224538947
2024-07-19 09:33:58,41000.0,300,Buy,224538967
2024-07-19 09:34:06,41000.0,1500,Buy,224539369
2024-07-19 09:34:06,41000.0,100,Buy,224539370
2024-07-19 09:34:06,41000.0,400,Buy,224539368
2024-07-19 09:34:16,41000.0,100,Buy,224539840
2024-07-19 09:34:18,41000.0,400,Buy,224539891
2024-07-19 09:34:20,41000.0,1000,Buy,224540019
2024-07-19 09:34:20,41000.0,200,Buy,224539967
2024-07-19 09:34:20,41000.0,500,Buy,224539968
2024-07-19 09:34:23,41000.0,500,Buy,224540170
2024-07-19 09:34:27,41000.0,900,Buy,224540331
2024-07-19 09:34:27,41000.0,100,Buy,224540330
2024-07-19 09:34:47,41000.0,100,Buy,224541284
2024-07-19 09:34:54,41000.0,900,Buy,224541549
2024-07-19 09:34:54,41000.0,1000,Buy,224541550
2024-07-19 09:34:56,41000.0,100,Sell,224541624
2024-07-19 09:35:13,41000.0,100,Buy,224542390
2024-07-19 09:35:28,41000.0,500,Buy,224543049
2024-07-19 09:35:30,41000.0,1000,Buy,224543089
2024-07-19 09:35:33,41000.0,100,Buy,224543174
2024-07-19 09:35:36,40950.0,100,Sell,224543288
2024-07-19 09:35:37,40950.0,700,Sell,224543359
2024-07-19 09:35:38,40950.0,200,Sell,224543420
2024-07-19 09:35:38,40950.0,400,Sell,224543419
2024-07-19 09:35:38,40950.0,4000,Sell,224543421
2024-07-19 09:35:38,40950.0,1600,Sell,224543417
2024-07-19 09:35:38,40950.0,100,Sell,224543416
2024-07-19 09:35:38,40950.0,2200,Sell,224543415
2024-07-19 09:35:38,40950.0,300,Sell,224543418
2024-07-19 09:35:40,40900.0,100,Sell,224543479
2024-07-19 09:35:40,40900.0,100,Sell,224543480
2024-07-19 09:36:03,40900.0,500,Buy,224544228
2024-07-19 09:36:03,40900.0,100,Buy,224544229
2024-07-19 09:36:03,40900.0,800,Buy,224544230
2024-07-19 09:36:03,40950.0,300,Buy,224544231
2024-07-19 09:36:03,40900.0,300,Sell,224544253
2024-07-19 09:36:15,40900.0,500,Buy,224544655
2024-07-19 09:36:22,40900.0,300,Buy,224544973
2024-07-19 09:36:22,40900.0,200,Buy,224544972
2024-07-19 09:36:25,40900.0,500,Buy,224545075
2024-07-19 09:37:02,40900.0,600,Buy,224546437
2024-07-19 09:37:02,40900.0,200,Buy,224546436
2024-07-19 09:37:02,40900.0,200,Buy,224546438
2024-07-19 09:37:25,40850.0,100,Sell,224547116
2024-07-19 09:38:09,40850.0,1000,Sell,224548338
2024-07-19 09:38:51,40850.0,3500,Sell,224549608
2024-07-19 09:38:51,40850.0,400,Sell,224549609
2024-07-19 09:38:51,40850.0,200,Sell,224549610
2024-07-19 09:38:51,40850.0,100,Sell,224549611
2024-07-19 09:38:51,40850.0,1000,Sell,224549612
2024-07-19 09:38:51,40850.0,1000,Sell,224549613
2024-07-19 09:38:51,40850.0,3000,Sell,224549614
2024-07-19 09:38:51,40850.0,100,Sell,224549615
2024-07-19 09:38:51,40850.0,500,Sell,224549616
2024-07-19 09:38:51,40850.0,100,Sell,224549617
2024-07-19 09:38:51,40850.0,400,Sell,224549618
2024-07-19 09:38:52,40850.0,100,Sell,224549634
2024-07-19 09:38:52,40850.0,200,Sell,224549635
2024-07-19 09:38:55,40850.0,300,Sell,224549682
2024-07-19 09:39:39,40800.0,100,Sell,224551006
2024-07-19 09:39:41,40800.0,200,Sell,224551063
2024-07-19 09:39:57,40800.0,100,Sell,224551447
2024-07-19 09:39:57,40800.0,100,Sell,224551448
2024-07-19 09:39:57,40800.0,100,Sell,224551446
2024-07-19 09:40:25,40800.0,900,Sell,224552295
2024-07-19 09:40:25,40800.0,300,Sell,224552296
2024-07-19 09:40:25,40800.0,200,Sell,224552297
2024-07-19 09:40:25,40800.0,900,Sell,224552298
2024-07-19 09:40:40,40800.0,1000,Sell,224552742
2024-07-19 09:40:40,40800.0,100,Sell,224552743
2024-07-19 09:40:40,40800.0,100,Sell,224552744
2024-07-19 09:40:40,40800.0,1000,Sell,224552745
2024-07-19 09:40:40,40800.0,500,Sell,224552746
2024-07-19 09:40:40,40800.0,100,Sell,224552747
2024-07-19 09:40:40,40800.0,400,Sell,224552741
2024-07-19 09:40:41,40750.0,300,Sell,224552767
2024-07-19 09:41:03,40750.0,5600,Sell,224553325
2024-07-19 09:41:03,40750.0,100,Sell,224553324
2024-07-19 09:41:03,40750.0,200,Sell,224553323
2024-07-19 09:41:10,40750.0,400,Sell,224553540
2024-07-19 09:41:11,40750.0,400,Sell,224553581
2024-07-19 09:41:28,40750.0,100,Buy,224553968
2024-07-19 09:41:57,40750.0,400,Buy,224554753
2024-07-19 09:43:08,40750.0,100,Sell,224556370
2024-07-19 09:43:37,40750.0,500,Sell,224557268
2024-07-19 09:43:37,40750.0,100,Sell,224557269
2024-07-19 09:43:37,40750.0,400,Sell,224557270
2024-07-19 09:44:38,40800.0,1400,Buy,224558913
2024-07-19 09:44:38,40800.0,300,Buy,224558912
2024-07-19 09:44:38,40800.0,300,Buy,224558911
2024-07-19 09:44:42,40750.0,200,Sell,224559022
2024-07-19 09:44:42,40750.0,1000,Sell,224559023
2024-07-19 09:44:42,40750.0,200,Sell,224559024
2024-07-19 09:44:42,40750.0,600,Sell,224559025
2024-07-19 09:44:45,40800.0,2000,Buy,224559100
2024-07-19 09:44:51,40800.0,200,Buy,224559234
2024-07-19 09:44:58,40800.0,500,Buy,224559454
2024-07-19 09:44:59,40800.0,100,Buy,224559481
2024-07-19 09:45:07,40800.0,200,Buy,224559669
2024-07-19 09:45:07,40800.0,800,Buy,224559668
2024-07-19 09:45:16,40800.0,100,Buy,224559890
2024-07-19 09:45:23,40800.0,1000,Buy,224560021
2024-07-19 09:45:29,40800.0,100,Buy,224560192
2024-07-19 09:45:29,40800.0,600,Buy,224560193
2024-07-19 09:46:00,40800.0,400,Sell,224560971
2024-07-19 09:46:00,40800.0,1000,Sell,224560972
2024-07-19 09:46:00,40800.0,100,Sell,224560973
2024-07-19 09:46:03,40800.0,1000,Buy,224561033
2024-07-19 09:46:22,40750.0,300,Sell,224561497
2024-07-19 09:46:22,40750.0,300,Sell,224561496
2024-07-19 09:46:22,40750.0,400,Sell,224561492
2024-07-19 09:46:22,40750.0,1000,Sell,224561494
2024-07-19 09:46:22,40750.0,200,Sell,224561493
2024-07-19 09:46:22,40750.0,200,Sell,224561495
2024-07-19 09:47:15,40800.0,100,Buy,224562574
2024-07-19 09:47:35,40800.0,100,Buy,224563028
2024-07-19 09:47:35,40800.0,100,Buy,224563029
2024-07-19 09:47:44,40800.0,100,Buy,224563261
2024-07-19 09:48:04,40750.0,200,Sell,224563730
2024-07-19 09:49:16,40750.0,1000,Sell,224565368
2024-07-19 09:49:25,40750.0,100,Sell,224565573
2024-07-19 09:49:30,40750.0,700,Sell,224565714
2024-07-19 09:49:30,40750.0,1000,Sell,224565715
2024-07-19 09:49:42,40750.0,100,Sell,224565958
2024-07-19 09:50:03,40750.0,100,Sell,224566362
2024-07-19 09:50:17,40750.0,400,Sell,224566683
2024-07-19 09:50:17,40750.0,600,Sell,224566685
2024-07-19 09:50:46,40750.0,100,Sell,224567369
2024-07-19 09:50:46,40750.0,300,Sell,224567370
2024-07-19 09:50:46,40750.0,200,Sell,224567371
2024-07-19 09:50:46,40750.0,200,Sell,224567372
2024-07-19 09:50:46,40750.0,100,Sell,224567373
2024-07-19 09:50:46,40750.0,100,Sell,224567374
2024-07-19 09:50:57,40750.0,400,Sell,224567592
2024-07-19 09:50:57,40750.0,600,Sell,224567593
2024-07-19 09:51:07,40750.0,100,Sell,224567826
2024-07-19 09:51:16,40750.0,400,Sell,224568154
2024-07-19 09:51:16,40750.0,100,Sell,224568155
2024-07-19 09:51:42,40750.0,100,Sell,224568695
2024-07-19 09:51:42,40750.0,1000,Sell,224568694
2024-07-19 09:51:42,40750.0,1400,Sell,224568692
2024-07-19 09:51:42,40750.0,400,Sell,224568693
2024-07-19 09:51:59,40750.0,100,Buy,224569271
2024-07-19 09:52:11,40700.0,500,Sell,224569526
2024-07-19 09:52:11,40700.0,1000,Sell,224569525
2024-07-19 09:52:11,40700.0,100,Sell,224569523
2024-07-19 09:52:11,40700.0,100,Sell,224569522
2024-07-19 09:52:11,40700.0,1500,Sell,224569524
2024-07-19 09:52:11,40700.0,100,Sell,224569520
2024-07-19 09:52:11,40700.0,500,Sell,224569519
2024-07-19 09:52:11,40700.0,500,Sell,224569518
2024-07-19 09:52:11,40700.0,300,Sell,224569517
2024-07-19 09:52:11,40700.0,1000,Sell,224569521
2024-07-19 09:52:22,40700.0,500,Buy,224569822
2024-07-19 09:53:05,40700.0,100,Buy,224571146
2024-07-19 09:53:19,40700.0,200,Buy,224571559
2024-07-19 09:53:23,40700.0,100,Buy,224571622
2024-07-19 09:53:47,40650.0,100,Sell,224572466
2024-07-19 09:53:47,40650.0,200,Sell,224572467
2024-07-19 09:53:47,40650.0,700,Sell,224572468
2024-07-19 09:53:55,40650.0,200,Sell,224572670
2024-07-19 09:54:05,40650.0,200,Sell,224572991
2024-07-19 09:54:05,40650.0,1100,Sell,224572990
2024-07-19 09:54:11,40650.0,100,Buy,224573102
2024-07-19 09:54:15,40650.0,1400,Buy,224573182
2024-07-19 09:54:17,40650.0,4000,Sell,224573313
2024-07-19 09:55:15,40650.0,1000,Sell,224574932
2024-07-19 09:55:17,40650.0,1000,Sell,224574960
2024-07-19 09:55:19,40650.0,200,Sell,224575027
2024-07-19 09:55:39,40650.0,1000,Sell,224575711
2024-07-19 09:56:00,40650.0,1000,Sell,224576241
2024-07-19 09:56:06,40650.0,400,Sell,224576346
2024-07-19 09:56:06,40650.0,100,Sell,224576347
2024-07-19 09:56:06,40650.0,100,Sell,224576348
2024-07-19 09:56:06,40650.0,1400,Sell,224576349
2024-07-19 09:57:24,40650.0,400,Buy,224577970
2024-07-19 09:57:40,40650.0,500,Buy,224578241
2024-07-19 09:57:48,40650.0,700,Buy,224578418
2024-07-19 09:57:50,40650.0,100,Buy,224578475
2024-07-19 09:58:06,40650.0,300,Buy,224578916
2024-07-19 09:58:06,40650.0,500,Buy,224578915
2024-07-19 09:58:06,40650.0,300,Buy,224578913
2024-07-19 09:58:06,40650.0,1000,Buy,224578914
2024-07-19 09:59:38,40700.0,300,Buy,224580709
2024-07-19 09:59:45,40650.0,100,Sell,224580831
2024-07-19 09:59:47,40650.0,2800,Sell,224580886
2024-07-19 09:59:47,40650.0,500,Sell,224580887
2024-07-19 09:59:47,40650.0,100,Sell,224580888
2024-07-19 10:00:06,40600.0,100,Sell,224581268
2024-07-19 10:00:09,40650.0,100,Buy,224581309
2024-07-19 10:00:16,40650.0,100,Buy,224581424
2024-07-19 10:00:31,40650.0,600,Buy,224581681
2024-07-19 10:00:33,40650.0,100,Buy,224581721
2024-07-19 10:00:41,40650.0,300,Buy,224581881
2024-07-19 10:00:42,40650.0,100,Buy,224581892
2024-07-19 10:00:48,40650.0,300,Buy,224581969
2024-07-19 10:01:17,40650.0,100,Sell,224582535
2024-07-19 10:01:17,40650.0,400,Sell,224582536
2024-07-19 10:01:17,40650.0,100,Sell,224582537
2024-07-19 10:01:30,40650.0,100,Buy,224582783
2024-07-19 10:02:02,40650.0,100,Buy,224583333
2024-07-19 10:02:43,40650.0,200,Buy,224584055
2024-07-19 10:02:43,40650.0,1200,Buy,224584056
2024-07-19 10:02:54,40700.0,1000,Buy,224584300
2024-07-19 10:02:54,40700.0,200,Buy,224584298
2024-07-19 10:02:54,40700.0,2000,Buy,224584299
2024-07-19 10:03:15,40700.0,1800,Sell,224584897
2024-07-19 10:04:31,40650.0,200,Sell,224586586
2024-07-19 10:04:31,40650.0,1000,Sell,224586587
2024-07-19 10:04:31,40650.0,100,Sell,224586588
2024-07-19 10:04:31,40650.0,500,Sell,224586585
2024-07-19 10:05:18,40650.0,800,Buy,224587677
2024-07-19 10:08:12,40700.0,3600,Buy,224592153
2024-07-19 10:08:19,40700.0,200,Buy,224592307
2024-07-19 10:08:43,40700.0,300,Buy,224593097
2024-07-19 10:09:38,40700.0,4100,Buy,224594572
2024-07-19 10:09:38,40700.0,400,Buy,224594573
2024-07-19 10:09:38,40700.0,600,Buy,224594574
2024-07-19 10:09:39,40700.0,2900,Sell,224594580
2024-07-19 10:09:46,40650.0,1600,Sell,224594843
2024-07-19 10:09:46,40650.0,1200,Sell,224594841
2024-07-19 10:09:46,40650.0,100,Sell,224594842
2024-07-19 10:09:56,40700.0,600,Buy,224595342
2024-07-19 10:09:56,40700.0,4100,Buy,224595341
2024-07-19 10:10:33,40700.0,300,Sell,224596799
2024-07-19 10:10:33,40700.0,700,Sell,224596800
2024-07-19 10:10:57,40700.0,300,Sell,224597448
2024-07-19 10:10:57,40700.0,100,Sell,224597449
2024-07-19 10:10:57,40700.0,100,Sell,224597450
2024-07-19 10:10:57,40700.0,100,Sell,224597451
2024-07-19 10:11:05,40700.0,1100,Sell,224597704
2024-07-19 10:11:47,40700.0,400,Buy,224598903
2024-07-19 10:11:53,40700.0,500,Buy,224599002
2024-07-19 10:11:56,40700.0,1000,Buy,224599040
2024-07-19 10:11:59,40700.0,700,Buy,224599140
2024-07-19 10:12:03,40700.0,400,Buy,224599249
2024-07-19 10:12:06,40700.0,200,Buy,224599308
2024-07-19 10:12:29,40700.0,200,Buy,224599712
2024-07-19 10:12:59,40700.0,1700,Buy,224600297
2024-07-19 10:13:34,40700.0,400,Buy,224601230
2024-07-19 10:14:04,40700.0,100,Buy,224602114
2024-07-19 10:14:12,40650.0,1000,Sell,224602238
2024-07-19 10:14:20,40650.0,1000,Sell,224602378
2024-07-19 10:14:23,40650.0,600,Sell,224602432
2024-07-19 10:14:50,40650.0,700,Sell,224603110
2024-07-19 10:14:50,40650.0,200,Sell,224603111
2024-07-19 10:14:50,40650.0,100,Sell,224603112
2024-07-19 10:14:50,40650.0,200,Sell,224603113
2024-07-19 10:14:50,40650.0,300,Sell,224603114
2024-07-19 10:14:50,40650.0,500,Sell,224603115
2024-07-19 10:14:50,40650.0,900,Sell,224603116
2024-07-19 10:14:50,40650.0,800,Sell,224603109
2024-07-19 10:15:45,40700.0,300,Buy,224604061
2024-07-19 10:15:45,40700.0,700,Buy,224604062
2024-07-19 10:17:17,40650.0,1000,Sell,224606165
2024-07-19 10:17:17,40650.0,1500,Sell,224606164
2024-07-19 10:17:17,40650.0,200,Sell,224606163
2024-07-19 10:17:17,40650.0,2000,Sell,224606162
2024-07-19 10:17:17,40650.0,1000,Sell,224606166
2024-07-19 10:17:17,40650.0,300,Sell,224606160
2024-07-19 10:17:17,40650.0,200,Sell,224606159
2024-07-19 10:17:17,40650.0,500,Sell,224606158
2024-07-19 10:17:17,40650.0,1300,Sell,224606157
2024-07-19 10:17:17,40650.0,200,Sell,224606156
2024-07-19 10:17:17,40650.0,200,Sell,224606161
2024-07-19 10:18:21,40650.0,1000,Buy,224607597
2024-07-19 10:18:24,40650.0,100,Buy,224607644
2024-07-19 10:18:31,40650.0,900,Buy,224607753
2024-07-19 10:18:31,40650.0,100,Buy,224607754
2024-07-19 10:19:12,40650.0,100,Buy,224608555
2024-07-19 10:19:41,40650.0,1000,Buy,224609274
2024-07-19 10:19:41,40600.0,200,Sell,224609260
2024-07-19 10:19:41,40600.0,300,Sell,224609259
2024-07-19 10:20:37,40600.0,100,Sell,224610661
2024-07-19 10:20:37,40600.0,100,Sell,224610660
2024-07-19 10:20:37,40600.0,200,Sell,224610659
2024-07-19 10:20:37,40600.0,500,Sell,224610658
2024-07-19 10:20:37,40600.0,100,Sell,224610653
2024-07-19 10:20:37,40600.0,100,Sell,224610657
2024-07-19 10:20:37,40600.0,200,Sell,224610656
2024-07-19 10:20:37,40600.0,100,Sell,224610655
2024-07-19 10:20:37,40600.0,100,Sell,224610654
2024-07-19 10:20:37,40600.0,1000,Sell,224610652
2024-07-19 10:20:37,40600.0,1000,Sell,224610645
2024-07-19 10:20:37,40600.0,10000,Sell,224610650
2024-07-19 10:20:37,40600.0,200,Sell,224610649
2024-07-19 10:20:37,40600.0,200,Sell,224610648
2024-07-19 10:20:37,40600.0,500,Sell,224610647
2024-07-19 10:20:37,40600.0,100,Sell,224610646
2024-07-19 10:20:37,40600.0,200,Sell,224610644
2024-07-19 10:20:37,40600.0,500,Sell,224610643
2024-07-19 10:20:37,40600.0,100,Sell,224610642
2024-07-19 10:20:37,40600.0,100,Sell,224610641
2024-07-19 10:20:37,40600.0,400,Sell,224610651
2024-07-19 10:20:51,40600.0,2000,Sell,224610978
2024-07-19 10:20:51,40600.0,100,Sell,224610977
2024-07-19 10:20:51,40600.0,200,Sell,224610974
2024-07-19 10:20:51,40600.0,500,Sell,224610975
2024-07-19 10:20:51,40600.0,100,Sell,224610973
2024-07-19 10:20:51,40600.0,1000,Sell,224610976
2024-07-19 10:21:48,40550.0,100,Sell,224612469
2024-07-19 10:21:50,40600.0,200,Buy,224612523
2024-07-19 10:21:50,40600.0,300,Buy,224612524
2024-07-19 10:22:17,40600.0,100,Buy,224613224
2024-07-19 10:22:30,40600.0,100,Buy,224613512
2024-07-19 10:22:37,40550.0,4200,Sell,224613734
2024-07-19 10:22:37,40550.0,200,Sell,224613731
2024-07-19 10:22:37,40550.0,100,Sell,224613732
2024-07-19 10:22:37,40550.0,500,Sell,224613733
2024-07-19 10:23:11,40550.0,800,Sell,224614814
2024-07-19 10:23:11,40550.0,100,Sell,224614815
2024-07-19 10:23:11,40550.0,2000,Sell,224614816
2024-07-19 10:23:11,40550.0,1000,Sell,224614817
2024-07-19 10:23:11,40550.0,100,Sell,224614818
2024-07-19 10:23:11,40550.0,1000,Sell,224614819
2024-07-19 10:23:11,40550.0,100,Sell,224614820
2024-07-19 10:23:28,40550.0,100,Buy,224615217
2024-07-19 10:23:36,40500.0,100,Sell,224615441
2024-07-19 10:23:37,40550.0,300,Buy,224615453
2024-07-19 10:23:42,40500.0,100,Sell,224615546
2024-07-19 10:23:42,40500.0,100,Sell,224615551
2024-07-19 10:23:42,40500.0,1000,Sell,224615550
2024-07-19 10:23:42,40500.0,100,Sell,224615549
2024-07-19 10:23:42,40500.0,100,Sell,224615548
2024-07-19 10:23:42,40500.0,100,Sell,224615547
2024-07-19 10:23:42,40500.0,500,Sell,224615545
2024-07-19 10:23:42,40500.0,100,Sell,224615540
2024-07-19 10:23:42,40500.0,400,Sell,224615543
2024-07-19 10:23:42,40500.0,100,Sell,224615542
2024-07-19 10:23:42,40500.0,1000,Sell,224615541
2024-07-19 10:23:42,40500.0,900,Sell,224615536
2024-07-19 10:23:42,40500.0,500,Sell,224615539
2024-07-19 10:23:42,40500.0,1800,Sell,224615538
2024-07-19 10:23:42,40500.0,200,Sell,224615537
2024-07-19 10:23:42,40500.0,2000,Sell,224615544
2024-07-19 10:23:46,40500.0,100,Sell,224615650
2024-07-19 10:23:46,40500.0,4200,Sell,224615649
2024-07-19 10:23:46,40500.0,1000,Sell,224615647
2024-07-19 10:23:46,40500.0,500,Sell,224615646
2024-07-19 10:23:46,40500.0,100,Sell,224615645
2024-07-19 10:23:46,40500.0,300,Sell,224615648
2024-07-19 10:23:46,40500.0,200,Sell,224615643
2024-07-19 10:23:46,40500.0,200,Sell,224615642
2024-07-19 10:23:46,40500.0,100,Sell,224615641
2024-07-19 10:23:46,40500.0,100,Sell,224615640
2024-07-19 10:23:46,40500.0,100,Sell,224615639
2024-07-19 10:23:46,40500.0,400,Sell,224615638
2024-07-19 10:23:46,40500.0,700,Sell,224615644
2024-07-19 10:23:52,40500.0,1400,Sell,224615805
2024-07-19 10:23:56,40500.0,100,Sell,224615890
2024-07-19 10:24:00,40500.0,100,Sell,224616011
2024-07-19 10:24:00,40500.0,100,Sell,224616012
2024-07-19 10:24:10,40500.0,500,Buy,224616222
2024-07-19 10:24:16,40500.0,200,Buy,224616495
2024-07-19 10:24:20,40450.0,200,Sell,224616612
2024-07-19 10:24:33,40500.0,100,Buy,224617014
2024-07-19 10:24:33,40500.0,900,Buy,224617015
2024-07-19 10:25:01,40500.0,100,Buy,224617583
2024-07-19 10:25:07,40450.0,200,Sell,224617732
2024-07-19 10:26:35,40450.0,700,Sell,224619563
2024-07-19 10:26:35,40450.0,1000,Sell,224619562
2024-07-19 10:26:35,40450.0,100,Sell,224619561
2024-07-19 10:26:35,40450.0,100,Sell,224619555
2024-07-19 10:26:35,40450.0,100,Sell,224619559
2024-07-19 10:26:35,40450.0,100,Sell,224619560
2024-07-19 10:26:35,40450.0,100,Sell,224619554
2024-07-19 10:26:48,40450.0,300,Sell,224619878
2024-07-19 10:26:48,40450.0,200,Sell,224619879
2024-07-19 10:27:04,40450.0,300,Sell,224620173
2024-07-19 10:27:04,40450.0,100,Sell,224620174
2024-07-19 10:27:04,40450.0,100,Sell,224620175
2024-07-19 10:27:04,40450.0,100,Sell,224620176
2024-07-19 10:27:04,40450.0,100,Sell,224620177
2024-07-19 10:27:09,40450.0,100,Sell,224620322
2024-07-19 10:27:09,40450.0,100,Sell,224620319
2024-07-19 10:27:09,40450.0,900,Sell,224620318
2024-07-19 10:27:09,40450.0,500,Sell,224620317
2024-07-19 10:27:09,40450.0,400,Sell,224620324
2024-07-19 10:27:09,40450.0,100,Sell,224620315
2024-07-19 10:27:09,40450.0,100,Sell,224620316
2024-07-19 10:27:09,40450.0,200,Sell,224620312
2024-07-19 10:27:09,40450.0,1000,Sell,224620323
2024-07-19 10:27:09,40450.0,2000,Sell,224620313
2024-07-19 10:27:09,40450.0,1500,Sell,224620314
2024-07-19 10:27:29,40450.0,200,Sell,224620852
2024-07-19 10:27:46,40450.0,400,Sell,224621317
2024-07-19 10:27:46,40450.0,100,Sell,224621318
2024-07-19 10:28:13,40450.0,300,Sell,224621940
2024-07-19 10:28:13,40450.0,900,Sell,224621938
2024-07-19 10:28:13,40450.0,100,Sell,224621939
2024-07-19 10:28:36,40450.0,900,Buy,224622447
2024-07-19 10:28:49,40450.0,500,Buy,224622641
2024-07-19 10:28:51,40450.0,400,Buy,224622685
2024-07-19 10:28:51,40450.0,100,Buy,224622686
2024-07-19 10:28:51,40450.0,200,Buy,224622687
2024-07-19 10:28:51,40450.0,300,Buy,224622688
2024-07-19 10:29:12,40450.0,100,Buy,224623291
2024-07-19 10:29:15,40400.0,100,Sell,224623363
2024-07-19 10:29:15,40400.0,900,Sell,224623364
2024-07-19 10:29:46,40450.0,600,Buy,224623994
2024-07-19 10:30:28,40450.0,100,Buy,224624727
2024-07-19 10:30:35,40450.0,100,Buy,224624828
2024-07-19 10:31:16,40450.0,100,Buy,224625637
2024-07-19 10:31:43,40450.0,300,Buy,224626039
2024-07-19 10:31:43,40450.0,700,Buy,224626038
2024-07-19 10:31:53,40450.0,1000,Buy,224626233
2024-07-19 10:32:54,40450.0,100,Buy,224627100
2024-07-19 10:32:54,40450.0,1800,Buy,224627101
2024-07-19 10:32:54,40450.0,100,Buy,224627102
2024-07-19 10:32:54,40450.0,1500,Buy,224627103
2024-07-19 10:34:11,40500.0,300,Buy,224629464
2024-07-19 10:34:13,40450.0,1500,Sell,224629482
2024-07-19 10:34:13,40450.0,600,Sell,224629483
2024-07-19 10:34:13,40450.0,500,Sell,224629484
2024-07-19 10:34:13,40450.0,200,Sell,224629485
2024-07-19 10:34:13,40450.0,1000,Sell,224629486
2024-07-19 10:34:13,40450.0,1000,Sell,224629487
2024-07-19 10:34:13,40450.0,5200,Sell,224629488
2024-07-19 10:35:53,40450.0,500,Sell,224631962
2024-07-19 10:36:36,40450.0,3800,Sell,224632777
2024-07-19 10:38:14,40450.0,200,Sell,224634637
2024-07-19 10:38:14,40450.0,100,Sell,224634638
2024-07-19 10:38:14,40450.0,500,Sell,224634639
2024-07-19 10:38:14,40450.0,100,Sell,224634640
2024-07-19 10:38:14,40450.0,100,Sell,224634641
2024-07-19 10:38:14,40450.0,200,Sell,224634642
2024-07-19 10:38:14,40450.0,1500,Sell,224634643
2024-07-19 10:38:14,40450.0,200,Sell,224634644
2024-07-19 10:38:14,40450.0,2100,Sell,224634636
2024-07-19 10:40:57,40450.0,1000,Sell,224637304
2024-07-19 10:41:02,40450.0,2000,Sell,224637376
2024-07-19 10:41:36,40450.0,400,Sell,224637869
2024-07-19 10:41:36,40450.0,100,Sell,224637870
2024-07-19 10:41:36,40450.0,300,Sell,224637871
2024-07-19 10:42:56,40450.0,100,Sell,224639385
2024-07-19 10:42:56,40450.0,200,Sell,224639384
2024-07-19 10:42:56,40450.0,400,Sell,224639381
2024-07-19 10:42:56,40450.0,500,Sell,224639382
2024-07-19 10:42:56,40450.0,1200,Sell,224639383
2024-07-19 10:42:56,40450.0,700,Sell,224639380
2024-07-19 10:43:09,40450.0,500,Sell,224639603
2024-07-19 10:44:21,40450.0,400,Sell,224640879
2024-07-19 10:44:22,40450.0,500,Sell,224640883
2024-07-19 10:44:22,40450.0,100,Sell,224640882
2024-07-19 10:44:54,40450.0,800,Sell,224641706
2024-07-19 10:45:02,40450.0,100,Buy,224641844
2024-07-19 10:45:48,40400.0,600,Sell,224642789
2024-07-19 10:45:48,40400.0,100,Sell,224642787
2024-07-19 10:45:48,40400.0,600,Sell,224642786
2024-07-19 10:45:48,40400.0,400,Sell,224642781
2024-07-19 10:45:48,40400.0,200,Sell,224642788
2024-07-19 10:45:48,40400.0,100,Sell,224642779
2024-07-19 10:45:48,40400.0,200,Sell,224642778
2024-07-19 10:45:48,40400.0,100,Sell,224642777
2024-07-19 10:45:48,40400.0,1100,Sell,224642776
2024-07-19 10:45:48,40400.0,100,Sell,224642780
2024-07-19 10:45:58,40400.0,200,Sell,224643065
2024-07-19 10:45:58,40400.0,2000,Sell,224643070
2024-07-19 10:45:58,40400.0,400,Sell,224643069
2024-07-19 10:45:58,40400.0,400,Sell,224643068
2024-07-19 10:45:58,40400.0,300,Sell,224643067
2024-07-19 10:45:58,40400.0,5000,Sell,224643066
2024-07-19 10:45:58,40400.0,100,Sell,224643064
2024-07-19 10:45:58,40400.0,200,Sell,224643059
2024-07-19 10:45:58,40400.0,100,Sell,224643062
2024-07-19 10:45:58,40400.0,1000,Sell,224643061
2024-07-19 10:45:58,40400.0,100,Sell,224643060
2024-07-19 10:45:58,40400.0,100,Sell,224643058
2024-07-19 10:45:58,40400.0,1000,Sell,224643057
2024-07-19 10:45:58,40400.0,200,Sell,224643056
2024-07-19 10:45:58,40400.0,1400,Sell,224643055
2024-07-19 10:45:58,40400.0,100,Sell,224643063
2024-07-19 10:46:00,40300.0,100,Sell,224643129
2024-07-19 10:46:00,40300.0,300,Sell,224643132
2024-07-19 10:46:00,40300.0,200,Sell,224643131
2024-07-19 10:46:00,40350.0,100,Sell,224643128
2024-07-19 10:46:00,40300.0,100,Sell,224643130
2024-07-19 10:46:00,40350.0,100,Sell,224643126
2024-07-19 10:46:00,40350.0,100,Sell,224643123
2024-07-19 10:46:00,40350.0,100,Sell,224643124
2024-07-19 10:46:00,40350.0,1000,Sell,224643127
2024-07-19 10:46:00,40350.0,300,Sell,224643125
2024-07-19 10:46:00,40350.0,200,Sell,224643122
2024-07-19 10:46:23,40300.0,200,Sell,224643690
2024-07-19 10:46:23,40300.0,100,Sell,224643691
2024-07-19 10:46:23,40300.0,100,Sell,224643692
2024-07-19 10:46:23,40300.0,100,Sell,224643693
2024-07-19 10:46:55,40300.0,400,Sell,224644385
2024-07-19 10:46:55,40300.0,100,Sell,224644386
2024-07-19 10:46:55,40300.0,1000,Sell,224644387
2024-07-19 10:46:55,40300.0,100,Sell,224644388
2024-07-19 10:46:55,40300.0,500,Sell,224644389
2024-07-19 10:46:55,40300.0,200,Sell,224644390
2024-07-19 10:46:55,40300.0,100,Sell,224644391
2024-07-19 10:46:55,40300.0,100,Sell,224644384
2024-07-19 10:47:02,40300.0,100,Buy,224644586
2024-07-19 10:47:31,40300.0,100,Buy,224645369
2024-07-19 10:48:01,40300.0,200,Buy,224646169
2024-07-19 10:48:31,40300.0,200,Buy,224646977
2024-07-19 10:49:08,40300.0,100,Buy,224648004
2024-07-19 10:49:21,40250.0,1600,Sell,224648446
2024-07-19 10:49:21,40250.0,100,Sell,224648447
2024-07-19 10:49:21,40250.0,200,Sell,224648448
2024-07-19 10:49:21,40250.0,600,Sell,224648449
2024-07-19 10:49:21,40250.0,200,Sell,224648450
2024-07-19 10:49:21,40250.0,1000,Sell,224648451
2024-07-19 10:49:21,40250.0,3300,Sell,224648452
2024-07-19 10:49:24,40250.0,200,Sell,224648513
2024-07-19 10:49:26,40250.0,100,Sell,224648586
2024-07-19 10:49:26,40250.0,100,Sell,224648587
2024-07-19 10:49:26,40250.0,300,Sell,224648585
2024-07-19 10:49:29,40200.0,100,Sell,224648680
2024-07-19 10:49:29,40200.0,100,Sell,224648685
2024-07-19 10:49:30,40200.0,200,Sell,224648691
2024-07-19 10:49:30,40200.0,300,Sell,224648692
2024-07-19 10:49:30,40200.0,200,Sell,224648690
2024-07-19 10:49:30,40200.0,100,Sell,224648693
2024-07-19 10:49:30,40200.0,100,Sell,224648688
2024-07-19 10:49:30,40200.0,100,Sell,224648687
2024-07-19 10:49:30,40200.0,200,Sell,224648689
2024-07-19 10:49:30,40200.0,100,Sell,224648686
2024-07-19 10:50:07,40150.0,200,Sell,224649742
2024-07-19 10:50:14,40150.0,100,Sell,224649936
2024-07-19 10:50:14,40150.0,100,Sell,224649935
2024-07-19 10:50:14,40150.0,100,Sell,224649937
2024-07-19 10:50:23,40150.0,300,Buy,224650143
2024-07-19 10:50:28,40150.0,100,Buy,224650289
2024-07-19 10:50:38,40150.0,300,Buy,224650469
2024-07-19 10:50:38,40150.0,100,Buy,224650470
2024-07-19 10:50:40,40150.0,400,Sell,224650509
2024-07-19 10:50:47,40150.0,2000,Sell,224650697
2024-07-19 10:50:51,40200.0,100,Buy,224650775
2024-07-19 10:50:53,40200.0,500,Buy,224650812
2024-07-19 10:50:55,40200.0,100,Buy,224650896
2024-07-19 10:50:57,40200.0,400,Sell,224650958
2024-07-19 10:50:57,40150.0,200,Sell,224650959
2024-07-19 10:51:03,40200.0,500,Sell,224651110
2024-07-19 10:51:06,40150.0,3000,Sell,224651245
2024-07-19 10:51:24,40200.0,500,Buy,224651661
2024-07-19 10:51:24,40200.0,500,Buy,224651660
2024-07-19 10:52:08,40200.0,200,Sell,224652882
2024-07-19 10:52:36,40200.0,200,Sell,224653502
2024-07-19 10:52:36,40200.0,1500,Sell,224653503
2024-07-19 10:52:36,40200.0,800,Sell,224653501
2024-07-19 10:52:40,40200.0,1000,Sell,224653574
2024-07-19 10:52:45,40200.0,2500,Sell,224653684
2024-07-19 10:52:45,40200.0,500,Sell,224653685
2024-07-19 10:53:00,40200.0,100,Buy,224654093
2024-07-19 10:53:00,40200.0,600,Buy,224654097
2024-07-19 10:53:04,40200.0,1200,Buy,224654143
2024-07-19 10:53:05,40200.0,200,Buy,224654148
2024-07-19 10:53:15,40200.0,300,Buy,224654462
2024-07-19 10:53:32,40200.0,100,Buy,224654793
2024-07-19 10:53:32,40200.0,400,Buy,224654794
2024-07-19 10:53:33,40200.0,1000,Buy,224654902
2024-07-19 10:53:35,40200.0,100,Buy,224654919
2024-07-19 10:54:29,40200.0,400,Sell,224656069
2024-07-19 10:54:29,40200.0,100,Sell,224656068
2024-07-19 10:54:29,40200.0,100,Sell,224656067
2024-07-19 10:54:29,40200.0,100,Sell,224656066
2024-07-19 10:54:30,40200.0,300,Sell,224656079
2024-07-19 10:54:30,40200.0,600,Sell,224656077
2024-07-19 10:54:30,40200.0,100,Sell,224656078
2024-07-19 10:54:31,40200.0,100,Sell,224656091
2024-07-19 10:54:41,40200.0,100,Buy,224656220
2024-07-19 10:54:46,40200.0,100,Buy,224656334
2024-07-19 10:54:46,40200.0,100,Buy,224656345
2024-07-19 10:54:48,40200.0,100,Buy,224656362
2024-07-19 10:55:03,40200.0,100,Buy,224656669
2024-07-19 10:55:03,40200.0,500,Buy,224656670
2024-07-19 10:55:47,40200.0,100,Buy,224657610
2024-07-19 10:55:53,40200.0,200,Buy,224657716
2024-07-19 10:55:53,40200.0,400,Buy,224657715
2024-07-19 10:56:28,40200.0,1000,Sell,224658645
2024-07-19 10:56:35,40200.0,3400,Sell,224658860
2024-07-19 10:56:35,40200.0,500,Sell,224658861
2024-07-19 10:56:35,40200.0,1100,Sell,224658862
2024-07-19 10:56:40,40200.0,500,Sell,224658932
2024-07-19 10:56:56,40200.0,200,Sell,224659392
2024-07-19 10:56:56,40200.0,1000,Sell,224659391
2024-07-19 10:56:56,40200.0,100,Sell,224659389
2024-07-19 10:56:56,40200.0,500,Sell,224659390
2024-07-19 10:57:21,40200.0,100,Buy,224659967
2024-07-19 10:57:33,40200.0,1000,Buy,224660382
2024-07-19 10:57:33,40150.0,1000,Sell,224660400
2024-07-19 10:57:36,40150.0,300,Sell,224660466
2024-07-19 10:57:51,40150.0,1000,Sell,224660731
2024-07-19 10:58:05,40150.0,2300,Sell,224661085
2024-07-19 10:58:10,40150.0,100,Sell,224661160
2024-07-19 10:58:11,40200.0,100,Buy,224661161
2024-07-19 10:58:11,40200.0,400,Buy,224661162
2024-07-19 10:58:49,40150.0,300,Sell,224661940
2024-07-19 10:58:49,40150.0,200,Sell,224661941
2024-07-19 10:59:23,40150.0,8900,Sell,224662464
2024-07-19 10:59:53,40150.0,500,Sell,224662987
2024-07-19 10:59:56,40150.0,800,Sell,224663014
2024-07-19 10:59:56,40150.0,100,Sell,224663012
2024-07-19 10:59:56,40150.0,500,Sell,224663011
2024-07-19 10:59:56,40150.0,1000,Sell,224663010
2024-07-19 10:59:56,40150.0,100,Sell,224663008
2024-07-19 10:59:56,40150.0,200,Sell,224663009
2024-07-19 10:59:56,40150.0,400,Sell,224663007
2024-07-19 11:00:05,40150.0,200,Sell,224663147
2024-07-19 11:00:05,40150.0,100,Sell,224663145
2024-07-19 11:00:05,40150.0,200,Sell,224663146
2024-07-19 11:00:11,40150.0,800,Sell,224663258
2024-07-19 11:00:11,40150.0,100,Sell,224663259
2024-07-19 11:00:11,40150.0,2000,Sell,224663260
2024-07-19 11:00:11,40150.0,1000,Sell,224663261
2024-07-19 11:00:11,40150.0,100,Sell,224663262
2024-07-19 11:00:11,40150.0,500,Sell,224663263
2024-07-19 11:00:11,40150.0,500,Sell,224663264
2024-07-19 11:00:16,40150.0,500,Sell,224663357
2024-07-19 11:00:53,40150.0,1000,Buy,224663987
2024-07-19 11:01:15,40100.0,100,Sell,224664292
2024-07-19 11:01:15,40100.0,100,Sell,224664293
2024-07-19 11:01:15,40100.0,200,Sell,224664294
2024-07-19 11:01:15,40100.0,200,Sell,224664295
2024-07-19 11:01:15,40100.0,900,Sell,224664296
2024-07-19 11:01:40,40100.0,400,Sell,224664802
2024-07-19 11:01:40,40100.0,3100,Sell,224664801
2024-07-19 11:01:43,40100.0,300,Sell,224664854
2024-07-19 11:01:43,40100.0,600,Sell,224664852
2024-07-19 11:01:43,40100.0,100,Sell,224664853
2024-07-19 11:02:07,40100.0,800,Sell,224665226
2024-07-19 11:02:07,40100.0,500,Sell,224665227
2024-07-19 11:02:07,40100.0,100,Sell,224665228
2024-07-19 11:02:07,40100.0,100,Sell,224665229
2024-07-19 11:02:07,40100.0,100,Sell,224665230
2024-07-19 11:02:07,40100.0,100,Sell,224665231
2024-07-19 11:02:28,40100.0,100,Sell,224665653
2024-07-19 11:02:28,40100.0,1600,Sell,224665654
2024-07-19 11:02:28,40100.0,800,Sell,224665655
2024-07-19 11:03:57,40150.0,100,Buy,224666960
2024-07-19 11:04:03,40150.0,700,Buy,224667038
2024-07-19 11:04:16,40150.0,1300,Buy,224667213
2024-07-19 11:04:57,40150.0,900,Sell,224668114
2024-07-19 11:05:00,40100.0,100,Sell,224668244
2024-07-19 11:05:36,40100.0,100,Sell,224669083
2024-07-19 11:05:36,40100.0,300,Sell,224669081
2024-07-19 11:05:36,40100.0,100,Sell,224669082
2024-07-19 11:05:40,40100.0,400,Sell,224669169
2024-07-19 11:05:41,40100.0,500,Sell,224669184
2024-07-19 11:05:41,40100.0,100,Sell,224669185
2024-07-19 11:05:41,40100.0,500,Sell,224669186
2024-07-19 11:05:41,40100.0,100,Sell,224669187
2024-07-19 11:06:16,40100.0,500,Sell,224669839
2024-07-19 11:06:16,40100.0,100,Sell,224669838
2024-07-19 11:06:16,40100.0,100,Sell,224669837
2024-07-19 11:06:16,40100.0,100,Sell,224669835
2024-07-19 11:06:16,40100.0,1000,Sell,224669834
2024-07-19 11:06:16,40100.0,900,Sell,224669833
2024-07-19 11:06:16,40100.0,100,Sell,224669836
2024-07-19 11:06:21,40100.0,400,Buy,224669929
2024-07-19 11:06:28,40050.0,300,Sell,224670127
2024-07-19 11:06:28,40050.0,100,Sell,224670128
2024-07-19 11:06:28,40050.0,100,Sell,224670129
2024-07-19 11:06:36,40050.0,900,Sell,224670318
2024-07-19 11:06:36,40050.0,3000,Sell,224670317
2024-07-19 11:06:36,40050.0,500,Sell,224670316
2024-07-19 11:06:36,40050.0,400,Sell,224670314
2024-07-19 11:06:36,40050.0,200,Sell,224670315
2024-07-19 11:06:39,40050.0,100,Sell,224670382
2024-07-19 11:06:39,40050.0,100,Sell,224670383
2024-07-19 11:06:39,40050.0,200,Sell,224670384
2024-07-19 11:06:39,40050.0,100,Sell,224670385
2024-07-19 11:06:39,40050.0,500,Sell,224670386
2024-07-19 11:06:39,40050.0,500,Sell,224670387
2024-07-19 11:06:39,40050.0,100,Sell,224670388
2024-07-19 11:06:48,40000.0,500,Sell,224670588
2024-07-19 11:06:48,40000.0,100,Sell,224670589
2024-07-19 11:06:48,40000.0,500,Sell,224670590
2024-07-19 11:06:48,40000.0,300,Sell,224670595
2024-07-19 11:06:48,40000.0,200,Sell,224670592
2024-07-19 11:06:48,40000.0,500,Sell,224670593
2024-07-19 11:06:48,40000.0,500,Sell,224670594
2024-07-19 11:06:48,40000.0,1000,Sell,224670591
2024-07-19 11:06:48,40000.0,500,Sell,224670587
2024-07-19 11:06:48,40000.0,100,Sell,224670585
2024-07-19 11:06:48,40000.0,1000,Sell,224670584
2024-07-19 11:06:48,40000.0,100,Sell,224670583
2024-07-19 11:06:48,40000.0,200,Sell,224670582
2024-07-19 11:06:48,40000.0,100,Sell,224670581
2024-07-19 11:06:48,40000.0,500,Sell,224670580
2024-07-19 11:06:48,40000.0,300,Sell,224670579
2024-07-19 11:06:48,40000.0,100,Sell,224670578
2024-07-19 11:06:48,40050.0,100,Sell,224670577
2024-07-19 11:06:48,40000.0,300,Sell,224670586
2024-07-19 11:06:52,40000.0,500,Sell,224670634
2024-07-19 11:06:57,40000.0,300,Sell,224670763
2024-07-19 11:07:18,40000.0,700,Sell,224671444
2024-07-19 11:07:18,40000.0,2000,Sell,224671443
2024-07-19 11:07:18,40000.0,100,Sell,224671442
2024-07-19 11:07:18,40000.0,100,Sell,224671440
2024-07-19 11:07:18,40000.0,100,Sell,224671439
2024-07-19 11:07:18,40000.0,3900,Sell,224671438
2024-07-19 11:07:18,40000.0,100,Sell,224671441
2024-07-19 11:07:19,40000.0,200,Sell,224671475
2024-07-19 11:07:23,40000.0,5500,Sell,224671608
2024-07-19 11:07:29,40000.0,100,Sell,224671748
2024-07-19 11:07:29,40000.0,100,Sell,224671752
2024-07-19 11:07:29,40000.0,100,Sell,224671751
2024-07-19 11:07:29,40000.0,500,Sell,224671750
2024-07-19 11:07:29,40000.0,100,Sell,224671749
2024-07-19 11:07:29,40000.0,2000,Sell,224671747
2024-07-19 11:07:29,40000.0,100,Sell,224671741
2024-07-19 11:07:29,40000.0,100,Sell,224671745
2024-07-19 11:07:29,40000.0,200,Sell,224671744
2024-07-19 11:07:29,40000.0,2000,Sell,224671743
2024-07-19 11:07:29,40000.0,1000,Sell,224671742
2024-07-19 11:07:29,40000.0,3600,Sell,224671740
2024-07-19 11:07:29,40000.0,100,Sell,224671746
2024-07-19 11:07:32,40000.0,100,Sell,224671832
2024-07-19 11:07:32,40000.0,400,Sell,224671839
2024-07-19 11:07:32,40000.0,100,Sell,224671838
2024-07-19 11:07:32,40000.0,100,Sell,224671837
2024-07-19 11:07:32,40000.0,200,Sell,224671836
2024-07-19 11:07:32,40000.0,500,Sell,224671835
2024-07-19 11:07:32,40000.0,100,Sell,224671834
2024-07-19 11:07:32,40000.0,100,Sell,224671833
2024-07-19 11:07:32,40000.0,100,Sell,224671831
2024-07-19 11:07:32,40000.0,1000,Sell,224671824
2024-07-19 11:07:32,40000.0,1000,Sell,224671829
2024-07-19 11:07:32,40000.0,100,Sell,224671828
2024-07-19 11:07:32,40000.0,500,Sell,224671827
2024-07-19 11:07:32,40000.0,100,Sell,224671826
2024-07-19 11:07:32,40000.0,100,Sell,224671825
2024-07-19 11:07:32,40000.0,300,Sell,224671823
2024-07-19 11:07:32,40000.0,200,Sell,224671822
2024-07-19 11:07:32,40000.0,100,Sell,224671821
2024-07-19 11:07:32,40000.0,100,Sell,224671820
2024-07-19 11:07:32,40000.0,200,Sell,224671830
2024-07-19 11:07:44,40000.0,600,Sell,224672123
2024-07-19 11:07:44,40000.0,100,Sell,224672124
2024-07-19 11:07:44,40000.0,100,Sell,224672125
2024-07-19 11:07:44,40000.0,1000,Sell,224672126
2024-07-19 11:07:44,40000.0,500,Sell,224672127
2024-07-19 11:07:45,40000.0,500,Buy,224672130
2024-07-19 11:07:57,40000.0,100,Buy,224672287
2024-07-19 11:08:05,40000.0,100,Buy,224672406
2024-07-19 11:08:07,40000.0,500,Buy,224672423
2024-07-19 11:08:24,39950.0,2000,Sell,224672756
2024-07-19 11:08:24,39950.0,300,Sell,224672757
2024-07-19 11:08:24,39950.0,100,Sell,224672758
2024-07-19 11:08:24,39950.0,300,Sell,224672759
2024-07-19 11:08:24,39950.0,200,Sell,224672760
2024-07-19 11:08:24,39950.0,100,Sell,224672761
2024-07-19 11:08:33,39950.0,1000,Buy,224672960
2024-07-19 11:08:40,39950.0,300,Buy,224673192
2024-07-19 11:08:47,39950.0,100,Buy,224673501
2024-07-19 11:08:59,39800.0,300,Sell,224673978
2024-07-19 11:08:59,39800.0,100,Sell,224673977
2024-07-19 11:08:59,39850.0,500,Sell,224673976
2024-07-19 11:08:59,39850.0,300,Sell,224673975
2024-07-19 11:08:59,39900.0,200,Sell,224673974
2024-07-19 11:08:59,39900.0,100,Sell,224673969
2024-07-19 11:08:59,39900.0,100,Sell,224673970
2024-07-19 11:08:59,39900.0,100,Sell,224673973
2024-07-19 11:08:59,39900.0,100,Sell,224673972
2024-07-19 11:08:59,39900.0,200,Sell,224673971
2024-07-19 11:09:50,39850.0,100,Sell,224676033
2024-07-19 11:10:02,39900.0,100,Buy,224676740
2024-07-19 11:10:08,39850.0,1000,Sell,224676939
2024-07-19 11:10:21,39900.0,400,Buy,224677682
2024-07-19 11:10:29,39900.0,100,Sell,224678029
2024-07-19 11:10:30,39900.0,400,Buy,224678081
2024-07-19 11:10:48,39950.0,100,Buy,224678903
2024-07-19 11:10:51,39900.0,100,Sell,224679067
2024-07-19 11:10:51,39900.0,200,Sell,224679068
2024-07-19 11:10:51,39900.0,500,Sell,224679069
2024-07-19 11:10:56,39900.0,100,Sell,224679230
2024-07-19 11:10:59,39900.0,1000,Sell,224679384
2024-07-19 11:11:01,39950.0,500,Buy,224679413
2024-07-19 11:11:08,39900.0,500,Sell,224679747
2024-07-19 11:11:13,39900.0,200,Sell,224679949
2024-07-19 11:11:17,39900.0,200,Sell,224680105
2024-07-19 11:11:17,39900.0,1000,Sell,224680106
2024-07-19 11:11:17,39900.0,200,Sell,224680107
2024-07-19 11:11:17,39900.0,2700,Sell,224680104
2024-07-19 11:11:24,39900.0,400,Sell,224680373
2024-07-19 11:11:25,39900.0,1000,Sell,224680376
2024-07-19 11:11:32,39900.0,100,Sell,224680582
2024-07-19 11:11:32,39900.0,1000,Sell,224680583
2024-07-19 11:11:32,39900.0,600,Sell,224680584
2024-07-19 11:12:02,39850.0,200,Sell,224681595
2024-07-19 11:12:02,39850.0,100,Sell,224681596
2024-07-19 11:12:02,39850.0,1000,Sell,224681597
2024-07-19 11:12:02,39850.0,100,Sell,224681598
2024-07-19 11:12:02,39850.0,600,Sell,224681599
2024-07-19 11:12:12,39850.0,100,Sell,224681831
2024-07-19 11:12:12,39850.0,100,Sell,224681832
2024-07-19 11:12:13,39850.0,400,Sell,224681846
2024-07-19 11:12:13,39850.0,600,Sell,224681847
2024-07-19 11:12:21,39850.0,400,Sell,224682209
2024-07-19 11:12:21,39850.0,1000,Sell,224682210
2024-07-19 11:12:21,39850.0,100,Sell,224682211
2024-07-19 11:12:21,39850.0,300,Sell,224682212
2024-07-19 11:12:21,39850.0,400,Sell,224682213
2024-07-19 11:12:21,39850.0,500,Sell,224682214
2024-07-19 11:12:23,39850.0,500,Sell,224682230
2024-07-19 11:12:23,39850.0,100,Sell,224682231
2024-07-19 11:12:23,39850.0,200,Sell,224682232
2024-07-19 11:12:26,39850.0,500,Buy,224682391
2024-07-19 11:12:32,39850.0,200,Sell,224682641
2024-07-19 11:12:40,39850.0,300,Sell,224683011
2024-07-19 11:12:44,39850.0,200,Buy,224683109
2024-07-19 11:12:48,39800.0,100,Sell,224683316
2024-07-19 11:12:48,39800.0,100,Sell,224683315
2024-07-19 11:12:48,39800.0,100,Sell,224683314
2024-07-19 11:12:48,39800.0,100,Sell,224683313
2024-07-19 11:12:48,39800.0,500,Sell,224683312
2024-07-19 11:12:48,39800.0,100,Sell,224683311
2024-07-19 11:12:48,39800.0,200,Sell,224683310
2024-07-19 11:12:48,39800.0,500,Sell,224683309
2024-07-19 11:12:48,39800.0,300,Sell,224683308
2024-07-19 11:12:48,39800.0,100,Sell,224683307
2024-07-19 11:12:48,39800.0,300,Sell,224683306
2024-07-19 11:12:48,39800.0,100,Sell,224683305
2024-07-19 11:12:48,39800.0,200,Sell,224683304
2024-07-19 11:12:48,39800.0,100,Sell,224683317
2024-07-19 11:12:48,39800.0,500,Sell,224683302
2024-07-19 11:12:48,39800.0,1000,Sell,224683301
2024-07-19 11:12:48,39800.0,100,Sell,224683300
2024-07-19 11:12:48,39800.0,200,Sell,224683299
2024-07-19 11:12:48,39800.0,2000,Sell,224683298
2024-07-19 11:12:48,39800.0,100,Sell,224683297
2024-07-19 11:12:48,39800.0,10000,Sell,224683296
2024-07-19 11:12:48,39800.0,1000,Sell,224683295
2024-07-19 11:12:48,39800.0,1000,Sell,224683294
2024-07-19 11:12:48,39800.0,300,Sell,224683293
2024-07-19 11:12:48,39800.0,500,Sell,224683292
2024-07-19 11:12:48,39800.0,200,Sell,224683291
2024-07-19 11:12:48,39800.0,100,Sell,224683303
2024-07-19 11:12:48,39800.0,200,Sell,224683290
2024-07-19 11:12:49,39850.0,200,Buy,224683335
2024-07-19 11:12:49,39850.0,300,Buy,224683334
2024-07-19 11:12:56,39800.0,200,Sell,224683538
2024-07-19 11:13:13,39800.0,200,Sell,224683991
2024-07-19 11:13:13,39800.0,100,Sell,224683992
2024-07-19 11:13:13,39800.0,700,Sell,224683993
2024-07-19 11:13:21,39800.0,300,Sell,224684278
2024-07-19 11:13:21,39800.0,100,Sell,224684279
2024-07-19 11:13:21,39800.0,500,Sell,224684280
2024-07-19 11:13:21,39800.0,500,Sell,224684281
2024-07-19 11:13:36,39800.0,100,Buy,224684718
2024-07-19 11:13:36,39800.0,500,Buy,224684722
2024-07-19 11:13:40,39800.0,200,Buy,224684803
2024-07-19 11:13:40,39800.0,500,Buy,224684804
2024-07-19 11:13:42,39800.0,200,Buy,224684863
2024-07-19 11:13:43,39800.0,100,Sell,224684883
2024-07-19 11:13:45,39800.0,200,Buy,224684977
2024-07-19 11:13:51,39800.0,100,Sell,224685163
2024-07-19 11:13:51,39800.0,500,Sell,224685164
2024-07-19 11:14:06,39750.0,200,Sell,224685538
2024-07-19 11:14:06,39750.0,800,Sell,224685539
2024-07-19 11:14:07,39800.0,500,Buy,224685571
2024-07-19 11:14:14,39800.0,200,Buy,224685756
2024-07-19 11:14:25,39800.0,100,Buy,224686046
2024-07-19 11:14:28,39800.0,500,Buy,224686103
2024-07-19 11:14:31,39800.0,200,Buy,224686191
2024-07-19 11:14:31,39750.0,500,Sell,224686203
2024-07-19 11:14:40,39800.0,200,Buy,224686430
2024-07-19 11:14:59,39800.0,700,Buy,224687180
2024-07-19 11:14:59,39800.0,300,Buy,224687181
2024-07-19 11:15:00,39750.0,1000,Sell,224687206
2024-07-19 11:15:00,39750.0,1000,Sell,224687205
2024-07-19 11:15:00,39750.0,500,Sell,224687204
2024-07-19 11:15:00,39750.0,1000,Sell,224687203
2024-07-19 11:15:00,39750.0,100,Sell,224687202
2024-07-19 11:15:03,39750.0,200,Buy,224687281
2024-07-19 11:15:09,39750.0,100,Buy,224687498
2024-07-19 11:15:10,39750.0,100,Buy,224687527
2024-07-19 11:15:14,39750.0,300,Buy,224687599
2024-07-19 11:15:17,39750.0,100,Buy,224687676
2024-07-19 11:15:19,39700.0,500,Sell,224687895
2024-07-19 11:15:19,39700.0,100,Sell,224687894
2024-07-19 11:15:19,39700.0,100,Sell,224687891
2024-07-19 11:15:19,39700.0,500,Sell,224687892
2024-07-19 11:15:19,39700.0,1000,Sell,224687893
2024-07-19 11:15:23,39700.0,400,Sell,224687976
2024-07-19 11:15:25,39700.0,500,Sell,224688075
2024-07-19 11:15:25,39700.0,500,Sell,224688076
2024-07-19 11:15:31,39750.0,1600,Buy,224688198
2024-07-19 11:15:31,39750.0,200,Buy,224688199
2024-07-19 11:15:31,39750.0,6800,Buy,224688200
2024-07-19 11:15:38,39750.0,1400,Sell,224688378
2024-07-19 11:15:38,39700.0,100,Sell,224688379
2024-07-19 11:15:38,39700.0,200,Sell,224688380
2024-07-19 11:15:38,39700.0,200,Sell,224688381
2024-07-19 11:15:38,39700.0,100,Sell,224688382
2024-07-19 11:15:42,39700.0,200,Sell,224688474
2024-07-19 11:15:42,39700.0,500,Sell,224688473
2024-07-19 11:15:42,39700.0,100,Sell,224688472
2024-07-19 11:15:42,39700.0,1000,Sell,224688471
2024-07-19 11:15:42,39700.0,100,Sell,224688469
2024-07-19 11:15:42,39700.0,100,Sell,224688470
2024-07-19 11:15:42,39700.0,200,Sell,224688466
2024-07-19 11:15:42,39700.0,1300,Sell,224688468
2024-07-19 11:15:42,39700.0,500,Sell,224688467
2024-07-19 11:15:48,39700.0,800,Sell,224688618
2024-07-19 11:15:48,39700.0,2200,Sell,224688619
2024-07-19 11:15:56,39800.0,100,Buy,224688780
2024-07-19 11:15:57,39700.0,2800,Sell,224688809
2024-07-19 11:15:57,39700.0,1000,Sell,224688811
2024-07-19 11:15:57,39700.0,100,Sell,224688812
2024-07-19 11:15:57,39700.0,100,Sell,224688810
2024-07-19 11:16:02,39700.0,100,Sell,224688916
2024-07-19 11:16:11,39700.0,300,Buy,224689169
2024-07-19 11:16:14,39700.0,200,Sell,224689253
2024-07-19 11:16:17,39700.0,100,Sell,224689346
2024-07-19 11:16:17,39650.0,1900,Sell,224689347
2024-07-19 11:16:25,39650.0,500,Sell,224689527
2024-07-19 11:16:25,39650.0,1200,Sell,224689526
2024-07-19 11:16:25,39700.0,200,Sell,224689524
2024-07-19 11:16:25,39650.0,1100,Sell,224689525
2024-07-19 11:16:40,39650.0,100,Sell,224689893
2024-07-19 11:16:40,39650.0,500,Sell,224689892
2024-07-19 11:17:01,39700.0,500,Sell,224690423
2024-07-19 11:17:16,39700.0,300,Sell,224690741
2024-07-19 11:17:17,39700.0,200,Sell,224690773
2024-07-19 11:17:17,39700.0,300,Sell,224690774
2024-07-19 11:17:17,39700.0,500,Sell,224690775
2024-07-19 11:17:43,39750.0,300,Sell,224691242
2024-07-19 11:17:43,39700.0,500,Sell,224691243
2024-07-19 11:17:43,39700.0,300,Sell,224691245
2024-07-19 11:17:43,39700.0,500,Sell,224691246
2024-07-19 11:17:43,39700.0,1000,Sell,224691247
2024-07-19 11:17:43,39700.0,1300,Sell,224691248
2024-07-19 11:17:43,39700.0,500,Sell,224691244
2024-07-19 11:17:46,39700.0,1000,Sell,224691300
2024-07-19 11:17:54,39800.0,500,Buy,224691442
2024-07-19 11:17:55,39700.0,400,Sell,224691453
2024-07-19 11:17:55,39750.0,100,Sell,224691452
2024-07-19 11:18:08,39800.0,700,Buy,224691827
2024-07-19 11:18:15,39800.0,600,Buy,224691947
2024-07-19 11:18:15,39800.0,400,Buy,224691946
2024-07-19 11:18:32,39800.0,1300,Buy,224692323
2024-07-19 11:18:33,39800.0,1000,Buy,224692337
2024-07-19 11:18:36,39800.0,300,Buy,224692392
2024-07-19 11:18:48,39800.0,100,Buy,224692586
2024-07-19 11:19:08,39800.0,200,Buy,224693050
2024-07-19 11:19:12,39800.0,600,Buy,224693101
2024-07-19 11:19:25,39750.0,1000,Sell,224693360
2024-07-19 11:19:25,39750.0,500,Sell,224693361
2024-07-19 11:19:25,39750.0,1000,Sell,224693362
2024-07-19 11:19:25,39750.0,1000,Sell,224693363
2024-07-19 11:19:25,39750.0,400,Sell,224693364
2024-07-19 11:19:29,39800.0,200,Buy,224693425
2024-07-19 11:19:34,39800.0,100,Buy,224693524
2024-07-19 11:19:46,39750.0,1000,Sell,224693816
2024-07-19 11:19:46,39750.0,500,Sell,224693818
2024-07-19 11:19:46,39750.0,1000,Sell,224693814
2024-07-19 11:19:46,39750.0,800,Sell,224693815
2024-07-19 11:19:46,39750.0,200,Sell,224693817
2024-07-19 11:19:46,39750.0,100,Sell,224693813
2024-07-19 11:19:57,39750.0,100,Buy,224693993
2024-07-19 11:20:01,39750.0,100,Buy,224694059
2024-07-19 11:20:01,39750.0,1000,Buy,224694064
2024-07-19 11:20:18,39750.0,500,Buy,224694470
2024-07-19 11:20:19,39750.0,300,Buy,224694496
2024-07-19 11:20:37,39750.0,100,Sell,224694799
2024-07-19 11:20:53,39750.0,100,Sell,224695142
2024-07-19 11:20:53,39750.0,500,Sell,224695143
2024-07-19 11:21:15,39800.0,300,Buy,224695646
2024-07-19 11:21:40,39800.0,600,Buy,224696146
2024-07-19 11:21:49,39800.0,100,Buy,224696305
2024-07-19 11:21:52,39800.0,200,Buy,224696350
2024-07-19 11:22:09,39750.0,800,Sell,224696632
2024-07-19 11:22:09,39750.0,200,Sell,224696631
2024-07-19 11:22:09,39750.0,100,Sell,224696629
2024-07-19 11:22:09,39750.0,200,Sell,224696630
2024-07-19 11:22:09,39750.0,100,Sell,224696628
2024-07-19 11:22:09,39750.0,400,Sell,224696626
2024-07-19 11:22:09,39750.0,200,Sell,224696625
2024-07-19 11:22:09,39750.0,1100,Sell,224696624
2024-07-19 11:22:09,39750.0,1000,Sell,224696623
2024-07-19 11:22:09,39750.0,900,Sell,224696627
2024-07-19 11:22:27,39750.0,1000,Sell,224696949
2024-07-19 11:22:27,39750.0,200,Sell,224696947
2024-07-19 11:22:27,39750.0,100,Sell,224696948
2024-07-19 11:22:27,39750.0,2000,Sell,224696945
2024-07-19 11:22:27,39750.0,1000,Sell,224696944
2024-07-19 11:22:27,39750.0,200,Sell,224696943
2024-07-19 11:22:27,39750.0,100,Sell,224696946
2024-07-19 11:22:28,39750.0,500,Buy,224696962
2024-07-19 11:22:29,39750.0,100,Buy,224696994
2024-07-19 11:22:30,39750.0,700,Buy,224697007
2024-07-19 11:22:37,39750.0,100,Buy,224697109
2024-07-19 11:22:43,39750.0,100,Buy,224697208
2024-07-19 11:22:43,39750.0,3000,Buy,224697215
2024-07-19 11:22:46,39750.0,300,Buy,224697258
2024-07-19 11:22:46,39750.0,100,Buy,224697259
2024-07-19 11:22:48,39750.0,100,Buy,224697285
2024-07-19 11:23:07,39750.0,200,Buy,224697629
2024-07-19 11:23:07,39750.0,1200,Buy,224697634
2024-07-19 11:23:17,39750.0,100,Buy,224697772
2024-07-19 11:23:21,39750.0,4000,Buy,224697818
2024-07-19 11:23:24,39750.0,100,Buy,224697855
2024-07-19 11:23:28,39750.0,100,Buy,224697922
2024-07-19 11:23:31,39700.0,500,Sell,224698001
2024-07-19 11:23:31,39700.0,100,Sell,224698000
2024-07-19 11:23:31,39750.0,100,Buy,224698003
2024-07-19 11:23:31,39700.0,300,Sell,224697998
2024-07-19 11:23:31,39700.0,1300,Sell,224697997
2024-07-19 11:23:31,39700.0,100,Sell,224697999
2024-07-19 11:23:31,39700.0,700,Sell,224698002
2024-07-19 11:23:32,39750.0,500,Buy,224698009
2024-07-19 11:23:34,39750.0,4100,Buy,224698038
2024-07-19 11:23:34,39750.0,300,Buy,224698039
2024-07-19 11:24:12,39800.0,100,Buy,224698743
2024-07-19 11:24:23,39800.0,200,Buy,224698938
2024-07-19 11:24:29,39800.0,100,Buy,224699003
2024-07-19 11:24:30,39800.0,100,Buy,224699007
2024-07-19 11:24:38,39800.0,100,Buy,224699125
2024-07-19 11:24:42,39800.0,100,Buy,224699213
2024-07-19 11:24:44,39800.0,100,Buy,224699264
2024-07-19 11:24:48,39800.0,1000,Buy,224699327
2024-07-19 11:24:53,39800.0,100,Buy,224699419
2024-07-19 11:24:59,39800.0,800,Buy,224699506
2024-07-19 11:25:01,39800.0,300,Buy,224699543
2024-07-19 11:25:09,39800.0,2900,Buy,224699694
2024-07-19 11:25:12,39800.0,200,Buy,224699738
2024-07-19 11:25:13,39800.0,15000,Buy,224699742
2024-07-19 11:25:13,39800.0,2000,Buy,224699748
2024-07-19 11:25:16,39800.0,800,Buy,224699824
2024-07-19 11:25:18,39800.0,100,Buy,224699846
2024-07-19 11:25:19,39800.0,200,Buy,224699859
2024-07-19 11:25:22,39800.0,100,Buy,224699906
2024-07-19 11:25:24,39800.0,3000,Buy,224699949
2024-07-19 11:25:26,39800.0,1000,Buy,224699971
2024-07-19 11:25:31,39800.0,1000,Buy,224700048
2024-07-19 11:25:31,39800.0,100,Buy,224700054
2024-07-19 11:25:31,39800.0,1500,Buy,224700055
2024-07-19 11:25:35,39800.0,400,Buy,224700102
2024-07-19 11:25:35,39800.0,500,Buy,224700100
2024-07-19 11:25:35,39800.0,100,Buy,224700101
2024-07-19 11:25:36,39800.0,200,Buy,224700104
2024-07-19 11:25:37,39800.0,100,Buy,224700114
2024-07-19 11:25:38,39800.0,2900,Buy,224700129
2024-07-19 11:25:43,39800.0,1000,Buy,224700197
2024-07-19 11:25:46,39800.0,400,Buy,224700239
2024-07-19 11:25:46,39800.0,600,Buy,224700240
2024-07-19 11:25:46,39800.0,400,Buy,224700241
2024-07-19 11:25:46,39800.0,200,Buy,224700242
2024-07-19 11:25:46,39800.0,400,Buy,224700243
2024-07-19 11:25:47,39800.0,100,Buy,224700261
2024-07-19 11:25:47,39800.0,100,Buy,224700259
2024-07-19 11:25:47,39800.0,300,Buy,224700260
2024-07-19 11:25:47,39800.0,100,Buy,224700245
2024-07-19 11:25:57,39800.0,900,Buy,224700404
2024-07-19 11:25:57,39800.0,100,Buy,224700405
2024-07-19 11:25:59,39800.0,100,Buy,224700448
2024-07-19 11:26:01,39800.0,1000,Buy,224700465
2024-07-19 11:26:02,39800.0,600,Buy,224700491
2024-07-19 11:26:04,39800.0,100,Buy,224700538
2024-07-19 11:26:12,39800.0,100,Buy,224700627
2024-07-19 11:26:13,39800.0,200,Buy,224700645
2024-07-19 11:26:18,39800.0,3000,Buy,224700745
2024-07-19 11:26:20,39750.0,400,Sell,224700791
2024-07-19 11:26:34,39800.0,200,Sell,224701144
2024-07-19 11:26:34,39750.0,200,Sell,224701145
2024-07-19 11:26:34,39750.0,1300,Sell,224701146
2024-07-19 11:26:47,39800.0,100,Sell,224701332
2024-07-19 11:26:50,39800.0,400,Sell,224701390
2024-07-19 11:26:52,39800.0,400,Sell,224701423
2024-07-19 11:26:54,39800.0,100,Sell,224701467
2024-07-19 11:26:54,39800.0,500,Sell,224701468
2024-07-19 11:26:54,39800.0,300,Sell,224701469
2024-07-19 11:26:54,39800.0,100,Sell,224701466
2024-07-19 11:27:07,39800.0,2700,Sell,224701652
2024-07-19 11:27:07,39800.0,100,Sell,224701653
2024-07-19 11:27:07,39800.0,200,Buy,224701658
2024-07-19 11:27:38,39800.0,300,Sell,224702008
2024-07-19 11:27:38,39800.0,1000,Sell,224702010
2024-07-19 11:27:38,39800.0,100,Sell,224702009
2024-07-19 11:27:38,39800.0,200,Sell,224702011
2024-07-19 11:28:18,39800.0,100,Buy,224702542
2024-07-19 11:28:18,39800.0,300,Buy,224702544
2024-07-19 11:28:26,39800.0,200,Buy,224702670
2024-07-19 11:28:34,39800.0,800,Buy,224702764
2024-07-19 11:28:34,39800.0,200,Buy,224702765
2024-07-19 11:29:11,39800.0,200,Sell,224703243
2024-07-19 11:29:11,39800.0,100,Sell,224703244
2024-07-19 11:29:11,39800.0,100,Sell,224703245
2024-07-19 11:29:11,39800.0,100,Sell,224703246
2024-07-19 11:29:11,39800.0,500,Sell,224703247
2024-07-19 11:29:35,39850.0,600,Buy,224703543
2024-07-19 11:29:36,39800.0,1300,Sell,224703579
2024-07-19 11:29:36,39800.0,1000,Sell,224703578
2024-07-19 11:29:36,39800.0,100,Sell,224703575
2024-07-19 11:29:36,39800.0,100,Sell,224703576
2024-07-19 11:29:36,39800.0,400,Sell,224703574
2024-07-19 11:29:36,39800.0,100,Sell,224703577
2024-07-19 12:59:38,39850.0,1000,Buy,224703926
2024-07-19 12:59:38,39800.0,300,Sell,224703927
2024-07-19 12:59:38,39800.0,200,Sell,224703928
2024-07-19 12:59:40,39800.0,100,Sell,224704896
2024-07-19 12:59:40,39800.0,100,Sell,224704895
2024-07-19 12:59:40,39800.0,800,Sell,224704894
2024-07-19 12:59:40,39850.0,200,Sell,224704893
2024-07-19 12:59:40,39850.0,200,Buy,224704660
2024-07-19 12:59:41,39800.0,100,Buy,224705210
2024-07-19 12:59:41,39800.0,300,Buy,224705211
2024-07-19 12:59:41,39800.0,2400,Buy,224705212
2024-07-19 12:59:41,39800.0,1400,Buy,224705213
2024-07-19 12:59:43,39800.0,500,Sell,224705790
2024-07-19 12:59:43,39800.0,500,Sell,224705791
2024-07-19 12:59:44,39800.0,200,Sell,224706058
2024-07-19 12:59:44,39800.0,300,Sell,224706052
2024-07-19 12:59:44,39800.0,700,Sell,224706054
2024-07-19 12:59:46,39750.0,200,Sell,224706845
2024-07-19 12:59:46,39750.0,100,Buy,224707064
2024-07-19 12:59:46,39750.0,100,Buy,224706851
2024-07-19 12:59:46,39750.0,100,Buy,224706850
2024-07-19 12:59:46,39750.0,100,Sell,224706849
2024-07-19 12:59:46,39750.0,100,Sell,224706848
2024-07-19 12:59:46,39750.0,100,Sell,224706847
2024-07-19 12:59:46,39750.0,900,Sell,224706846
2024-07-19 12:59:46,39750.0,200,Sell,224706844
2024-07-19 12:59:46,39750.0,100,Sell,224706841
2024-07-19 12:59:46,39750.0,1000,Sell,224706842
2024-07-19 12:59:46,39750.0,700,Sell,224706840
2024-07-19 12:59:46,39750.0,700,Sell,224706839
2024-07-19 12:59:46,39800.0,100,Sell,224706838
2024-07-19 12:59:46,39800.0,200,Sell,224706837
2024-07-19 12:59:46,39800.0,100,Sell,224706836
2024-07-19 12:59:46,39800.0,300,Sell,224706835
2024-07-19 12:59:46,39800.0,4000,Sell,224706834
2024-07-19 12:59:46,39750.0,500,Sell,224706843
2024-07-19 12:59:49,39750.0,200,Buy,224707453
2024-07-19 12:59:49,39750.0,200,Buy,224707452
2024-07-19 12:59:50,39800.0,500,Buy,224707765
2024-07-19 12:59:51,39800.0,500,Buy,224707831
2024-07-19 12:59:51,39800.0,300,Buy,224707832
2024-07-19 12:59:51,39800.0,100,Buy,224707833
2024-07-19 12:59:51,39800.0,100,Buy,224707834
2024-07-19 12:59:51,39800.0,100,Buy,224707835
2024-07-19 12:59:51,39850.0,400,Buy,224707836
2024-07-19 12:59:59,39750.0,2500,Sell,224708649
2024-07-19 12:59:59,39750.0,300,Sell,224708647
2024-07-19 12:59:59,39750.0,500,Sell,224708648
2024-07-19 13:00:04,39750.0,1000,Buy,224709552
2024-07-19 13:00:10,39750.0,200,Buy,224709898
2024-07-19 13:00:17,39750.0,100,Buy,224710203
2024-07-19 13:00:29,39700.0,100,Sell,224710485
2024-07-19 13:00:42,39700.0,100,Sell,224711031
2024-07-19 13:00:42,39700.0,100,Sell,224711032
2024-07-19 13:00:46,39700.0,400,Sell,224711147
2024-07-19 13:00:58,39750.0,400,Buy,224711949
2024-07-19 13:00:58,39750.0,100,Buy,224711950
2024-07-19 13:01:01,39750.0,100,Buy,224712007
2024-07-19 13:01:01,39750.0,100,Sell,224712032
2024-07-19 13:02:06,39800.0,300,Buy,224715353
2024-07-19 13:02:19,39800.0,100,Buy,224715939
2024-07-19 13:02:36,39800.0,2400,Buy,224716561
2024-07-19 13:02:36,39800.0,700,Buy,224716560
2024-07-19 13:02:36,39800.0,100,Buy,224716557
2024-07-19 13:02:36,39800.0,600,Buy,224716558
2024-07-19 13:02:36,39800.0,100,Buy,224716559
2024-07-19 13:02:36,39800.0,1100,Buy,224716556
2024-07-19 13:02:40,39800.0,200,Buy,224716768
2024-07-19 13:02:43,39750.0,500,Sell,224716902
2024-07-19 13:02:45,39800.0,1000,Buy,224716986
2024-07-19 13:02:55,39750.0,500,Sell,224717403
2024-07-19 13:02:55,39750.0,400,Sell,224717404
2024-07-19 13:03:14,39750.0,600,Sell,224718210
2024-07-19 13:03:14,39750.0,400,Sell,224718211
2024-07-19 13:03:14,39750.0,3000,Sell,224718212
2024-07-19 13:03:25,39750.0,3000,Sell,224718545
2024-07-19 13:03:29,39750.0,300,Sell,224718658
2024-07-19 13:03:50,39750.0,100,Sell,224719380
2024-07-19 13:03:56,39750.0,2200,Sell,224719587
2024-07-19 13:03:56,39750.0,2000,Sell,224719588
2024-07-19 13:03:56,39750.0,800,Sell,224719589
2024-07-19 13:04:28,39750.0,100,Sell,224720716
2024-07-19 13:04:41,39750.0,1000,Sell,224721303
2024-07-19 13:04:41,39750.0,1000,Sell,224721307
2024-07-19 13:04:41,39750.0,700,Sell,224721304
2024-07-19 13:04:41,39750.0,100,Sell,224721301
2024-07-19 13:04:41,39750.0,200,Sell,224721302
2024-07-19 13:04:55,39750.0,1300,Sell,224721842
2024-07-19 13:04:55,39750.0,300,Sell,224721843
2024-07-19 13:05:04,39750.0,800,Sell,224722111
2024-07-19 13:05:04,39750.0,200,Sell,224722112
2024-07-19 13:05:04,39750.0,500,Sell,224722113
2024-07-19 13:05:04,39750.0,2000,Sell,224722114
2024-07-19 13:05:25,39750.0,1500,Buy,224722786
2024-07-19 13:05:45,39800.0,600,Buy,224723318
2024-07-19 13:05:45,39800.0,200,Buy,224723319
2024-07-19 13:05:45,39800.0,200,Buy,224723320
2024-07-19 13:05:45,39800.0,100,Buy,224723321
2024-07-19 13:05:45,39800.0,1000,Buy,224723322
2024-07-19 13:05:45,39800.0,2400,Buy,224723317
2024-07-19 13:05:54,39800.0,400,Sell,224723656
2024-07-19 13:05:56,39800.0,7000,Sell,224723706
2024-07-19 13:05:58,39850.0,100,Buy,224723810
2024-07-19 13:06:01,39850.0,1000,Buy,224723886
2024-07-19 13:06:11,39850.0,500,Buy,224724124
2024-07-19 13:06:30,39850.0,200,Sell,224724654
2024-07-19 13:06:47,39850.0,300,Sell,224725181
2024-07-19 13:06:47,39850.0,1900,Sell,224725182
2024-07-19 13:06:52,39850.0,100,Sell,224725338
2024-07-19 13:06:52,39850.0,200,Sell,224725339
2024-07-19 13:07:12,39900.0,300,Buy,224726021
2024-07-19 13:07:12,39900.0,400,Buy,224726022
2024-07-19 13:07:12,39900.0,800,Buy,224726023
2024-07-19 13:07:12,39900.0,3000,Buy,224726024
2024-07-19 13:07:12,39900.0,3000,Buy,224726025
2024-07-19 13:07:19,39900.0,100,Sell,224726240
2024-07-19 13:08:22,39900.0,1000,Sell,224728028
2024-07-19 13:09:16,39950.0,1000,Buy,224729640
2024-07-19 13:09:16,39950.0,2300,Buy,224729641
2024-07-19 13:09:22,39950.0,100,Buy,224729789
2024-07-19 13:09:24,39950.0,500,Buy,224729887
2024-07-19 13:09:31,39950.0,100,Buy,224730108
2024-07-19 13:09:34,39950.0,1200,Buy,224730199
2024-07-19 13:09:34,40000.0,100,Buy,224730210
2024-07-19 13:09:34,40000.0,5000,Buy,224730209
2024-07-19 13:09:34,40000.0,100,Buy,224730208
2024-07-19 13:09:34,40000.0,600,Buy,224730206
2024-07-19 13:09:34,40000.0,1000,Buy,224730205
2024-07-19 13:09:34,40000.0,700,Buy,224730207
2024-07-19 13:09:34,40000.0,200,Buy,224730203
2024-07-19 13:09:34,40000.0,100,Buy,224730202
2024-07-19 13:09:34,40000.0,2600,Buy,224730201
2024-07-19 13:09:34,40000.0,1500,Buy,224730200
2024-07-19 13:09:34,40000.0,100,Buy,224730204
2024-07-19 13:09:34,39950.0,4000,Buy,224730198
2024-07-19 13:10:13,40050.0,200,Buy,224731408
2024-07-19 13:10:20,40050.0,100,Buy,224731597
2024-07-19 13:10:32,40050.0,400,Buy,224731936
2024-07-19 13:10:32,40050.0,100,Buy,224731935
2024-07-19 13:11:07,40100.0,1000,Buy,224732886
2024-07-19 13:11:27,40100.0,200,Buy,224733416
2024-07-19 13:11:28,40100.0,500,Buy,224733445
2024-07-19 13:11:31,40100.0,100,Buy,224733537
2024-07-19 13:11:31,40100.0,100,Buy,224733536
2024-07-19 13:11:36,40100.0,100,Buy,224733694
2024-07-19 13:11:56,40200.0,100,Buy,224734286
2024-07-19 13:11:56,40150.0,600,Buy,224734282
2024-07-19 13:11:56,40150.0,200,Buy,224734284
2024-07-19 13:11:56,40200.0,600,Buy,224734285
2024-07-19 13:12:12,40200.0,100,Buy,224734676
2024-07-19 13:12:13,40200.0,800,Buy,224734737
2024-07-19 13:12:13,40200.0,900,Buy,224734738
2024-07-19 13:12:16,40200.0,4100,Buy,224734817
2024-07-19 13:12:16,40200.0,500,Buy,224734818
2024-07-19 13:12:16,40200.0,100,Buy,224734820
2024-07-19 13:12:16,40200.0,200,Buy,224734821
2024-07-19 13:12:16,40200.0,200,Buy,224734819
2024-07-19 13:12:26,40200.0,100,Sell,224735082
2024-07-19 13:12:26,40250.0,100,Buy,224735099
2024-07-19 13:12:26,40250.0,100,Buy,224735100
2024-07-19 13:12:39,40250.0,800,Buy,224735466
2024-07-19 13:12:39,40250.0,700,Buy,224735467
2024-07-19 13:12:43,40250.0,200,Buy,224735566
2024-07-19 13:12:48,40250.0,500,Buy,224735685
2024-07-19 13:12:51,40250.0,400,Buy,224735769
2024-07-19 13:12:53,40250.0,100,Buy,224735822
2024-07-19 13:12:53,40250.0,200,Buy,224735819
2024-07-19 13:12:53,40250.0,500,Buy,224735820
2024-07-19 13:12:53,40250.0,700,Buy,224735821
2024-07-19 13:12:57,40250.0,200,Buy,224735937
2024-07-19 13:12:57,40250.0,300,Buy,224735938
2024-07-19 13:13:01,40250.0,200,Buy,224736051
2024-07-19 13:13:04,40250.0,200,Sell,224736184
2024-07-19 13:13:06,40250.0,100,Sell,224736218
2024-07-19 13:13:20,40300.0,900,Buy,224736644
2024-07-19 13:13:20,40300.0,400,Buy,224736643
2024-07-19 13:13:37,40300.0,100,Buy,224737123
2024-07-19 13:13:58,40300.0,100,Sell,224737883
2024-07-19 13:13:58,40300.0,100,Sell,224737884
2024-07-19 13:13:58,40300.0,100,Sell,224737885
2024-07-19 13:13:58,40300.0,100,Sell,224737886
2024-07-19 13:13:58,40300.0,100,Sell,224737887
2024-07-19 13:14:05,40300.0,100,Buy,224738062
2024-07-19 13:14:12,40300.0,200,Buy,224738223
2024-07-19 13:14:19,40300.0,100,Buy,224738592
2024-07-19 13:14:37,40250.0,100,Sell,224739366
2024-07-19 13:14:46,40300.0,100,Buy,224739816
2024-07-19 13:14:46,40250.0,900,Buy,224739815
2024-07-19 13:15:04,40300.0,500,Buy,224740404
2024-07-19 13:15:12,40200.0,1400,Sell,224740662
2024-07-19 13:15:12,40200.0,200,Sell,224740663
2024-07-19 13:15:12,40200.0,500,Sell,224740664
2024-07-19 13:15:12,40200.0,5000,Sell,224740665
2024-07-19 13:15:24,40150.0,100,Sell,224741004
2024-07-19 13:15:24,40150.0,200,Sell,224741003
2024-07-19 13:15:26,40150.0,200,Buy,224741087
2024-07-19 13:15:26,40150.0,400,Buy,224741086
2024-07-19 13:15:34,40150.0,100,Buy,224741309
2024-07-19 13:15:43,40100.0,100,Sell,224741609
2024-07-19 13:15:43,40100.0,1000,Sell,224741610
2024-07-19 13:15:43,40100.0,100,Sell,224741611
2024-07-19 13:15:43,40100.0,200,Sell,224741612
2024-07-19 13:16:22,40050.0,100,Sell,224742818
2024-07-19 13:16:22,40050.0,2000,Sell,224742817
2024-07-19 13:16:22,40050.0,100,Sell,224742816
2024-07-19 13:16:22,40050.0,500,Sell,224742814
2024-07-19 13:16:22,40050.0,200,Sell,224742815
2024-07-19 13:16:30,40000.0,2800,Sell,224743058
2024-07-19 13:16:30,40000.0,500,Sell,224743059
2024-07-19 13:17:56,40000.0,1700,Buy,224745344
2024-07-19 13:18:43,40000.0,200,Buy,224746762
2024-07-19 13:18:43,40000.0,1800,Buy,224746763
2024-07-19 13:19:01,40000.0,400,Buy,224747345
2024-07-19 13:19:22,40000.0,5600,Buy,224748041
2024-07-19 13:19:22,40000.0,800,Buy,224748034
2024-07-19 13:19:22,40000.0,600,Buy,224748040
2024-07-19 13:19:54,39950.0,100,Sell,224748868
2024-07-19 13:19:54,39950.0,100,Sell,224748869
2024-07-19 13:20:12,39900.0,500,Sell,224749671
2024-07-19 13:20:12,39900.0,1000,Sell,224749670
2024-07-19 13:20:12,39900.0,200,Sell,224749667
2024-07-19 13:20:12,39900.0,200,Sell,224749669
2024-07-19 13:20:12,39900.0,100,Sell,224749668
2024-07-19 13:20:12,39900.0,5000,Sell,224749666
2024-07-19 13:20:12,39950.0,500,Sell,224749661
2024-07-19 13:20:12,39900.0,1000,Sell,224749664
2024-07-19 13:20:12,39900.0,100,Sell,224749665
2024-07-19 13:20:12,39950.0,4900,Sell,224749659
2024-07-19 13:20:12,39950.0,100,Sell,224749660
2024-07-19 13:20:12,39900.0,8000,Sell,224749662
2024-07-19 13:20:12,39900.0,500,Sell,224749663
2024-07-19 13:20:53,39900.0,200,Buy,224750914
2024-07-19 13:21:18,39850.0,100,Sell,224751607
2024-07-19 13:21:18,39850.0,100,Sell,224751608
2024-07-19 13:21:18,39850.0,100,Sell,224751609
2024-07-19 13:21:18,39850.0,600,Sell,224751610
2024-07-19 13:21:31,39850.0,500,Sell,224751866
2024-07-19 13:21:37,39850.0,200,Sell,224752046
2024-07-19 13:21:38,39900.0,100,Buy,224752081
2024-07-19 13:22:02,39850.0,200,Sell,224752878
2024-07-19 13:22:04,39850.0,1000,Sell,224752916
2024-07-19 13:22:05,39850.0,100,Sell,224752945
2024-07-19 13:22:15,39850.0,900,Sell,224753223
2024-07-19 13:22:16,39850.0,600,Sell,224753245
2024-07-19 13:22:49,39850.0,1000,Sell,224754438
2024-07-19 13:22:49,39850.0,100,Sell,224754437
2024-07-19 13:22:49,39850.0,900,Sell,224754435
2024-07-19 13:22:49,39850.0,1000,Sell,224754436
2024-07-19 13:22:50,39850.0,200,Sell,224754572
2024-07-19 13:23:31,39850.0,200,Buy,224755846
2024-07-19 13:23:51,39900.0,1000,Buy,224756498
2024-07-19 13:24:12,39900.0,200,Buy,224757046
2024-07-19 13:24:23,39900.0,100,Buy,224757437
2024-07-19 13:24:24,39900.0,100,Buy,224757481
2024-07-19 13:24:30,39900.0,100,Buy,224757642
2024-07-19 13:24:43,39900.0,300,Buy,224758165
2024-07-19 13:24:46,39900.0,500,Buy,224758252
2024-07-19 13:25:07,39900.0,500,Buy,224758882
2024-07-19 13:25:12,39900.0,1800,Buy,224759000
2024-07-19 13:25:12,39900.0,400,Buy,224758998
2024-07-19 13:25:12,39900.0,100,Buy,224758999
2024-07-19 13:25:12,39900.0,100,Buy,224758995
2024-07-19 13:25:12,39900.0,500,Buy,224758996
2024-07-19 13:25:12,39900.0,100,Buy,224758997
2024-07-19 13:25:12,39900.0,2000,Buy,224758994
2024-07-19 13:25:18,39900.0,3000,Buy,224759162
2024-07-19 13:25:31,39900.0,200,Buy,224759649
2024-07-19 13:25:44,39900.0,300,Buy,224760085
2024-07-19 13:25:54,39900.0,300,Buy,224760456
2024-07-19 13:25:57,39900.0,200,Buy,224760545
2024-07-19 13:26:05,39900.0,2200,Buy,224760788
2024-07-19 13:26:05,39900.0,100,Buy,224760789
2024-07-19 13:26:10,39900.0,200,Buy,224760987
2024-07-19 13:26:11,39900.0,100,Buy,224761001
2024-07-19 13:26:14,39900.0,100,Buy,224761104
2024-07-19 13:26:14,39900.0,900,Buy,224761105
2024-07-19 13:26:14,39900.0,3000,Buy,224761106
2024-07-19 13:27:43,39900.0,400,Sell,224763634
2024-07-19 13:27:54,39900.0,1400,Sell,224763992
2024-07-19 13:27:54,39900.0,600,Sell,224763991
2024-07-19 13:28:41,39900.0,200,Sell,224765566
2024-07-19 13:28:41,39900.0,100,Sell,224765571
2024-07-19 13:28:41,39900.0,100,Sell,224765570
2024-07-19 13:28:41,39900.0,100,Sell,224765567
2024-07-19 13:28:41,39900.0,500,Sell,224765568
2024-07-19 13:28:41,39900.0,500,Sell,224765569
2024-07-19 13:28:55,40000.0,100,Buy,224765982
2024-07-19 13:28:56,39900.0,500,Sell,224766007
2024-07-19 13:28:56,39900.0,300,Sell,224766009
2024-07-19 13:28:56,39900.0,200,Sell,224766010
2024-07-19 13:28:56,39900.0,200,Sell,224766011
2024-07-19 13:28:56,39900.0,300,Sell,224766012
2024-07-19 13:28:56,39900.0,100,Sell,224766013
2024-07-19 13:28:56,39900.0,300,Sell,224766008
2024-07-19 13:29:07,40000.0,100,Buy,224766428
2024-07-19 13:29:32,40000.0,1200,Buy,224767167
2024-07-19 13:29:32,40000.0,800,Buy,224767166
2024-07-19 13:29:34,40000.0,1300,Buy,224767225
2024-07-19 13:29:38,40000.0,200,Buy,224767400
2024-07-19 13:29:38,40000.0,300,Buy,224767402
2024-07-19 13:29:38,40000.0,500,Buy,224767399
2024-07-19 13:29:38,40000.0,1000,Buy,224767401
2024-07-19 13:29:39,40000.0,700,Buy,224767428
2024-07-19 13:29:39,40000.0,1200,Buy,224767429
2024-07-19 13:29:49,40000.0,500,Sell,224767768
2024-07-19 13:30:11,40050.0,100,Buy,224768551
2024-07-19 13:30:17,40050.0,200,Buy,224768741
2024-07-19 13:30:17,40050.0,200,Buy,224768742
2024-07-19 13:30:17,40050.0,300,Buy,224768743
2024-07-19 13:30:24,40050.0,500,Buy,224769063
2024-07-19 13:30:27,40050.0,400,Buy,224769213
2024-07-19 13:30:28,40000.0,200,Sell,224769241
2024-07-19 13:30:29,40050.0,200,Buy,224769253
2024-07-19 13:30:31,40050.0,500,Buy,224769300
2024-07-19 13:30:32,40000.0,200,Sell,224769343
2024-07-19 13:30:37,40050.0,100,Buy,224769494
2024-07-19 13:30:43,40050.0,300,Buy,224769702
2024-07-19 13:30:43,40050.0,100,Buy,224769703
2024-07-19 13:31:13,40100.0,600,Buy,224770558
2024-07-19 13:31:21,40100.0,100,Sell,224770763
2024-07-19 13:31:39,40100.0,100,Sell,224771346
2024-07-19 13:31:42,40100.0,300,Sell,224771414
2024-07-19 13:31:42,40100.0,200,Sell,224771413
2024-07-19 13:31:51,40150.0,100,Buy,224771753
2024-07-19 13:32:01,40150.0,200,Buy,224772181
2024-07-19 13:32:01,40150.0,100,Buy,224772180
2024-07-19 13:32:29,40200.0,100,Buy,224773266
2024-07-19 13:32:53,40200.0,100,Buy,224773899
2024-07-19 13:32:53,40200.0,100,Buy,224773900
2024-07-19 13:32:59,40200.0,100,Buy,224774108
2024-07-19 13:33:31,40200.0,500,Sell,224775033
2024-07-19 13:33:38,40200.0,200,Sell,224775228
2024-07-19 13:33:58,40250.0,100,Buy,224775791
2024-07-19 13:34:11,40250.0,100,Buy,224776056
2024-07-19 13:34:11,40250.0,100,Buy,224776057
2024-07-19 13:34:11,40250.0,100,Buy,224776058
2024-07-19 13:34:11,40250.0,200,Buy,224776059
2024-07-19 13:34:11,40250.0,200,Buy,224776060
2024-07-19 13:34:11,40250.0,300,Buy,224776055
2024-07-19 13:34:18,40250.0,300,Buy,224776215
2024-07-19 13:34:34,40300.0,200,Buy,224776786
2024-07-19 13:34:34,40300.0,500,Buy,224776785
2024-07-19 13:34:34,40300.0,500,Buy,224776784
2024-07-19 13:34:39,40300.0,200,Buy,224776928
2024-07-19 13:36:08,40250.0,300,Sell,224779558
2024-07-19 13:36:11,40250.0,300,Sell,224779671
2024-07-19 13:36:16,40300.0,500,Buy,224779769
2024-07-19 13:36:16,40300.0,400,Buy,224779770
2024-07-19 13:36:16,40300.0,100,Buy,224779768
2024-07-19 13:36:17,40250.0,600,Sell,224779788
2024-07-19 13:36:17,40250.0,100,Sell,224779789
2024-07-19 13:36:17,40250.0,200,Sell,224779790
2024-07-19 13:36:17,40250.0,100,Sell,224779791
2024-07-19 13:36:23,40250.0,200,Sell,224780018
2024-07-19 13:37:02,40200.0,100,Sell,224781189
2024-07-19 13:37:03,40200.0,900,Sell,224781229
2024-07-19 13:37:03,40200.0,200,Sell,224781230
2024-07-19 13:37:03,40200.0,100,Sell,224781231
2024-07-19 13:37:03,40200.0,100,Sell,224781232
2024-07-19 13:37:56,40150.0,100,Sell,224782638
2024-07-19 13:38:08,40150.0,600,Sell,224782936
2024-07-19 13:38:15,40100.0,2000,Sell,224783112
2024-07-19 13:38:35,40050.0,1000,Sell,224783557
2024-07-19 13:38:43,40050.0,100,Sell,224783856
2024-07-19 13:38:59,40050.0,800,Sell,224784204
2024-07-19 13:38:59,40050.0,300,Sell,224784203
2024-07-19 13:39:06,40050.0,3000,Sell,224784461
2024-07-19 13:39:06,40050.0,500,Sell,224784462
2024-07-19 13:39:06,40050.0,1500,Sell,224784463
2024-07-19 13:39:27,40100.0,2000,Buy,224785035
2024-07-19 13:39:27,40100.0,500,Buy,224785036
2024-07-19 13:39:28,40100.0,100,Sell,224785052
2024-07-19 13:39:40,40100.0,100,Sell,224785319
2024-07-19 13:39:51,40250.0,400,Buy,224785769
2024-07-19 13:39:51,40300.0,900,Buy,224785774
2024-07-19 13:39:51,40250.0,4000,Buy,224785773
2024-07-19 13:39:51,40250.0,1000,Buy,224785772
2024-07-19 13:39:51,40250.0,200,Buy,224785771
2024-07-19 13:39:51,40250.0,100,Buy,224785770
2024-07-19 13:39:51,40250.0,100,Buy,224785768
2024-07-19 13:39:51,40250.0,300,Buy,224785766
2024-07-19 13:39:51,40150.0,400,Buy,224785762
2024-07-19 13:39:51,40150.0,1400,Buy,224785763
2024-07-19 13:39:51,40250.0,100,Buy,224785767
2024-07-19 13:39:51,40200.0,500,Buy,224785765
2024-07-19 13:39:51,40200.0,600,Buy,224785764
2024-07-19 13:41:03,40100.0,100,Sell,224788476
2024-07-19 13:41:08,40250.0,400,Buy,224788626
2024-07-19 13:41:08,40250.0,600,Buy,224788627
2024-07-19 13:41:30,40200.0,1000,Buy,224789425
2024-07-19 13:41:30,40250.0,500,Buy,224789426
2024-07-19 13:41:30,40250.0,500,Buy,224789427
2024-07-19 13:41:50,40150.0,100,Buy,224789952
2024-07-19 13:41:50,40200.0,400,Buy,224789953
2024-07-19 13:42:12,40200.0,600,Buy,224790517
2024-07-19 13:42:12,40200.0,100,Buy,224790518
2024-07-19 13:42:12,40200.0,300,Buy,224790519
2024-07-19 13:43:09,40100.0,100,Sell,224792481
2024-07-19 13:43:47,40100.0,100,Sell,224794016
2024-07-19 13:43:47,40100.0,100,Sell,224794015
2024-07-19 13:44:02,40100.0,300,Buy,224794560
2024-07-19 13:44:02,40100.0,200,Buy,224794561
2024-07-19 13:44:03,40050.0,100,Sell,224794587
2024-07-19 13:44:08,40050.0,400,Sell,224794755
2024-07-19 13:44:08,40050.0,600,Sell,224794756
2024-07-19 13:44:13,40050.0,1400,Sell,224794900
2024-07-19 13:44:20,40100.0,3800,Buy,224795175
2024-07-19 13:44:33,40100.0,100,Buy,224795576
2024-07-19 13:44:52,40050.0,1000,Sell,224796349
2024-07-19 13:45:02,40000.0,100,Sell,224796780
2024-07-19 13:45:14,40000.0,100,Sell,224797259
2024-07-19 13:45:14,40000.0,100,Sell,224797260
2024-07-19 13:45:14,40000.0,4000,Sell,224797261
2024-07-19 13:45:20,40050.0,200,Buy,224797507
2024-07-19 13:45:29,40050.0,100,Sell,224797942
2024-07-19 13:45:48,40000.0,1000,Sell,224798701
2024-07-19 13:46:02,40000.0,100,Sell,224799333
2024-07-19 13:46:10,40050.0,100,Buy,224799623
2024-07-19 13:46:10,40050.0,100,Buy,224799622
2024-07-19 13:46:17,40050.0,100,Buy,224799912
2024-07-19 13:46:26,40000.0,100,Sell,224800296
2024-07-19 13:46:26,40000.0,200,Sell,224800324
2024-07-19 13:46:26,40000.0,100,Sell,224800323
2024-07-19 13:46:26,40000.0,200,Sell,224800322
2024-07-19 13:46:26,40000.0,2500,Sell,224800321
2024-07-19 13:46:26,40000.0,100,Sell,224800320
2024-07-19 13:46:26,40000.0,900,Sell,224800295
2024-07-19 13:46:26,40000.0,1000,Sell,224800319
2024-07-19 13:46:26,40000.0,100,Sell,224800317
2024-07-19 13:46:26,40000.0,200,Sell,224800316
2024-07-19 13:46:26,40000.0,200,Sell,224800315
2024-07-19 13:46:26,40000.0,1000,Sell,224800314
2024-07-19 13:46:26,40000.0,100,Sell,224800313
2024-07-19 13:46:26,40000.0,1900,Sell,224800312
2024-07-19 13:46:26,40000.0,100,Sell,224800318
2024-07-19 13:46:27,40000.0,3800,Buy,224800356
2024-07-19 13:46:42,40000.0,200,Buy,224800873
2024-07-19 13:47:08,39950.0,800,Sell,224801969
2024-07-19 13:47:19,40000.0,200,Buy,224802312
2024-07-19 13:47:37,39950.0,200,Sell,224802853
2024-07-19 13:48:32,39950.0,700,Sell,224804539
2024-07-19 13:48:40,39950.0,900,Sell,224804810
2024-07-19 13:48:40,39950.0,100,Sell,224804811
2024-07-19 13:48:49,39950.0,100,Sell,224804997
2024-07-19 13:48:56,39950.0,500,Sell,224805207
2024-07-19 13:49:03,39950.0,500,Sell,224805476
2024-07-19 13:49:06,39950.0,200,Sell,224805565
2024-07-19 13:49:06,39950.0,500,Sell,224805564
2024-07-19 13:49:06,39950.0,4000,Sell,224805562
2024-07-19 13:49:06,39950.0,1900,Sell,224805561
2024-07-19 13:49:06,39950.0,100,Sell,224805563
2024-07-19 13:50:10,39950.0,100,Buy,224808003
2024-07-19 13:50:13,39950.0,300,Buy,224808076
2024-07-19 13:50:21,39900.0,400,Sell,224808307
2024-07-19 13:50:21,39900.0,600,Sell,224808308
2024-07-19 13:50:21,39900.0,200,Sell,224808309
2024-07-19 13:50:41,39950.0,100,Buy,224808963
2024-07-19 13:50:45,39900.0,200,Sell,224809083
2024-07-19 13:50:48,39950.0,100,Buy,224809164
2024-07-19 13:50:51,39950.0,200,Buy,224809270
2024-07-19 13:50:57,39950.0,4000,Buy,224809457
2024-07-19 13:51:00,39900.0,400,Sell,224809495
2024-07-19 13:51:00,39900.0,500,Sell,224809494
2024-07-19 13:51:00,39900.0,100,Sell,224809496
2024-07-19 13:51:04,39950.0,100,Buy,224809644
2024-07-19 13:51:06,39900.0,300,Sell,224809730
2024-07-19 13:51:06,39950.0,3000,Buy,224809738
2024-07-19 13:51:28,39900.0,700,Sell,224810330
2024-07-19 13:51:28,39900.0,100,Sell,224810331
2024-07-19 13:51:28,39900.0,800,Sell,224810332
2024-07-19 13:51:29,39950.0,100,Buy,224810407
2024-07-19 13:51:29,39950.0,400,Buy,224810406
2024-07-19 13:51:43,39950.0,600,Buy,224810826
2024-07-19 13:51:43,39950.0,1000,Buy,224810827
2024-07-19 13:52:29,39950.0,400,Sell,224812437
2024-07-19 13:52:29,39950.0,600,Sell,224812438
2024-07-19 13:52:41,39950.0,500,Sell,224812855
2024-07-19 13:52:44,40000.0,200,Buy,224812921
2024-07-19 13:53:08,40000.0,500,Buy,224813678
2024-07-19 13:53:10,40000.0,500,Buy,224813769
2024-07-19 13:53:27,39950.0,1200,Sell,224814371
2024-07-19 13:53:27,39950.0,2900,Sell,224814368
2024-07-19 13:53:27,39950.0,100,Sell,224814369
2024-07-19 13:53:27,39950.0,500,Sell,224814370
2024-07-19 13:53:57,39950.0,1000,Sell,224815445
2024-07-19 13:55:20,40000.0,100,Buy,224818927
2024-07-19 13:55:30,40000.0,1000,Buy,224819286
2024-07-19 13:55:33,40000.0,5800,Buy,224819393
2024-07-19 13:55:33,40000.0,1000,Buy,224819395
2024-07-19 13:55:33,40000.0,200,Buy,224819396
2024-07-19 13:55:33,40000.0,3000,Buy,224819394
2024-07-19 13:55:38,40000.0,100,Buy,224819560
2024-07-19 13:55:38,40000.0,400,Buy,224819561
2024-07-19 13:55:38,40000.0,300,Buy,224819562
2024-07-19 13:55:50,40050.0,1000,Buy,224820117
2024-07-19 13:55:50,40050.0,500,Buy,224820116
2024-07-19 13:56:07,40100.0,400,Buy,224820893
2024-07-19 13:56:07,40100.0,1100,Buy,224820892
2024-07-19 13:56:32,40100.0,500,Buy,224821757
2024-07-19 13:56:34,40100.0,100,Buy,224821869
2024-07-19 13:56:41,40100.0,100,Buy,224822188
2024-07-19 13:56:41,40100.0,4000,Buy,224822186
2024-07-19 13:56:41,40100.0,100,Buy,224822187
2024-07-19 13:56:46,40150.0,300,Buy,224822497
2024-07-19 13:58:06,40200.0,100,Buy,224825183
2024-07-19 13:58:06,40200.0,700,Buy,224825184
2024-07-19 13:58:06,40200.0,1000,Buy,224825185
2024-07-19 13:58:06,40200.0,500,Buy,224825186
2024-07-19 13:58:09,40200.0,5000,Sell,224825277
2024-07-19 13:58:36,40200.0,1600,Sell,224826305
2024-07-19 13:58:36,40200.0,100,Sell,224826306
2024-07-19 13:58:36,40200.0,300,Sell,224826307
2024-07-19 13:58:53,40200.0,200,Sell,224826785
2024-07-19 13:58:53,40200.0,300,Sell,224826786
2024-07-19 13:59:18,40200.0,100,Sell,224827562
2024-07-19 13:59:43,40250.0,100,Buy,224828374
2024-07-19 14:00:22,40250.0,200,Buy,224829510
2024-07-19 14:00:29,40200.0,600,Sell,224829763
2024-07-19 14:01:09,40200.0,300,Sell,224831027
2024-07-19 14:01:36,40200.0,500,Sell,224831992
2024-07-19 14:01:36,40200.0,200,Sell,224831991
2024-07-19 14:01:38,40200.0,1000,Sell,224832056
2024-07-19 14:01:45,40250.0,200,Buy,224832266
2024-07-19 14:01:45,40250.0,800,Buy,224832267
2024-07-19 14:01:53,40250.0,200,Buy,224832576
2024-07-19 14:01:53,40250.0,100,Buy,224832577
2024-07-19 14:01:53,40250.0,200,Buy,224832579
2024-07-19 14:01:53,40250.0,1000,Buy,224832578
2024-07-19 14:02:01,40250.0,100,Buy,224832906
2024-07-19 14:02:06,40200.0,1000,Sell,224833041
2024-07-19 14:02:06,40200.0,2000,Sell,224833042
2024-07-19 14:02:06,40200.0,4000,Sell,224833043
2024-07-19 14:02:13,40200.0,1200,Sell,224833367
2024-07-19 14:02:15,40200.0,100,Sell,224833572
2024-07-19 14:02:15,40200.0,1000,Sell,224833571
2024-07-19 14:02:15,40200.0,100,Sell,224833569
2024-07-19 14:02:15,40200.0,200,Sell,224833570
2024-07-19 14:02:15,40200.0,2800,Sell,224833568
2024-07-19 14:02:36,40150.0,500,Sell,224834410
2024-07-19 14:02:36,40000.0,300,Sell,224834420
2024-07-19 14:02:36,40000.0,100,Sell,224834419
2024-07-19 14:02:36,40000.0,500,Sell,224834416
2024-07-19 14:02:36,40000.0,1000,Sell,224834418
2024-07-19 14:02:36,40000.0,300,Sell,224834414
2024-07-19 14:02:36,40000.0,1000,Sell,224834413
2024-07-19 14:02:36,40050.0,100,Sell,224834412
2024-07-19 14:02:36,40100.0,100,Sell,224834411
2024-07-19 14:02:36,40000.0,100,Sell,224834415
2024-07-19 14:02:36,40000.0,1000,Sell,224834417
2024-07-19 14:02:41,40000.0,200,Sell,224835030
2024-07-19 14:03:21,40000.0,100,Sell,224836588
2024-07-19 14:03:43,40000.0,600,Sell,224837283
2024-07-19 14:03:43,40000.0,200,Sell,224837280
2024-07-19 14:03:43,40000.0,100,Sell,224837281
2024-07-19 14:03:43,40000.0,100,Sell,224837282
2024-07-19 14:03:49,40000.0,200,Sell,224837522
2024-07-19 14:03:49,40000.0,3400,Sell,224837521
2024-07-19 14:04:03,40000.0,300,Sell,224837981
2024-07-19 14:04:05,40000.0,1200,Sell,224838039
2024-07-19 14:04:09,40000.0,1000,Sell,224838098
2024-07-19 14:04:39,40000.0,100,Sell,224838988
2024-07-19 14:04:58,40050.0,300,Sell,224839688
2024-07-19 14:04:58,40000.0,400,Sell,224839693
2024-07-19 14:05:06,40050.0,200,Buy,224839937
2024-07-19 14:05:14,40000.0,100,Sell,224840159
2024-07-19 14:05:30,40050.0,100,Buy,224840760
2024-07-19 14:05:32,40050.0,400,Buy,224840827
2024-07-19 14:05:57,40050.0,4900,Sell,224841778
2024-07-19 14:05:57,40050.0,100,Sell,224841776
2024-07-19 14:05:57,40050.0,100,Sell,224841777
2024-07-19 14:05:58,40050.0,4900,Sell,224841827
2024-07-19 14:06:27,40100.0,200,Sell,224842629
2024-07-19 14:06:57,40050.0,400,Sell,224843762
2024-07-19 14:06:59,40000.0,100,Sell,224843815
2024-07-19 14:06:59,40000.0,1200,Sell,224843814
2024-07-19 14:06:59,40000.0,100,Sell,224843813
2024-07-19 14:06:59,40000.0,100,Sell,224843812
2024-07-19 14:06:59,40000.0,700,Sell,224843809
2024-07-19 14:06:59,40000.0,1000,Sell,224843810
2024-07-19 14:06:59,40050.0,100,Sell,224843807
2024-07-19 14:06:59,40000.0,300,Sell,224843811
2024-07-19 14:06:59,40050.0,1100,Sell,224843808
2024-07-19 14:07:08,40000.0,400,Sell,224844125
2024-07-19 14:07:08,40000.0,3000,Sell,224844126
2024-07-19 14:07:08,40000.0,2000,Sell,224844127
2024-07-19 14:07:08,40000.0,400,Sell,224844128
2024-07-19 14:07:08,40000.0,200,Sell,224844129
2024-07-19 14:07:14,40000.0,200,Sell,224844480
2024-07-19 14:07:21,40000.0,100,Buy,224844796
2024-07-19 14:08:03,39950.0,1000,Sell,224847667
2024-07-19 14:08:09,39950.0,800,Sell,224849053
2024-07-19 14:08:09,39950.0,200,Sell,224849054
2024-07-19 14:08:09,39950.0,400,Sell,224849117
2024-07-19 14:08:12,39950.0,400,Sell,224849502
2024-07-19 14:08:12,39950.0,100,Sell,224849503
2024-07-19 14:08:18,39950.0,900,Sell,224850349
2024-07-19 14:08:18,39950.0,100,Sell,224850348
2024-07-19 14:08:18,39950.0,100,Sell,224850347
2024-07-19 14:08:23,39950.0,300,Sell,224851000
2024-07-19 14:08:23,39950.0,1000,Sell,224851001
2024-07-19 14:08:23,39950.0,1000,Sell,224851002
2024-07-19 14:08:23,39950.0,300,Sell,224851003
2024-07-19 14:08:23,39950.0,4700,Sell,224851004
2024-07-19 14:08:23,39950.0,100,Sell,224851005
2024-07-19 14:08:27,39900.0,300,Sell,224851352
2024-07-19 14:08:29,39900.0,3100,Sell,224851459
2024-07-19 14:08:29,39900.0,1900,Sell,224851458
2024-07-19 14:08:34,39900.0,2700,Sell,224851831
2024-07-19 14:08:34,39900.0,200,Sell,224851830
2024-07-19 14:08:34,39900.0,100,Sell,224851829
2024-07-19 14:08:34,39900.0,100,Sell,224851828
2024-07-19 14:08:34,39900.0,2100,Sell,224851825
2024-07-19 14:08:34,39900.0,200,Sell,224851826
2024-07-19 14:08:34,39900.0,500,Sell,224851824
2024-07-19 14:08:34,39900.0,100,Sell,224851827
2024-07-19 14:08:34,39900.0,1000,Sell,224851822
2024-07-19 14:08:34,39900.0,900,Sell,224851816
2024-07-19 14:08:34,39900.0,200,Sell,224851817
2024-07-19 14:08:34,39900.0,100,Sell,224851818
2024-07-19 14:08:34,39900.0,1000,Sell,224851823
2024-07-19 14:08:34,39900.0,100,Sell,224851820
2024-07-19 14:08:34,39900.0,200,Sell,224851819
2024-07-19 14:08:34,39900.0,500,Sell,224851821
2024-07-19 14:08:38,39900.0,300,Sell,224852227
2024-07-19 14:08:38,39900.0,300,Sell,224852228
2024-07-19 14:08:38,39900.0,100,Sell,224852229
2024-07-19 14:08:47,39850.0,5000,Sell,224852899
2024-07-19 14:08:47,39850.0,1000,Sell,224852900
2024-07-19 14:08:47,39850.0,300,Sell,224852901
2024-07-19 14:08:47,39850.0,1200,Sell,224852902
2024-07-19 14:08:47,39850.0,1000,Sell,224852946
2024-07-19 14:08:50,39850.0,500,Sell,224853166
2024-07-19 14:08:54,39850.0,700,Sell,224853720
2024-07-19 14:08:54,39850.0,300,Sell,224853719
2024-07-19 14:08:55,39900.0,100,Buy,224853813
2024-07-19 14:08:56,39850.0,500,Sell,224854151
2024-07-19 14:09:07,39850.0,400,Sell,224855088
2024-07-19 14:09:25,39850.0,600,Sell,224857096
2024-07-19 14:09:25,39850.0,400,Sell,224857088
2024-07-19 14:09:25,39850.0,1000,Sell,224857095
2024-07-19 14:09:25,39850.0,200,Sell,224857031
2024-07-19 14:09:25,39850.0,2400,Sell,224857029
2024-07-19 14:09:25,39850.0,300,Sell,224857030
2024-07-19 14:09:25,39850.0,100,Sell,224857032
2024-07-19 14:09:26,39850.0,100,Sell,224857132
2024-07-19 14:09:43,39850.0,200,Buy,224859020
2024-07-19 14:09:50,39850.0,1000,Buy,224860205
2024-07-19 14:09:52,39800.0,300,Sell,224860423
2024-07-19 14:10:03,39800.0,100,Sell,224861887
2024-07-19 14:10:03,39800.0,10000,Sell,224861888
2024-07-19 14:10:03,39800.0,500,Sell,224861889
2024-07-19 14:10:03,39800.0,1000,Sell,224861890
2024-07-19 14:10:03,39800.0,100,Sell,224861891
2024-07-19 14:10:03,39800.0,100,Sell,224861895
2024-07-19 14:10:03,39800.0,100,Sell,224861893
2024-07-19 14:10:03,39800.0,100,Sell,224861894
2024-07-19 14:10:03,39800.0,10000,Sell,224861896
2024-07-19 14:10:03,39800.0,300,Sell,224861897
2024-07-19 14:10:03,39800.0,300,Sell,224861898
2024-07-19 14:10:03,39800.0,3000,Sell,224861886
2024-07-19 14:10:03,39800.0,800,Sell,224861892
2024-07-19 14:10:03,39800.0,100,Sell,224861885
2024-07-19 14:10:03,39800.0,1000,Sell,224861882
2024-07-19 14:10:03,39800.0,100,Sell,224861883
2024-07-19 14:10:03,39800.0,300,Sell,224861884
2024-07-19 14:10:03,39800.0,700,Sell,224861870
2024-07-19 14:10:03,39800.0,200,Sell,224861871
2024-07-19 14:10:03,39800.0,1000,Sell,224861872
2024-07-19 14:10:03,39800.0,100,Sell,224861873
2024-07-19 14:10:03,39800.0,100,Sell,224861874
2024-07-19 14:10:03,39800.0,500,Sell,224861881
2024-07-19 14:10:03,39800.0,100,Sell,224861876
2024-07-19 14:10:03,39800.0,100,Sell,224861877
2024-07-19 14:10:03,39800.0,1000,Sell,224861878
2024-07-19 14:10:03,39800.0,200,Sell,224861879
2024-07-19 14:10:03,39800.0,100,Sell,224861880
2024-07-19 14:10:03,39800.0,2000,Sell,224861875
2024-07-19 14:10:04,39800.0,300,Sell,224862061
2024-07-19 14:10:07,39800.0,2400,Sell,224862464
2024-07-19 14:10:07,39800.0,500,Sell,224862465
2024-07-19 14:10:07,39800.0,100,Sell,224862466
2024-07-19 14:10:08,39800.0,100,Sell,224862550
2024-07-19 14:10:11,39800.0,100,Sell,224862972
2024-07-19 14:10:11,39800.0,1200,Sell,224862973
2024-07-19 14:10:11,39800.0,500,Sell,224862919
2024-07-19 14:10:11,39800.0,100,Sell,224862974
2024-07-19 14:10:19,39800.0,100,Buy,224863919
2024-07-19 14:10:25,39750.0,100,Sell,224864586
2024-07-19 14:10:25,39750.0,100,Sell,224864587
2024-07-19 14:10:26,39750.0,200,Sell,224864608
2024-07-19 14:10:34,39750.0,700,Sell,224865391
2024-07-19 14:10:34,39750.0,100,Sell,224865392
2024-07-19 14:10:34,39750.0,100,Sell,224865393
2024-07-19 14:10:34,39750.0,100,Sell,224865394
2024-07-19 14:10:39,39750.0,200,Sell,224865924
2024-07-19 14:10:39,39750.0,100,Sell,224865925
2024-07-19 14:10:42,39750.0,100,Sell,224866432
2024-07-19 14:10:42,39750.0,200,Sell,224866433
2024-07-19 14:10:42,39750.0,700,Sell,224866431
2024-07-19 14:10:42,39750.0,100,Sell,224866341
2024-07-19 14:10:42,39750.0,100,Sell,224866394
2024-07-19 14:10:47,39750.0,2000,Sell,224867067
2024-07-19 14:10:49,39750.0,800,Sell,224867203
2024-07-19 14:10:49,39750.0,1000,Sell,224867204
2024-07-19 14:10:49,39750.0,100,Sell,224867205
2024-07-19 14:10:49,39750.0,100,Sell,224867206
2024-07-19 14:10:52,39750.0,100,Buy,224867628
2024-07-19 14:10:58,39700.0,1100,Sell,224868286
2024-07-19 14:10:58,39700.0,100,Sell,224868285
2024-07-19 14:10:58,39700.0,100,Sell,224868282
2024-07-19 14:10:58,39700.0,5000,Sell,224868283
2024-07-19 14:10:58,39700.0,600,Sell,224868281
2024-07-19 14:10:58,39700.0,100,Sell,224868284
2024-07-19 14:10:59,39700.0,200,Sell,224868342
2024-07-19 14:10:59,39700.0,100,Sell,224868345
2024-07-19 14:10:59,39700.0,1000,Sell,224868343
2024-07-19 14:10:59,39700.0,1000,Sell,224868341
2024-07-19 14:10:59,39700.0,300,Sell,224868344
2024-07-19 14:10:59,39700.0,100,Sell,224868339
2024-07-19 14:10:59,39700.0,1000,Sell,224868338
2024-07-19 14:10:59,39700.0,900,Sell,224868336
2024-07-19 14:10:59,39700.0,300,Sell,224868337
2024-07-19 14:10:59,39700.0,100,Sell,224868340
2024-07-19 14:11:04,39700.0,100,Sell,224869371
2024-07-19 14:11:04,39700.0,100,Sell,224869372
2024-07-19 14:11:04,39700.0,100,Sell,224869373
2024-07-19 14:11:08,39700.0,100,Sell,224870393
2024-07-19 14:11:08,39700.0,100,Sell,224870394
2024-07-19 14:11:08,39700.0,100,Sell,224870395
2024-07-19 14:11:08,39700.0,500,Sell,224870396
2024-07-19 14:11:08,39700.0,700,Sell,224870397
2024-07-19 14:11:10,39700.0,300,Sell,224870625
2024-07-19 14:11:12,39700.0,200,Sell,224870743
2024-07-19 14:11:12,39700.0,1000,Sell,224870742
2024-07-19 14:11:15,39700.0,400,Sell,224871169
2024-07-19 14:11:19,39700.0,400,Sell,224871725
2024-07-19 14:11:19,39700.0,300,Sell,224871724
2024-07-19 14:11:19,39700.0,100,Sell,224871694
2024-07-19 14:11:19,39700.0,100,Sell,224871723
2024-07-19 14:11:19,39700.0,500,Sell,224871722
2024-07-19 14:11:19,39700.0,2000,Sell,224871721
2024-07-19 14:11:19,39700.0,100,Sell,224871695
2024-07-19 14:11:19,39700.0,3000,Sell,224871693
2024-07-19 14:11:19,39700.0,100,Sell,224871685
2024-07-19 14:11:19,39700.0,500,Sell,224871691
2024-07-19 14:11:19,39700.0,100,Sell,224871690
2024-07-19 14:11:19,39700.0,1000,Sell,224871689
2024-07-19 14:11:19,39700.0,100,Sell,224871688
2024-07-19 14:11:19,39700.0,100,Sell,224871687
2024-07-19 14:11:19,39700.0,200,Sell,224871686
2024-07-19 14:11:19,39700.0,100,Sell,224871684
2024-07-19 14:11:19,39700.0,600,Sell,224871683
2024-07-19 14:11:19,39700.0,500,Sell,224871692
2024-07-19 14:11:24,39700.0,600,Sell,224872433
2024-07-19 14:11:24,39700.0,100,Sell,224872434
2024-07-19 14:11:24,39700.0,300,Sell,224872435
2024-07-19 14:11:26,39700.0,700,Sell,224872704
2024-07-19 14:11:26,39700.0,100,Sell,224872705
2024-07-19 14:11:26,39700.0,500,Sell,224872706
2024-07-19 14:11:26,39700.0,200,Sell,224872707
2024-07-19 14:11:28,39700.0,500,Sell,224872907
2024-07-19 14:11:31,39700.0,300,Sell,224873193
2024-07-19 14:11:32,39700.0,300,Sell,224873349
2024-07-19 14:11:33,39700.0,2700,Sell,224873371
2024-07-19 14:11:33,39700.0,1300,Sell,224873372
2024-07-19 14:11:34,39700.0,500,Sell,224873442
2024-07-19 14:11:54,39750.0,100,Buy,224875394
2024-07-19 14:11:56,39700.0,500,Sell,224875547
2024-07-19 14:12:01,39700.0,100,Sell,224875932
2024-07-19 14:12:08,39750.0,400,Buy,224876586
2024-07-19 14:12:11,39700.0,100,Sell,224876804
2024-07-19 14:12:15,39700.0,1000,Sell,224877053
2024-07-19 14:12:15,39700.0,100,Sell,224877052
2024-07-19 14:12:15,39700.0,200,Sell,224877051
2024-07-19 14:12:15,39700.0,100,Sell,224877049
2024-07-19 14:12:15,39700.0,100,Sell,224877050
2024-07-19 14:12:15,39700.0,300,Sell,224877047
2024-07-19 14:12:15,39700.0,500,Sell,224877043
2024-07-19 14:12:15,39700.0,100,Sell,224877044
2024-07-19 14:12:15,39700.0,100,Sell,224877048
2024-07-19 14:12:15,39700.0,100,Sell,224877046
2024-07-19 14:12:15,39700.0,1000,Sell,224877045
2024-07-19 14:12:17,39700.0,100,Buy,224877196
2024-07-19 14:12:24,39700.0,2000,Buy,224877879
2024-07-19 14:12:26,39700.0,300,Buy,224878046
2024-07-19 14:12:26,39700.0,100,Buy,224878047
2024-07-19 14:12:26,39700.0,1400,Buy,224878048
2024-07-19 14:12:26,39700.0,200,Buy,224878049
2024-07-19 14:12:28,39700.0,300,Buy,224878178
2024-07-19 14:12:32,39650.0,100,Sell,224878472
2024-07-19 14:12:33,39650.0,200,Sell,224878522
2024-07-19 14:12:33,39650.0,100,Sell,224878523
2024-07-19 14:12:33,39650.0,100,Sell,224878524
2024-07-19 14:12:33,39650.0,200,Sell,224878525
2024-07-19 14:12:33,39650.0,100,Sell,224878526
2024-07-19 14:12:34,39700.0,500,Buy,224878593
2024-07-19 14:12:34,39700.0,800,Buy,224878594
2024-07-19 14:12:34,39700.0,1200,Buy,224878595
2024-07-19 14:12:36,39750.0,100,Buy,224878741
2024-07-19 14:12:36,39700.0,2000,Sell,224878757
2024-07-19 14:12:38,39750.0,500,Buy,224878853
2024-07-19 14:12:49,39750.0,100,Buy,224879859
2024-07-19 14:12:50,39750.0,500,Buy,224880005
2024-07-19 14:12:52,39700.0,500,Sell,224880090
2024-07-19 14:12:52,39700.0,100,Sell,224880091
2024-07-19 14:12:52,39700.0,2400,Sell,224880092
2024-07-19 14:12:54,39750.0,1700,Buy,224880263
2024-07-19 14:12:54,39750.0,500,Buy,224880290
2024-07-19 14:12:59,39750.0,100,Buy,224880582
2024-07-19 14:13:02,39750.0,200,Buy,224880735
2024-07-19 14:13:03,39750.0,100,Buy,224880764
2024-07-19 14:13:04,39800.0,3400,Buy,224880829
2024-07-19 14:13:04,39800.0,800,Buy,224880830
2024-07-19 14:13:04,39750.0,100,Buy,224880828
2024-07-19 14:13:04,39850.0,700,Buy,224880831
2024-07-19 14:13:04,39750.0,500,Buy,224880826
2024-07-19 14:13:04,39750.0,900,Buy,224880825
2024-07-19 14:13:04,39750.0,3000,Buy,224880827
2024-07-19 14:13:04,39750.0,600,Buy,224880824
2024-07-19 14:13:06,39700.0,100,Sell,224880944
2024-07-19 14:13:10,39850.0,400,Buy,224881270
2024-07-19 14:13:10,39750.0,100,Buy,224881269
2024-07-19 14:13:30,39850.0,500,Buy,224882758
2024-07-19 14:13:38,39850.0,100,Buy,224883228
2024-07-19 14:13:38,39850.0,100,Buy,224883270
2024-07-19 14:13:38,39850.0,900,Buy,224883271
2024-07-19 14:13:44,39850.0,100,Buy,224883612
2024-07-19 14:13:44,39850.0,200,Buy,224883613
2024-07-19 14:13:44,39850.0,500,Buy,224883650
2024-07-19 14:13:45,39850.0,100,Buy,224883735
2024-07-19 14:13:50,39850.0,100,Buy,224883950
2024-07-19 14:13:54,39850.0,1000,Buy,224884217
2024-07-19 14:13:58,39850.0,400,Buy,224884430
2024-07-19 14:14:01,39850.0,200,Buy,224884593
2024-07-19 14:14:05,39850.0,1000,Buy,224884926
2024-07-19 14:14:06,39850.0,100,Buy,224884967
