time,price,volume,match_type,id
2024-08-20 09:14:38,43000.0,9600,ATO/ATC,232873989
2024-08-20 09:17:01,43050.0,100,Sell,232877244
2024-08-20 09:17:05,43050.0,200,Sell,232877339
2024-08-20 09:17:28,43050.0,1700,Sell,232877919
2024-08-20 09:17:28,43050.0,800,Sell,232877918
2024-08-20 09:17:28,43050.0,700,Sell,232877915
2024-08-20 09:17:28,43050.0,100,Sell,232877916
2024-08-20 09:17:28,43050.0,1000,Sell,232877917
2024-08-20 09:17:34,43050.0,100,Buy,232878045
2024-08-20 09:17:55,43150.0,100,Buy,232878518
2024-08-20 09:17:55,43200.0,200,Buy,232878519
2024-08-20 09:18:11,43200.0,300,Buy,232878879
2024-08-20 09:18:22,43200.0,600,Buy,232879217
2024-08-20 09:18:22,43200.0,100,Buy,232879218
2024-08-20 09:18:22,43200.0,500,Buy,232879219
2024-08-20 09:18:23,43200.0,100,Sell,232879253
2024-08-20 09:18:27,43200.0,300,Sell,232879329
2024-08-20 09:18:52,43200.0,5900,Sell,232879964
2024-08-20 09:19:06,43200.0,100,Sell,232880407
2024-08-20 09:19:07,43200.0,4400,Sell,232880443
2024-08-20 09:19:07,43200.0,1000,Sell,232880444
2024-08-20 09:19:07,43200.0,400,Sell,232880445
2024-08-20 09:19:07,43200.0,1000,Sell,232880446
2024-08-20 09:19:10,43200.0,100,Sell,232880522
2024-08-20 09:19:15,43200.0,300,Sell,232880642
2024-08-20 09:20:15,43150.0,500,Buy,232882203
2024-08-20 09:20:15,43150.0,500,Buy,232882202
2024-08-20 09:20:25,43100.0,100,Sell,232882419
2024-08-20 09:20:41,43150.0,200,Sell,232882857
2024-08-20 09:20:47,43150.0,100,Sell,232882951
2024-08-20 09:20:53,43150.0,100,Sell,232883125
2024-08-20 09:21:15,43100.0,100,Sell,232883670
2024-08-20 09:21:20,43100.0,100,Sell,232883797
2024-08-20 09:21:27,43150.0,200,Buy,232883970
2024-08-20 09:21:39,43100.0,100,Sell,232884304
2024-08-20 09:21:39,43100.0,300,Sell,232884305
2024-08-20 09:21:39,43100.0,100,Sell,232884306
2024-08-20 09:21:41,43100.0,100,Buy,232884411
2024-08-20 09:21:58,43100.0,200,Sell,232884819
2024-08-20 09:22:07,43100.0,100,Buy,232885015
2024-08-20 09:22:13,43100.0,200,Buy,232885195
2024-08-20 09:22:14,43100.0,500,Buy,232885218
2024-08-20 09:23:15,43100.0,100,Sell,232886824
2024-08-20 09:23:15,43100.0,500,Sell,232886823
2024-08-20 09:23:47,43100.0,300,Sell,232887860
2024-08-20 09:24:22,43100.0,100,Sell,232888778
2024-08-20 09:24:22,43100.0,100,Sell,232888777
2024-08-20 09:24:26,43150.0,200,Buy,232888854
2024-08-20 09:24:26,43150.0,100,Buy,232888855
2024-08-20 09:24:26,43150.0,100,Buy,232888856
2024-08-20 09:24:26,43150.0,2800,Buy,232888857
2024-08-20 09:24:49,43150.0,200,Sell,232889388
2024-08-20 09:25:00,43150.0,100,Sell,232889668
2024-08-20 09:25:06,43150.0,1500,Sell,232889846
2024-08-20 09:25:06,43150.0,1000,Sell,232889847
2024-08-20 09:25:06,43150.0,1100,Sell,232889848
2024-08-20 09:25:22,43150.0,1000,Buy,232890346
2024-08-20 09:25:33,43100.0,100,Sell,232890822
2024-08-20 09:25:33,43100.0,2000,Sell,232890823
2024-08-20 09:25:33,43100.0,100,Buy,232890832
2024-08-20 09:26:03,43050.0,100,Sell,232891515
2024-08-20 09:26:04,43100.0,1000,Buy,232891554
2024-08-20 09:26:19,43100.0,400,Buy,232891927
2024-08-20 09:26:19,43100.0,700,Buy,232891926
2024-08-20 09:26:19,43100.0,300,Buy,232891928
2024-08-20 09:26:47,43100.0,1600,Sell,232892703
2024-08-20 09:26:55,43050.0,300,Sell,232892893
2024-08-20 09:27:18,43050.0,300,Sell,232893565
2024-08-20 09:27:19,43050.0,1400,Sell,232893591
2024-08-20 09:27:19,43050.0,1000,Sell,232893592
2024-08-20 09:27:19,43050.0,500,Sell,232893593
2024-08-20 09:27:19,43050.0,2000,Sell,232893595
2024-08-20 09:27:19,43050.0,100,Sell,232893594
2024-08-20 09:27:25,43100.0,200,Buy,232893738
2024-08-20 09:27:43,43100.0,200,Buy,232894196
2024-08-20 09:27:46,43100.0,200,Buy,232894243
2024-08-20 09:27:55,43100.0,100,Buy,232894572
2024-08-20 09:27:55,43100.0,300,Buy,232894570
2024-08-20 09:27:55,43100.0,100,Buy,232894571
2024-08-20 09:28:02,43050.0,200,Sell,232894768
2024-08-20 09:28:17,43050.0,100,Sell,232895075
2024-08-20 09:28:17,43050.0,2800,Sell,232895074
2024-08-20 09:28:22,43050.0,1000,Sell,232895166
2024-08-20 09:28:23,43050.0,900,Sell,232895181
2024-08-20 09:28:23,43050.0,200,Sell,232895182
2024-08-20 09:28:23,43050.0,200,Sell,232895183
2024-08-20 09:28:23,43050.0,800,Sell,232895184
2024-08-20 09:28:23,43050.0,100,Sell,232895185
2024-08-20 09:28:27,43050.0,100,Buy,232895348
2024-08-20 09:28:27,43050.0,100,Buy,232895351
2024-08-20 09:28:31,43000.0,100,Sell,232895459
2024-08-20 09:28:31,43000.0,100,Sell,232895458
2024-08-20 09:28:31,43000.0,100,Sell,232895456
2024-08-20 09:28:31,43000.0,100,Sell,232895455
2024-08-20 09:28:31,43000.0,100,Sell,232895454
2024-08-20 09:28:31,43000.0,100,Sell,232895457
2024-08-20 09:28:48,43000.0,100,Sell,232895956
2024-08-20 09:28:48,43000.0,200,Sell,232895955
2024-08-20 09:28:48,43000.0,200,Sell,232895954
2024-08-20 09:28:48,43000.0,300,Sell,232895953
2024-08-20 09:28:48,43000.0,500,Sell,232895952
2024-08-20 09:28:48,43000.0,100,Sell,232895950
2024-08-20 09:28:48,43000.0,100,Sell,232895948
2024-08-20 09:28:48,43000.0,1000,Sell,232895947
2024-08-20 09:28:48,43000.0,100,Sell,232895946
2024-08-20 09:28:48,43000.0,1000,Sell,232895951
2024-08-20 09:28:48,43000.0,200,Sell,232895949
2024-08-20 09:28:57,43000.0,300,Sell,232896151
2024-08-20 09:29:00,43050.0,600,Buy,232896223
2024-08-20 09:29:24,43050.0,300,Buy,232896899
2024-08-20 09:29:34,43000.0,500,Sell,232897110
2024-08-20 09:29:34,43050.0,100,Buy,232897121
2024-08-20 09:29:43,43050.0,200,Buy,232897328
2024-08-20 09:29:48,43000.0,100,Sell,232897426
2024-08-20 09:29:51,43050.0,100,Buy,232897474
2024-08-20 09:29:58,43000.0,500,Sell,232897660
2024-08-20 09:29:58,43000.0,400,Sell,232897661
2024-08-20 09:29:58,43000.0,300,Sell,232897659
2024-08-20 09:29:58,43000.0,200,Sell,232897657
2024-08-20 09:29:58,43000.0,4000,Sell,232897656
2024-08-20 09:29:58,43000.0,500,Sell,232897658
2024-08-20 09:30:09,43000.0,100,Sell,232897883
2024-08-20 09:30:09,43000.0,500,Sell,232897884
2024-08-20 09:30:09,43000.0,400,Sell,232897885
2024-08-20 09:30:10,43000.0,700,Sell,232897908
2024-08-20 09:30:10,43000.0,900,Sell,232897907
2024-08-20 09:30:10,43000.0,100,Sell,232897906
2024-08-20 09:30:10,43000.0,500,Sell,232897905
2024-08-20 09:30:10,43000.0,200,Sell,232897904
2024-08-20 09:30:10,43000.0,700,Sell,232897903
2024-08-20 09:30:10,43000.0,3100,Sell,232897909
2024-08-20 09:30:10,43000.0,3400,Sell,232897901
2024-08-20 09:30:10,43000.0,20000,Sell,232897900
2024-08-20 09:30:10,43000.0,100,Sell,232897899
2024-08-20 09:30:10,43000.0,1000,Sell,232897898
2024-08-20 09:30:10,43000.0,100,Sell,232897897
2024-08-20 09:30:10,43000.0,600,Sell,232897896
2024-08-20 09:30:10,43000.0,500,Sell,232897902
2024-08-20 09:30:11,43050.0,500,Buy,232897947
2024-08-20 09:30:15,43050.0,200,Buy,232898029
2024-08-20 09:30:16,43000.0,600,Sell,232898046
2024-08-20 09:30:16,43000.0,100,Sell,232898045
2024-08-20 09:30:16,43000.0,200,Sell,232898044
2024-08-20 09:30:16,43000.0,100,Sell,232898042
2024-08-20 09:30:16,43000.0,100,Sell,232898041
2024-08-20 09:30:16,43000.0,1900,Sell,232898040
2024-08-20 09:30:16,43000.0,1000,Sell,232898043
2024-08-20 09:30:23,43000.0,1400,Sell,232898243
2024-08-20 09:30:23,43000.0,300,Sell,232898244
2024-08-20 09:30:23,43000.0,100,Sell,232898245
2024-08-20 09:30:23,43000.0,200,Sell,232898246
2024-08-20 09:30:23,43000.0,300,Sell,232898247
2024-08-20 09:30:23,43000.0,100,Sell,232898248
2024-08-20 09:30:28,43000.0,200,Buy,232898359
2024-08-20 09:30:29,43000.0,100,Buy,232898370
2024-08-20 09:30:30,43000.0,200,Buy,232898385
2024-08-20 09:30:48,43000.0,4500,Buy,232898899
2024-08-20 09:30:59,43000.0,2000,Buy,232899274
2024-08-20 09:31:00,42950.0,100,Sell,232899303
2024-08-20 09:31:01,43000.0,300,Buy,232899314
2024-08-20 09:31:05,42950.0,100,Sell,232899398
2024-08-20 09:31:05,42950.0,100,Sell,232899396
2024-08-20 09:31:05,42950.0,300,Sell,232899397
2024-08-20 09:31:11,43000.0,300,Buy,232899537
2024-08-20 09:31:12,43000.0,100,Buy,232899562
2024-08-20 09:31:47,42950.0,800,Sell,232900419
2024-08-20 09:31:58,43000.0,400,Buy,232900787
2024-08-20 09:31:58,43000.0,200,Buy,232900788
2024-08-20 09:31:58,43000.0,100,Buy,232900789
2024-08-20 09:31:58,43000.0,300,Buy,232900790
2024-08-20 09:31:58,43000.0,200,Buy,232900791
2024-08-20 09:32:17,43000.0,600,Sell,232901213
2024-08-20 09:32:34,43000.0,200,Sell,232901753
2024-08-20 09:32:34,43000.0,300,Sell,232901754
2024-08-20 09:33:01,43000.0,100,Sell,232902520
2024-08-20 09:33:01,43000.0,100,Sell,232902521
2024-08-20 09:33:26,43000.0,100,Sell,232903157
2024-08-20 09:33:26,43000.0,900,Sell,232903156
2024-08-20 09:33:39,43000.0,1900,Sell,232903504
2024-08-20 09:33:39,43000.0,500,Sell,232903509
2024-08-20 09:33:39,43000.0,1000,Sell,232903508
2024-08-20 09:33:39,43000.0,1000,Sell,232903505
2024-08-20 09:33:39,43000.0,100,Sell,232903506
2024-08-20 09:33:39,43000.0,200,Sell,232903507
2024-08-20 09:33:40,43000.0,100,Buy,232903518
2024-08-20 09:33:56,43000.0,200,Buy,232903877
2024-08-20 09:33:56,43000.0,300,Buy,232903878
2024-08-20 09:34:00,43000.0,1700,Buy,232904027
2024-08-20 09:34:00,43000.0,5000,Buy,232904028
2024-08-20 09:34:04,43000.0,2800,Sell,232904086
2024-08-20 09:34:10,43000.0,500,Sell,232904350
2024-08-20 09:34:19,43000.0,800,Sell,232904562
2024-08-20 09:34:19,43000.0,1000,Sell,232904559
2024-08-20 09:34:19,43000.0,100,Sell,232904560
2024-08-20 09:34:19,43000.0,100,Sell,232904561
2024-08-20 09:34:34,43000.0,200,Sell,232904994
2024-08-20 09:34:34,43050.0,1000,Buy,232904993
2024-08-20 09:34:38,43050.0,4700,Buy,232905134
2024-08-20 09:34:38,43050.0,1300,Buy,232905132
2024-08-20 09:34:38,43050.0,1000,Buy,232905133
2024-08-20 09:34:39,43000.0,1000,Sell,232905163
2024-08-20 09:34:45,43000.0,2000,Sell,232905341
2024-08-20 09:34:48,43050.0,800,Buy,232905423
2024-08-20 09:34:49,43050.0,1000,Buy,232905466
2024-08-20 09:34:59,43050.0,1200,Buy,232905712
2024-08-20 09:35:34,43000.0,1900,Sell,232906605
2024-08-20 09:35:45,43050.0,200,Buy,232906904
2024-08-20 09:35:46,43000.0,200,Sell,232906920
2024-08-20 09:35:46,43050.0,2100,Buy,232906931
2024-08-20 09:35:46,43050.0,3800,Buy,232906932
2024-08-20 09:35:52,43050.0,500,Buy,232907091
2024-08-20 09:35:59,43050.0,700,Buy,232907239
2024-08-20 09:35:59,43050.0,1300,Buy,232907240
2024-08-20 09:35:59,43050.0,400,Buy,232907257
2024-08-20 09:36:01,43050.0,100,Buy,232907309
2024-08-20 09:36:02,43050.0,5000,Buy,232907382
2024-08-20 09:36:04,43050.0,100,Buy,232907408
2024-08-20 09:36:06,43050.0,800,Buy,232907473
2024-08-20 09:36:07,43050.0,100,Buy,232907494
2024-08-20 09:36:09,43050.0,2200,Buy,232907531
2024-08-20 09:36:09,43050.0,500,Buy,232907532
2024-08-20 09:36:09,43050.0,100,Buy,232907533
2024-08-20 09:36:09,43050.0,100,Buy,232907534
2024-08-20 09:36:09,43050.0,100,Buy,232907535
2024-08-20 09:36:09,43050.0,100,Buy,232907536
2024-08-20 09:36:12,43100.0,500,Buy,232907722
2024-08-20 09:36:33,43100.0,4500,Buy,232908267
2024-08-20 09:36:33,43100.0,1000,Buy,232908268
2024-08-20 09:36:33,43100.0,1900,Buy,232908269
2024-08-20 09:36:33,43100.0,100,Buy,232908270
2024-08-20 09:36:57,43100.0,100,Sell,232908886
2024-08-20 09:37:11,43100.0,1000,Sell,232909348
2024-08-20 09:37:20,43150.0,3400,Buy,232909630
2024-08-20 09:37:20,43150.0,200,Buy,232909628
2024-08-20 09:37:20,43150.0,300,Buy,232909627
2024-08-20 09:37:20,43150.0,100,Buy,232909629
2024-08-20 09:37:39,43150.0,100,Sell,232910160
2024-08-20 09:38:01,43200.0,4300,Buy,232911041
2024-08-20 09:38:01,43200.0,200,Buy,232911038
2024-08-20 09:38:01,43200.0,200,Buy,232911039
2024-08-20 09:38:01,43200.0,300,Buy,232911040
2024-08-20 09:38:06,43200.0,700,Buy,232911218
2024-08-20 09:38:06,43200.0,300,Buy,232911219
2024-08-20 09:38:16,43200.0,200,Buy,232911544
2024-08-20 09:38:17,43200.0,500,Buy,232911561
2024-08-20 09:38:23,43250.0,400,Buy,232911740
2024-08-20 09:38:23,43250.0,600,Buy,232911738
2024-08-20 09:38:36,43200.0,300,Sell,232912235
2024-08-20 09:38:40,43200.0,200,Sell,232912383
2024-08-20 09:39:08,43200.0,200,Sell,232913476
2024-08-20 09:39:28,43250.0,200,Buy,232914017
2024-08-20 09:39:28,43250.0,200,Buy,232914018
2024-08-20 09:39:39,43200.0,100,Sell,232914276
2024-08-20 09:39:51,43200.0,1300,Sell,232914677
2024-08-20 09:40:06,43200.0,100,Sell,232915093
2024-08-20 09:40:06,43200.0,1900,Sell,232915092
2024-08-20 09:40:06,43200.0,100,Sell,232915094
2024-08-20 09:40:09,43200.0,1400,Sell,232915151
2024-08-20 09:40:09,43200.0,300,Sell,232915152
2024-08-20 09:40:14,43200.0,300,Buy,232915276
2024-08-20 09:40:14,43250.0,200,Buy,232915277
2024-08-20 09:41:36,43200.0,100,Buy,232917434
2024-08-20 09:41:36,43200.0,900,Buy,232917435
2024-08-20 09:41:43,43200.0,100,Buy,232917565
2024-08-20 09:42:12,43200.0,1200,Buy,232918404
2024-08-20 09:42:20,43200.0,200,Buy,232918579
2024-08-20 09:42:25,43200.0,2000,Buy,232918797
2024-08-20 09:42:40,43200.0,100,Buy,232919247
2024-08-20 09:42:51,43250.0,200,Buy,232919549
2024-08-20 09:43:17,43250.0,1000,Buy,232920387
2024-08-20 09:43:22,43200.0,100,Sell,232920521
2024-08-20 09:43:24,43250.0,1200,Buy,232920590
2024-08-20 09:43:24,43250.0,500,Buy,232920589
2024-08-20 09:43:24,43250.0,300,Buy,232920588
2024-08-20 09:43:30,43200.0,400,Sell,232920948
2024-08-20 09:44:03,43200.0,1600,Sell,232922276
2024-08-20 09:44:14,43200.0,200,Sell,232922524
2024-08-20 09:44:16,43200.0,100,Sell,232922573
2024-08-20 09:44:39,43200.0,500,Sell,232923138
2024-08-20 09:44:47,43200.0,500,Sell,232923342
2024-08-20 09:45:04,43200.0,100,Sell,232923930
2024-08-20 09:45:24,43200.0,100,Sell,232924377
2024-08-20 09:45:24,43200.0,100,Sell,232924384
2024-08-20 09:45:24,43250.0,2500,Buy,232924378
2024-08-20 09:45:28,43200.0,1000,Sell,232924474
2024-08-20 09:45:31,43250.0,100,Buy,232924540
2024-08-20 09:45:53,43200.0,100,Sell,232925064
2024-08-20 09:46:08,43250.0,300,Buy,232925478
2024-08-20 09:46:15,43200.0,800,Sell,232925633
2024-08-20 09:46:15,43200.0,200,Sell,232925632
2024-08-20 09:46:28,43250.0,400,Buy,232926007
2024-08-20 09:46:28,43250.0,200,Buy,232926006
2024-08-20 09:46:48,43250.0,200,Buy,232926608
2024-08-20 09:46:58,43250.0,1500,Buy,232926877
2024-08-20 09:47:30,43200.0,200,Sell,232927753
2024-08-20 09:47:30,43200.0,100,Sell,232927754
2024-08-20 09:47:30,43200.0,200,Sell,232927755
2024-08-20 09:48:01,43200.0,1200,Sell,232928652
2024-08-20 09:48:01,43200.0,1600,Sell,232928653
2024-08-20 09:48:01,43200.0,100,Sell,232928650
2024-08-20 09:48:01,43200.0,200,Sell,232928651
2024-08-20 09:48:09,43200.0,3400,Sell,232928848
2024-08-20 09:48:09,43200.0,1000,Sell,232928849
2024-08-20 09:48:09,43200.0,200,Sell,232928850
2024-08-20 09:48:09,43200.0,3400,Sell,232928851
2024-08-20 09:48:12,43200.0,1000,Sell,232928916
2024-08-20 09:48:19,43200.0,100,Sell,232929091
2024-08-20 09:48:20,43200.0,200,Sell,232929103
2024-08-20 09:48:36,43200.0,500,Sell,232929677
2024-08-20 09:48:36,43200.0,100,Sell,232929676
2024-08-20 09:48:36,43200.0,100,Sell,232929675
2024-08-20 09:48:36,43200.0,300,Sell,232929674
2024-08-20 09:48:38,43200.0,100,Sell,232929768
2024-08-20 09:48:45,43200.0,400,Sell,232929949
2024-08-20 09:48:45,43200.0,100,Sell,232929950
2024-08-20 09:48:45,43200.0,300,Sell,232929951
2024-08-20 09:48:45,43200.0,200,Sell,232929952
2024-08-20 09:48:46,43200.0,200,Sell,232929960
2024-08-20 09:48:56,43200.0,300,Sell,232930164
2024-08-20 09:49:08,43200.0,500,Sell,232930457
2024-08-20 09:49:08,43200.0,100,Sell,232930458
2024-08-20 09:49:08,43200.0,100,Sell,232930456
2024-08-20 09:49:11,43200.0,1000,Sell,232930515
2024-08-20 09:49:27,43200.0,600,Sell,232930929
2024-08-20 09:49:34,43200.0,100,Sell,232931271
2024-08-20 09:49:39,43200.0,200,Sell,232931545
2024-08-20 09:49:39,43200.0,300,Sell,232931544
2024-08-20 09:49:54,43200.0,300,Sell,232931907
2024-08-20 09:49:54,43200.0,200,Sell,232931908
2024-08-20 09:50:40,43200.0,800,Buy,232933562
2024-08-20 09:50:40,43200.0,200,Buy,232933563
2024-08-20 09:50:43,43200.0,100,Buy,232933718
2024-08-20 09:50:43,43200.0,1900,Buy,232933719
2024-08-20 09:51:11,43200.0,1100,Buy,232934781
2024-08-20 09:51:11,43200.0,500,Buy,232934782
2024-08-20 09:51:11,43200.0,800,Buy,232934783
2024-08-20 09:51:11,43200.0,800,Buy,232934784
2024-08-20 09:51:47,43100.0,900,Sell,232935802
2024-08-20 09:51:47,43150.0,100,Sell,232935801
2024-08-20 09:51:47,43150.0,500,Sell,232935800
2024-08-20 09:51:47,43150.0,3000,Sell,232935799
2024-08-20 09:51:47,43150.0,200,Sell,232935798
2024-08-20 09:51:47,43150.0,100,Sell,232935796
2024-08-20 09:51:47,43150.0,100,Sell,232935797
2024-08-20 09:51:47,43150.0,500,Sell,232935794
2024-08-20 09:51:47,43150.0,900,Sell,232935788
2024-08-20 09:51:47,43150.0,100,Sell,232935789
2024-08-20 09:51:47,43150.0,700,Sell,232935790
2024-08-20 09:51:47,43150.0,100,Sell,232935795
2024-08-20 09:51:47,43150.0,500,Sell,232935792
2024-08-20 09:51:47,43150.0,1000,Sell,232935793
2024-08-20 09:51:47,43150.0,300,Sell,232935791
2024-08-20 09:52:22,43150.0,200,Sell,232936909
2024-08-20 09:52:23,43100.0,100,Sell,232936943
2024-08-20 09:52:42,43200.0,200,Buy,232937516
2024-08-20 09:52:59,43200.0,500,Buy,232938191
2024-08-20 09:53:03,43200.0,200,Buy,232938298
2024-08-20 09:53:17,43200.0,200,Buy,232938718
2024-08-20 09:53:17,43200.0,100,Buy,232938719
2024-08-20 09:53:17,43200.0,200,Buy,232938720
2024-08-20 09:53:20,43200.0,200,Buy,232938844
2024-08-20 09:53:26,43100.0,100,Sell,232939021
2024-08-20 09:53:34,43150.0,200,Buy,232939290
2024-08-20 09:54:19,43150.0,300,Sell,232940476
2024-08-20 09:54:19,43150.0,200,Sell,232940477
2024-08-20 09:54:43,43150.0,500,Buy,232941237
2024-08-20 09:54:53,43100.0,300,Sell,232941446
2024-08-20 09:54:53,43100.0,100,Sell,232941447
2024-08-20 09:54:53,43100.0,100,Sell,232941448
2024-08-20 09:55:01,43150.0,500,Buy,232941637
2024-08-20 09:55:01,43150.0,100,Buy,232941638
2024-08-20 09:55:24,43150.0,800,Sell,232942143
2024-08-20 09:55:26,43150.0,200,Sell,232942295
2024-08-20 09:56:22,43100.0,100,Sell,232943863
2024-08-20 09:56:25,43150.0,5000,Buy,232943997
2024-08-20 09:56:25,43150.0,5000,Buy,232943998
2024-08-20 09:56:25,43150.0,300,Buy,232943999
2024-08-20 09:56:25,43150.0,1800,Buy,232943996
2024-08-20 09:57:18,43150.0,3900,Sell,232945457
2024-08-20 09:57:18,43150.0,400,Sell,232945458
2024-08-20 09:57:20,43150.0,2000,Sell,232945516
2024-08-20 09:58:11,43100.0,300,Sell,232947131
2024-08-20 09:58:11,43100.0,1900,Sell,232947132
2024-08-20 09:58:11,43150.0,2000,Sell,232947129
2024-08-20 09:58:11,43150.0,200,Sell,232947130
2024-08-20 09:58:11,43150.0,600,Sell,232947128
2024-08-20 09:58:33,43200.0,400,Buy,232947860
2024-08-20 09:59:24,43200.0,100,Buy,232949475
2024-08-20 09:59:24,43200.0,400,Buy,232949476
2024-08-20 09:59:35,43150.0,100,Sell,232949713
2024-08-20 09:59:42,43150.0,200,Sell,232949847
2024-08-20 09:59:48,43150.0,100,Buy,232950012
2024-08-20 09:59:54,43150.0,600,Buy,232950130
2024-08-20 09:59:57,43150.0,400,Sell,232950274
2024-08-20 10:00:21,43150.0,100,Buy,232950969
2024-08-20 10:01:10,43150.0,100,Buy,232952305
2024-08-20 10:01:10,43150.0,400,Buy,232952306
2024-08-20 10:01:46,43150.0,500,Buy,232953251
2024-08-20 10:02:05,43150.0,2000,Buy,232953859
2024-08-20 10:02:58,43100.0,2000,Sell,232955374
2024-08-20 10:02:58,43150.0,900,Buy,232955373
2024-08-20 10:03:00,43100.0,500,Sell,232955439
2024-08-20 10:03:03,43100.0,500,Sell,232955490
2024-08-20 10:03:11,43100.0,100,Sell,232955664
2024-08-20 10:03:16,43100.0,200,Sell,232955752
2024-08-20 10:03:16,43100.0,300,Sell,232955753
2024-08-20 10:03:16,43100.0,500,Sell,232955754
2024-08-20 10:03:17,43100.0,1600,Sell,232955820
2024-08-20 10:03:17,43100.0,100,Sell,232955821
2024-08-20 10:03:17,43100.0,200,Sell,232955822
2024-08-20 10:03:17,43100.0,100,Sell,232955823
2024-08-20 10:03:18,43100.0,900,Sell,232955914
2024-08-20 10:03:18,43100.0,2000,Sell,232955915
2024-08-20 10:03:18,43100.0,100,Sell,232955916
2024-08-20 10:03:18,43100.0,400,Sell,232955967
2024-08-20 10:03:21,43100.0,300,Sell,232956048
2024-08-20 10:03:21,43100.0,100,Sell,232956039
2024-08-20 10:03:21,43100.0,500,Sell,232956038
2024-08-20 10:03:21,43100.0,2700,Sell,232956040
2024-08-20 10:03:21,43100.0,200,Sell,232956036
2024-08-20 10:03:21,43100.0,200,Sell,232956034
2024-08-20 10:03:21,43100.0,200,Sell,232956037
2024-08-20 10:03:21,43100.0,100,Sell,232956035
2024-08-20 10:03:45,43050.0,1900,Sell,232956634
2024-08-20 10:03:45,43050.0,900,Sell,232956675
2024-08-20 10:03:45,43050.0,100,Sell,232956663
2024-08-20 10:03:45,43050.0,500,Sell,232956641
2024-08-20 10:03:45,43050.0,900,Sell,232956642
2024-08-20 10:03:45,43050.0,500,Sell,232956638
2024-08-20 10:03:45,43050.0,100,Sell,232956637
2024-08-20 10:03:45,43050.0,500,Sell,232956636
2024-08-20 10:03:45,43050.0,3000,Sell,232956635
2024-08-20 10:03:45,43050.0,100,Sell,232956639
2024-08-20 10:03:45,43050.0,500,Sell,232956640
2024-08-20 10:03:49,43050.0,100,Sell,232956743
2024-08-20 10:03:49,43050.0,400,Sell,232956744
2024-08-20 10:03:49,43050.0,100,Sell,232956747
2024-08-20 10:03:53,43050.0,500,Sell,232956831
2024-08-20 10:04:01,43100.0,800,Buy,232956997
2024-08-20 10:04:01,43100.0,700,Buy,232956996
2024-08-20 10:04:01,43050.0,500,Buy,232956995
2024-08-20 10:04:04,43000.0,2900,Sell,232957051
2024-08-20 10:04:04,43000.0,700,Sell,232957052
2024-08-20 10:04:04,43000.0,400,Sell,232957053
2024-08-20 10:04:43,43000.0,2500,Sell,232958334
2024-08-20 10:04:53,43000.0,2000,Sell,232958595
2024-08-20 10:04:53,43000.0,200,Sell,232958596
2024-08-20 10:04:53,43000.0,500,Sell,232958598
2024-08-20 10:04:53,43000.0,400,Sell,232958599
2024-08-20 10:04:53,43000.0,1000,Sell,232958600
2024-08-20 10:04:53,43000.0,200,Sell,232958601
2024-08-20 10:04:53,43000.0,300,Sell,232958603
2024-08-20 10:04:53,43000.0,300,Sell,232958604
2024-08-20 10:04:53,43000.0,200,Sell,232958605
2024-08-20 10:04:53,43000.0,200,Sell,232958606
2024-08-20 10:04:53,43000.0,100,Sell,232958607
2024-08-20 10:04:53,43000.0,100,Sell,232958594
2024-08-20 10:04:53,43000.0,1000,Sell,232958602
2024-08-20 10:04:53,43000.0,300,Sell,232958593
2024-08-20 10:04:53,43000.0,5000,Sell,232958597
2024-08-20 10:04:53,43000.0,2000,Sell,232958591
2024-08-20 10:04:53,43000.0,500,Sell,232958574
2024-08-20 10:04:53,43000.0,100,Sell,232958575
2024-08-20 10:04:53,43000.0,300,Sell,232958576
2024-08-20 10:04:53,43000.0,200,Sell,232958577
2024-08-20 10:04:53,43000.0,200,Sell,232958578
2024-08-20 10:04:53,43000.0,500,Sell,232958584
2024-08-20 10:04:53,43000.0,500,Sell,232958592
2024-08-20 10:04:53,43000.0,200,Sell,232958586
2024-08-20 10:04:53,43000.0,100,Sell,232958587
2024-08-20 10:04:53,43000.0,200,Sell,232958588
2024-08-20 10:04:53,43000.0,100,Sell,232958573
2024-08-20 10:04:53,43000.0,1000,Sell,232958589
2024-08-20 10:04:53,43000.0,2000,Sell,232958590
2024-08-20 10:04:53,43000.0,300,Sell,232958585
2024-08-20 10:05:12,43000.0,400,Sell,232959198
2024-08-20 10:05:12,43000.0,100,Sell,232959199
2024-08-20 10:05:17,43000.0,200,Sell,232959348
2024-08-20 10:05:19,43000.0,1100,Sell,232959455
2024-08-20 10:05:19,43000.0,100,Sell,232959454
2024-08-20 10:05:19,43000.0,100,Sell,232959453
2024-08-20 10:05:26,43000.0,600,Sell,232959672
2024-08-20 10:05:26,43000.0,1000,Sell,232959682
2024-08-20 10:05:26,43000.0,100,Sell,232959681
2024-08-20 10:05:26,43000.0,200,Sell,232959679
2024-08-20 10:05:26,43000.0,200,Sell,232959678
2024-08-20 10:05:26,43000.0,100,Sell,232959680
2024-08-20 10:05:26,43000.0,1000,Sell,232959676
2024-08-20 10:05:26,43000.0,300,Sell,232959675
2024-08-20 10:05:26,43000.0,100,Sell,232959673
2024-08-20 10:05:26,43000.0,200,Sell,232959677
2024-08-20 10:05:26,43000.0,200,Sell,232959674
2024-08-20 10:05:38,43000.0,100,Sell,232960025
2024-08-20 10:05:38,43000.0,2000,Sell,232960014
2024-08-20 10:05:38,43000.0,2000,Sell,232960022
2024-08-20 10:05:38,43000.0,100,Sell,232960023
2024-08-20 10:05:38,43000.0,500,Sell,232960024
2024-08-20 10:05:39,42950.0,4000,Sell,232960047
2024-08-20 10:05:39,43000.0,100,Buy,232960032
2024-08-20 10:05:44,43000.0,300,Buy,232960159
2024-08-20 10:06:04,43000.0,700,Buy,232960665
2024-08-20 10:06:04,43000.0,300,Buy,232960666
2024-08-20 10:06:08,43000.0,300,Buy,232960724
2024-08-20 10:06:10,43000.0,1400,Buy,232960755
2024-08-20 10:06:10,43000.0,100,Buy,232960756
2024-08-20 10:06:10,43000.0,100,Buy,232960757
2024-08-20 10:06:10,43000.0,2000,Buy,232960758
2024-08-20 10:06:13,43000.0,200,Sell,232960866
2024-08-20 10:06:19,43000.0,2000,Sell,232961015
2024-08-20 10:06:27,43000.0,300,Sell,232961209
2024-08-20 10:06:31,43000.0,100,Sell,232961350
2024-08-20 10:06:39,43000.0,200,Sell,232961565
2024-08-20 10:06:42,43000.0,400,Sell,232961643
2024-08-20 10:06:44,43000.0,500,Sell,232961683
2024-08-20 10:06:50,43000.0,500,Sell,232961926
2024-08-20 10:06:55,43000.0,1000,Sell,232961985
2024-08-20 10:06:56,43000.0,1000,Sell,232962005
2024-08-20 10:07:01,43000.0,500,Sell,232962126
2024-08-20 10:07:01,43000.0,100,Sell,232962128
2024-08-20 10:07:01,43000.0,1000,Sell,232962127
2024-08-20 10:07:01,43000.0,100,Sell,232962125
2024-08-20 10:07:01,43000.0,200,Sell,232962119
2024-08-20 10:07:01,43000.0,100,Sell,232962123
2024-08-20 10:07:01,43000.0,900,Sell,232962122
2024-08-20 10:07:01,43000.0,100,Sell,232962121
2024-08-20 10:07:01,43000.0,500,Sell,232962120
2024-08-20 10:07:01,43000.0,3000,Sell,232962124
2024-08-20 10:07:14,43000.0,2000,Buy,232962436
2024-08-20 10:07:16,43000.0,100,Buy,232962470
2024-08-20 10:07:31,42950.0,4800,Sell,232962761
2024-08-20 10:07:31,42950.0,600,Sell,232962760
2024-08-20 10:07:31,42950.0,300,Sell,232962759
2024-08-20 10:07:31,42950.0,500,Sell,232962758
2024-08-20 10:07:31,42950.0,1000,Sell,232962757
2024-08-20 10:07:31,42950.0,2000,Sell,232962755
2024-08-20 10:07:31,42950.0,200,Sell,232962754
2024-08-20 10:07:31,42950.0,200,Sell,232962756
2024-08-20 10:07:31,42950.0,100,Sell,232962752
2024-08-20 10:07:31,42950.0,100,Sell,232962746
2024-08-20 10:07:31,42950.0,5000,Sell,232962747
2024-08-20 10:07:31,42950.0,1000,Sell,232962748
2024-08-20 10:07:31,42950.0,200,Sell,232962753
2024-08-20 10:07:31,42950.0,200,Sell,232962750
2024-08-20 10:07:31,42950.0,500,Sell,232962751
2024-08-20 10:07:31,42950.0,300,Sell,232962749
2024-08-20 10:07:44,42950.0,200,Sell,232963048
2024-08-20 10:07:44,42950.0,300,Sell,232963049
2024-08-20 10:07:44,42950.0,700,Sell,232963051
2024-08-20 10:07:44,42950.0,300,Sell,232963050
2024-08-20 10:07:45,43000.0,100,Buy,232963096
2024-08-20 10:07:45,43000.0,100,Buy,232963097
2024-08-20 10:07:45,43000.0,300,Buy,232963098
2024-08-20 10:07:58,43000.0,500,Sell,232963417
2024-08-20 10:07:58,43000.0,100,Buy,232963420
2024-08-20 10:08:02,42950.0,700,Sell,232963493
2024-08-20 10:08:20,43000.0,100,Buy,232963955
2024-08-20 10:08:21,42950.0,300,Sell,232963971
2024-08-20 10:08:24,42950.0,1000,Sell,232964043
2024-08-20 10:08:24,42950.0,1000,Sell,232964044
2024-08-20 10:08:24,42950.0,1000,Sell,232964045
2024-08-20 10:08:24,42950.0,100,Sell,232964046
2024-08-20 10:08:24,42950.0,4600,Sell,232964047
2024-08-20 10:08:24,42950.0,3300,Sell,232964042
2024-08-20 10:08:27,42950.0,100,Sell,232964085
2024-08-20 10:08:27,42950.0,200,Sell,232964084
2024-08-20 10:08:27,42950.0,300,Sell,232964082
2024-08-20 10:08:27,42950.0,400,Sell,232964081
2024-08-20 10:08:27,42950.0,1000,Sell,232964083
2024-08-20 10:08:30,42950.0,200,Sell,232964159
2024-08-20 10:08:30,42950.0,500,Sell,232964160
2024-08-20 10:08:36,42950.0,200,Buy,232964274
2024-08-20 10:08:36,42950.0,300,Buy,232964275
2024-08-20 10:09:07,42950.0,1200,Sell,232965109
2024-08-20 10:09:31,43000.0,500,Buy,232965651
2024-08-20 10:09:31,43000.0,1000,Buy,232965652
2024-08-20 10:09:31,43000.0,1800,Buy,232965649
2024-08-20 10:09:31,43000.0,2000,Buy,232965650
2024-08-20 10:09:31,43000.0,300,Buy,232965648
2024-08-20 10:09:45,43000.0,100,Sell,232966088
2024-08-20 10:10:08,43050.0,100,Buy,232966780
2024-08-20 10:10:08,43050.0,100,Buy,232966781
2024-08-20 10:10:39,43050.0,100,Buy,232967480
2024-08-20 10:10:55,43050.0,400,Buy,232968057
2024-08-20 10:11:01,43000.0,4300,Sell,232968152
2024-08-20 10:11:01,43000.0,300,Sell,232968153
2024-08-20 10:11:01,43000.0,1100,Sell,232968154
2024-08-20 10:11:02,43000.0,100,Buy,232968178
2024-08-20 10:11:37,42950.0,1700,Sell,232969277
2024-08-20 10:11:40,42950.0,1600,Sell,232969377
2024-08-20 10:11:40,42950.0,100,Sell,232969378
2024-08-20 10:11:40,42950.0,5000,Sell,232969379
2024-08-20 10:11:40,42950.0,200,Sell,232969380
2024-08-20 10:11:40,42950.0,100,Sell,232969381
2024-08-20 10:11:41,43000.0,100,Buy,232969393
2024-08-20 10:11:44,42950.0,200,Sell,232969497
2024-08-20 10:11:44,42950.0,100,Sell,232969498
2024-08-20 10:12:05,43000.0,1700,Buy,232970172
2024-08-20 10:12:05,43000.0,300,Buy,232970173
2024-08-20 10:12:08,42950.0,300,Sell,232970246
2024-08-20 10:12:08,42950.0,300,Sell,232970247
2024-08-20 10:12:08,42950.0,3000,Sell,232970248
2024-08-20 10:12:08,42950.0,500,Sell,232970249
2024-08-20 10:12:08,42950.0,100,Sell,232970250
2024-08-20 10:12:08,42950.0,100,Sell,232970251
2024-08-20 10:12:08,42950.0,100,Sell,232970252
2024-08-20 10:12:20,42950.0,200,Buy,232970658
2024-08-20 10:12:26,42900.0,300,Sell,232970884
2024-08-20 10:12:26,42900.0,200,Sell,232970883
2024-08-20 10:12:26,42900.0,100,Sell,232970882
2024-08-20 10:12:26,42900.0,1000,Sell,232970881
2024-08-20 10:12:26,42900.0,3000,Sell,232970877
2024-08-20 10:12:26,42900.0,500,Sell,232970879
2024-08-20 10:12:26,42900.0,100,Sell,232970878
2024-08-20 10:12:26,42900.0,300,Sell,232970876
2024-08-20 10:12:26,42900.0,1000,Sell,232970880
2024-08-20 10:12:40,42900.0,3200,Sell,232971286
2024-08-20 10:12:40,42900.0,200,Sell,232971285
2024-08-20 10:12:40,42900.0,2000,Sell,232971284
2024-08-20 10:12:40,42900.0,300,Sell,232971283
2024-08-20 10:12:40,42900.0,300,Sell,232971282
2024-08-20 10:12:41,42900.0,100,Sell,232971311
2024-08-20 10:12:43,42900.0,4200,Sell,232971374
2024-08-20 10:12:43,42950.0,200,Buy,232971386
2024-08-20 10:13:22,42900.0,400,Sell,232972527
2024-08-20 10:13:22,42900.0,200,Sell,232972526
2024-08-20 10:13:22,42900.0,1500,Sell,232972525
2024-08-20 10:13:22,42900.0,300,Sell,232972524
2024-08-20 10:13:22,42900.0,300,Sell,232972523
2024-08-20 10:13:22,42900.0,500,Sell,232972521
2024-08-20 10:13:22,42900.0,2000,Sell,232972520
2024-08-20 10:13:22,42900.0,500,Sell,232972511
2024-08-20 10:13:22,42900.0,1000,Sell,232972518
2024-08-20 10:13:22,42900.0,1000,Sell,232972517
2024-08-20 10:13:22,42900.0,1000,Sell,232972516
2024-08-20 10:13:22,42900.0,100,Sell,232972515
2024-08-20 10:13:22,42900.0,100,Sell,232972514
2024-08-20 10:13:22,42900.0,300,Sell,232972513
2024-08-20 10:13:22,42900.0,300,Sell,232972512
2024-08-20 10:13:22,42900.0,300,Sell,232972519
2024-08-20 10:13:22,42900.0,200,Sell,232972522
2024-08-20 10:13:23,42900.0,600,Sell,232972543
2024-08-20 10:13:23,42900.0,400,Sell,232972544
2024-08-20 10:13:41,42950.0,100,Buy,232972912
2024-08-20 10:13:53,42950.0,300,Buy,232973149
2024-08-20 10:13:55,42900.0,200,Sell,232973199
2024-08-20 10:14:01,42900.0,200,Sell,232973318
2024-08-20 10:14:15,42900.0,100,Sell,232973588
2024-08-20 10:14:15,42900.0,1400,Sell,232973589
2024-08-20 10:14:15,42900.0,100,Sell,232973576
2024-08-20 10:14:26,42900.0,100,Sell,232973811
2024-08-20 10:14:37,42900.0,100,Sell,232974254
2024-08-20 10:14:47,42900.0,400,Sell,232974564
2024-08-20 10:14:47,42900.0,500,Sell,232974565
2024-08-20 10:14:47,42900.0,100,Sell,232974566
2024-08-20 10:14:50,42900.0,100,Sell,232974634
2024-08-20 10:14:53,42900.0,100,Sell,232974670
2024-08-20 10:14:56,42900.0,100,Sell,232974729
2024-08-20 10:15:09,42900.0,300,Sell,232975199
2024-08-20 10:15:27,42900.0,9000,Sell,232975661
2024-08-20 10:15:27,42900.0,500,Sell,232975667
2024-08-20 10:15:27,42900.0,1000,Sell,232975666
2024-08-20 10:15:27,42900.0,100,Sell,232975665
2024-08-20 10:15:27,42900.0,500,Sell,232975664
2024-08-20 10:15:27,42900.0,3000,Sell,232975663
2024-08-20 10:15:27,42900.0,100,Sell,232975662
2024-08-20 10:15:27,42900.0,1900,Sell,232975668
2024-08-20 10:15:27,42900.0,2800,Sell,232975660
2024-08-20 10:15:27,42900.0,200,Sell,232975651
2024-08-20 10:15:27,42900.0,100,Sell,232975658
2024-08-20 10:15:27,42900.0,500,Sell,232975659
2024-08-20 10:15:27,42900.0,100,Sell,232975652
2024-08-20 10:15:27,42900.0,200,Sell,232975653
2024-08-20 10:15:27,42900.0,1300,Sell,232975650
2024-08-20 10:15:27,42900.0,200,Sell,232975655
2024-08-20 10:15:27,42900.0,100,Sell,232975656
2024-08-20 10:15:27,42900.0,100,Sell,232975654
2024-08-20 10:15:27,42900.0,200,Sell,232975657
2024-08-20 10:15:32,42900.0,500,Sell,232975777
2024-08-20 10:15:33,42900.0,700,Sell,232975822
2024-08-20 10:15:33,42900.0,500,Sell,232975820
2024-08-20 10:15:33,42900.0,300,Sell,232975823
2024-08-20 10:15:33,42900.0,100,Sell,232975818
2024-08-20 10:15:33,42900.0,3100,Sell,232975817
2024-08-20 10:15:33,42900.0,100,Sell,232975819
2024-08-20 10:15:33,42900.0,1800,Sell,232975821
2024-08-20 10:15:34,42900.0,500,Sell,232975833
2024-08-20 10:15:35,42900.0,4200,Sell,232975855
2024-08-20 10:15:35,42900.0,200,Sell,232975856
2024-08-20 10:15:35,42900.0,1000,Sell,232975857
2024-08-20 10:15:35,42900.0,100,Sell,232975858
2024-08-20 10:15:35,42900.0,100,Sell,232975859
2024-08-20 10:15:41,42950.0,100,Buy,232975953
2024-08-20 10:15:44,42900.0,1000,Sell,232976003
2024-08-20 10:15:47,42900.0,500,Sell,232976080
2024-08-20 10:15:47,42900.0,800,Sell,232976081
2024-08-20 10:15:47,42900.0,500,Sell,232976079
2024-08-20 10:15:47,42900.0,1000,Sell,232976077
2024-08-20 10:15:47,42900.0,500,Sell,232976078
2024-08-20 10:15:48,42900.0,100,Sell,232976104
2024-08-20 10:15:48,42900.0,100,Sell,232976105
2024-08-20 10:15:48,42900.0,100,Sell,232976106
2024-08-20 10:15:48,42900.0,500,Sell,232976107
2024-08-20 10:15:48,42900.0,100,Sell,232976108
2024-08-20 10:15:48,42900.0,100,Sell,232976109
2024-08-20 10:15:53,42900.0,100,Sell,232976228
2024-08-20 10:15:59,42900.0,100,Sell,232976445
2024-08-20 10:15:59,42900.0,300,Sell,232976444
2024-08-20 10:16:14,42850.0,200,Sell,232976828
2024-08-20 10:16:14,42850.0,300,Sell,232976829
2024-08-20 10:16:16,42900.0,100,Buy,232976886
2024-08-20 10:16:16,42900.0,900,Buy,232976887
2024-08-20 10:16:19,42900.0,100,Buy,232976954
2024-08-20 10:16:45,42900.0,100,Buy,232977581
2024-08-20 10:16:56,42900.0,200,Buy,232977820
2024-08-20 10:17:28,42900.0,200,Buy,232978525
2024-08-20 10:17:38,42850.0,200,Sell,232978754
2024-08-20 10:17:38,42850.0,200,Sell,232978752
2024-08-20 10:17:38,42850.0,100,Sell,232978753
2024-08-20 10:17:46,42850.0,1800,Sell,232978967
2024-08-20 10:17:46,42850.0,100,Sell,232978968
2024-08-20 10:17:46,42850.0,100,Sell,232978969
2024-08-20 10:17:49,42900.0,400,Buy,232979023
2024-08-20 10:17:54,42850.0,900,Sell,232979142
2024-08-20 10:17:54,42850.0,1300,Sell,232979143
2024-08-20 10:18:08,42850.0,100,Sell,232979474
2024-08-20 10:18:08,42850.0,300,Sell,232979473
2024-08-20 10:18:08,42850.0,500,Sell,232979472
2024-08-20 10:18:08,42850.0,700,Sell,232979470
2024-08-20 10:18:08,42850.0,300,Sell,232979471
2024-08-20 10:18:14,42850.0,300,Sell,232979581
2024-08-20 10:18:14,42850.0,3000,Sell,232979580
2024-08-20 10:18:14,42850.0,100,Sell,232979579
2024-08-20 10:18:14,42850.0,100,Sell,232979578
2024-08-20 10:18:14,42850.0,500,Sell,232979577
2024-08-20 10:18:14,42850.0,300,Sell,232979575
2024-08-20 10:18:14,42850.0,200,Sell,232979574
2024-08-20 10:18:14,42850.0,100,Sell,232979573
2024-08-20 10:18:14,42850.0,200,Sell,232979572
2024-08-20 10:18:14,42850.0,2100,Sell,232979571
2024-08-20 10:18:14,42850.0,100,Sell,232979576
2024-08-20 10:18:16,42850.0,200,Sell,232979622
2024-08-20 10:18:16,42850.0,2800,Sell,232979623
2024-08-20 10:18:27,42850.0,100,Sell,232979838
2024-08-20 10:18:27,42850.0,500,Sell,232979836
2024-08-20 10:18:27,42850.0,200,Sell,232979835
2024-08-20 10:18:27,42850.0,100,Sell,232979834
2024-08-20 10:18:27,42850.0,500,Sell,232979833
2024-08-20 10:18:27,42850.0,100,Sell,232979837
2024-08-20 10:18:27,42850.0,200,Sell,232979831
2024-08-20 10:18:27,42850.0,500,Sell,232979830
2024-08-20 10:18:27,42850.0,100,Sell,232979829
2024-08-20 10:18:27,42850.0,200,Sell,232979828
2024-08-20 10:18:27,42850.0,100,Sell,232979827
2024-08-20 10:18:27,42850.0,1200,Sell,232979826
2024-08-20 10:18:27,42850.0,200,Sell,232979832
2024-08-20 10:18:46,42850.0,100,Buy,232980300
2024-08-20 10:18:54,42850.0,200,Buy,232980516
2024-08-20 10:18:54,42850.0,100,Buy,232980515
2024-08-20 10:18:54,42850.0,700,Buy,232980514
2024-08-20 10:18:54,42850.0,300,Buy,232980513
2024-08-20 10:18:54,42850.0,400,Buy,232980511
2024-08-20 10:18:54,42850.0,100,Buy,232980510
2024-08-20 10:18:54,42850.0,5200,Buy,232980509
2024-08-20 10:18:54,42850.0,300,Buy,232980501
2024-08-20 10:18:54,42850.0,1000,Buy,232980512
2024-08-20 10:18:58,42800.0,1500,Sell,232980620
2024-08-20 10:18:58,42800.0,200,Sell,232980619
2024-08-20 10:18:58,42800.0,2000,Sell,232980618
2024-08-20 10:18:58,42800.0,2000,Sell,232980617
2024-08-20 10:18:58,42800.0,300,Sell,232980614
2024-08-20 10:18:58,42800.0,1000,Sell,232980616
2024-08-20 10:18:58,42800.0,2000,Sell,232980615
2024-08-20 10:18:58,42850.0,7000,Sell,232980608
2024-08-20 10:18:58,42850.0,3800,Sell,232980609
2024-08-20 10:18:58,42800.0,300,Sell,232980613
2024-08-20 10:18:58,42800.0,8500,Sell,232980611
2024-08-20 10:18:58,42800.0,100,Sell,232980610
2024-08-20 10:18:58,42800.0,1600,Sell,232980612
2024-08-20 10:18:59,42800.0,500,Sell,232980637
2024-08-20 10:18:59,42800.0,100,Sell,232980638
2024-08-20 10:18:59,42800.0,100,Sell,232980639
2024-08-20 10:18:59,42800.0,100,Sell,232980640
2024-08-20 10:18:59,42800.0,300,Sell,232980641
2024-08-20 10:18:59,42800.0,200,Sell,232980642
2024-08-20 10:18:59,42800.0,300,Sell,232980643
2024-08-20 10:18:59,42800.0,1000,Sell,232980644
2024-08-20 10:18:59,42800.0,100,Sell,232980645
2024-08-20 10:18:59,42800.0,2300,Sell,232980646
2024-08-20 10:18:59,42800.0,300,Sell,232980653
2024-08-20 10:19:06,42850.0,100,Sell,232980773
2024-08-20 10:19:08,42850.0,2000,Sell,232980797
2024-08-20 10:19:08,42850.0,4900,Sell,232980795
2024-08-20 10:19:08,42850.0,200,Sell,232980796
2024-08-20 10:19:23,42850.0,300,Buy,232981249
2024-08-20 10:19:28,42850.0,1000,Buy,232981316
2024-08-20 10:19:31,42800.0,100,Sell,232981373
2024-08-20 10:19:52,42800.0,700,Sell,232981710
2024-08-20 10:19:52,42800.0,100,Sell,232981720
2024-08-20 10:19:52,42800.0,900,Sell,232981721
2024-08-20 10:19:53,42800.0,100,Sell,232981749
2024-08-20 10:19:54,42800.0,2500,Sell,232981779
2024-08-20 10:19:54,42800.0,5200,Sell,232981778
2024-08-20 10:19:54,42850.0,500,Buy,232981751
2024-08-20 10:19:54,42800.0,1300,Sell,232981776
2024-08-20 10:19:54,42800.0,1000,Sell,232981777
2024-08-20 10:20:03,42850.0,500,Buy,232981999
2024-08-20 10:20:06,42800.0,100,Sell,232982051
2024-08-20 10:20:06,42800.0,500,Sell,232982052
2024-08-20 10:20:06,42800.0,400,Sell,232982053
2024-08-20 10:20:07,42850.0,100,Buy,232982075
2024-08-20 10:20:18,42800.0,300,Sell,232982303
2024-08-20 10:20:18,42800.0,3600,Sell,232982302
2024-08-20 10:20:18,42800.0,100,Sell,232982304
2024-08-20 10:20:22,42850.0,100,Buy,232982365
2024-08-20 10:20:24,42800.0,300,Sell,232982442
2024-08-20 10:20:37,42800.0,600,Sell,232982980
2024-08-20 10:20:37,42800.0,400,Sell,232982981
2024-08-20 10:20:40,42850.0,400,Buy,232983025
2024-08-20 10:20:40,42850.0,1600,Buy,232983026
2024-08-20 10:20:46,42800.0,100,Sell,232983180
2024-08-20 10:20:46,42850.0,300,Buy,232983159
2024-08-20 10:20:52,42850.0,200,Buy,232983323
2024-08-20 10:20:58,42850.0,100,Buy,232983410
2024-08-20 10:21:00,42850.0,1200,Buy,232983468
2024-08-20 10:21:06,42800.0,200,Sell,232983635
2024-08-20 10:21:16,42850.0,1400,Buy,232983816
2024-08-20 10:21:16,42850.0,1600,Buy,232983814
2024-08-20 10:21:16,42850.0,2000,Buy,232983815
2024-08-20 10:21:18,42850.0,3000,Buy,232983859
2024-08-20 10:21:22,42850.0,5000,Buy,232983947
2024-08-20 10:21:25,42850.0,100,Buy,232984006
2024-08-20 10:21:27,42850.0,200,Buy,232984020
2024-08-20 10:21:30,42850.0,100,Buy,232984077
2024-08-20 10:21:33,42850.0,200,Buy,232984156
2024-08-20 10:21:39,42850.0,300,Buy,232984313
2024-08-20 10:21:45,42850.0,200,Buy,232984435
2024-08-20 10:21:46,42850.0,100,Buy,232984460
2024-08-20 10:21:48,42850.0,2000,Buy,232984490
2024-08-20 10:21:48,42850.0,300,Buy,232984489
2024-08-20 10:21:48,42850.0,700,Buy,232984488
2024-08-20 10:21:51,42850.0,200,Buy,232984526
2024-08-20 10:21:51,42850.0,300,Buy,232984527
2024-08-20 10:21:53,42850.0,100,Buy,232984556
2024-08-20 10:21:55,42850.0,200,Buy,232984601
2024-08-20 10:21:55,42850.0,1400,Buy,232984600
2024-08-20 10:21:55,42850.0,100,Buy,232984599
2024-08-20 10:21:55,42850.0,600,Buy,232984598
2024-08-20 10:21:55,42850.0,1000,Buy,232984596
2024-08-20 10:21:55,42850.0,1100,Buy,232984593
2024-08-20 10:21:55,42850.0,400,Buy,232984597
2024-08-20 10:21:55,42850.0,100,Buy,232984595
2024-08-20 10:21:55,42850.0,1800,Buy,232984594
2024-08-20 10:21:59,42850.0,1200,Buy,232984670
2024-08-20 10:21:59,42850.0,800,Buy,232984671
2024-08-20 10:21:59,42850.0,500,Buy,232984672
2024-08-20 10:22:00,42850.0,100,Buy,232984704
2024-08-20 10:22:00,42850.0,500,Buy,232984699
2024-08-20 10:22:00,42850.0,500,Buy,232984700
2024-08-20 10:22:01,42850.0,100,Buy,232984716
2024-08-20 10:22:02,42850.0,200,Buy,232984735
2024-08-20 10:22:04,42800.0,800,Sell,232984799
2024-08-20 10:22:04,42800.0,200,Sell,232984800
2024-08-20 10:22:05,42800.0,100,Sell,232984810
2024-08-20 10:22:13,42850.0,800,Buy,232985036
2024-08-20 10:22:13,42850.0,200,Buy,232985037
2024-08-20 10:22:13,42800.0,400,Sell,232985046
2024-08-20 10:22:14,42850.0,100,Buy,232985056
2024-08-20 10:22:14,42850.0,100,Buy,232985054
2024-08-20 10:22:14,42850.0,100,Buy,232985053
2024-08-20 10:22:14,42850.0,200,Buy,232985055
2024-08-20 10:22:23,42850.0,1700,Buy,232985203
2024-08-20 10:22:23,42850.0,8300,Buy,232985204
2024-08-20 10:22:24,42850.0,1000,Buy,232985209
2024-08-20 10:22:29,42850.0,100,Buy,232985291
2024-08-20 10:22:33,42850.0,500,Buy,232985388
2024-08-20 10:22:40,42850.0,200,Buy,232985518
2024-08-20 10:22:50,42850.0,200,Buy,232985739
2024-08-20 10:23:13,42850.0,500,Buy,232986279
2024-08-20 10:23:17,42850.0,200,Buy,232986384
2024-08-20 10:23:18,42850.0,100,Buy,232986397
2024-08-20 10:23:18,42850.0,400,Buy,232986398
2024-08-20 10:23:18,42850.0,500,Buy,232986399
2024-08-20 10:23:18,42850.0,9000,Buy,232986396
2024-08-20 10:23:19,42850.0,2000,Buy,232986411
2024-08-20 10:23:19,42850.0,500,Buy,232986412
2024-08-20 10:23:19,42850.0,100,Buy,232986413
2024-08-20 10:24:13,42850.0,100,Sell,232987260
2024-08-20 10:24:13,42850.0,400,Sell,232987258
2024-08-20 10:24:13,42850.0,500,Sell,232987259
2024-08-20 10:24:32,42850.0,100,Sell,232987622
2024-08-20 10:24:32,42850.0,700,Sell,232987623
2024-08-20 10:25:06,42850.0,300,Sell,232988312
2024-08-20 10:25:06,42850.0,1000,Sell,232988313
2024-08-20 10:25:06,42850.0,200,Sell,232988314
2024-08-20 10:25:06,42850.0,500,Sell,232988315
2024-08-20 10:25:22,42850.0,100,Sell,232988599
2024-08-20 10:26:09,42850.0,400,Sell,232989503
2024-08-20 10:26:09,42850.0,100,Sell,232989505
2024-08-20 10:26:09,42850.0,300,Sell,232989512
2024-08-20 10:26:09,42850.0,100,Sell,232989504
2024-08-20 10:26:29,42850.0,100,Sell,232989921
2024-08-20 10:26:29,42850.0,200,Sell,232989925
2024-08-20 10:26:29,42850.0,100,Sell,232989924
2024-08-20 10:26:29,42850.0,200,Sell,232989923
2024-08-20 10:26:29,42850.0,200,Sell,232989922
2024-08-20 10:26:29,42850.0,100,Sell,232989920
2024-08-20 10:26:29,42850.0,200,Sell,232989918
2024-08-20 10:26:29,42850.0,200,Sell,232989917
2024-08-20 10:26:29,42850.0,100,Sell,232989916
2024-08-20 10:26:29,42850.0,500,Sell,232989915
2024-08-20 10:26:29,42850.0,400,Sell,232989914
2024-08-20 10:26:29,42850.0,100,Sell,232989913
2024-08-20 10:26:29,42850.0,100,Sell,232989919
2024-08-20 10:26:30,42900.0,12000,Buy,232989941
2024-08-20 10:26:30,42900.0,1000,Buy,232989940
2024-08-20 10:26:30,42900.0,200,Buy,232989939
2024-08-20 10:26:30,42900.0,2000,Buy,232989938
2024-08-20 10:26:30,42900.0,100,Buy,232989937
2024-08-20 10:26:30,42900.0,3300,Buy,232989934
2024-08-20 10:26:30,42900.0,1200,Buy,232989935
2024-08-20 10:26:30,42900.0,2500,Buy,232989933
2024-08-20 10:26:30,42900.0,5000,Buy,232989932
2024-08-20 10:26:30,42900.0,300,Buy,232989931
2024-08-20 10:26:30,42900.0,100,Buy,232989936
2024-08-20 10:26:30,42900.0,100,Buy,232989942
2024-08-20 10:26:39,42900.0,500,Sell,232990072
2024-08-20 10:26:47,42950.0,200,Buy,232990167
2024-08-20 10:26:47,42950.0,2100,Buy,232990175
2024-08-20 10:26:47,42950.0,3300,Buy,232990174
2024-08-20 10:26:47,42950.0,100,Buy,232990173
2024-08-20 10:26:47,42950.0,100,Buy,232990172
2024-08-20 10:26:47,42950.0,900,Buy,232990166
2024-08-20 10:26:47,42950.0,200,Buy,232990170
2024-08-20 10:26:47,42950.0,1000,Buy,232990168
2024-08-20 10:26:47,42950.0,500,Buy,232990171
2024-08-20 10:26:47,42950.0,100,Buy,232990169
2024-08-20 10:26:51,42950.0,100,Buy,232990241
2024-08-20 10:27:22,42900.0,1000,Sell,232990798
2024-08-20 10:28:10,42900.0,700,Sell,232991619
2024-08-20 10:28:10,42900.0,100,Sell,232991620
2024-08-20 10:28:41,42900.0,200,Buy,232992241
2024-08-20 10:28:53,42900.0,1000,Buy,232992460
2024-08-20 10:29:30,42900.0,100,Buy,232993468
2024-08-20 10:29:44,42900.0,100,Buy,232993963
2024-08-20 10:30:14,42900.0,100,Buy,232994916
2024-08-20 10:30:20,42900.0,1000,Buy,232995027
2024-08-20 10:30:20,42900.0,100,Buy,232995028
2024-08-20 10:30:29,42900.0,100,Sell,232995290
2024-08-20 10:30:30,42900.0,300,Sell,232995300
2024-08-20 10:30:39,42900.0,100,Buy,232995510
2024-08-20 10:30:42,42900.0,100,Buy,232995640
2024-08-20 10:30:58,42900.0,200,Buy,232995994
2024-08-20 10:31:01,42900.0,200,Buy,232996018
2024-08-20 10:31:11,42900.0,100,Buy,232996186
2024-08-20 10:31:15,42900.0,100,Sell,232996260
2024-08-20 10:32:17,42950.0,1500,Buy,232997333
2024-08-20 10:32:34,42950.0,1000,Buy,232997607
2024-08-20 10:32:50,42950.0,200,Buy,232998041
2024-08-20 10:33:00,42950.0,100,Buy,232998205
2024-08-20 10:33:00,42950.0,100,Buy,232998206
2024-08-20 10:33:06,42950.0,100,Buy,232998300
2024-08-20 10:33:16,42950.0,800,Buy,232998530
2024-08-20 10:33:16,42950.0,200,Buy,232998531
2024-08-20 10:33:30,42950.0,1000,Sell,232998730
2024-08-20 10:33:48,42950.0,200,Sell,232999067
2024-08-20 10:34:09,42950.0,2000,Buy,232999377
2024-08-20 10:34:24,42950.0,1000,Buy,232999556
2024-08-20 10:34:28,42950.0,100,Buy,232999623
2024-08-20 10:35:17,42900.0,100,Sell,233000403
2024-08-20 10:35:17,42900.0,300,Sell,233000402
2024-08-20 10:35:17,42950.0,200,Buy,233000413
2024-08-20 10:35:18,42900.0,100,Sell,233000418
2024-08-20 10:35:18,42900.0,100,Sell,233000419
2024-08-20 10:35:18,42900.0,2800,Sell,233000420
2024-08-20 10:35:19,42900.0,2900,Sell,233000443
2024-08-20 10:35:37,42900.0,1000,Sell,233000733
2024-08-20 10:35:38,42900.0,13300,Sell,233000754
2024-08-20 10:35:38,42900.0,200,Sell,233000756
2024-08-20 10:35:38,42900.0,200,Sell,233000757
2024-08-20 10:35:38,42900.0,100,Sell,233000758
2024-08-20 10:35:38,42900.0,1000,Sell,233000755
2024-08-20 10:36:16,42900.0,100,Buy,233001512
2024-08-20 10:36:33,42900.0,100,Buy,233001774
2024-08-20 10:36:33,42900.0,100,Buy,233001775
2024-08-20 10:36:43,42850.0,100,Sell,233001919
2024-08-20 10:36:43,42850.0,200,Sell,233001917
2024-08-20 10:36:43,42850.0,100,Sell,233001916
2024-08-20 10:36:43,42850.0,100,Sell,233001918
2024-08-20 10:37:25,42850.0,1000,Sell,233002606
2024-08-20 10:37:30,42850.0,3400,Sell,233002701
2024-08-20 10:37:36,42850.0,500,Sell,233002783
2024-08-20 10:37:36,42850.0,200,Sell,233002784
2024-08-20 10:37:36,42850.0,200,Sell,233002785
2024-08-20 10:37:36,42850.0,4000,Sell,233002786
2024-08-20 10:37:36,42850.0,100,Sell,233002787
2024-08-20 10:37:36,42850.0,100,Sell,233002788
2024-08-20 10:37:36,42850.0,5000,Sell,233002789
2024-08-20 10:37:36,42850.0,2000,Sell,233002790
2024-08-20 10:37:36,42850.0,2800,Sell,233002791
2024-08-20 10:38:00,42850.0,2200,Sell,233003126
2024-08-20 10:38:00,42850.0,200,Sell,233003127
2024-08-20 10:38:00,42850.0,100,Sell,233003128
2024-08-20 10:38:15,42850.0,200,Sell,233003347
2024-08-20 10:38:29,42850.0,100,Sell,233003574
2024-08-20 10:38:29,42850.0,300,Sell,233003573
2024-08-20 10:38:29,42850.0,100,Sell,233003577
2024-08-20 10:38:29,42850.0,200,Sell,233003575
2024-08-20 10:38:29,42850.0,400,Sell,233003576
2024-08-20 10:38:33,42850.0,100,Buy,233003617
2024-08-20 10:38:51,42850.0,100,Sell,233003848
2024-08-20 10:39:37,42850.0,800,Sell,233004700
2024-08-20 10:39:37,42850.0,500,Sell,233004701
2024-08-20 10:39:37,42850.0,100,Sell,233004702
2024-08-20 10:39:37,42850.0,300,Sell,233004703
2024-08-20 10:39:37,42850.0,300,Sell,233004704
2024-08-20 10:39:42,42850.0,1000,Sell,233004745
2024-08-20 10:41:33,42850.0,100,Sell,233006090
2024-08-20 10:41:39,42850.0,500,Sell,233006147
2024-08-20 10:41:46,42900.0,1400,Buy,233006218
2024-08-20 10:41:46,42900.0,300,Buy,233006219
2024-08-20 10:41:46,42900.0,100,Buy,233006220
2024-08-20 10:41:46,42900.0,500,Buy,233006221
2024-08-20 10:41:46,42900.0,200,Buy,233006222
2024-08-20 10:41:53,42900.0,200,Buy,233006329
2024-08-20 10:41:53,42900.0,300,Buy,233006328
2024-08-20 10:42:18,42900.0,100,Buy,233006862
2024-08-20 10:42:18,42900.0,2000,Buy,233006861
2024-08-20 10:42:18,42900.0,300,Buy,233006858
2024-08-20 10:42:18,42900.0,500,Buy,233006859
2024-08-20 10:42:18,42900.0,100,Buy,233006860
2024-08-20 10:44:38,42900.0,500,Buy,233009012
2024-08-20 10:44:38,42900.0,2900,Buy,233009013
2024-08-20 10:44:38,42900.0,200,Buy,233009014
2024-08-20 10:44:59,42900.0,3000,Sell,233009377
2024-08-20 10:45:34,42900.0,100,Sell,233009796
2024-08-20 10:46:21,42900.0,1000,Sell,233010458
2024-08-20 10:46:31,42950.0,1000,Buy,233010582
2024-08-20 10:47:48,42900.0,200,Sell,233011502
2024-08-20 10:47:48,42900.0,22300,Sell,233011499
2024-08-20 10:47:48,42900.0,200,Sell,233011500
2024-08-20 10:47:48,42900.0,200,Sell,233011501
2024-08-20 10:48:06,42900.0,400,Buy,233011811
2024-08-20 10:51:01,42900.0,500,Buy,233014376
2024-08-20 10:51:24,42900.0,400,Buy,233014718
2024-08-20 10:51:40,42850.0,1000,Sell,233014966
2024-08-20 10:51:40,42850.0,500,Sell,233014967
2024-08-20 10:51:40,42850.0,500,Sell,233014968
2024-08-20 10:52:32,42850.0,2100,Sell,233015813
2024-08-20 10:52:40,42850.0,1000,Sell,233015886
2024-08-20 10:52:50,42850.0,1000,Sell,233016212
2024-08-20 10:53:04,42850.0,300,Sell,233016611
2024-08-20 10:53:06,42850.0,100,Sell,233016624
2024-08-20 10:53:06,42850.0,3300,Sell,233016625
2024-08-20 10:53:06,42850.0,1500,Sell,233016631
2024-08-20 10:53:08,42850.0,200,Sell,233016650
2024-08-20 10:53:08,42850.0,200,Sell,233016649
2024-08-20 10:53:08,42850.0,200,Sell,233016647
2024-08-20 10:53:08,42850.0,500,Sell,233016648
2024-08-20 10:53:08,42850.0,100,Sell,233016645
2024-08-20 10:53:08,42850.0,100,Sell,233016644
2024-08-20 10:53:08,42850.0,500,Sell,233016643
2024-08-20 10:53:08,42850.0,200,Sell,233016642
2024-08-20 10:53:08,42850.0,200,Sell,233016646
2024-08-20 10:53:12,42850.0,500,Sell,233016701
2024-08-20 10:53:13,42850.0,100,Sell,233016740
2024-08-20 10:53:13,42850.0,100,Sell,233016739
2024-08-20 10:53:13,42850.0,200,Sell,233016738
2024-08-20 10:53:13,42850.0,100,Sell,233016737
2024-08-20 10:53:13,42850.0,1000,Sell,233016735
2024-08-20 10:53:13,42850.0,200,Sell,233016734
2024-08-20 10:53:13,42850.0,500,Sell,233016733
2024-08-20 10:53:13,42850.0,100,Sell,233016736
2024-08-20 10:54:08,42850.0,100,Buy,233017718
2024-08-20 10:54:18,42800.0,300,Sell,233017936
2024-08-20 10:54:18,42800.0,300,Sell,233017937
2024-08-20 10:54:18,42800.0,500,Sell,233017938
2024-08-20 10:54:18,42800.0,100,Sell,233017939
2024-08-20 10:54:18,42800.0,800,Sell,233017940
2024-08-20 10:54:42,42800.0,4800,Sell,233018386
2024-08-20 10:54:42,42800.0,200,Sell,233018385
2024-08-20 10:54:47,42800.0,1000,Sell,233018559
2024-08-20 10:54:47,42800.0,200,Sell,233018558
2024-08-20 10:54:47,42800.0,100,Sell,233018557
2024-08-20 10:54:47,42800.0,500,Sell,233018556
2024-08-20 10:54:47,42800.0,200,Sell,233018550
2024-08-20 10:54:47,42800.0,100,Sell,233018554
2024-08-20 10:54:47,42800.0,100,Sell,233018553
2024-08-20 10:54:47,42800.0,500,Sell,233018552
2024-08-20 10:54:47,42800.0,200,Sell,233018551
2024-08-20 10:54:47,42800.0,100,Sell,233018555
2024-08-20 10:54:52,42800.0,100,Sell,233018634
2024-08-20 10:55:07,42800.0,100,Sell,233019018
2024-08-20 10:55:07,42800.0,700,Sell,233019019
2024-08-20 10:55:22,42800.0,1300,Sell,233019333
2024-08-20 10:55:22,42800.0,3000,Sell,233019332
2024-08-20 10:55:22,42800.0,300,Sell,233019331
2024-08-20 10:55:22,42800.0,100,Sell,233019330
2024-08-20 10:55:22,42800.0,100,Sell,233019329
2024-08-20 10:55:22,42800.0,100,Sell,233019328
2024-08-20 10:55:22,42800.0,100,Sell,233019327
2024-08-20 10:55:22,42800.0,200,Sell,233019325
2024-08-20 10:55:22,42800.0,100,Sell,233019324
2024-08-20 10:55:22,42800.0,2000,Sell,233019323
2024-08-20 10:55:22,42800.0,2000,Sell,233019321
2024-08-20 10:55:22,42800.0,300,Sell,233019320
2024-08-20 10:55:22,42800.0,500,Sell,233019319
2024-08-20 10:55:22,42800.0,4300,Sell,233019318
2024-08-20 10:55:22,42800.0,100,Sell,233019326
2024-08-20 10:55:22,42800.0,500,Sell,233019322
2024-08-20 10:55:25,42800.0,500,Sell,233019411
2024-08-20 10:55:36,42800.0,200,Sell,233019621
2024-08-20 10:55:40,42800.0,500,Sell,233019662
2024-08-20 10:55:40,42800.0,100,Sell,233019663
2024-08-20 10:55:40,42800.0,1400,Sell,233019664
2024-08-20 10:56:12,42800.0,600,Sell,233020356
2024-08-20 10:56:26,42850.0,900,Buy,233020682
2024-08-20 10:56:26,42850.0,1900,Buy,233020681
2024-08-20 10:56:40,42850.0,500,Buy,233020912
2024-08-20 10:57:08,42850.0,500,Buy,233021395
2024-08-20 10:57:23,42850.0,100,Buy,233021666
2024-08-20 10:57:23,42850.0,200,Buy,233021667
2024-08-20 10:57:38,42800.0,100,Sell,233021959
2024-08-20 10:58:06,42850.0,800,Buy,233022467
2024-08-20 10:58:06,42850.0,200,Buy,233022468
2024-08-20 10:58:08,42850.0,800,Buy,233022513
2024-08-20 10:58:08,42850.0,200,Buy,233022514
2024-08-20 10:58:18,42800.0,2000,Sell,233022749
2024-08-20 10:58:39,42800.0,500,Sell,233023328
2024-08-20 10:58:51,42800.0,400,Sell,233023513
2024-08-20 10:58:51,42800.0,500,Sell,233023514
2024-08-20 10:58:51,42800.0,200,Sell,233023515
2024-08-20 10:58:51,42800.0,100,Sell,233023516
2024-08-20 10:58:57,42800.0,3900,Sell,233023691
2024-08-20 10:58:57,42800.0,200,Sell,233023690
2024-08-20 10:58:57,42800.0,500,Sell,233023688
2024-08-20 10:58:57,42800.0,600,Sell,233023687
2024-08-20 10:58:57,42800.0,500,Sell,233023689
2024-08-20 10:59:09,42800.0,1000,Sell,233023914
2024-08-20 10:59:22,42800.0,100,Sell,233024226
2024-08-20 10:59:22,42800.0,300,Sell,233024227
2024-08-20 10:59:22,42800.0,2600,Sell,233024228
2024-08-20 10:59:23,42800.0,200,Sell,233024232
2024-08-20 10:59:30,42800.0,100,Sell,233024391
2024-08-20 10:59:30,42800.0,500,Sell,233024390
2024-08-20 10:59:30,42800.0,100,Sell,233024389
2024-08-20 10:59:30,42800.0,2200,Sell,233024387
2024-08-20 10:59:30,42800.0,100,Sell,233024388
2024-08-20 10:59:55,42800.0,200,Sell,233024962
2024-08-20 10:59:55,42800.0,200,Sell,233024961
2024-08-20 10:59:55,42800.0,1000,Sell,233024960
2024-08-20 10:59:55,42800.0,200,Sell,233024959
2024-08-20 10:59:55,42800.0,200,Sell,233024958
2024-08-20 10:59:55,42800.0,1000,Sell,233024956
2024-08-20 10:59:55,42800.0,100,Sell,233024957
2024-08-20 10:59:55,42800.0,200,Sell,233024954
2024-08-20 10:59:55,42800.0,1900,Sell,233024948
2024-08-20 10:59:55,42800.0,100,Sell,233024949
2024-08-20 10:59:55,42800.0,2000,Sell,233024950
2024-08-20 10:59:55,42800.0,2000,Sell,233024955
2024-08-20 10:59:55,42800.0,100,Sell,233024952
2024-08-20 10:59:55,42800.0,500,Sell,233024953
2024-08-20 10:59:55,42800.0,300,Sell,233024951
2024-08-20 11:00:06,42800.0,2000,Sell,233025131
2024-08-20 11:00:06,42800.0,500,Sell,233025132
2024-08-20 11:00:06,42800.0,500,Sell,233025133
2024-08-20 11:00:14,42800.0,500,Sell,233025275
2024-08-20 11:00:14,42800.0,100,Sell,233025276
2024-08-20 11:00:26,42800.0,500,Sell,233025465
2024-08-20 11:00:35,42850.0,200,Buy,233025591
2024-08-20 11:00:36,42800.0,100,Sell,233025662
2024-08-20 11:00:36,42800.0,400,Sell,233025653
2024-08-20 11:00:40,42800.0,900,Sell,233025742
2024-08-20 11:00:42,42800.0,400,Sell,233025798
2024-08-20 11:00:42,42800.0,1000,Sell,233025797
2024-08-20 11:00:42,42800.0,100,Sell,233025796
2024-08-20 11:00:42,42800.0,500,Sell,233025795
2024-08-20 11:00:42,42800.0,100,Sell,233025794
2024-08-20 11:00:42,42800.0,500,Sell,233025793
2024-08-20 11:00:42,42800.0,200,Sell,233025792
2024-08-20 11:00:42,42800.0,200,Sell,233025791
2024-08-20 11:00:42,42800.0,3000,Sell,233025786
2024-08-20 11:00:42,42800.0,100,Sell,233025789
2024-08-20 11:00:42,42800.0,100,Sell,233025788
2024-08-20 11:00:42,42800.0,1000,Sell,233025787
2024-08-20 11:00:42,42800.0,100,Sell,233025785
2024-08-20 11:00:42,42800.0,500,Sell,233025784
2024-08-20 11:00:42,42800.0,1000,Sell,233025782
2024-08-20 11:00:42,42800.0,100,Sell,233025790
2024-08-20 11:00:42,42800.0,100,Sell,233025783
2024-08-20 11:00:50,42800.0,100,Sell,233025995
2024-08-20 11:00:50,42800.0,400,Sell,233025996
2024-08-20 11:00:59,42800.0,100,Sell,233026209
2024-08-20 11:00:59,42800.0,100,Sell,233026208
2024-08-20 11:00:59,42800.0,100,Sell,233026206
2024-08-20 11:00:59,42800.0,2100,Sell,233026207
2024-08-20 11:01:16,42750.0,200,Sell,233026619
2024-08-20 11:01:16,42750.0,1300,Sell,233026620
2024-08-20 11:01:16,42750.0,100,Sell,233026618
2024-08-20 11:01:20,42800.0,9000,Buy,233026714
2024-08-20 11:01:39,42800.0,100,Buy,233027378
2024-08-20 11:01:44,42750.0,500,Sell,233027495
2024-08-20 11:02:09,42750.0,100,Sell,233028109
2024-08-20 11:02:09,42750.0,3200,Sell,233028106
2024-08-20 11:02:09,42750.0,300,Sell,233028107
2024-08-20 11:02:09,42750.0,1400,Sell,233028108
2024-08-20 11:02:18,42750.0,100,Sell,233028284
2024-08-20 11:02:21,42750.0,1400,Sell,233028447
2024-08-20 11:02:21,42750.0,100,Sell,233028441
2024-08-20 11:02:21,42750.0,100,Sell,233028442
2024-08-20 11:02:21,42750.0,100,Sell,233028443
2024-08-20 11:02:21,42750.0,200,Sell,233028444
2024-08-20 11:02:21,42750.0,100,Sell,233028445
2024-08-20 11:02:21,42750.0,1000,Sell,233028446
2024-08-20 11:02:27,42750.0,500,Sell,233028558
2024-08-20 11:02:49,42750.0,500,Sell,233029124
2024-08-20 11:02:49,42750.0,200,Sell,233029125
2024-08-20 11:02:49,42750.0,100,Sell,233029126
2024-08-20 11:02:49,42750.0,100,Sell,233029123
2024-08-20 11:02:58,42750.0,400,Sell,233029329
2024-08-20 11:02:58,42750.0,100,Sell,233029330
2024-08-20 11:03:14,42800.0,200,Buy,233029702
2024-08-20 11:04:28,42800.0,1000,Buy,233031383
2024-08-20 11:04:32,42800.0,1000,Buy,233031456
2024-08-20 11:04:35,42800.0,500,Buy,233031508
2024-08-20 11:04:52,42800.0,1000,Buy,233031870
2024-08-20 11:04:52,42800.0,1000,Buy,233031871
2024-08-20 11:04:52,42800.0,300,Buy,233031872
2024-08-20 11:04:52,42800.0,800,Buy,233031869
2024-08-20 11:05:11,42800.0,100,Buy,233032306
2024-08-20 11:05:31,42800.0,100,Buy,233032686
2024-08-20 11:06:17,42750.0,900,Sell,233033597
2024-08-20 11:06:17,42750.0,3000,Sell,233033596
2024-08-20 11:06:17,42750.0,300,Sell,233033598
2024-08-20 11:06:17,42750.0,200,Sell,233033594
2024-08-20 11:06:17,42750.0,700,Sell,233033595
2024-08-20 11:06:17,42750.0,200,Sell,233033593
2024-08-20 11:06:23,42800.0,2600,Buy,233033712
2024-08-20 11:06:23,42800.0,500,Buy,233033709
2024-08-20 11:06:23,42800.0,400,Buy,233033710
2024-08-20 11:06:23,42800.0,1500,Buy,233033711
2024-08-20 11:06:33,42750.0,1000,Sell,233033935
2024-08-20 11:07:17,42800.0,100,Buy,233034778
2024-08-20 11:07:24,42750.0,200,Sell,233034893
2024-08-20 11:07:24,42750.0,2800,Sell,233034892
2024-08-20 11:07:30,42750.0,300,Sell,233034982
2024-08-20 11:07:30,42750.0,1100,Sell,233034983
2024-08-20 11:07:30,42750.0,200,Sell,233034984
2024-08-20 11:07:30,42750.0,500,Sell,233034987
2024-08-20 11:07:30,42750.0,100,Sell,233034988
2024-08-20 11:07:30,42750.0,800,Sell,233034989
2024-08-20 11:07:30,42750.0,500,Sell,233034990
2024-08-20 11:07:30,42750.0,1500,Sell,233034991
2024-08-20 11:08:01,42750.0,500,Sell,233035595
2024-08-20 11:08:05,42750.0,200,Sell,233035661
2024-08-20 11:08:05,42750.0,100,Sell,233035662
2024-08-20 11:08:05,42750.0,500,Sell,233035663
2024-08-20 11:08:05,42750.0,200,Sell,233035664
2024-08-20 11:08:05,42750.0,5000,Sell,233035665
2024-08-20 11:08:10,42750.0,1500,Sell,233035778
2024-08-20 11:08:10,42750.0,1000,Sell,233035777
2024-08-20 11:08:12,42750.0,1000,Sell,233035795
2024-08-20 11:08:13,42750.0,300,Sell,233035817
2024-08-20 11:08:16,42750.0,2000,Sell,233035860
2024-08-20 11:08:20,42750.0,200,Sell,233035913
2024-08-20 11:08:20,42750.0,500,Sell,233035914
2024-08-20 11:08:20,42750.0,100,Sell,233035915
2024-08-20 11:08:20,42750.0,200,Sell,233035916
2024-08-20 11:08:22,42750.0,200,Sell,233035933
2024-08-20 11:08:22,42750.0,800,Sell,233035934
2024-08-20 11:08:35,42750.0,200,Sell,233036204
2024-08-20 11:08:40,42750.0,200,Sell,233036295
2024-08-20 11:08:40,42750.0,500,Sell,233036297
2024-08-20 11:08:42,42750.0,2000,Sell,233036322
2024-08-20 11:09:04,42750.0,1000,Sell,233036727
2024-08-20 11:09:04,42750.0,200,Sell,233036724
2024-08-20 11:09:04,42750.0,500,Sell,233036726
2024-08-20 11:09:04,42750.0,200,Sell,233036722
2024-08-20 11:09:04,42750.0,200,Sell,233036723
2024-08-20 11:09:04,42750.0,1300,Sell,233036720
2024-08-20 11:09:04,42750.0,100,Sell,233036725
2024-08-20 11:09:04,42750.0,200,Sell,233036721
2024-08-20 11:09:39,42750.0,4300,Sell,233037392
2024-08-20 11:09:43,42750.0,2000,Buy,233037522
2024-08-20 11:09:50,42750.0,700,Buy,233037596
2024-08-20 11:10:05,42750.0,300,Sell,233037862
2024-08-20 11:10:05,42750.0,500,Buy,233037865
2024-08-20 11:10:06,42750.0,1000,Buy,233037876
2024-08-20 11:10:09,42750.0,500,Buy,233037958
2024-08-20 11:10:27,42750.0,100,Buy,233038310
2024-08-20 11:10:33,42750.0,500,Buy,233038378
2024-08-20 11:10:46,42750.0,100,Buy,233038631
2024-08-20 11:10:52,42750.0,100,Buy,233038765
2024-08-20 11:11:06,42750.0,100,Buy,233038966
2024-08-20 11:11:07,42750.0,100,Buy,233038979
2024-08-20 11:11:09,42750.0,100,Buy,233039016
2024-08-20 11:11:20,42750.0,200,Buy,233039195
2024-08-20 11:11:32,42750.0,200,Buy,233039360
2024-08-20 11:11:32,42750.0,300,Buy,233039361
2024-08-20 11:11:47,42750.0,500,Buy,233039627
2024-08-20 11:11:48,42750.0,100,Buy,233039635
2024-08-20 11:11:51,42750.0,100,Buy,233039683
2024-08-20 11:12:01,42750.0,1500,Buy,233039909
2024-08-20 11:12:01,42750.0,300,Buy,233039910
2024-08-20 11:12:01,42750.0,1000,Buy,233039911
2024-08-20 11:12:01,42750.0,2000,Buy,233039912
2024-08-20 11:12:01,42750.0,200,Buy,233039913
2024-08-20 11:12:12,42750.0,300,Buy,233040101
2024-08-20 11:12:12,42750.0,700,Buy,233040102
2024-08-20 11:12:17,42750.0,700,Buy,233040230
2024-08-20 11:12:18,42750.0,300,Buy,233040259
2024-08-20 11:12:26,42750.0,300,Buy,233040396
2024-08-20 11:12:29,42750.0,200,Buy,233040472
2024-08-20 11:12:33,42750.0,2800,Buy,233040539
2024-08-20 11:12:33,42750.0,200,Buy,233040540
2024-08-20 11:12:40,42750.0,100,Buy,233040654
2024-08-20 11:13:07,42750.0,200,Buy,233041365
2024-08-20 11:13:07,42750.0,600,Buy,233041364
2024-08-20 11:13:23,42700.0,300,Sell,233041705
2024-08-20 11:13:23,42700.0,200,Sell,233041706
2024-08-20 11:13:34,42750.0,100,Buy,233041858
2024-08-20 11:13:41,42750.0,300,Buy,233041985
2024-08-20 11:13:46,42750.0,100,Buy,233042050
2024-08-20 11:13:51,42750.0,2300,Buy,233042115
2024-08-20 11:13:51,42750.0,700,Buy,233042116
2024-08-20 11:14:15,42750.0,1600,Buy,233042427
2024-08-20 11:14:15,42750.0,100,Buy,233042428
2024-08-20 11:14:22,42750.0,1000,Buy,233042543
2024-08-20 11:14:22,42750.0,500,Buy,233042544
2024-08-20 11:14:30,42750.0,2300,Buy,233042663
2024-08-20 11:14:30,42750.0,100,Buy,233042664
2024-08-20 11:14:30,42750.0,2600,Buy,233042665
2024-08-20 11:14:32,42700.0,200,Sell,233042689
2024-08-20 11:14:32,42700.0,200,Sell,233042688
2024-08-20 11:14:32,42700.0,500,Sell,233042687
2024-08-20 11:14:32,42700.0,1000,Sell,233042686
2024-08-20 11:14:32,42700.0,300,Sell,233042685
2024-08-20 11:14:32,42700.0,100,Sell,233042683
2024-08-20 11:14:32,42700.0,300,Sell,233042682
2024-08-20 11:14:32,42700.0,1000,Sell,233042681
2024-08-20 11:14:32,42700.0,400,Sell,233042680
2024-08-20 11:14:32,42700.0,1000,Sell,233042684
2024-08-20 11:14:36,42750.0,2400,Buy,233042742
2024-08-20 11:14:48,42750.0,200,Sell,233042919
2024-08-20 11:15:08,42800.0,400,Buy,233043311
2024-08-20 11:15:08,42800.0,100,Buy,233043312
2024-08-20 11:15:08,42800.0,200,Buy,233043315
2024-08-20 11:15:15,42750.0,1100,Sell,233043413
2024-08-20 11:15:36,42750.0,400,Sell,233043756
2024-08-20 11:15:46,42750.0,600,Sell,233043904
2024-08-20 11:15:55,42800.0,2700,Buy,233044017
2024-08-20 11:15:55,42800.0,200,Buy,233044018
2024-08-20 11:15:55,42800.0,100,Buy,233044019
2024-08-20 11:16:03,42750.0,6600,Sell,233044162
2024-08-20 11:16:03,42750.0,3000,Sell,233044161
2024-08-20 11:16:03,42750.0,100,Sell,233044160
2024-08-20 11:16:03,42750.0,300,Sell,233044159
2024-08-20 11:16:37,42750.0,100,Sell,233044651
2024-08-20 11:16:44,42750.0,200,Sell,233044727
2024-08-20 11:16:44,42750.0,500,Sell,233044724
2024-08-20 11:16:44,42750.0,1000,Sell,233044723
2024-08-20 11:16:44,42750.0,300,Sell,233044726
2024-08-20 11:16:44,42750.0,3400,Sell,233044721
2024-08-20 11:16:44,42750.0,1100,Sell,233044720
2024-08-20 11:16:44,42750.0,100,Sell,233044711
2024-08-20 11:16:44,42750.0,500,Sell,233044722
2024-08-20 11:16:44,42750.0,1000,Sell,233044725
2024-08-20 11:17:13,42750.0,100,Sell,233045043
2024-08-20 11:17:31,42750.0,200,Sell,233045271
2024-08-20 11:17:31,42750.0,300,Sell,233045272
2024-08-20 11:17:31,42750.0,100,Sell,233045273
2024-08-20 11:17:31,42750.0,200,Sell,233045274
2024-08-20 11:17:54,42750.0,100,Sell,233045596
2024-08-20 11:18:14,42750.0,100,Buy,233045889
2024-08-20 11:18:20,42750.0,100,Buy,233045988
2024-08-20 11:18:33,42700.0,200,Sell,233046133
2024-08-20 11:19:13,42700.0,100,Sell,233046823
2024-08-20 11:19:13,42700.0,200,Sell,233046824
2024-08-20 11:19:13,42700.0,1000,Sell,233046825
2024-08-20 11:19:13,42700.0,100,Sell,233046826
2024-08-20 11:19:13,42700.0,3000,Sell,233046827
2024-08-20 11:19:13,42700.0,500,Sell,233046828
2024-08-20 11:19:13,42700.0,100,Sell,233046829
2024-08-20 11:19:30,42750.0,1000,Buy,233047054
2024-08-20 11:20:01,42700.0,400,Sell,233047512
2024-08-20 11:20:01,42700.0,500,Sell,233047510
2024-08-20 11:20:01,42700.0,100,Sell,233047511
2024-08-20 11:20:03,42700.0,400,Sell,233047561
2024-08-20 11:20:17,42700.0,1000,Sell,233047740
2024-08-20 11:20:28,42700.0,1000,Sell,233047875
2024-08-20 11:20:37,42700.0,300,Sell,233047992
2024-08-20 11:20:47,42700.0,100,Sell,233048106
2024-08-20 11:21:35,42700.0,500,Sell,233048660
2024-08-20 11:23:02,42700.0,400,Sell,233049839
2024-08-20 11:23:04,42750.0,1600,Buy,233049874
2024-08-20 11:23:14,42750.0,2400,Buy,233049959
2024-08-20 11:23:20,42750.0,100,Buy,233050057
2024-08-20 11:23:20,42750.0,600,Buy,233050055
2024-08-20 11:23:37,42750.0,600,Buy,233050253
2024-08-20 11:23:37,42750.0,1000,Buy,233050254
2024-08-20 11:23:37,42750.0,100,Buy,233050255
2024-08-20 11:23:37,42750.0,4300,Buy,233050252
2024-08-20 11:23:42,42750.0,500,Buy,233050315
2024-08-20 11:23:49,42750.0,100,Buy,233050414
2024-08-20 11:23:50,42750.0,300,Buy,233050424
2024-08-20 11:23:50,42750.0,100,Buy,233050428
2024-08-20 11:23:50,42750.0,900,Buy,233050425
2024-08-20 11:23:51,42750.0,400,Buy,233050429
2024-08-20 11:24:04,42750.0,500,Sell,233050626
2024-08-20 11:25:01,42750.0,100,Sell,233051478
2024-08-20 11:25:01,42750.0,400,Sell,233051479
2024-08-20 11:25:01,42750.0,300,Sell,233051480
2024-08-20 11:25:35,42800.0,1000,Buy,233051855
2024-08-20 11:25:41,42750.0,500,Sell,233051927
2024-08-20 11:25:52,42750.0,800,Sell,233052114
2024-08-20 11:25:52,42750.0,200,Sell,233052113
2024-08-20 11:27:18,42750.0,100,Sell,233053414
2024-08-20 11:28:13,42750.0,100,Sell,233054170
2024-08-20 11:28:36,42800.0,900,Buy,233054405
2024-08-20 11:28:36,42800.0,400,Buy,233054415
2024-08-20 11:28:36,42800.0,1100,Buy,233054414
2024-08-20 11:28:36,42800.0,1000,Buy,233054411
2024-08-20 11:28:36,42800.0,100,Buy,233054413
2024-08-20 11:28:36,42800.0,600,Buy,233054409
2024-08-20 11:28:36,42800.0,100,Buy,233054408
2024-08-20 11:28:36,42800.0,200,Buy,233054407
2024-08-20 11:28:36,42800.0,300,Buy,233054406
2024-08-20 11:28:36,42800.0,500,Buy,233054410
2024-08-20 11:28:36,42800.0,2800,Buy,233054412
2024-08-20 11:28:54,42800.0,800,Buy,233054604
2024-08-20 11:28:54,42800.0,200,Buy,233054605
2024-08-20 11:29:00,42800.0,300,Buy,233054679
2024-08-20 11:29:00,42800.0,200,Buy,233054680
2024-08-20 11:29:06,42800.0,100,Buy,233054760
2024-08-20 11:29:13,42800.0,700,Buy,233054836
2024-08-20 11:29:13,42800.0,300,Buy,233054837
2024-08-20 11:29:14,42800.0,100,Buy,233054849
2024-08-20 11:29:36,42800.0,100,Buy,233055085
2024-08-20 11:29:36,42800.0,500,Buy,233055086
2024-08-20 11:29:36,42800.0,400,Buy,233055087
2024-08-20 12:59:39,42750.0,2500,Sell,233055846
2024-08-20 12:59:39,42750.0,100,Sell,233055845
2024-08-20 12:59:39,42750.0,100,Sell,233055777
2024-08-20 12:59:39,42750.0,200,Sell,233055776
2024-08-20 12:59:39,42750.0,1000,Sell,233055775
2024-08-20 12:59:39,42750.0,500,Sell,233055774
2024-08-20 12:59:39,42750.0,500,Sell,233055773
2024-08-20 12:59:39,42750.0,100,Sell,233055772
2024-08-20 12:59:39,42750.0,200,Sell,233055844
2024-08-20 12:59:39,42750.0,200,Sell,233055770
2024-08-20 12:59:39,42750.0,300,Sell,233055769
2024-08-20 12:59:39,42750.0,100,Sell,233055768
2024-08-20 12:59:39,42800.0,200,Buy,233055767
2024-08-20 12:59:39,42750.0,100,Sell,233055766
2024-08-20 12:59:39,42800.0,500,Buy,233055765
2024-08-20 12:59:39,42800.0,500,Buy,233055764
2024-08-20 12:59:39,42800.0,100,Buy,233055763
2024-08-20 12:59:39,42750.0,100,Sell,233055771
2024-08-20 12:59:40,42750.0,1500,Sell,233056298
2024-08-20 12:59:40,42750.0,100,Sell,233056295
2024-08-20 12:59:40,42750.0,200,Sell,233056296
2024-08-20 12:59:40,42800.0,500,Buy,233056297
2024-08-20 12:59:41,42700.0,100,Sell,233056631
2024-08-20 12:59:41,42700.0,200,Sell,233056629
2024-08-20 12:59:41,42700.0,500,Sell,233056628
2024-08-20 12:59:41,42700.0,100,Sell,233056630
2024-08-20 12:59:41,42700.0,200,Sell,233056632
2024-08-20 12:59:41,42700.0,200,Sell,233056638
2024-08-20 12:59:41,42700.0,100,Sell,233056634
2024-08-20 12:59:41,42700.0,100,Sell,233056635
2024-08-20 12:59:41,42700.0,100,Sell,233056636
2024-08-20 12:59:41,42700.0,100,Sell,233056637
2024-08-20 12:59:41,42700.0,600,Sell,233056633
2024-08-20 12:59:41,42700.0,100,Sell,233056627
2024-08-20 12:59:41,42700.0,900,Sell,233056623
2024-08-20 12:59:41,42700.0,200,Sell,233056625
2024-08-20 12:59:41,42750.0,100,Sell,233056562
2024-08-20 12:59:41,42750.0,400,Sell,233056563
2024-08-20 12:59:41,42750.0,1600,Sell,233056616
2024-08-20 12:59:41,42750.0,300,Sell,233056617
2024-08-20 12:59:41,42750.0,3000,Sell,233056618
2024-08-20 12:59:41,42700.0,100,Sell,233056626
2024-08-20 12:59:41,42750.0,100,Sell,233056620
2024-08-20 12:59:41,42750.0,4000,Sell,233056621
2024-08-20 12:59:41,42750.0,300,Sell,233056622
2024-08-20 12:59:41,42700.0,100,Sell,233056624
2024-08-20 12:59:41,42750.0,2000,Sell,233056619
2024-08-20 12:59:42,42750.0,2000,Sell,233056886
2024-08-20 12:59:42,42750.0,1000,Sell,233057009
2024-08-20 12:59:43,42750.0,500,Buy,233057255
2024-08-20 12:59:44,42750.0,100,Buy,233057651
2024-08-20 12:59:50,42750.0,1000,Buy,233058476
2024-08-20 12:59:50,42750.0,400,Buy,233058415
2024-08-20 12:59:50,42700.0,1000,Sell,233058399
2024-08-20 12:59:50,42700.0,400,Sell,233058400
2024-08-20 12:59:50,42700.0,1000,Sell,233058397
2024-08-20 12:59:50,42700.0,1000,Sell,233058395
2024-08-20 12:59:50,42700.0,100,Sell,233058394
2024-08-20 12:59:50,42700.0,500,Sell,233058398
2024-08-20 12:59:50,42700.0,1000,Sell,233058396
2024-08-20 12:59:51,42700.0,600,Sell,233058522
2024-08-20 12:59:51,42700.0,200,Sell,233058523
2024-08-20 12:59:51,42700.0,1000,Sell,233058524
2024-08-20 12:59:51,42700.0,500,Sell,233058525
2024-08-20 12:59:51,42700.0,100,Sell,233058526
2024-08-20 12:59:51,42700.0,100,Sell,233058527
2024-08-20 12:59:51,42700.0,100,Sell,233058528
2024-08-20 12:59:51,42700.0,300,Sell,233058529
2024-08-20 12:59:51,42700.0,100,Sell,233058530
2024-08-20 12:59:52,42750.0,100,Buy,233058739
2024-08-20 12:59:56,42750.0,200,Buy,233059325
2024-08-20 12:59:56,42700.0,100,Sell,233059288
2024-08-20 12:59:56,42700.0,400,Sell,233059287
2024-08-20 13:00:01,42750.0,4200,Buy,233059644
2024-08-20 13:00:10,42700.0,1000,Sell,233060060
2024-08-20 13:00:10,42700.0,1200,Sell,233060061
2024-08-20 13:00:10,42700.0,200,Sell,233060062
2024-08-20 13:00:10,42700.0,2000,Sell,233060063
2024-08-20 13:00:10,42700.0,100,Sell,233060059
2024-08-20 13:00:17,42700.0,500,Sell,233060361
2024-08-20 13:00:17,42700.0,200,Sell,233060362
2024-08-20 13:00:17,42700.0,5000,Sell,233060364
2024-08-20 13:00:17,42700.0,500,Sell,233060365
2024-08-20 13:00:17,42700.0,200,Sell,233060366
2024-08-20 13:00:17,42700.0,2000,Sell,233060367
2024-08-20 13:00:17,42700.0,500,Sell,233060368
2024-08-20 13:00:17,42700.0,1000,Sell,233060369
2024-08-20 13:00:17,42700.0,4100,Sell,233060370
2024-08-20 13:00:17,42700.0,1000,Sell,233060363
2024-08-20 13:00:27,42700.0,500,Sell,233060901
2024-08-20 13:00:29,42700.0,500,Sell,233060997
2024-08-20 13:00:35,42700.0,1000,Sell,233061134
2024-08-20 13:00:35,42700.0,100,Sell,233061135
2024-08-20 13:00:35,42700.0,900,Sell,233061133
2024-08-20 13:00:55,42700.0,900,Sell,233061960
2024-08-20 13:00:55,42700.0,500,Sell,233061961
2024-08-20 13:01:01,42700.0,500,Sell,233062218
2024-08-20 13:01:26,42700.0,200,Sell,233063185
2024-08-20 13:01:31,42700.0,100,Sell,233063375
2024-08-20 13:01:35,42700.0,300,Sell,233063491
2024-08-20 13:01:35,42700.0,900,Sell,233063497
2024-08-20 13:01:35,42700.0,200,Sell,233063496
2024-08-20 13:01:35,42700.0,100,Sell,233063495
2024-08-20 13:01:35,42700.0,600,Sell,233063494
2024-08-20 13:01:35,42700.0,1100,Sell,233063493
2024-08-20 13:01:35,42700.0,300,Sell,233063492
2024-08-20 13:01:35,42700.0,400,Sell,233063490
2024-08-20 13:01:35,42700.0,100,Sell,233063487
2024-08-20 13:01:35,42700.0,100,Sell,233063488
2024-08-20 13:01:35,42700.0,100,Sell,233063482
2024-08-20 13:01:35,42700.0,100,Sell,233063483
2024-08-20 13:01:35,42700.0,1000,Sell,233063484
2024-08-20 13:01:35,42700.0,100,Sell,233063489
2024-08-20 13:01:35,42700.0,500,Sell,233063486
2024-08-20 13:01:35,42700.0,900,Sell,233063481
2024-08-20 13:01:35,42700.0,200,Sell,233063485
2024-08-20 13:01:37,42700.0,100,Sell,233063547
2024-08-20 13:01:37,42700.0,1000,Sell,233063548
2024-08-20 13:01:37,42700.0,1900,Sell,233063549
2024-08-20 13:02:04,42700.0,3000,Sell,233064471
2024-08-20 13:02:05,42700.0,500,Sell,233064582
2024-08-20 13:02:07,42750.0,400,Buy,233064624
2024-08-20 13:02:07,42700.0,2900,Sell,233064626
2024-08-20 13:02:08,42700.0,500,Sell,233064643
2024-08-20 13:02:09,42700.0,100,Sell,233064668
2024-08-20 13:02:11,42700.0,500,Sell,233064720
2024-08-20 13:02:11,42700.0,1300,Sell,233064721
2024-08-20 13:02:11,42700.0,500,Sell,233064718
2024-08-20 13:02:11,42700.0,1100,Sell,233064717
2024-08-20 13:02:11,42700.0,1000,Sell,233064719
2024-08-20 13:02:13,42700.0,700,Sell,233064795
2024-08-20 13:02:13,42700.0,100,Sell,233064796
2024-08-20 13:02:13,42700.0,1500,Sell,233064797
2024-08-20 13:02:13,42700.0,500,Sell,233064798
2024-08-20 13:02:13,42700.0,100,Sell,233064799
2024-08-20 13:02:41,42700.0,1500,Buy,233065646
2024-08-20 13:02:43,42700.0,600,Buy,233065708
2024-08-20 13:02:43,42700.0,400,Buy,233065709
2024-08-20 13:02:47,42700.0,100,Buy,233065823
2024-08-20 13:02:49,42700.0,100,Buy,233065873
2024-08-20 13:02:50,42700.0,200,Buy,233065905
2024-08-20 13:02:50,42700.0,1000,Buy,233065906
2024-08-20 13:02:50,42700.0,300,Buy,233065908
2024-08-20 13:02:52,42700.0,100,Buy,233065962
2024-08-20 13:02:52,42700.0,600,Buy,233065961
2024-08-20 13:02:52,42700.0,100,Buy,233065959
2024-08-20 13:02:52,42700.0,700,Buy,233065958
2024-08-20 13:02:52,42700.0,200,Buy,233065960
2024-08-20 13:02:59,42700.0,300,Sell,233066250
2024-08-20 13:02:59,42700.0,1000,Sell,233066251
2024-08-20 13:02:59,42700.0,500,Sell,233066252
2024-08-20 13:02:59,42700.0,500,Sell,233066253
2024-08-20 13:02:59,42700.0,1100,Sell,233066254
2024-08-20 13:02:59,42700.0,100,Sell,233066255
2024-08-20 13:02:59,42700.0,1500,Sell,233066256
2024-08-20 13:03:00,42700.0,500,Sell,233066264
2024-08-20 13:03:02,42700.0,100,Buy,233066314
2024-08-20 13:03:03,42650.0,500,Sell,233066351
2024-08-20 13:03:12,42650.0,200,Sell,233066624
2024-08-20 13:03:19,42650.0,300,Sell,233066908
2024-08-20 13:03:24,42650.0,200,Sell,233067131
2024-08-20 13:03:24,42650.0,300,Sell,233067132
2024-08-20 13:03:24,42650.0,500,Sell,233067133
2024-08-20 13:03:41,42650.0,4900,Sell,233067815
2024-08-20 13:03:41,42650.0,500,Sell,233067812
2024-08-20 13:03:41,42650.0,2000,Sell,233067814
2024-08-20 13:03:41,42650.0,5000,Sell,233067813
2024-08-20 13:03:41,42650.0,200,Sell,233067811
2024-08-20 13:03:41,42650.0,300,Sell,233067805
2024-08-20 13:03:41,42650.0,5000,Sell,233067809
2024-08-20 13:03:41,42650.0,100,Sell,233067808
2024-08-20 13:03:41,42650.0,1000,Sell,233067807
2024-08-20 13:03:41,42650.0,500,Sell,233067806
2024-08-20 13:03:41,42650.0,1200,Sell,233067756
2024-08-20 13:03:41,42650.0,500,Sell,233067810
2024-08-20 13:03:44,42650.0,100,Sell,233067911
2024-08-20 13:03:44,42650.0,2000,Sell,233067912
2024-08-20 13:03:44,42650.0,500,Sell,233067913
2024-08-20 13:03:44,42650.0,100,Sell,233067914
2024-08-20 13:03:44,42650.0,100,Sell,233067915
2024-08-20 13:03:44,42650.0,200,Sell,233067916
2024-08-20 13:03:59,42700.0,400,Buy,233068491
2024-08-20 13:03:59,42700.0,600,Buy,233068492
2024-08-20 13:04:00,42650.0,200,Sell,233068502
2024-08-20 13:04:03,42700.0,2000,Buy,233068610
2024-08-20 13:04:03,42700.0,1400,Buy,233068609
2024-08-20 13:04:03,42700.0,1600,Buy,233068611
2024-08-20 13:04:06,42700.0,400,Buy,233068860
2024-08-20 13:04:06,42700.0,100,Buy,233068861
2024-08-20 13:04:07,42650.0,1000,Sell,233068904
2024-08-20 13:04:07,42650.0,1900,Sell,233068929
2024-08-20 13:04:07,42650.0,1000,Sell,233068930
2024-08-20 13:04:07,42650.0,100,Sell,233068931
2024-08-20 13:04:07,42650.0,1000,Sell,233068932
2024-08-20 13:04:12,42700.0,1500,Buy,233069086
2024-08-20 13:04:12,42700.0,1000,Buy,233069087
2024-08-20 13:04:13,42700.0,2000,Buy,233069140
2024-08-20 13:04:14,42700.0,100,Buy,233069184
2024-08-20 13:04:15,42700.0,200,Buy,233069219
2024-08-20 13:04:16,42700.0,100,Buy,233069256
2024-08-20 13:04:20,42700.0,300,Buy,233069389
2024-08-20 13:04:20,42700.0,600,Buy,233069378
2024-08-20 13:04:20,42700.0,400,Buy,233069379
2024-08-20 13:04:21,42700.0,500,Buy,233069460
2024-08-20 13:04:24,42700.0,100,Buy,233069525
2024-08-20 13:04:24,42700.0,400,Buy,233069528
2024-08-20 13:04:24,42700.0,200,Buy,233069524
2024-08-20 13:04:24,42700.0,100,Buy,233069526
2024-08-20 13:04:24,42700.0,400,Buy,233069527
2024-08-20 13:04:26,42700.0,1600,Buy,233069663
2024-08-20 13:04:26,42700.0,100,Buy,233069664
2024-08-20 13:04:30,42700.0,1700,Buy,233069937
2024-08-20 13:04:30,42700.0,1900,Sell,233069946
2024-08-20 13:04:32,42700.0,400,Sell,233069974
2024-08-20 13:04:34,42700.0,100,Sell,233070033
2024-08-20 13:04:49,42700.0,300,Sell,233070659
2024-08-20 13:05:05,42750.0,400,Buy,233071347
2024-08-20 13:05:07,42700.0,300,Sell,233071419
2024-08-20 13:05:11,42750.0,200,Buy,233071550
2024-08-20 13:05:17,42750.0,500,Buy,233071825
2024-08-20 13:05:20,42750.0,1000,Buy,233072042
2024-08-20 13:05:22,42750.0,1000,Buy,233072111
2024-08-20 13:05:25,42750.0,500,Buy,233072180
2024-08-20 13:05:27,42750.0,2000,Buy,233072290
2024-08-20 13:05:27,42750.0,800,Buy,233072291
2024-08-20 13:05:28,42750.0,100,Buy,233072314
2024-08-20 13:05:31,42750.0,3000,Buy,233072462
2024-08-20 13:05:31,42750.0,5000,Buy,233072472
2024-08-20 13:05:32,42750.0,3000,Buy,233072525
2024-08-20 13:05:34,42750.0,2000,Buy,233072665
2024-08-20 13:05:34,42750.0,3400,Buy,233072667
2024-08-20 13:05:34,42750.0,1000,Buy,233072669
2024-08-20 13:05:34,42750.0,600,Buy,233072668
2024-08-20 13:05:35,42750.0,100,Buy,233072708
2024-08-20 13:05:35,42750.0,900,Buy,233072711
2024-08-20 13:05:35,42750.0,1000,Buy,233072712
2024-08-20 13:05:43,42800.0,2500,Buy,233073383
2024-08-20 13:05:43,42800.0,100,Buy,233073386
2024-08-20 13:05:43,42800.0,500,Buy,233073385
2024-08-20 13:05:43,42800.0,200,Buy,233073384
2024-08-20 13:05:43,42800.0,500,Buy,233073382
2024-08-20 13:05:43,42800.0,200,Buy,233073380
2024-08-20 13:05:43,42800.0,1800,Buy,233073376
2024-08-20 13:05:43,42800.0,200,Buy,233073375
2024-08-20 13:05:43,42800.0,2000,Buy,233073381
2024-08-20 13:05:46,42800.0,500,Sell,233073505
2024-08-20 13:05:51,42850.0,100,Buy,233073664
2024-08-20 13:05:51,42850.0,1300,Buy,233073665
2024-08-20 13:05:51,42850.0,600,Buy,233073666
2024-08-20 13:05:55,42800.0,3500,Sell,233073780
2024-08-20 13:05:55,42800.0,400,Sell,233073781
2024-08-20 13:05:58,42850.0,2000,Buy,233073845
2024-08-20 13:05:58,42850.0,400,Buy,233073852
2024-08-20 13:05:58,42850.0,600,Buy,233073853
2024-08-20 13:06:02,42850.0,600,Buy,233074112
2024-08-20 13:06:05,42850.0,500,Buy,233074306
2024-08-20 13:06:07,42850.0,100,Buy,233074368
2024-08-20 13:06:07,42900.0,900,Buy,233074369
2024-08-20 13:06:07,42850.0,200,Buy,233074366
2024-08-20 13:06:07,42850.0,500,Buy,233074367
2024-08-20 13:06:07,42850.0,300,Buy,233074365
2024-08-20 13:06:11,42850.0,400,Sell,233074497
2024-08-20 13:06:13,42900.0,300,Buy,233074603
2024-08-20 13:06:13,42900.0,100,Buy,233074604
2024-08-20 13:06:13,42900.0,300,Buy,233074605
2024-08-20 13:06:13,42900.0,300,Buy,233074606
2024-08-20 13:06:13,42900.0,300,Buy,233074607
2024-08-20 13:06:13,42900.0,2000,Buy,233074608
2024-08-20 13:06:13,42900.0,400,Buy,233074610
2024-08-20 13:06:13,42900.0,600,Buy,233074611
2024-08-20 13:06:13,42900.0,1000,Buy,233074612
2024-08-20 13:06:13,42900.0,3900,Buy,233074602
2024-08-20 13:06:13,42900.0,3000,Buy,233074609
2024-08-20 13:06:16,42950.0,500,Buy,233074710
2024-08-20 13:06:16,42950.0,1500,Buy,233074711
2024-08-20 13:06:21,42950.0,500,Buy,233074927
2024-08-20 13:06:24,42950.0,2000,Buy,233075108
2024-08-20 13:06:29,42950.0,1000,Buy,233075205
2024-08-20 13:06:29,42950.0,5100,Buy,233075206
2024-08-20 13:06:31,42950.0,2000,Buy,233075285
2024-08-20 13:06:34,42950.0,900,Buy,233075397
2024-08-20 13:06:36,42950.0,100,Buy,233075521
2024-08-20 13:06:36,42950.0,300,Buy,233075533
2024-08-20 13:06:39,42950.0,200,Buy,233075698
2024-08-20 13:06:43,42950.0,100,Buy,233075887
2024-08-20 13:06:44,42950.0,300,Buy,233075909
2024-08-20 13:06:44,42950.0,500,Buy,233075910
2024-08-20 13:06:50,42950.0,200,Sell,233076335
2024-08-20 13:06:50,42950.0,2000,Sell,233076336
2024-08-20 13:06:50,42950.0,500,Sell,233076337
2024-08-20 13:06:56,42950.0,200,Buy,233076547
2024-08-20 13:06:56,42950.0,100,Buy,233076657
2024-08-20 13:07:01,42950.0,200,Sell,233076951
2024-08-20 13:07:01,43000.0,500,Buy,233076928
2024-08-20 13:07:01,43000.0,400,Buy,233076930
2024-08-20 13:07:01,43000.0,100,Buy,233076926
2024-08-20 13:07:01,43000.0,500,Buy,233076927
2024-08-20 13:07:01,43000.0,100,Buy,233076924
2024-08-20 13:07:01,43000.0,800,Buy,233076929
2024-08-20 13:07:01,43000.0,100,Buy,233076925
2024-08-20 13:07:10,43000.0,100,Buy,233077309
2024-08-20 13:07:10,43000.0,100,Buy,233077310
2024-08-20 13:07:15,42950.0,700,Sell,233077541
2024-08-20 13:07:15,42950.0,500,Sell,233077542
2024-08-20 13:07:15,42950.0,300,Sell,233077543
2024-08-20 13:07:15,42950.0,400,Sell,233077544
2024-08-20 13:07:15,42950.0,100,Sell,233077545
2024-08-20 13:07:25,42950.0,100,Sell,233077945
2024-08-20 13:07:31,43000.0,1100,Buy,233078181
2024-08-20 13:07:31,43000.0,200,Buy,233078180
2024-08-20 13:07:31,43000.0,100,Buy,233078179
2024-08-20 13:07:31,43000.0,1300,Buy,233078172
2024-08-20 13:07:31,43000.0,500,Buy,233078171
2024-08-20 13:07:31,43000.0,500,Buy,233078169
2024-08-20 13:07:31,43000.0,100,Buy,233078170
2024-08-20 13:07:31,43000.0,200,Buy,233078167
2024-08-20 13:07:31,43000.0,400,Buy,233078161
2024-08-20 13:07:31,43000.0,500,Buy,233078162
2024-08-20 13:07:31,43000.0,2700,Buy,233078163
2024-08-20 13:07:31,43000.0,1500,Buy,233078168
2024-08-20 13:07:31,43000.0,100,Buy,233078165
2024-08-20 13:07:31,43000.0,500,Buy,233078166
2024-08-20 13:07:31,43000.0,300,Buy,233078164
2024-08-20 13:07:33,42950.0,100,Sell,233078267
2024-08-20 13:07:37,43000.0,400,Buy,233078467
2024-08-20 13:07:40,43000.0,500,Buy,233078596
2024-08-20 13:07:41,43000.0,500,Buy,233078643
2024-08-20 13:07:42,43000.0,2500,Buy,233078654
2024-08-20 13:07:42,43000.0,2500,Buy,233078655
2024-08-20 13:07:44,43000.0,100,Buy,233078738
2024-08-20 13:07:45,43000.0,3200,Buy,233078751
2024-08-20 13:07:45,43000.0,500,Buy,233078752
2024-08-20 13:07:45,43000.0,100,Buy,233078753
2024-08-20 13:07:45,43000.0,2400,Buy,233078754
2024-08-20 13:07:46,43000.0,100,Buy,233078775
2024-08-20 13:07:47,43000.0,1000,Buy,233078842
2024-08-20 13:07:47,43000.0,700,Buy,233078861
2024-08-20 13:07:49,43000.0,200,Buy,233078952
2024-08-20 13:07:49,43000.0,800,Buy,233078950
2024-08-20 13:07:49,43000.0,2000,Buy,233078951
2024-08-20 13:07:53,43000.0,300,Buy,233079283
2024-08-20 13:07:53,43000.0,200,Buy,233079284
2024-08-20 13:07:55,43000.0,200,Buy,233079370
2024-08-20 13:07:57,43000.0,500,Buy,233079434
2024-08-20 13:07:58,43000.0,3000,Buy,233079480
2024-08-20 13:08:03,43000.0,100,Buy,233079695
2024-08-20 13:08:03,43000.0,300,Buy,233079696
2024-08-20 13:08:03,43000.0,600,Buy,233079697
2024-08-20 13:08:04,43000.0,200,Buy,233079716
2024-08-20 13:08:13,43000.0,100,Sell,233080150
2024-08-20 13:08:16,43050.0,1500,Buy,233080285
2024-08-20 13:08:16,43050.0,5500,Buy,233080284
2024-08-20 13:08:16,43050.0,100,Buy,233080286
2024-08-20 13:08:16,43050.0,200,Buy,233080282
2024-08-20 13:08:16,43050.0,3600,Buy,233080283
2024-08-20 13:08:16,43050.0,400,Buy,233080281
2024-08-20 13:08:26,43050.0,3700,Sell,233080772
2024-08-20 13:08:26,43050.0,1000,Sell,233080771
2024-08-20 13:08:26,43050.0,300,Sell,233080770
2024-08-20 13:08:39,43100.0,100,Buy,233081307
2024-08-20 13:08:39,43100.0,100,Buy,233081308
2024-08-20 13:08:43,43100.0,100,Buy,233081636
2024-08-20 13:08:43,43100.0,100,Buy,233081637
2024-08-20 13:08:44,43100.0,200,Buy,233081664
2024-08-20 13:08:44,43100.0,300,Buy,233081665
2024-08-20 13:08:47,43050.0,300,Sell,233081802
2024-08-20 13:08:48,43100.0,200,Buy,233081806
2024-08-20 13:08:49,43100.0,1700,Buy,233081844
2024-08-20 13:08:49,43100.0,100,Buy,233081845
2024-08-20 13:08:49,43100.0,1000,Buy,233081846
2024-08-20 13:08:49,43100.0,2000,Buy,233081847
2024-08-20 13:08:49,43150.0,100,Buy,233081862
2024-08-20 13:08:52,43150.0,500,Buy,233082008
2024-08-20 13:08:55,43100.0,200,Sell,233082110
2024-08-20 13:09:02,43150.0,1000,Buy,233082390
2024-08-20 13:09:05,43150.0,200,Buy,233082532
2024-08-20 13:09:11,43150.0,900,Buy,233082844
2024-08-20 13:09:13,43150.0,100,Buy,233082926
2024-08-20 13:09:17,43150.0,1400,Buy,233083102
2024-08-20 13:09:17,43150.0,500,Buy,233083103
2024-08-20 13:09:17,43150.0,100,Buy,233083104
2024-08-20 13:09:17,43150.0,200,Buy,233083105
2024-08-20 13:09:18,43150.0,100,Buy,233083157
2024-08-20 13:09:18,43150.0,100,Buy,233083158
2024-08-20 13:09:18,43150.0,300,Buy,233083159
2024-08-20 13:09:18,43150.0,600,Buy,233083160
2024-08-20 13:09:22,43150.0,200,Sell,233083308
2024-08-20 13:09:25,43200.0,2500,Buy,233083435
2024-08-20 13:09:25,43200.0,200,Buy,233083433
2024-08-20 13:09:25,43200.0,1000,Buy,233083432
2024-08-20 13:09:25,43200.0,500,Buy,233083434
2024-08-20 13:09:25,43200.0,100,Buy,233083430
2024-08-20 13:09:25,43200.0,200,Buy,233083429
2024-08-20 13:09:25,43200.0,1000,Buy,233083428
2024-08-20 13:09:25,43200.0,500,Buy,233083431
2024-08-20 13:09:27,43150.0,300,Sell,233083476
2024-08-20 13:09:27,43150.0,800,Sell,233083477
2024-08-20 13:09:30,43200.0,5000,Buy,233083609
2024-08-20 13:09:34,43200.0,200,Buy,233083776
2024-08-20 13:09:37,43200.0,100,Buy,233083929
2024-08-20 13:09:56,43200.0,300,Buy,233084722
2024-08-20 13:09:58,43150.0,4200,Sell,233084788
2024-08-20 13:09:58,43150.0,800,Sell,233084789
2024-08-20 13:10:01,43200.0,300,Buy,233084926
2024-08-20 13:10:04,43150.0,900,Sell,233085137
2024-08-20 13:10:04,43150.0,2100,Sell,233085138
2024-08-20 13:10:06,43200.0,1400,Buy,233085214
2024-08-20 13:10:13,43200.0,100,Buy,233085538
2024-08-20 13:10:22,43200.0,100,Buy,233085950
2024-08-20 13:10:35,43200.0,1000,Buy,233086614
2024-08-20 13:10:35,43200.0,600,Buy,233086613
2024-08-20 13:10:35,43200.0,2000,Buy,233086615
2024-08-20 13:10:35,43200.0,300,Buy,233086611
2024-08-20 13:10:35,43200.0,200,Buy,233086609
2024-08-20 13:10:35,43200.0,1000,Buy,233086612
2024-08-20 13:10:35,43200.0,1900,Buy,233086610
2024-08-20 13:10:37,43200.0,8000,Buy,233086798
2024-08-20 13:10:37,43200.0,400,Buy,233086797
2024-08-20 13:10:37,43200.0,2000,Buy,233086794
2024-08-20 13:10:37,43200.0,100,Buy,233086795
2024-08-20 13:10:37,43200.0,500,Buy,233086796
2024-08-20 13:10:40,43150.0,800,Sell,233086949
2024-08-20 13:10:40,43200.0,500,Buy,233086935
2024-08-20 13:10:42,43200.0,1300,Buy,233087043
2024-08-20 13:10:42,43200.0,100,Buy,233087044
2024-08-20 13:10:42,43200.0,200,Buy,233087015
2024-08-20 13:10:44,43200.0,400,Buy,233087097
2024-08-20 13:10:45,43150.0,200,Sell,233087157
2024-08-20 13:10:50,43200.0,500,Buy,233087474
2024-08-20 13:10:50,43200.0,500,Buy,233087475
2024-08-20 13:10:50,43200.0,500,Buy,233087507
2024-08-20 13:10:56,43200.0,1500,Buy,233087642
2024-08-20 13:10:56,43200.0,6100,Buy,233087643
2024-08-20 13:10:56,43200.0,400,Buy,233087644
2024-08-20 13:10:56,43200.0,500,Buy,233087651
2024-08-20 13:10:57,43200.0,1000,Buy,233087663
2024-08-20 13:10:57,43200.0,1000,Buy,233087685
2024-08-20 13:10:57,43200.0,1000,Buy,233087690
2024-08-20 13:10:59,43200.0,100,Buy,233087727
2024-08-20 13:10:59,43200.0,300,Buy,233087726
2024-08-20 13:10:59,43200.0,600,Buy,233087725
2024-08-20 13:11:00,43200.0,500,Buy,233087784
2024-08-20 13:11:00,43200.0,500,Buy,233087785
2024-08-20 13:11:00,43200.0,800,Buy,233087786
2024-08-20 13:11:00,43200.0,200,Buy,233087787
2024-08-20 13:11:00,43200.0,1000,Buy,233087788
2024-08-20 13:11:00,43200.0,500,Buy,233087789
2024-08-20 13:11:00,43200.0,1500,Sell,233087822
2024-08-20 13:11:02,43200.0,300,Buy,233087921
2024-08-20 13:11:02,43200.0,200,Buy,233087928
2024-08-20 13:11:06,43200.0,500,Buy,233088077
2024-08-20 13:11:06,43250.0,500,Buy,233088103
2024-08-20 13:11:08,43250.0,200,Buy,233088207
2024-08-20 13:11:10,43250.0,100,Buy,233088301
2024-08-20 13:11:10,43250.0,200,Buy,233088300
2024-08-20 13:11:10,43250.0,100,Buy,233088299
2024-08-20 13:11:10,43250.0,200,Buy,233088297
2024-08-20 13:11:10,43250.0,400,Buy,233088296
2024-08-20 13:11:10,43250.0,100,Buy,233088298
2024-08-20 13:11:17,43200.0,200,Sell,233088547
2024-08-20 13:11:19,43250.0,100,Buy,233088674
2024-08-20 13:11:19,43250.0,100,Buy,233088672
2024-08-20 13:11:19,43250.0,100,Buy,233088671
2024-08-20 13:11:19,43250.0,100,Buy,233088673
2024-08-20 13:11:19,43250.0,100,Buy,233088652
2024-08-20 13:11:19,43250.0,100,Buy,233088651
2024-08-20 13:11:19,43250.0,600,Buy,233088650
2024-08-20 13:11:19,43250.0,100,Buy,233088653
2024-08-20 13:11:20,43250.0,200,Buy,233088714
2024-08-20 13:11:20,43250.0,300,Buy,233088715
2024-08-20 13:11:20,43250.0,100,Buy,233088716
2024-08-20 13:11:20,43250.0,900,Buy,233088717
2024-08-20 13:11:20,43250.0,100,Buy,233088718
2024-08-20 13:11:21,43250.0,1200,Buy,233088775
2024-08-20 13:11:23,43250.0,500,Buy,233088849
2024-08-20 13:11:23,43250.0,1600,Buy,233088848
2024-08-20 13:11:23,43250.0,500,Buy,233088845
2024-08-20 13:11:23,43250.0,100,Buy,233088846
2024-08-20 13:11:23,43250.0,800,Buy,233088847
2024-08-20 13:11:25,43250.0,4200,Buy,233088957
2024-08-20 13:11:25,43250.0,500,Buy,233088996
2024-08-20 13:11:26,43250.0,500,Buy,233089045
2024-08-20 13:11:27,43250.0,100,Buy,233089141
2024-08-20 13:11:27,43250.0,3200,Buy,233089142
2024-08-20 13:11:27,43250.0,100,Buy,233089143
2024-08-20 13:11:27,43250.0,100,Buy,233089144
2024-08-20 13:11:27,43250.0,300,Buy,233089145
2024-08-20 13:11:27,43250.0,500,Buy,233089146
2024-08-20 13:11:27,43250.0,500,Buy,233089147
2024-08-20 13:11:43,43300.0,100,Buy,233089773
2024-08-20 13:11:43,43300.0,200,Buy,233089774
2024-08-20 13:11:44,43300.0,100,Buy,233089806
2024-08-20 13:11:46,43300.0,500,Buy,233089884
2024-08-20 13:11:46,43300.0,1000,Buy,233089882
2024-08-20 13:11:46,43300.0,100,Buy,233089881
2024-08-20 13:11:46,43300.0,200,Buy,233089883
2024-08-20 13:11:47,43300.0,500,Buy,233089931
2024-08-20 13:11:48,43300.0,4000,Buy,233089956
2024-08-20 13:11:48,43300.0,100,Buy,233089957
2024-08-20 13:11:48,43300.0,600,Buy,233089958
2024-08-20 13:11:48,43300.0,300,Buy,233089959
2024-08-20 13:11:48,43300.0,2200,Buy,233089985
2024-08-20 13:11:48,43300.0,200,Buy,233089986
2024-08-20 13:11:48,43300.0,100,Buy,233089987
2024-08-20 13:11:48,43300.0,500,Buy,233089988
2024-08-20 13:11:48,43300.0,300,Buy,233089989
2024-08-20 13:11:48,43300.0,5000,Buy,233089990
2024-08-20 13:11:49,43300.0,1000,Buy,233090059
2024-08-20 13:11:49,43300.0,500,Buy,233090058
2024-08-20 13:11:49,43300.0,5000,Buy,233090060
2024-08-20 13:11:49,43300.0,3400,Buy,233090056
2024-08-20 13:11:49,43300.0,200,Buy,233090041
2024-08-20 13:11:49,43300.0,100,Buy,233090057
2024-08-20 13:11:50,43300.0,900,Buy,233090089
2024-08-20 13:11:50,43300.0,4100,Buy,233090090
2024-08-20 13:11:50,43300.0,4200,Buy,233090091
2024-08-20 13:11:52,43300.0,1500,Buy,233090178
2024-08-20 13:11:53,43300.0,100,Buy,233090205
2024-08-20 13:11:54,43300.0,100,Buy,233090341
2024-08-20 13:11:54,43300.0,100,Buy,233090340
2024-08-20 13:11:54,43300.0,300,Buy,233090339
2024-08-20 13:11:54,43300.0,400,Buy,233090338
2024-08-20 13:11:54,43300.0,300,Buy,233090319
2024-08-20 13:11:54,43300.0,400,Buy,233090336
2024-08-20 13:11:54,43300.0,300,Buy,233090329
2024-08-20 13:11:54,43300.0,100,Buy,233090318
2024-08-20 13:11:54,43300.0,100,Buy,233090294
2024-08-20 13:11:54,43300.0,100,Buy,233090337
2024-08-20 13:11:57,43350.0,100,Buy,233090487
2024-08-20 13:11:57,43350.0,2100,Buy,233090488
2024-08-20 13:11:57,43350.0,200,Buy,233090485
2024-08-20 13:11:57,43350.0,600,Buy,233090486
2024-08-20 13:12:00,43350.0,400,Buy,233090594
2024-08-20 13:12:00,43350.0,100,Buy,233090595
2024-08-20 13:12:03,43350.0,500,Buy,233090708
2024-08-20 13:12:03,43350.0,100,Buy,233090709
2024-08-20 13:12:03,43350.0,400,Buy,233090710
2024-08-20 13:12:03,43350.0,4600,Buy,233090712
2024-08-20 13:12:03,43350.0,400,Buy,233090713
2024-08-20 13:12:04,43350.0,100,Buy,233090802
2024-08-20 13:12:05,43350.0,1500,Buy,233090862
2024-08-20 13:12:05,43350.0,8500,Buy,233090863
2024-08-20 13:12:07,43350.0,1300,Buy,233090920
2024-08-20 13:12:07,43350.0,1000,Buy,233090921
2024-08-20 13:12:09,43350.0,2000,Sell,233091015
2024-08-20 13:12:09,43350.0,100,Sell,233091014
2024-08-20 13:12:09,43350.0,8000,Sell,233091016
2024-08-20 13:12:09,43350.0,200,Sell,233091012
2024-08-20 13:12:09,43350.0,700,Sell,233091011
2024-08-20 13:12:09,43350.0,4000,Sell,233091013
2024-08-20 13:12:10,43400.0,400,Buy,233091029
2024-08-20 13:12:10,43400.0,500,Buy,233091030
2024-08-20 13:12:10,43400.0,100,Buy,233091031
2024-08-20 13:12:10,43400.0,100,Buy,233091032
2024-08-20 13:12:10,43400.0,900,Buy,233091033
2024-08-20 13:12:13,43400.0,1500,Buy,233091157
2024-08-20 13:12:18,43400.0,2300,Buy,233091335
2024-08-20 13:12:19,43400.0,400,Buy,233091369
2024-08-20 13:12:19,43400.0,5000,Buy,233091363
2024-08-20 13:12:19,43400.0,5300,Buy,233091360
2024-08-20 13:12:19,43400.0,100,Buy,233091361
2024-08-20 13:12:19,43400.0,4600,Buy,233091362
2024-08-20 13:12:22,43400.0,12400,Sell,233091665
2024-08-20 13:12:23,43400.0,500,Sell,233091711
2024-08-20 13:12:25,43450.0,100,Buy,233091803
2024-08-20 13:12:30,43450.0,200,Buy,233091990
2024-08-20 13:12:30,43450.0,100,Buy,233091982
2024-08-20 13:12:30,43450.0,900,Buy,233091983
2024-08-20 13:12:30,43450.0,100,Buy,233091980
2024-08-20 13:12:30,43450.0,100,Buy,233091976
2024-08-20 13:12:30,43450.0,300,Buy,233091981
2024-08-20 13:12:30,43450.0,500,Buy,233091979
2024-08-20 13:12:31,43450.0,500,Buy,233092013
2024-08-20 13:12:31,43450.0,5000,Buy,233092027
2024-08-20 13:12:33,43400.0,5000,Sell,233092197
2024-08-20 13:12:33,43450.0,3400,Buy,233092245
2024-08-20 13:12:41,43500.0,100,Buy,233092738
2024-08-20 13:12:41,43500.0,2600,Buy,233092739
2024-08-20 13:12:43,43450.0,100,Sell,233092852
2024-08-20 13:12:45,43500.0,1400,Buy,233093021
2024-08-20 13:12:45,43500.0,900,Buy,233093039
2024-08-20 13:12:45,43500.0,100,Buy,233093040
2024-08-20 13:12:45,43500.0,1600,Buy,233093022
2024-08-20 13:12:47,43500.0,100,Buy,233093137
2024-08-20 13:12:47,43500.0,100,Buy,233093142
2024-08-20 13:12:47,43500.0,100,Buy,233093141
2024-08-20 13:12:47,43500.0,100,Buy,233093140
2024-08-20 13:12:47,43500.0,100,Buy,233093139
2024-08-20 13:12:47,43500.0,100,Buy,233093138
2024-08-20 13:12:47,43500.0,1000,Buy,233093136
2024-08-20 13:12:47,43500.0,300,Buy,233093134
2024-08-20 13:12:47,43500.0,500,Buy,233093133
2024-08-20 13:12:47,43500.0,400,Buy,233093132
2024-08-20 13:12:47,43500.0,1000,Buy,233093131
2024-08-20 13:12:47,43500.0,1300,Buy,233093130
2024-08-20 13:12:47,43500.0,100,Buy,233093110
2024-08-20 13:12:47,43500.0,100,Buy,233093135
2024-08-20 13:12:50,43500.0,500,Buy,233093317
2024-08-20 13:12:52,43500.0,600,Buy,233093407
2024-08-20 13:12:52,43500.0,1200,Buy,233093406
2024-08-20 13:12:52,43500.0,500,Buy,233093380
2024-08-20 13:12:52,43500.0,500,Buy,233093379
2024-08-20 13:12:52,43500.0,5000,Buy,233093388
2024-08-20 13:12:55,43500.0,500,Buy,233093559
2024-08-20 13:12:55,43500.0,1700,Buy,233093558
2024-08-20 13:12:55,43500.0,500,Buy,233093557
2024-08-20 13:12:55,43500.0,100,Buy,233093556
2024-08-20 13:12:55,43500.0,200,Buy,233093555
2024-08-20 13:12:55,43500.0,500,Buy,233093528
2024-08-20 13:12:55,43500.0,200,Buy,233093529
2024-08-20 13:12:55,43500.0,100,Buy,233093527
2024-08-20 13:12:55,43500.0,100,Buy,233093526
2024-08-20 13:12:55,43500.0,200,Buy,233093525
2024-08-20 13:12:55,43500.0,4100,Buy,233093524
2024-08-20 13:12:55,43500.0,300,Buy,233093530
2024-08-20 13:12:56,43500.0,100,Buy,233093582
2024-08-20 13:12:56,43500.0,1000,Buy,233093583
2024-08-20 13:12:56,43500.0,200,Buy,233093584
2024-08-20 13:12:56,43500.0,200,Buy,233093585
2024-08-20 13:12:56,43500.0,5000,Buy,233093586
2024-08-20 13:12:57,43500.0,500,Buy,233093651
2024-08-20 13:12:57,43500.0,200,Buy,233093650
2024-08-20 13:12:57,43500.0,2800,Buy,233093652
2024-08-20 13:12:57,43500.0,500,Buy,233093648
2024-08-20 13:12:57,43450.0,100,Sell,233093609
2024-08-20 13:12:57,43500.0,2000,Buy,233093608
2024-08-20 13:12:57,43500.0,2500,Buy,233093649
2024-08-20 13:12:58,43500.0,1500,Buy,233093673
2024-08-20 13:12:59,43500.0,700,Buy,233093723
2024-08-20 13:12:59,43500.0,200,Buy,233093724
2024-08-20 13:12:59,43500.0,100,Buy,233093725
2024-08-20 13:13:06,43550.0,200,Buy,233094170
2024-08-20 13:13:06,43550.0,100,Buy,233094169
2024-08-20 13:13:06,43550.0,100,Buy,233094167
2024-08-20 13:13:06,43550.0,500,Buy,233094166
2024-08-20 13:13:06,43550.0,200,Buy,233094165
2024-08-20 13:13:06,43550.0,100,Buy,233094168
2024-08-20 13:13:14,43600.0,200,Buy,233094743
2024-08-20 13:13:14,43600.0,500,Buy,233094744
2024-08-20 13:13:22,43600.0,1300,Buy,233095338
2024-08-20 13:13:22,43600.0,500,Buy,233095337
2024-08-20 13:13:22,43600.0,100,Buy,233095335
2024-08-20 13:13:22,43600.0,100,Buy,233095336
2024-08-20 13:13:22,43600.0,200,Buy,233095315
2024-08-20 13:13:22,43600.0,400,Buy,233095310
2024-08-20 13:13:22,43600.0,500,Buy,233095311
2024-08-20 13:13:22,43600.0,100,Buy,233095314
2024-08-20 13:13:22,43600.0,300,Buy,233095313
2024-08-20 13:13:22,43600.0,500,Buy,233095312
2024-08-20 13:13:23,43600.0,100,Buy,233095410
2024-08-20 13:13:25,43600.0,500,Buy,233095562
2024-08-20 13:13:27,43600.0,500,Buy,233095820
2024-08-20 13:13:27,43550.0,100,Sell,233095898
2024-08-20 13:13:31,43600.0,1000,Buy,233096182
2024-08-20 13:13:33,43600.0,1000,Buy,233096271
2024-08-20 13:13:33,43600.0,500,Buy,233096419
2024-08-20 13:13:34,43600.0,3600,Sell,233096431
2024-08-20 13:13:34,43600.0,400,Buy,233096424
2024-08-20 13:13:34,43600.0,15100,Buy,233096421
2024-08-20 13:13:34,43600.0,700,Buy,233096422
2024-08-20 13:13:34,43600.0,200,Buy,233096423
2024-08-20 13:13:35,43600.0,900,Buy,233096488
2024-08-20 13:13:35,43600.0,500,Buy,233096461
2024-08-20 13:13:35,43500.0,600,Sell,233096460
2024-08-20 13:13:35,43550.0,3000,Sell,233096459
2024-08-20 13:13:35,43550.0,3000,Sell,233096456
2024-08-20 13:13:35,43550.0,500,Sell,233096457
2024-08-20 13:13:35,43550.0,500,Sell,233096455
2024-08-20 13:13:35,43550.0,1700,Sell,233096453
2024-08-20 13:13:35,43550.0,200,Sell,233096458
2024-08-20 13:13:35,43550.0,500,Sell,233096454
2024-08-20 13:13:36,43600.0,100,Sell,233096582
2024-08-20 13:13:36,43550.0,100,Sell,233096583
2024-08-20 13:13:36,43550.0,200,Sell,233096584
2024-08-20 13:13:37,43550.0,100,Buy,233096636
2024-08-20 13:13:37,43650.0,100,Buy,233096637
2024-08-20 13:13:39,43500.0,800,Sell,233096715
2024-08-20 13:13:39,43500.0,100,Sell,233096716
2024-08-20 13:13:39,43500.0,100,Sell,233096717
2024-08-20 13:13:40,43600.0,1000,Sell,233096845
2024-08-20 13:13:40,43600.0,500,Buy,233096842
2024-08-20 13:13:42,43650.0,300,Buy,233096942
2024-08-20 13:13:42,43650.0,200,Buy,233096941
2024-08-20 13:13:43,43600.0,1000,Sell,233096972
2024-08-20 13:13:43,43650.0,100,Buy,233096990
2024-08-20 13:13:44,43650.0,100,Buy,233097072
2024-08-20 13:13:44,43650.0,500,Buy,233097073
2024-08-20 13:13:44,43650.0,400,Buy,233097074
2024-08-20 13:13:48,43750.0,500,Buy,233097386
2024-08-20 13:13:48,43750.0,500,Buy,233097387
2024-08-20 13:13:48,43800.0,2000,Buy,233097388
2024-08-20 13:13:48,43800.0,100,Buy,233097389
2024-08-20 13:13:48,43800.0,1000,Buy,233097390
2024-08-20 13:13:48,43800.0,200,Buy,233097392
2024-08-20 13:13:48,43750.0,500,Buy,233097385
2024-08-20 13:13:48,43800.0,500,Buy,233097394
