time,price,volume,match_type,id
2024-08-01 09:14:40,37500.0,4700,ATO/ATC,227892860
2024-08-01 09:18:02,37400.0,100,Buy,227897201
2024-08-01 09:18:14,37400.0,100,Sell,227897461
2024-08-01 09:18:23,37450.0,100,Buy,227897652
2024-08-01 09:18:24,37400.0,800,Sell,227897666
2024-08-01 09:18:31,37400.0,100,Buy,227897842
2024-08-01 09:18:58,37400.0,400,Buy,227898574
2024-08-01 09:18:58,37400.0,100,Buy,227898573
2024-08-01 09:19:12,37400.0,600,Buy,227898938
2024-08-01 09:19:32,37400.0,100,Buy,227899374
2024-08-01 09:20:31,37400.0,500,Buy,227900746
2024-08-01 09:20:35,37400.0,400,Buy,227900840
2024-08-01 09:20:35,37400.0,600,Buy,227900841
2024-08-01 09:20:56,37400.0,100,Buy,227901258
2024-08-01 09:21:39,37400.0,300,Buy,227902259
2024-08-01 09:21:41,37400.0,1000,Buy,227902304
2024-08-01 09:22:34,37300.0,100,Sell,227903642
2024-08-01 09:22:34,37300.0,100,Sell,227903643
2024-08-01 09:22:34,37300.0,200,Sell,227903644
2024-08-01 09:22:50,37300.0,300,Sell,227904061
2024-08-01 09:23:23,37250.0,5000,Sell,227904834
2024-08-01 09:23:23,37300.0,1000,Sell,227904832
2024-08-01 09:23:23,37250.0,400,Sell,227904833
2024-08-01 09:23:43,37200.0,100,Sell,227905366
2024-08-01 09:23:43,37200.0,300,Sell,227905367
2024-08-01 09:23:43,37200.0,3000,Sell,227905368
2024-08-01 09:23:43,37200.0,5000,Sell,227905369
2024-08-01 09:23:43,37200.0,100,Sell,227905370
2024-08-01 09:23:43,37200.0,100,Sell,227905371
2024-08-01 09:23:43,37200.0,1000,Sell,227905372
2024-08-01 09:23:56,37200.0,200,Buy,227905755
2024-08-01 09:25:13,37200.0,1000,Sell,227907656
2024-08-01 09:25:16,37100.0,300,Sell,227907728
2024-08-01 09:25:16,37100.0,100,Sell,227907727
2024-08-01 09:25:16,37100.0,100,Sell,227907746
2024-08-01 09:25:16,37200.0,3000,Sell,227907725
2024-08-01 09:25:16,37150.0,1000,Sell,227907726
2024-08-01 09:25:16,37100.0,300,Sell,227907729
2024-08-01 09:25:16,37200.0,300,Sell,227907724
2024-08-01 09:25:47,37100.0,900,Sell,227908636
2024-08-01 09:25:47,37100.0,100,Sell,227908637
2024-08-01 09:27:00,37200.0,100,Buy,227910462
2024-08-01 09:27:06,37250.0,500,Buy,227910614
2024-08-01 09:28:20,37250.0,100,Sell,227912538
2024-08-01 09:28:33,37250.0,4900,Sell,227912863
2024-08-01 09:28:33,37250.0,4300,Sell,227912864
2024-08-01 09:28:33,37250.0,3000,Sell,227912865
2024-08-01 09:28:33,37250.0,500,Sell,227912866
2024-08-01 09:28:34,37250.0,2300,Buy,227912877
2024-08-01 09:28:38,37300.0,200,Buy,227912983
2024-08-01 09:29:17,37300.0,100,Buy,227914007
2024-08-01 09:29:51,37300.0,1300,Buy,227914895
2024-08-01 09:29:53,37300.0,3600,Buy,227914957
2024-08-01 09:30:01,37300.0,1000,Sell,227915199
2024-08-01 09:30:01,37250.0,2000,Sell,227915200
2024-08-01 09:30:14,37350.0,100,Buy,227915515
2024-08-01 09:31:49,37250.0,100,Sell,227917736
2024-08-01 09:31:58,37300.0,100,Buy,227917984
2024-08-01 09:32:40,37300.0,1000,Buy,227919116
2024-08-01 09:33:52,37300.0,1900,Buy,227921197
2024-08-01 09:34:41,37300.0,500,Buy,227922458
2024-08-01 09:35:48,37300.0,100,Buy,227924038
2024-08-01 09:35:49,37300.0,600,Buy,227924070
2024-08-01 09:35:49,37300.0,400,Buy,227924068
2024-08-01 09:35:49,37300.0,2000,Buy,227924069
2024-08-01 09:36:05,37300.0,4600,Buy,227924402
2024-08-01 09:36:05,37300.0,400,Buy,227924401
2024-08-01 09:36:11,37300.0,1100,Buy,227924573
2024-08-01 09:36:26,37300.0,1500,Buy,227924913
2024-08-01 09:36:36,37300.0,700,Buy,227925188
2024-08-01 09:36:36,37300.0,500,Buy,227925189
2024-08-01 09:36:43,37300.0,100,Buy,227925324
2024-08-01 09:37:48,37300.0,400,Buy,227926698
2024-08-01 09:37:48,37300.0,100,Buy,227926699
2024-08-01 09:37:48,37300.0,1500,Buy,227926700
2024-08-01 09:37:51,37300.0,500,Buy,227926760
2024-08-01 09:37:51,37300.0,500,Buy,227926761
2024-08-01 09:38:33,37250.0,500,Sell,227927883
2024-08-01 09:38:33,37250.0,1000,Sell,227927882
2024-08-01 09:38:33,37250.0,500,Sell,227927884
2024-08-01 09:38:33,37250.0,400,Sell,227927880
2024-08-01 09:38:33,37250.0,1700,Sell,227927879
2024-08-01 09:38:33,37250.0,100,Sell,227927881
2024-08-01 09:39:21,37250.0,100,Buy,227928933
2024-08-01 09:39:22,37250.0,5000,Buy,227928939
2024-08-01 09:39:38,37250.0,100,Buy,227929274
2024-08-01 09:40:14,37250.0,800,Buy,227930044
2024-08-01 09:41:43,37250.0,200,Buy,227931838
2024-08-01 09:42:57,37200.0,100,Sell,227933238
2024-08-01 09:42:57,37200.0,400,Sell,227933239
2024-08-01 09:43:01,37200.0,1600,Sell,227933307
2024-08-01 09:43:01,37200.0,500,Sell,227933308
2024-08-01 09:43:01,37200.0,2000,Sell,227933309
2024-08-01 09:44:44,37200.0,100,Buy,227935612
2024-08-01 09:44:56,37200.0,1000,Buy,227935830
2024-08-01 09:45:26,37200.0,800,Buy,227936401
2024-08-01 09:45:26,37200.0,400,Buy,227936400
2024-08-01 09:45:26,37200.0,800,Buy,227936399
2024-08-01 09:45:46,37200.0,700,Buy,227936796
2024-08-01 09:45:46,37200.0,100,Buy,227936797
2024-08-01 09:46:12,37200.0,100,Buy,227937392
2024-08-01 09:46:20,37200.0,100,Buy,227937629
2024-08-01 09:46:27,37200.0,200,Buy,227937807
2024-08-01 09:46:30,37200.0,100,Buy,227937875
2024-08-01 09:47:54,37150.0,2000,Sell,227939381
2024-08-01 09:48:05,37150.0,1000,Sell,227939577
2024-08-01 09:48:05,37150.0,200,Sell,227939578
2024-08-01 09:48:25,37150.0,1800,Sell,227939962
2024-08-01 09:48:25,37150.0,100,Sell,227939963
2024-08-01 09:48:25,37150.0,100,Sell,227939964
2024-08-01 09:48:37,37150.0,1000,Sell,227940184
2024-08-01 09:48:37,37150.0,300,Sell,227940183
2024-08-01 09:48:37,37150.0,700,Sell,227940182
2024-08-01 09:48:40,37150.0,100,Sell,227940248
2024-08-01 09:48:40,37150.0,100,Sell,227940249
2024-08-01 09:48:40,37150.0,300,Sell,227940250
2024-08-01 09:48:40,37150.0,100,Sell,227940251
2024-08-01 09:48:40,37150.0,100,Sell,227940252
2024-08-01 09:49:00,37150.0,200,Buy,227940727
2024-08-01 09:49:07,37150.0,100,Buy,227940907
2024-08-01 09:50:12,37150.0,200,Buy,227942160
2024-08-01 09:50:22,37150.0,100,Buy,227942306
2024-08-01 09:50:59,37150.0,200,Buy,227942933
2024-08-01 09:51:43,37150.0,100,Buy,227943792
2024-08-01 09:52:12,37100.0,4000,Sell,227944294
2024-08-01 09:52:12,37100.0,1000,Sell,227944293
2024-08-01 09:52:30,37100.0,100,Sell,227944766
2024-08-01 09:52:31,37100.0,300,Sell,227944786
2024-08-01 09:52:31,37100.0,200,Sell,227944785
2024-08-01 09:52:31,37100.0,100,Sell,227944784
2024-08-01 09:52:31,37100.0,5900,Sell,227944779
2024-08-01 09:52:31,37100.0,300,Sell,227944782
2024-08-01 09:52:31,37100.0,600,Sell,227944781
2024-08-01 09:52:31,37100.0,900,Sell,227944780
2024-08-01 09:52:31,37100.0,100,Sell,227944783
2024-08-01 09:52:31,37100.0,300,Sell,227944787
2024-08-01 09:53:02,37050.0,100,Sell,227945373
2024-08-01 09:53:02,37050.0,1000,Sell,227945374
2024-08-01 09:53:02,37050.0,1000,Sell,227945375
2024-08-01 09:53:02,37050.0,2900,Sell,227945376
2024-08-01 09:53:03,37050.0,2100,Sell,227945391
2024-08-01 09:53:03,37050.0,500,Sell,227945392
2024-08-01 09:53:04,37100.0,500,Buy,227945417
2024-08-01 09:53:29,37100.0,3000,Buy,227945909
2024-08-01 09:53:50,37050.0,100,Sell,227946451
2024-08-01 09:54:04,37100.0,100,Buy,227946836
2024-08-01 09:54:06,37050.0,900,Sell,227946857
2024-08-01 09:54:06,37050.0,2000,Sell,227946858
2024-08-01 09:54:22,37000.0,200,Sell,227947208
2024-08-01 09:54:22,37000.0,100,Sell,227947207
2024-08-01 09:54:22,37000.0,300,Sell,227947206
2024-08-01 09:54:22,37000.0,100,Sell,227947205
2024-08-01 09:54:22,37000.0,500,Sell,227947204
2024-08-01 09:54:22,37000.0,100,Sell,227947203
2024-08-01 09:54:22,37000.0,100,Sell,227947198
2024-08-01 09:54:22,37000.0,200,Sell,227947202
2024-08-01 09:54:22,37000.0,500,Sell,227947201
2024-08-01 09:54:22,37000.0,100,Sell,227947200
2024-08-01 09:54:22,37000.0,200,Sell,227947199
2024-08-01 09:54:22,37000.0,100,Sell,227947197
2024-08-01 09:54:22,37000.0,500,Sell,227947190
2024-08-01 09:54:22,37000.0,100,Sell,227947195
2024-08-01 09:54:22,37000.0,500,Sell,227947196
2024-08-01 09:54:22,37000.0,100,Sell,227947185
2024-08-01 09:54:22,37000.0,1000,Sell,227947186
2024-08-01 09:54:22,37000.0,100,Sell,227947187
2024-08-01 09:54:22,37000.0,300,Sell,227947188
2024-08-01 09:54:22,37000.0,100,Sell,227947184
2024-08-01 09:54:22,37000.0,300,Sell,227947191
2024-08-01 09:54:22,37000.0,900,Sell,227947192
2024-08-01 09:54:22,37000.0,100,Sell,227947193
2024-08-01 09:54:22,37000.0,500,Sell,227947194
2024-08-01 09:54:22,37000.0,1000,Sell,227947189
2024-08-01 09:54:29,37000.0,200,Buy,227947332
2024-08-01 09:55:03,37000.0,100,Sell,227948197
2024-08-01 09:55:03,37000.0,100,Sell,227948198
2024-08-01 09:55:52,36950.0,300,Sell,227949487
2024-08-01 09:55:52,36950.0,200,Sell,227949488
2024-08-01 09:55:52,36950.0,3500,Sell,227949489
2024-08-01 09:56:13,36900.0,100,Sell,227950179
2024-08-01 09:56:20,36900.0,200,Sell,227950345
2024-08-01 09:56:20,36900.0,100,Sell,227950344
2024-08-01 09:56:20,36900.0,100,Sell,227950343
2024-08-01 09:56:20,36900.0,200,Sell,227950341
2024-08-01 09:56:20,36900.0,100,Sell,227950342
2024-08-01 09:56:42,36900.0,1000,Buy,227951112
2024-08-01 09:56:49,36850.0,100,Sell,227951365
2024-08-01 09:56:49,36850.0,100,Sell,227951366
2024-08-01 09:56:49,36800.0,100,Sell,227951367
2024-08-01 09:56:49,36800.0,100,Sell,227951368
2024-08-01 09:56:49,36800.0,200,Sell,227951369
2024-08-01 09:56:49,36800.0,500,Sell,227951370
2024-08-01 09:56:49,36800.0,1000,Sell,227951371
2024-08-01 09:56:49,36800.0,500,Sell,227951372
2024-08-01 09:56:49,36800.0,100,Sell,227951373
2024-08-01 09:56:49,36800.0,200,Sell,227951374
2024-08-01 09:56:56,36800.0,300,Buy,227951692
2024-08-01 09:56:59,36800.0,1000,Sell,227951772
2024-08-01 09:56:59,36800.0,100,Sell,227951763
2024-08-01 09:57:02,36800.0,800,Sell,227951856
2024-08-01 09:57:12,36800.0,100,Sell,227952112
2024-08-01 09:57:27,36800.0,700,Sell,227952692
2024-08-01 09:57:27,36800.0,300,Sell,227952693
2024-08-01 09:57:38,36850.0,100,Sell,227953016
2024-08-01 09:57:38,36850.0,100,Sell,227953017
2024-08-01 09:57:48,36850.0,100,Sell,227953495
2024-08-01 09:57:51,36850.0,100,Sell,227953574
2024-08-01 09:57:57,36850.0,100,Sell,227953740
2024-08-01 09:57:57,36850.0,100,Sell,227953741
2024-08-01 09:57:57,36850.0,200,Buy,227953775
2024-08-01 09:58:25,36850.0,100,Buy,227954543
2024-08-01 09:58:28,36850.0,100,Buy,227954647
2024-08-01 09:58:33,36850.0,1000,Buy,227954967
2024-08-01 09:58:40,36850.0,1600,Buy,227955198
2024-08-01 09:58:40,36850.0,400,Buy,227955197
2024-08-01 09:58:47,36800.0,1700,Sell,227955499
2024-08-01 09:58:47,36800.0,300,Sell,227955500
2024-08-01 09:58:53,36850.0,500,Buy,227955795
2024-08-01 09:59:10,36850.0,100,Buy,227956305
2024-08-01 09:59:11,36850.0,200,Buy,227956322
2024-08-01 09:59:40,36850.0,100,Buy,227957538
2024-08-01 09:59:48,36800.0,100,Sell,227957934
2024-08-01 09:59:48,36800.0,100,Sell,227957932
2024-08-01 09:59:48,36800.0,100,Sell,227957933
2024-08-01 09:59:55,36850.0,600,Buy,227958198
2024-08-01 10:00:01,36800.0,100,Sell,227958395
2024-08-01 10:00:14,36800.0,400,Sell,227958792
2024-08-01 10:00:31,36800.0,3000,Sell,227959370
2024-08-01 10:00:31,36800.0,500,Sell,227959375
2024-08-01 10:00:31,36800.0,100,Sell,227959374
2024-08-01 10:00:31,36800.0,100,Sell,227959371
2024-08-01 10:00:31,36800.0,500,Sell,227959369
2024-08-01 10:00:31,36800.0,1800,Sell,227959363
2024-08-01 10:00:31,36800.0,200,Sell,227959367
2024-08-01 10:00:31,36800.0,100,Sell,227959366
2024-08-01 10:00:31,36800.0,100,Sell,227959365
2024-08-01 10:00:31,36800.0,300,Sell,227959364
2024-08-01 10:00:31,36800.0,500,Sell,227959368
2024-08-01 10:00:39,36750.0,100,Sell,227959618
2024-08-01 10:00:39,36750.0,400,Sell,227959617
2024-08-01 10:00:39,36750.0,100,Sell,227959615
2024-08-01 10:00:39,36750.0,500,Sell,227959614
2024-08-01 10:00:39,36750.0,100,Sell,227959616
2024-08-01 10:00:54,36750.0,2500,Buy,227960157
2024-08-01 10:01:02,36750.0,100,Sell,227960448
2024-08-01 10:01:19,36750.0,400,Sell,227961144
2024-08-01 10:01:29,36750.0,100,Buy,227961500
2024-08-01 10:01:37,36700.0,100,Sell,227961963
2024-08-01 10:01:37,36700.0,500,Sell,227961964
2024-08-01 10:01:37,36700.0,100,Sell,227961965
2024-08-01 10:01:50,36700.0,400,Sell,227962411
2024-08-01 10:01:50,36700.0,200,Sell,227962408
2024-08-01 10:01:50,36700.0,500,Sell,227962407
2024-08-01 10:01:50,36700.0,100,Sell,227962410
2024-08-01 10:01:50,36700.0,200,Sell,227962405
2024-08-01 10:01:50,36700.0,1200,Sell,227962404
2024-08-01 10:01:50,36700.0,200,Sell,227962403
2024-08-01 10:01:50,36700.0,100,Sell,227962406
2024-08-01 10:01:50,36700.0,100,Sell,227962409
2024-08-01 10:01:57,36700.0,500,Sell,227962622
2024-08-01 10:01:58,36700.0,2100,Sell,227962696
2024-08-01 10:01:58,36700.0,200,Sell,227962697
2024-08-01 10:01:58,36700.0,1000,Sell,227962698
2024-08-01 10:01:58,36700.0,100,Buy,227962706
2024-08-01 10:02:07,36700.0,600,Buy,227963115
2024-08-01 10:02:14,36700.0,1000,Sell,227963373
2024-08-01 10:02:41,36700.0,1400,Sell,227964412
2024-08-01 10:02:41,36700.0,300,Sell,227964413
2024-08-01 10:02:42,36700.0,300,Buy,227964464
2024-08-01 10:03:02,36700.0,300,Sell,227965352
2024-08-01 10:03:20,36700.0,100,Sell,227966335
2024-08-01 10:03:20,36700.0,400,Sell,227966333
2024-08-01 10:03:20,36700.0,100,Sell,227966334
2024-08-01 10:03:21,36750.0,300,Buy,227966355
2024-08-01 10:03:21,36750.0,200,Sell,227966367
2024-08-01 10:03:23,36700.0,900,Sell,227966459
2024-08-01 10:03:23,36700.0,100,Sell,227966460
2024-08-01 10:03:23,36650.0,1000,Sell,227966461
2024-08-01 10:03:36,36600.0,100,Sell,227966954
2024-08-01 10:03:36,36600.0,100,Sell,227966953
2024-08-01 10:03:36,36600.0,200,Sell,227966952
2024-08-01 10:03:36,36550.0,500,Sell,227966956
2024-08-01 10:03:36,36600.0,100,Sell,227966950
2024-08-01 10:03:36,36600.0,500,Sell,227966951
2024-08-01 10:03:36,36650.0,100,Sell,227966947
2024-08-01 10:03:36,36550.0,100,Sell,227966955
2024-08-01 10:03:36,36650.0,100,Sell,227966948
2024-08-01 10:03:36,36600.0,100,Sell,227966949
2024-08-01 10:03:37,36500.0,100,Sell,227966971
2024-08-01 10:03:37,36500.0,300,Sell,227966972
2024-08-01 10:03:37,36500.0,400,Sell,227967047
2024-08-01 10:03:38,36500.0,200,Sell,227967091
2024-08-01 10:03:38,36500.0,200,Sell,227967092
2024-08-01 10:03:38,36500.0,100,Sell,227967090
2024-08-01 10:04:01,36550.0,100,Buy,227968162
2024-08-01 10:04:06,36550.0,100,Buy,227968364
2024-08-01 10:04:09,36550.0,800,Buy,227968575
2024-08-01 10:04:09,36550.0,500,Buy,227968576
2024-08-01 10:04:10,36550.0,700,Sell,227968584
2024-08-01 10:04:11,36550.0,100,Buy,227968646
2024-08-01 10:04:14,36500.0,400,Sell,227968788
2024-08-01 10:04:14,36500.0,500,Sell,227968789
2024-08-01 10:04:14,36500.0,2000,Sell,227968787
2024-08-01 10:04:14,36550.0,200,Sell,227968783
2024-08-01 10:04:14,36500.0,100,Sell,227968785
2024-08-01 10:04:14,36500.0,800,Sell,227968784
2024-08-01 10:04:14,36500.0,2000,Sell,227968786
2024-08-01 10:04:23,36500.0,1500,Sell,227969344
2024-08-01 10:04:23,36500.0,100,Sell,227969345
2024-08-01 10:04:23,36500.0,300,Sell,227969346
2024-08-01 10:04:24,36500.0,400,Sell,227969378
2024-08-01 10:04:24,36500.0,4200,Sell,227969377
2024-08-01 10:04:24,36500.0,200,Sell,227969376
2024-08-01 10:04:24,36500.0,500,Sell,227969375
2024-08-01 10:04:24,36500.0,1000,Sell,227969373
2024-08-01 10:04:24,36500.0,300,Sell,227969374
2024-08-01 10:04:24,36500.0,100,Sell,227969371
2024-08-01 10:04:24,36500.0,300,Sell,227969370
2024-08-01 10:04:24,36500.0,500,Sell,227969369
2024-08-01 10:04:24,36500.0,1000,Sell,227969368
2024-08-01 10:04:24,36500.0,500,Sell,227969367
2024-08-01 10:04:24,36500.0,200,Sell,227969366
2024-08-01 10:04:24,36500.0,4000,Sell,227969372
2024-08-01 10:04:30,36550.0,100,Buy,227969584
2024-08-01 10:04:30,36500.0,400,Sell,227969588
2024-08-01 10:04:30,36500.0,1000,Sell,227969589
2024-08-01 10:04:40,36550.0,200,Buy,227970030
2024-08-01 10:04:47,36500.0,200,Sell,227970416
2024-08-01 10:04:48,36500.0,500,Sell,227970445
2024-08-01 10:04:49,36500.0,400,Sell,227970455
2024-08-01 10:04:49,36500.0,100,Sell,227970454
2024-08-01 10:04:49,36500.0,200,Sell,227970453
2024-08-01 10:04:49,36500.0,1000,Sell,227970450
2024-08-01 10:04:49,36500.0,300,Sell,227970451
2024-08-01 10:04:49,36500.0,200,Sell,227970449
2024-08-01 10:04:49,36500.0,3300,Sell,227970448
2024-08-01 10:04:49,36500.0,200,Sell,227970452
2024-08-01 10:05:05,36550.0,400,Buy,227971086
2024-08-01 10:05:13,36700.0,1000,Buy,227971461
2024-08-01 10:05:50,36700.0,900,Buy,227973195
2024-08-01 10:05:50,36700.0,100,Buy,227973196
2024-08-01 10:05:52,36550.0,200,Sell,227973350
2024-08-01 10:05:52,36550.0,200,Sell,227973349
2024-08-01 10:05:52,36550.0,500,Sell,227973347
2024-08-01 10:05:52,36550.0,100,Sell,227973348
2024-08-01 10:05:52,36550.0,300,Sell,227973345
2024-08-01 10:05:52,36550.0,600,Sell,227973344
2024-08-01 10:05:52,36600.0,500,Sell,227973343
2024-08-01 10:05:52,36550.0,100,Sell,227973346
2024-08-01 10:06:06,36550.0,1800,Sell,227974031
2024-08-01 10:06:06,36500.0,600,Sell,227974032
2024-08-01 10:06:06,36500.0,200,Sell,227974033
2024-08-01 10:06:06,36500.0,300,Sell,227974034
2024-08-01 10:06:06,36500.0,100,Sell,227974035
2024-08-01 10:06:06,36500.0,1000,Sell,227974036
2024-08-01 10:06:18,36550.0,100,Sell,227974506
2024-08-01 10:06:30,36550.0,700,Sell,227975048
2024-08-01 10:06:30,36550.0,100,Sell,227975047
2024-08-01 10:06:30,36550.0,200,Sell,227975044
2024-08-01 10:06:30,36550.0,100,Sell,227975045
2024-08-01 10:06:30,36550.0,100,Sell,227975046
2024-08-01 10:06:34,36550.0,300,Buy,227975195
2024-08-01 10:06:35,36550.0,1500,Buy,227975216
2024-08-01 10:06:39,36550.0,500,Sell,227975318
2024-08-01 10:06:41,36550.0,1500,Sell,227975365
2024-08-01 10:06:41,36550.0,800,Sell,227975366
2024-08-01 10:06:41,36500.0,200,Sell,227975367
2024-08-01 10:06:41,36500.0,100,Sell,227975368
2024-08-01 10:06:41,36500.0,1400,Sell,227975369
2024-08-01 10:06:41,36500.0,100,Sell,227975370
2024-08-01 10:06:41,36500.0,200,Sell,227975371
2024-08-01 10:06:58,36550.0,100,Sell,227975993
2024-08-01 10:07:21,36600.0,100,Buy,227976816
2024-08-01 10:07:27,36600.0,200,Sell,227977040
2024-08-01 10:07:54,36650.0,300,Buy,227977962
2024-08-01 10:07:57,36650.0,300,Sell,227978039
2024-08-01 10:07:57,36650.0,700,Sell,227978038
2024-08-01 10:08:08,36650.0,100,Sell,227978400
2024-08-01 10:08:08,36600.0,2900,Sell,227978401
2024-08-01 10:08:19,36700.0,300,Buy,227978839
2024-08-01 10:08:30,36650.0,100,Sell,227979152
2024-08-01 10:08:31,36650.0,800,Sell,227979156
2024-08-01 10:08:31,36650.0,3000,Sell,227979157
2024-08-01 10:08:31,36650.0,100,Sell,227979158
2024-08-01 10:08:36,36700.0,100,Buy,227979300
2024-08-01 10:08:46,36700.0,5000,Buy,227979633
2024-08-01 10:08:57,36700.0,1000,Buy,227979983
2024-08-01 10:09:01,36700.0,5000,Buy,227980086
2024-08-01 10:09:04,36700.0,700,Buy,227980177
2024-08-01 10:09:06,36700.0,1500,Buy,227980234
2024-08-01 10:09:07,36700.0,100,Buy,227980269
2024-08-01 10:09:09,36650.0,900,Sell,227980367
2024-08-01 10:09:09,36650.0,800,Sell,227980368
2024-08-01 10:09:09,36650.0,5000,Sell,227980369
2024-08-01 10:09:09,36650.0,1000,Sell,227980370
2024-08-01 10:09:09,36650.0,1000,Sell,227980371
2024-08-01 10:09:09,36650.0,100,Sell,227980372
2024-08-01 10:09:09,36650.0,100,Sell,227980373
2024-08-01 10:09:09,36650.0,1000,Sell,227980374
2024-08-01 10:09:09,36650.0,2000,Sell,227980375
2024-08-01 10:09:11,36650.0,1000,Buy,227980404
2024-08-01 10:09:11,36650.0,500,Buy,227980400
2024-08-01 10:09:13,36650.0,100,Buy,227980478
2024-08-01 10:09:17,36650.0,500,Buy,227980569
2024-08-01 10:09:20,36650.0,100,Buy,227980676
2024-08-01 10:09:27,36600.0,1800,Sell,227980901
2024-08-01 10:09:27,36600.0,200,Sell,227980902
2024-08-01 10:09:29,36650.0,100,Buy,227980939
2024-08-01 10:09:34,36650.0,200,Buy,227981064
2024-08-01 10:09:38,36650.0,500,Buy,227981200
2024-08-01 10:09:43,36650.0,200,Buy,227981337
2024-08-01 10:09:43,36600.0,500,Sell,227981334
2024-08-01 10:09:43,36600.0,100,Sell,227981333
2024-08-01 10:09:43,36600.0,3100,Sell,227981332
2024-08-01 10:09:43,36600.0,500,Sell,227981331
2024-08-01 10:09:43,36600.0,200,Sell,227981329
2024-08-01 10:09:43,36600.0,300,Sell,227981328
2024-08-01 10:09:43,36600.0,100,Sell,227981327
2024-08-01 10:09:43,36600.0,100,Sell,227981326
2024-08-01 10:09:43,36600.0,100,Sell,227981330
2024-08-01 10:09:45,36650.0,500,Buy,227981396
2024-08-01 10:09:46,36650.0,500,Buy,227981451
2024-08-01 10:09:50,36650.0,200,Buy,227981514
2024-08-01 10:09:50,36650.0,100,Buy,227981523
2024-08-01 10:09:52,36650.0,1000,Buy,227981593
2024-08-01 10:09:58,36650.0,100,Buy,227981748
2024-08-01 10:09:58,36650.0,3500,Buy,227981749
2024-08-01 10:09:58,36650.0,600,Buy,227981750
2024-08-01 10:09:58,36650.0,900,Buy,227981751
2024-08-01 10:10:08,36650.0,1000,Buy,227981956
2024-08-01 10:10:09,36650.0,1000,Buy,227981991
2024-08-01 10:10:09,36650.0,600,Buy,227981985
2024-08-01 10:10:14,36650.0,300,Buy,227982133
2024-08-01 10:10:18,36650.0,1000,Buy,227982240
2024-08-01 10:10:25,36650.0,200,Buy,227982412
2024-08-01 10:10:53,36650.0,200,Sell,227983143
2024-08-01 10:10:55,36650.0,100,Sell,227983167
2024-08-01 10:10:55,36650.0,400,Sell,227983168
2024-08-01 10:10:55,36650.0,300,Sell,227983169
2024-08-01 10:10:55,36650.0,900,Sell,227983170
2024-08-01 10:11:04,36600.0,2100,Sell,227983353
2024-08-01 10:11:04,36600.0,700,Sell,227983352
2024-08-01 10:11:04,36600.0,100,Sell,227983351
2024-08-01 10:11:04,36600.0,100,Sell,227983350
2024-08-01 10:11:04,36600.0,1500,Sell,227983349
2024-08-01 10:11:04,36600.0,500,Sell,227983348
2024-08-01 10:11:04,36600.0,500,Sell,227983344
2024-08-01 10:11:04,36600.0,1000,Sell,227983346
2024-08-01 10:11:04,36600.0,100,Sell,227983345
2024-08-01 10:11:04,36650.0,100,Sell,227983343
2024-08-01 10:11:04,36650.0,100,Sell,227983342
2024-08-01 10:11:04,36650.0,100,Sell,227983341
2024-08-01 10:11:04,36600.0,100,Sell,227983347
2024-08-01 10:11:07,36600.0,100,Sell,227983421
2024-08-01 10:11:16,36600.0,100,Sell,227983619
2024-08-01 10:11:28,36600.0,100,Sell,227983876
2024-08-01 10:11:34,36600.0,200,Sell,227984015
2024-08-01 10:11:35,36650.0,1000,Buy,227984055
2024-08-01 10:11:37,36650.0,200,Buy,227984108
2024-08-01 10:11:38,36650.0,800,Buy,227984140
2024-08-01 10:11:38,36600.0,200,Sell,227984134
2024-08-01 10:11:38,36600.0,400,Sell,227984130
2024-08-01 10:11:38,36600.0,1000,Sell,227984132
2024-08-01 10:11:38,36600.0,1500,Sell,227984131
2024-08-01 10:11:38,36600.0,900,Sell,227984133
2024-08-01 10:11:46,36650.0,300,Sell,227984427
2024-08-01 10:12:01,36650.0,700,Sell,227984799
2024-08-01 10:12:08,36650.0,200,Sell,227984989
2024-08-01 10:12:08,36650.0,200,Sell,227984990
2024-08-01 10:12:08,36650.0,100,Sell,227984991
2024-08-01 10:12:12,36650.0,100,Sell,227985090
2024-08-01 10:12:26,36700.0,200,Buy,227985346
2024-08-01 10:12:30,36700.0,100,Buy,227985442
2024-08-01 10:12:41,36700.0,500,Buy,227985641
2024-08-01 10:13:03,36700.0,100,Buy,227986002
2024-08-01 10:13:04,36700.0,3000,Buy,227986025
2024-08-01 10:13:07,36700.0,500,Buy,227986065
2024-08-01 10:13:12,36700.0,500,Buy,227986128
2024-08-01 10:13:21,36700.0,400,Buy,227986281
2024-08-01 10:13:29,36700.0,100,Buy,227986435
2024-08-01 10:13:37,36700.0,100,Buy,227986554
2024-08-01 10:13:48,36700.0,300,Buy,227986803
2024-08-01 10:13:54,36700.0,200,Buy,227986891
2024-08-01 10:13:54,36700.0,200,Buy,227986897
2024-08-01 10:14:02,36700.0,100,Buy,227987025
2024-08-01 10:14:02,36700.0,100,Buy,227987026
2024-08-01 10:14:16,36650.0,1000,Sell,227987234
2024-08-01 10:14:16,36650.0,2000,Sell,227987233
2024-08-01 10:14:16,36650.0,300,Sell,227987232
2024-08-01 10:14:16,36650.0,1000,Sell,227987231
2024-08-01 10:14:16,36650.0,500,Sell,227987229
2024-08-01 10:14:16,36650.0,100,Sell,227987228
2024-08-01 10:14:16,36650.0,500,Sell,227987227
2024-08-01 10:14:16,36650.0,300,Sell,227987230
2024-08-01 10:14:41,36650.0,400,Buy,227987628
2024-08-01 10:15:00,36650.0,900,Buy,227988002
2024-08-01 10:15:00,36650.0,100,Buy,227988003
2024-08-01 10:15:01,36650.0,100,Buy,227988045
2024-08-01 10:15:08,36650.0,500,Buy,227988146
2024-08-01 10:15:12,36650.0,300,Buy,227988245
2024-08-01 10:15:15,36650.0,900,Buy,227988281
2024-08-01 10:15:25,36650.0,100,Buy,227988460
2024-08-01 10:15:34,36650.0,800,Buy,227988621
2024-08-01 10:15:36,36650.0,200,Buy,227988668
2024-08-01 10:15:41,36650.0,400,Buy,227988777
2024-08-01 10:15:43,36650.0,200,Buy,227988811
2024-08-01 10:15:47,36650.0,500,Buy,227988880
2024-08-01 10:15:51,36650.0,100,Buy,227988926
2024-08-01 10:15:57,36650.0,200,Buy,227989025
2024-08-01 10:16:02,36650.0,1300,Buy,227989118
2024-08-01 10:16:02,36650.0,100,Buy,227989119
2024-08-01 10:16:47,36650.0,100,Sell,227989921
2024-08-01 10:17:26,36650.0,300,Sell,227990753
2024-08-01 10:17:26,36650.0,1000,Sell,227990754
2024-08-01 10:17:26,36650.0,500,Sell,227990755
2024-08-01 10:17:26,36650.0,100,Sell,227990756
2024-08-01 10:17:26,36650.0,100,Sell,227990757
2024-08-01 10:17:26,36650.0,1000,Sell,227990758
2024-08-01 10:17:27,36650.0,200,Sell,227990766
2024-08-01 10:18:04,36650.0,200,Sell,227991483
2024-08-01 10:18:40,36650.0,300,Sell,227992207
2024-08-01 10:18:40,36650.0,100,Sell,227992208
2024-08-01 10:18:40,36650.0,100,Sell,227992209
2024-08-01 10:18:40,36650.0,500,Sell,227992206
2024-08-01 10:18:42,36650.0,800,Sell,227992230
2024-08-01 10:18:42,36650.0,100,Sell,227992231
2024-08-01 10:18:42,36650.0,100,Sell,227992232
2024-08-01 10:18:42,36650.0,500,Sell,227992233
2024-08-01 10:18:42,36650.0,100,Sell,227992234
2024-08-01 10:18:42,36650.0,100,Sell,227992235
2024-08-01 10:18:51,36600.0,100,Sell,227992411
2024-08-01 10:19:09,36600.0,300,Sell,227992743
2024-08-01 10:19:10,36600.0,100,Sell,227992751
2024-08-01 10:19:10,36600.0,1000,Sell,227992750
2024-08-01 10:19:10,36600.0,300,Sell,227992748
2024-08-01 10:19:10,36600.0,200,Sell,227992749
2024-08-01 10:19:10,36600.0,100,Sell,227992747
2024-08-01 10:19:14,36600.0,100,Sell,227992885
2024-08-01 10:19:36,36600.0,400,Sell,227993306
2024-08-01 10:19:39,36600.0,100,Sell,227993344
2024-08-01 10:19:39,36600.0,100,Sell,227993345
2024-08-01 10:19:39,36600.0,1000,Sell,227993346
2024-08-01 10:19:39,36600.0,500,Sell,227993347
2024-08-01 10:19:39,36600.0,300,Sell,227993348
2024-08-01 10:19:40,36600.0,1000,Sell,227993366
2024-08-01 10:20:00,36600.0,100,Sell,227993844
2024-08-01 10:20:07,36600.0,300,Sell,227993967
2024-08-01 10:20:23,36600.0,100,Buy,227994275
2024-08-01 10:20:40,36550.0,1000,Sell,227994683
2024-08-01 10:20:49,36600.0,200,Buy,227994881
2024-08-01 10:21:27,36600.0,100,Buy,227995650
2024-08-01 10:21:34,36600.0,100,Buy,227995810
2024-08-01 10:21:45,36550.0,100,Sell,227996030
2024-08-01 10:21:45,36550.0,1000,Sell,227996031
2024-08-01 10:21:45,36550.0,200,Sell,227996034
2024-08-01 10:21:45,36550.0,1000,Sell,227996029
2024-08-01 10:21:45,36550.0,300,Sell,227996033
2024-08-01 10:21:45,36550.0,500,Sell,227996028
2024-08-01 10:21:45,36550.0,1000,Sell,227996032
2024-08-01 10:21:45,36550.0,500,Sell,227996026
2024-08-01 10:21:45,36550.0,2000,Sell,227996025
2024-08-01 10:21:45,36550.0,100,Sell,227996024
2024-08-01 10:21:45,36550.0,1900,Sell,227996021
2024-08-01 10:21:45,36550.0,200,Sell,227996023
2024-08-01 10:21:45,36550.0,200,Sell,227996022
2024-08-01 10:21:45,36550.0,1000,Sell,227996027
2024-08-01 10:21:47,36550.0,300,Sell,227996187
2024-08-01 10:21:47,36550.0,300,Sell,227996188
2024-08-01 10:21:56,36600.0,200,Buy,227996393
2024-08-01 10:22:15,36500.0,200,Sell,227996781
2024-08-01 10:22:15,36500.0,100,Sell,227996779
2024-08-01 10:22:15,36500.0,200,Sell,227996778
2024-08-01 10:22:15,36500.0,100,Sell,227996780
2024-08-01 10:22:15,36500.0,100,Sell,227996776
2024-08-01 10:22:15,36500.0,200,Sell,227996775
2024-08-01 10:22:15,36500.0,100,Sell,227996774
2024-08-01 10:22:15,36500.0,100,Sell,227996777
2024-08-01 10:22:19,36500.0,1200,Sell,227996872
2024-08-01 10:22:19,36500.0,100,Sell,227996870
2024-08-01 10:22:19,36500.0,1000,Sell,227996871
2024-08-01 10:22:19,36500.0,1000,Sell,227996868
2024-08-01 10:22:19,36500.0,100,Sell,227996867
2024-08-01 10:22:19,36500.0,9800,Sell,227996866
2024-08-01 10:22:19,36500.0,1000,Sell,227996869
2024-08-01 10:22:23,36550.0,100,Buy,227996948
2024-08-01 10:22:38,36550.0,100,Buy,227997230
2024-08-01 10:22:45,36500.0,1800,Sell,227997376
2024-08-01 10:22:45,36500.0,100,Sell,227997377
2024-08-01 10:22:45,36500.0,100,Sell,227997378
2024-08-01 10:22:46,36500.0,100,Sell,227997404
2024-08-01 10:22:46,36500.0,1000,Sell,227997405
2024-08-01 10:22:46,36500.0,100,Sell,227997403
2024-08-01 10:22:46,36500.0,5500,Sell,227997407
2024-08-01 10:22:46,36500.0,100,Sell,227997406
2024-08-01 10:22:46,36500.0,1000,Sell,227997402
2024-08-01 10:22:46,36500.0,100,Sell,227997399
2024-08-01 10:22:46,36500.0,2000,Sell,227997400
2024-08-01 10:22:46,36500.0,100,Sell,227997395
2024-08-01 10:22:46,36500.0,1000,Sell,227997396
2024-08-01 10:22:46,36500.0,300,Sell,227997401
2024-08-01 10:22:46,36500.0,1000,Sell,227997398
2024-08-01 10:22:46,36500.0,900,Sell,227997394
2024-08-01 10:22:46,36500.0,200,Sell,227997397
2024-08-01 10:23:12,36500.0,600,Sell,227998025
2024-08-01 10:23:15,36500.0,100,Sell,227998131
2024-08-01 10:23:34,36550.0,100,Buy,227998517
2024-08-01 10:23:44,36550.0,100,Buy,227998681
2024-08-01 10:24:13,36500.0,500,Sell,227999193
2024-08-01 10:24:14,36550.0,100,Buy,227999231
2024-08-01 10:25:05,36550.0,1000,Buy,228000189
2024-08-01 10:25:09,36550.0,100,Buy,228000248
2024-08-01 10:25:17,36550.0,200,Buy,228000465
2024-08-01 10:25:19,36550.0,100,Buy,228000513
2024-08-01 10:25:46,36500.0,2800,Sell,228001111
2024-08-01 10:25:54,36500.0,3000,Sell,228001305
2024-08-01 10:25:59,36500.0,2000,Sell,228001456
2024-08-01 10:25:59,36500.0,100,Sell,228001466
2024-08-01 10:25:59,36500.0,1000,Sell,228001465
2024-08-01 10:25:59,36500.0,300,Sell,228001464
2024-08-01 10:25:59,36500.0,100,Sell,228001463
2024-08-01 10:25:59,36500.0,200,Sell,228001462
2024-08-01 10:25:59,36500.0,200,Sell,228001461
2024-08-01 10:25:59,36500.0,100,Sell,228001460
2024-08-01 10:25:59,36500.0,500,Sell,228001459
2024-08-01 10:25:59,36500.0,100,Sell,228001458
2024-08-01 10:25:59,36500.0,100,Sell,228001457
2024-08-01 10:25:59,36500.0,1000,Sell,228001455
2024-08-01 10:25:59,36500.0,500,Sell,228001453
2024-08-01 10:25:59,36500.0,500,Sell,228001452
2024-08-01 10:25:59,36500.0,3000,Sell,228001451
2024-08-01 10:25:59,36500.0,500,Sell,228001450
2024-08-01 10:25:59,36500.0,200,Sell,228001449
2024-08-01 10:25:59,36500.0,2000,Sell,228001448
2024-08-01 10:25:59,36500.0,500,Sell,228001447
2024-08-01 10:25:59,36500.0,1000,Sell,228001446
2024-08-01 10:25:59,36500.0,100,Sell,228001445
2024-08-01 10:25:59,36500.0,7500,Sell,228001444
2024-08-01 10:25:59,36500.0,3000,Sell,228001454
2024-08-01 10:26:01,36500.0,100,Buy,228001519
2024-08-01 10:26:07,36500.0,200,Buy,228001670
2024-08-01 10:26:07,36450.0,1000,Sell,228001668
2024-08-01 10:26:07,36450.0,1000,Sell,228001667
2024-08-01 10:26:07,36450.0,200,Sell,228001665
2024-08-01 10:26:07,36450.0,100,Sell,228001664
2024-08-01 10:26:07,36450.0,1000,Sell,228001666
2024-08-01 10:26:08,36400.0,100,Sell,228001679
2024-08-01 10:26:08,36400.0,700,Sell,228001680
2024-08-01 10:26:18,36400.0,300,Sell,228001968
2024-08-01 10:26:18,36400.0,1000,Sell,228001981
2024-08-01 10:26:29,36400.0,1000,Sell,228002336
2024-08-01 10:26:29,36400.0,1000,Sell,228002335
2024-08-01 10:26:29,36400.0,200,Sell,228002334
2024-08-01 10:26:29,36400.0,1000,Sell,228002333
2024-08-01 10:26:29,36400.0,200,Sell,228002332
2024-08-01 10:26:29,36400.0,200,Sell,228002331
2024-08-01 10:26:29,36400.0,100,Sell,228002330
2024-08-01 10:26:29,36400.0,500,Sell,228002327
2024-08-01 10:26:29,36400.0,1000,Sell,228002328
2024-08-01 10:26:29,36400.0,100,Sell,228002326
2024-08-01 10:26:29,36400.0,1000,Sell,228002325
2024-08-01 10:26:29,36400.0,100,Sell,228002324
2024-08-01 10:26:29,36400.0,100,Sell,228002323
2024-08-01 10:26:29,36400.0,100,Sell,228002322
2024-08-01 10:26:29,36400.0,100,Sell,228002321
2024-08-01 10:26:29,36400.0,500,Sell,228002329
2024-08-01 10:26:34,36400.0,200,Buy,228002429
2024-08-01 10:26:35,36350.0,200,Sell,228002445
2024-08-01 10:26:35,36350.0,500,Sell,228002446
2024-08-01 10:26:52,36350.0,200,Sell,228002730
2024-08-01 10:27:10,36350.0,900,Sell,228003091
2024-08-01 10:27:10,36350.0,100,Sell,228003092
2024-08-01 10:27:15,36350.0,300,Sell,228003193
2024-08-01 10:27:15,36350.0,200,Sell,228003192
2024-08-01 10:27:15,36350.0,100,Sell,228003191
2024-08-01 10:27:15,36350.0,200,Sell,228003190
2024-08-01 10:27:15,36350.0,100,Sell,228003189
2024-08-01 10:27:15,36350.0,100,Sell,228003169
2024-08-01 10:27:34,36350.0,200,Sell,228003566
2024-08-01 10:27:35,36350.0,100,Buy,228003584
2024-08-01 10:27:35,36400.0,800,Buy,228003585
2024-08-01 10:27:35,36400.0,100,Buy,228003586
2024-08-01 10:27:51,36400.0,100,Buy,228003903
2024-08-01 10:27:52,36400.0,100,Buy,228003944
2024-08-01 10:27:56,36300.0,100,Sell,228004064
2024-08-01 10:27:56,36300.0,100,Sell,228004063
2024-08-01 10:27:56,36300.0,2000,Sell,228004062
2024-08-01 10:27:56,36300.0,1000,Sell,228004061
2024-08-01 10:27:56,36300.0,100,Sell,228004060
2024-08-01 10:27:56,36300.0,2000,Sell,228004059
2024-08-01 10:27:56,36300.0,100,Sell,228004058
2024-08-01 10:27:56,36300.0,500,Sell,228004051
2024-08-01 10:27:56,36300.0,100,Sell,228004056
2024-08-01 10:27:56,36300.0,2300,Sell,228004055
2024-08-01 10:27:56,36300.0,200,Sell,228004054
2024-08-01 10:27:56,36300.0,100,Sell,228004053
2024-08-01 10:27:56,36300.0,100,Sell,228004052
2024-08-01 10:27:56,36300.0,500,Sell,228004050
2024-08-01 10:27:56,36300.0,100,Sell,228004049
2024-08-01 10:27:56,36300.0,200,Sell,228004057
2024-08-01 10:27:59,36300.0,200,Buy,228004106
2024-08-01 10:28:07,36300.0,1000,Buy,228004358
2024-08-01 10:28:15,36300.0,100,Buy,228004550
2024-08-01 10:28:27,36300.0,600,Buy,228004738
2024-08-01 10:28:34,36300.0,300,Buy,228004986
2024-08-01 10:29:06,36100.0,200,Sell,228005704
2024-08-01 10:29:06,36100.0,100,Sell,228005703
2024-08-01 10:29:06,36200.0,1000,Sell,228005694
2024-08-01 10:29:06,36200.0,100,Sell,228005688
2024-08-01 10:29:06,36200.0,1000,Sell,228005693
2024-08-01 10:29:06,36200.0,100,Sell,228005691
2024-08-01 10:29:06,36200.0,100,Sell,228005690
2024-08-01 10:29:06,36200.0,100,Sell,228005689
2024-08-01 10:29:06,36200.0,100,Sell,228005687
2024-08-01 10:29:06,36250.0,3000,Sell,228005680
2024-08-01 10:29:06,36200.0,200,Sell,228005685
2024-08-01 10:29:06,36200.0,300,Sell,228005686
2024-08-01 10:29:06,36250.0,500,Sell,228005677
2024-08-01 10:29:06,36250.0,200,Sell,228005678
2024-08-01 10:29:06,36250.0,200,Sell,228005679
2024-08-01 10:29:06,36200.0,500,Sell,228005684
2024-08-01 10:29:06,36200.0,100,Sell,228005683
2024-08-01 10:29:06,36250.0,500,Sell,228005681
2024-08-01 10:29:06,36250.0,1000,Sell,228005682
2024-08-01 10:29:14,36200.0,100,Buy,228005865
2024-08-01 10:29:17,36200.0,900,Buy,228005913
2024-08-01 10:29:17,36200.0,100,Buy,228005914
2024-08-01 10:29:33,36150.0,300,Buy,228006268
2024-08-01 10:29:35,36150.0,200,Buy,228006292
2024-08-01 10:29:35,36150.0,300,Buy,228006300
2024-08-01 10:29:35,36150.0,4200,Buy,228006301
2024-08-01 10:29:41,36200.0,1000,Buy,228006414
2024-08-01 10:29:44,36200.0,1100,Buy,228006529
2024-08-01 10:29:44,36200.0,600,Buy,228006530
2024-08-01 10:29:59,36150.0,800,Sell,228006859
2024-08-01 10:29:59,36150.0,100,Sell,228006860
2024-08-01 10:29:59,36150.0,1000,Sell,228006861
2024-08-01 10:29:59,36150.0,3000,Sell,228006862
2024-08-01 10:29:59,36150.0,100,Sell,228006863
2024-08-01 10:29:59,36200.0,200,Sell,228006858
2024-08-01 10:30:00,36150.0,10800,Buy,228006869
2024-08-01 10:30:01,36200.0,200,Sell,228006897
2024-08-01 10:30:09,36200.0,100,Sell,228007064
2024-08-01 10:30:09,36200.0,800,Sell,228007063
2024-08-01 10:30:10,36200.0,100,Buy,228007071
2024-08-01 10:30:19,36100.0,500,Sell,228007299
2024-08-01 10:30:21,36200.0,300,Buy,228007393
2024-08-01 10:30:22,36100.0,300,Sell,228007403
2024-08-01 10:30:22,36100.0,1700,Sell,228007404
2024-08-01 10:30:27,36100.0,3300,Sell,228007592
2024-08-01 10:30:27,36100.0,400,Sell,228007593
2024-08-01 10:30:27,36100.0,1000,Sell,228007594
2024-08-01 10:30:27,36100.0,300,Sell,228007595
2024-08-01 10:30:34,36100.0,300,Sell,228007751
2024-08-01 10:30:36,36100.0,500,Sell,228007776
2024-08-01 10:30:40,36100.0,400,Sell,228007928
2024-08-01 10:30:43,36100.0,100,Sell,228007995
2024-08-01 10:30:43,36100.0,1000,Sell,228007996
2024-08-01 10:30:43,36100.0,400,Sell,228007997
2024-08-01 10:30:43,36100.0,2000,Sell,228007994
2024-08-01 10:30:43,36100.0,200,Buy,228008013
2024-08-01 10:30:43,36100.0,1000,Sell,228008000
2024-08-01 10:30:43,36100.0,300,Sell,228008001
2024-08-01 10:30:43,36100.0,100,Sell,228008002
2024-08-01 10:30:43,36100.0,200,Sell,228008003
2024-08-01 10:30:43,36100.0,500,Sell,228007999
2024-08-01 10:30:43,36100.0,2000,Sell,228007993
2024-08-01 10:30:43,36100.0,2000,Sell,228007998
2024-08-01 10:30:43,36100.0,100,Sell,228007991
2024-08-01 10:30:43,36100.0,900,Sell,228007980
2024-08-01 10:30:43,36100.0,1000,Sell,228007981
2024-08-01 10:30:43,36100.0,100,Sell,228007982
2024-08-01 10:30:43,36100.0,400,Sell,228007983
2024-08-01 10:30:43,36100.0,100,Sell,228007984
2024-08-01 10:30:43,36100.0,300,Sell,228007992
2024-08-01 10:30:43,36100.0,100,Sell,228007986
2024-08-01 10:30:43,36100.0,500,Sell,228007987
2024-08-01 10:30:43,36100.0,100,Sell,228007988
2024-08-01 10:30:43,36100.0,500,Sell,228007989
2024-08-01 10:30:43,36100.0,100,Sell,228007990
2024-08-01 10:30:43,36100.0,100,Sell,228007985
2024-08-01 10:30:45,36100.0,100,Buy,228008314
2024-08-01 10:30:51,36100.0,100,Buy,228008445
2024-08-01 10:30:54,36100.0,500,Buy,228008533
2024-08-01 10:30:57,36050.0,400,Sell,228008580
2024-08-01 10:31:00,36050.0,600,Sell,228008648
2024-08-01 10:31:00,36050.0,2000,Sell,228008649
2024-08-01 10:31:00,36050.0,100,Sell,228008660
2024-08-01 10:31:00,36050.0,500,Sell,228008651
2024-08-01 10:31:00,36050.0,200,Sell,228008652
2024-08-01 10:31:00,36050.0,500,Sell,228008653
2024-08-01 10:31:00,36050.0,5000,Sell,228008654
2024-08-01 10:31:00,36050.0,100,Sell,228008655
2024-08-01 10:31:00,36050.0,100,Sell,228008656
2024-08-01 10:31:00,36050.0,100,Sell,228008657
2024-08-01 10:31:00,36050.0,500,Sell,228008658
2024-08-01 10:31:00,36050.0,1000,Sell,228008659
2024-08-01 10:31:00,36050.0,500,Sell,228008650
2024-08-01 10:31:13,36050.0,300,Sell,228008867
2024-08-01 10:31:13,36050.0,100,Sell,228008868
2024-08-01 10:31:18,36050.0,900,Sell,228009037
2024-08-01 10:31:18,36050.0,100,Sell,228009038
2024-08-01 10:31:24,36050.0,300,Sell,228009193
2024-08-01 10:31:27,36050.0,500,Sell,228009304
2024-08-01 10:31:27,36050.0,2000,Sell,228009305
2024-08-01 10:31:29,36100.0,100,Buy,228009333
2024-08-01 10:31:37,36050.0,100,Sell,228009577
2024-08-01 10:31:37,36050.0,200,Sell,228009578
2024-08-01 10:31:37,36050.0,500,Sell,228009579
2024-08-01 10:31:37,36050.0,200,Sell,228009580
2024-08-01 10:31:40,36050.0,800,Sell,228009668
2024-08-01 10:31:40,36050.0,200,Sell,228009669
2024-08-01 10:31:44,36100.0,1000,Buy,228009834
2024-08-01 10:31:45,36050.0,900,Sell,228009840
2024-08-01 10:31:45,36050.0,100,Sell,228009839
2024-08-01 10:31:49,36100.0,1300,Buy,228010029
2024-08-01 10:31:52,36050.0,300,Sell,228010149
2024-08-01 10:31:52,36050.0,700,Sell,228010150
2024-08-01 10:32:08,36100.0,200,Buy,228010728
2024-08-01 10:32:08,36050.0,300,Sell,228010733
2024-08-01 10:32:08,36050.0,100,Sell,228010734
2024-08-01 10:32:08,36050.0,100,Sell,228010735
2024-08-01 10:32:16,36050.0,900,Sell,228010930
2024-08-01 10:32:16,36050.0,100,Sell,228010931
2024-08-01 10:32:18,36050.0,200,Sell,228010984
2024-08-01 10:32:18,36050.0,200,Sell,228010985
2024-08-01 10:32:23,36100.0,3600,Buy,228011116
2024-08-01 10:32:24,36100.0,400,Buy,228011190
2024-08-01 10:32:24,36100.0,10000,Buy,228011188
2024-08-01 10:32:24,36100.0,7700,Buy,228011187
2024-08-01 10:32:24,36100.0,500,Buy,228011189
2024-08-01 10:32:28,36050.0,300,Sell,228011279
2024-08-01 10:32:28,36050.0,1700,Sell,228011278
2024-08-01 10:32:29,36150.0,3600,Buy,228011291
2024-08-01 10:32:30,36150.0,3600,Buy,228011326
2024-08-01 10:32:46,36200.0,200,Buy,228011877
2024-08-01 10:32:59,36200.0,5000,Buy,228012191
2024-08-01 10:33:01,36200.0,100,Buy,228012231
2024-08-01 10:33:02,36150.0,100,Sell,228012241
2024-08-01 10:33:02,36150.0,400,Sell,228012242
2024-08-01 10:33:07,36200.0,2000,Buy,228012351
2024-08-01 10:33:11,36200.0,1000,Buy,228012465
2024-08-01 10:33:14,36200.0,200,Buy,228012589
2024-08-01 10:33:34,36200.0,100,Buy,228013129
2024-08-01 10:33:36,36150.0,9400,Sell,228013160
2024-08-01 10:33:36,36150.0,600,Sell,228013159
2024-08-01 10:33:36,36200.0,2000,Buy,228013156
2024-08-01 10:33:50,36200.0,1000,Buy,228013598
2024-08-01 10:34:05,36200.0,500,Buy,228014226
2024-08-01 10:34:10,36200.0,100,Buy,228014394
2024-08-01 10:34:11,36200.0,2100,Buy,228014441
2024-08-01 10:34:11,36200.0,3000,Buy,228014442
2024-08-01 10:34:11,36200.0,1000,Buy,228014443
2024-08-01 10:34:12,36200.0,200,Buy,228014450
2024-08-01 10:34:15,36150.0,300,Sell,228014569
2024-08-01 10:34:16,36200.0,500,Buy,228014625
2024-08-01 10:34:21,36200.0,200,Buy,228014735
2024-08-01 10:34:21,36200.0,3000,Buy,228014718
2024-08-01 10:34:22,36200.0,1200,Buy,228014787
2024-08-01 10:34:22,36200.0,100,Buy,228014755
2024-08-01 10:34:22,36200.0,100,Buy,228014756
2024-08-01 10:34:22,36200.0,800,Buy,228014757
2024-08-01 10:34:33,36200.0,500,Sell,228015158
2024-08-01 10:34:33,36200.0,500,Sell,228015159
2024-08-01 10:35:09,36250.0,1000,Sell,228016635
2024-08-01 10:35:09,36250.0,1000,Sell,228016636
2024-08-01 10:35:20,36200.0,200,Sell,228017052
2024-08-01 10:36:00,36200.0,1300,Sell,228018230
2024-08-01 10:36:00,36200.0,700,Sell,228018231
2024-08-01 10:36:20,36200.0,1000,Sell,228018939
2024-08-01 10:36:20,36200.0,800,Sell,228018940
2024-08-01 10:36:20,36200.0,500,Sell,228018937
2024-08-01 10:36:20,36200.0,300,Sell,228018936
2024-08-01 10:36:20,36200.0,300,Sell,228018938
2024-08-01 10:36:28,36300.0,200,Buy,228019223
2024-08-01 10:36:35,36300.0,500,Buy,228019473
2024-08-01 10:36:37,36300.0,100,Buy,228019517
2024-08-01 10:36:39,36300.0,100,Buy,228019608
2024-08-01 10:36:44,36300.0,100,Buy,228019752
2024-08-01 10:36:54,36300.0,800,Buy,228020038
2024-08-01 10:36:54,36300.0,200,Buy,228020039
2024-08-01 10:37:05,36300.0,2000,Buy,228020269
2024-08-01 10:37:09,36300.0,100,Buy,228020351
2024-08-01 10:37:18,36300.0,100,Buy,228020648
2024-08-01 10:37:37,36300.0,100,Buy,228021136
2024-08-01 10:37:43,36300.0,100,Buy,228021295
2024-08-01 10:37:52,36300.0,100,Sell,228021649
2024-08-01 10:38:04,36300.0,800,Sell,228022006
2024-08-01 10:38:04,36300.0,900,Sell,228022007
2024-08-01 10:38:11,36300.0,100,Sell,228022150
2024-08-01 10:38:36,36300.0,300,Sell,228022623
2024-08-01 10:39:29,36350.0,500,Sell,228023802
2024-08-01 10:39:53,36300.0,100,Sell,228024296
2024-08-01 10:40:13,36350.0,500,Buy,228024757
2024-08-01 10:40:48,36350.0,200,Buy,228025416
2024-08-01 10:41:56,36350.0,800,Sell,228026962
2024-08-01 10:41:56,36350.0,100,Sell,228026963
2024-08-01 10:41:56,36300.0,100,Sell,228026964
2024-08-01 10:42:15,36350.0,100,Buy,228027390
2024-08-01 10:42:15,36350.0,100,Buy,228027391
2024-08-01 10:42:40,36400.0,500,Buy,228027893
2024-08-01 10:42:43,36350.0,100,Buy,228027942
2024-08-01 10:43:13,36350.0,500,Sell,228028605
2024-08-01 10:43:13,36350.0,2000,Sell,228028606
2024-08-01 10:43:13,36350.0,900,Sell,228028604
2024-08-01 10:43:25,36300.0,500,Sell,228028821
2024-08-01 10:43:25,36300.0,1000,Sell,228028822
2024-08-01 10:43:25,36300.0,300,Sell,228028823
2024-08-01 10:43:25,36300.0,500,Sell,228028824
2024-08-01 10:43:25,36300.0,500,Sell,228028825
2024-08-01 10:43:25,36300.0,500,Sell,228028826
2024-08-01 10:43:25,36300.0,100,Sell,228028827
2024-08-01 10:43:28,36300.0,200,Sell,228028965
2024-08-01 10:43:50,36250.0,300,Sell,228029363
2024-08-01 10:43:50,36250.0,100,Sell,228029362
2024-08-01 10:43:50,36250.0,3000,Sell,228029359
2024-08-01 10:43:50,36250.0,100,Sell,228029360
2024-08-01 10:43:50,36250.0,100,Sell,228029361
2024-08-01 10:43:55,36250.0,100,Buy,228029411
2024-08-01 10:43:59,36250.0,200,Buy,228029487
2024-08-01 10:44:03,36250.0,300,Sell,228029559
2024-08-01 10:44:03,36250.0,700,Sell,228029560
2024-08-01 10:44:25,36250.0,1300,Sell,228029944
2024-08-01 10:44:26,36250.0,100,Buy,228030009
2024-08-01 10:44:36,36250.0,200,Buy,228030188
2024-08-01 10:44:39,36250.0,1000,Buy,228030228
2024-08-01 10:44:50,36300.0,600,Buy,228030417
2024-08-01 10:45:02,36300.0,600,Buy,228030613
2024-08-01 10:45:02,36300.0,400,Buy,228030612
2024-08-01 10:45:23,36300.0,400,Buy,228030953
2024-08-01 10:45:23,36300.0,200,Buy,228030954
2024-08-01 10:45:23,36300.0,100,Buy,228030955
2024-08-01 10:45:23,36300.0,300,Buy,228030956
2024-08-01 10:45:43,36250.0,500,Sell,228031229
2024-08-01 10:46:04,36300.0,300,Buy,228031650
2024-08-01 10:46:18,36250.0,2500,Sell,228031854
2024-08-01 10:46:18,36250.0,2500,Sell,228031855
2024-08-01 10:46:22,36300.0,4200,Buy,228031955
2024-08-01 10:46:22,36300.0,200,Buy,228031956
2024-08-01 10:46:22,36300.0,600,Buy,228031957
2024-08-01 10:46:31,36300.0,4500,Buy,228032140
2024-08-01 10:46:31,36300.0,400,Buy,228032139
2024-08-01 10:47:18,36300.0,100,Buy,228033021
2024-08-01 10:47:29,36250.0,400,Sell,228033300
2024-08-01 10:47:46,36300.0,200,Buy,228033630
2024-08-01 10:47:53,36250.0,200,Sell,228033726
2024-08-01 10:48:40,36250.0,500,Sell,228034409
2024-08-01 10:48:46,36250.0,200,Sell,228034475
2024-08-01 10:49:02,36250.0,200,Sell,228034795
2024-08-01 10:49:02,36250.0,500,Sell,228034796
2024-08-01 10:49:02,36250.0,300,Sell,228034797
2024-08-01 10:49:03,36250.0,2700,Sell,228034813
2024-08-01 10:49:03,36250.0,500,Sell,228034814
2024-08-01 10:49:03,36250.0,500,Sell,228034815
2024-08-01 10:49:03,36250.0,1000,Sell,228034816
2024-08-01 10:49:03,36250.0,100,Sell,228034817
2024-08-01 10:49:07,36200.0,100,Sell,228034875
2024-08-01 10:49:07,36200.0,1700,Sell,228034876
2024-08-01 10:49:07,36200.0,500,Sell,228034873
2024-08-01 10:49:07,36200.0,2200,Sell,228034872
2024-08-01 10:49:07,36200.0,500,Sell,228034874
2024-08-01 10:49:18,36200.0,300,Sell,228035068
2024-08-01 10:49:18,36200.0,700,Sell,228035069
2024-08-01 10:49:23,36250.0,100,Buy,228035203
2024-08-01 10:49:28,36250.0,200,Buy,228035315
2024-08-01 10:49:28,36250.0,1200,Buy,228035316
2024-08-01 10:49:30,36250.0,600,Sell,228035334
2024-08-01 10:49:46,36250.0,100,Sell,228035688
2024-08-01 10:49:53,36250.0,200,Buy,228035865
2024-08-01 10:49:53,36250.0,300,Buy,228035864
2024-08-01 10:50:00,36250.0,100,Sell,228035989
2024-08-01 10:50:02,36250.0,1200,Sell,228036022
2024-08-01 10:50:02,36250.0,100,Sell,228036023
2024-08-01 10:50:03,36200.0,1000,Sell,228036057
2024-08-01 10:50:03,36200.0,100,Sell,228036056
2024-08-01 10:50:03,36200.0,1300,Sell,228036053
2024-08-01 10:50:03,36200.0,500,Sell,228036054
2024-08-01 10:50:03,36250.0,4900,Sell,228036052
2024-08-01 10:50:03,36200.0,200,Sell,228036055
2024-08-01 10:50:13,36250.0,100,Buy,228036265
2024-08-01 10:50:26,36250.0,400,Buy,228036503
2024-08-01 10:50:26,36250.0,600,Buy,228036504
2024-08-01 10:50:32,36200.0,1000,Sell,228036637
2024-08-01 10:50:32,36200.0,500,Sell,228036636
2024-08-01 10:50:32,36200.0,200,Sell,228036635
2024-08-01 10:50:32,36200.0,400,Sell,228036634
2024-08-01 10:50:32,36200.0,200,Sell,228036633
2024-08-01 10:50:32,36200.0,1500,Sell,228036632
2024-08-01 10:50:32,36200.0,200,Sell,228036630
2024-08-01 10:50:32,36200.0,300,Sell,228036629
2024-08-01 10:50:32,36200.0,500,Sell,228036628
2024-08-01 10:50:32,36200.0,500,Sell,228036627
2024-08-01 10:50:32,36200.0,100,Sell,228036626
2024-08-01 10:50:32,36200.0,200,Sell,228036625
2024-08-01 10:50:32,36200.0,1000,Sell,228036631
2024-08-01 10:50:43,36200.0,300,Buy,228036880
2024-08-01 10:50:51,36150.0,300,Sell,228037048
2024-08-01 10:50:51,36150.0,3900,Sell,228037052
2024-08-01 10:50:51,36150.0,1000,Sell,228037051
2024-08-01 10:50:51,36150.0,1500,Sell,228037050
2024-08-01 10:50:51,36150.0,500,Sell,228037049
2024-08-01 10:50:51,36150.0,300,Sell,228037047
2024-08-01 10:50:51,36150.0,100,Sell,228037046
2024-08-01 10:50:51,36150.0,1000,Sell,228037045
2024-08-01 10:50:51,36150.0,100,Sell,228037044
2024-08-01 10:50:51,36150.0,1000,Sell,228037043
2024-08-01 10:50:51,36150.0,1000,Sell,228037042
2024-08-01 10:50:51,36150.0,200,Sell,228037041
2024-08-01 10:50:51,36150.0,300,Sell,228037040
2024-08-01 10:51:10,36100.0,600,Sell,228037360
2024-08-01 10:51:10,36100.0,500,Sell,228037359
2024-08-01 10:51:10,36100.0,200,Sell,228037358
2024-08-01 10:51:10,36100.0,100,Sell,228037357
2024-08-01 10:51:10,36100.0,1800,Sell,228037356
2024-08-01 10:51:10,36100.0,500,Sell,228037355
2024-08-01 10:51:10,36100.0,3000,Sell,228037354
2024-08-01 10:51:10,36100.0,5000,Sell,228037353
2024-08-01 10:51:32,36100.0,900,Sell,228037875
2024-08-01 10:51:32,36100.0,200,Sell,228037874
2024-08-01 10:51:32,36100.0,100,Sell,228037873
2024-08-01 10:51:32,36100.0,500,Sell,228037872
2024-08-01 10:51:32,36100.0,300,Sell,228037871
2024-08-01 10:51:32,36100.0,1400,Sell,228037864
2024-08-01 10:51:32,36100.0,100,Sell,228037869
2024-08-01 10:51:32,36100.0,100,Sell,228037868
2024-08-01 10:51:32,36100.0,100,Sell,228037867
2024-08-01 10:51:32,36100.0,200,Sell,228037866
2024-08-01 10:51:32,36100.0,200,Sell,228037865
2024-08-01 10:51:32,36100.0,500,Sell,228037870
2024-08-01 10:51:36,36100.0,4500,Sell,228037910
2024-08-01 10:51:40,36100.0,100,Sell,228038018
2024-08-01 10:51:40,36100.0,300,Sell,228038017
2024-08-01 10:51:40,36100.0,4600,Sell,228038015
2024-08-01 10:51:41,36150.0,5000,Buy,228038020
2024-08-01 10:51:42,36100.0,1900,Sell,228038038
2024-08-01 10:51:42,36100.0,100,Sell,228038039
2024-08-01 10:51:47,36100.0,100,Buy,228038147
2024-08-01 10:51:50,36100.0,1000,Buy,228038203
2024-08-01 10:51:53,36100.0,5000,Buy,228038253
2024-08-01 10:51:55,36100.0,500,Buy,228038294
2024-08-01 10:51:55,36100.0,5000,Buy,228038302
2024-08-01 10:52:02,36100.0,1400,Buy,228038445
2024-08-01 10:52:02,36100.0,700,Buy,228038446
2024-08-01 10:52:02,36100.0,200,Buy,228038447
2024-08-01 10:52:16,36100.0,2300,Sell,228038866
2024-08-01 10:52:16,36100.0,2700,Sell,228038865
2024-08-01 10:52:18,36150.0,200,Buy,228038975
2024-08-01 10:52:35,36150.0,1200,Buy,228039371
2024-08-01 10:53:03,36150.0,100,Buy,228040257
2024-08-01 10:53:05,36150.0,100,Buy,228040305
2024-08-01 10:53:28,36050.0,100,Sell,228040846
2024-08-01 10:53:28,36050.0,2000,Sell,228040845
2024-08-01 10:53:28,36050.0,3000,Sell,228040844
2024-08-01 10:53:28,36050.0,1700,Sell,228040843
2024-08-01 10:53:28,36100.0,1000,Sell,228040842
2024-08-01 10:53:28,36100.0,500,Sell,228040841
2024-08-01 10:53:28,36100.0,1000,Sell,228040839
2024-08-01 10:53:28,36100.0,500,Sell,228040838
2024-08-01 10:53:28,36100.0,300,Sell,228040833
2024-08-01 10:53:28,36100.0,100,Sell,228040836
2024-08-01 10:53:28,36100.0,400,Sell,228040830
2024-08-01 10:53:28,36100.0,300,Sell,228040831
2024-08-01 10:53:28,36100.0,500,Sell,228040832
2024-08-01 10:53:28,36100.0,100,Sell,228040837
2024-08-01 10:53:28,36100.0,100,Sell,228040834
2024-08-01 10:53:28,36100.0,200,Sell,228040835
2024-08-01 10:53:28,36100.0,200,Sell,228040829
2024-08-01 10:53:40,36100.0,200,Sell,228041250
2024-08-01 10:53:53,36100.0,800,Buy,228041819
2024-08-01 10:53:53,36100.0,1000,Buy,228041820
2024-08-01 10:53:54,36100.0,200,Sell,228041864
2024-08-01 10:53:54,36050.0,100,Sell,228041865
2024-08-01 10:53:54,36050.0,100,Sell,228041866
2024-08-01 10:53:54,36050.0,7200,Sell,228041867
2024-08-01 10:54:27,36050.0,400,Sell,228043622
2024-08-01 10:54:28,36050.0,2000,Sell,228043649
2024-08-01 10:54:28,36050.0,100,Sell,228043650
2024-08-01 10:54:28,36050.0,100,Sell,228043651
2024-08-01 10:54:28,36050.0,5000,Sell,228043652
2024-08-01 10:54:28,36050.0,400,Sell,228043653
2024-08-01 10:54:28,36050.0,3600,Sell,228043654
2024-08-01 10:54:28,36050.0,300,Sell,228043660
2024-08-01 10:54:28,36050.0,2400,Sell,228043648
2024-08-01 10:54:29,36050.0,700,Sell,228043695
2024-08-01 10:54:29,36050.0,200,Sell,228043693
2024-08-01 10:54:29,36050.0,1100,Sell,228043692
2024-08-01 10:54:29,36050.0,500,Sell,228043694
2024-08-01 10:54:30,36050.0,100,Sell,228043739
2024-08-01 10:54:30,36050.0,500,Sell,228043738
2024-08-01 10:54:30,36050.0,100,Sell,228043737
2024-08-01 10:54:30,36050.0,1000,Sell,228043736
2024-08-01 10:54:30,36050.0,100,Sell,228043735
2024-08-01 10:54:30,36050.0,300,Sell,228043729
2024-08-01 10:54:30,36050.0,2000,Sell,228043733
2024-08-01 10:54:30,36050.0,100,Sell,228043732
2024-08-01 10:54:30,36050.0,100,Sell,228043731
2024-08-01 10:54:30,36050.0,2000,Sell,228043730
2024-08-01 10:54:30,36050.0,500,Sell,228043734
2024-08-01 10:54:36,36050.0,800,Buy,228044022
2024-08-01 10:54:36,36050.0,200,Buy,228044023
2024-08-01 10:54:37,36050.0,100,Buy,228044061
2024-08-01 10:54:38,36050.0,100,Buy,228044086
2024-08-01 10:54:48,36000.0,100,Sell,228044465
2024-08-01 10:54:48,36000.0,800,Sell,228044466
2024-08-01 10:54:48,36000.0,1000,Sell,228044501
2024-08-01 10:54:49,36000.0,2100,Sell,228044522
2024-08-01 10:54:49,36000.0,500,Sell,228044521
2024-08-01 10:54:49,36000.0,1000,Sell,228044520
2024-08-01 10:54:49,36000.0,100,Sell,228044519
2024-08-01 10:54:49,36000.0,100,Sell,228044518
2024-08-01 10:54:49,36000.0,400,Sell,228044516
2024-08-01 10:54:49,36050.0,600,Buy,228044511
2024-08-01 10:54:49,36000.0,200,Sell,228044513
2024-08-01 10:54:49,36000.0,500,Sell,228044517
2024-08-01 10:54:49,36000.0,500,Sell,228044515
2024-08-01 10:54:49,36000.0,900,Sell,228044514
2024-08-01 10:54:53,36050.0,200,Buy,228044817
2024-08-01 10:54:57,36050.0,900,Buy,228045012
2024-08-01 10:54:59,36000.0,900,Sell,228045207
2024-08-01 10:54:59,36000.0,100,Sell,228045208
2024-08-01 10:55:04,36000.0,2900,Sell,228045367
2024-08-01 10:55:04,36000.0,2000,Sell,228045368
2024-08-01 10:55:04,36000.0,100,Sell,228045369
2024-08-01 10:55:09,36000.0,100,Sell,228045759
2024-08-01 10:55:11,36050.0,500,Buy,228045860
2024-08-01 10:55:13,36050.0,200,Buy,228045959
2024-08-01 10:55:16,36000.0,100,Sell,228046094
2024-08-01 10:55:16,36000.0,2000,Sell,228046093
2024-08-01 10:55:18,36000.0,2000,Sell,228046194
2024-08-01 10:55:24,36000.0,200,Sell,228046645
2024-08-01 10:55:24,36000.0,100,Sell,228046646
2024-08-01 10:55:24,36000.0,200,Sell,228046647
2024-08-01 10:55:25,36000.0,1000,Sell,228046737
2024-08-01 10:55:25,36000.0,100,Sell,228046741
2024-08-01 10:55:25,36000.0,200,Sell,228046740
2024-08-01 10:55:25,36000.0,1000,Sell,228046739
2024-08-01 10:55:25,36000.0,2700,Sell,228046738
2024-08-01 10:55:25,36000.0,100,Sell,228046735
2024-08-01 10:55:25,36000.0,100,Sell,228046734
2024-08-01 10:55:25,36000.0,100,Sell,228046733
2024-08-01 10:55:25,36000.0,2000,Sell,228046732
2024-08-01 10:55:25,36000.0,500,Sell,228046731
2024-08-01 10:55:25,36000.0,100,Sell,228046730
2024-08-01 10:55:25,36000.0,100,Sell,228046736
2024-08-01 10:55:27,36000.0,100,Sell,228046849
2024-08-01 10:55:27,36000.0,1500,Sell,228046848
2024-08-01 10:55:27,36000.0,100,Sell,228046846
2024-08-01 10:55:27,36000.0,100,Sell,228046845
2024-08-01 10:55:27,36000.0,700,Sell,228046847
2024-08-01 10:55:36,36000.0,5000,Sell,228047472
2024-08-01 10:55:38,36000.0,100,Sell,228047627
2024-08-01 10:55:38,36000.0,100,Sell,228047624
2024-08-01 10:55:38,36000.0,100,Sell,228047625
2024-08-01 10:55:38,36000.0,100,Sell,228047626
2024-08-01 10:55:38,36000.0,500,Sell,228047640
2024-08-01 10:55:38,36000.0,1000,Sell,228047623
2024-08-01 10:55:38,36000.0,200,Sell,228047642
2024-08-01 10:55:38,36000.0,1000,Sell,228047643
2024-08-01 10:55:38,36000.0,100,Sell,228047644
2024-08-01 10:55:38,36000.0,200,Sell,228047645
2024-08-01 10:55:38,36050.0,500,Buy,228047656
2024-08-01 10:55:38,36000.0,500,Sell,228047641
2024-08-01 10:55:38,36000.0,100,Sell,228047622
2024-08-01 10:55:38,36000.0,500,Sell,228047647
2024-08-01 10:55:38,36000.0,200,Sell,228047620
2024-08-01 10:55:38,36000.0,1000,Sell,228047621
2024-08-01 10:55:38,36000.0,400,Sell,228047608
2024-08-01 10:55:38,36000.0,500,Sell,228047609
2024-08-01 10:55:38,36000.0,100,Sell,228047610
2024-08-01 10:55:38,36000.0,100,Sell,228047611
2024-08-01 10:55:38,36000.0,100,Sell,228047612
2024-08-01 10:55:38,36000.0,1000,Sell,228047646
2024-08-01 10:55:38,36000.0,1400,Sell,228047614
2024-08-01 10:55:38,36000.0,100,Sell,228047618
2024-08-01 10:55:38,36000.0,1000,Sell,228047617
2024-08-01 10:55:38,36000.0,500,Sell,228047619
2024-08-01 10:55:38,36000.0,400,Sell,228047616
2024-08-01 10:55:38,36000.0,200,Sell,228047615
2024-08-01 10:55:38,36000.0,500,Sell,228047613
2024-08-01 10:55:39,36000.0,500,Sell,228047678
2024-08-01 10:55:39,36000.0,100,Sell,228047679
2024-08-01 10:55:39,36000.0,100,Sell,228047680
2024-08-01 10:55:39,36000.0,100,Sell,228047681
2024-08-01 10:55:39,36000.0,200,Sell,228047682
2024-08-01 10:55:39,36000.0,100,Sell,228047683
2024-08-01 10:55:39,36000.0,500,Sell,228047684
2024-08-01 10:55:39,36000.0,300,Sell,228047685
2024-08-01 10:55:45,36000.0,100,Sell,228048126
2024-08-01 10:55:45,36000.0,200,Sell,228048127
2024-08-01 10:55:46,36000.0,200,Sell,228048146
2024-08-01 10:55:46,36000.0,200,Sell,228048145
2024-08-01 10:55:46,36000.0,100,Sell,228048143
2024-08-01 10:55:46,36000.0,300,Sell,228048138
2024-08-01 10:55:46,36000.0,2000,Sell,228048144
2024-08-01 10:55:47,36000.0,100,Sell,228048242
2024-08-01 10:55:49,36000.0,500,Sell,228048341
2024-08-01 10:55:50,36000.0,100,Sell,228048427
2024-08-01 10:55:50,36000.0,400,Sell,228048428
2024-08-01 10:55:50,36000.0,300,Sell,228048429
2024-08-01 10:55:50,36000.0,500,Sell,228048430
2024-08-01 10:55:50,36000.0,100,Sell,228048431
2024-08-01 10:55:50,36000.0,100,Sell,228048434
2024-08-01 10:55:50,36000.0,500,Sell,228048433
2024-08-01 10:55:50,36000.0,1000,Sell,228048435
2024-08-01 10:55:50,36000.0,100,Sell,228048436
2024-08-01 10:55:50,36000.0,600,Sell,228048437
2024-08-01 10:55:50,36000.0,200,Sell,228048432
2024-08-01 10:55:50,36000.0,200,Sell,228048426
2024-08-01 10:55:50,36000.0,4000,Sell,228048404
2024-08-01 10:55:50,36000.0,600,Sell,228048424
2024-08-01 10:55:50,36000.0,400,Sell,228048410
2024-08-01 10:55:50,36000.0,100,Sell,228048409
2024-08-01 10:55:50,36000.0,100,Sell,228048408
2024-08-01 10:55:50,36000.0,200,Sell,228048407
2024-08-01 10:55:50,36000.0,2000,Sell,228048406
2024-08-01 10:55:50,36000.0,100,Sell,228048405
2024-08-01 10:55:50,36000.0,500,Sell,228048403
2024-08-01 10:55:50,36000.0,100,Sell,228048402
2024-08-01 10:55:50,36000.0,300,Sell,228048401
2024-08-01 10:55:50,36000.0,4200,Sell,228048400
2024-08-01 10:55:50,36000.0,300,Sell,228048425
2024-08-01 10:55:51,36000.0,2000,Sell,228048493
2024-08-01 10:55:51,36000.0,100,Sell,228048494
2024-08-01 10:55:51,36000.0,1000,Sell,228048492
2024-08-01 10:55:51,36000.0,1000,Sell,228048495
2024-08-01 10:55:51,36000.0,100,Sell,228048490
2024-08-01 10:55:51,36000.0,100,Sell,228048489
2024-08-01 10:55:51,36000.0,100,Sell,228048488
2024-08-01 10:55:51,36000.0,100,Sell,228048491
2024-08-01 10:55:51,36000.0,200,Sell,228048487
2024-08-01 10:55:52,36000.0,500,Buy,228048524
2024-08-01 10:55:54,36000.0,200,Buy,228048714
2024-08-01 10:55:56,36000.0,1000,Buy,228048809
2024-08-01 10:56:01,36000.0,100,Buy,228049089
2024-08-01 10:56:05,36000.0,200,Buy,228049336
2024-08-01 10:56:06,35950.0,100,Sell,228049627
2024-08-01 10:56:06,35950.0,1000,Sell,228049628
2024-08-01 10:56:06,35950.0,100,Sell,228049629
2024-08-01 10:56:06,35950.0,500,Sell,228049630
2024-08-01 10:56:06,35950.0,1000,Sell,228049631
2024-08-01 10:56:06,35950.0,100,Sell,228049632
2024-08-01 10:56:06,35950.0,300,Sell,228049633
2024-08-01 10:56:06,35950.0,1000,Sell,228049634
2024-08-01 10:56:09,35950.0,100,Buy,228049798
2024-08-01 10:56:13,35900.0,3900,Sell,228050168
2024-08-01 10:56:13,35900.0,100,Sell,228050167
2024-08-01 10:56:14,35950.0,100,Buy,228050225
2024-08-01 10:56:26,35900.0,8600,Sell,228051095
2024-08-01 10:56:36,35900.0,200,Sell,228051562
2024-08-01 10:56:40,35900.0,200,Sell,228051790
2024-08-01 10:56:44,35900.0,5000,Sell,228051993
2024-08-01 10:56:45,35900.0,100,Sell,228052050
2024-08-01 10:56:45,35900.0,100,Sell,228052049
2024-08-01 10:56:45,35900.0,500,Sell,228052048
2024-08-01 10:56:45,35900.0,100,Sell,228052020
2024-08-01 10:56:45,35900.0,100,Sell,228052019
2024-08-01 10:56:45,35900.0,500,Sell,228052018
2024-08-01 10:56:45,35900.0,100,Sell,228052017
2024-08-01 10:56:45,35900.0,500,Sell,228052016
2024-08-01 10:56:45,35900.0,100,Sell,228052014
2024-08-01 10:56:45,35900.0,200,Sell,228052015
2024-08-01 10:56:45,35900.0,2100,Sell,228052008
2024-08-01 10:56:45,35900.0,100,Sell,228052009
2024-08-01 10:56:45,35900.0,100,Sell,228052012
2024-08-01 10:56:45,35900.0,100,Sell,228052011
2024-08-01 10:56:45,35900.0,1000,Sell,228052013
2024-08-01 10:56:45,35900.0,500,Sell,228052010
2024-08-01 10:56:47,35900.0,800,Buy,228052155
2024-08-01 10:56:48,35900.0,1000,Buy,228052281
2024-08-01 10:56:50,35900.0,100,Buy,228052323
2024-08-01 10:56:50,35900.0,100,Buy,228052324
2024-08-01 10:56:51,35900.0,100,Sell,228052344
2024-08-01 10:56:55,35800.0,1900,Sell,228052637
2024-08-01 10:56:55,35800.0,200,Sell,228052636
2024-08-01 10:56:55,35800.0,100,Sell,228052635
2024-08-01 10:56:55,35800.0,100,Sell,228052634
2024-08-01 10:56:55,35850.0,100,Sell,228052632
2024-08-01 10:56:55,35850.0,100,Sell,228052631
2024-08-01 10:56:55,35850.0,100,Sell,228052630
2024-08-01 10:56:55,35850.0,3000,Sell,228052633
2024-08-01 10:56:55,35850.0,500,Sell,228052629
2024-08-01 10:56:56,35800.0,1200,Sell,228052680
2024-08-01 10:56:56,35800.0,1000,Sell,228052676
2024-08-01 10:56:56,35800.0,700,Sell,228052677
2024-08-01 10:56:56,35800.0,100,Sell,228052679
2024-08-01 10:56:59,35800.0,100,Sell,228052802
2024-08-01 10:56:59,35800.0,800,Sell,228052800
2024-08-01 10:56:59,35800.0,100,Sell,228052801
2024-08-01 10:57:04,35800.0,100,Sell,228053116
2024-08-01 10:57:04,35800.0,100,Sell,228053115
2024-08-01 10:57:04,35800.0,100,Sell,228053114
2024-08-01 10:57:04,35800.0,200,Sell,228053113
2024-08-01 10:57:04,35800.0,100,Sell,228053112
2024-08-01 10:57:04,35800.0,400,Sell,228053111
2024-08-01 10:57:12,35800.0,200,Buy,228053519
2024-08-01 10:57:16,35800.0,100,Buy,228053777
2024-08-01 10:57:19,35750.0,500,Sell,228053890
2024-08-01 10:57:19,35750.0,100,Sell,228053891
2024-08-01 10:57:19,35750.0,1200,Sell,228053892
2024-08-01 10:57:19,35750.0,100,Sell,228053893
2024-08-01 10:57:19,35750.0,100,Sell,228053894
2024-08-01 10:57:22,35650.0,100,Sell,228054085
2024-08-01 10:57:22,35700.0,100,Sell,228054084
2024-08-01 10:57:22,35700.0,100,Sell,228054083
2024-08-01 10:57:22,35700.0,100,Sell,228054082
2024-08-01 10:57:22,35700.0,100,Sell,228054081
2024-08-01 10:57:24,35700.0,500,Buy,228054126
2024-08-01 10:57:24,35750.0,200,Buy,228054142
2024-08-01 10:57:31,35750.0,200,Buy,228054565
2024-08-01 10:57:32,35600.0,600,Sell,228054628
2024-08-01 10:57:32,35600.0,4900,Sell,228054627
2024-08-01 10:57:32,35600.0,100,Sell,228054626
2024-08-01 10:57:32,35600.0,100,Sell,228054624
2024-08-01 10:57:32,35600.0,500,Sell,228054623
2024-08-01 10:57:32,35600.0,2000,Sell,228054625
2024-08-01 10:57:32,35600.0,100,Sell,228054621
2024-08-01 10:57:32,35600.0,100,Sell,228054617
2024-08-01 10:57:32,35600.0,100,Sell,228054620
2024-08-01 10:57:32,35600.0,1000,Sell,228054619
2024-08-01 10:57:32,35600.0,5000,Sell,228054618
2024-08-01 10:57:32,35600.0,500,Sell,228054622
2024-08-01 10:57:39,35700.0,100,Buy,228055072
2024-08-01 10:57:39,35750.0,400,Buy,228055073
2024-08-01 10:57:40,35650.0,100,Sell,228055093
2024-08-01 10:57:40,35600.0,1000,Sell,228055094
2024-08-01 10:57:40,35550.0,200,Sell,228055095
2024-08-01 10:57:40,35550.0,700,Sell,228055096
2024-08-01 10:57:40,35550.0,300,Sell,228055102
2024-08-01 10:57:40,35550.0,100,Sell,228055103
2024-08-01 10:57:41,35550.0,3100,Buy,228055131
2024-08-01 10:57:51,35550.0,1300,Sell,228055614
2024-08-01 10:57:51,35550.0,2500,Sell,228055615
2024-08-01 10:57:51,35550.0,200,Sell,228055613
2024-08-01 10:57:57,35550.0,5000,Sell,228055949
2024-08-01 10:58:06,35500.0,100,Sell,228056334
2024-08-01 10:58:06,35500.0,100,Sell,228056333
2024-08-01 10:58:06,35500.0,1000,Sell,228056332
2024-08-01 10:58:06,35500.0,100,Sell,228056330
2024-08-01 10:58:06,35500.0,200,Sell,228056326
2024-08-01 10:58:06,35500.0,1000,Sell,228056328
2024-08-01 10:58:06,35500.0,500,Sell,228056327
2024-08-01 10:58:06,35500.0,1000,Sell,228056325
2024-08-01 10:58:06,35500.0,200,Sell,228056331
2024-08-01 10:58:06,35550.0,1900,Sell,228056323
2024-08-01 10:58:06,35500.0,100,Sell,228056324
2024-08-01 10:58:06,35550.0,200,Sell,228056315
2024-08-01 10:58:06,35550.0,100,Sell,228056316
2024-08-01 10:58:06,35550.0,11400,Sell,228056317
2024-08-01 10:58:06,35500.0,400,Sell,228056329
2024-08-01 10:58:06,35550.0,100,Sell,228056318
2024-08-01 10:58:06,35550.0,200,Sell,228056319
2024-08-01 10:58:06,35550.0,1000,Sell,228056320
2024-08-01 10:58:06,35550.0,200,Sell,228056321
2024-08-01 10:58:06,35550.0,200,Sell,228056322
2024-08-01 10:58:08,35550.0,1300,Buy,228056475
2024-08-01 10:58:09,35550.0,700,Buy,228056492
2024-08-01 10:58:10,35750.0,200,Buy,228056521
2024-08-01 10:58:10,35750.0,800,Buy,228056522
2024-08-01 10:58:12,35500.0,900,Sell,228056611
2024-08-01 10:58:12,35500.0,3000,Sell,228056612
2024-08-01 10:58:12,35500.0,500,Sell,228056613
2024-08-01 10:58:12,35500.0,600,Sell,228056614
2024-08-01 10:58:14,35550.0,300,Sell,228056854
2024-08-01 10:58:29,35600.0,100,Sell,228057616
2024-08-01 10:58:30,35700.0,100,Buy,228057626
2024-08-01 10:58:44,35700.0,500,Buy,228058230
2024-08-01 10:58:49,35650.0,900,Sell,228058420
2024-08-01 10:58:57,35750.0,200,Buy,228058763
2024-08-01 10:58:57,35750.0,100,Buy,228058764
2024-08-01 10:58:57,35750.0,700,Buy,228058765
2024-08-01 10:59:02,35750.0,200,Buy,228059079
2024-08-01 10:59:05,35750.0,600,Buy,228059155
2024-08-01 10:59:05,35850.0,400,Buy,228059156
2024-08-01 10:59:16,35850.0,300,Buy,228059539
2024-08-01 10:59:19,35700.0,800,Sell,228059721
2024-08-01 10:59:19,35700.0,200,Sell,228059722
2024-08-01 10:59:20,35850.0,2000,Buy,228059785
2024-08-01 10:59:45,35850.0,900,Buy,228060794
2024-08-01 10:59:45,35850.0,100,Buy,228060792
2024-08-01 10:59:45,35850.0,9000,Buy,228060793
2024-08-01 10:59:48,35850.0,500,Buy,228060869
2024-08-01 10:59:49,35850.0,100,Buy,228060899
2024-08-01 11:00:04,35800.0,100,Sell,228061446
2024-08-01 11:00:04,35800.0,100,Sell,228061447
2024-08-01 11:00:20,35800.0,200,Buy,228062040
2024-08-01 11:00:29,35750.0,100,Sell,228062459
2024-08-01 11:00:29,35750.0,3000,Sell,228062460
2024-08-01 11:00:29,35700.0,800,Sell,228062461
2024-08-01 11:00:29,35700.0,200,Sell,228062462
2024-08-01 11:00:29,35700.0,500,Sell,228062463
2024-08-01 11:00:29,35700.0,300,Sell,228062464
2024-08-01 11:00:38,35750.0,100,Buy,228062768
2024-08-01 11:00:46,35750.0,500,Buy,228063025
2024-08-01 11:00:55,35750.0,200,Buy,228063302
2024-08-01 11:01:00,35750.0,1000,Buy,228063462
2024-08-01 11:01:04,35750.0,100,Buy,228063567
2024-08-01 11:01:14,35700.0,200,Sell,228063913
2024-08-01 11:01:15,35700.0,1500,Sell,228063948
2024-08-01 11:01:15,35700.0,100,Sell,228063949
2024-08-01 11:01:15,35700.0,300,Sell,228063950
2024-08-01 11:01:19,35700.0,100,Buy,228064043
2024-08-01 11:01:20,35700.0,100,Buy,228064068
2024-08-01 11:01:26,35700.0,500,Buy,228064306
2024-08-01 11:01:39,35700.0,2400,Buy,228064823
2024-08-01 11:01:39,35700.0,600,Buy,228064824
2024-08-01 11:01:42,35650.0,200,Sell,228064906
2024-08-01 11:01:42,35650.0,100,Sell,228064907
2024-08-01 11:01:44,35700.0,100,Buy,228064984
2024-08-01 11:01:50,35700.0,300,Buy,228065176
2024-08-01 11:01:54,35700.0,900,Buy,228065303
2024-08-01 11:01:54,35700.0,1100,Buy,228065302
2024-08-01 11:01:54,35700.0,1000,Buy,228065301
2024-08-01 11:01:59,35700.0,500,Buy,228065451
2024-08-01 11:02:03,35650.0,100,Sell,228065613
2024-08-01 11:02:03,35650.0,500,Sell,228065618
2024-08-01 11:02:03,35650.0,1000,Sell,228065617
2024-08-01 11:02:03,35650.0,100,Sell,228065612
2024-08-01 11:02:03,35650.0,100,Sell,228065615
2024-08-01 11:02:03,35650.0,100,Sell,228065614
2024-08-01 11:02:03,35650.0,100,Sell,228065616
2024-08-01 11:02:07,35700.0,3000,Buy,228065734
2024-08-01 11:02:08,35650.0,100,Sell,228065778
2024-08-01 11:02:11,35650.0,1000,Sell,228065846
2024-08-01 11:02:12,35700.0,9500,Buy,228065866
2024-08-01 11:02:17,35650.0,300,Sell,228066079
2024-08-01 11:02:22,35700.0,100,Buy,228066215
2024-08-01 11:02:38,35700.0,4500,Buy,228066799
2024-08-01 11:02:39,35700.0,500,Buy,228066828
2024-08-01 11:02:39,35700.0,9500,Buy,228066886
2024-08-01 11:02:40,35700.0,400,Buy,228066914
2024-08-01 11:02:40,35700.0,900,Buy,228066913
2024-08-01 11:02:40,35700.0,1200,Buy,228066912
2024-08-01 11:02:40,35700.0,1900,Buy,228066908
2024-08-01 11:02:40,35700.0,200,Buy,228066910
2024-08-01 11:02:40,35700.0,200,Buy,228066909
2024-08-01 11:02:40,35700.0,1100,Buy,228066911
2024-08-01 11:02:48,35750.0,100,Buy,228067085
2024-08-01 11:02:49,35750.0,900,Buy,228067132
2024-08-01 11:03:00,35750.0,300,Sell,228067465
2024-08-01 11:03:20,35750.0,100,Sell,228068273
2024-08-01 11:03:20,35750.0,1000,Sell,228068271
2024-08-01 11:03:20,35750.0,100,Sell,228068274
2024-08-01 11:03:20,35750.0,100,Sell,228068272
2024-08-01 11:03:20,35750.0,3800,Sell,228068269
2024-08-01 11:03:20,35750.0,700,Sell,228068268
2024-08-01 11:03:20,35750.0,500,Sell,228068270
2024-08-01 11:03:21,35750.0,600,Buy,228068291
2024-08-01 11:03:22,35750.0,8000,Sell,228068297
2024-08-01 11:03:28,35750.0,700,Buy,228068515
2024-08-01 11:03:30,35750.0,400,Buy,228068560
2024-08-01 11:03:31,35750.0,1000,Buy,228068576
2024-08-01 11:03:32,35750.0,500,Buy,228068613
2024-08-01 11:03:35,35750.0,800,Buy,228068699
2024-08-01 11:03:35,35750.0,200,Buy,228068700
2024-08-01 11:03:37,35750.0,100,Buy,228068772
2024-08-01 11:03:40,35750.0,300,Buy,228068949
2024-08-01 11:03:42,35700.0,2200,Sell,228069021
2024-08-01 11:03:43,35750.0,400,Buy,228069045
2024-08-01 11:03:43,35750.0,100,Buy,228069046
2024-08-01 11:03:44,35750.0,900,Buy,228069090
2024-08-01 11:03:52,35750.0,2000,Sell,228069320
2024-08-01 11:03:53,35750.0,2000,Sell,228069350
2024-08-01 11:03:54,35750.0,100,Sell,228069395
2024-08-01 11:03:54,35800.0,100,Buy,228069397
2024-08-01 11:04:06,35800.0,1500,Buy,228069655
2024-08-01 11:04:06,35800.0,1400,Buy,228069656
2024-08-01 11:04:08,35800.0,100,Buy,228069709
2024-08-01 11:04:12,35800.0,10000,Buy,228069801
2024-08-01 11:04:12,35800.0,3300,Buy,228069802
2024-08-01 11:04:12,35800.0,500,Buy,228069807
2024-08-01 11:04:24,35800.0,100,Buy,228070154
2024-08-01 11:04:28,35800.0,10000,Buy,228070230
2024-08-01 11:04:29,35800.0,200,Buy,228070269
2024-08-01 11:04:30,35800.0,100,Buy,228070288
2024-08-01 11:04:30,35800.0,800,Buy,228070285
2024-08-01 11:04:31,35800.0,400,Buy,228070352
2024-08-01 11:04:32,35800.0,500,Buy,228070366
2024-08-01 11:04:33,35800.0,100,Buy,228070397
2024-08-01 11:04:34,35800.0,10000,Buy,228070414
2024-08-01 11:04:34,35800.0,2000,Buy,228070415
2024-08-01 11:04:42,35800.0,200,Buy,228070601
2024-08-01 11:04:42,35800.0,100,Buy,228070614
2024-08-01 11:04:53,35800.0,100,Buy,228070847
2024-08-01 11:04:54,35800.0,1000,Buy,228070867
2024-08-01 11:04:59,35800.0,100,Buy,228070992
2024-08-01 11:05:00,35800.0,9000,Buy,228071004
2024-08-01 11:05:00,35800.0,800,Buy,228071005
2024-08-01 11:05:00,35800.0,100,Buy,228071006
2024-08-01 11:05:02,35850.0,100,Buy,228071060
2024-08-01 11:06:09,35850.0,100,Buy,228072679
2024-08-01 11:06:10,35850.0,500,Buy,228072702
2024-08-01 11:06:15,35850.0,500,Buy,228072805
2024-08-01 11:06:17,35850.0,100,Buy,228072829
2024-08-01 11:06:22,35850.0,100,Buy,228072966
2024-08-01 11:06:24,35850.0,500,Buy,228072998
2024-08-01 11:06:27,35850.0,100,Buy,228073042
2024-08-01 11:06:27,35850.0,1600,Buy,228073043
2024-08-01 11:06:29,35850.0,400,Buy,228073095
2024-08-01 11:06:29,35850.0,600,Buy,228073096
2024-08-01 11:06:39,35850.0,300,Buy,228073278
2024-08-01 11:06:41,35850.0,700,Buy,228073329
2024-08-01 11:06:41,35850.0,300,Buy,228073330
2024-08-01 11:06:47,35850.0,200,Buy,228073459
2024-08-01 11:06:48,35850.0,1000,Buy,228073476
2024-08-01 11:06:51,35850.0,100,Buy,228073530
2024-08-01 11:06:53,35850.0,400,Buy,228073579
2024-08-01 11:06:53,35850.0,100,Buy,228073580
2024-08-01 11:06:55,35850.0,400,Buy,228073605
2024-08-01 11:06:55,35850.0,100,Buy,228073606
2024-08-01 11:06:57,35850.0,100,Buy,228073621
2024-08-01 11:06:59,35850.0,100,Buy,228073660
2024-08-01 11:07:04,35850.0,100,Buy,228073816
2024-08-01 11:07:07,35850.0,100,Buy,228073877
2024-08-01 11:07:09,35900.0,100,Buy,228073924
2024-08-01 11:07:40,35900.0,500,Buy,228074517
2024-08-01 11:07:55,35900.0,100,Buy,228074810
2024-08-01 11:08:23,35900.0,1000,Buy,228075324
2024-08-01 11:08:26,35900.0,500,Buy,228075382
2024-08-01 11:08:28,35900.0,200,Buy,228075443
2024-08-01 11:08:37,35900.0,500,Buy,228075591
2024-08-01 11:08:44,35900.0,100,Buy,228075689
2024-08-01 11:08:52,35900.0,4800,Buy,228075818
2024-08-01 11:08:56,35900.0,100,Buy,228075889
2024-08-01 11:09:05,35900.0,500,Buy,228076099
2024-08-01 11:09:15,35850.0,100,Sell,228076270
2024-08-01 11:09:15,35850.0,1000,Sell,228076271
2024-08-01 11:09:15,35850.0,200,Sell,228076272
2024-08-01 11:09:18,35900.0,5000,Buy,228076318
2024-08-01 11:09:22,35800.0,100,Sell,228076421
2024-08-01 11:09:22,35850.0,200,Sell,228076420
2024-08-01 11:09:22,35850.0,1700,Sell,228076419
2024-08-01 11:09:22,35850.0,1000,Sell,228076416
2024-08-01 11:09:22,35850.0,100,Sell,228076417
2024-08-01 11:09:22,35850.0,100,Sell,228076418
2024-08-01 11:09:22,35850.0,1800,Sell,228076415
2024-08-01 11:09:25,35900.0,500,Buy,228076462
2024-08-01 11:09:26,35750.0,1000,Sell,228076529
2024-08-01 11:09:26,35750.0,500,Sell,228076528
2024-08-01 11:09:26,35750.0,1000,Sell,228076527
2024-08-01 11:09:26,35750.0,400,Sell,228076526
2024-08-01 11:09:26,35750.0,100,Sell,228076525
2024-08-01 11:09:26,35750.0,200,Sell,228076524
2024-08-01 11:09:26,35750.0,100,Sell,228076523
2024-08-01 11:09:26,35800.0,100,Sell,228076522
2024-08-01 11:09:26,35800.0,500,Sell,228076521
2024-08-01 11:09:26,35800.0,500,Sell,228076520
2024-08-01 11:09:26,35800.0,100,Sell,228076519
2024-08-01 11:09:26,35900.0,100,Buy,228076502
2024-08-01 11:09:26,35800.0,500,Sell,228076517
2024-08-01 11:09:26,35800.0,200,Sell,228076516
2024-08-01 11:09:26,35800.0,500,Sell,228076515
2024-08-01 11:09:26,35800.0,600,Sell,228076514
2024-08-01 11:09:26,35800.0,100,Sell,228076513
2024-08-01 11:09:26,35800.0,300,Sell,228076512
2024-08-01 11:09:26,35800.0,100,Sell,228076511
2024-08-01 11:09:26,35800.0,300,Sell,228076510
2024-08-01 11:09:26,35800.0,100,Sell,228076509
2024-08-01 11:09:26,35800.0,2000,Sell,228076508
2024-08-01 11:09:26,35800.0,100,Sell,228076507
2024-08-01 11:09:26,35750.0,600,Sell,228076530
2024-08-01 11:09:26,35800.0,100,Sell,228076518
2024-08-01 11:09:30,35900.0,100,Buy,228076565
2024-08-01 11:10:10,35800.0,200,Sell,228077230
2024-08-01 11:10:10,35800.0,300,Sell,228077229
2024-08-01 11:10:31,35800.0,500,Buy,228077542
2024-08-01 11:10:31,35800.0,1000,Buy,228077543
2024-08-01 11:10:36,35900.0,100,Buy,228077613
2024-08-01 11:10:53,35850.0,100,Buy,228078048
2024-08-01 11:10:54,35900.0,100,Buy,228078053
2024-08-01 11:10:54,35900.0,100,Buy,228078059
2024-08-01 11:11:19,35900.0,5000,Buy,228078543
2024-08-01 11:11:24,35900.0,100,Buy,228078640
2024-08-01 11:11:38,35800.0,1000,Sell,228079008
2024-08-01 11:11:46,35800.0,500,Sell,228079211
2024-08-01 11:11:46,35800.0,1000,Sell,228079210
2024-08-01 11:11:46,35800.0,100,Sell,228079208
2024-08-01 11:11:46,35800.0,2500,Sell,228079207
2024-08-01 11:11:46,35800.0,300,Sell,228079209
2024-08-01 11:12:06,35750.0,400,Sell,228079742
2024-08-01 11:12:11,35800.0,2000,Sell,228079874
2024-08-01 11:12:36,35800.0,100,Sell,228080382
2024-08-01 11:12:36,35800.0,900,Sell,228080383
2024-08-01 11:12:37,35800.0,200,Sell,228080417
2024-08-01 11:12:37,35800.0,900,Sell,228080418
2024-08-01 11:13:18,35800.0,200,Sell,228081176
2024-08-01 11:13:27,35750.0,100,Sell,228081327
2024-08-01 11:13:27,35750.0,1400,Sell,228081328
2024-08-01 11:13:27,35800.0,700,Sell,228081325
2024-08-01 11:13:27,35800.0,2000,Sell,228081326
2024-08-01 11:13:27,35800.0,800,Sell,228081324
2024-08-01 11:13:28,35800.0,1000,Sell,228081350
2024-08-01 11:13:53,35800.0,1000,Buy,228081809
2024-08-01 11:14:02,35800.0,100,Buy,228082006
2024-08-01 11:14:07,35800.0,400,Buy,228082099
2024-08-01 11:14:07,35800.0,200,Buy,228082103
2024-08-01 11:14:07,35800.0,100,Buy,228082104
2024-08-01 11:14:08,35800.0,500,Sell,228082124
2024-08-01 11:14:31,35800.0,100,Sell,228082643
2024-08-01 11:14:31,35800.0,100,Sell,228082644
2024-08-01 11:14:34,35750.0,200,Sell,228082718
2024-08-01 11:14:34,35750.0,400,Sell,228082717
2024-08-01 11:14:34,35750.0,100,Sell,228082716
2024-08-01 11:14:34,35750.0,100,Sell,228082713
2024-08-01 11:14:34,35750.0,100,Sell,228082714
2024-08-01 11:14:34,35750.0,1600,Sell,228082712
2024-08-01 11:14:34,35750.0,500,Sell,228082715
2024-08-01 11:15:04,35700.0,1200,Sell,228083252
2024-08-01 11:15:04,35750.0,500,Sell,228083251
2024-08-01 11:15:04,35750.0,300,Sell,228083248
2024-08-01 11:15:04,35750.0,200,Sell,228083249
2024-08-01 11:15:04,35750.0,1000,Sell,228083250
2024-08-01 11:15:27,35700.0,700,Sell,228083724
2024-08-01 11:15:37,35700.0,100,Sell,228083952
2024-08-01 11:15:37,35700.0,100,Sell,228083951
2024-08-01 11:15:37,35700.0,200,Sell,228083950
2024-08-01 11:15:37,35700.0,100,Sell,228083949
2024-08-01 11:15:37,35700.0,100,Sell,228083948
2024-08-01 11:15:37,35700.0,100,Sell,228083947
2024-08-01 11:15:37,35700.0,100,Sell,228083946
2024-08-01 11:15:37,35700.0,1000,Sell,228083945
2024-08-01 11:15:37,35700.0,1000,Sell,228083942
2024-08-01 11:15:37,35700.0,1000,Sell,228083943
2024-08-01 11:15:37,35700.0,200,Sell,228083944
2024-08-01 11:15:37,35700.0,900,Sell,228083936
2024-08-01 11:15:37,35700.0,1000,Sell,228083937
2024-08-01 11:15:37,35700.0,100,Sell,228083940
2024-08-01 11:15:37,35700.0,100,Sell,228083939
2024-08-01 11:15:37,35700.0,100,Sell,228083938
2024-08-01 11:15:37,35700.0,100,Sell,228083941
2024-08-01 11:15:55,35700.0,100,Buy,228084329
2024-08-01 11:15:58,35650.0,100,Sell,228084407
2024-08-01 11:15:58,35650.0,100,Sell,228084406
2024-08-01 11:15:58,35650.0,200,Sell,228084408
2024-08-01 11:15:58,35650.0,100,Sell,228084403
2024-08-01 11:15:58,35650.0,3100,Sell,228084402
2024-08-01 11:15:58,35650.0,1000,Sell,228084404
2024-08-01 11:15:58,35650.0,300,Sell,228084405
2024-08-01 11:16:03,35650.0,500,Buy,228084506
2024-08-01 11:16:19,35650.0,100,Buy,228084834
2024-08-01 11:16:33,35600.0,500,Sell,228085070
2024-08-01 11:16:33,35600.0,100,Sell,228085071
2024-08-01 11:16:33,35600.0,1000,Sell,228085072
2024-08-01 11:16:33,35600.0,400,Sell,228085073
2024-08-01 11:16:34,35650.0,100,Buy,228085080
2024-08-01 11:16:42,35650.0,200,Sell,228085217
2024-08-01 11:16:43,35600.0,200,Sell,228085231
2024-08-01 11:16:50,35650.0,100,Buy,228085354
2024-08-01 11:16:56,35650.0,300,Buy,228085487
2024-08-01 11:17:00,35650.0,100,Buy,228085656
2024-08-01 11:17:02,35650.0,300,Buy,228085700
2024-08-01 11:17:25,35700.0,900,Buy,228086199
2024-08-01 11:17:25,35700.0,100,Buy,228086198
2024-08-01 11:17:26,35700.0,1000,Buy,228086222
2024-08-01 11:17:26,35700.0,1000,Buy,228086223
2024-08-01 11:17:26,35700.0,1100,Buy,228086221
2024-08-01 11:17:39,35700.0,200,Sell,228086456
2024-08-01 11:18:31,35800.0,800,Buy,228087451
2024-08-01 11:18:31,35800.0,200,Buy,228087452
2024-08-01 11:18:43,35750.0,300,Sell,228087692
2024-08-01 11:18:46,35700.0,100,Sell,228087771
2024-08-01 11:18:46,35650.0,4100,Sell,228087773
2024-08-01 11:18:46,35700.0,1000,Sell,228087769
2024-08-01 11:18:46,35700.0,600,Sell,228087768
2024-08-01 11:18:46,35700.0,100,Sell,228087770
2024-08-01 11:18:46,35650.0,100,Sell,228087772
2024-08-01 11:19:16,35750.0,200,Sell,228088453
2024-08-01 11:19:59,35650.0,900,Sell,228089472
2024-08-01 11:19:59,35650.0,1000,Sell,228089473
2024-08-01 11:19:59,35650.0,100,Sell,228089474
2024-08-01 11:19:59,35650.0,500,Sell,228089475
2024-08-01 11:19:59,35650.0,500,Sell,228089476
2024-08-01 11:19:59,35650.0,500,Sell,228089477
2024-08-01 11:20:00,35650.0,300,Sell,228089481
2024-08-01 11:20:00,35650.0,100,Sell,228089482
2024-08-01 11:20:00,35650.0,200,Sell,228089483
2024-08-01 11:20:23,35650.0,200,Sell,228089900
2024-08-01 11:20:49,35650.0,700,Sell,228090565
2024-08-01 11:20:49,35650.0,300,Sell,228090564
2024-08-01 11:21:07,35650.0,100,Sell,228090900
2024-08-01 11:21:07,35650.0,200,Sell,228090899
2024-08-01 11:21:07,35650.0,400,Sell,228090895
2024-08-01 11:21:07,35650.0,500,Sell,228090897
2024-08-01 11:21:07,35650.0,400,Sell,228090896
2024-08-01 11:21:07,35650.0,200,Sell,228090898
2024-08-01 11:21:09,35650.0,3000,Buy,228090955
2024-08-01 11:21:15,35650.0,3000,Buy,228091059
2024-08-01 11:21:16,35650.0,3200,Buy,228091105
2024-08-01 11:21:16,35650.0,1000,Buy,228091106
2024-08-01 11:21:30,35650.0,200,Sell,228091458
2024-08-01 11:21:30,35650.0,300,Sell,228091459
2024-08-01 11:21:31,35650.0,100,Sell,228091485
2024-08-01 11:21:34,35700.0,100,Buy,228091552
2024-08-01 11:21:36,35700.0,400,Buy,228091584
2024-08-01 11:21:59,35700.0,200,Sell,228092050
2024-08-01 11:22:30,35700.0,100,Sell,228092929
2024-08-01 11:22:36,35700.0,800,Sell,228093078
2024-08-01 11:22:36,35700.0,300,Sell,228093079
2024-08-01 11:22:36,35700.0,1000,Sell,228093080
2024-08-01 11:22:36,35700.0,200,Sell,228093081
2024-08-01 11:22:36,35700.0,1500,Sell,228093082
2024-08-01 11:22:40,35700.0,100,Buy,228093185
2024-08-01 11:22:44,35700.0,200,Sell,228093267
2024-08-01 11:23:00,35700.0,200,Buy,228093792
2024-08-01 11:23:17,35700.0,100,Buy,228094313
2024-08-01 11:23:22,35700.0,100,Buy,228094487
2024-08-01 11:23:26,35700.0,100,Buy,228094621
2024-08-01 11:23:27,35700.0,100,Buy,228094634
2024-08-01 11:23:36,35650.0,500,Sell,228094942
2024-08-01 11:23:45,35700.0,100,Buy,228095259
2024-08-01 11:24:02,35700.0,100,Buy,228095689
2024-08-01 11:24:16,35700.0,100,Buy,228096034
2024-08-01 11:24:21,35700.0,400,Buy,228096158
2024-08-01 11:24:21,35700.0,1000,Buy,228096159
2024-08-01 11:24:21,35700.0,600,Buy,228096160
2024-08-01 11:24:21,35700.0,200,Buy,228096170
2024-08-01 11:24:29,35700.0,1100,Sell,228096314
2024-08-01 11:24:29,35700.0,100,Sell,228096315
2024-08-01 11:24:46,35700.0,1000,Buy,228096664
2024-08-01 11:24:52,35700.0,100,Buy,228096815
2024-08-01 11:25:04,35700.0,100,Buy,228097092
2024-08-01 11:25:09,35700.0,1000,Buy,228097252
2024-08-01 11:25:13,35650.0,3000,Sell,228097332
2024-08-01 11:25:17,35700.0,1000,Buy,228097410
2024-08-01 11:25:21,35650.0,3200,Sell,228097495
2024-08-01 11:25:21,35650.0,1100,Sell,228097496
2024-08-01 11:25:21,35650.0,600,Sell,228097497
2024-08-01 11:25:21,35700.0,200,Buy,228097498
2024-08-01 11:25:21,35650.0,1100,Sell,228097494
2024-08-01 11:25:24,35700.0,500,Buy,228097556
2024-08-01 11:25:24,35700.0,100,Buy,228097557
2024-08-01 11:25:24,35700.0,200,Buy,228097558
2024-08-01 11:25:26,35700.0,1200,Sell,228097615
2024-08-01 11:25:36,35750.0,100,Buy,228097754
2024-08-01 11:26:03,35750.0,300,Buy,228098362
2024-08-01 11:26:39,35700.0,200,Sell,228099118
2024-08-01 11:26:39,35700.0,1100,Sell,228099117
2024-08-01 11:26:39,35700.0,200,Sell,228099116
2024-08-01 11:26:39,35700.0,300,Sell,228099114
2024-08-01 11:26:39,35700.0,200,Sell,228099115
2024-08-01 11:27:14,35700.0,100,Sell,228099952
2024-08-01 11:27:14,35700.0,200,Sell,228099951
2024-08-01 11:27:18,35700.0,100,Buy,228100065
2024-08-01 11:27:20,35700.0,300,Buy,228100094
2024-08-01 11:27:25,35650.0,100,Sell,228100188
2024-08-01 11:27:40,35600.0,1000,Sell,228100471
2024-08-01 11:27:40,35650.0,100,Sell,228100470
2024-08-01 11:27:40,35650.0,200,Sell,228100467
2024-08-01 11:27:40,35650.0,400,Sell,228100469
2024-08-01 11:27:40,35650.0,200,Sell,228100465
2024-08-01 11:27:40,35650.0,500,Sell,228100464
2024-08-01 11:27:40,35650.0,100,Sell,228100463
2024-08-01 11:27:40,35650.0,1700,Sell,228100462
2024-08-01 11:27:40,35650.0,300,Sell,228100466
2024-08-01 11:27:40,35650.0,500,Sell,228100468
2024-08-01 11:27:51,35700.0,200,Buy,228100660
2024-08-01 11:28:10,35700.0,1000,Buy,228101079
2024-08-01 11:28:25,35700.0,1000,Buy,228101449
2024-08-01 11:28:33,35650.0,100,Sell,228101616
2024-08-01 11:28:44,35650.0,100,Buy,228101825
2024-08-01 11:28:50,35650.0,100,Buy,228101948
2024-08-01 11:28:51,35700.0,100,Buy,228101961
2024-08-01 11:29:03,35700.0,6000,Buy,228102369
2024-08-01 11:29:03,35700.0,2000,Buy,228102366
2024-08-01 11:29:32,35700.0,1500,Sell,228103128
2024-08-01 12:59:40,35700.0,1000,Sell,228104123
2024-08-01 12:59:42,35700.0,500,Sell,228104980
2024-08-01 12:59:42,35750.0,200,Buy,228104981
2024-08-01 12:59:44,35700.0,1000,Sell,228105864
2024-08-01 12:59:44,35700.0,200,Sell,228105865
2024-08-01 12:59:45,35700.0,5100,Sell,228106402
2024-08-01 12:59:45,35700.0,300,Sell,228106401
2024-08-01 12:59:45,35700.0,500,Sell,228106400
2024-08-01 12:59:45,35700.0,600,Sell,228106398
2024-08-01 12:59:45,35700.0,7000,Sell,228106397
2024-08-01 12:59:45,35700.0,200,Sell,228106396
2024-08-01 12:59:45,35700.0,500,Sell,228106399
2024-08-01 12:59:46,35700.0,200,Sell,228106743
2024-08-01 12:59:46,35750.0,200,Buy,228106744
2024-08-01 12:59:46,35750.0,400,Buy,228106745
2024-08-01 12:59:47,35700.0,100,Sell,228107124
2024-08-01 12:59:47,35700.0,100,Sell,228107125
2024-08-01 12:59:47,35700.0,100,Sell,228107123
2024-08-01 12:59:47,35700.0,100,Sell,228107120
2024-08-01 12:59:47,35700.0,200,Sell,228107121
2024-08-01 12:59:47,35700.0,500,Sell,228107119
2024-08-01 12:59:47,35700.0,300,Sell,228107122
2024-08-01 12:59:48,35700.0,500,Buy,228107343
2024-08-01 12:59:48,35700.0,100,Buy,228107344
2024-08-01 12:59:50,35700.0,900,Sell,228108112
2024-08-01 12:59:50,35700.0,100,Sell,228108113
2024-08-01 12:59:50,35650.0,1000,Sell,228108114
2024-08-01 12:59:50,35650.0,900,Sell,228108115
2024-08-01 12:59:53,35700.0,100,Sell,228108940
2024-08-01 12:59:53,35700.0,400,Sell,228109052
2024-08-01 12:59:54,35750.0,100,Buy,228109222
2024-08-01 12:59:54,35750.0,100,Buy,228109223
2024-08-01 12:59:54,35700.0,1400,Sell,228109131
2024-08-01 12:59:54,35750.0,800,Buy,228109221
2024-08-01 12:59:55,35700.0,600,Sell,228109294
2024-08-01 12:59:55,35700.0,100,Buy,228109404
2024-08-01 12:59:56,35650.0,5000,Sell,228109687
2024-08-01 12:59:56,35650.0,12500,Sell,228109688
2024-08-01 13:00:01,35700.0,100,Buy,228110235
2024-08-01 13:00:01,35700.0,100,Buy,228110250
2024-08-01 13:00:09,35700.0,100,Buy,228111233
2024-08-01 13:00:15,35700.0,500,Buy,228111799
2024-08-01 13:00:16,35700.0,300,Buy,228111825
2024-08-01 13:00:17,35700.0,100,Buy,228111919
2024-08-01 13:00:47,35650.0,500,Sell,228113877
2024-08-01 13:00:51,35700.0,9600,Buy,228114075
2024-08-01 13:00:51,35700.0,400,Buy,228114076
2024-08-01 13:00:53,35650.0,100,Sell,228114155
2024-08-01 13:00:53,35650.0,400,Sell,228114156
2024-08-01 13:00:54,35700.0,200,Buy,228114271
2024-08-01 13:00:54,35700.0,400,Buy,228114263
2024-08-01 13:01:10,35650.0,600,Sell,228115052
2024-08-01 13:01:20,35600.0,1500,Sell,228115551
2024-08-01 13:01:20,35600.0,100,Sell,228115546
2024-08-01 13:01:20,35600.0,500,Sell,228115547
2024-08-01 13:01:20,35600.0,7000,Sell,228115548
2024-08-01 13:01:20,35600.0,100,Sell,228115549
2024-08-01 13:01:20,35600.0,2000,Sell,228115550
2024-08-01 13:01:20,35600.0,100,Sell,228115545
2024-08-01 13:01:20,35600.0,200,Sell,228115553
2024-08-01 13:01:20,35600.0,200,Sell,228115554
2024-08-01 13:01:20,35600.0,200,Sell,228115555
2024-08-01 13:01:20,35600.0,100,Sell,228115556
2024-08-01 13:01:20,35600.0,100,Sell,228115557
2024-08-01 13:01:20,35600.0,100,Sell,228115552
2024-08-01 13:01:20,35600.0,1000,Sell,228115544
2024-08-01 13:01:20,35600.0,1000,Sell,228115534
2024-08-01 13:01:20,35600.0,200,Sell,228115542
2024-08-01 13:01:20,35600.0,3400,Sell,228115528
2024-08-01 13:01:20,35600.0,100,Sell,228115529
2024-08-01 13:01:20,35600.0,100,Sell,228115531
2024-08-01 13:01:20,35600.0,1000,Sell,228115532
2024-08-01 13:01:20,35600.0,200,Sell,228115533
2024-08-01 13:01:20,35600.0,100,Sell,228115535
2024-08-01 13:01:20,35600.0,100,Sell,228115530
2024-08-01 13:01:20,35600.0,2000,Sell,228115537
2024-08-01 13:01:20,35600.0,1000,Sell,228115538
2024-08-01 13:01:20,35600.0,100,Sell,228115539
2024-08-01 13:01:20,35600.0,1000,Sell,228115540
2024-08-01 13:01:20,35600.0,500,Sell,228115541
2024-08-01 13:01:20,35600.0,100,Sell,228115536
2024-08-01 13:01:20,35600.0,100,Sell,228115543
2024-08-01 13:01:22,35650.0,1000,Buy,228115655
2024-08-01 13:01:30,35650.0,100,Buy,228116047
2024-08-01 13:01:39,35650.0,400,Buy,228116742
2024-08-01 13:02:06,35600.0,100,Sell,228118311
2024-08-01 13:02:07,35600.0,500,Sell,228118356
2024-08-01 13:02:07,35600.0,100,Sell,228118359
2024-08-01 13:02:07,35600.0,500,Sell,228118358
2024-08-01 13:02:07,35600.0,500,Sell,228118357
2024-08-01 13:02:07,35600.0,200,Sell,228118355
2024-08-01 13:02:07,35600.0,100,Sell,228118353
2024-08-01 13:02:07,35600.0,100,Sell,228118352
2024-08-01 13:02:07,35600.0,100,Sell,228118351
2024-08-01 13:02:07,35600.0,100,Sell,228118350
2024-08-01 13:02:07,35600.0,100,Sell,228118349
2024-08-01 13:02:07,35600.0,500,Sell,228118354
2024-08-01 13:02:08,35550.0,500,Sell,228118388
2024-08-01 13:02:08,35550.0,500,Sell,228118389
2024-08-01 13:02:08,35550.0,500,Sell,228118390
2024-08-01 13:02:19,35600.0,500,Sell,228118922
2024-08-01 13:02:23,35600.0,500,Sell,228119243
2024-08-01 13:02:34,35600.0,100,Buy,228119750
2024-08-01 13:02:35,35600.0,400,Buy,228119795
2024-08-01 13:02:55,35600.0,200,Sell,228121024
2024-08-01 13:02:55,35600.0,400,Sell,228121021
2024-08-01 13:02:55,35600.0,300,Sell,228121022
2024-08-01 13:02:55,35600.0,500,Sell,228121023
2024-08-01 13:03:11,35550.0,500,Sell,228122048
2024-08-01 13:03:11,35550.0,200,Sell,228122049
2024-08-01 13:03:11,35550.0,300,Sell,228122050
2024-08-01 13:03:23,35550.0,200,Sell,228122638
2024-08-01 13:03:23,35550.0,100,Sell,228122639
2024-08-01 13:03:23,35550.0,100,Sell,228122640
2024-08-01 13:03:23,35550.0,100,Sell,228122641
2024-08-01 13:03:26,35550.0,200,Sell,228122760
2024-08-01 13:03:26,35550.0,100,Sell,228122761
2024-08-01 13:03:26,35550.0,500,Sell,228122763
2024-08-01 13:03:26,35550.0,100,Sell,228122762
2024-08-01 13:03:26,35550.0,1100,Sell,228122764
2024-08-01 13:03:31,35550.0,1000,Sell,228122969
2024-08-01 13:03:33,35550.0,200,Sell,228123040
2024-08-01 13:03:33,35500.0,100,Sell,228123072
2024-08-01 13:03:33,35500.0,100,Sell,228123073
2024-08-01 13:03:33,35500.0,5000,Sell,228123074
2024-08-01 13:03:33,35500.0,200,Sell,228123075
2024-08-01 13:03:33,35500.0,100,Sell,228123076
2024-08-01 13:03:33,35500.0,200,Sell,228123077
2024-08-01 13:03:33,35500.0,100,Sell,228123078
2024-08-01 13:03:33,35500.0,100,Sell,228123079
2024-08-01 13:03:33,35500.0,100,Sell,228123080
2024-08-01 13:03:33,35500.0,100,Sell,228123081
2024-08-01 13:03:33,35500.0,1100,Sell,228123082
2024-08-01 13:03:33,35500.0,1000,Sell,228123083
2024-08-01 13:03:33,35500.0,100,Sell,228123071
2024-08-01 13:03:33,35500.0,500,Sell,228123084
2024-08-01 13:03:33,35500.0,100,Sell,228123086
2024-08-01 13:03:33,35500.0,300,Sell,228123087
2024-08-01 13:03:33,35500.0,5000,Sell,228123088
2024-08-01 13:03:33,35500.0,2000,Sell,228123089
2024-08-01 13:03:33,35500.0,200,Sell,228123090
2024-08-01 13:03:33,35500.0,300,Sell,228123091
2024-08-01 13:03:33,35500.0,2000,Sell,228123092
2024-08-01 13:03:33,35500.0,300,Sell,228123093
2024-08-01 13:03:33,35500.0,3200,Sell,228123094
2024-08-01 13:03:33,35500.0,100,Sell,228123095
2024-08-01 13:03:33,35500.0,500,Sell,228123096
2024-08-01 13:03:33,35550.0,400,Sell,228123039
2024-08-01 13:03:33,35500.0,2000,Sell,228123085
2024-08-01 13:03:33,35500.0,100,Sell,228123070
2024-08-01 13:03:33,35500.0,800,Sell,228123098
2024-08-01 13:03:33,35500.0,2000,Sell,228123068
2024-08-01 13:03:33,35500.0,100,Sell,228123069
2024-08-01 13:03:33,35550.0,100,Sell,228123041
2024-08-01 13:03:33,35550.0,500,Sell,228123042
2024-08-01 13:03:33,35550.0,100,Sell,228123043
2024-08-01 13:03:33,35550.0,200,Sell,228123044
2024-08-01 13:03:33,35550.0,100,Sell,228123045
2024-08-01 13:03:33,35550.0,200,Sell,228123046
2024-08-01 13:03:33,35550.0,200,Sell,228123047
2024-08-01 13:03:33,35550.0,200,Sell,228123048
2024-08-01 13:03:33,35550.0,1000,Sell,228123049
2024-08-01 13:03:33,35550.0,500,Sell,228123050
2024-08-01 13:03:33,35550.0,10000,Sell,228123051
2024-08-01 13:03:33,35550.0,200,Sell,228123052
2024-08-01 13:03:33,35550.0,300,Sell,228123053
2024-08-01 13:03:33,35500.0,100,Sell,228123097
2024-08-01 13:03:33,35500.0,100,Sell,228123055
2024-08-01 13:03:33,35500.0,100,Sell,228123066
2024-08-01 13:03:33,35500.0,400,Sell,228123054
2024-08-01 13:03:33,35500.0,500,Sell,228123065
2024-08-01 13:03:33,35500.0,500,Sell,228123064
2024-08-01 13:03:33,35500.0,200,Sell,228123063
2024-08-01 13:03:33,35500.0,1000,Sell,228123062
2024-08-01 13:03:33,35500.0,100,Sell,228123067
2024-08-01 13:03:33,35500.0,500,Sell,228123060
2024-08-01 13:03:33,35500.0,500,Sell,228123059
2024-08-01 13:03:33,35500.0,2000,Sell,228123058
2024-08-01 13:03:33,35500.0,500,Sell,228123057
2024-08-01 13:03:33,35500.0,1000,Sell,228123056
2024-08-01 13:03:33,35500.0,500,Sell,228123061
2024-08-01 13:03:36,35550.0,300,Sell,228123219
2024-08-01 13:03:57,35550.0,300,Sell,228124305
2024-08-01 13:04:07,35550.0,700,Sell,228124740
2024-08-01 13:04:07,35550.0,3200,Sell,228124741
2024-08-01 13:04:30,35550.0,400,Buy,228126172
2024-08-01 13:04:46,35550.0,800,Buy,228127012
2024-08-01 13:04:46,35550.0,200,Buy,228127013
2024-08-01 13:04:47,35550.0,100,Buy,228127065
2024-08-01 13:05:11,35550.0,400,Buy,228128379
2024-08-01 13:05:11,35550.0,100,Buy,228128380
2024-08-01 13:05:12,35550.0,200,Buy,228128431
2024-08-01 13:05:12,35550.0,300,Buy,228128432
2024-08-01 13:05:15,35550.0,100,Buy,228128599
2024-08-01 13:05:16,35500.0,100,Sell,228128635
2024-08-01 13:05:16,35500.0,200,Sell,228128633
2024-08-01 13:05:16,35500.0,100,Sell,228128632
2024-08-01 13:05:16,35500.0,100,Sell,228128634
2024-08-01 13:05:21,35500.0,100,Sell,228128942
2024-08-01 13:05:21,35500.0,900,Sell,228128943
2024-08-01 13:05:21,35550.0,600,Buy,228128974
2024-08-01 13:05:21,35550.0,400,Buy,228128975
2024-08-01 13:05:23,35500.0,4100,Sell,228129056
2024-08-01 13:05:23,35500.0,1100,Sell,228129055
2024-08-01 13:05:23,35500.0,500,Sell,228129054
2024-08-01 13:05:23,35500.0,1000,Sell,228129051
2024-08-01 13:05:23,35500.0,1100,Sell,228129052
2024-08-01 13:05:23,35500.0,100,Sell,228129053
2024-08-01 13:05:23,35500.0,100,Sell,228129050
2024-08-01 13:05:25,35550.0,100,Buy,228129148
2024-08-01 13:05:40,35600.0,500,Buy,228130027
2024-08-01 13:05:41,35550.0,100,Sell,228130047
2024-08-01 13:05:53,35600.0,100,Buy,228130696
2024-08-01 13:06:02,35600.0,100,Buy,228131081
2024-08-01 13:06:02,35600.0,200,Buy,228131098
2024-08-01 13:06:03,35600.0,2000,Buy,228131150
2024-08-01 13:06:09,35600.0,300,Buy,228131382
2024-08-01 13:06:09,35600.0,500,Buy,228131381
2024-08-01 13:06:09,35600.0,1200,Buy,228131380
2024-08-01 13:06:10,35600.0,600,Buy,228131432
2024-08-01 13:06:22,35600.0,100,Sell,228131985
2024-08-01 13:06:28,35650.0,200,Buy,228132207
2024-08-01 13:06:46,35550.0,500,Sell,228133042
2024-08-01 13:06:46,35550.0,100,Sell,228133041
2024-08-01 13:06:46,35550.0,1300,Sell,228133040
2024-08-01 13:06:46,35550.0,1000,Sell,228133039
2024-08-01 13:06:46,35550.0,1000,Sell,228133038
2024-08-01 13:06:46,35550.0,1000,Sell,228133036
2024-08-01 13:06:46,35550.0,1800,Sell,228133035
2024-08-01 13:06:46,35600.0,100,Sell,228133034
2024-08-01 13:06:46,35600.0,100,Sell,228133033
2024-08-01 13:06:46,35550.0,1000,Sell,228133037
2024-08-01 13:06:46,35650.0,200,Buy,228133021
2024-08-01 13:06:48,35550.0,900,Buy,228133132
2024-08-01 13:06:55,35550.0,500,Buy,228133427
2024-08-01 13:06:56,35550.0,300,Buy,228133431
2024-08-01 13:06:57,35550.0,5400,Buy,228133494
2024-08-01 13:06:57,35550.0,5000,Buy,228133471
2024-08-01 13:07:22,35600.0,200,Sell,228134542
2024-08-01 13:07:27,35600.0,100,Sell,228134743
2024-08-01 13:07:44,35600.0,200,Sell,228135367
2024-08-01 13:07:44,35600.0,300,Sell,228135368
2024-08-01 13:07:56,35650.0,100,Buy,228135848
2024-08-01 13:07:56,35650.0,300,Buy,228135849
2024-08-01 13:08:28,35600.0,300,Sell,228136969
2024-08-01 13:08:40,35650.0,700,Buy,228137365
2024-08-01 13:08:47,35600.0,900,Sell,228137611
2024-08-01 13:08:47,35600.0,1000,Sell,228137612
2024-08-01 13:08:47,35600.0,100,Sell,228137613
2024-08-01 13:08:47,35600.0,2700,Sell,228137614
2024-08-01 13:08:47,35600.0,300,Sell,228137615
2024-08-01 13:08:50,35600.0,100,Sell,228137682
2024-08-01 13:08:51,35500.0,200,Sell,228137749
2024-08-01 13:08:51,35500.0,100,Sell,228137742
2024-08-01 13:08:51,35500.0,100,Sell,228137743
2024-08-01 13:08:51,35500.0,1000,Sell,228137744
2024-08-01 13:08:51,35500.0,1000,Sell,228137745
2024-08-01 13:08:51,35500.0,100,Sell,228137746
2024-08-01 13:08:51,35500.0,200,Sell,228137747
2024-08-01 13:08:51,35500.0,300,Sell,228137748
2024-08-01 13:08:51,35500.0,100,Sell,228137750
2024-08-01 13:08:51,35500.0,100,Sell,228137754
2024-08-01 13:08:51,35500.0,300,Sell,228137752
2024-08-01 13:08:51,35500.0,500,Sell,228137753
2024-08-01 13:08:51,35500.0,100,Sell,228137741
2024-08-01 13:08:51,35500.0,100,Sell,228137755
2024-08-01 13:08:51,35500.0,100,Sell,228137756
2024-08-01 13:08:51,35500.0,100,Sell,228137757
2024-08-01 13:08:51,35450.0,100,Sell,228137758
2024-08-01 13:08:51,35450.0,100,Sell,228137759
2024-08-01 13:08:51,35450.0,200,Sell,228137760
2024-08-01 13:08:51,35450.0,1500,Sell,228137761
2024-08-01 13:08:51,35500.0,200,Sell,228137751
2024-08-01 13:08:51,35500.0,200,Sell,228137740
2024-08-01 13:08:51,35500.0,100,Sell,228137736
2024-08-01 13:08:51,35500.0,100,Sell,228137738
2024-08-01 13:08:51,35600.0,100,Sell,228137716
2024-08-01 13:08:51,35600.0,100,Sell,228137717
2024-08-01 13:08:51,35600.0,500,Sell,228137718
2024-08-01 13:08:51,35600.0,100,Sell,228137719
2024-08-01 13:08:51,35600.0,300,Sell,228137720
2024-08-01 13:08:51,35550.0,100,Sell,228137721
2024-08-01 13:08:51,35550.0,500,Sell,228137722
2024-08-01 13:08:51,35550.0,100,Sell,228137723
2024-08-01 13:08:51,35550.0,5000,Sell,228137724
2024-08-01 13:08:51,35500.0,100,Sell,228137739
2024-08-01 13:08:51,35550.0,300,Sell,228137725
2024-08-01 13:08:51,35550.0,2000,Sell,228137727
2024-08-01 13:08:51,35550.0,100,Sell,228137728
2024-08-01 13:08:51,35550.0,1000,Sell,228137729
2024-08-01 13:08:51,35500.0,5900,Sell,228137730
2024-08-01 13:08:51,35500.0,1800,Sell,228137731
2024-08-01 13:08:51,35500.0,1000,Sell,228137732
2024-08-01 13:08:51,35500.0,200,Sell,228137733
2024-08-01 13:08:51,35500.0,500,Sell,228137734
2024-08-01 13:08:51,35500.0,100,Sell,228137737
2024-08-01 13:08:51,35550.0,100,Sell,228137726
2024-08-01 13:08:51,35500.0,200,Sell,228137735
2024-08-01 13:08:52,35400.0,100,Sell,228137828
2024-08-01 13:08:52,35400.0,500,Sell,228137845
2024-08-01 13:08:52,35450.0,100,Sell,228137826
2024-08-01 13:08:52,35450.0,100,Sell,228137825
2024-08-01 13:08:52,35450.0,100,Sell,228137827
2024-08-01 13:08:52,35450.0,500,Sell,228137824
2024-08-01 13:09:09,35600.0,100,Sell,228138400
2024-08-01 13:09:19,35500.0,100,Sell,228138748
2024-08-01 13:09:19,35400.0,100,Sell,228138749
2024-08-01 13:09:19,35400.0,200,Sell,228138750
2024-08-01 13:09:19,35400.0,100,Sell,228138751
2024-08-01 13:09:32,35450.0,300,Sell,228139150
2024-08-01 13:09:32,35400.0,100,Sell,228139151
2024-08-01 13:09:32,35400.0,100,Sell,228139152
2024-08-01 13:09:32,35400.0,100,Sell,228139153
2024-08-01 13:09:32,35400.0,400,Sell,228139154
2024-08-01 13:09:38,35400.0,300,Sell,228139326
2024-08-01 13:09:49,35450.0,500,Sell,228139785
2024-08-01 13:09:49,35550.0,200,Sell,228139784
2024-08-01 13:09:52,35450.0,200,Buy,228139886
2024-08-01 13:10:00,35450.0,100,Buy,228140212
2024-08-01 13:10:07,35600.0,500,Buy,228140492
2024-08-01 13:10:14,35500.0,300,Sell,228140753
2024-08-01 13:10:14,35600.0,100,Buy,228140754
2024-08-01 13:10:19,35600.0,200,Buy,228140940
2024-08-01 13:10:19,35600.0,4600,Buy,228140941
2024-08-01 13:10:25,35600.0,100,Buy,228141123
2024-08-01 13:10:26,35600.0,3000,Buy,228141172
2024-08-01 13:10:28,35600.0,500,Buy,228141277
2024-08-01 13:10:28,35600.0,100,Buy,228141285
2024-08-01 13:10:28,35600.0,2000,Buy,228141286
2024-08-01 13:10:28,35600.0,800,Buy,228141287
2024-08-01 13:10:29,35650.0,100,Buy,228141333
2024-08-01 13:10:39,35650.0,100,Buy,228141635
2024-08-01 13:10:47,35650.0,500,Buy,228141925
2024-08-01 13:10:52,35650.0,200,Buy,228142067
2024-08-01 13:10:59,35600.0,600,Sell,228142347
2024-08-01 13:10:59,35600.0,100,Sell,228142348
2024-08-01 13:11:01,35600.0,300,Buy,228142381
2024-08-01 13:11:01,35650.0,1700,Buy,228142382
2024-08-01 13:11:17,35650.0,100,Buy,228142968
2024-08-01 13:11:36,35600.0,300,Buy,228143594
2024-08-01 13:11:36,35650.0,1700,Buy,228143595
2024-08-01 13:11:46,35650.0,100,Buy,228143870
2024-08-01 13:11:46,35650.0,2000,Buy,228143871
2024-08-01 13:11:46,35650.0,900,Buy,228143872
2024-08-01 13:12:45,35600.0,1500,Sell,228146014
2024-08-01 13:12:45,35600.0,100,Sell,228146013
2024-08-01 13:12:45,35600.0,100,Sell,228146011
2024-08-01 13:12:45,35600.0,300,Sell,228146010
2024-08-01 13:12:45,35600.0,100,Sell,228146012
2024-08-01 13:12:46,35600.0,5000,Sell,228146043
2024-08-01 13:13:13,35600.0,5000,Sell,228147384
2024-08-01 13:13:14,35600.0,1700,Sell,228147447
2024-08-01 13:13:20,35600.0,100,Sell,228147824
2024-08-01 13:13:21,35600.0,1700,Sell,228147900
2024-08-01 13:13:21,35600.0,200,Sell,228147901
2024-08-01 13:13:21,35600.0,100,Sell,228147902
2024-08-01 13:13:21,35600.0,100,Sell,228147903
2024-08-01 13:13:21,35600.0,200,Sell,228147904
2024-08-01 13:13:41,35600.0,200,Buy,228148692
2024-08-01 13:13:45,35600.0,3600,Buy,228148856
2024-08-01 13:14:01,35600.0,100,Buy,228149724
2024-08-01 13:14:09,35550.0,1000,Sell,228150208
2024-08-01 13:14:09,35550.0,200,Sell,228150207
2024-08-01 13:14:09,35550.0,100,Sell,228150209
2024-08-01 13:14:26,35550.0,200,Buy,228151138
2024-08-01 13:14:26,35550.0,200,Buy,228151139
