time,price,volume,match_type,id
2024-08-23 09:14:37,43600.0,16600,ATO/ATC,234118961
2024-08-23 09:14:50,43600.0,1900,Sell,234119314
2024-08-23 09:14:51,43650.0,3200,Buy,234119345
2024-08-23 09:14:51,43650.0,100,Buy,234119344
2024-08-23 09:15:08,43650.0,1500,Buy,234119606
2024-08-23 09:15:38,43650.0,500,Buy,234120192
2024-08-23 09:15:38,43650.0,100,Buy,234120191
2024-08-23 09:15:38,43650.0,300,Buy,234120187
2024-08-23 09:15:38,43650.0,200,Buy,234120189
2024-08-23 09:15:38,43650.0,100,Buy,234120190
2024-08-23 09:15:38,43650.0,3000,Buy,234120188
2024-08-23 09:15:48,43650.0,200,Sell,234120471
2024-08-23 09:15:52,43650.0,400,Sell,234120546
2024-08-23 09:15:52,43650.0,600,Sell,234120545
2024-08-23 09:15:52,43650.0,600,Sell,234120559
2024-08-23 09:15:54,43650.0,200,Buy,234120591
2024-08-23 09:15:55,43700.0,100,Buy,234120609
2024-08-23 09:15:55,43700.0,400,Buy,234120610
2024-08-23 09:15:55,43650.0,200,Buy,234120608
2024-08-23 09:16:03,43700.0,100,Buy,234120850
2024-08-23 09:16:03,43700.0,800,Buy,234120851
2024-08-23 09:16:22,43650.0,400,Sell,234121352
2024-08-23 09:16:22,43650.0,100,Sell,234121353
2024-08-23 09:16:29,43650.0,100,Buy,234121552
2024-08-23 09:16:43,43600.0,1000,Sell,234121867
2024-08-23 09:16:43,43600.0,5000,Sell,234121868
2024-08-23 09:16:43,43600.0,3000,Sell,234121869
2024-08-23 09:16:43,43600.0,100,Sell,234121870
2024-08-23 09:16:44,43550.0,1500,Sell,234121890
2024-08-23 09:16:45,43550.0,1500,Sell,234121903
2024-08-23 09:16:57,43500.0,300,Sell,234122208
2024-08-23 09:16:57,43500.0,100,Sell,234122209
2024-08-23 09:16:57,43500.0,400,Sell,234122210
2024-08-23 09:16:59,43500.0,2600,Sell,234122225
2024-08-23 09:16:59,43500.0,100,Sell,234122226
2024-08-23 09:17:10,43450.0,100,Sell,234122464
2024-08-23 09:17:31,43400.0,300,Sell,234123139
2024-08-23 09:17:31,43400.0,100,Sell,234123140
2024-08-23 09:17:33,43400.0,100,Buy,234123189
2024-08-23 09:17:38,43300.0,4400,Sell,234123309
2024-08-23 09:17:38,43300.0,100,Sell,234123310
2024-08-23 09:18:03,43300.0,400,Sell,234124005
2024-08-23 09:18:15,43350.0,300,Buy,234124436
2024-08-23 09:18:18,43300.0,100,Sell,234124518
2024-08-23 09:18:19,43350.0,500,Buy,234124543
2024-08-23 09:18:25,43350.0,700,Buy,234124693
2024-08-23 09:18:28,43350.0,100,Sell,234124745
2024-08-23 09:18:34,43350.0,200,Sell,234124873
2024-08-23 09:18:34,43350.0,200,Sell,234124874
2024-08-23 09:18:34,43350.0,200,Sell,234124875
2024-08-23 09:18:34,43350.0,400,Sell,234124876
2024-08-23 09:18:38,43400.0,100,Buy,234125009
2024-08-23 09:18:39,43350.0,100,Sell,234125028
2024-08-23 09:18:39,43350.0,400,Sell,234125029
2024-08-23 09:18:45,43350.0,100,Sell,234125201
2024-08-23 09:18:45,43300.0,500,Sell,234125202
2024-08-23 09:18:45,43300.0,100,Sell,234125203
2024-08-23 09:18:57,43350.0,800,Sell,234125488
2024-08-23 09:19:14,43350.0,100,Sell,234125970
2024-08-23 09:19:14,43350.0,1200,Sell,234125969
2024-08-23 09:19:22,43300.0,100,Sell,234126205
2024-08-23 09:19:43,43300.0,100,Sell,234126700
2024-08-23 09:19:45,43300.0,1700,Sell,234126719
2024-08-23 09:19:45,43300.0,300,Sell,234126720
2024-08-23 09:19:45,43300.0,100,Sell,234126733
2024-08-23 09:19:48,43300.0,500,Sell,234126792
2024-08-23 09:19:48,43300.0,3000,Sell,234126795
2024-08-23 09:20:08,43300.0,2700,Sell,234127297
2024-08-23 09:20:15,43350.0,900,Buy,234127488
2024-08-23 09:20:22,43300.0,1000,Sell,234127661
2024-08-23 09:20:22,43300.0,1000,Sell,234127660
2024-08-23 09:20:22,43300.0,600,Sell,234127659
2024-08-23 09:20:22,43300.0,1500,Sell,234127658
2024-08-23 09:20:22,43300.0,500,Sell,234127656
2024-08-23 09:20:22,43300.0,200,Sell,234127657
2024-08-23 09:20:22,43300.0,3400,Sell,234127655
2024-08-23 09:20:34,43250.0,100,Sell,234127931
2024-08-23 09:20:43,43300.0,100,Sell,234128162
2024-08-23 09:21:29,43350.0,500,Buy,234129375
2024-08-23 09:21:38,43350.0,1000,Buy,234129635
2024-08-23 09:21:42,43350.0,200,Buy,234129721
2024-08-23 09:21:43,43350.0,1000,Buy,234129768
2024-08-23 09:21:47,43350.0,500,Buy,234129882
2024-08-23 09:21:52,43350.0,100,Buy,234129990
2024-08-23 09:22:07,43350.0,1000,Buy,234130366
2024-08-23 09:22:08,43350.0,500,Buy,234130375
2024-08-23 09:22:11,43350.0,200,Buy,234130445
2024-08-23 09:22:14,43350.0,2000,Buy,234130501
2024-08-23 09:22:17,43300.0,3700,Sell,234130550
2024-08-23 09:22:17,43300.0,200,Sell,234130555
2024-08-23 09:22:19,43350.0,1000,Buy,234130603
2024-08-23 09:22:20,43300.0,1000,Sell,234130644
2024-08-23 09:22:20,43300.0,700,Sell,234130645
2024-08-23 09:22:20,43300.0,200,Sell,234130646
2024-08-23 09:22:20,43300.0,700,Sell,234130647
2024-08-23 09:22:32,43350.0,100,Buy,234130912
2024-08-23 09:22:39,43300.0,1700,Sell,234131159
2024-08-23 09:22:39,43300.0,200,Sell,234131158
2024-08-23 09:22:39,43300.0,500,Sell,234131157
2024-08-23 09:22:39,43300.0,300,Sell,234131154
2024-08-23 09:22:39,43300.0,100,Sell,234131156
2024-08-23 09:22:39,43300.0,1000,Sell,234131152
2024-08-23 09:22:39,43300.0,200,Sell,234131153
2024-08-23 09:22:39,43300.0,1300,Sell,234131148
2024-08-23 09:22:39,43300.0,200,Sell,234131149
2024-08-23 09:22:39,43300.0,3000,Sell,234131155
2024-08-23 09:22:39,43300.0,1000,Sell,234131151
2024-08-23 09:22:39,43300.0,500,Sell,234131150
2024-08-23 09:22:42,43350.0,1000,Buy,234131208
2024-08-23 09:22:43,43300.0,300,Sell,234131234
2024-08-23 09:22:43,43300.0,1000,Sell,234131235
2024-08-23 09:22:43,43300.0,1000,Sell,234131236
2024-08-23 09:22:43,43300.0,100,Sell,234131237
2024-08-23 09:22:43,43300.0,100,Sell,234131238
2024-08-23 09:22:43,43300.0,500,Sell,234131239
2024-08-23 09:22:48,43300.0,100,Buy,234131365
2024-08-23 09:23:00,43300.0,500,Sell,234131654
2024-08-23 09:23:00,43300.0,300,Sell,234131653
2024-08-23 09:23:00,43300.0,100,Sell,234131652
2024-08-23 09:23:03,43300.0,500,Sell,234131718
2024-08-23 09:23:08,43300.0,100,Sell,234131841
2024-08-23 09:23:08,43300.0,1000,Sell,234131842
2024-08-23 09:23:08,43300.0,4400,Sell,234131843
2024-08-23 09:23:08,43300.0,200,Sell,234131844
2024-08-23 09:23:08,43300.0,1000,Sell,234131845
2024-08-23 09:23:12,43300.0,100,Buy,234131992
2024-08-23 09:23:15,43300.0,300,Buy,234132028
2024-08-23 09:23:28,43300.0,100,Buy,234132308
2024-08-23 09:23:30,43300.0,2000,Buy,234132396
2024-08-23 09:23:31,43300.0,200,Buy,234132402
2024-08-23 09:23:35,43300.0,200,Buy,234132510
2024-08-23 09:23:36,43250.0,300,Sell,234132531
2024-08-23 09:24:00,43300.0,400,Buy,234133157
2024-08-23 09:24:18,43300.0,1000,Buy,234133653
2024-08-23 09:24:21,43300.0,4000,Buy,234133701
2024-08-23 09:24:23,43300.0,500,Buy,234133734
2024-08-23 09:24:26,43300.0,800,Buy,234133790
2024-08-23 09:24:26,43300.0,100,Buy,234133789
2024-08-23 09:24:26,43300.0,3600,Buy,234133786
2024-08-23 09:24:26,43300.0,5000,Buy,234133787
2024-08-23 09:24:26,43300.0,500,Buy,234133788
2024-08-23 09:24:29,43300.0,1200,Buy,234133857
2024-08-23 09:24:30,43300.0,500,Buy,234133860
2024-08-23 09:24:32,43300.0,1000,Buy,234133898
2024-08-23 09:24:32,43300.0,3500,Buy,234133902
2024-08-23 09:24:32,43300.0,100,Buy,234133903
2024-08-23 09:24:32,43300.0,300,Buy,234133904
2024-08-23 09:24:32,43300.0,1100,Buy,234133905
2024-08-23 09:24:32,43300.0,1000,Buy,234133906
2024-08-23 09:24:36,43300.0,100,Buy,234133983
2024-08-23 09:24:37,43300.0,800,Buy,234134020
2024-08-23 09:24:51,43350.0,100,Buy,234134392
2024-08-23 09:25:00,43350.0,300,Buy,234134563
2024-08-23 09:25:01,43350.0,5200,Buy,234134579
2024-08-23 09:25:01,43350.0,900,Buy,234134578
2024-08-23 09:25:14,43350.0,1000,Buy,234134943
2024-08-23 09:25:15,43350.0,100,Buy,234134995
2024-08-23 09:25:19,43350.0,200,Buy,234135071
2024-08-23 09:25:26,43350.0,1000,Buy,234135251
2024-08-23 09:25:28,43350.0,5000,Buy,234135280
2024-08-23 09:25:28,43350.0,2000,Buy,234135287
2024-08-23 09:25:29,43350.0,10000,Buy,234135305
2024-08-23 09:25:29,43350.0,33600,Buy,234135311
2024-08-23 09:25:31,43350.0,2000,Buy,234135364
2024-08-23 09:25:33,43350.0,900,Buy,234135428
2024-08-23 09:25:34,43350.0,1000,Buy,234135439
2024-08-23 09:25:35,43350.0,1000,Buy,234135500
2024-08-23 09:25:36,43350.0,1000,Buy,234135509
2024-08-23 09:25:36,43350.0,100,Buy,234135510
2024-08-23 09:25:38,43350.0,1000,Buy,234135555
2024-08-23 09:25:39,43350.0,500,Buy,234135569
2024-08-23 09:25:40,43350.0,10000,Buy,234135574
2024-08-23 09:25:40,43350.0,15000,Buy,234135575
2024-08-23 09:25:40,43350.0,9400,Buy,234135596
2024-08-23 09:25:40,43350.0,5000,Buy,234135597
2024-08-23 09:25:40,43350.0,1500,Buy,234135598
2024-08-23 09:25:51,43450.0,100,Buy,234135869
2024-08-23 09:25:51,43450.0,7000,Buy,234135870
2024-08-23 09:26:13,43450.0,100,Sell,234136581
2024-08-23 09:26:19,43500.0,800,Buy,234136719
2024-08-23 09:26:24,43500.0,1000,Buy,234136857
2024-08-23 09:26:28,43500.0,200,Buy,234136933
2024-08-23 09:26:28,43500.0,200,Buy,234136932
2024-08-23 09:26:30,43500.0,1600,Sell,234136983
2024-08-23 09:26:30,43450.0,300,Sell,234136984
2024-08-23 09:26:30,43450.0,600,Sell,234136985
2024-08-23 09:26:30,43450.0,500,Sell,234136986
2024-08-23 09:26:34,43550.0,100,Buy,234137122
2024-08-23 09:26:35,43600.0,700,Buy,234137128
2024-08-23 09:26:35,43600.0,400,Buy,234137129
2024-08-23 09:26:35,43600.0,5000,Buy,234137130
2024-08-23 09:26:44,43650.0,500,Buy,234137380
2024-08-23 09:26:51,43650.0,1000,Buy,234137559
2024-08-23 09:26:55,43650.0,200,Buy,234137664
2024-08-23 09:26:58,43650.0,500,Buy,234137727
2024-08-23 09:27:01,43650.0,1500,Buy,234137840
2024-08-23 09:27:04,43650.0,200,Buy,234137954
2024-08-23 09:27:04,43650.0,800,Buy,234137955
2024-08-23 09:27:09,43650.0,300,Buy,234138120
2024-08-23 09:27:09,43650.0,700,Buy,234138121
2024-08-23 09:27:11,43650.0,100,Buy,234138159
2024-08-23 09:27:14,43650.0,100,Buy,234138260
2024-08-23 09:27:15,43650.0,1100,Buy,234138289
2024-08-23 09:27:21,43650.0,100,Sell,234138467
2024-08-23 09:27:25,43700.0,100,Buy,234138578
2024-08-23 09:27:25,43700.0,100,Buy,234138579
2024-08-23 09:27:25,43700.0,100,Buy,234138580
2024-08-23 09:27:26,43700.0,100,Buy,234138600
2024-08-23 09:27:26,43700.0,200,Buy,234138601
2024-08-23 09:27:26,43700.0,100,Buy,234138602
2024-08-23 09:27:26,43700.0,1000,Buy,234138603
2024-08-23 09:27:39,43800.0,700,Buy,234139027
2024-08-23 09:27:39,43800.0,100,Buy,234139025
2024-08-23 09:27:39,43800.0,200,Buy,234139026
2024-08-23 09:27:39,43750.0,1000,Buy,234139024
2024-08-23 09:27:40,43700.0,100,Sell,234139048
2024-08-23 09:27:46,43750.0,700,Buy,234139251
2024-08-23 09:27:47,43750.0,100,Buy,234139297
2024-08-23 09:27:52,43750.0,500,Buy,234139400
2024-08-23 09:28:01,43750.0,700,Buy,234139689
2024-08-23 09:28:03,43750.0,100,Sell,234139778
2024-08-23 09:28:05,43800.0,2000,Buy,234139814
2024-08-23 09:28:05,43800.0,900,Buy,234139816
2024-08-23 09:28:05,43800.0,100,Buy,234139815
2024-08-23 09:28:05,43800.0,3000,Buy,234139813
2024-08-23 09:28:05,43800.0,100,Buy,234139811
2024-08-23 09:28:05,43800.0,1300,Buy,234139808
2024-08-23 09:28:05,43800.0,500,Buy,234139812
2024-08-23 09:28:05,43800.0,200,Buy,234139810
2024-08-23 09:28:05,43800.0,1900,Buy,234139809
2024-08-23 09:28:11,43800.0,300,Buy,234139961
2024-08-23 09:28:13,43800.0,300,Buy,234140028
2024-08-23 09:28:13,43800.0,100,Buy,234140029
2024-08-23 09:28:14,43800.0,1000,Sell,234140083
2024-08-23 09:28:18,43850.0,300,Buy,234140208
2024-08-23 09:28:18,43850.0,100,Buy,234140209
2024-08-23 09:28:18,43850.0,1000,Buy,234140210
2024-08-23 09:28:20,43800.0,500,Sell,234140256
2024-08-23 09:28:23,43850.0,2200,Buy,234140323
2024-08-23 09:28:23,43850.0,1000,Buy,234140322
2024-08-23 09:28:28,43900.0,1000,Buy,234140423
2024-08-23 09:28:28,43900.0,100,Buy,234140422
2024-08-23 09:28:28,43900.0,200,Buy,234140420
2024-08-23 09:28:28,43900.0,2000,Buy,234140421
2024-08-23 09:28:28,43900.0,200,Buy,234140419
2024-08-23 09:28:28,43900.0,500,Buy,234140415
2024-08-23 09:28:28,43900.0,100,Buy,234140417
2024-08-23 09:28:28,43900.0,200,Buy,234140416
2024-08-23 09:28:28,43900.0,200,Buy,234140414
2024-08-23 09:28:28,43900.0,300,Buy,234140418
2024-08-23 09:28:28,43900.0,200,Buy,234140413
2024-08-23 09:28:32,43850.0,1800,Sell,234140610
2024-08-23 09:28:32,43850.0,200,Sell,234140611
2024-08-23 09:28:33,43900.0,300,Buy,234140617
2024-08-23 09:28:36,43950.0,100,Buy,234140699
2024-08-23 09:28:36,43950.0,100,Buy,234140698
2024-08-23 09:28:36,43900.0,2700,Buy,234140696
2024-08-23 09:28:36,43900.0,100,Buy,234140697
2024-08-23 09:28:45,43900.0,100,Sell,234140950
2024-08-23 09:28:46,43950.0,4400,Buy,234140976
2024-08-23 09:28:46,43950.0,100,Buy,234140974
2024-08-23 09:28:46,43950.0,500,Buy,234140975
2024-08-23 09:28:51,43900.0,900,Sell,234141122
2024-08-23 09:28:51,43900.0,400,Sell,234141123
2024-08-23 09:28:53,43900.0,100,Buy,234141211
2024-08-23 09:28:54,43850.0,2100,Sell,234141228
2024-08-23 09:28:54,43850.0,300,Sell,234141229
2024-08-23 09:28:54,43850.0,800,Sell,234141230
2024-08-23 09:29:02,43850.0,100,Buy,234141519
2024-08-23 09:29:02,43850.0,3000,Buy,234141525
2024-08-23 09:29:02,43850.0,200,Buy,234141535
2024-08-23 09:29:02,43900.0,10000,Buy,234141536
2024-08-23 09:29:03,43850.0,100,Sell,234141547
2024-08-23 09:29:03,43850.0,100,Sell,234141548
2024-08-23 09:29:04,43800.0,100,Sell,234141596
2024-08-23 09:29:04,43800.0,100,Sell,234141595
2024-08-23 09:29:14,43850.0,500,Buy,234141899
2024-08-23 09:29:14,43800.0,200,Buy,234141892
2024-08-23 09:29:20,43850.0,500,Buy,234142039
2024-08-23 09:29:35,43900.0,1600,Buy,234142483
2024-08-23 09:29:35,43900.0,200,Buy,234142484
2024-08-23 09:29:35,43900.0,200,Buy,234142485
2024-08-23 09:29:35,43900.0,300,Buy,234142486
2024-08-23 09:29:35,43900.0,500,Buy,234142487
2024-08-23 09:29:35,43900.0,5000,Buy,234142488
2024-08-23 09:29:35,43900.0,1000,Buy,234142489
2024-08-23 09:29:35,43900.0,1200,Buy,234142490
2024-08-23 09:29:37,43850.0,1500,Sell,234142579
2024-08-23 09:29:38,43850.0,100,Sell,234142607
2024-08-23 09:29:39,43850.0,300,Sell,234142688
2024-08-23 09:29:39,43850.0,1900,Sell,234142687
2024-08-23 09:29:49,43950.0,200,Buy,234143050
2024-08-23 09:29:49,43900.0,4600,Buy,234143047
2024-08-23 09:29:49,43900.0,3000,Buy,234143046
2024-08-23 09:29:49,43850.0,3000,Buy,234143041
2024-08-23 09:29:49,43900.0,1500,Buy,234143044
2024-08-23 09:29:49,43900.0,300,Buy,234143043
2024-08-23 09:29:49,43900.0,5800,Buy,234143042
2024-08-23 09:29:49,43900.0,1000,Buy,234143045
2024-08-23 09:29:50,43900.0,300,Sell,234143067
2024-08-23 09:29:51,43900.0,500,Sell,234143121
2024-08-23 09:30:02,43900.0,2000,Sell,234143437
2024-08-23 09:30:03,43900.0,8000,Sell,234143464
2024-08-23 09:30:03,43900.0,500,Sell,234143465
2024-08-23 09:30:04,43900.0,500,Sell,234143515
2024-08-23 09:30:06,43900.0,500,Sell,234143564
2024-08-23 09:30:20,43900.0,4300,Sell,234143980
2024-08-23 09:30:20,43900.0,500,Buy,234143966
2024-08-23 09:30:20,43900.0,100,Buy,234143967
2024-08-23 09:30:21,43900.0,300,Sell,234144002
2024-08-23 09:30:26,43900.0,200,Sell,234144181
2024-08-23 09:30:28,43900.0,900,Sell,234144214
2024-08-23 09:30:35,43900.0,100,Sell,234144403
2024-08-23 09:30:36,43950.0,2900,Buy,234144428
2024-08-23 09:30:39,43950.0,100,Buy,234144551
2024-08-23 09:30:55,43950.0,100,Buy,234145016
2024-08-23 09:30:55,43950.0,200,Buy,234145017
2024-08-23 09:30:56,43950.0,2000,Buy,234145057
2024-08-23 09:30:56,43950.0,1300,Buy,234145058
2024-08-23 09:30:56,43950.0,200,Buy,234145056
2024-08-23 09:30:56,43950.0,500,Buy,234145054
2024-08-23 09:30:56,43950.0,2000,Buy,234145055
2024-08-23 09:31:02,43950.0,100,Buy,234145292
2024-08-23 09:31:07,43950.0,100,Buy,234145419
2024-08-23 09:31:13,43900.0,100,Sell,234145543
2024-08-23 09:31:25,43900.0,2000,Sell,234145844
2024-08-23 09:31:29,43950.0,200,Buy,234146012
2024-08-23 09:31:30,43900.0,100,Sell,234146017
2024-08-23 09:31:30,43900.0,500,Sell,234146018
2024-08-23 09:31:31,43900.0,100,Sell,234146049
2024-08-23 09:31:42,43950.0,500,Buy,234146362
2024-08-23 09:31:45,43900.0,2500,Sell,234146462
2024-08-23 09:31:53,43900.0,3000,Sell,234146695
2024-08-23 09:31:59,43950.0,1000,Buy,234146848
2024-08-23 09:31:59,43900.0,1000,Sell,234146849
2024-08-23 09:32:00,43900.0,2000,Sell,234146864
2024-08-23 09:32:01,43900.0,500,Sell,234146915
2024-08-23 09:32:03,43900.0,100,Sell,234146953
2024-08-23 09:32:04,43900.0,1000,Sell,234146964
2024-08-23 09:32:04,43900.0,5700,Sell,234146974
2024-08-23 09:32:04,43900.0,4300,Sell,234146975
2024-08-23 09:32:04,43900.0,200,Sell,234146995
2024-08-23 09:32:05,43900.0,500,Sell,234147022
2024-08-23 09:32:05,43900.0,700,Sell,234147023
2024-08-23 09:32:19,43900.0,200,Buy,234147392
2024-08-23 09:32:19,43900.0,200,Buy,234147393
2024-08-23 09:32:22,43800.0,2000,Sell,234147466
2024-08-23 09:32:22,43800.0,5000,Sell,234147467
2024-08-23 09:32:22,43800.0,1000,Sell,234147468
2024-08-23 09:32:22,43800.0,2000,Sell,234147469
2024-08-23 09:32:27,43800.0,900,Sell,234147603
2024-08-23 09:32:27,43800.0,100,Sell,234147602
2024-08-23 09:32:32,43800.0,1000,Buy,234147710
2024-08-23 09:32:32,43800.0,100,Sell,234147704
2024-08-23 09:32:32,43800.0,1800,Sell,234147705
2024-08-23 09:32:33,43800.0,100,Buy,234147733
2024-08-23 09:32:46,43800.0,200,Sell,234148048
2024-08-23 09:32:46,43800.0,100,Sell,234148049
2024-08-23 09:32:49,43800.0,100,Buy,234148108
2024-08-23 09:33:06,43800.0,100,Sell,234148440
2024-08-23 09:33:17,43800.0,100,Sell,234148785
2024-08-23 09:33:37,43800.0,500,Sell,234149276
2024-08-23 09:33:49,43800.0,100,Sell,234149550
2024-08-23 09:33:50,43800.0,500,Sell,234149575
2024-08-23 09:33:59,43800.0,1000,Sell,234149770
2024-08-23 09:34:07,43800.0,1000,Sell,234149905
2024-08-23 09:34:18,43800.0,1000,Sell,234150148
2024-08-23 09:34:20,43800.0,100,Sell,234150178
2024-08-23 09:34:22,43800.0,100,Sell,234150226
2024-08-23 09:34:42,43800.0,300,Sell,234150842
2024-08-23 09:34:43,43800.0,100,Sell,234150930
2024-08-23 09:34:43,43800.0,100,Sell,234150931
2024-08-23 09:34:43,43800.0,100,Sell,234150932
2024-08-23 09:34:43,43800.0,2200,Sell,234150933
2024-08-23 09:34:44,43800.0,300,Sell,234150992
2024-08-23 09:34:45,43800.0,300,Sell,234151028
2024-08-23 09:34:45,43800.0,200,Sell,234151029
2024-08-23 09:34:45,43800.0,300,Sell,234151030
2024-08-23 09:34:47,43800.0,500,Sell,234151114
2024-08-23 09:34:49,43800.0,100,Sell,234151181
2024-08-23 09:34:56,43800.0,100,Sell,234151309
2024-08-23 09:34:56,43800.0,100,Sell,234151310
2024-08-23 09:35:04,43750.0,500,Sell,234151537
2024-08-23 09:35:15,43750.0,500,Sell,234151862
2024-08-23 09:35:15,43750.0,500,Sell,234151861
2024-08-23 09:35:32,43750.0,800,Sell,234152179
2024-08-23 09:35:38,43750.0,600,Sell,234152276
2024-08-23 09:35:38,43750.0,100,Sell,234152280
2024-08-23 09:36:06,43750.0,100,Sell,234152935
2024-08-23 09:36:10,43750.0,500,Sell,234153183
2024-08-23 09:36:20,43750.0,500,Sell,234153430
2024-08-23 09:36:26,43750.0,500,Sell,234153564
2024-08-23 09:36:31,43750.0,200,Sell,234153713
2024-08-23 09:36:31,43750.0,100,Sell,234153714
2024-08-23 09:36:42,43750.0,100,Sell,234153959
2024-08-23 09:36:44,43750.0,500,Sell,234153997
2024-08-23 09:36:46,43750.0,600,Sell,234154127
2024-08-23 09:36:49,43750.0,2100,Sell,234154179
2024-08-23 09:36:50,43750.0,600,Sell,234154220
2024-08-23 09:36:51,43750.0,1000,Sell,234154236
2024-08-23 09:36:51,43750.0,100,Sell,234154238
2024-08-23 09:37:04,43750.0,100,Buy,234154549
2024-08-23 09:37:44,43700.0,500,Sell,234155615
2024-08-23 09:37:44,43700.0,300,Sell,234155616
2024-08-23 09:37:44,43700.0,9200,Sell,234155617
2024-08-23 09:37:46,43700.0,500,Sell,234155646
2024-08-23 09:37:49,43700.0,300,Sell,234155719
2024-08-23 09:37:49,43700.0,300,Sell,234155720
2024-08-23 09:37:55,43700.0,1000,Sell,234155858
2024-08-23 09:37:57,43700.0,100,Sell,234155896
2024-08-23 09:38:11,43700.0,1300,Sell,234156220
2024-08-23 09:38:11,43700.0,200,Sell,234156213
2024-08-23 09:38:11,43700.0,700,Sell,234156219
2024-08-23 09:38:15,43700.0,500,Sell,234156337
2024-08-23 09:38:22,43700.0,200,Sell,234156475
2024-08-23 09:38:22,43700.0,100,Sell,234156476
2024-08-23 09:38:22,43700.0,700,Sell,234156500
2024-08-23 09:38:39,43700.0,500,Sell,234156823
2024-08-23 09:38:40,43700.0,700,Sell,234156845
2024-08-23 09:38:40,43700.0,300,Sell,234156846
2024-08-23 09:38:45,43700.0,500,Sell,234156930
2024-08-23 09:38:46,43700.0,200,Sell,234156963
2024-08-23 09:39:31,43650.0,1000,Sell,234157836
2024-08-23 09:39:41,43650.0,2000,Sell,234157984
2024-08-23 09:39:41,43650.0,100,Sell,234157985
2024-08-23 09:39:41,43650.0,100,Sell,234157986
2024-08-23 09:39:41,43650.0,800,Sell,234157987
2024-08-23 09:39:50,43650.0,100,Sell,234158164
2024-08-23 09:39:52,43650.0,500,Sell,234158195
2024-08-23 09:40:29,43650.0,100,Buy,234158847
2024-08-23 09:40:40,43600.0,100,Sell,234159100
2024-08-23 09:40:40,43600.0,400,Sell,234159101
2024-08-23 09:40:40,43600.0,200,Sell,234159102
2024-08-23 09:40:40,43600.0,300,Sell,234159103
2024-08-23 09:41:18,43650.0,200,Buy,234160008
2024-08-23 09:41:59,43650.0,300,Buy,234160828
2024-08-23 09:41:59,43650.0,300,Buy,234160829
2024-08-23 09:41:59,43650.0,100,Buy,234160830
2024-08-23 09:41:59,43650.0,200,Buy,234160831
2024-08-23 09:41:59,43700.0,100,Buy,234160832
2024-08-23 09:42:29,43700.0,500,Buy,234161268
2024-08-23 09:43:04,43700.0,2000,Buy,234161856
2024-08-23 09:44:32,43700.0,10000,Buy,234163445
2024-08-23 09:44:33,43700.0,500,Buy,234163482
2024-08-23 09:44:36,43700.0,800,Buy,234163532
2024-08-23 09:44:36,43700.0,4100,Buy,234163529
2024-08-23 09:44:36,43700.0,5000,Buy,234163530
2024-08-23 09:44:36,43700.0,100,Buy,234163531
2024-08-23 09:44:48,43700.0,1800,Buy,234163774
2024-08-23 09:45:39,43700.0,5000,Buy,234164711
2024-08-23 09:45:43,43700.0,2400,Buy,234164815
2024-08-23 09:45:43,43700.0,300,Buy,234164816
2024-08-23 09:46:00,43700.0,200,Buy,234165047
2024-08-23 09:46:04,43700.0,700,Buy,234165115
2024-08-23 09:46:04,43700.0,500,Buy,234165113
2024-08-23 09:46:04,43700.0,400,Buy,234165114
2024-08-23 09:46:04,43700.0,400,Buy,234165111
2024-08-23 09:46:04,43700.0,1000,Buy,234165112
2024-08-23 09:46:04,43700.0,1000,Buy,234165110
2024-08-23 09:46:04,43700.0,1000,Buy,234165109
2024-08-23 09:46:51,43650.0,200,Sell,234165867
2024-08-23 09:46:51,43650.0,1300,Sell,234165868
2024-08-23 09:47:07,43650.0,200,Sell,234166143
2024-08-23 09:47:14,43650.0,2000,Sell,234166288
2024-08-23 09:47:33,43650.0,10500,Sell,234166603
2024-08-23 09:47:45,43650.0,1000,Sell,234166846
2024-08-23 09:47:45,43650.0,500,Sell,234166847
2024-08-23 09:47:45,43650.0,2000,Sell,234166848
2024-08-23 09:47:45,43650.0,15700,Sell,234166845
2024-08-23 09:48:11,43650.0,500,Buy,234167410
2024-08-23 09:49:15,43650.0,100,Buy,234168502
2024-08-23 09:50:31,43600.0,100,Sell,234169824
2024-08-23 09:50:32,43600.0,900,Sell,234169854
2024-08-23 09:50:32,43600.0,200,Sell,234169853
2024-08-23 09:50:32,43600.0,100,Sell,234169852
2024-08-23 09:50:40,43600.0,2500,Sell,234169970
2024-08-23 09:50:43,43600.0,1500,Sell,234170039
2024-08-23 09:50:46,43600.0,100,Sell,234170087
2024-08-23 09:51:24,43600.0,100,Sell,234170724
2024-08-23 09:51:24,43550.0,100,Sell,234170725
2024-08-23 09:51:24,43550.0,200,Sell,234170726
2024-08-23 09:51:24,43500.0,1000,Sell,234170727
2024-08-23 09:51:24,43500.0,2000,Sell,234170728
2024-08-23 09:51:24,43500.0,100,Sell,234170729
2024-08-23 09:51:24,43500.0,300,Sell,234170730
2024-08-23 09:52:20,43500.0,1400,Sell,234171598
2024-08-23 09:52:20,43500.0,300,Sell,234171597
2024-08-23 09:52:20,43500.0,500,Sell,234171596
2024-08-23 09:52:20,43500.0,100,Sell,234171594
2024-08-23 09:52:20,43500.0,700,Sell,234171593
2024-08-23 09:52:20,43550.0,500,Sell,234171592
2024-08-23 09:52:20,43500.0,300,Sell,234171595
2024-08-23 09:52:34,43500.0,100,Buy,234171916
2024-08-23 09:52:58,43500.0,100,Buy,234172268
2024-08-23 09:52:58,43500.0,600,Buy,234172269
2024-08-23 09:53:09,43500.0,500,Buy,234172445
2024-08-23 09:53:13,43500.0,500,Buy,234172550
2024-08-23 09:53:59,43500.0,500,Sell,234173395
2024-08-23 09:53:59,43500.0,400,Sell,234173396
2024-08-23 09:53:59,43500.0,100,Sell,234173397
2024-08-23 09:54:15,43500.0,100,Sell,234173734
2024-08-23 09:54:29,43500.0,100,Sell,234173984
2024-08-23 09:56:17,43600.0,1000,Buy,234176002
2024-08-23 09:56:35,43600.0,100,Buy,234176339
2024-08-23 09:56:52,43650.0,700,Buy,234176640
2024-08-23 09:56:55,43600.0,100,Sell,234176705
2024-08-23 09:57:32,43600.0,100,Sell,234177478
2024-08-23 09:57:51,43600.0,200,Sell,234177903
2024-08-23 09:57:51,43600.0,300,Sell,234177904
2024-08-23 09:58:19,43600.0,100,Sell,234178452
2024-08-23 09:58:28,43600.0,300,Sell,234178602
2024-08-23 09:58:54,43600.0,600,Buy,234179159
2024-08-23 09:59:00,43600.0,500,Buy,234179308
2024-08-23 09:59:09,43600.0,600,Buy,234179427
2024-08-23 09:59:12,43600.0,200,Buy,234179504
2024-08-23 09:59:14,43600.0,100,Sell,234179550
2024-08-23 10:01:42,43600.0,1900,Buy,234183094
2024-08-23 10:01:42,43600.0,3100,Buy,234183095
2024-08-23 10:01:47,43600.0,1000,Buy,234183192
2024-08-23 10:01:54,43600.0,100,Buy,234183339
2024-08-23 10:02:27,43550.0,100,Sell,234184364
2024-08-23 10:02:51,43500.0,500,Sell,234185050
2024-08-23 10:02:51,43500.0,1500,Sell,234185044
2024-08-23 10:02:51,43500.0,3000,Sell,234185043
2024-08-23 10:02:51,43500.0,900,Sell,234185041
2024-08-23 10:02:51,43500.0,200,Sell,234185042
2024-08-23 10:02:51,43500.0,100,Sell,234185040
2024-08-23 10:02:51,43550.0,3000,Sell,234185036
2024-08-23 10:02:51,43500.0,100,Sell,234185038
2024-08-23 10:02:51,43500.0,200,Sell,234185037
2024-08-23 10:02:51,43550.0,2400,Sell,234185034
2024-08-23 10:02:51,43550.0,100,Sell,234185033
2024-08-23 10:02:51,43500.0,200,Sell,234185039
2024-08-23 10:02:51,43550.0,100,Sell,234185035
2024-08-23 10:02:52,43500.0,500,Buy,234185055
2024-08-23 10:02:58,43500.0,2000,Buy,234185183
2024-08-23 10:03:04,43500.0,1000,Buy,234185314
2024-08-23 10:04:48,43500.0,100,Buy,234188144
2024-08-23 10:05:27,43450.0,1000,Sell,234189177
2024-08-23 10:05:27,43450.0,1400,Sell,234189178
2024-08-23 10:05:27,43450.0,100,Sell,234189176
2024-08-23 10:06:55,43450.0,2700,Sell,234190915
2024-08-23 10:06:55,43450.0,300,Sell,234190916
2024-08-23 10:06:55,43450.0,100,Sell,234190917
2024-08-23 10:06:55,43450.0,300,Sell,234190918
2024-08-23 10:07:26,43450.0,300,Buy,234191584
2024-08-23 10:07:51,43450.0,1700,Buy,234192060
2024-08-23 10:08:10,43450.0,100,Buy,234192577
2024-08-23 10:08:10,43450.0,200,Buy,234192578
2024-08-23 10:08:10,43450.0,100,Buy,234192579
2024-08-23 10:08:44,43400.0,500,Sell,234193394
2024-08-23 10:09:44,43400.0,100,Sell,234194681
2024-08-23 10:09:56,43400.0,300,Sell,234194908
2024-08-23 10:10:03,43400.0,200,Sell,234195018
2024-08-23 10:10:13,43400.0,500,Sell,234195239
2024-08-23 10:10:22,43450.0,900,Buy,234195534
2024-08-23 10:10:22,43450.0,4100,Buy,234195535
2024-08-23 10:10:48,43450.0,1500,Sell,234196162
2024-08-23 10:10:54,43500.0,300,Buy,234196411
2024-08-23 10:10:54,43500.0,100,Buy,234196414
2024-08-23 10:10:54,43500.0,400,Buy,234196415
2024-08-23 10:11:29,43500.0,500,Buy,234197273
2024-08-23 10:11:29,43500.0,300,Buy,234197274
2024-08-23 10:12:37,43550.0,100,Buy,234199038
2024-08-23 10:13:06,43500.0,300,Sell,234199871
2024-08-23 10:13:06,43500.0,500,Sell,234199872
2024-08-23 10:13:06,43500.0,200,Sell,234199869
2024-08-23 10:13:06,43500.0,2000,Sell,234199870
2024-08-23 10:13:08,43500.0,100,Sell,234199906
2024-08-23 10:13:08,43500.0,500,Sell,234199907
2024-08-23 10:13:08,43500.0,200,Sell,234199905
2024-08-23 10:13:20,43450.0,200,Sell,234200162
2024-08-23 10:13:41,43450.0,300,Sell,234200688
2024-08-23 10:13:41,43450.0,200,Sell,234200689
2024-08-23 10:13:58,43450.0,1000,Sell,234201079
2024-08-23 10:14:05,43450.0,800,Sell,234201226
2024-08-23 10:14:05,43450.0,100,Sell,234201227
2024-08-23 10:14:05,43450.0,100,Sell,234201228
2024-08-23 10:14:05,43450.0,1600,Sell,234201229
2024-08-23 10:14:05,43450.0,400,Sell,234201230
2024-08-23 10:14:28,43450.0,900,Sell,234201730
2024-08-23 10:14:28,43450.0,100,Sell,234201729
2024-08-23 10:15:00,43500.0,2400,Buy,234202454
2024-08-23 10:15:24,43500.0,500,Buy,234202911
2024-08-23 10:15:34,43500.0,300,Buy,234203232
2024-08-23 10:16:00,43500.0,1000,Buy,234203877
2024-08-23 10:16:58,43500.0,100,Buy,234205260
2024-08-23 10:16:58,43500.0,900,Buy,234205261
2024-08-23 10:17:03,43500.0,100,Buy,234205344
2024-08-23 10:17:03,43500.0,900,Buy,234205345
2024-08-23 10:17:13,43500.0,100,Buy,234205557
2024-08-23 10:17:25,43500.0,500,Buy,234205767
2024-08-23 10:17:29,43500.0,100,Buy,234205833
2024-08-23 10:17:39,43500.0,400,Buy,234205974
2024-08-23 10:17:59,43500.0,1600,Sell,234206278
2024-08-23 10:19:02,43500.0,400,Buy,234207429
2024-08-23 10:19:02,43500.0,400,Buy,234207428
2024-08-23 10:19:34,43500.0,100,Sell,234208062
2024-08-23 10:19:42,43550.0,100,Buy,234208193
2024-08-23 10:19:58,43550.0,300,Buy,234208420
2024-08-23 10:19:58,43550.0,200,Buy,234208421
2024-08-23 10:19:58,43550.0,700,Buy,234208422
2024-08-23 10:20:22,43550.0,300,Buy,234208788
2024-08-23 10:20:22,43550.0,200,Buy,234208789
2024-08-23 10:20:34,43550.0,100,Buy,234209012
2024-08-23 10:20:42,43500.0,1300,Sell,234209183
2024-08-23 10:20:42,43500.0,1700,Sell,234209184
2024-08-23 10:21:01,43500.0,100,Sell,234209601
2024-08-23 10:21:01,43500.0,100,Sell,234209600
2024-08-23 10:21:01,43500.0,300,Sell,234209599
2024-08-23 10:21:02,43500.0,400,Sell,234209619
2024-08-23 10:21:02,43500.0,400,Sell,234209620
2024-08-23 10:21:02,43500.0,1200,Sell,234209621
2024-08-23 10:21:05,43500.0,200,Sell,234209707
2024-08-23 10:21:53,43550.0,200,Buy,234210846
2024-08-23 10:21:53,43550.0,2000,Buy,234210847
2024-08-23 10:21:53,43550.0,400,Buy,234210848
2024-08-23 10:21:53,43550.0,300,Buy,234210849
2024-08-23 10:22:09,43550.0,200,Sell,234211123
2024-08-23 10:22:18,43600.0,500,Buy,234211355
2024-08-23 10:22:59,43600.0,100,Buy,234212018
2024-08-23 10:22:59,43600.0,700,Buy,234212017
2024-08-23 10:22:59,43600.0,100,Buy,234212022
2024-08-23 10:22:59,43600.0,200,Buy,234212019
2024-08-23 10:22:59,43600.0,500,Buy,234212016
2024-08-23 10:22:59,43600.0,5000,Buy,234212021
2024-08-23 10:22:59,43600.0,100,Buy,234212014
2024-08-23 10:22:59,43600.0,1000,Buy,234212015
2024-08-23 10:22:59,43600.0,300,Buy,234212010
2024-08-23 10:22:59,43600.0,200,Buy,234212011
2024-08-23 10:22:59,43600.0,1000,Buy,234212020
2024-08-23 10:22:59,43600.0,100,Buy,234212012
2024-08-23 10:22:59,43600.0,500,Buy,234212013
2024-08-23 10:23:01,43600.0,200,Sell,234212040
2024-08-23 10:23:04,43600.0,800,Buy,234212113
2024-08-23 10:23:47,43600.0,100,Sell,234212809
2024-08-23 10:24:32,43650.0,1200,Buy,234213564
2024-08-23 10:24:49,43650.0,1300,Buy,234213777
2024-08-23 10:24:49,43650.0,1000,Buy,234213778
2024-08-23 10:24:49,43650.0,400,Buy,234213779
2024-08-23 10:24:49,43650.0,1300,Buy,234213780
2024-08-23 10:24:49,43650.0,200,Buy,234213784
2024-08-23 10:24:53,43650.0,400,Buy,234213849
2024-08-23 10:24:57,43650.0,300,Buy,234213904
2024-08-23 10:25:03,43650.0,1500,Buy,234214033
2024-08-23 10:25:03,43600.0,1000,Sell,234214035
2024-08-23 10:26:41,43650.0,100,Buy,234216260
2024-08-23 10:26:41,43650.0,1000,Buy,234216259
2024-08-23 10:26:41,43650.0,100,Buy,234216258
2024-08-23 10:26:41,43650.0,1600,Buy,234216256
2024-08-23 10:26:41,43650.0,100,Buy,234216257
2024-08-23 10:27:58,43700.0,100,Buy,234218563
2024-08-23 10:28:08,43700.0,200,Buy,234218807
2024-08-23 10:28:08,43700.0,500,Buy,234218808
2024-08-23 10:28:08,43700.0,200,Buy,234218809
2024-08-23 10:28:08,43700.0,1000,Buy,234218810
2024-08-23 10:28:08,43700.0,1100,Buy,234218811
2024-08-23 10:28:19,43700.0,100,Buy,234219062
2024-08-23 10:28:26,43700.0,800,Buy,234219260
2024-08-23 10:28:26,43700.0,200,Buy,234219261
2024-08-23 10:28:34,43700.0,2700,Buy,234219411
2024-08-23 10:28:34,43700.0,100,Buy,234219410
2024-08-23 10:28:34,43700.0,2200,Buy,234219408
2024-08-23 10:28:34,43700.0,1800,Buy,234219407
2024-08-23 10:28:34,43700.0,100,Buy,234219409
2024-08-23 10:28:35,43700.0,300,Buy,234219428
2024-08-23 10:28:35,43700.0,300,Buy,234219429
2024-08-23 10:28:35,43700.0,400,Buy,234219430
2024-08-23 10:28:36,43700.0,600,Buy,234219456
2024-08-23 10:28:36,43700.0,700,Buy,234219457
2024-08-23 10:28:40,43700.0,300,Buy,234219506
2024-08-23 10:28:40,43700.0,600,Buy,234219507
2024-08-23 10:28:54,43750.0,100,Buy,234219756
2024-08-23 10:28:54,43750.0,900,Buy,234219757
2024-08-23 10:28:58,43750.0,1000,Buy,234219869
2024-08-23 10:29:08,43750.0,100,Buy,234220046
2024-08-23 10:29:15,43750.0,100,Buy,234220146
2024-08-23 10:29:15,43750.0,300,Buy,234220147
2024-08-23 10:29:32,43800.0,200,Buy,234220493
2024-08-23 10:29:32,43800.0,1200,Buy,234220494
2024-08-23 10:29:40,43800.0,300,Buy,234220637
2024-08-23 10:29:47,43800.0,200,Buy,234220783
2024-08-23 10:29:57,43800.0,1000,Buy,234220998
2024-08-23 10:29:57,43800.0,100,Buy,234220997
2024-08-23 10:29:57,43800.0,200,Buy,234220996
2024-08-23 10:29:57,43800.0,100,Buy,234220995
2024-08-23 10:29:57,43800.0,200,Buy,234220993
2024-08-23 10:29:57,43800.0,1000,Buy,234220992
2024-08-23 10:29:57,43800.0,100,Buy,234220994
2024-08-23 10:29:57,43800.0,100,Buy,234220989
2024-08-23 10:29:57,43800.0,3400,Buy,234220990
2024-08-23 10:29:57,43800.0,300,Buy,234220983
2024-08-23 10:29:57,43800.0,200,Buy,234220984
2024-08-23 10:29:57,43800.0,500,Buy,234220985
2024-08-23 10:29:57,43800.0,1100,Buy,234220991
2024-08-23 10:29:57,43800.0,100,Buy,234220986
2024-08-23 10:29:57,43800.0,100,Buy,234220987
2024-08-23 10:29:57,43800.0,1500,Buy,234220988
2024-08-23 10:30:28,43800.0,300,Buy,234221599
2024-08-23 10:30:31,43800.0,100,Buy,234221651
2024-08-23 10:30:34,43800.0,1700,Buy,234221733
2024-08-23 10:30:41,43800.0,100,Buy,234221858
2024-08-23 10:30:42,43800.0,4300,Buy,234221878
2024-08-23 10:30:48,43800.0,10000,Buy,234221968
2024-08-23 10:30:49,43800.0,5500,Buy,234221986
2024-08-23 10:30:49,43800.0,100,Buy,234221987
2024-08-23 10:30:49,43800.0,500,Buy,234221988
2024-08-23 10:30:49,43800.0,500,Buy,234221989
2024-08-23 10:30:49,43800.0,100,Buy,234221990
2024-08-23 10:30:49,43800.0,100,Buy,234221991
2024-08-23 10:31:10,43800.0,800,Sell,234222466
2024-08-23 10:31:22,43800.0,100,Sell,234222702
2024-08-23 10:31:23,43800.0,3000,Sell,234222724
2024-08-23 10:31:32,43800.0,5000,Sell,234222913
2024-08-23 10:31:48,43800.0,1000,Sell,234223186
2024-08-23 10:32:05,43800.0,900,Sell,234223502
2024-08-23 10:32:05,43800.0,100,Sell,234223506
2024-08-23 10:32:08,43800.0,2000,Sell,234223554
2024-08-23 10:32:09,43800.0,200,Sell,234223561
2024-08-23 10:32:09,43800.0,1000,Sell,234223565
2024-08-23 10:32:12,43800.0,5000,Sell,234223617
2024-08-23 10:32:13,43800.0,3100,Sell,234223623
2024-08-23 10:32:13,43800.0,100,Sell,234223626
2024-08-23 10:32:13,43800.0,2000,Sell,234223625
2024-08-23 10:32:13,43800.0,9800,Sell,234223624
2024-08-23 10:32:24,43800.0,1000,Buy,234223793
2024-08-23 10:32:24,43800.0,2100,Buy,234223794
2024-08-23 10:32:50,43750.0,300,Sell,234224264
2024-08-23 10:32:50,43750.0,700,Sell,234224265
2024-08-23 10:33:12,43750.0,500,Sell,234224585
2024-08-23 10:33:28,43750.0,300,Sell,234224768
2024-08-23 10:33:33,43750.0,1500,Sell,234224849
2024-08-23 10:33:33,43750.0,100,Sell,234224850
2024-08-23 10:33:33,43750.0,100,Sell,234224851
2024-08-23 10:33:33,43750.0,300,Sell,234224852
2024-08-23 10:33:36,43750.0,100,Sell,234224933
2024-08-23 10:33:40,43750.0,500,Sell,234224993
2024-08-23 10:33:50,43750.0,200,Sell,234225104
2024-08-23 10:33:54,43750.0,200,Sell,234225171
2024-08-23 10:34:07,43750.0,400,Sell,234225417
2024-08-23 10:34:07,43750.0,100,Sell,234225416
2024-08-23 10:34:08,43750.0,1100,Sell,234225427
2024-08-23 10:35:45,43700.0,200,Buy,234226746
2024-08-23 10:35:45,43700.0,2000,Buy,234226747
2024-08-23 10:35:45,43750.0,200,Buy,234226748
2024-08-23 10:35:45,43750.0,600,Buy,234226749
2024-08-23 10:39:25,43650.0,1000,Sell,234230145
2024-08-23 10:39:37,43650.0,200,Sell,234230275
2024-08-23 10:39:37,43650.0,600,Sell,234230276
2024-08-23 10:39:37,43650.0,200,Sell,234230277
2024-08-23 10:39:38,43650.0,3800,Sell,234230296
2024-08-23 10:39:42,43650.0,100,Sell,234230354
2024-08-23 10:39:47,43650.0,900,Sell,234230436
2024-08-23 10:39:47,43650.0,100,Sell,234230437
2024-08-23 10:40:21,43650.0,500,Sell,234230901
2024-08-23 10:41:23,43650.0,1400,Sell,234231887
2024-08-23 10:43:19,43600.0,100,Sell,234233378
2024-08-23 10:43:41,43600.0,2000,Sell,234233677
2024-08-23 10:43:41,43600.0,100,Sell,234233681
2024-08-23 10:43:41,43600.0,100,Sell,234233680
2024-08-23 10:43:41,43600.0,100,Sell,234233676
2024-08-23 10:43:41,43600.0,100,Sell,234233678
2024-08-23 10:43:41,43600.0,100,Sell,234233679
2024-08-23 10:43:58,43600.0,100,Buy,234233893
2024-08-23 10:44:39,43550.0,400,Sell,234234408
2024-08-23 10:44:39,43550.0,300,Sell,234234409
2024-08-23 10:44:39,43550.0,700,Sell,234234410
2024-08-23 10:44:39,43550.0,100,Sell,234234411
2024-08-23 10:44:44,43550.0,3500,Buy,234234457
2024-08-23 10:45:30,43650.0,600,Buy,234235065
2024-08-23 10:45:30,43650.0,100,Buy,234235066
2024-08-23 10:45:30,43650.0,300,Buy,234235067
2024-08-23 10:45:30,43650.0,1000,Buy,234235068
2024-08-23 10:45:54,43600.0,500,Sell,234235409
2024-08-23 10:47:12,43600.0,100,Sell,234236927
2024-08-23 10:47:12,43600.0,1000,Sell,234236926
2024-08-23 10:48:07,43600.0,100,Buy,234237741
2024-08-23 10:49:49,43600.0,200,Buy,234239054
2024-08-23 10:50:08,43600.0,1300,Buy,234239266
2024-08-23 10:50:08,43600.0,100,Buy,234239267
2024-08-23 10:50:08,43600.0,4000,Buy,234239268
2024-08-23 10:50:08,43600.0,500,Buy,234239269
2024-08-23 10:50:48,43600.0,100,Sell,234239696
2024-08-23 10:50:49,43600.0,4000,Sell,234239727
2024-08-23 10:52:32,43550.0,3000,Sell,234241105
2024-08-23 10:52:58,43550.0,100,Buy,234241451
2024-08-23 10:53:03,43500.0,2000,Sell,234241534
2024-08-23 10:53:03,43500.0,100,Sell,234241533
2024-08-23 10:53:03,43500.0,400,Sell,234241532
2024-08-23 10:53:03,43500.0,700,Sell,234241530
2024-08-23 10:53:03,43500.0,1000,Sell,234241529
2024-08-23 10:53:03,43500.0,1000,Sell,234241528
2024-08-23 10:53:03,43500.0,900,Sell,234241531
2024-08-23 10:53:20,43450.0,100,Sell,234241691
2024-08-23 10:53:20,43450.0,100,Sell,234241692
2024-08-23 10:53:20,43450.0,200,Sell,234241693
2024-08-23 10:53:20,43450.0,1000,Sell,234241694
2024-08-23 10:53:20,43450.0,1000,Sell,234241695
2024-08-23 10:53:20,43450.0,400,Sell,234241696
2024-08-23 10:53:59,43500.0,200,Buy,234242158
2024-08-23 10:54:31,43500.0,300,Sell,234242484
2024-08-23 10:54:44,43500.0,100,Buy,234242651
2024-08-23 10:54:51,43600.0,500,Buy,234242747
2024-08-23 10:54:51,43600.0,500,Buy,234242748
2024-08-23 10:55:15,43600.0,100,Buy,234243113
2024-08-23 10:56:19,43600.0,1000,Sell,234243901
2024-08-23 10:56:58,43600.0,2500,Sell,234244323
2024-08-23 10:56:58,43600.0,500,Sell,234244324
2024-08-23 10:56:58,43600.0,200,Sell,234244328
2024-08-23 10:57:31,43600.0,300,Buy,234244821
2024-08-23 10:58:03,43600.0,16500,Buy,234245240
2024-08-23 10:58:04,43600.0,100,Buy,234245242
2024-08-23 10:58:04,43600.0,500,Buy,234245243
2024-08-23 10:58:11,43500.0,100,Sell,234245419
2024-08-23 10:58:21,43500.0,900,Sell,234245558
2024-08-23 10:58:21,43500.0,2100,Sell,234245559
2024-08-23 11:00:07,43500.0,400,Sell,234246934
2024-08-23 11:00:18,43600.0,300,Buy,234247053
2024-08-23 11:02:29,43600.0,1000,Sell,234248847
2024-08-23 11:02:29,43600.0,1400,Sell,234248846
2024-08-23 11:02:29,43600.0,1700,Sell,234248845
2024-08-23 11:04:07,43600.0,300,Buy,234250275
2024-08-23 11:05:09,43550.0,1300,Buy,234251133
2024-08-23 11:05:35,43550.0,100,Buy,234251508
2024-08-23 11:07:16,43500.0,100,Sell,234253161
2024-08-23 11:07:16,43500.0,500,Sell,234253160
2024-08-23 11:07:17,43500.0,100,Sell,234253189
2024-08-23 11:07:30,43500.0,1800,Sell,234253751
2024-08-23 11:07:30,43500.0,200,Sell,234253752
2024-08-23 11:07:30,43500.0,200,Sell,234253753
2024-08-23 11:07:30,43500.0,400,Sell,234253754
2024-08-23 11:07:30,43500.0,1800,Sell,234253755
2024-08-23 11:07:30,43500.0,100,Sell,234253756
2024-08-23 11:07:30,43500.0,500,Sell,234253757
2024-08-23 11:07:36,43500.0,1100,Buy,234253861
2024-08-23 11:07:48,43450.0,200,Sell,234254041
2024-08-23 11:07:48,43450.0,300,Sell,234254040
2024-08-23 11:07:48,43450.0,200,Sell,234254039
2024-08-23 11:07:48,43450.0,1000,Sell,234254037
2024-08-23 11:07:48,43450.0,600,Sell,234254035
2024-08-23 11:07:48,43450.0,200,Sell,234254038
2024-08-23 11:07:48,43450.0,500,Sell,234254036
2024-08-23 11:08:17,43450.0,5000,Sell,234254440
2024-08-23 11:08:51,43450.0,500,Sell,234255177
2024-08-23 11:08:52,43450.0,300,Sell,234255189
2024-08-23 11:08:52,43450.0,700,Sell,234255190
2024-08-23 11:08:57,43450.0,1000,Sell,234255270
2024-08-23 11:09:04,43450.0,1000,Sell,234255368
2024-08-23 11:09:07,43450.0,100,Sell,234255444
2024-08-23 11:09:08,43450.0,700,Sell,234255515
2024-08-23 11:09:16,43450.0,2800,Sell,234255629
2024-08-23 11:09:18,43450.0,1000,Sell,234255659
2024-08-23 11:09:32,43450.0,700,Sell,234255903
2024-08-23 11:10:12,43450.0,500,Sell,234256598
2024-08-23 11:11:26,43450.0,1500,Sell,234257915
2024-08-23 11:11:26,43450.0,1000,Sell,234257916
2024-08-23 11:11:26,43450.0,500,Sell,234257917
2024-08-23 11:11:55,43450.0,1000,Sell,234258455
2024-08-23 11:12:43,43450.0,3000,Sell,234259247
2024-08-23 11:13:02,43450.0,100,Sell,234259683
2024-08-23 11:13:04,43450.0,1000,Sell,234259703
2024-08-23 11:13:48,43450.0,1000,Sell,234260629
2024-08-23 11:14:09,43450.0,10000,Sell,234261053
2024-08-23 11:14:22,43450.0,100,Sell,234261329
2024-08-23 11:14:43,43450.0,2000,Sell,234261803
2024-08-23 11:14:49,43450.0,700,Sell,234261944
2024-08-23 11:14:49,43450.0,1300,Sell,234261943
2024-08-23 11:14:53,43450.0,700,Sell,234262160
2024-08-23 11:14:53,43450.0,300,Sell,234262159
2024-08-23 11:14:54,43450.0,300,Sell,234262174
2024-08-23 11:14:54,43450.0,200,Sell,234262175
2024-08-23 11:14:57,43450.0,100,Sell,234262246
2024-08-23 11:15:18,43450.0,200,Sell,234262631
2024-08-23 11:15:18,43450.0,1900,Sell,234262632
2024-08-23 11:15:33,43450.0,100,Sell,234263001
2024-08-23 11:15:33,43450.0,100,Sell,234263002
2024-08-23 11:15:33,43450.0,1000,Sell,234263003
2024-08-23 11:15:33,43450.0,500,Sell,234263004
2024-08-23 11:15:33,43450.0,100,Sell,234263005
2024-08-23 11:15:33,43450.0,700,Sell,234263006
2024-08-23 11:15:44,43450.0,400,Buy,234263216
2024-08-23 11:17:11,43450.0,1000,Buy,234265697
2024-08-23 11:17:21,43400.0,100,Sell,234265885
2024-08-23 11:17:25,43450.0,700,Buy,234266004
2024-08-23 11:17:39,43400.0,1100,Sell,234266296
2024-08-23 11:17:39,43400.0,800,Sell,234266294
2024-08-23 11:17:39,43400.0,100,Sell,234266295
2024-08-23 11:17:54,43450.0,1400,Buy,234266593
2024-08-23 11:17:54,43450.0,100,Buy,234266594
2024-08-23 11:18:20,43450.0,100,Buy,234267147
2024-08-23 11:18:25,43450.0,100,Buy,234267218
2024-08-23 11:18:25,43450.0,1000,Buy,234267219
2024-08-23 11:18:33,43450.0,1000,Buy,234267483
2024-08-23 11:19:00,43450.0,100,Sell,234267990
2024-08-23 11:19:08,43500.0,300,Buy,234268167
2024-08-23 11:19:08,43450.0,100,Sell,234268173
2024-08-23 11:19:20,43500.0,22000,Buy,234268397
2024-08-23 11:19:23,43450.0,800,Sell,234268480
2024-08-23 11:19:38,43450.0,200,Buy,234268836
2024-08-23 11:19:47,43400.0,100,Sell,234268945
2024-08-23 11:21:23,43450.0,200,Buy,234271010
2024-08-23 11:21:24,43400.0,500,Sell,234271027
2024-08-23 11:21:34,43450.0,100,Buy,234271387
2024-08-23 11:21:45,43400.0,400,Sell,234271616
2024-08-23 11:22:21,43400.0,2000,Sell,234272546
2024-08-23 11:22:21,43400.0,100,Sell,234272547
2024-08-23 11:22:21,43400.0,100,Sell,234272548
2024-08-23 11:22:21,43400.0,1400,Sell,234272549
2024-08-23 11:22:28,43400.0,100,Sell,234272708
2024-08-23 11:22:29,43450.0,1600,Buy,234272718
2024-08-23 11:22:29,43450.0,900,Buy,234272719
2024-08-23 11:22:49,43450.0,1000,Buy,234273269
2024-08-23 11:23:37,43400.0,600,Sell,234274704
2024-08-23 11:23:37,43400.0,100,Sell,234274703
2024-08-23 11:23:37,43400.0,200,Sell,234274701
2024-08-23 11:23:37,43400.0,100,Sell,234274702
2024-08-23 11:23:44,43400.0,100,Sell,234274932
2024-08-23 11:23:47,43400.0,300,Sell,234274989
2024-08-23 11:23:49,43400.0,300,Sell,234275015
2024-08-23 11:23:52,43450.0,100,Buy,234275079
2024-08-23 11:23:52,43450.0,800,Buy,234275080
2024-08-23 11:25:12,43400.0,200,Sell,234276742
2024-08-23 11:25:12,43450.0,2000,Buy,234276750
2024-08-23 11:25:30,43400.0,200,Sell,234277176
2024-08-23 11:25:31,43450.0,100,Buy,234277177
2024-08-23 11:25:36,43400.0,100,Sell,234277254
2024-08-23 11:25:36,43400.0,1300,Sell,234277253
2024-08-23 11:25:36,43400.0,1000,Sell,234277252
2024-08-23 11:25:36,43400.0,1000,Sell,234277251
2024-08-23 11:25:36,43400.0,1500,Sell,234277250
2024-08-23 11:25:36,43400.0,100,Sell,234277248
2024-08-23 11:25:36,43400.0,500,Sell,234277247
2024-08-23 11:25:36,43400.0,300,Sell,234277246
2024-08-23 11:25:36,43400.0,200,Sell,234277249
2024-08-23 11:25:39,43400.0,1900,Sell,234277309
2024-08-23 11:25:39,43400.0,1000,Sell,234277310
2024-08-23 11:25:39,43400.0,500,Sell,234277311
2024-08-23 11:25:39,43400.0,1000,Sell,234277312
2024-08-23 11:25:39,43400.0,500,Sell,234277313
2024-08-23 11:25:39,43400.0,100,Sell,234277314
2024-08-23 11:25:45,43400.0,2700,Sell,234277439
2024-08-23 11:25:45,43400.0,100,Sell,234277438
2024-08-23 11:25:45,43400.0,300,Sell,234277437
2024-08-23 11:25:45,43400.0,900,Sell,234277435
2024-08-23 11:25:45,43400.0,400,Sell,234277433
2024-08-23 11:25:45,43400.0,1000,Sell,234277436
2024-08-23 11:25:45,43400.0,100,Sell,234277434
2024-08-23 11:26:09,43400.0,200,Sell,234277974
2024-08-23 11:26:11,43400.0,200,Sell,234277995
2024-08-23 11:26:12,43400.0,500,Sell,234278055
2024-08-23 11:26:42,43400.0,1000,Sell,234278848
2024-08-23 11:27:36,43400.0,2000,Sell,234280257
2024-08-23 11:27:37,43400.0,100,Sell,234280283
2024-08-23 11:28:28,43400.0,3300,Sell,234281306
2024-08-23 11:28:28,43400.0,600,Sell,234281307
2024-08-23 11:28:28,43400.0,100,Sell,234281308
2024-08-23 11:28:33,43400.0,900,Sell,234281419
2024-08-23 11:28:33,43400.0,100,Sell,234281420
2024-08-23 11:28:33,43400.0,500,Sell,234281421
2024-08-23 11:28:33,43400.0,300,Sell,234281422
2024-08-23 11:28:33,43400.0,200,Sell,234281423
2024-08-23 11:28:49,43400.0,100,Sell,234281678
2024-08-23 11:28:49,43400.0,100,Sell,234281679
2024-08-23 11:28:53,43450.0,200,Buy,234281748
2024-08-23 11:28:53,43450.0,400,Buy,234281749
2024-08-23 11:28:53,43450.0,600,Buy,234281750
2024-08-23 11:28:56,43450.0,1900,Buy,234281851
2024-08-23 11:28:56,43450.0,200,Buy,234281852
2024-08-23 11:28:56,43450.0,100,Buy,234281853
2024-08-23 11:29:06,43450.0,100,Sell,234282223
2024-08-23 11:29:26,43450.0,600,Buy,234282703
2024-08-23 12:59:37,43400.0,100,Sell,234283663
2024-08-23 12:59:37,43400.0,100,Sell,234283662
2024-08-23 12:59:37,43400.0,500,Sell,234283661
2024-08-23 12:59:37,43400.0,200,Sell,234283660
2024-08-23 12:59:37,43400.0,500,Sell,234283659
2024-08-23 12:59:37,43400.0,200,Sell,234283657
2024-08-23 12:59:37,43400.0,200,Sell,234283656
2024-08-23 12:59:37,43400.0,300,Sell,234283655
2024-08-23 12:59:37,43400.0,1000,Sell,234283654
2024-08-23 12:59:37,43400.0,600,Sell,234283653
2024-08-23 12:59:37,43400.0,1000,Sell,234283658
2024-08-23 12:59:39,43350.0,5000,Sell,234284608
2024-08-23 12:59:39,43350.0,1000,Sell,234284609
2024-08-23 12:59:39,43350.0,1000,Sell,234284610
2024-08-23 12:59:39,43350.0,200,Sell,234284611
2024-08-23 12:59:39,43350.0,500,Sell,234284612
2024-08-23 12:59:39,43350.0,7300,Sell,234284613
2024-08-23 12:59:40,43350.0,200,Sell,234284648
2024-08-23 12:59:44,43350.0,700,Sell,234285800
2024-08-23 12:59:46,43350.0,1200,Sell,234286007
2024-08-23 12:59:46,43350.0,800,Sell,234286006
2024-08-23 12:59:55,43350.0,500,Sell,234287212
2024-08-23 13:00:09,43350.0,100,Sell,234288412
2024-08-23 13:00:09,43350.0,3200,Sell,234288422
2024-08-23 13:00:09,43350.0,100,Sell,234288423
2024-08-23 13:00:09,43350.0,1500,Sell,234288424
2024-08-23 13:00:09,43350.0,200,Sell,234288425
2024-08-23 13:00:11,43400.0,1000,Buy,234288499
2024-08-23 13:00:31,43350.0,2000,Sell,234289313
2024-08-23 13:00:31,43350.0,100,Sell,234289314
2024-08-23 13:00:31,43350.0,100,Sell,234289315
2024-08-23 13:00:31,43350.0,300,Sell,234289316
2024-08-23 13:00:35,43400.0,100,Buy,234289543
2024-08-23 13:00:37,43400.0,1200,Buy,234289647
2024-08-23 13:00:37,43400.0,2200,Buy,234289646
2024-08-23 13:00:37,43400.0,200,Buy,234289645
2024-08-23 13:00:37,43400.0,2200,Buy,234289644
2024-08-23 13:01:08,43400.0,2500,Sell,234290607
2024-08-23 13:01:15,43450.0,200,Buy,234290967
2024-08-23 13:01:15,43450.0,500,Buy,234290969
2024-08-23 13:01:15,43450.0,100,Buy,234290966
2024-08-23 13:01:15,43450.0,200,Buy,234290968
2024-08-23 13:01:18,43400.0,100,Sell,234291096
2024-08-23 13:01:32,43400.0,200,Sell,234291507
2024-08-23 13:01:50,43400.0,200,Sell,234292022
2024-08-23 13:02:02,43450.0,100,Buy,234292354
2024-08-23 13:02:09,43450.0,100,Buy,234292547
2024-08-23 13:02:31,43450.0,2300,Buy,234293105
2024-08-23 13:02:31,43450.0,100,Buy,234293106
2024-08-23 13:02:31,43450.0,400,Buy,234293107
2024-08-23 13:02:34,43450.0,100,Buy,234293207
2024-08-23 13:02:34,43450.0,500,Buy,234293208
2024-08-23 13:02:34,43450.0,1000,Buy,234293209
2024-08-23 13:02:34,43450.0,100,Buy,234293210
2024-08-23 13:02:34,43450.0,1500,Buy,234293211
2024-08-23 13:02:34,43450.0,1800,Buy,234293212
2024-08-23 13:02:38,43400.0,1200,Sell,234293306
2024-08-23 13:02:41,43450.0,300,Buy,234293353
2024-08-23 13:02:52,43450.0,1000,Buy,234293676
2024-08-23 13:02:56,43450.0,1900,Buy,234293781
2024-08-23 13:02:56,43450.0,500,Buy,234293782
2024-08-23 13:02:56,43450.0,300,Buy,234293783
2024-08-23 13:02:56,43450.0,200,Buy,234293784
2024-08-23 13:02:57,43450.0,2000,Buy,234293799
2024-08-23 13:03:06,43450.0,1000,Buy,234293982
2024-08-23 13:03:06,43450.0,800,Buy,234293983
2024-08-23 13:03:06,43450.0,900,Buy,234293984
2024-08-23 13:03:06,43450.0,200,Buy,234293985
2024-08-23 13:03:46,43500.0,700,Buy,234295279
2024-08-23 13:03:46,43500.0,2000,Buy,234295278
2024-08-23 13:03:46,43500.0,400,Buy,234295277
2024-08-23 13:03:46,43500.0,400,Buy,234295273
2024-08-23 13:03:46,43500.0,300,Buy,234295275
2024-08-23 13:03:46,43500.0,100,Buy,234295276
2024-08-23 13:03:46,43500.0,1000,Buy,234295272
2024-08-23 13:03:46,43500.0,100,Buy,234295274
2024-08-23 13:04:04,43450.0,100,Sell,234295713
2024-08-23 13:04:17,43500.0,100,Buy,234296251
2024-08-23 13:04:33,43500.0,200,Buy,234296854
2024-08-23 13:04:33,43500.0,100,Buy,234296868
2024-08-23 13:04:33,43500.0,200,Buy,234296869
2024-08-23 13:04:51,43500.0,100,Buy,234297525
2024-08-23 13:04:59,43500.0,100,Buy,234297890
2024-08-23 13:05:09,43500.0,100,Buy,234298256
2024-08-23 13:05:10,43450.0,100,Sell,234298292
2024-08-23 13:05:10,43500.0,100,Sell,234298291
2024-08-23 13:05:14,43500.0,100,Sell,234298416
2024-08-23 13:05:36,43500.0,100,Buy,234299326
2024-08-23 13:05:37,43500.0,500,Buy,234299347
2024-08-23 13:05:43,43500.0,8500,Buy,234299511
2024-08-23 13:05:43,43500.0,1500,Buy,234299512
2024-08-23 13:05:55,43500.0,600,Buy,234300026
2024-08-23 13:05:59,43500.0,200,Sell,234300176
2024-08-23 13:06:22,43500.0,1000,Sell,234300974
2024-08-23 13:06:22,43500.0,1000,Sell,234300975
2024-08-23 13:06:30,43550.0,500,Buy,234301226
2024-08-23 13:06:30,43550.0,100,Buy,234301225
2024-08-23 13:06:34,43550.0,300,Buy,234301312
2024-08-23 13:06:34,43550.0,100,Buy,234301311
2024-08-23 13:06:34,43550.0,3000,Buy,234301310
2024-08-23 13:06:34,43550.0,700,Buy,234301309
2024-08-23 13:06:50,43600.0,100,Buy,234301851
2024-08-23 13:06:50,43600.0,200,Buy,234301852
2024-08-23 13:06:50,43600.0,700,Buy,234301853
2024-08-23 13:06:50,43600.0,300,Buy,234301870
2024-08-23 13:06:50,43600.0,500,Buy,234301871
2024-08-23 13:06:50,43600.0,300,Buy,234301881
2024-08-23 13:07:04,43600.0,200,Buy,234302304
2024-08-23 13:07:04,43600.0,100,Buy,234302305
2024-08-23 13:07:06,43600.0,300,Buy,234302346
2024-08-23 13:07:23,43600.0,100,Buy,234302850
2024-08-23 13:07:23,43600.0,300,Buy,234302851
2024-08-23 13:07:23,43600.0,100,Buy,234302852
2024-08-23 13:07:42,43600.0,100,Buy,234303347
2024-08-23 13:07:42,43600.0,100,Buy,234303345
2024-08-23 13:07:42,43600.0,800,Buy,234303346
2024-08-23 13:07:50,43600.0,400,Buy,234303593
2024-08-23 13:08:07,43550.0,400,Sell,234304125
2024-08-23 13:08:10,43600.0,600,Buy,234304188
2024-08-23 13:08:10,43600.0,500,Buy,234304189
2024-08-23 13:08:10,43600.0,200,Buy,234304190
2024-08-23 13:08:20,43600.0,1300,Buy,234304751
2024-08-23 13:08:20,43600.0,200,Sell,234304769
2024-08-23 13:08:28,43550.0,4000,Sell,234305083
2024-08-23 13:08:28,43600.0,700,Buy,234305090
2024-08-23 13:08:43,43600.0,900,Buy,234305649
2024-08-23 13:08:46,43600.0,3000,Buy,234305804
2024-08-23 13:08:55,43600.0,200,Buy,234306273
2024-08-23 13:08:55,43600.0,300,Buy,234306274
2024-08-23 13:09:01,43600.0,500,Buy,234306461
2024-08-23 13:09:01,43600.0,200,Buy,234306460
2024-08-23 13:09:01,43600.0,200,Buy,234306459
2024-08-23 13:09:28,43600.0,200,Sell,234307584
2024-08-23 13:09:28,43650.0,200,Buy,234307585
2024-08-23 13:09:41,43650.0,1200,Buy,234308105
2024-08-23 13:09:50,43650.0,600,Buy,234308412
2024-08-23 13:09:50,43650.0,200,Buy,234308413
2024-08-23 13:09:50,43650.0,1000,Buy,234308414
2024-08-23 13:09:50,43650.0,1200,Buy,234308415
2024-08-23 13:10:13,43650.0,200,Buy,234309579
2024-08-23 13:10:14,43650.0,100,Buy,234309611
2024-08-23 13:10:14,43650.0,100,Buy,234309612
2024-08-23 13:10:16,43650.0,500,Buy,234309671
2024-08-23 13:10:23,43650.0,200,Sell,234310095
2024-08-23 13:10:30,43600.0,400,Sell,234310336
2024-08-23 13:10:30,43600.0,200,Sell,234310335
2024-08-23 13:10:30,43600.0,500,Sell,234310334
2024-08-23 13:10:30,43600.0,2000,Sell,234310333
2024-08-23 13:10:30,43600.0,300,Sell,234310331
2024-08-23 13:10:30,43600.0,300,Sell,234310330
2024-08-23 13:10:30,43600.0,500,Sell,234310329
2024-08-23 13:10:30,43600.0,6100,Sell,234310328
2024-08-23 13:10:30,43600.0,400,Sell,234310332
2024-08-23 13:10:34,43600.0,500,Buy,234310454
2024-08-23 13:10:38,43600.0,200,Buy,234310662
2024-08-23 13:11:01,43600.0,2000,Buy,234311854
2024-08-23 13:11:01,43600.0,6600,Buy,234311875
2024-08-23 13:11:17,43650.0,2800,Buy,234312496
2024-08-23 13:11:17,43650.0,100,Buy,234312497
2024-08-23 13:11:17,43650.0,100,Buy,234312498
2024-08-23 13:11:24,43650.0,1100,Buy,234312774
2024-08-23 13:11:24,43650.0,200,Buy,234312775
2024-08-23 13:11:28,43650.0,100,Sell,234312930
2024-08-23 13:11:30,43650.0,1000,Sell,234312992
2024-08-23 13:11:31,43650.0,300,Sell,234313027
2024-08-23 13:11:31,43650.0,2600,Sell,234313025
2024-08-23 13:11:31,43650.0,300,Sell,234313026
2024-08-23 13:11:57,43650.0,500,Buy,234314003
2024-08-23 13:12:00,43650.0,1300,Buy,234314079
2024-08-23 13:12:00,43650.0,500,Buy,234314080
2024-08-23 13:12:01,43700.0,2200,Buy,234314121
2024-08-23 13:12:01,43700.0,1000,Buy,234314122
2024-08-23 13:12:01,43700.0,200,Buy,234314123
2024-08-23 13:12:01,43700.0,5000,Buy,234314124
2024-08-23 13:12:01,43700.0,100,Buy,234314125
2024-08-23 13:12:01,43700.0,100,Buy,234314126
2024-08-23 13:12:01,43700.0,200,Buy,234314127
2024-08-23 13:12:01,43700.0,1000,Buy,234314128
2024-08-23 13:12:01,43700.0,200,Buy,234314129
2024-08-23 13:12:27,43650.0,200,Sell,234315014
2024-08-23 13:12:32,43600.0,9400,Sell,234315157
2024-08-23 13:12:32,43600.0,600,Sell,234315158
2024-08-23 13:12:37,43650.0,300,Buy,234315316
2024-08-23 13:12:37,43650.0,500,Buy,234315317
2024-08-23 13:12:38,43650.0,1000,Sell,234315337
2024-08-23 13:12:52,43650.0,200,Sell,234315748
2024-08-23 13:13:30,43650.0,1800,Buy,234316935
2024-08-23 13:13:30,43650.0,200,Buy,234316936
2024-08-23 13:13:38,43650.0,500,Buy,234317199
2024-08-23 13:13:49,43650.0,100,Buy,234317498
2024-08-23 13:13:49,43650.0,300,Buy,234317499
2024-08-23 13:13:49,43650.0,1000,Buy,234317500
2024-08-23 13:13:49,43650.0,100,Buy,234317501
2024-08-23 13:13:49,43650.0,1000,Buy,234317502
2024-08-23 13:13:49,43650.0,500,Buy,234317503
2024-08-23 13:14:07,43700.0,3800,Buy,234318166
2024-08-23 13:14:07,43700.0,100,Buy,234318165
2024-08-23 13:14:07,43650.0,200,Buy,234318162
2024-08-23 13:14:07,43700.0,100,Buy,234318163
2024-08-23 13:14:07,43700.0,700,Buy,234318164
2024-08-23 13:14:07,43650.0,100,Buy,234318161
2024-08-23 13:14:19,43650.0,400,Buy,234318695
2024-08-23 13:14:21,43650.0,100,Buy,234318724
2024-08-23 13:14:21,43650.0,100,Buy,234318725
2024-08-23 13:14:23,43650.0,100,Buy,234318845
2024-08-23 13:14:38,43650.0,300,Sell,234319408
2024-08-23 13:14:38,43650.0,700,Sell,234319409
2024-08-23 13:14:41,43650.0,100,Sell,234319517
2024-08-23 13:14:59,43650.0,200,Sell,234320155
2024-08-23 13:14:59,43650.0,200,Sell,234320156
2024-08-23 13:15:07,43700.0,5000,Buy,234320431
2024-08-23 13:15:08,43650.0,100,Sell,234320454
2024-08-23 13:15:09,43650.0,100,Sell,234320477
2024-08-23 13:15:18,43650.0,100,Sell,234320786
2024-08-23 13:15:20,43650.0,500,Sell,234320857
2024-08-23 13:15:29,43650.0,500,Sell,234321101
2024-08-23 13:15:55,43650.0,3200,Sell,234321830
2024-08-23 13:15:55,43600.0,1400,Sell,234321831
2024-08-23 13:15:55,43600.0,1000,Sell,234321832
2024-08-23 13:15:55,43600.0,1000,Sell,234321833
2024-08-23 13:15:55,43600.0,900,Sell,234321834
2024-08-23 13:15:55,43600.0,2500,Sell,234321835
2024-08-23 13:16:40,43600.0,500,Sell,234323105
2024-08-23 13:16:48,43600.0,2300,Sell,234323333
2024-08-23 13:16:48,43600.0,1600,Sell,234323331
2024-08-23 13:16:48,43600.0,8000,Sell,234323332
2024-08-23 13:16:58,43650.0,200,Sell,234323674
2024-08-23 13:17:01,43650.0,300,Sell,234323749
2024-08-23 13:17:04,43650.0,200,Buy,234323826
2024-08-23 13:17:22,43650.0,700,Buy,234324212
2024-08-23 13:17:24,43650.0,500,Buy,234324270
2024-08-23 13:18:00,43600.0,1000,Sell,234325162
2024-08-23 13:18:03,43650.0,3300,Buy,234325253
2024-08-23 13:18:03,43650.0,5000,Buy,234325254
2024-08-23 13:18:03,43650.0,500,Buy,234325255
2024-08-23 13:18:03,43650.0,100,Buy,234325256
2024-08-23 13:18:03,43650.0,100,Buy,234325257
2024-08-23 13:18:23,43650.0,100,Sell,234325832
2024-08-23 13:18:30,43650.0,400,Sell,234326046
2024-08-23 13:19:18,43650.0,1000,Sell,234327391
2024-08-23 13:19:18,43650.0,2000,Sell,234327390
2024-08-23 13:19:18,43650.0,1500,Sell,234327388
2024-08-23 13:19:18,43650.0,500,Sell,234327382
2024-08-23 13:19:18,43650.0,500,Sell,234327389
2024-08-23 13:19:29,43600.0,100,Sell,234327794
2024-08-23 13:19:34,43600.0,500,Sell,234327886
2024-08-23 13:20:11,43600.0,1000,Sell,234328888
2024-08-23 13:20:17,43600.0,1000,Sell,234329051
2024-08-23 13:20:17,43600.0,500,Sell,234329054
2024-08-23 13:20:17,43600.0,200,Sell,234329053
2024-08-23 13:20:17,43600.0,500,Sell,234329052
2024-08-23 13:20:17,43600.0,200,Sell,234329050
2024-08-23 13:20:17,43600.0,400,Buy,234329055
2024-08-23 13:20:17,43600.0,1000,Sell,234329048
2024-08-23 13:20:17,43600.0,5100,Sell,234329044
2024-08-23 13:20:17,43600.0,4600,Sell,234329045
2024-08-23 13:20:17,43600.0,500,Sell,234329049
2024-08-23 13:20:17,43600.0,100,Sell,234329047
2024-08-23 13:20:17,43600.0,1100,Sell,234329046
2024-08-23 13:20:45,43550.0,1000,Sell,234329921
2024-08-23 13:21:12,43550.0,4000,Sell,234330623
2024-08-23 13:21:12,43550.0,500,Sell,234330624
2024-08-23 13:21:12,43550.0,500,Sell,234330625
2024-08-23 13:21:35,43550.0,1500,Sell,234331369
2024-08-23 13:21:35,43550.0,500,Sell,234331370
2024-08-23 13:21:35,43550.0,100,Sell,234331371
2024-08-23 13:21:35,43550.0,100,Sell,234331372
2024-08-23 13:21:35,43550.0,400,Sell,234331373
2024-08-23 13:21:41,43550.0,400,Buy,234331553
2024-08-23 13:21:41,43550.0,100,Buy,234331554
2024-08-23 13:22:01,43600.0,2000,Buy,234332088
2024-08-23 13:22:12,43550.0,900,Sell,234332367
2024-08-23 13:23:17,43550.0,100,Sell,234334189
2024-08-23 13:23:30,43600.0,100,Buy,234334505
2024-08-23 13:23:47,43600.0,100,Buy,234335374
2024-08-23 13:23:52,43600.0,2000,Buy,234335485
2024-08-23 13:23:53,43600.0,300,Buy,234335504
2024-08-23 13:24:00,43600.0,500,Buy,234335711
2024-08-23 13:24:00,43600.0,800,Buy,234335713
2024-08-23 13:24:04,43550.0,500,Sell,234335860
2024-08-23 13:24:04,43550.0,300,Sell,234335861
2024-08-23 13:24:04,43550.0,200,Sell,234335862
2024-08-23 13:24:04,43550.0,1200,Sell,234335863
2024-08-23 13:24:15,43600.0,2000,Buy,234336218
2024-08-23 13:24:32,43600.0,3000,Buy,234336702
2024-08-23 13:24:34,43600.0,500,Buy,234336727
2024-08-23 13:24:36,43600.0,600,Buy,234336820
2024-08-23 13:24:36,43600.0,100,Buy,234336819
2024-08-23 13:24:36,43600.0,500,Buy,234336817
2024-08-23 13:24:36,43600.0,3100,Buy,234336816
2024-08-23 13:24:36,43600.0,700,Buy,234336818
2024-08-23 13:24:41,43600.0,300,Buy,234336986
2024-08-23 13:24:45,43600.0,500,Buy,234337157
2024-08-23 13:24:45,43600.0,500,Buy,234337137
2024-08-23 13:24:45,43600.0,200,Buy,234337138
2024-08-23 13:24:45,43600.0,1800,Buy,234337139
2024-08-23 13:24:46,43600.0,100,Buy,234337182
2024-08-23 13:24:52,43600.0,1000,Buy,234337332
2024-08-23 13:25:06,43600.0,100,Buy,234337714
2024-08-23 13:25:11,43600.0,100,Buy,234337848
2024-08-23 13:25:16,43600.0,1600,Buy,234337947
2024-08-23 13:25:16,43600.0,100,Buy,234337948
2024-08-23 13:25:16,43600.0,300,Buy,234337949
2024-08-23 13:25:24,43600.0,200,Buy,234338191
2024-08-23 13:25:25,43550.0,200,Sell,234338214
2024-08-23 13:25:25,43600.0,1800,Sell,234338213
2024-08-23 13:25:50,43600.0,400,Sell,234338891
2024-08-23 13:26:10,43600.0,200,Buy,234339428
2024-08-23 13:26:44,43600.0,100,Buy,234340259
2024-08-23 13:26:48,43600.0,100,Buy,234340349
2024-08-23 13:26:51,43600.0,500,Buy,234340428
2024-08-23 13:27:21,43600.0,700,Buy,234341151
2024-08-23 13:27:21,43600.0,100,Buy,234341152
2024-08-23 13:27:21,43600.0,300,Buy,234341153
2024-08-23 13:27:21,43600.0,200,Buy,234341154
2024-08-23 13:27:21,43600.0,100,Buy,234341155
2024-08-23 13:27:21,43600.0,100,Buy,234341156
2024-08-23 13:27:21,43600.0,1000,Buy,234341157
2024-08-23 13:27:59,43600.0,1300,Buy,234342079
2024-08-23 13:28:09,43550.0,2600,Sell,234342391
2024-08-23 13:28:09,43550.0,600,Sell,234342390
2024-08-23 13:28:11,43600.0,300,Buy,234342422
2024-08-23 13:28:45,43600.0,100,Buy,234343266
2024-08-23 13:28:50,43600.0,7000,Buy,234343418
2024-08-23 13:29:05,43600.0,200,Buy,234343795
2024-08-23 13:29:09,43600.0,2000,Buy,234343929
2024-08-23 13:29:11,43600.0,300,Buy,234343984
2024-08-23 13:29:16,43600.0,600,Buy,234344330
2024-08-23 13:29:23,43550.0,1600,Sell,234344615
2024-08-23 13:29:37,43550.0,300,Sell,234345015
2024-08-23 13:29:48,43600.0,5000,Buy,234345508
2024-08-23 13:29:54,43550.0,300,Sell,234345755
2024-08-23 13:29:54,43550.0,200,Sell,234345756
2024-08-23 13:29:54,43550.0,500,Sell,234345753
2024-08-23 13:29:54,43550.0,500,Sell,234345752
2024-08-23 13:29:54,43550.0,500,Sell,234345754
2024-08-23 13:29:56,43550.0,200,Sell,234345805
2024-08-23 13:29:56,43550.0,500,Sell,234345804
2024-08-23 13:29:56,43550.0,200,Sell,234345803
2024-08-23 13:29:56,43550.0,400,Sell,234345802
2024-08-23 13:29:56,43550.0,100,Sell,234345801
2024-08-23 13:29:56,43550.0,2000,Sell,234345800
2024-08-23 13:29:56,43550.0,100,Sell,234345799
2024-08-23 13:29:56,43550.0,2600,Sell,234345797
2024-08-23 13:29:56,43550.0,3000,Sell,234345796
2024-08-23 13:29:56,43550.0,500,Sell,234345795
2024-08-23 13:29:56,43550.0,500,Sell,234345794
2024-08-23 13:29:56,43550.0,1000,Sell,234345806
2024-08-23 13:29:56,43550.0,100,Sell,234345798
2024-08-23 13:29:56,43550.0,800,Sell,234345793
2024-08-23 13:29:58,43550.0,100,Buy,234345891
2024-08-23 13:30:03,43550.0,300,Buy,234346073
2024-08-23 13:30:05,43550.0,2000,Buy,234346103
2024-08-23 13:30:09,43550.0,1200,Buy,234346219
2024-08-23 13:30:13,43550.0,300,Buy,234346337
2024-08-23 13:30:14,43550.0,500,Buy,234346381
2024-08-23 13:30:17,43550.0,3500,Buy,234346567
2024-08-23 13:30:17,43550.0,500,Buy,234346568
2024-08-23 13:30:40,43600.0,2200,Buy,234347567
2024-08-23 13:30:40,43600.0,500,Buy,234347568
2024-08-23 13:30:40,43600.0,600,Buy,234347569
2024-08-23 13:30:40,43600.0,700,Buy,234347570
2024-08-23 13:30:40,43600.0,400,Buy,234347571
2024-08-23 13:30:40,43600.0,500,Buy,234347572
2024-08-23 13:30:40,43600.0,100,Buy,234347573
2024-08-23 13:30:40,43600.0,100,Buy,234347575
2024-08-23 13:30:50,43650.0,1000,Buy,234347992
2024-08-23 13:30:50,43650.0,700,Buy,234347991
2024-08-23 13:30:57,43600.0,1800,Sell,234348357
2024-08-23 13:30:57,43600.0,3800,Sell,234348358
2024-08-23 13:30:58,43650.0,300,Buy,234348389
2024-08-23 13:30:58,43650.0,1000,Buy,234348398
2024-08-23 13:31:09,43650.0,5000,Buy,234348859
2024-08-23 13:31:12,43650.0,2700,Buy,234349102
2024-08-23 13:31:12,43650.0,1200,Buy,234349103
2024-08-23 13:31:12,43650.0,1000,Buy,234349104
2024-08-23 13:31:12,43650.0,200,Buy,234349105
2024-08-23 13:31:12,43650.0,100,Buy,234349106
2024-08-23 13:31:12,43650.0,200,Buy,234349107
2024-08-23 13:31:12,43650.0,100,Buy,234349108
2024-08-23 13:31:12,43650.0,100,Buy,234349109
2024-08-23 13:31:17,43700.0,300,Buy,234349410
2024-08-23 13:31:17,43700.0,1200,Buy,234349408
2024-08-23 13:31:17,43700.0,500,Buy,234349409
2024-08-23 13:31:19,43700.0,2100,Buy,234349615
2024-08-23 13:31:19,43700.0,500,Buy,234349624
2024-08-23 13:31:19,43700.0,100,Buy,234349622
2024-08-23 13:31:19,43700.0,100,Buy,234349621
2024-08-23 13:31:19,43700.0,900,Buy,234349623
2024-08-23 13:31:19,43700.0,1000,Buy,234349619
2024-08-23 13:31:19,43700.0,300,Buy,234349618
2024-08-23 13:31:19,43700.0,3000,Buy,234349617
2024-08-23 13:31:19,43700.0,1000,Buy,234349616
2024-08-23 13:31:19,43700.0,1000,Buy,234349620
2024-08-23 13:31:21,43700.0,100,Buy,234349783
2024-08-23 13:31:21,43700.0,100,Buy,234349787
2024-08-23 13:31:21,43700.0,300,Buy,234349786
2024-08-23 13:31:21,43700.0,12000,Buy,234349785
2024-08-23 13:31:21,43700.0,300,Buy,234349784
2024-08-23 13:31:21,43700.0,900,Buy,234349730
2024-08-23 13:31:21,43700.0,100,Buy,234349725
2024-08-23 13:31:21,43700.0,100,Buy,234349728
2024-08-23 13:31:21,43700.0,200,Buy,234349727
2024-08-23 13:31:21,43700.0,1000,Buy,234349726
2024-08-23 13:31:21,43700.0,100,Buy,234349724
2024-08-23 13:31:21,43700.0,1000,Buy,234349723
2024-08-23 13:31:21,43700.0,1500,Buy,234349722
2024-08-23 13:31:21,43700.0,1000,Buy,234349729
2024-08-23 13:31:28,43700.0,200,Sell,234350110
2024-08-23 13:31:32,43750.0,2000,Buy,234350311
2024-08-23 13:31:32,43750.0,100,Buy,234350310
2024-08-23 13:31:32,43750.0,200,Buy,234350312
2024-08-23 13:31:32,43750.0,1000,Buy,234350308
2024-08-23 13:31:32,43750.0,1000,Buy,234350309
2024-08-23 13:31:32,43750.0,100,Buy,234350307
2024-08-23 13:31:34,43750.0,700,Buy,234350468
2024-08-23 13:31:34,43750.0,100,Buy,234350467
2024-08-23 13:31:34,43750.0,100,Buy,234350466
2024-08-23 13:31:34,43750.0,400,Buy,234350460
2024-08-23 13:31:34,43750.0,100,Buy,234350438
2024-08-23 13:31:34,43750.0,100,Buy,234350458
2024-08-23 13:31:34,43750.0,100,Buy,234350457
2024-08-23 13:31:34,43750.0,300,Buy,234350456
2024-08-23 13:31:34,43750.0,1900,Buy,234350439
2024-08-23 13:31:34,43750.0,100,Buy,234350459
2024-08-23 13:31:36,43750.0,300,Buy,234350503
2024-08-23 13:31:37,43750.0,500,Buy,234350553
2024-08-23 13:31:39,43750.0,100,Buy,234350650
2024-08-23 13:31:40,43750.0,1100,Buy,234350747
2024-08-23 13:31:40,43750.0,1400,Buy,234350746
2024-08-23 13:31:40,43750.0,300,Buy,234350745
2024-08-23 13:31:40,43750.0,1000,Buy,234350744
2024-08-23 13:31:40,43750.0,300,Buy,234350743
2024-08-23 13:31:40,43750.0,2000,Buy,234350741
2024-08-23 13:31:40,43750.0,900,Buy,234350739
2024-08-23 13:31:40,43750.0,600,Buy,234350742
2024-08-23 13:31:40,43750.0,4000,Buy,234350740
2024-08-23 13:31:41,43750.0,1700,Buy,234350797
2024-08-23 13:31:41,43750.0,400,Buy,234350798
2024-08-23 13:31:42,43800.0,4000,Buy,234350826
2024-08-23 13:31:47,43800.0,1000,Buy,234351136
2024-08-23 13:31:47,43800.0,2900,Buy,234351221
2024-08-23 13:31:49,43800.0,500,Buy,234351416
2024-08-23 13:31:52,43800.0,3000,Buy,234351580
2024-08-23 13:31:52,43800.0,3000,Buy,234351567
2024-08-23 13:31:53,43800.0,100,Buy,234351672
2024-08-23 13:31:53,43800.0,1500,Buy,234351671
2024-08-23 13:31:53,43800.0,100,Buy,234351670
2024-08-23 13:31:53,43800.0,300,Buy,234351669
2024-08-23 13:31:53,43800.0,500,Buy,234351668
2024-08-23 13:31:53,43800.0,200,Buy,234351667
2024-08-23 13:31:53,43800.0,300,Buy,234351666
2024-08-23 13:31:53,43800.0,100,Buy,234351665
2024-08-23 13:31:53,43800.0,300,Buy,234351664
2024-08-23 13:31:53,43800.0,100,Buy,234351663
2024-08-23 13:31:53,43800.0,100,Buy,234351662
2024-08-23 13:31:53,43800.0,500,Buy,234351661
2024-08-23 13:31:53,43800.0,200,Buy,234351660
2024-08-23 13:31:53,43800.0,6600,Buy,234351644
2024-08-23 13:31:53,43800.0,400,Buy,234351658
2024-08-23 13:31:53,43800.0,300,Buy,234351657
2024-08-23 13:31:53,43800.0,5000,Buy,234351656
2024-08-23 13:31:53,43800.0,500,Buy,234351655
2024-08-23 13:31:53,43800.0,5000,Buy,234351654
2024-08-23 13:31:53,43800.0,3000,Buy,234351653
2024-08-23 13:31:53,43800.0,100,Buy,234351652
2024-08-23 13:31:53,43800.0,200,Buy,234351650
2024-08-23 13:31:53,43800.0,3000,Buy,234351649
2024-08-23 13:31:53,43800.0,100,Buy,234351648
2024-08-23 13:31:53,43800.0,100,Buy,234351647
2024-08-23 13:31:53,43800.0,100,Buy,234351646
2024-08-23 13:31:53,43800.0,100,Buy,234351645
2024-08-23 13:31:53,43800.0,1000,Buy,234351673
2024-08-23 13:31:53,43800.0,500,Buy,234351659
2024-08-23 13:31:57,43850.0,500,Buy,234351939
2024-08-23 13:31:57,43850.0,500,Buy,234351938
2024-08-23 13:31:59,43850.0,300,Buy,234352034
2024-08-23 13:31:59,43850.0,1100,Buy,234352035
2024-08-23 13:31:59,43850.0,500,Buy,234352036
2024-08-23 13:31:59,43850.0,700,Buy,234352037
2024-08-23 13:31:59,43850.0,2500,Buy,234352038
2024-08-23 13:32:02,43850.0,100,Buy,234352210
2024-08-23 13:32:03,43850.0,500,Buy,234352238
2024-08-23 13:32:03,43850.0,1900,Buy,234352261
2024-08-23 13:32:04,43850.0,300,Buy,234352289
2024-08-23 13:32:04,43850.0,100,Buy,234352287
2024-08-23 13:32:04,43850.0,100,Buy,234352288
2024-08-23 13:32:04,43850.0,400,Buy,234352285
2024-08-23 13:32:04,43850.0,100,Buy,234352268
2024-08-23 13:32:04,43850.0,100,Buy,234352286
2024-08-23 13:32:05,43850.0,1200,Buy,234352356
2024-08-23 13:32:05,43850.0,100,Buy,234352357
2024-08-23 13:32:05,43850.0,500,Buy,234352358
2024-08-23 13:32:05,43900.0,800,Buy,234352382
2024-08-23 13:32:05,43900.0,100,Buy,234352383
2024-08-23 13:32:05,43900.0,100,Buy,234352384
2024-08-23 13:32:10,43900.0,200,Buy,234352693
2024-08-23 13:32:10,43900.0,200,Buy,234352697
2024-08-23 13:32:10,43900.0,400,Buy,234352695
2024-08-23 13:32:10,43900.0,100,Buy,234352694
2024-08-23 13:32:10,43900.0,200,Buy,234352692
2024-08-23 13:32:10,43900.0,100,Buy,234352696
2024-08-23 13:32:10,43900.0,200,Buy,234352690
2024-08-23 13:32:10,43900.0,400,Buy,234352689
2024-08-23 13:32:10,43900.0,200,Buy,234352688
2024-08-23 13:32:10,43900.0,100,Buy,234352687
2024-08-23 13:32:10,43900.0,100,Buy,234352686
2024-08-23 13:32:10,43900.0,800,Buy,234352675
2024-08-23 13:32:10,43900.0,300,Buy,234352691
2024-08-23 13:32:11,43850.0,3000,Sell,234352787
2024-08-23 13:32:12,43850.0,100,Sell,234352869
2024-08-23 13:32:12,43850.0,200,Sell,234352882
2024-08-23 13:32:15,43900.0,600,Buy,234353105
2024-08-23 13:32:15,43900.0,200,Buy,234353104
2024-08-23 13:32:15,43900.0,500,Buy,234353103
2024-08-23 13:32:15,43900.0,9000,Buy,234353152
2024-08-23 13:32:15,43900.0,500,Buy,234353101
2024-08-23 13:32:15,43900.0,100,Buy,234353100
2024-08-23 13:32:15,43900.0,500,Buy,234353099
2024-08-23 13:32:15,43900.0,800,Buy,234353098
2024-08-23 13:32:15,43900.0,500,Buy,234353102
2024-08-23 13:32:16,43900.0,500,Buy,234353169
2024-08-23 13:32:16,43900.0,400,Buy,234353170
2024-08-23 13:32:16,43900.0,500,Buy,234353214
2024-08-23 13:32:16,43900.0,500,Buy,234353215
2024-08-23 13:32:17,43900.0,5000,Buy,234353269
2024-08-23 13:32:17,43900.0,2200,Buy,234353268
2024-08-23 13:32:17,43900.0,1200,Buy,234353266
2024-08-23 13:32:17,43900.0,20000,Buy,234353267
2024-08-23 13:32:18,43900.0,100,Buy,234353270
2024-08-23 13:32:18,43900.0,2500,Buy,234353271
2024-08-23 13:32:18,43900.0,500,Buy,234353272
2024-08-23 13:32:18,43900.0,100,Buy,234353273
2024-08-23 13:32:18,43900.0,100,Buy,234353274
2024-08-23 13:32:20,43950.0,300,Buy,234353437
2024-08-23 13:32:20,43950.0,200,Buy,234353438
2024-08-23 13:32:25,43950.0,200,Buy,234353713
2024-08-23 13:32:25,43950.0,100,Buy,234353686
2024-08-23 13:32:25,43950.0,100,Buy,234353685
2024-08-23 13:32:25,43950.0,300,Buy,234353683
2024-08-23 13:32:25,43950.0,100,Buy,234353684
2024-08-23 13:32:27,43950.0,100,Buy,234353830
2024-08-23 13:32:28,43950.0,2000,Buy,234353875
2024-08-23 13:32:28,43950.0,5600,Buy,234353874
2024-08-23 13:32:28,43950.0,1300,Buy,234353873
2024-08-23 13:32:28,43950.0,100,Buy,234353872
2024-08-23 13:32:28,43950.0,100,Buy,234353871
2024-08-23 13:32:28,43950.0,100,Buy,234353870
2024-08-23 13:32:28,43950.0,200,Buy,234353869
2024-08-23 13:32:28,43950.0,200,Buy,234353868
2024-08-23 13:32:28,43950.0,4700,Buy,234353876
2024-08-23 13:32:28,43950.0,100,Buy,234353866
2024-08-23 13:32:28,43950.0,500,Buy,234353867
2024-08-23 13:32:28,43950.0,100,Buy,234353860
2024-08-23 13:32:28,43950.0,100,Buy,234353861
2024-08-23 13:32:28,43950.0,200,Buy,234353859
2024-08-23 13:32:28,43950.0,200,Buy,234353863
2024-08-23 13:32:28,43950.0,300,Buy,234353864
2024-08-23 13:32:28,43950.0,100,Buy,234353865
2024-08-23 13:32:28,43950.0,100,Buy,234353862
2024-08-23 13:32:29,43950.0,1000,Buy,234354023
2024-08-23 13:32:29,44000.0,500,Buy,234354029
2024-08-23 13:32:29,43950.0,2000,Buy,234354024
2024-08-23 13:32:29,43950.0,100,Buy,234354025
2024-08-23 13:32:29,43950.0,1000,Buy,234354026
2024-08-23 13:32:29,43950.0,100,Buy,234354027
2024-08-23 13:32:29,44000.0,800,Buy,234354028
2024-08-23 13:32:29,44000.0,700,Buy,234354030
2024-08-23 13:32:29,44000.0,500,Buy,234354035
2024-08-23 13:32:29,44000.0,100,Buy,234354032
2024-08-23 13:32:29,44000.0,200,Buy,234354033
2024-08-23 13:32:29,44000.0,200,Buy,234354034
2024-08-23 13:32:29,44000.0,100,Buy,234354036
2024-08-23 13:32:29,44000.0,100,Buy,234354037
2024-08-23 13:32:29,44000.0,500,Buy,234354038
2024-08-23 13:32:29,44000.0,1200,Buy,234354039
2024-08-23 13:32:29,43950.0,1000,Buy,234354022
2024-08-23 13:32:29,44000.0,500,Buy,234354031
2024-08-23 13:32:29,43950.0,1000,Buy,234354021
2024-08-23 13:32:29,43950.0,5000,Buy,234353999
2024-08-23 13:32:29,43950.0,500,Buy,234354004
2024-08-23 13:32:29,43950.0,300,Buy,234353941
2024-08-23 13:32:29,43950.0,100,Buy,234353942
2024-08-23 13:32:29,43950.0,100,Buy,234353943
2024-08-23 13:32:29,43950.0,100,Buy,234353944
2024-08-23 13:32:29,43950.0,500,Buy,234353945
2024-08-23 13:32:29,43950.0,100,Buy,234354005
2024-08-23 13:32:29,43950.0,300,Buy,234353992
2024-08-23 13:32:29,43950.0,200,Buy,234353993
2024-08-23 13:32:29,43950.0,400,Buy,234353994
2024-08-23 13:32:29,43950.0,700,Buy,234353946
2024-08-23 13:32:29,43950.0,500,Buy,234353996
2024-08-23 13:32:29,43950.0,5000,Buy,234353997
2024-08-23 13:32:29,43950.0,700,Buy,234353998
2024-08-23 13:32:29,43950.0,200,Buy,234354000
2024-08-23 13:32:29,43950.0,100,Buy,234354001
2024-08-23 13:32:29,43950.0,1000,Buy,234354002
2024-08-23 13:32:29,43950.0,700,Buy,234354003
2024-08-23 13:32:29,43950.0,200,Buy,234353995
2024-08-23 13:32:30,44000.0,200,Buy,234354091
2024-08-23 13:32:33,44000.0,200,Buy,234354328
2024-08-23 13:32:33,44000.0,400,Buy,234354333
2024-08-23 13:32:33,44000.0,500,Buy,234354332
2024-08-23 13:32:33,44000.0,200,Buy,234354331
2024-08-23 13:32:33,44000.0,100,Buy,234354330
2024-08-23 13:32:33,44000.0,200,Buy,234354329
2024-08-23 13:32:33,44000.0,1000,Buy,234354327
2024-08-23 13:32:33,44000.0,100,Buy,234354322
2024-08-23 13:32:33,44000.0,100,Buy,234354325
2024-08-23 13:32:33,44000.0,1000,Buy,234354324
2024-08-23 13:32:33,44000.0,100,Buy,234354323
2024-08-23 13:32:33,44000.0,600,Buy,234354318
2024-08-23 13:32:33,44000.0,500,Buy,234354321
2024-08-23 13:32:33,44000.0,1000,Buy,234354320
2024-08-23 13:32:33,44000.0,200,Buy,234354319
2024-08-23 13:32:33,44000.0,1000,Buy,234354326
2024-08-23 13:32:34,44000.0,100,Buy,234354356
2024-08-23 13:32:35,44000.0,700,Buy,234354406
2024-08-23 13:32:35,44000.0,500,Buy,234354404
2024-08-23 13:32:35,44000.0,1000,Buy,234354403
2024-08-23 13:32:35,44000.0,200,Buy,234354402
2024-08-23 13:32:35,44000.0,200,Buy,234354405
2024-08-23 13:32:35,44000.0,100,Buy,234354400
2024-08-23 13:32:35,44000.0,100,Buy,234354399
2024-08-23 13:32:35,44000.0,1500,Buy,234354397
2024-08-23 13:32:35,44000.0,100,Buy,234354398
2024-08-23 13:32:35,44000.0,500,Buy,234354401
2024-08-23 13:32:36,44000.0,300,Buy,234354487
2024-08-23 13:32:36,44000.0,500,Buy,234354488
2024-08-23 13:32:36,44000.0,100,Buy,234354489
2024-08-23 13:32:36,44000.0,100,Buy,234354490
2024-08-23 13:32:37,44000.0,100,Buy,234354557
2024-08-23 13:32:37,44000.0,900,Buy,234354556
2024-08-23 13:32:37,44000.0,4100,Buy,234354511
2024-08-23 13:32:37,44000.0,100,Buy,234354508
2024-08-23 13:32:37,44000.0,500,Buy,234354509
2024-08-23 13:32:37,44000.0,100,Buy,234354507
2024-08-23 13:32:37,44000.0,300,Buy,234354510
2024-08-23 13:32:38,44000.0,200,Buy,234354576
2024-08-23 13:32:38,44000.0,100,Buy,234354575
2024-08-23 13:32:38,44000.0,500,Buy,234354574
2024-08-23 13:32:38,44000.0,100,Buy,234354571
2024-08-23 13:32:38,44000.0,100,Buy,234354572
2024-08-23 13:32:38,44000.0,1900,Buy,234354570
2024-08-23 13:32:38,44000.0,100,Buy,234354573
2024-08-23 13:32:39,44000.0,300,Buy,234354650
2024-08-23 13:32:39,44000.0,3000,Buy,234354649
2024-08-23 13:32:39,44000.0,100,Buy,234354647
2024-08-23 13:32:39,44000.0,200,Buy,234354648
2024-08-23 13:32:39,44000.0,500,Buy,234354645
2024-08-23 13:32:39,44000.0,100,Buy,234354644
2024-08-23 13:32:39,44000.0,700,Buy,234354643
2024-08-23 13:32:39,44000.0,300,Buy,234354616
2024-08-23 13:32:39,44000.0,100,Buy,234354646
2024-08-23 13:32:40,44000.0,100,Buy,234354727
2024-08-23 13:32:40,44000.0,400,Buy,234354723
2024-08-23 13:32:40,44000.0,900,Buy,234354724
2024-08-23 13:32:40,44000.0,500,Buy,234354725
2024-08-23 13:32:40,44000.0,1000,Buy,234354726
2024-08-23 13:32:40,44000.0,2000,Buy,234354728
2024-08-23 13:32:40,44000.0,100,Buy,234354734
2024-08-23 13:32:40,44000.0,2000,Buy,234354730
2024-08-23 13:32:40,44000.0,500,Buy,234354731
2024-08-23 13:32:40,44000.0,100,Buy,234354732
2024-08-23 13:32:40,44000.0,2300,Buy,234354733
2024-08-23 13:32:40,44000.0,2500,Buy,234354735
2024-08-23 13:32:40,44000.0,300,Buy,234354722
2024-08-23 13:32:40,44000.0,500,Buy,234354729
2024-08-23 13:32:40,44000.0,2000,Buy,234354721
2024-08-23 13:32:40,44000.0,2000,Buy,234354717
2024-08-23 13:32:40,44000.0,300,Buy,234354719
2024-08-23 13:32:40,44000.0,100,Buy,234354706
2024-08-23 13:32:40,44000.0,200,Buy,234354707
2024-08-23 13:32:40,44000.0,2000,Buy,234354708
2024-08-23 13:32:40,44000.0,1300,Buy,234354709
2024-08-23 13:32:40,44000.0,100,Buy,234354710
2024-08-23 13:32:40,44000.0,100,Buy,234354711
2024-08-23 13:32:40,44000.0,1000,Buy,234354720
2024-08-23 13:32:40,44000.0,500,Buy,234354713
2024-08-23 13:32:40,44000.0,800,Buy,234354714
2024-08-23 13:32:40,44000.0,4500,Buy,234354715
2024-08-23 13:32:40,44000.0,500,Buy,234354716
2024-08-23 13:32:40,44000.0,200,Buy,234354705
2024-08-23 13:32:40,44000.0,1000,Buy,234354718
2024-08-23 13:32:40,44000.0,200,Buy,234354712
2024-08-23 13:32:41,44000.0,1500,Buy,234354795
2024-08-23 13:32:41,44000.0,1000,Buy,234354797
2024-08-23 13:32:41,44000.0,1400,Buy,234354798
2024-08-23 13:32:41,44000.0,1000,Buy,234354799
2024-08-23 13:32:41,44000.0,500,Buy,234354804
2024-08-23 13:32:41,44000.0,1000,Buy,234354807
2024-08-23 13:32:41,44000.0,2500,Buy,234354806
2024-08-23 13:32:41,44000.0,500,Buy,234354794
2024-08-23 13:32:41,44000.0,1500,Buy,234354808
2024-08-23 13:32:41,44000.0,100,Buy,234354809
2024-08-23 13:32:41,44000.0,1000,Buy,234354810
2024-08-23 13:32:41,44000.0,100,Buy,234354811
2024-08-23 13:32:41,44000.0,100,Buy,234354805
2024-08-23 13:32:41,44000.0,300,Buy,234354793
2024-08-23 13:32:41,44000.0,1500,Buy,234354796
2024-08-23 13:32:41,44000.0,200,Buy,234354791
2024-08-23 13:32:41,44000.0,100,Buy,234354778
2024-08-23 13:32:41,44000.0,200,Buy,234354779
2024-08-23 13:32:41,44000.0,500,Buy,234354780
2024-08-23 13:32:41,44000.0,100,Buy,234354781
2024-08-23 13:32:41,44000.0,100,Buy,234354782
2024-08-23 13:32:41,44000.0,100,Buy,234354783
2024-08-23 13:32:41,44000.0,800,Buy,234354777
2024-08-23 13:32:41,44000.0,5000,Buy,234354785
2024-08-23 13:32:41,44000.0,100,Buy,234354784
2024-08-23 13:32:41,44000.0,500,Buy,234354790
2024-08-23 13:32:41,44000.0,6000,Buy,234354789
2024-08-23 13:32:41,44000.0,100,Buy,234354792
2024-08-23 13:32:41,44000.0,1000,Buy,234354787
2024-08-23 13:32:41,44000.0,1000,Buy,234354788
2024-08-23 13:32:41,44000.0,100,Buy,234354786
2024-08-23 13:32:46,44050.0,500,Buy,234355007
2024-08-23 13:32:46,44050.0,200,Buy,234355022
2024-08-23 13:32:46,44050.0,900,Buy,234355044
2024-08-23 13:32:47,44050.0,3900,Buy,234355083
2024-08-23 13:32:47,44050.0,1100,Buy,234355084
2024-08-23 13:32:48,44100.0,700,Buy,234355142
2024-08-23 13:32:48,44100.0,100,Buy,234355134
2024-08-23 13:32:48,44100.0,500,Buy,234355140
2024-08-23 13:32:48,44100.0,200,Buy,234355139
2024-08-23 13:32:48,44100.0,3000,Buy,234355138
2024-08-23 13:32:48,44100.0,5000,Buy,234355137
2024-08-23 13:32:48,44100.0,100,Buy,234355136
2024-08-23 13:32:48,44100.0,100,Buy,234355135
2024-08-23 13:32:48,44100.0,1000,Buy,234355141
2024-08-23 13:32:48,44100.0,400,Buy,234355133
2024-08-23 13:32:48,44100.0,100,Buy,234355131
2024-08-23 13:32:48,44100.0,100,Buy,234355130
2024-08-23 13:32:48,44100.0,200,Buy,234355129
2024-08-23 13:32:48,44100.0,100,Buy,234355128
2024-08-23 13:32:48,44100.0,100,Buy,234355111
2024-08-23 13:32:48,44100.0,100,Buy,234355110
2024-08-23 13:32:48,44100.0,100,Buy,234355109
2024-08-23 13:32:48,44050.0,500,Buy,234355099
2024-08-23 13:32:48,44050.0,2900,Buy,234355098
2024-08-23 13:32:48,44100.0,2000,Buy,234355132
2024-08-23 13:32:50,44150.0,500,Buy,234355351
2024-08-23 13:32:52,44150.0,100,Buy,234355427
2024-08-23 13:32:52,44150.0,1000,Buy,234355425
2024-08-23 13:32:52,44150.0,500,Buy,234355426
2024-08-23 13:32:53,44100.0,400,Sell,234355439
2024-08-23 13:32:53,44150.0,100,Buy,234355487
2024-08-23 13:32:53,44150.0,100,Buy,234355488
2024-08-23 13:32:53,44150.0,300,Buy,234355489
2024-08-23 13:32:53,44100.0,500,Sell,234355490
2024-08-23 13:32:54,44150.0,400,Buy,234355574
2024-08-23 13:32:55,44150.0,1800,Buy,234355643
2024-08-23 13:32:55,44150.0,200,Buy,234355644
2024-08-23 13:32:56,44200.0,200,Buy,234355747
2024-08-23 13:32:56,44200.0,900,Buy,234355750
2024-08-23 13:32:56,44200.0,500,Buy,234355748
2024-08-23 13:32:56,44200.0,700,Buy,234355746
2024-08-23 13:32:56,44200.0,500,Buy,234355749
2024-08-23 13:32:56,44200.0,300,Buy,234355744
2024-08-23 13:32:56,44200.0,200,Buy,234355743
2024-08-23 13:32:56,44200.0,500,Buy,234355742
2024-08-23 13:32:56,44150.0,1000,Buy,234355728
2024-08-23 13:32:56,44150.0,400,Buy,234355727
2024-08-23 13:32:56,44200.0,200,Buy,234355745
2024-08-23 13:32:58,44200.0,100,Buy,234355823
2024-08-23 13:32:58,44200.0,700,Buy,234355822
2024-08-23 13:32:58,44200.0,300,Buy,234355815
2024-08-23 13:32:58,44200.0,100,Buy,234355814
2024-08-23 13:32:58,44200.0,600,Buy,234355813
2024-08-23 13:32:58,44200.0,200,Buy,234355824
2024-08-23 13:32:58,44200.0,200,Buy,234355811
2024-08-23 13:32:58,44200.0,500,Buy,234355810
2024-08-23 13:32:58,44200.0,1000,Buy,234355809
2024-08-23 13:32:58,44200.0,100,Buy,234355808
2024-08-23 13:32:58,44200.0,100,Buy,234355807
2024-08-23 13:32:58,44200.0,100,Buy,234355812
2024-08-23 13:32:59,44250.0,1600,Buy,234355894
2024-08-23 13:32:59,44250.0,1000,Buy,234355893
2024-08-23 13:32:59,44250.0,200,Buy,234355892
2024-08-23 13:32:59,44250.0,100,Buy,234355891
2024-08-23 13:32:59,44250.0,300,Buy,234355890
2024-08-23 13:32:59,44200.0,1000,Buy,234355888
2024-08-23 13:32:59,44200.0,200,Buy,234355887
2024-08-23 13:32:59,44200.0,1100,Buy,234355886
2024-08-23 13:32:59,44200.0,300,Buy,234355885
2024-08-23 13:32:59,44200.0,500,Buy,234355884
2024-08-23 13:32:59,44200.0,100,Buy,234355883
2024-08-23 13:32:59,44200.0,100,Buy,234355889
2024-08-23 13:33:04,44250.0,500,Buy,234356164
2024-08-23 13:33:05,44250.0,100,Buy,234356293
2024-08-23 13:33:06,44250.0,700,Buy,234356421
2024-08-23 13:33:06,44250.0,500,Buy,234356412
2024-08-23 13:33:06,44250.0,100,Buy,234356353
2024-08-23 13:33:06,44250.0,700,Buy,234356382
2024-08-23 13:33:06,44250.0,200,Buy,234356383
2024-08-23 13:33:08,44250.0,500,Buy,234356499
2024-08-23 13:33:09,44300.0,3100,Buy,234356646
2024-08-23 13:33:09,44300.0,100,Buy,234356645
2024-08-23 13:33:09,44300.0,200,Buy,234356644
2024-08-23 13:33:09,44250.0,100,Buy,234356584
2024-08-23 13:33:09,44300.0,900,Buy,234356642
2024-08-23 13:33:09,44300.0,100,Buy,234356641
2024-08-23 13:33:09,44250.0,1000,Buy,234356585
2024-08-23 13:33:09,44300.0,500,Buy,234356643
2024-08-23 13:33:10,44300.0,1000,Buy,234356663
2024-08-23 13:33:13,44250.0,100,Sell,234356908
2024-08-23 13:33:13,44250.0,1100,Sell,234356907
2024-08-23 13:33:13,44300.0,800,Sell,234356896
2024-08-23 13:33:13,44350.0,1100,Buy,234356886
2024-08-23 13:33:13,44350.0,1500,Buy,234356885
2024-08-23 13:33:13,44300.0,200,Buy,234356884
2024-08-23 13:33:13,44300.0,200,Buy,234356881
2024-08-23 13:33:13,44300.0,10000,Buy,234356880
2024-08-23 13:33:13,44300.0,900,Buy,234356879
2024-08-23 13:33:13,44300.0,1000,Buy,234356883
2024-08-23 13:33:13,44300.0,100,Buy,234356882
2024-08-23 13:33:15,44300.0,200,Buy,234357080
2024-08-23 13:33:16,44300.0,200,Sell,234357208
2024-08-23 13:33:17,44300.0,9400,Sell,234357264
2024-08-23 13:33:17,44300.0,600,Sell,234357263
2024-08-23 13:33:19,44300.0,2400,Sell,234357337
2024-08-23 13:33:19,44350.0,500,Buy,234357333
2024-08-23 13:33:19,44300.0,600,Sell,234357336
2024-08-23 13:33:21,44350.0,400,Buy,234357634
2024-08-23 13:33:21,44350.0,500,Buy,234357635
2024-08-23 13:33:24,44350.0,100,Sell,234357845
2024-08-23 13:33:25,44350.0,100,Sell,234357880
2024-08-23 13:33:26,44350.0,100,Sell,234357924
2024-08-23 13:33:28,44400.0,400,Buy,234358028
2024-08-23 13:33:28,44400.0,1000,Buy,234358023
2024-08-23 13:33:28,44400.0,300,Buy,234358024
2024-08-23 13:33:28,44400.0,900,Buy,234358025
2024-08-23 13:33:28,44400.0,2800,Buy,234358026
2024-08-23 13:33:28,44400.0,1000,Buy,234358027
2024-08-23 13:33:29,44400.0,200,Buy,234358089
2024-08-23 13:33:29,44400.0,100,Buy,234358087
2024-08-23 13:33:29,44400.0,100,Buy,234358086
2024-08-23 13:33:29,44400.0,100,Buy,234358088
2024-08-23 13:33:30,44400.0,100,Buy,234358151
2024-08-23 13:33:31,44400.0,200,Buy,234358156
2024-08-23 13:33:31,44400.0,100,Buy,234358157
2024-08-23 13:33:33,44400.0,300,Sell,234358312
2024-08-23 13:33:34,44400.0,100,Sell,234358475
2024-08-23 13:33:36,44400.0,100,Sell,234358618
2024-08-23 13:33:36,44400.0,1300,Sell,234358619
2024-08-23 13:33:36,44400.0,400,Sell,234358617
2024-08-23 13:33:36,44400.0,1300,Buy,234358683
2024-08-23 13:33:36,44400.0,2000,Sell,234358620
2024-08-23 13:33:36,44400.0,200,Sell,234358616
2024-08-23 13:33:36,44400.0,300,Buy,234358626
2024-08-23 13:33:36,44400.0,5000,Sell,234358614
2024-08-23 13:33:36,44400.0,1000,Sell,234358615
2024-08-23 13:33:36,44400.0,300,Sell,234358609
2024-08-23 13:33:36,44400.0,900,Sell,234358610
2024-08-23 13:33:36,44400.0,2000,Sell,234358621
2024-08-23 13:33:36,44400.0,100,Sell,234358611
2024-08-23 13:33:36,44400.0,200,Sell,234358613
2024-08-23 13:33:36,44400.0,2500,Sell,234358612
2024-08-23 13:33:37,44400.0,200,Buy,234358752
2024-08-23 13:33:37,44400.0,100,Buy,234358777
2024-08-23 13:33:38,44400.0,200,Buy,234358793
2024-08-23 13:33:38,44400.0,2000,Buy,234358814
2024-08-23 13:33:38,44400.0,5000,Buy,234358815
2024-08-23 13:33:38,44400.0,4500,Buy,234358828
2024-08-23 13:33:39,44400.0,500,Buy,234358852
2024-08-23 13:33:39,44400.0,2000,Buy,234358871
2024-08-23 13:33:39,44400.0,400,Buy,234358890
2024-08-23 13:33:39,44400.0,500,Buy,234358903
2024-08-23 13:33:41,44400.0,100,Buy,234359014
2024-08-23 13:33:43,44400.0,1400,Buy,234359228
2024-08-23 13:33:43,44400.0,1600,Sell,234359227
2024-08-23 13:33:43,44400.0,1000,Buy,234359223
2024-08-23 13:33:43,44400.0,6900,Buy,234359221
2024-08-23 13:33:43,44400.0,500,Buy,234359222
2024-08-23 13:33:44,44400.0,500,Sell,234359287
2024-08-23 13:33:45,44450.0,200,Buy,234359337
2024-08-23 13:33:45,44450.0,1000,Buy,234359338
2024-08-23 13:33:45,44450.0,500,Buy,234359339
2024-08-23 13:33:45,44450.0,1000,Buy,234359340
2024-08-23 13:33:45,44450.0,1000,Buy,234359341
2024-08-23 13:33:45,44450.0,100,Buy,234359342
2024-08-23 13:33:45,44450.0,1000,Buy,234359343
2024-08-23 13:33:47,44450.0,100,Sell,234359456
2024-08-23 13:33:47,44450.0,1000,Sell,234359457
2024-08-23 13:33:48,44450.0,100,Sell,234359533
2024-08-23 13:33:51,44500.0,500,Buy,234359667
2024-08-23 13:33:52,44500.0,500,Buy,234359798
2024-08-23 13:33:52,44500.0,500,Buy,234359799
2024-08-23 13:33:54,44450.0,3000,Sell,234359930
2024-08-23 13:33:57,44500.0,500,Buy,234360049
2024-08-23 13:33:57,44500.0,500,Buy,234360048
2024-08-23 13:33:57,44500.0,200,Buy,234360047
2024-08-23 13:33:57,44500.0,100,Buy,234360045
2024-08-23 13:33:57,44500.0,100,Buy,234360046
2024-08-23 13:33:57,44500.0,1000,Buy,234360043
2024-08-23 13:33:57,44500.0,600,Buy,234360042
2024-08-23 13:33:57,44500.0,300,Buy,234360041
2024-08-23 13:33:57,44500.0,1000,Buy,234360035
2024-08-23 13:33:57,44500.0,200,Buy,234360034
2024-08-23 13:33:57,44500.0,500,Buy,234360044
2024-08-23 13:33:58,44500.0,500,Buy,234360140
2024-08-23 13:33:58,44500.0,400,Buy,234360156
2024-08-23 13:33:58,44500.0,100,Buy,234360155
2024-08-23 13:33:58,44500.0,2000,Buy,234360154
2024-08-23 13:33:58,44500.0,300,Buy,234360153
2024-08-23 13:33:58,44500.0,300,Buy,234360139
2024-08-23 13:33:58,44500.0,800,Buy,234360132
2024-08-23 13:33:58,44500.0,500,Buy,234360137
2024-08-23 13:33:58,44500.0,3000,Buy,234360136
2024-08-23 13:33:58,44500.0,2000,Buy,234360135
2024-08-23 13:33:58,44500.0,2200,Buy,234360134
2024-08-23 13:33:58,44500.0,200,Buy,234360133
2024-08-23 13:33:58,44500.0,200,Buy,234360100
2024-08-23 13:33:58,44500.0,500,Buy,234360138
2024-08-23 13:33:59,44450.0,500,Sell,234360274
2024-08-23 13:33:59,44500.0,3600,Buy,234360218
2024-08-23 13:33:59,44500.0,100,Buy,234360217
2024-08-23 13:33:59,44500.0,1200,Buy,234360215
2024-08-23 13:33:59,44500.0,1500,Buy,234360197
2024-08-23 13:33:59,44500.0,100,Buy,234360187
2024-08-23 13:33:59,44500.0,100,Buy,234360216
2024-08-23 13:33:59,44500.0,300,Buy,234360188
2024-08-23 13:34:00,44500.0,1400,Buy,234360289
2024-08-23 13:34:00,44500.0,1000,Buy,234360290
2024-08-23 13:34:00,44500.0,200,Buy,234360291
2024-08-23 13:34:00,44500.0,500,Buy,234360292
2024-08-23 13:34:00,44500.0,200,Buy,234360293
2024-08-23 13:34:00,44500.0,200,Buy,234360294
2024-08-23 13:34:00,44500.0,100,Buy,234360295
2024-08-23 13:34:00,44500.0,100,Buy,234360296
2024-08-23 13:34:00,44500.0,1300,Buy,234360297
2024-08-23 13:34:01,44500.0,1100,Buy,234360383
2024-08-23 13:34:01,44500.0,1700,Buy,234360376
2024-08-23 13:34:01,44500.0,2500,Buy,234360375
2024-08-23 13:34:01,44500.0,1000,Buy,234360374
2024-08-23 13:34:02,44450.0,800,Sell,234360457
2024-08-23 13:34:02,44450.0,100,Sell,234360458
2024-08-23 13:34:02,44450.0,300,Sell,234360459
2024-08-23 13:34:02,44450.0,3800,Sell,234360456
2024-08-23 13:34:03,44500.0,300,Buy,234360495
2024-08-23 13:34:03,44500.0,300,Buy,234360496
2024-08-23 13:34:03,44500.0,1800,Buy,234360499
2024-08-23 13:34:03,44500.0,300,Buy,234360500
2024-08-23 13:34:03,44500.0,200,Buy,234360501
2024-08-23 13:34:03,44500.0,1900,Buy,234360502
2024-08-23 13:34:03,44500.0,700,Buy,234360524
2024-08-23 13:34:06,44500.0,100,Buy,234360620
2024-08-23 13:34:06,44500.0,100,Buy,234360619
2024-08-23 13:34:06,44500.0,700,Buy,234360618
2024-08-23 13:34:06,44450.0,100,Sell,234360608
2024-08-23 13:34:06,44500.0,200,Buy,234360615
2024-08-23 13:34:07,44500.0,100,Buy,234360664
2024-08-23 13:34:07,44500.0,300,Buy,234360678
2024-08-23 13:34:07,44500.0,200,Buy,234360680
2024-08-23 13:34:08,44500.0,100,Buy,234360691
2024-08-23 13:34:08,44500.0,500,Buy,234360708
2024-08-23 13:34:08,44500.0,8000,Buy,234360719
2024-08-23 13:34:08,44500.0,700,Buy,234360736
2024-08-23 13:34:08,44500.0,100,Buy,234360737
2024-08-23 13:34:09,44500.0,1200,Buy,234360795
2024-08-23 13:34:09,44500.0,800,Buy,234360794
2024-08-23 13:34:09,44500.0,200,Buy,234360793
2024-08-23 13:34:09,44500.0,1000,Buy,234360764
2024-08-23 13:34:09,44500.0,800,Buy,234360762
2024-08-23 13:34:09,44500.0,300,Buy,234360761
2024-08-23 13:34:09,44450.0,2000,Sell,234360760
2024-08-23 13:34:09,44500.0,1000,Buy,234360763
2024-08-23 13:34:10,44500.0,1500,Buy,234360865
2024-08-23 13:34:10,44500.0,500,Buy,234360866
2024-08-23 13:34:11,44500.0,1000,Buy,234360914
2024-08-23 13:34:11,44500.0,500,Buy,234360921
2024-08-23 13:34:11,44500.0,300,Buy,234360922
2024-08-23 13:34:11,44500.0,200,Buy,234360923
2024-08-23 13:34:11,44500.0,500,Buy,234360924
2024-08-23 13:34:12,44500.0,900,Buy,234360997
2024-08-23 13:34:12,44500.0,1000,Buy,234360996
2024-08-23 13:34:12,44500.0,500,Buy,234360994
2024-08-23 13:34:12,44500.0,100,Buy,234360995
2024-08-23 13:34:12,44500.0,500,Buy,234360992
2024-08-23 13:34:12,44500.0,5000,Buy,234360991
2024-08-23 13:34:12,44500.0,900,Buy,234360990
2024-08-23 13:34:12,44500.0,1000,Buy,234360989
2024-08-23 13:34:12,44500.0,100,Buy,234360993
2024-08-23 13:34:13,44500.0,100,Buy,234361049
2024-08-23 13:34:14,44500.0,100,Buy,234361068
2024-08-23 13:34:15,44500.0,300,Buy,234361131
2024-08-23 13:34:15,44500.0,300,Buy,234361132
2024-08-23 13:34:15,44500.0,300,Buy,234361185
2024-08-23 13:34:16,44500.0,3000,Buy,234361234
2024-08-23 13:34:16,44500.0,900,Buy,234361218
2024-08-23 13:34:16,44500.0,500,Buy,234361201
2024-08-23 13:34:17,44500.0,200,Buy,234361251
2024-08-23 13:34:17,44500.0,200,Buy,234361266
2024-08-23 13:34:17,44500.0,600,Buy,234361267
2024-08-23 13:34:17,44500.0,2400,Buy,234361279
2024-08-23 13:34:17,44500.0,700,Buy,234361280
2024-08-23 13:34:17,44500.0,1900,Buy,234361281
2024-08-23 13:34:18,44500.0,500,Buy,234361343
2024-08-23 13:34:18,44500.0,300,Buy,234361314
2024-08-23 13:34:18,44500.0,800,Buy,234361313
2024-08-23 13:34:18,44500.0,600,Buy,234361299
2024-08-23 13:34:18,44500.0,100,Buy,234361302
2024-08-23 13:34:18,44500.0,100,Buy,234361301
2024-08-23 13:34:18,44500.0,500,Buy,234361300
2024-08-23 13:34:18,44500.0,200,Buy,234361303
2024-08-23 13:34:19,44500.0,500,Buy,234361361
2024-08-23 13:34:19,44500.0,3000,Buy,234361368
2024-08-23 13:34:19,44500.0,700,Buy,234361397
2024-08-23 13:34:20,44500.0,100,Buy,234361455
2024-08-23 13:34:20,44500.0,400,Buy,234361456
2024-08-23 13:34:21,44500.0,100,Buy,234361552
2024-08-23 13:34:21,44500.0,100,Buy,234361650
2024-08-23 13:34:21,44450.0,100,Sell,234361649
2024-08-23 13:34:21,44500.0,900,Buy,234361553
2024-08-23 13:34:21,44500.0,200,Buy,234361551
2024-08-23 13:34:21,44500.0,200,Buy,234361480
2024-08-23 13:34:21,44500.0,100,Buy,234361549
2024-08-23 13:34:21,44500.0,100,Buy,234361548
2024-08-23 13:34:21,44500.0,500,Buy,234361547
2024-08-23 13:34:21,44500.0,500,Buy,234361481
2024-08-23 13:34:21,44500.0,500,Buy,234361550
2024-08-23 13:34:22,44500.0,2000,Buy,234361675
2024-08-23 13:34:22,44500.0,500,Buy,234361674
2024-08-23 13:34:22,44500.0,200,Buy,234361673
2024-08-23 13:34:22,44500.0,500,Sell,234361729
2024-08-23 13:34:22,44500.0,700,Buy,234361671
2024-08-23 13:34:22,44500.0,2300,Buy,234361665
2024-08-23 13:34:22,44500.0,2700,Buy,234361664
2024-08-23 13:34:22,44500.0,300,Buy,234361657
2024-08-23 13:34:22,44500.0,100,Buy,234361672
2024-08-23 13:34:23,44500.0,1000,Buy,234361816
2024-08-23 13:34:23,44450.0,2500,Sell,234361826
2024-08-23 13:34:23,44450.0,200,Sell,234361827
2024-08-23 13:34:23,44450.0,300,Sell,234361828
2024-08-23 13:34:23,44450.0,500,Sell,234361829
2024-08-23 13:34:23,44450.0,500,Sell,234361830
2024-08-23 13:34:23,44450.0,1000,Sell,234361831
2024-08-23 13:34:24,44500.0,100,Buy,234361896
2024-08-23 13:34:27,44500.0,500,Buy,234362063
2024-08-23 13:34:28,44500.0,500,Buy,234362108
2024-08-23 13:34:29,44500.0,500,Buy,234362141
2024-08-23 13:34:29,44500.0,1900,Buy,234362142
2024-08-23 13:34:29,44500.0,100,Buy,234362143
2024-08-23 13:34:30,44500.0,100,Buy,234362200
2024-08-23 13:34:30,44500.0,100,Buy,234362197
2024-08-23 13:34:30,44500.0,500,Buy,234362198
2024-08-23 13:34:30,44500.0,2000,Buy,234362199
2024-08-23 13:34:31,44500.0,200,Sell,234362269
2024-08-23 13:34:31,44500.0,300,Sell,234362268
2024-08-23 13:34:34,44500.0,5000,Sell,234362413
2024-08-23 13:34:34,44500.0,3000,Sell,234362463
2024-08-23 13:34:34,44500.0,200,Sell,234362449
2024-08-23 13:34:34,44500.0,100,Sell,234362412
2024-08-23 13:34:34,44500.0,4900,Sell,234362414
2024-08-23 13:34:34,44500.0,200,Sell,234362421
2024-08-23 13:34:35,44600.0,1900,Buy,234362502
2024-08-23 13:34:35,44600.0,3000,Buy,234362501
2024-08-23 13:34:35,44600.0,200,Buy,234362500
2024-08-23 13:34:35,44600.0,2000,Buy,234362499
2024-08-23 13:34:35,44600.0,2000,Buy,234362498
2024-08-23 13:34:35,44600.0,100,Buy,234362496
2024-08-23 13:34:35,44600.0,400,Buy,234362497
2024-08-23 13:34:35,44550.0,1400,Buy,234362494
2024-08-23 13:34:35,44550.0,3600,Buy,234362484
2024-08-23 13:34:35,44550.0,200,Buy,234362483
2024-08-23 13:34:35,44550.0,100,Buy,234362482
2024-08-23 13:34:35,44550.0,200,Buy,234362481
2024-08-23 13:34:35,44550.0,500,Buy,234362480
2024-08-23 13:34:35,44550.0,400,Buy,234362479
2024-08-23 13:34:35,44550.0,1000,Buy,234362495
2024-08-23 13:34:37,44550.0,200,Buy,234362546
2024-08-23 13:34:37,44600.0,900,Buy,234362547
2024-08-23 13:34:37,44600.0,400,Buy,234362548
2024-08-23 13:34:37,44600.0,400,Buy,234362559
2024-08-23 13:34:38,44600.0,900,Buy,234362616
2024-08-23 13:34:39,44600.0,1000,Buy,234362629
2024-08-23 13:34:42,44600.0,4000,Buy,234362852
2024-08-23 13:34:42,44600.0,1000,Buy,234362837
2024-08-23 13:34:43,44600.0,1000,Buy,234362877
2024-08-23 13:34:43,44550.0,300,Sell,234362885
2024-08-23 13:34:43,44550.0,2700,Sell,234362886
2024-08-23 13:34:43,44600.0,2500,Buy,234362887
2024-08-23 13:34:44,44600.0,300,Buy,234362910
2024-08-23 13:34:45,44600.0,4000,Buy,234362951
2024-08-23 13:34:46,44600.0,500,Buy,234362989
2024-08-23 13:34:48,44550.0,300,Sell,234363083
2024-08-23 13:34:49,44600.0,800,Buy,234363120
2024-08-23 13:34:50,44550.0,100,Sell,234363176
2024-08-23 13:34:50,44550.0,400,Sell,234363175
2024-08-23 13:34:51,44550.0,600,Buy,234363220
2024-08-23 13:34:54,44500.0,2000,Sell,234363340
2024-08-23 13:34:55,44550.0,2000,Buy,234363353
2024-08-23 13:34:55,44550.0,500,Buy,234363360
2024-08-23 13:34:56,44550.0,100,Buy,234363408
2024-08-23 13:34:57,44550.0,500,Buy,234363436
2024-08-23 13:34:58,44500.0,700,Sell,234363466
2024-08-23 13:34:58,44500.0,2000,Sell,234363469
2024-08-23 13:34:58,44500.0,100,Sell,234363468
2024-08-23 13:34:58,44500.0,100,Sell,234363467
2024-08-23 13:34:58,44500.0,500,Sell,234363465
2024-08-23 13:34:58,44500.0,3100,Sell,234363470
2024-08-23 13:34:58,44500.0,300,Sell,234363463
2024-08-23 13:34:58,44500.0,300,Sell,234363462
2024-08-23 13:34:58,44500.0,300,Sell,234363461
2024-08-23 13:34:58,44500.0,1000,Sell,234363460
2024-08-23 13:34:58,44500.0,1900,Sell,234363464
2024-08-23 13:34:58,44500.0,9700,Sell,234363459
2024-08-23 13:34:59,44550.0,100,Buy,234363502
2024-08-23 13:34:59,44550.0,300,Buy,234363523
2024-08-23 13:35:00,44500.0,1800,Sell,234363549
2024-08-23 13:35:00,44550.0,200,Buy,234363565
2024-08-23 13:35:02,44500.0,3000,Sell,234363673
2024-08-23 13:35:02,44500.0,1000,Sell,234363674
2024-08-23 13:35:02,44500.0,500,Sell,234363682
2024-08-23 13:35:02,44500.0,300,Sell,234363683
2024-08-23 13:35:02,44500.0,1000,Sell,234363684
2024-08-23 13:35:02,44500.0,400,Sell,234363685
2024-08-23 13:35:03,44500.0,100,Buy,234363695
2024-08-23 13:35:04,44500.0,500,Buy,234363759
2024-08-23 13:35:04,44500.0,3000,Buy,234363741
2024-08-23 13:35:06,44500.0,200,Buy,234363917
2024-08-23 13:35:06,44500.0,2000,Buy,234363918
2024-08-23 13:35:06,44500.0,1000,Buy,234363919
2024-08-23 13:35:07,44550.0,200,Buy,234363981
2024-08-23 13:35:07,44550.0,300,Buy,234363982
2024-08-23 13:35:07,44500.0,3000,Sell,234363999
2024-08-23 13:35:08,44500.0,700,Sell,234364064
2024-08-23 13:35:08,44500.0,700,Sell,234364062
2024-08-23 13:35:08,44500.0,2700,Sell,234364061
2024-08-23 13:35:08,44500.0,500,Sell,234364063
2024-08-23 13:35:08,44550.0,100,Buy,234364059
2024-08-23 13:35:08,44550.0,200,Buy,234364058
2024-08-23 13:35:08,44550.0,300,Buy,234364060
2024-08-23 13:35:08,44500.0,2200,Sell,234364034
2024-08-23 13:35:08,44500.0,3800,Sell,234364033
2024-08-23 13:35:10,44500.0,1200,Buy,234364209
2024-08-23 13:35:10,44500.0,2000,Buy,234364191
2024-08-23 13:35:10,44500.0,500,Buy,234364147
2024-08-23 13:35:10,44500.0,500,Buy,234364146
2024-08-23 13:35:10,44450.0,200,Sell,234364131
2024-08-23 13:35:10,44500.0,100,Buy,234364167
2024-08-23 13:35:11,44500.0,200,Buy,234364219
2024-08-23 13:35:12,44500.0,700,Buy,234364254
2024-08-23 13:35:12,44500.0,200,Buy,234364255
2024-08-23 13:35:12,44500.0,100,Buy,234364256
2024-08-23 13:35:14,44500.0,3000,Buy,234364324
2024-08-23 13:35:14,44500.0,1000,Buy,234364377
2024-08-23 13:35:14,44500.0,1400,Buy,234364383
2024-08-23 13:35:15,44450.0,100,Sell,234364469
2024-08-23 13:35:15,44450.0,200,Sell,234364421
2024-08-23 13:35:15,44500.0,2300,Buy,234364423
2024-08-23 13:35:15,44500.0,200,Buy,234364468
2024-08-23 13:35:18,44500.0,1500,Buy,234364603
2024-08-23 13:35:18,44500.0,200,Buy,234364562
2024-08-23 13:35:20,44500.0,200,Buy,234364660
2024-08-23 13:35:20,44500.0,100,Buy,234364661
2024-08-23 13:35:20,44500.0,2000,Buy,234364681
2024-08-23 13:35:20,44500.0,600,Buy,234364692
2024-08-23 13:35:21,44450.0,1000,Sell,234364696
2024-08-23 13:35:22,44450.0,500,Sell,234364774
2024-08-23 13:35:22,44450.0,500,Sell,234364775
2024-08-23 13:35:22,44500.0,2300,Buy,234364777
2024-08-23 13:35:22,44500.0,1000,Buy,234364787
2024-08-23 13:35:24,44450.0,4000,Sell,234364964
2024-08-23 13:35:24,44500.0,5500,Buy,234364968
2024-08-23 13:35:24,44450.0,500,Sell,234364963
2024-08-23 13:35:24,44500.0,1000,Buy,234364946
2024-08-23 13:35:24,44450.0,500,Sell,234364962
2024-08-23 13:35:25,44450.0,200,Sell,234365045
2024-08-23 13:35:25,44450.0,200,Sell,234365028
