time,price,volume,match_type,id
2024-08-30 09:14:57,42900.0,26800,ATO/ATC,235893461
2024-08-30 09:15:21,42900.0,200,Buy,235893890
2024-08-30 09:15:25,42900.0,500,Buy,235893942
2024-08-30 09:15:26,42900.0,100,Buy,235893956
2024-08-30 09:15:27,42900.0,200,Buy,235893979
2024-08-30 09:15:30,42900.0,3300,Sell,235894017
2024-08-30 09:15:30,42900.0,600,Sell,235894018
2024-08-30 09:15:32,42900.0,300,Buy,235894026
2024-08-30 09:15:32,42900.0,500,Buy,235894028
2024-08-30 09:15:43,42900.0,100,Buy,235894187
2024-08-30 09:15:56,42900.0,200,Buy,235894360
2024-08-30 09:16:13,42900.0,16800,Sell,235894802
2024-08-30 09:16:13,42900.0,200,Sell,235894801
2024-08-30 09:16:13,42900.0,100,Sell,235894800
2024-08-30 09:16:13,42900.0,100,Sell,235894796
2024-08-30 09:16:13,42900.0,300,Sell,235894798
2024-08-30 09:16:13,42900.0,2000,Sell,235894797
2024-08-30 09:16:13,42900.0,500,Sell,235894799
2024-08-30 09:16:38,42950.0,500,Buy,235895225
2024-08-30 09:17:32,42950.0,500,Buy,235895932
2024-08-30 09:17:32,42950.0,200,Buy,235895940
2024-08-30 09:17:48,42900.0,200,Sell,235896150
2024-08-30 09:17:48,42900.0,1000,Sell,235896151
2024-08-30 09:17:48,42900.0,500,Sell,235896152
2024-08-30 09:17:48,42900.0,1000,Sell,235896153
2024-08-30 09:17:48,42900.0,2000,Sell,235896154
2024-08-30 09:17:48,42900.0,300,Sell,235896155
2024-08-30 09:17:48,42900.0,200,Sell,235896156
2024-08-30 09:17:48,42900.0,17000,Sell,235896157
2024-08-30 09:18:02,42950.0,300,Buy,235896361
2024-08-30 09:18:02,42950.0,500,Buy,235896362
2024-08-30 09:18:08,42950.0,2200,Sell,235896434
2024-08-30 09:18:35,42950.0,100,Buy,235896820
2024-08-30 09:18:56,42900.0,10000,Sell,235897120
2024-08-30 09:18:56,42900.0,500,Sell,235897118
2024-08-30 09:18:56,42900.0,200,Sell,235897117
2024-08-30 09:18:56,42900.0,100,Sell,235897119
2024-08-30 09:18:56,42900.0,100,Sell,235897115
2024-08-30 09:18:56,42900.0,700,Sell,235897114
2024-08-30 09:18:56,42950.0,1000,Sell,235897113
2024-08-30 09:18:56,42900.0,500,Sell,235897116
2024-08-30 09:19:05,42900.0,500,Buy,235897260
2024-08-30 09:19:07,42900.0,100,Buy,235897312
2024-08-30 09:19:10,42900.0,100,Buy,235897356
2024-08-30 09:19:17,42850.0,100,Sell,235897469
2024-08-30 09:19:17,42850.0,500,Sell,235897468
2024-08-30 09:19:17,42850.0,2000,Sell,235897467
2024-08-30 09:19:17,42850.0,700,Sell,235897466
2024-08-30 09:19:17,42850.0,1000,Sell,235897464
2024-08-30 09:19:17,42850.0,100,Sell,235897462
2024-08-30 09:19:17,42850.0,200,Sell,235897465
2024-08-30 09:19:17,42850.0,500,Sell,235897463
2024-08-30 09:19:47,42850.0,500,Buy,235897983
2024-08-30 09:19:49,42900.0,1200,Buy,235898015
2024-08-30 09:19:49,42850.0,400,Buy,235898014
2024-08-30 09:20:16,42900.0,300,Buy,235898499
2024-08-30 09:20:26,42900.0,200,Buy,235898624
2024-08-30 09:20:26,42900.0,100,Buy,235898625
2024-08-30 09:20:40,42900.0,400,Buy,235898852
2024-08-30 09:20:40,42900.0,300,Buy,235898853
2024-08-30 09:21:03,42900.0,100,Sell,235899116
2024-08-30 09:21:03,42850.0,100,Sell,235899117
2024-08-30 09:21:03,42850.0,500,Sell,235899118
2024-08-30 09:21:03,42900.0,300,Sell,235899115
2024-08-30 09:21:12,42900.0,500,Sell,235899225
2024-08-30 09:21:51,42900.0,100,Sell,235899888
2024-08-30 09:21:51,42900.0,100,Sell,235899889
2024-08-30 09:22:54,42900.0,500,Buy,235901063
2024-08-30 09:22:54,42900.0,600,Buy,235901062
2024-08-30 09:22:54,42900.0,200,Buy,235901061
2024-08-30 09:23:46,42950.0,500,Buy,235902140
2024-08-30 09:24:04,42950.0,100,Buy,235902493
2024-08-30 09:24:06,42950.0,400,Buy,235902524
2024-08-30 09:24:32,42950.0,100,Sell,235903135
2024-08-30 09:24:32,42950.0,200,Sell,235903136
2024-08-30 09:24:32,42950.0,100,Sell,235903137
2024-08-30 09:24:32,42950.0,100,Sell,235903138
2024-08-30 09:24:34,42950.0,100,Sell,235903156
2024-08-30 09:24:34,42900.0,1000,Sell,235903157
2024-08-30 09:24:34,42900.0,500,Sell,235903158
2024-08-30 09:24:34,42900.0,2000,Sell,235903159
2024-08-30 09:24:34,42900.0,200,Sell,235903160
2024-08-30 09:25:12,42950.0,100,Sell,235903937
2024-08-30 09:25:43,42950.0,1000,Sell,235904540
2024-08-30 09:25:54,43000.0,100,Buy,235904737
2024-08-30 09:25:54,43000.0,700,Buy,235904736
2024-08-30 09:25:54,43000.0,1500,Buy,235904734
2024-08-30 09:25:54,43000.0,500,Buy,235904735
2024-08-30 09:25:57,43000.0,500,Buy,235904777
2024-08-30 09:26:12,43000.0,2400,Buy,235905052
2024-08-30 09:26:12,43000.0,600,Buy,235905053
2024-08-30 09:26:13,42950.0,1000,Sell,235905066
2024-08-30 09:26:18,43000.0,500,Buy,235905126
2024-08-30 09:26:20,43000.0,100,Buy,235905173
2024-08-30 09:26:48,43100.0,900,Buy,235905567
2024-08-30 09:26:48,43100.0,200,Buy,235905568
2024-08-30 09:26:50,43150.0,100,Buy,235905598
2024-08-30 09:26:50,43150.0,1000,Buy,235905599
2024-08-30 09:26:50,43150.0,2500,Buy,235905600
2024-08-30 09:26:51,43100.0,300,Sell,235905613
2024-08-30 09:27:04,43150.0,2500,Buy,235905824
2024-08-30 09:27:23,43200.0,300,Buy,235906134
2024-08-30 09:27:32,43200.0,200,Sell,235906288
2024-08-30 09:27:32,43200.0,100,Sell,235906289
2024-08-30 09:27:37,43200.0,100,Buy,235906368
2024-08-30 09:27:42,43200.0,100,Buy,235906466
2024-08-30 09:27:49,43200.0,100,Sell,235906582
2024-08-30 09:27:59,43200.0,200,Sell,235906856
2024-08-30 09:27:59,43200.0,300,Sell,235906855
2024-08-30 09:28:05,43000.0,100,Sell,235906991
2024-08-30 09:28:05,43100.0,800,Sell,235906990
2024-08-30 09:28:05,43100.0,600,Sell,235906988
2024-08-30 09:28:05,43150.0,2000,Sell,235906987
2024-08-30 09:28:05,43200.0,400,Sell,235906981
2024-08-30 09:28:05,43150.0,500,Sell,235906985
2024-08-30 09:28:05,43200.0,100,Sell,235906984
2024-08-30 09:28:05,43200.0,100,Sell,235906983
2024-08-30 09:28:05,43200.0,2000,Sell,235906982
2024-08-30 09:28:05,43150.0,3000,Sell,235906986
2024-08-30 09:28:05,43100.0,400,Sell,235906989
2024-08-30 09:28:16,43200.0,200,Sell,235907163
2024-08-30 09:29:21,43150.0,300,Buy,235908284
2024-08-30 09:30:03,43150.0,300,Buy,235909107
2024-08-30 09:30:03,43150.0,200,Buy,235909108
2024-08-30 09:30:11,43150.0,1000,Buy,235909239
2024-08-30 09:30:26,43150.0,1200,Buy,235909461
2024-08-30 09:30:47,43150.0,500,Sell,235909852
2024-08-30 09:30:52,43150.0,500,Buy,235909970
2024-08-30 09:31:24,43150.0,1000,Buy,235910486
2024-08-30 09:31:37,43150.0,500,Sell,235910696
2024-08-30 09:31:55,43150.0,1000,Sell,235911157
2024-08-30 09:32:03,43150.0,400,Sell,235911342
2024-08-30 09:32:10,43150.0,2500,Sell,235911525
2024-08-30 09:32:16,43150.0,200,Sell,235911678
2024-08-30 09:32:20,43150.0,200,Sell,235911809
2024-08-30 09:32:29,43150.0,600,Sell,235911968
2024-08-30 09:32:33,43200.0,100,Buy,235912019
2024-08-30 09:32:48,43200.0,700,Buy,235912330
2024-08-30 09:33:05,43200.0,500,Buy,235912653
2024-08-30 09:33:28,43200.0,400,Buy,235913364
2024-08-30 09:33:28,43200.0,200,Buy,235913359
2024-08-30 09:33:28,43200.0,100,Buy,235913360
2024-08-30 09:33:28,43200.0,2000,Buy,235913361
2024-08-30 09:33:28,43200.0,400,Buy,235913362
2024-08-30 09:33:28,43200.0,100,Buy,235913363
2024-08-30 09:33:32,43200.0,600,Buy,235913438
2024-08-30 09:33:34,43200.0,100,Buy,235913502
2024-08-30 09:33:34,43200.0,1000,Buy,235913501
2024-08-30 09:33:34,43200.0,200,Buy,235913503
2024-08-30 09:33:38,43250.0,1000,Buy,235913575
2024-08-30 09:33:38,43250.0,100,Buy,235913576
2024-08-30 09:33:38,43250.0,500,Buy,235913577
2024-08-30 09:33:38,43250.0,500,Buy,235913578
2024-08-30 09:33:38,43250.0,1000,Buy,235913579
2024-08-30 09:33:38,43300.0,900,Buy,235913580
2024-08-30 09:33:50,43300.0,100,Buy,235913790
2024-08-30 09:33:50,43300.0,200,Buy,235913791
2024-08-30 09:33:50,43300.0,2000,Buy,235913756
2024-08-30 09:33:55,43300.0,300,Buy,235913941
2024-08-30 09:33:55,43300.0,200,Buy,235913942
2024-08-30 09:33:55,43300.0,500,Buy,235913943
2024-08-30 09:33:55,43300.0,1000,Buy,235913944
2024-08-30 09:33:56,43300.0,500,Buy,235913954
2024-08-30 09:34:21,43350.0,500,Buy,235914597
2024-08-30 09:34:24,43350.0,200,Buy,235914659
2024-08-30 09:34:32,43300.0,1000,Sell,235914873
2024-08-30 09:34:33,43350.0,100,Buy,235914913
2024-08-30 09:34:35,43300.0,500,Sell,235914949
2024-08-30 09:34:45,43350.0,100,Buy,235915125
2024-08-30 09:34:45,43350.0,200,Buy,235915113
2024-08-30 09:34:45,43350.0,100,Buy,235915124
2024-08-30 09:34:46,43350.0,300,Buy,235915133
2024-08-30 09:34:47,43350.0,200,Buy,235915151
2024-08-30 09:34:47,43350.0,100,Buy,235915150
2024-08-30 09:34:48,43300.0,1000,Sell,235915165
2024-08-30 09:34:48,43300.0,2000,Sell,235915166
2024-08-30 09:34:48,43300.0,2300,Sell,235915167
2024-08-30 09:34:48,43300.0,300,Buy,235915168
2024-08-30 09:35:04,43200.0,1000,Sell,235915552
2024-08-30 09:35:12,43250.0,200,Buy,235915764
2024-08-30 09:35:16,43300.0,800,Buy,235915831
2024-08-30 09:35:16,43300.0,200,Buy,235915832
2024-08-30 09:35:16,43300.0,300,Buy,235915833
2024-08-30 09:35:28,43300.0,1000,Buy,235916091
2024-08-30 09:35:34,43300.0,4000,Buy,235916206
2024-08-30 09:35:41,43300.0,1000,Buy,235916434
2024-08-30 09:35:42,43300.0,300,Buy,235916450
2024-08-30 09:35:51,43300.0,7900,Buy,235916613
2024-08-30 09:35:58,43300.0,3200,Buy,235916757
2024-08-30 09:36:03,43300.0,500,Buy,235916847
2024-08-30 09:36:04,43300.0,200,Buy,235916857
2024-08-30 09:36:09,43300.0,1000,Buy,235917026
2024-08-30 09:36:10,43250.0,100,Sell,235917047
2024-08-30 09:36:12,43300.0,500,Buy,235917090
2024-08-30 09:36:23,43300.0,1000,Buy,235917308
2024-08-30 09:36:35,43300.0,200,Buy,235917512
2024-08-30 09:36:35,43300.0,100,Buy,235917513
2024-08-30 09:36:35,43300.0,200,Buy,235917514
2024-08-30 09:36:57,43250.0,300,Sell,235917924
2024-08-30 09:36:57,43250.0,1000,Sell,235917925
2024-08-30 09:36:57,43250.0,700,Sell,235917926
2024-08-30 09:36:58,43300.0,1000,Buy,235917953
2024-08-30 09:37:00,43300.0,200,Buy,235917996
2024-08-30 09:37:05,43300.0,200,Buy,235918054
2024-08-30 09:37:06,43300.0,200,Buy,235918064
2024-08-30 09:37:06,43300.0,500,Buy,235918063
2024-08-30 09:37:06,43300.0,200,Buy,235918062
2024-08-30 09:37:24,43300.0,900,Buy,235918371
2024-08-30 09:37:24,43300.0,100,Buy,235918372
2024-08-30 09:37:32,43300.0,500,Buy,235918541
2024-08-30 09:37:32,43300.0,2000,Buy,235918536
2024-08-30 09:37:32,43300.0,1000,Buy,235918537
2024-08-30 09:37:32,43300.0,500,Buy,235918540
2024-08-30 09:37:36,43250.0,1000,Sell,235918600
2024-08-30 09:37:36,43300.0,200,Buy,235918624
2024-08-30 09:37:36,43300.0,800,Buy,235918625
2024-08-30 09:37:38,43300.0,200,Buy,235918668
2024-08-30 09:37:39,43300.0,200,Buy,235918687
2024-08-30 09:37:44,43300.0,500,Buy,235918785
2024-08-30 09:37:49,43300.0,300,Buy,235918857
2024-08-30 09:37:49,43300.0,100,Buy,235918858
2024-08-30 09:37:49,43300.0,100,Buy,235918859
2024-08-30 09:37:49,43300.0,100,Buy,235918860
2024-08-30 09:38:06,43300.0,100,Sell,235919153
2024-08-30 09:38:13,43350.0,600,Buy,235919309
2024-08-30 09:38:13,43350.0,2000,Buy,235919310
2024-08-30 09:38:13,43350.0,100,Buy,235919307
2024-08-30 09:38:13,43350.0,1900,Buy,235919305
2024-08-30 09:38:13,43350.0,3000,Buy,235919308
2024-08-30 09:38:13,43350.0,200,Buy,235919306
2024-08-30 09:38:16,43350.0,500,Sell,235919347
2024-08-30 09:38:35,43350.0,700,Sell,235919687
2024-08-30 09:38:35,43350.0,300,Sell,235919688
2024-08-30 09:38:35,43350.0,300,Sell,235919689
2024-08-30 09:38:42,43350.0,1700,Buy,235919815
2024-08-30 09:38:42,43350.0,1000,Buy,235919816
2024-08-30 09:39:00,43350.0,100,Sell,235920136
2024-08-30 09:39:04,43350.0,300,Sell,235920241
2024-08-30 09:39:06,43350.0,500,Sell,235920314
2024-08-30 09:39:15,43350.0,2000,Sell,235920544
2024-08-30 09:39:18,43350.0,100,Sell,235920573
2024-08-30 09:39:21,43350.0,100,Sell,235920635
2024-08-30 09:39:23,43350.0,1200,Sell,235920656
2024-08-30 09:39:30,43350.0,100,Sell,235920760
2024-08-30 09:39:30,43350.0,800,Buy,235920756
2024-08-30 09:39:33,43350.0,300,Sell,235920827
2024-08-30 09:39:33,43350.0,200,Sell,235920828
2024-08-30 09:39:51,43400.0,100,Buy,235921104
2024-08-30 09:39:51,43400.0,400,Buy,235921103
2024-08-30 09:39:51,43400.0,100,Buy,235921102
2024-08-30 09:39:51,43400.0,300,Buy,235921101
2024-08-30 09:39:51,43400.0,1000,Buy,235921100
2024-08-30 09:39:51,43400.0,100,Buy,235921093
2024-08-30 09:39:51,43400.0,400,Buy,235921098
2024-08-30 09:39:51,43400.0,2000,Buy,235921097
2024-08-30 09:39:51,43400.0,500,Buy,235921096
2024-08-30 09:39:51,43400.0,1000,Buy,235921095
2024-08-30 09:39:51,43400.0,400,Buy,235921094
2024-08-30 09:39:51,43400.0,100,Buy,235921099
2024-08-30 09:39:58,43400.0,1000,Sell,235921224
2024-08-30 09:40:04,43400.0,500,Sell,235921352
2024-08-30 09:40:07,43400.0,900,Sell,235921401
2024-08-30 09:40:08,43450.0,300,Buy,235921416
2024-08-30 09:40:08,43450.0,400,Buy,235921417
2024-08-30 09:40:08,43450.0,500,Buy,235921414
2024-08-30 09:40:08,43450.0,300,Buy,235921415
2024-08-30 09:40:14,43400.0,1000,Sell,235921526
2024-08-30 09:40:19,43450.0,500,Buy,235921590
2024-08-30 09:40:28,43400.0,500,Sell,235921727
2024-08-30 09:40:41,43400.0,2500,Sell,235921903
2024-08-30 09:40:42,43350.0,500,Buy,235921912
2024-08-30 09:41:11,43350.0,200,Sell,235922345
2024-08-30 09:41:11,43350.0,500,Sell,235922346
2024-08-30 09:41:24,43350.0,100,Buy,235922573
2024-08-30 09:42:03,43300.0,500,Sell,235923495
2024-08-30 09:42:03,43350.0,600,Buy,235923492
2024-08-30 09:42:03,43350.0,2000,Buy,235923493
2024-08-30 09:42:03,43350.0,400,Buy,235923494
2024-08-30 09:42:09,43300.0,300,Sell,235923644
2024-08-30 09:42:14,43300.0,1500,Sell,235923741
2024-08-30 09:42:14,43300.0,100,Sell,235923742
2024-08-30 09:42:14,43300.0,100,Sell,235923743
2024-08-30 09:42:14,43300.0,300,Sell,235923744
2024-08-30 09:42:14,43300.0,200,Sell,235923751
2024-08-30 09:42:18,43300.0,500,Sell,235923831
2024-08-30 09:42:52,43300.0,200,Sell,235924516
2024-08-30 09:43:01,43300.0,1000,Sell,235924715
2024-08-30 09:43:07,43300.0,400,Sell,235924797
2024-08-30 09:43:10,43350.0,100,Buy,235924855
2024-08-30 09:43:10,43350.0,200,Buy,235924856
2024-08-30 09:43:16,43300.0,400,Sell,235925003
2024-08-30 09:43:16,43300.0,300,Sell,235925004
2024-08-30 09:43:16,43300.0,800,Sell,235925005
2024-08-30 09:43:21,43300.0,600,Sell,235925245
2024-08-30 09:43:21,43300.0,300,Sell,235925246
2024-08-30 09:43:24,43300.0,200,Buy,235925305
2024-08-30 09:43:36,43300.0,200,Buy,235925536
2024-08-30 09:43:47,43300.0,200,Buy,235925726
2024-08-30 09:43:58,43300.0,1500,Buy,235925972
2024-08-30 09:43:58,43300.0,500,Buy,235925973
2024-08-30 09:43:58,43300.0,600,Buy,235925974
2024-08-30 09:43:58,43300.0,400,Buy,235925975
2024-08-30 09:43:58,43300.0,100,Buy,235925977
2024-08-30 09:44:21,43300.0,500,Buy,235926670
2024-08-30 09:44:21,43300.0,100,Buy,235926671
2024-08-30 09:44:21,43300.0,1000,Buy,235926669
2024-08-30 09:44:21,43300.0,300,Buy,235926667
2024-08-30 09:44:21,43300.0,100,Buy,235926668
2024-08-30 09:45:04,43300.0,200,Buy,235927672
2024-08-30 09:45:15,43300.0,300,Buy,235927933
2024-08-30 09:45:15,43300.0,1500,Buy,235927934
2024-08-30 09:45:15,43300.0,100,Buy,235927935
2024-08-30 09:45:15,43300.0,1100,Buy,235927936
2024-08-30 09:45:45,43300.0,100,Buy,235928561
2024-08-30 09:45:45,43300.0,1000,Buy,235928562
2024-08-30 09:45:45,43300.0,500,Buy,235928564
2024-08-30 09:45:45,43300.0,400,Buy,235928563
2024-08-30 09:45:47,43300.0,200,Sell,235928632
2024-08-30 09:46:26,43300.0,1000,Sell,235929552
2024-08-30 09:46:28,43300.0,1400,Sell,235929598
2024-08-30 09:46:41,43300.0,400,Sell,235929850
2024-08-30 09:46:41,43300.0,1600,Sell,235929851
2024-08-30 09:46:43,43300.0,200,Sell,235929882
2024-08-30 09:46:45,43300.0,200,Sell,235929944
2024-08-30 09:46:45,43300.0,2000,Sell,235929943
2024-08-30 09:46:45,43300.0,200,Sell,235929942
2024-08-30 09:47:14,43300.0,300,Buy,235930724
2024-08-30 09:47:48,43250.0,900,Sell,235931428
2024-08-30 09:47:48,43250.0,300,Sell,235931427
2024-08-30 09:48:02,43250.0,800,Sell,235931799
2024-08-30 09:48:02,43250.0,1000,Sell,235931800
2024-08-30 09:48:02,43250.0,100,Sell,235931801
2024-08-30 09:48:02,43250.0,1100,Sell,235931798
2024-08-30 09:48:58,43250.0,500,Sell,235933109
2024-08-30 09:49:26,43250.0,400,Sell,235933946
2024-08-30 09:49:26,43250.0,200,Sell,235933947
2024-08-30 09:50:06,43200.0,1000,Sell,235935279
2024-08-30 09:50:16,43250.0,400,Buy,235935535
2024-08-30 09:50:16,43250.0,200,Buy,235935536
2024-08-30 09:50:20,43200.0,500,Sell,235935652
2024-08-30 09:50:34,43200.0,200,Sell,235936180
2024-08-30 09:51:09,43200.0,300,Sell,235937196
2024-08-30 09:51:17,43200.0,800,Sell,235937486
2024-08-30 09:51:17,43200.0,1100,Sell,235937485
2024-08-30 09:51:33,43200.0,300,Sell,235937977
2024-08-30 09:51:33,43200.0,200,Sell,235937976
2024-08-30 09:52:25,43200.0,500,Sell,235939693
2024-08-30 09:52:35,43200.0,200,Sell,235939918
2024-08-30 09:52:39,43200.0,300,Sell,235940039
2024-08-30 09:52:39,43200.0,500,Sell,235940037
2024-08-30 09:52:39,43200.0,100,Sell,235940036
2024-08-30 09:52:39,43200.0,200,Sell,235940038
2024-08-30 09:52:39,43200.0,200,Sell,235940034
2024-08-30 09:52:39,43200.0,200,Sell,235940023
2024-08-30 09:52:39,43200.0,1800,Sell,235940022
2024-08-30 09:52:39,43200.0,200,Sell,235940035
2024-08-30 09:53:11,43200.0,300,Buy,235940895
2024-08-30 09:53:24,43150.0,100,Sell,235941244
2024-08-30 09:53:31,43150.0,500,Sell,235941371
2024-08-30 09:53:39,43150.0,400,Sell,235941602
2024-08-30 09:54:12,43150.0,4000,Sell,235942444
2024-08-30 09:54:17,43150.0,200,Sell,235942520
2024-08-30 09:54:17,43150.0,200,Sell,235942521
2024-08-30 09:54:17,43150.0,100,Sell,235942518
2024-08-30 09:54:17,43150.0,100,Sell,235942519
2024-08-30 09:54:17,43150.0,1000,Sell,235942517
2024-08-30 09:54:22,43100.0,500,Sell,235942631
2024-08-30 09:54:31,43100.0,400,Sell,235942789
2024-08-30 09:54:43,43150.0,500,Buy,235943053
2024-08-30 09:54:43,43150.0,800,Buy,235943052
2024-08-30 09:54:43,43150.0,300,Buy,235943054
2024-08-30 09:54:47,43100.0,200,Sell,235943163
2024-08-30 09:55:09,43100.0,1000,Sell,235943591
2024-08-30 09:56:01,43100.0,100,Sell,235944743
2024-08-30 09:56:36,43100.0,300,Sell,235945546
2024-08-30 09:56:36,43100.0,4400,Sell,235945547
2024-08-30 09:56:43,43100.0,600,Sell,235945649
2024-08-30 09:56:43,43100.0,400,Sell,235945650
2024-08-30 09:56:46,43100.0,600,Sell,235945705
2024-08-30 09:56:46,43100.0,600,Sell,235945706
2024-08-30 09:56:57,43150.0,200,Buy,235945900
2024-08-30 09:57:01,43100.0,200,Sell,235945964
2024-08-30 09:57:09,43100.0,200,Sell,235946134
2024-08-30 09:57:09,43100.0,300,Sell,235946135
2024-08-30 09:57:14,43150.0,100,Buy,235946216
2024-08-30 09:57:39,43150.0,1000,Buy,235946691
2024-08-30 09:58:06,43100.0,400,Sell,235947238
2024-08-30 09:58:27,43100.0,300,Sell,235947589
2024-08-30 09:58:27,43100.0,100,Sell,235947590
2024-08-30 09:58:27,43100.0,1600,Sell,235947591
2024-08-30 09:58:42,43100.0,100,Sell,235947887
2024-08-30 09:58:45,43100.0,100,Sell,235947967
2024-08-30 09:59:36,43100.0,200,Sell,235948897
2024-08-30 09:59:36,43100.0,200,Sell,235948896
2024-08-30 09:59:36,43100.0,300,Sell,235948895
2024-08-30 09:59:36,43100.0,500,Sell,235948894
2024-08-30 09:59:36,43100.0,300,Sell,235948892
2024-08-30 09:59:36,43100.0,200,Sell,235948891
2024-08-30 09:59:36,43100.0,3200,Sell,235948890
2024-08-30 09:59:36,43100.0,100,Sell,235948893
2024-08-30 09:59:40,43100.0,1000,Sell,235948956
2024-08-30 10:00:17,43100.0,800,Sell,235949711
2024-08-30 10:00:17,43100.0,700,Sell,235949712
2024-08-30 10:00:17,43100.0,100,Sell,235949713
2024-08-30 10:00:40,43100.0,300,Buy,235950248
2024-08-30 10:01:19,43050.0,2000,Sell,235950921
2024-08-30 10:01:19,43050.0,100,Sell,235950920
2024-08-30 10:01:19,43050.0,500,Sell,235950919
2024-08-30 10:01:33,43000.0,100,Sell,235951244
2024-08-30 10:01:33,43000.0,100,Sell,235951245
2024-08-30 10:01:55,43050.0,2400,Buy,235951773
2024-08-30 10:02:00,43050.0,100,Sell,235951846
2024-08-30 10:02:06,43050.0,800,Sell,235952002
2024-08-30 10:02:09,43050.0,1200,Buy,235952102
2024-08-30 10:02:19,43050.0,300,Sell,235952325
2024-08-30 10:02:21,43050.0,1100,Buy,235952363
2024-08-30 10:03:08,43100.0,100,Buy,235953260
2024-08-30 10:03:08,43100.0,900,Buy,235953261
2024-08-30 10:03:09,43100.0,300,Buy,235953282
2024-08-30 10:03:09,43100.0,4100,Buy,235953281
2024-08-30 10:03:34,43100.0,100,Sell,235953759
2024-08-30 10:03:34,43100.0,400,Sell,235953760
2024-08-30 10:03:36,43150.0,1000,Buy,235953802
2024-08-30 10:03:41,43100.0,2500,Sell,235953970
2024-08-30 10:03:41,43100.0,1000,Sell,235953967
2024-08-30 10:03:41,43100.0,1000,Sell,235953968
2024-08-30 10:03:41,43100.0,500,Sell,235953969
2024-08-30 10:03:45,43100.0,400,Sell,235954060
2024-08-30 10:04:11,43100.0,100,Sell,235954547
2024-08-30 10:04:20,43100.0,5800,Sell,235954675
2024-08-30 10:04:23,43100.0,600,Sell,235954742
2024-08-30 10:04:25,43100.0,1000,Sell,235954755
2024-08-30 10:05:18,43100.0,3700,Sell,235955858
2024-08-30 10:06:08,43100.0,700,Sell,235956770
2024-08-30 10:06:08,43100.0,300,Sell,235956771
2024-08-30 10:07:57,43050.0,100,Sell,235958600
2024-08-30 10:07:57,43050.0,200,Sell,235958601
2024-08-30 10:07:57,43050.0,800,Sell,235958602
2024-08-30 10:08:34,43050.0,500,Sell,235959146
2024-08-30 10:08:53,43050.0,700,Sell,235959460
2024-08-30 10:08:53,43050.0,300,Sell,235959461
2024-08-30 10:09:01,43050.0,200,Sell,235959550
2024-08-30 10:09:07,43050.0,500,Sell,235959707
2024-08-30 10:09:07,43050.0,500,Sell,235959708
2024-08-30 10:09:08,43050.0,100,Sell,235959718
2024-08-30 10:09:12,43050.0,800,Sell,235959788
2024-08-30 10:09:16,43050.0,400,Sell,235959825
2024-08-30 10:09:16,43050.0,600,Sell,235959824
2024-08-30 10:09:41,43050.0,600,Sell,235960209
2024-08-30 10:09:41,43050.0,500,Sell,235960210
2024-08-30 10:09:41,43050.0,900,Sell,235960211
2024-08-30 10:10:12,43050.0,100,Sell,235960644
2024-08-30 10:10:12,43050.0,200,Sell,235960645
2024-08-30 10:10:12,43050.0,700,Sell,235960646
2024-08-30 10:10:58,43050.0,300,Sell,235961439
2024-08-30 10:11:44,43050.0,500,Sell,235962105
2024-08-30 10:11:44,43050.0,1500,Sell,235962106
2024-08-30 10:12:02,43100.0,100,Buy,235962362
2024-08-30 10:12:38,43100.0,100,Buy,235963065
2024-08-30 10:13:10,43100.0,500,Buy,235963581
2024-08-30 10:13:23,43100.0,2400,Buy,235963798
2024-08-30 10:13:32,43050.0,2000,Sell,235963963
2024-08-30 10:13:32,43050.0,3000,Sell,235963964
2024-08-30 10:13:32,43100.0,900,Buy,235963965
2024-08-30 10:13:32,43100.0,2000,Buy,235963966
2024-08-30 10:14:00,43050.0,100,Sell,235964474
2024-08-30 10:14:21,43100.0,100,Buy,235964882
2024-08-30 10:14:29,43100.0,1900,Buy,235965001
2024-08-30 10:14:29,43100.0,600,Buy,235965002
2024-08-30 10:14:29,43100.0,100,Buy,235965000
2024-08-30 10:14:29,43100.0,2600,Buy,235964995
2024-08-30 10:14:29,43100.0,400,Buy,235964998
2024-08-30 10:14:29,43100.0,100,Buy,235964997
2024-08-30 10:14:29,43100.0,1000,Buy,235964996
2024-08-30 10:14:29,43100.0,1100,Buy,235964999
2024-08-30 10:14:51,43150.0,4000,Buy,235965298
2024-08-30 10:14:51,43150.0,2200,Buy,235965299
2024-08-30 10:14:51,43150.0,800,Buy,235965300
2024-08-30 10:15:22,43150.0,200,Buy,235965702
2024-08-30 10:15:22,43150.0,300,Buy,235965703
2024-08-30 10:15:35,43150.0,100,Buy,235965963
2024-08-30 10:15:48,43150.0,100,Buy,235966197
2024-08-30 10:15:48,43150.0,300,Buy,235966198
2024-08-30 10:15:48,43150.0,100,Buy,235966199
2024-08-30 10:16:19,43150.0,100,Buy,235966633
2024-08-30 10:16:44,43100.0,2000,Sell,235966974
2024-08-30 10:16:44,43100.0,200,Sell,235966973
2024-08-30 10:16:44,43100.0,2000,Sell,235966971
2024-08-30 10:16:44,43100.0,200,Sell,235966970
2024-08-30 10:16:44,43100.0,500,Sell,235966972
2024-08-30 10:17:22,43100.0,3000,Buy,235967586
2024-08-30 10:17:37,43100.0,1000,Buy,235967833
2024-08-30 10:17:42,43100.0,100,Buy,235967907
2024-08-30 10:17:53,43100.0,100,Sell,235968099
2024-08-30 10:17:53,43100.0,100,Sell,235968100
2024-08-30 10:19:26,43100.0,100,Sell,235969489
2024-08-30 10:19:26,43100.0,900,Sell,235969490
2024-08-30 10:23:10,43150.0,900,Buy,235972822
2024-08-30 10:23:10,43150.0,900,Buy,235972823
2024-08-30 10:23:17,43150.0,200,Buy,235972909
2024-08-30 10:24:27,43150.0,100,Buy,235973948
2024-08-30 10:24:32,43100.0,200,Sell,235973998
2024-08-30 10:26:05,43150.0,800,Buy,235975392
2024-08-30 10:26:05,43150.0,200,Buy,235975393
2024-08-30 10:26:05,43150.0,300,Buy,235975394
2024-08-30 10:26:05,43150.0,100,Buy,235975395
2024-08-30 10:26:05,43150.0,600,Buy,235975396
2024-08-30 10:26:12,43150.0,200,Buy,235975482
2024-08-30 10:26:24,43150.0,2000,Buy,235975668
2024-08-30 10:26:28,43150.0,200,Buy,235975747
2024-08-30 10:26:28,43150.0,5000,Buy,235975748
2024-08-30 10:26:28,43150.0,1200,Buy,235975746
2024-08-30 10:26:57,43200.0,500,Buy,235976276
2024-08-30 10:27:16,43200.0,500,Buy,235976499
2024-08-30 10:27:28,43200.0,200,Buy,235976693
2024-08-30 10:27:57,43150.0,300,Sell,235977052
2024-08-30 10:28:33,43150.0,200,Sell,235977504
2024-08-30 10:28:52,43200.0,100,Buy,235977749
2024-08-30 10:31:31,43200.0,100,Buy,235980211
2024-08-30 10:31:56,43200.0,100,Buy,235980675
2024-08-30 10:31:56,43200.0,100,Buy,235980674
2024-08-30 10:32:30,43200.0,100,Buy,235981281
2024-08-30 10:32:30,43200.0,300,Buy,235981282
2024-08-30 10:32:30,43200.0,2500,Buy,235981283
2024-08-30 10:32:53,43200.0,100,Buy,235981727
2024-08-30 10:32:59,43150.0,100,Sell,235981861
2024-08-30 10:32:59,43150.0,1400,Sell,235981863
2024-08-30 10:32:59,43150.0,600,Sell,235981862
2024-08-30 10:32:59,43150.0,500,Sell,235981860
2024-08-30 10:32:59,43150.0,400,Sell,235981859
2024-08-30 10:33:14,43150.0,100,Sell,235982093
2024-08-30 10:33:14,43150.0,100,Sell,235982125
2024-08-30 10:33:19,43300.0,1000,Buy,235982202
2024-08-30 10:33:19,43300.0,100,Buy,235982201
2024-08-30 10:33:19,43300.0,1000,Buy,235982200
2024-08-30 10:33:19,43300.0,2000,Buy,235982199
2024-08-30 10:33:19,43250.0,600,Buy,235982198
2024-08-30 10:33:19,43250.0,1000,Buy,235982197
2024-08-30 10:33:19,43250.0,1000,Buy,235982196
2024-08-30 10:33:19,43250.0,2200,Buy,235982195
2024-08-30 10:33:19,43250.0,500,Buy,235982193
2024-08-30 10:33:19,43200.0,3000,Buy,235982192
2024-08-30 10:33:19,43200.0,1000,Buy,235982191
2024-08-30 10:33:19,43200.0,100,Buy,235982190
2024-08-30 10:33:19,43200.0,2000,Buy,235982189
2024-08-30 10:33:19,43200.0,2400,Buy,235982188
2024-08-30 10:33:19,43300.0,1100,Buy,235982203
2024-08-30 10:33:19,43250.0,1000,Buy,235982194
2024-08-30 10:33:28,43150.0,100,Sell,235982371
2024-08-30 10:33:45,43150.0,1000,Sell,235982716
2024-08-30 10:33:45,43150.0,500,Sell,235982717
2024-08-30 10:33:45,43150.0,3300,Sell,235982715
2024-08-30 10:33:49,43150.0,3300,Buy,235982796
2024-08-30 10:34:19,43150.0,100,Sell,235983229
2024-08-30 10:34:24,43150.0,1000,Sell,235983314
2024-08-30 10:34:32,43150.0,100,Sell,235983564
2024-08-30 10:35:26,43300.0,300,Buy,235984702
2024-08-30 10:35:30,43300.0,100,Buy,235984734
2024-08-30 10:36:25,43250.0,200,Buy,235985677
2024-08-30 10:36:32,43200.0,100,Sell,235985801
2024-08-30 10:36:44,43200.0,500,Sell,235986047
2024-08-30 10:37:25,43200.0,200,Sell,235986743
2024-08-30 10:37:25,43200.0,100,Sell,235986744
2024-08-30 10:37:25,43200.0,2300,Sell,235986745
2024-08-30 10:37:25,43150.0,500,Sell,235986746
2024-08-30 10:37:25,43150.0,3500,Sell,235986747
2024-08-30 10:37:28,43250.0,1000,Buy,235986802
2024-08-30 10:37:46,43250.0,100,Buy,235987078
2024-08-30 10:37:47,43250.0,600,Buy,235987092
2024-08-30 10:38:17,43250.0,100,Buy,235987651
2024-08-30 10:38:18,43200.0,100,Sell,235987667
2024-08-30 10:38:32,43200.0,1400,Sell,235987943
2024-08-30 10:40:10,43200.0,600,Buy,235989608
2024-08-30 10:40:10,43200.0,1000,Buy,235989609
2024-08-30 10:40:40,43200.0,1000,Sell,235990059
2024-08-30 10:40:52,43200.0,400,Sell,235990233
2024-08-30 10:40:52,43200.0,3000,Sell,235990234
2024-08-30 10:40:53,43200.0,200,Buy,235990247
2024-08-30 10:41:02,43200.0,100,Buy,235990408
2024-08-30 10:41:25,43150.0,500,Sell,235990718
2024-08-30 10:41:25,43150.0,5000,Sell,235990719
2024-08-30 10:41:25,43150.0,100,Sell,235990720
2024-08-30 10:41:40,43150.0,100,Sell,235990901
2024-08-30 10:41:48,43150.0,2000,Sell,235991022
2024-08-30 10:42:22,43150.0,1600,Sell,235991486
2024-08-30 10:42:32,43150.0,1000,Sell,235991674
2024-08-30 10:42:51,43150.0,1500,Sell,235991969
2024-08-30 10:42:51,43150.0,1000,Sell,235991968
2024-08-30 10:42:51,43150.0,1300,Sell,235991966
2024-08-30 10:42:51,43150.0,200,Sell,235991967
2024-08-30 10:43:00,43150.0,200,Sell,235992182
2024-08-30 10:43:34,43150.0,1200,Sell,235992798
2024-08-30 10:43:34,43150.0,500,Sell,235992799
2024-08-30 10:43:34,43150.0,100,Sell,235992800
2024-08-30 10:43:34,43150.0,200,Sell,235992801
2024-08-30 10:44:09,43150.0,800,Sell,235993473
2024-08-30 10:44:13,43150.0,100,Buy,235993587
2024-08-30 10:44:21,43150.0,2000,Buy,235993762
2024-08-30 10:44:28,43150.0,2100,Buy,235993883
2024-08-30 10:45:39,43150.0,300,Sell,235994974
2024-08-30 10:45:39,43150.0,100,Sell,235994975
2024-08-30 10:45:39,43150.0,600,Sell,235994976
2024-08-30 10:45:39,43150.0,1000,Sell,235994973
2024-08-30 10:46:01,43150.0,600,Sell,235995312
2024-08-30 10:46:17,43150.0,300,Sell,235995563
2024-08-30 10:46:28,43150.0,500,Sell,235995752
2024-08-30 10:47:32,43200.0,2000,Buy,235996771
2024-08-30 10:47:32,43200.0,700,Buy,235996772
2024-08-30 10:47:32,43200.0,6300,Buy,235996769
2024-08-30 10:47:32,43200.0,1000,Buy,235996770
2024-08-30 10:47:56,43200.0,400,Buy,235997086
2024-08-30 10:48:01,43200.0,5000,Buy,235997157
2024-08-30 10:48:14,43200.0,500,Buy,235997364
2024-08-30 10:48:57,43200.0,1500,Buy,235998021
2024-08-30 10:49:18,43200.0,400,Buy,235998321
2024-08-30 10:49:18,43200.0,100,Buy,235998322
2024-08-30 10:49:18,43200.0,10000,Buy,235998323
2024-08-30 10:49:31,43200.0,200,Sell,235998541
2024-08-30 10:50:51,43200.0,900,Sell,235999578
2024-08-30 10:51:55,43200.0,200,Sell,236000391
2024-08-30 10:53:05,43200.0,1800,Buy,236001252
2024-08-30 10:53:51,43200.0,3000,Sell,236001854
2024-08-30 10:53:57,43200.0,100,Sell,236001944
2024-08-30 10:54:15,43200.0,100,Sell,236002266
2024-08-30 10:54:17,43200.0,200,Buy,236002290
2024-08-30 10:58:45,43200.0,200,Buy,236005736
2024-08-30 11:01:40,43150.0,1000,Sell,236007674
2024-08-30 11:01:40,43150.0,2000,Sell,236007673
2024-08-30 11:01:40,43150.0,100,Sell,236007671
2024-08-30 11:01:40,43150.0,100,Sell,236007670
2024-08-30 11:01:40,43150.0,200,Sell,236007669
2024-08-30 11:01:40,43150.0,100,Sell,236007672
2024-08-30 11:02:12,43100.0,100,Sell,236008057
2024-08-30 11:02:12,43100.0,1000,Sell,236008058
2024-08-30 11:02:12,43100.0,200,Sell,236008059
2024-08-30 11:02:12,43100.0,18300,Sell,236008060
2024-08-30 11:02:24,43100.0,300,Sell,236008240
2024-08-30 11:03:00,43100.0,200,Sell,236008632
2024-08-30 11:03:53,43150.0,400,Buy,236009296
2024-08-30 11:04:49,43150.0,200,Buy,236010095
2024-08-30 11:04:49,43150.0,500,Buy,236010092
2024-08-30 11:04:49,43150.0,1000,Buy,236010093
2024-08-30 11:04:49,43150.0,100,Buy,236010094
2024-08-30 11:05:02,43150.0,100,Sell,236010243
2024-08-30 11:05:17,43150.0,100,Sell,236010420
2024-08-30 11:06:54,43150.0,500,Sell,236011748
2024-08-30 11:07:12,43200.0,500,Buy,236011894
2024-08-30 11:07:12,43200.0,700,Buy,236011895
2024-08-30 11:07:14,43150.0,800,Sell,236011909
2024-08-30 11:08:16,43150.0,100,Sell,236012685
2024-08-30 11:08:16,43150.0,1700,Sell,236012684
2024-08-30 11:08:16,43150.0,200,Sell,236012686
2024-08-30 11:08:27,43150.0,100,Sell,236012814
2024-08-30 11:08:48,43150.0,100,Sell,236013061
2024-08-30 11:09:37,43150.0,200,Sell,236013772
2024-08-30 11:09:37,43150.0,4600,Sell,236013770
2024-08-30 11:09:37,43150.0,200,Sell,236013771
2024-08-30 11:10:55,43200.0,400,Buy,236014878
2024-08-30 11:10:55,43200.0,3000,Buy,236014879
2024-08-30 11:10:55,43200.0,2000,Buy,236014880
2024-08-30 11:10:55,43200.0,1000,Buy,236014881
2024-08-30 11:10:55,43200.0,100,Buy,236014882
2024-08-30 11:10:55,43200.0,10000,Buy,236014883
2024-08-30 11:10:55,43200.0,500,Buy,236014884
2024-08-30 11:10:55,43200.0,100,Buy,236014885
2024-08-30 11:11:25,43200.0,200,Buy,236015303
2024-08-30 11:11:26,43150.0,3000,Sell,236015332
2024-08-30 11:11:29,43150.0,1100,Sell,236015364
2024-08-30 11:11:29,43150.0,1500,Sell,236015365
2024-08-30 11:11:29,43150.0,100,Sell,236015366
2024-08-30 11:11:29,43150.0,100,Sell,236015367
2024-08-30 11:11:36,43150.0,200,Buy,236015463
2024-08-30 11:12:00,43200.0,500,Buy,236015741
2024-08-30 11:12:00,43200.0,500,Buy,236015740
2024-08-30 11:12:33,43200.0,200,Sell,236016228
2024-08-30 11:12:33,43200.0,900,Sell,236016229
2024-08-30 11:13:05,43200.0,2000,Sell,236016610
2024-08-30 11:13:24,43250.0,300,Buy,236016816
2024-08-30 11:14:14,43250.0,100,Buy,236017359
2024-08-30 11:14:43,43200.0,3000,Sell,236017759
2024-08-30 11:15:30,43200.0,1000,Sell,236018339
2024-08-30 11:15:35,43200.0,200,Sell,236018411
2024-08-30 11:16:15,43200.0,100,Sell,236018908
2024-08-30 11:16:35,43200.0,600,Sell,236019179
2024-08-30 11:16:35,43200.0,100,Sell,236019180
2024-08-30 11:16:35,43200.0,100,Sell,236019181
2024-08-30 11:16:35,43200.0,2200,Sell,236019182
2024-08-30 11:16:40,43250.0,100,Buy,236019247
2024-08-30 11:16:55,43250.0,2000,Buy,236019406
2024-08-30 11:17:07,43250.0,1000,Buy,236019545
2024-08-30 11:17:10,43250.0,100,Buy,236019581
2024-08-30 11:17:28,43250.0,500,Buy,236019715
2024-08-30 11:18:12,43250.0,700,Buy,236020267
2024-08-30 11:18:12,43250.0,900,Buy,236020265
2024-08-30 11:18:12,43250.0,200,Buy,236020266
2024-08-30 11:18:15,43250.0,300,Buy,236020285
2024-08-30 11:18:15,43250.0,500,Buy,236020286
2024-08-30 11:18:15,43250.0,1000,Buy,236020287
2024-08-30 11:18:15,43250.0,6000,Buy,236020288
2024-08-30 11:18:15,43250.0,200,Buy,236020289
2024-08-30 11:18:15,43250.0,200,Buy,236020290
2024-08-30 11:18:15,43250.0,200,Buy,236020291
2024-08-30 11:18:15,43250.0,100,Buy,236020292
2024-08-30 11:18:15,43250.0,2000,Buy,236020293
2024-08-30 11:19:48,43300.0,100,Buy,236021417
2024-08-30 11:19:48,43300.0,200,Buy,236021416
2024-08-30 11:19:48,43300.0,1500,Buy,236021415
2024-08-30 11:19:48,43300.0,400,Buy,236021412
2024-08-30 11:19:48,43300.0,400,Buy,236021414
2024-08-30 11:19:48,43300.0,500,Buy,236021413
2024-08-30 11:19:48,43300.0,2000,Buy,236021410
2024-08-30 11:19:48,43300.0,200,Buy,236021409
2024-08-30 11:19:48,43300.0,1000,Buy,236021408
2024-08-30 11:19:48,43300.0,700,Buy,236021407
2024-08-30 11:19:48,43300.0,1000,Buy,236021411
2024-08-30 11:20:28,43300.0,100,Sell,236021867
2024-08-30 11:20:28,43300.0,1900,Buy,236021869
2024-08-30 11:20:28,43350.0,100,Buy,236021873
2024-08-30 11:20:57,43300.0,100,Sell,236022194
2024-08-30 11:21:06,43300.0,200,Buy,236022283
2024-08-30 11:21:18,43300.0,100,Buy,236022430
2024-08-30 11:21:24,43300.0,100,Buy,236022508
2024-08-30 11:23:33,43300.0,3000,Buy,236023916
2024-08-30 11:23:33,43300.0,1000,Buy,236023917
2024-08-30 11:23:33,43300.0,100,Buy,236023918
2024-08-30 11:23:33,43300.0,900,Buy,236023919
2024-08-30 11:23:47,43350.0,200,Buy,236024075
2024-08-30 11:23:47,43350.0,900,Buy,236024076
2024-08-30 11:23:48,43300.0,100,Sell,236024083
2024-08-30 11:25:12,43350.0,100,Buy,236024978
2024-08-30 11:25:12,43350.0,1700,Buy,236024983
2024-08-30 11:25:12,43350.0,1000,Buy,236024982
2024-08-30 11:25:12,43350.0,1000,Buy,236024977
2024-08-30 11:25:12,43350.0,600,Buy,236024980
2024-08-30 11:25:12,43350.0,400,Buy,236024979
2024-08-30 11:25:12,43350.0,200,Buy,236024981
2024-08-30 11:25:34,43350.0,200,Buy,236025275
2024-08-30 11:25:51,43350.0,1100,Buy,236025445
2024-08-30 11:25:51,43350.0,100,Buy,236025446
2024-08-30 11:25:51,43350.0,100,Buy,236025447
2024-08-30 11:25:51,43350.0,1000,Buy,236025448
2024-08-30 11:25:51,43350.0,700,Buy,236025449
2024-08-30 11:25:51,43350.0,1000,Buy,236025450
2024-08-30 11:26:14,43400.0,500,Buy,236025712
2024-08-30 11:26:14,43400.0,500,Buy,236025713
2024-08-30 11:26:14,43400.0,500,Buy,236025714
2024-08-30 11:27:10,43350.0,4000,Sell,236026315
2024-08-30 11:27:15,43350.0,100,Buy,236026362
2024-08-30 11:27:21,43350.0,100,Buy,236026444
2024-08-30 11:28:10,43300.0,3000,Sell,236027251
2024-08-30 11:28:14,43350.0,2000,Buy,236027334
2024-08-30 11:28:16,43350.0,100,Buy,236027376
2024-08-30 11:28:23,43350.0,2300,Buy,236027506
2024-08-30 11:28:23,43350.0,500,Buy,236027507
2024-08-30 11:28:36,43350.0,300,Sell,236027659
2024-08-30 11:28:56,43350.0,1700,Sell,236027877
2024-08-30 11:28:56,43350.0,100,Sell,236027878
2024-08-30 11:28:56,43350.0,100,Sell,236027879
2024-08-30 11:29:19,43350.0,1000,Buy,236028086
2024-08-30 11:29:19,43350.0,100,Buy,236028083
2024-08-30 11:29:19,43350.0,100,Buy,236028084
2024-08-30 11:29:19,43350.0,1000,Buy,236028085
2024-08-30 11:29:20,43350.0,7900,Sell,236028114
2024-08-30 11:29:21,43350.0,1500,Buy,236028117
2024-08-30 11:29:44,43300.0,10800,Sell,236028341
2024-08-30 11:29:44,43300.0,100,Sell,236028340
2024-08-30 11:29:44,43300.0,100,Sell,236028339
2024-08-30 11:29:44,43300.0,2000,Sell,236028338
2024-08-30 11:29:44,43300.0,300,Sell,236028336
2024-08-30 11:29:44,43300.0,5300,Sell,236028337
2024-08-30 11:29:44,43300.0,4000,Sell,236028334
2024-08-30 12:59:55,43300.0,200,Buy,236028631
2024-08-30 12:59:56,43300.0,200,Buy,236029032
2024-08-30 12:59:56,43400.0,100,Buy,236028932
2024-08-30 12:59:56,43400.0,300,Buy,236028931
2024-08-30 12:59:56,43400.0,1500,Buy,236028930
2024-08-30 12:59:56,43400.0,100,Buy,236028929
2024-08-30 12:59:56,43400.0,100,Buy,236028928
2024-08-30 12:59:56,43400.0,400,Buy,236028927
2024-08-30 12:59:56,43400.0,400,Buy,236028925
2024-08-30 12:59:56,43400.0,1000,Buy,236028924
2024-08-30 12:59:56,43350.0,700,Buy,236028923
2024-08-30 12:59:56,43350.0,600,Buy,236028922
2024-08-30 12:59:56,43300.0,100,Buy,236028921
2024-08-30 12:59:56,43300.0,4600,Buy,236028920
2024-08-30 12:59:56,43300.0,300,Buy,236029033
2024-08-30 12:59:56,43400.0,100,Buy,236028926
2024-08-30 12:59:57,43300.0,1700,Buy,236029304
2024-08-30 12:59:57,43300.0,100,Buy,236029305
2024-08-30 12:59:59,43300.0,100,Sell,236030038
2024-08-30 12:59:59,43300.0,100,Sell,236030039
2024-08-30 12:59:59,43300.0,200,Sell,236030040
2024-08-30 12:59:59,43250.0,700,Sell,236030041
2024-08-30 12:59:59,43250.0,100,Sell,236030042
2024-08-30 12:59:59,43250.0,100,Sell,236030043
2024-08-30 12:59:59,43250.0,100,Sell,236030044
2024-08-30 13:00:00,43250.0,200,Buy,236030146
2024-08-30 13:00:02,43250.0,4400,Buy,236030419
2024-08-30 13:00:02,43300.0,100,Sell,236030481
2024-08-30 13:00:03,43300.0,100,Sell,236030552
2024-08-30 13:00:06,43300.0,100,Sell,236030823
2024-08-30 13:00:06,43300.0,100,Sell,236030896
2024-08-30 13:00:08,43350.0,100,Buy,236030958
2024-08-30 13:00:08,43350.0,100,Buy,236030959
2024-08-30 13:00:15,43300.0,200,Sell,236031506
2024-08-30 13:00:15,43300.0,100,Sell,236031540
2024-08-30 13:00:15,43300.0,600,Sell,236031505
2024-08-30 13:00:15,43300.0,200,Sell,236031504
2024-08-30 13:00:16,43300.0,300,Sell,236031577
2024-08-30 13:00:16,43300.0,200,Sell,236031576
2024-08-30 13:00:49,43300.0,200,Sell,236032257
2024-08-30 13:00:49,43300.0,200,Sell,236032267
2024-08-30 13:00:49,43300.0,200,Sell,236032268
2024-08-30 13:00:52,43300.0,7800,Sell,236032359
2024-08-30 13:00:52,43300.0,200,Sell,236032360
2024-08-30 13:00:55,43300.0,500,Sell,236032424
2024-08-30 13:01:19,43350.0,1000,Buy,236033012
2024-08-30 13:01:29,43350.0,2000,Buy,236033218
2024-08-30 13:01:42,43350.0,1000,Buy,236033473
2024-08-30 13:01:42,43350.0,800,Buy,236033474
2024-08-30 13:02:04,43350.0,3000,Buy,236033828
2024-08-30 13:02:08,43350.0,3300,Buy,236033888
2024-08-30 13:02:17,43350.0,700,Buy,236034073
2024-08-30 13:02:17,43350.0,200,Buy,236034074
2024-08-30 13:02:17,43350.0,100,Buy,236034075
2024-08-30 13:02:17,43350.0,100,Buy,236034076
2024-08-30 13:02:24,43350.0,1000,Sell,236034168
2024-08-30 13:02:30,43350.0,900,Sell,236034246
2024-08-30 13:02:35,43350.0,1900,Buy,236034332
2024-08-30 13:02:44,43300.0,1200,Sell,236034604
2024-08-30 13:02:44,43300.0,800,Sell,236034605
2024-08-30 13:02:44,43300.0,100,Sell,236034606
2024-08-30 13:02:44,43300.0,200,Sell,236034607
2024-08-30 13:02:44,43300.0,100,Sell,236034608
2024-08-30 13:02:44,43300.0,1200,Sell,236034609
2024-08-30 13:02:51,43300.0,1800,Sell,236034709
2024-08-30 13:02:51,43300.0,200,Sell,236034710
2024-08-30 13:02:56,43300.0,100,Sell,236034791
2024-08-30 13:02:56,43300.0,500,Sell,236034792
2024-08-30 13:03:15,43300.0,200,Buy,236035219
2024-08-30 13:03:21,43300.0,300,Buy,236035323
2024-08-30 13:03:28,43300.0,1900,Buy,236035456
2024-08-30 13:03:39,43300.0,1000,Buy,236035641
2024-08-30 13:03:58,43300.0,1000,Buy,236035931
2024-08-30 13:04:07,43300.0,100,Buy,236036100
2024-08-30 13:04:22,43300.0,300,Buy,236036405
2024-08-30 13:04:22,43300.0,500,Buy,236036402
2024-08-30 13:04:22,43300.0,1000,Buy,236036403
2024-08-30 13:04:22,43300.0,100,Buy,236036404
2024-08-30 13:04:30,43300.0,200,Buy,236036559
2024-08-30 13:04:35,43300.0,1500,Buy,236036662
2024-08-30 13:04:35,43300.0,500,Buy,236036663
2024-08-30 13:04:35,43300.0,1000,Buy,236036664
2024-08-30 13:04:39,43250.0,100,Sell,236036751
2024-08-30 13:04:39,43250.0,400,Sell,236036752
2024-08-30 13:05:04,43250.0,100,Sell,236037136
2024-08-30 13:05:04,43250.0,300,Sell,236037137
2024-08-30 13:05:04,43250.0,600,Sell,236037138
2024-08-30 13:05:08,43300.0,200,Buy,236037190
2024-08-30 13:05:10,43250.0,1000,Sell,236037216
2024-08-30 13:05:57,43300.0,100,Buy,236038147
2024-08-30 13:05:59,43300.0,1000,Buy,236038193
2024-08-30 13:05:59,43300.0,100,Buy,236038192
2024-08-30 13:05:59,43300.0,2000,Buy,236038194
2024-08-30 13:05:59,43300.0,200,Buy,236038190
2024-08-30 13:05:59,43300.0,100,Buy,236038189
2024-08-30 13:05:59,43300.0,1000,Buy,236038191
2024-08-30 13:06:18,43300.0,600,Sell,236038484
2024-08-30 13:06:18,43300.0,400,Sell,236038485
2024-08-30 13:06:22,43300.0,1200,Sell,236038570
2024-08-30 13:06:22,43300.0,200,Sell,236038578
2024-08-30 13:06:27,43300.0,100,Buy,236038655
2024-08-30 13:06:36,43300.0,700,Buy,236038847
2024-08-30 13:06:36,43300.0,2000,Sell,236038848
2024-08-30 13:06:38,43300.0,2000,Sell,236038912
2024-08-30 13:06:47,43350.0,26100,Buy,236039064
2024-08-30 13:06:51,43300.0,400,Sell,236039177
2024-08-30 13:06:55,43300.0,200,Sell,236039243
2024-08-30 13:07:00,43350.0,1000,Buy,236039337
2024-08-30 13:07:02,43350.0,100,Buy,236039379
2024-08-30 13:07:02,43350.0,500,Buy,236039380
2024-08-30 13:07:02,43350.0,100,Buy,236039381
2024-08-30 13:07:02,43350.0,1000,Buy,236039383
2024-08-30 13:07:02,43350.0,200,Buy,236039382
2024-08-30 13:07:05,43350.0,1000,Buy,236039420
2024-08-30 13:07:05,43350.0,1500,Buy,236039419
2024-08-30 13:07:06,43400.0,3300,Buy,236039443
2024-08-30 13:07:06,43400.0,400,Buy,236039442
2024-08-30 13:07:06,43400.0,100,Buy,236039441
2024-08-30 13:07:06,43400.0,800,Buy,236039440
2024-08-30 13:07:06,43400.0,100,Buy,236039439
2024-08-30 13:07:06,43400.0,5000,Buy,236039432
2024-08-30 13:07:06,43400.0,100,Buy,236039437
2024-08-30 13:07:06,43400.0,1100,Buy,236039436
2024-08-30 13:07:06,43400.0,200,Buy,236039435
2024-08-30 13:07:06,43400.0,500,Buy,236039434
2024-08-30 13:07:06,43400.0,800,Buy,236039433
2024-08-30 13:07:06,43400.0,200,Buy,236039438
2024-08-30 13:07:22,43400.0,100,Buy,236039730
2024-08-30 13:07:22,43400.0,100,Buy,236039731
2024-08-30 13:07:38,43400.0,14000,Buy,236040081
2024-08-30 13:07:42,43350.0,500,Sell,236040250
2024-08-30 13:07:46,43350.0,2000,Sell,236040292
2024-08-30 13:08:12,43400.0,300,Buy,236040786
2024-08-30 13:08:15,43350.0,200,Sell,236040826
2024-08-30 13:08:24,43350.0,200,Sell,236041041
2024-08-30 13:08:35,43350.0,500,Sell,236041426
2024-08-30 13:08:44,43350.0,500,Sell,236041616
2024-08-30 13:08:52,43400.0,5000,Buy,236041814
2024-08-30 13:08:56,43400.0,300,Buy,236041881
2024-08-30 13:08:58,43400.0,200,Buy,236041902
2024-08-30 13:09:06,43400.0,100,Buy,236042041
2024-08-30 13:09:06,43400.0,5100,Buy,236042059
2024-08-30 13:09:23,43350.0,200,Sell,236042381
2024-08-30 13:09:29,43400.0,5000,Buy,236042522
2024-08-30 13:09:32,43400.0,400,Buy,236042590
2024-08-30 13:09:35,43400.0,3900,Buy,236042684
2024-08-30 13:09:42,43400.0,1900,Buy,236042823
2024-08-30 13:09:46,43400.0,4100,Buy,236042934
2024-08-30 13:09:54,43400.0,200,Buy,236043194
2024-08-30 13:09:56,43350.0,400,Sell,236043241
2024-08-30 13:09:56,43350.0,300,Sell,236043240
2024-08-30 13:09:58,43400.0,15000,Buy,236043297
2024-08-30 13:10:03,43400.0,18000,Buy,236043388
2024-08-30 13:10:04,43400.0,1000,Buy,236043471
2024-08-30 13:10:05,43400.0,300,Buy,236043512
2024-08-30 13:10:05,43400.0,300,Buy,236043593
2024-08-30 13:10:07,43400.0,10000,Buy,236043606
2024-08-30 13:10:07,43400.0,3000,Buy,236043635
2024-08-30 13:10:08,43400.0,1000,Buy,236043667
2024-08-30 13:10:08,43400.0,4000,Buy,236043654
2024-08-30 13:10:08,43400.0,1000,Buy,236043666
2024-08-30 13:10:09,43400.0,2000,Buy,236043679
2024-08-30 13:10:09,43400.0,400,Buy,236043684
2024-08-30 13:10:09,43400.0,100,Buy,236043685
2024-08-30 13:10:09,43400.0,100,Buy,236043686
2024-08-30 13:10:09,43400.0,500,Buy,236043687
2024-08-30 13:10:09,43400.0,2200,Buy,236043688
2024-08-30 13:10:11,43400.0,100,Buy,236043760
2024-08-30 13:10:13,43400.0,400,Buy,236043800
2024-08-30 13:10:13,43400.0,500,Buy,236043775
2024-08-30 13:10:13,43400.0,1500,Buy,236043798
2024-08-30 13:10:13,43400.0,100,Buy,236043799
2024-08-30 13:10:15,43400.0,500,Buy,236043838
2024-08-30 13:10:15,43400.0,1600,Buy,236043839
2024-08-30 13:10:15,43400.0,100,Buy,236043840
2024-08-30 13:10:15,43400.0,300,Buy,236043841
2024-08-30 13:10:15,43400.0,200,Buy,236043848
2024-08-30 13:10:15,43400.0,800,Buy,236043849
2024-08-30 13:10:15,43400.0,900,Buy,236043850
2024-08-30 13:10:16,43400.0,300,Buy,236043867
2024-08-30 13:10:16,43400.0,100,Buy,236043868
2024-08-30 13:10:16,43400.0,100,Buy,236043869
2024-08-30 13:10:24,43450.0,500,Buy,236044030
2024-08-30 13:10:24,43450.0,500,Buy,236044031
2024-08-30 13:10:24,43450.0,2000,Buy,236044032
2024-08-30 13:10:24,43450.0,200,Buy,236044033
2024-08-30 13:10:24,43450.0,100,Buy,236044029
2024-08-30 13:10:24,43450.0,700,Buy,236044037
2024-08-30 13:10:24,43450.0,100,Buy,236044038
2024-08-30 13:10:24,43450.0,200,Buy,236044039
2024-08-30 13:10:24,43450.0,1300,Buy,236044034
2024-08-30 13:10:24,43450.0,500,Buy,236044028
2024-08-30 13:10:24,43450.0,200,Buy,236044036
2024-08-30 13:10:24,43450.0,100,Buy,236044026
2024-08-30 13:10:24,43450.0,100,Buy,236044027
2024-08-30 13:10:24,43450.0,7100,Buy,236044016
2024-08-30 13:10:24,43450.0,100,Buy,236044017
2024-08-30 13:10:24,43450.0,200,Buy,236044018
2024-08-30 13:10:24,43450.0,2000,Buy,236044019
2024-08-30 13:10:24,43450.0,100,Buy,236044035
2024-08-30 13:10:24,43450.0,300,Buy,236044020
2024-08-30 13:10:24,43450.0,2000,Buy,236044024
2024-08-30 13:10:24,43450.0,500,Buy,236044023
2024-08-30 13:10:24,43450.0,200,Buy,236044025
2024-08-30 13:10:24,43450.0,1000,Buy,236044021
2024-08-30 13:10:24,43450.0,3200,Buy,236044022
2024-08-30 13:10:25,43400.0,100,Sell,236044060
2024-08-30 13:10:25,43400.0,100,Sell,236044059
2024-08-30 13:10:25,43400.0,100,Sell,236044061
2024-08-30 13:10:34,43450.0,100,Buy,236044238
2024-08-30 13:10:34,43450.0,2000,Buy,236044239
2024-08-30 13:10:34,43450.0,100,Buy,236044240
2024-08-30 13:10:34,43450.0,100,Buy,236044241
2024-08-30 13:10:34,43450.0,2400,Buy,236044242
2024-08-30 13:10:35,43450.0,1800,Buy,236044259
2024-08-30 13:10:37,43450.0,2000,Buy,236044284
2024-08-30 13:10:38,43450.0,600,Buy,236044316
2024-08-30 13:10:40,43400.0,900,Sell,236044372
2024-08-30 13:10:40,43400.0,100,Sell,236044373
2024-08-30 13:10:40,43450.0,500,Buy,236044394
2024-08-30 13:10:43,43450.0,1000,Buy,236044447
2024-08-30 13:10:47,43450.0,1200,Buy,236044539
2024-08-30 13:10:47,43450.0,500,Buy,236044540
2024-08-30 13:10:49,43450.0,1000,Buy,236044571
2024-08-30 13:10:49,43450.0,100,Buy,236044569
2024-08-30 13:10:49,43450.0,100,Buy,236044570
2024-08-30 13:10:49,43450.0,500,Buy,236044568
2024-08-30 13:10:50,43450.0,1300,Sell,236044583
2024-08-30 13:10:50,43400.0,1000,Sell,236044584
2024-08-30 13:10:50,43400.0,3300,Sell,236044585
2024-08-30 13:10:50,43400.0,500,Sell,236044586
2024-08-30 13:10:50,43400.0,1000,Sell,236044587
2024-08-30 13:10:50,43400.0,2900,Buy,236044595
2024-08-30 13:11:07,43450.0,200,Sell,236045030
2024-08-30 13:11:08,43450.0,200,Sell,236045081
2024-08-30 13:11:08,43500.0,900,Buy,236045082
2024-08-30 13:11:08,43500.0,300,Buy,236045094
2024-08-30 13:11:16,43450.0,100,Sell,236045257
2024-08-30 13:11:24,43500.0,200,Buy,236045410
2024-08-30 13:11:28,43500.0,100,Buy,236045494
2024-08-30 13:11:28,43500.0,1800,Buy,236045493
2024-08-30 13:11:31,43450.0,100,Sell,236045589
2024-08-30 13:11:44,43450.0,100,Sell,236045819
2024-08-30 13:11:47,43500.0,200,Buy,236045944
2024-08-30 13:11:47,43500.0,1000,Buy,236045945
2024-08-30 13:11:47,43500.0,100,Buy,236045946
2024-08-30 13:11:47,43500.0,200,Buy,236045947
2024-08-30 13:11:47,43500.0,200,Buy,236045948
2024-08-30 13:11:47,43500.0,1400,Buy,236045949
2024-08-30 13:11:56,43500.0,600,Buy,236046092
2024-08-30 13:11:56,43500.0,200,Buy,236046093
2024-08-30 13:12:14,43500.0,300,Buy,236046571
2024-08-30 13:12:14,43500.0,100,Buy,236046563
2024-08-30 13:12:14,43500.0,700,Buy,236046570
2024-08-30 13:12:16,43500.0,200,Buy,236046599
2024-08-30 13:12:16,43500.0,300,Buy,236046600
2024-08-30 13:12:17,43500.0,1200,Buy,236046644
2024-08-30 13:12:17,43500.0,1500,Buy,236046642
2024-08-30 13:12:17,43500.0,1400,Buy,236046641
2024-08-30 13:12:17,43500.0,700,Buy,236046643
2024-08-30 13:12:17,43500.0,1000,Buy,236046639
2024-08-30 13:12:17,43500.0,500,Buy,236046638
2024-08-30 13:12:17,43500.0,700,Buy,236046631
2024-08-30 13:12:17,43500.0,3000,Buy,236046640
2024-08-30 13:12:18,43500.0,1000,Buy,236046666
2024-08-30 13:12:22,43500.0,800,Buy,236046715
2024-08-30 13:12:22,43500.0,1000,Buy,236046716
2024-08-30 13:12:22,43500.0,100,Buy,236046717
2024-08-30 13:12:25,43500.0,2000,Buy,236046790
2024-08-30 13:12:26,43500.0,1700,Buy,236046809
2024-08-30 13:12:26,43500.0,2000,Buy,236046808
2024-08-30 13:12:26,43500.0,100,Buy,236046807
2024-08-30 13:12:26,43500.0,100,Buy,236046805
2024-08-30 13:12:26,43500.0,2000,Buy,236046804
2024-08-30 13:12:26,43500.0,900,Buy,236046803
2024-08-30 13:12:26,43500.0,200,Buy,236046806
2024-08-30 13:12:28,43450.0,400,Sell,236046841
2024-08-30 13:12:28,43450.0,1100,Sell,236046842
2024-08-30 13:12:28,43500.0,300,Buy,236046843
2024-08-30 13:12:28,43500.0,700,Buy,236046844
2024-08-30 13:12:28,43500.0,300,Buy,236046845
2024-08-30 13:12:30,43500.0,1000,Buy,236046889
2024-08-30 13:12:31,43500.0,100,Buy,236046911
2024-08-30 13:12:31,43500.0,700,Buy,236046910
2024-08-30 13:12:31,43500.0,500,Buy,236046935
2024-08-30 13:12:31,43500.0,100,Buy,236046925
2024-08-30 13:12:31,43500.0,100,Buy,236046924
2024-08-30 13:12:31,43500.0,1100,Buy,236046923
2024-08-30 13:12:31,43500.0,200,Buy,236046922
2024-08-30 13:12:31,43500.0,100,Buy,236046920
2024-08-30 13:12:31,43500.0,100,Buy,236046921
2024-08-30 13:12:31,43500.0,500,Buy,236046918
2024-08-30 13:12:31,43500.0,400,Buy,236046917
2024-08-30 13:12:31,43500.0,500,Buy,236046916
2024-08-30 13:12:31,43500.0,300,Buy,236046915
2024-08-30 13:12:31,43500.0,100,Buy,236046914
2024-08-30 13:12:31,43500.0,100,Buy,236046913
2024-08-30 13:12:31,43500.0,100,Buy,236046912
2024-08-30 13:12:31,43500.0,500,Buy,236046919
2024-08-30 13:12:32,43500.0,600,Buy,236046936
2024-08-30 13:12:32,43500.0,1100,Buy,236046946
2024-08-30 13:12:33,43500.0,400,Buy,236046967
2024-08-30 13:12:33,43500.0,100,Buy,236046962
2024-08-30 13:12:33,43500.0,700,Buy,236046959
2024-08-30 13:12:33,43500.0,1000,Buy,236046960
2024-08-30 13:12:33,43500.0,1300,Buy,236046961
2024-08-30 13:12:34,43500.0,200,Buy,236046971
2024-08-30 13:12:34,43500.0,2000,Buy,236046972
2024-08-30 13:12:34,43500.0,900,Buy,236046973
2024-08-30 13:12:34,43500.0,100,Buy,236046974
2024-08-30 13:12:34,43500.0,200,Buy,236046975
2024-08-30 13:12:34,43500.0,2800,Buy,236046976
2024-08-30 13:12:34,43500.0,900,Buy,236046977
2024-08-30 13:12:34,43500.0,300,Buy,236046985
2024-08-30 13:12:35,43500.0,2000,Buy,236046994
2024-08-30 13:12:35,43500.0,1000,Buy,236047014
2024-08-30 13:12:36,43500.0,200,Buy,236047036
2024-08-30 13:12:36,43450.0,200,Sell,236047049
2024-08-30 13:12:37,43500.0,600,Buy,236047063
2024-08-30 13:12:37,43500.0,300,Buy,236047064
2024-08-30 13:12:37,43500.0,400,Buy,236047053
2024-08-30 13:12:37,43500.0,600,Buy,236047052
2024-08-30 13:12:37,43500.0,100,Buy,236047062
2024-08-30 13:12:38,43500.0,200,Buy,236047092
2024-08-30 13:12:38,43500.0,1500,Buy,236047093
2024-08-30 13:12:38,43500.0,400,Buy,236047094
2024-08-30 13:12:38,43500.0,500,Buy,236047095
2024-08-30 13:12:38,43500.0,100,Buy,236047096
2024-08-30 13:12:38,43500.0,200,Buy,236047097
2024-08-30 13:12:38,43500.0,1100,Buy,236047098
2024-08-30 13:12:39,43500.0,100,Buy,236047108
2024-08-30 13:12:39,43500.0,900,Buy,236047107
2024-08-30 13:12:39,43500.0,100,Buy,236047106
2024-08-30 13:12:40,43500.0,500,Buy,236047128
2024-08-30 13:12:40,43500.0,1500,Buy,236047129
2024-08-30 13:12:43,43500.0,100,Buy,236047170
2024-08-30 13:12:43,43500.0,500,Buy,236047171
2024-08-30 13:12:47,43500.0,200,Sell,236047237
2024-08-30 13:12:47,43500.0,900,Sell,236047238
2024-08-30 13:12:50,43500.0,100,Sell,236047286
2024-08-30 13:12:53,43550.0,100,Buy,236047380
2024-08-30 13:12:59,43550.0,27500,Buy,236047559
2024-08-30 13:12:59,43550.0,1900,Buy,236047556
2024-08-30 13:12:59,43550.0,100,Buy,236047557
2024-08-30 13:12:59,43550.0,500,Buy,236047558
2024-08-30 13:13:02,43500.0,100,Sell,236047593
2024-08-30 13:13:02,43500.0,200,Sell,236047594
2024-08-30 13:13:02,43500.0,1700,Sell,236047595
2024-08-30 13:13:05,43550.0,300,Buy,236047644
2024-08-30 13:13:09,43550.0,10000,Buy,236047725
2024-08-30 13:13:10,43550.0,600,Buy,236047780
2024-08-30 13:13:11,43550.0,800,Buy,236047817
2024-08-30 13:13:14,43550.0,3000,Buy,236047876
2024-08-30 13:13:15,43550.0,1900,Buy,236047888
2024-08-30 13:13:18,43550.0,2200,Buy,236047958
2024-08-30 13:13:18,43550.0,300,Buy,236047959
2024-08-30 13:13:18,43550.0,100,Buy,236047960
2024-08-30 13:13:18,43550.0,500,Buy,236047961
2024-08-30 13:13:18,43550.0,3600,Buy,236047957
2024-08-30 13:13:25,43600.0,100,Buy,236048140
2024-08-30 13:13:28,43600.0,300,Buy,236048213
2024-08-30 13:13:28,43600.0,4900,Buy,236048214
2024-08-30 13:13:28,43600.0,1000,Buy,236048212
2024-08-30 13:13:28,43600.0,1800,Buy,236048210
2024-08-30 13:13:28,43600.0,2000,Buy,236048211
2024-08-30 13:13:31,43600.0,100,Buy,236048278
2024-08-30 13:13:31,43600.0,100,Buy,236048279
2024-08-30 13:13:31,43550.0,1000,Sell,236048264
2024-08-30 13:13:33,43600.0,500,Buy,236048302
2024-08-30 13:13:33,43600.0,300,Buy,236048301
2024-08-30 13:13:33,43600.0,100,Buy,236048300
2024-08-30 13:13:33,43600.0,500,Buy,236048299
2024-08-30 13:13:33,43600.0,1000,Buy,236048298
2024-08-30 13:13:33,43600.0,100,Buy,236048297
2024-08-30 13:13:33,43600.0,2200,Buy,236048296
2024-08-30 13:13:33,43600.0,500,Buy,236048294
2024-08-30 13:13:33,43600.0,200,Buy,236048293
2024-08-30 13:13:33,43600.0,300,Buy,236048292
2024-08-30 13:13:33,43600.0,300,Buy,236048291
2024-08-30 13:13:33,43600.0,1400,Buy,236048290
2024-08-30 13:13:33,43600.0,2600,Buy,236048295
2024-08-30 13:13:40,43650.0,1500,Buy,236048638
2024-08-30 13:13:47,43650.0,500,Buy,236048763
2024-08-30 13:13:47,43650.0,300,Buy,236048764
2024-08-30 13:13:50,43650.0,700,Buy,236048815
2024-08-30 13:13:50,43650.0,1000,Buy,236048825
2024-08-30 13:13:50,43650.0,100,Buy,236048824
2024-08-30 13:13:50,43650.0,1000,Buy,236048822
2024-08-30 13:13:50,43650.0,500,Buy,236048821
2024-08-30 13:13:50,43650.0,3300,Buy,236048823
2024-08-30 13:13:50,43650.0,2000,Buy,236048819
2024-08-30 13:13:50,43650.0,3000,Buy,236048818
2024-08-30 13:13:50,43650.0,200,Buy,236048817
2024-08-30 13:13:50,43650.0,100,Buy,236048816
2024-08-30 13:13:50,43650.0,100,Buy,236048820
2024-08-30 13:13:51,43700.0,500,Buy,236048867
2024-08-30 13:13:51,43700.0,100,Buy,236048872
2024-08-30 13:13:51,43700.0,2300,Buy,236048871
2024-08-30 13:13:51,43700.0,200,Buy,236048870
2024-08-30 13:13:51,43700.0,3300,Buy,236048869
2024-08-30 13:13:51,43700.0,500,Buy,236048866
2024-08-30 13:13:51,43700.0,100,Buy,236048868
2024-08-30 13:13:51,43700.0,200,Buy,236048864
2024-08-30 13:13:51,43700.0,500,Buy,236048863
2024-08-30 13:13:51,43700.0,100,Buy,236048858
2024-08-30 13:13:51,43700.0,1000,Buy,236048862
2024-08-30 13:13:51,43700.0,300,Buy,236048861
2024-08-30 13:13:51,43700.0,2000,Buy,236048860
2024-08-30 13:13:51,43700.0,5000,Buy,236048859
2024-08-30 13:13:51,43700.0,2200,Buy,236048865
2024-08-30 13:13:52,43700.0,300,Sell,236048887
2024-08-30 13:13:56,43750.0,500,Buy,236048985
2024-08-30 13:13:57,43700.0,500,Sell,236049020
2024-08-30 13:13:59,43750.0,500,Buy,236049067
2024-08-30 13:14:05,43750.0,1000,Buy,236049205
2024-08-30 13:14:08,43800.0,1200,Buy,236049274
2024-08-30 13:14:08,43800.0,1000,Buy,236049273
2024-08-30 13:14:08,43800.0,500,Buy,236049272
2024-08-30 13:14:08,43800.0,500,Buy,236049271
2024-08-30 13:14:08,43800.0,100,Buy,236049269
2024-08-30 13:14:08,43800.0,100,Buy,236049268
2024-08-30 13:14:08,43800.0,300,Buy,236049270
2024-08-30 13:14:08,43800.0,1000,Buy,236049266
2024-08-30 13:14:08,43800.0,600,Buy,236049265
2024-08-30 13:14:08,43750.0,1000,Buy,236049264
2024-08-30 13:14:08,43750.0,500,Buy,236049263
2024-08-30 13:14:08,43750.0,100,Buy,236049262
2024-08-30 13:14:08,43750.0,100,Buy,236049261
2024-08-30 13:14:08,43750.0,3000,Buy,236049260
2024-08-30 13:14:08,43800.0,1000,Buy,236049267
2024-08-30 13:14:11,43750.0,100,Sell,236049383
2024-08-30 13:14:13,43750.0,300,Sell,236049413
2024-08-30 13:14:14,43750.0,100,Sell,236049438
2024-08-30 13:14:14,43750.0,900,Sell,236049437
2024-08-30 13:14:14,43800.0,200,Buy,236049425
2024-08-30 13:14:14,43800.0,800,Buy,236049424
2024-08-30 13:14:14,43750.0,500,Sell,236049436
2024-08-30 13:14:16,43750.0,600,Buy,236049501
2024-08-30 13:14:23,43750.0,300,Buy,236049628
2024-08-30 13:14:26,43700.0,500,Sell,236049665
2024-08-30 13:14:31,43750.0,500,Buy,236049761
2024-08-30 13:14:35,43700.0,400,Sell,236049840
2024-08-30 13:14:37,43700.0,1600,Buy,236049913
2024-08-30 13:14:39,43700.0,500,Sell,236049962
2024-08-30 13:14:43,43750.0,1000,Buy,236050086
2024-08-30 13:14:43,43750.0,500,Buy,236050087
2024-08-30 13:14:43,43750.0,1500,Buy,236050085
2024-08-30 13:14:43,43750.0,4600,Buy,236050081
2024-08-30 13:14:43,43750.0,500,Buy,236050083
2024-08-30 13:14:43,43750.0,1000,Buy,236050084
2024-08-30 13:14:43,43750.0,500,Buy,236050082
2024-08-30 13:14:44,43750.0,800,Sell,236050103
2024-08-30 13:14:47,43800.0,500,Buy,236050157
2024-08-30 13:14:50,43750.0,500,Sell,236050238
2024-08-30 13:14:53,43800.0,300,Buy,236050304
2024-08-30 13:14:53,43800.0,1000,Buy,236050305
2024-08-30 13:14:53,43800.0,2900,Buy,236050306
2024-08-30 13:14:57,43750.0,2000,Sell,236050390
2024-08-30 13:14:57,43750.0,500,Sell,236050391
2024-08-30 13:15:00,43800.0,300,Buy,236050473
2024-08-30 13:15:02,43800.0,300,Buy,236050524
2024-08-30 13:15:02,43800.0,700,Buy,236050525
2024-08-30 13:15:02,43800.0,1200,Buy,236050526
2024-08-30 13:15:06,43800.0,100,Buy,236050646
2024-08-30 13:15:06,43800.0,100,Buy,236050645
2024-08-30 13:15:06,43800.0,100,Buy,236050644
2024-08-30 13:15:06,43800.0,200,Buy,236050643
2024-08-30 13:15:06,43800.0,100,Buy,236050641
2024-08-30 13:15:06,43800.0,2300,Buy,236050638
2024-08-30 13:15:06,43800.0,2000,Buy,236050642
2024-08-30 13:15:06,43800.0,5000,Buy,236050640
2024-08-30 13:15:06,43800.0,100,Buy,236050639
2024-08-30 13:15:08,43800.0,200,Buy,236050698
2024-08-30 13:15:08,43800.0,100,Buy,236050719
2024-08-30 13:15:11,43800.0,800,Buy,236050801
2024-08-30 13:15:12,43800.0,100,Buy,236050820
2024-08-30 13:15:12,43800.0,100,Buy,236050821
2024-08-30 13:15:16,43750.0,500,Sell,236050966
2024-08-30 13:15:16,43750.0,2000,Sell,236050962
2024-08-30 13:15:20,43800.0,400,Buy,236051109
2024-08-30 13:15:20,43800.0,300,Buy,236051110
2024-08-30 13:15:20,43800.0,500,Buy,236051111
2024-08-30 13:15:20,43800.0,300,Buy,236051112
2024-08-30 13:15:20,43800.0,100,Buy,236051113
2024-08-30 13:15:20,43800.0,100,Buy,236051114
2024-08-30 13:15:24,43800.0,1000,Buy,236051248
2024-08-30 13:15:25,43800.0,200,Buy,236051268
2024-08-30 13:15:25,43800.0,100,Buy,236051269
2024-08-30 13:15:28,43800.0,1500,Buy,236051337
2024-08-30 13:15:28,43850.0,2000,Buy,236051354
2024-08-30 13:15:28,43850.0,1000,Buy,236051353
2024-08-30 13:15:28,43850.0,500,Buy,236051352
2024-08-30 13:15:28,43850.0,1000,Buy,236051351
2024-08-30 13:15:28,43850.0,100,Buy,236051350
2024-08-30 13:15:28,43850.0,100,Buy,236051349
2024-08-30 13:15:28,43850.0,500,Buy,236051348
2024-08-30 13:15:28,43850.0,500,Buy,236051347
2024-08-30 13:15:28,43850.0,1000,Buy,236051355
2024-08-30 13:15:28,43850.0,500,Buy,236051345
2024-08-30 13:15:28,43800.0,200,Buy,236051344
2024-08-30 13:15:28,43800.0,100,Buy,236051343
2024-08-30 13:15:28,43800.0,1000,Buy,236051342
2024-08-30 13:15:28,43800.0,100,Buy,236051341
2024-08-30 13:15:28,43800.0,200,Buy,236051340
2024-08-30 13:15:28,43800.0,400,Buy,236051339
2024-08-30 13:15:28,43800.0,200,Buy,236051338
2024-08-30 13:15:28,43850.0,100,Buy,236051346
2024-08-30 13:15:29,43850.0,200,Sell,236051374
2024-08-30 13:15:29,43850.0,2000,Sell,236051386
2024-08-30 13:15:36,43850.0,200,Sell,236051608
2024-08-30 13:15:39,43850.0,500,Sell,236051667
2024-08-30 13:15:41,43850.0,500,Sell,236051775
2024-08-30 13:15:47,43900.0,5000,Buy,236051973
2024-08-30 13:15:47,43900.0,800,Buy,236051974
2024-08-30 13:15:47,43900.0,500,Buy,236051975
2024-08-30 13:15:47,43900.0,100,Buy,236051976
2024-08-30 13:15:47,43900.0,1500,Buy,236051977
2024-08-30 13:15:47,43900.0,100,Buy,236051978
2024-08-30 13:15:47,43900.0,1000,Buy,236051979
2024-08-30 13:15:47,43900.0,1000,Buy,236051980
2024-08-30 13:15:47,43900.0,1000,Buy,236051981
2024-08-30 13:15:47,43900.0,2000,Buy,236051982
2024-08-30 13:15:47,43850.0,100,Sell,236051972
2024-08-30 13:15:47,43900.0,100,Buy,236051983
2024-08-30 13:15:47,43900.0,400,Buy,236051984
2024-08-30 13:15:47,43900.0,100,Buy,236051986
2024-08-30 13:15:47,43950.0,300,Buy,236051990
2024-08-30 13:15:47,43950.0,1500,Buy,236051989
2024-08-30 13:15:47,43900.0,300,Buy,236051985
2024-08-30 13:15:47,43900.0,2800,Buy,236051987
2024-08-30 13:15:47,43950.0,1500,Buy,236051988
2024-08-30 13:15:48,43900.0,1000,Sell,236052071
2024-08-30 13:15:51,43900.0,2000,Sell,236052177
2024-08-30 13:15:55,43900.0,1000,Sell,236052314
2024-08-30 13:15:56,43900.0,300,Sell,236052326
2024-08-30 13:15:56,43900.0,200,Sell,236052327
2024-08-30 13:15:59,43900.0,1500,Sell,236052392
2024-08-30 13:16:00,43900.0,300,Sell,236052397
2024-08-30 13:16:01,43900.0,100,Sell,236052419
2024-08-30 13:16:01,43900.0,400,Sell,236052420
2024-08-30 13:16:01,43950.0,100,Buy,236052424
2024-08-30 13:16:01,43900.0,100,Sell,236052475
2024-08-30 13:16:01,43900.0,100,Sell,236052476
2024-08-30 13:16:01,43900.0,2000,Sell,236052479
2024-08-30 13:16:04,43900.0,900,Sell,236052530
2024-08-30 13:16:04,43900.0,300,Sell,236052531
2024-08-30 13:16:05,43900.0,800,Buy,236052568
2024-08-30 13:16:18,43900.0,500,Buy,236052934
2024-08-30 13:16:21,43900.0,100,Buy,236052993
2024-08-30 13:16:22,43900.0,1000,Buy,236053032
2024-08-30 13:16:22,43900.0,1500,Buy,236053031
2024-08-30 13:16:22,43900.0,6000,Buy,236053030
2024-08-30 13:16:22,43900.0,500,Buy,236053027
2024-08-30 13:16:22,43900.0,100,Buy,236053029
2024-08-30 13:16:22,43900.0,1000,Buy,236053028
2024-08-30 13:16:22,43900.0,100,Buy,236053026
2024-08-30 13:16:22,43900.0,100,Buy,236053021
2024-08-30 13:16:22,43900.0,1000,Buy,236053024
2024-08-30 13:16:22,43900.0,2000,Buy,236053023
2024-08-30 13:16:22,43900.0,3000,Buy,236053022
2024-08-30 13:16:22,43900.0,1000,Buy,236053019
2024-08-30 13:16:22,43900.0,2400,Buy,236053018
2024-08-30 13:16:22,43900.0,600,Buy,236053025
2024-08-30 13:16:22,43900.0,100,Buy,236053020
2024-08-30 13:16:28,43900.0,1700,Sell,236053192
2024-08-30 13:16:32,43900.0,300,Buy,236053323
2024-08-30 13:16:32,43900.0,700,Buy,236053324
2024-08-30 13:16:32,43900.0,500,Buy,236053325
2024-08-30 13:16:33,43900.0,1000,Buy,236053344
2024-08-30 13:16:33,43900.0,300,Buy,236053343
2024-08-30 13:16:33,43900.0,3000,Buy,236053341
2024-08-30 13:16:33,43900.0,3000,Buy,236053342
2024-08-30 13:16:33,43900.0,800,Buy,236053340
2024-08-30 13:16:34,43900.0,500,Sell,236053353
2024-08-30 13:16:34,43900.0,900,Sell,236053370
2024-08-30 13:16:38,43900.0,400,Sell,236053484
2024-08-30 13:16:41,43900.0,1000,Sell,236053533
2024-08-30 13:16:41,43900.0,100,Sell,236053544
2024-08-30 13:16:42,43900.0,500,Sell,236053548
2024-08-30 13:16:42,43900.0,400,Sell,236053549
2024-08-30 13:16:44,43900.0,1000,Sell,236053600
2024-08-30 13:16:46,43900.0,5000,Sell,236053653
2024-08-30 13:16:47,43900.0,2100,Sell,236053659
2024-08-30 13:16:47,43900.0,200,Sell,236053660
2024-08-30 13:16:47,43900.0,700,Sell,236053661
2024-08-30 13:16:50,43950.0,500,Buy,236053774
2024-08-30 13:16:52,43900.0,1000,Sell,236053811
2024-08-30 13:16:52,43900.0,1200,Sell,236053808
2024-08-30 13:16:52,43900.0,300,Sell,236053809
2024-08-30 13:16:52,43900.0,500,Sell,236053810
2024-08-30 13:16:53,43900.0,200,Sell,236053842
2024-08-30 13:17:00,43900.0,2000,Sell,236054011
2024-08-30 13:17:03,43900.0,1000,Sell,236054060
2024-08-30 13:17:04,43900.0,100,Sell,236054074
2024-08-30 13:17:04,43900.0,3900,Sell,236054073
2024-08-30 13:17:05,43900.0,100,Sell,236054079
2024-08-30 13:17:06,43900.0,1000,Sell,236054107
2024-08-30 13:17:08,43900.0,700,Sell,236054143
2024-08-30 13:17:08,43900.0,1300,Sell,236054149
2024-08-30 13:17:09,43950.0,100,Buy,236054208
2024-08-30 13:17:10,43950.0,500,Buy,236054236
2024-08-30 13:17:10,43900.0,500,Sell,236054216
2024-08-30 13:17:11,43900.0,100,Sell,236054251
2024-08-30 13:17:13,43900.0,100,Sell,236054326
2024-08-30 13:17:13,43900.0,900,Sell,236054327
2024-08-30 13:17:15,43900.0,100,Sell,236054432
2024-08-30 13:17:15,43900.0,100,Sell,236054427
2024-08-30 13:17:15,43900.0,700,Sell,236054428
2024-08-30 13:17:15,43900.0,2200,Sell,236054429
2024-08-30 13:17:17,43900.0,200,Sell,236054485
2024-08-30 13:17:17,43900.0,1000,Sell,236054484
2024-08-30 13:17:18,43900.0,100,Sell,236054509
2024-08-30 13:17:20,43900.0,1000,Sell,236054552
2024-08-30 13:17:21,43900.0,200,Sell,236054575
2024-08-30 13:17:21,43900.0,400,Sell,236054569
2024-08-30 13:17:21,43900.0,500,Sell,236054570
2024-08-30 13:17:23,43900.0,800,Sell,236054619
2024-08-30 13:17:23,43900.0,300,Sell,236054620
2024-08-30 13:17:26,43900.0,300,Buy,236054738
2024-08-30 13:17:29,43900.0,100,Buy,236054906
2024-08-30 13:17:34,43850.0,300,Sell,236055012
2024-08-30 13:17:37,43900.0,2000,Buy,236055061
2024-08-30 13:17:42,43900.0,1900,Buy,236055176
2024-08-30 13:17:55,43900.0,200,Buy,236055488
2024-08-30 13:18:06,43900.0,900,Buy,236055734
2024-08-30 13:18:06,43900.0,100,Buy,236055732
2024-08-30 13:18:06,43900.0,1000,Buy,236055733
2024-08-30 13:18:08,43900.0,1300,Buy,236055872
2024-08-30 13:18:13,43850.0,500,Sell,236055957
2024-08-30 13:18:16,43850.0,1000,Sell,236056046
2024-08-30 13:18:25,43900.0,700,Buy,236056309
2024-08-30 13:18:25,43900.0,500,Buy,236056308
2024-08-30 13:18:25,43900.0,500,Buy,236056307
2024-08-30 13:18:25,43900.0,400,Buy,236056305
2024-08-30 13:18:25,43900.0,100,Buy,236056304
2024-08-30 13:18:25,43900.0,1000,Buy,236056306
2024-08-30 13:18:25,43900.0,2800,Buy,236056303
2024-08-30 13:18:27,43850.0,3700,Sell,236056367
2024-08-30 13:18:27,43850.0,1000,Sell,236056368
2024-08-30 13:18:27,43850.0,300,Sell,236056369
2024-08-30 13:18:27,43850.0,300,Sell,236056370
2024-08-30 13:18:27,43850.0,1000,Sell,236056371
2024-08-30 13:18:27,43850.0,100,Sell,236056372
2024-08-30 13:18:27,43850.0,3600,Sell,236056373
2024-08-30 13:18:30,43850.0,1400,Sell,236056445
2024-08-30 13:18:30,43850.0,1000,Sell,236056448
2024-08-30 13:18:30,43850.0,800,Sell,236056449
2024-08-30 13:18:32,43850.0,500,Buy,236056504
2024-08-30 13:18:35,43800.0,2000,Sell,236056566
2024-08-30 13:18:35,43850.0,1800,Buy,236056565
2024-08-30 13:18:42,43800.0,1000,Sell,236056757
2024-08-30 13:18:45,43850.0,100,Buy,236056799
2024-08-30 13:18:47,43800.0,1000,Sell,236056845
2024-08-30 13:18:50,43800.0,2000,Sell,236056935
2024-08-30 13:18:51,43850.0,100,Buy,236056954
2024-08-30 13:18:52,43850.0,500,Buy,236056973
2024-08-30 13:18:59,43800.0,500,Sell,236057165
2024-08-30 13:18:59,43800.0,1400,Sell,236057169
2024-08-30 13:19:05,43850.0,700,Buy,236057296
2024-08-30 13:19:06,43850.0,2100,Buy,236057323
2024-08-30 13:19:06,43850.0,300,Buy,236057324
2024-08-30 13:19:06,43850.0,300,Buy,236057325
2024-08-30 13:19:06,43850.0,1000,Buy,236057326
2024-08-30 13:19:06,43850.0,1300,Buy,236057327
2024-08-30 13:19:09,43800.0,1500,Sell,236057367
2024-08-30 13:19:12,43800.0,1000,Sell,236057487
2024-08-30 13:19:12,43800.0,200,Sell,236057484
2024-08-30 13:19:12,43800.0,200,Sell,236057486
2024-08-30 13:19:12,43800.0,100,Sell,236057485
2024-08-30 13:19:12,43800.0,400,Sell,236057482
2024-08-30 13:19:12,43800.0,200,Sell,236057477
2024-08-30 13:19:12,43800.0,300,Sell,236057483
2024-08-30 13:19:17,43750.0,400,Sell,236057615
2024-08-30 13:19:17,43750.0,300,Sell,236057616
2024-08-30 13:19:35,43800.0,500,Buy,236058103
2024-08-30 13:19:35,43800.0,1000,Buy,236058101
2024-08-30 13:19:35,43800.0,500,Buy,236058102
2024-08-30 13:19:35,43800.0,200,Buy,236058099
2024-08-30 13:19:35,43800.0,1800,Buy,236058098
2024-08-30 13:19:35,43800.0,1000,Buy,236058100
2024-08-30 13:19:40,43750.0,700,Sell,236058255
2024-08-30 13:19:40,43750.0,300,Sell,236058256
2024-08-30 13:19:45,43750.0,1300,Sell,236058382
2024-08-30 13:19:54,43750.0,200,Sell,236058594
2024-08-30 13:19:57,43750.0,2000,Sell,236058640
2024-08-30 13:19:58,43750.0,500,Sell,236058649
2024-08-30 13:19:59,43750.0,100,Sell,236058666
2024-08-30 13:20:03,43750.0,400,Sell,236058776
2024-08-30 13:20:08,43800.0,1000,Buy,236058873
2024-08-30 13:20:11,43750.0,100,Sell,236058941
2024-08-30 13:20:17,43800.0,300,Buy,236059076
2024-08-30 13:20:18,43800.0,1600,Buy,236059093
2024-08-30 13:20:18,43800.0,400,Buy,236059094
2024-08-30 13:20:18,43800.0,500,Buy,236059095
2024-08-30 13:20:18,43800.0,1000,Buy,236059092
2024-08-30 13:20:22,43800.0,200,Buy,236059158
2024-08-30 13:20:22,43800.0,200,Buy,236059159
2024-08-30 13:20:22,43800.0,100,Buy,236059160
2024-08-30 13:20:22,43800.0,700,Buy,236059161
2024-08-30 13:20:22,43800.0,700,Buy,236059162
2024-08-30 13:20:28,43800.0,1300,Buy,236059353
2024-08-30 13:20:28,43800.0,1000,Buy,236059354
2024-08-30 13:20:28,43800.0,1500,Buy,236059355
2024-08-30 13:20:28,43800.0,200,Buy,236059356
2024-08-30 13:20:31,43800.0,300,Buy,236059407
2024-08-30 13:20:31,43800.0,500,Buy,236059408
2024-08-30 13:20:31,43800.0,100,Buy,236059409
2024-08-30 13:20:32,43800.0,100,Sell,236059561
2024-08-30 13:20:32,43800.0,100,Buy,236059540
2024-08-30 13:20:32,43800.0,200,Buy,236059558
2024-08-30 13:20:35,43800.0,700,Sell,236059628
2024-08-30 13:20:35,43800.0,500,Sell,236059629
2024-08-30 13:20:35,43800.0,100,Sell,236059630
2024-08-30 13:20:38,43800.0,700,Buy,236059706
2024-08-30 13:20:38,43800.0,300,Buy,236059707
2024-08-30 13:20:45,43800.0,4000,Sell,236059881
2024-08-30 13:20:45,43800.0,500,Sell,236059882
2024-08-30 13:20:45,43800.0,200,Buy,236059893
2024-08-30 13:20:46,43800.0,300,Buy,236059935
2024-08-30 13:20:55,43800.0,200,Buy,236060275
2024-08-30 13:20:56,43800.0,200,Sell,236060308
2024-08-30 13:20:56,43800.0,100,Buy,236060307
2024-08-30 13:21:13,43800.0,500,Buy,236060821
2024-08-30 13:21:15,43800.0,300,Buy,236060921
2024-08-30 13:21:15,43800.0,500,Buy,236060922
2024-08-30 13:21:15,43800.0,100,Buy,236060923
2024-08-30 13:21:15,43800.0,500,Buy,236060924
2024-08-30 13:21:15,43800.0,500,Buy,236060925
2024-08-30 13:21:34,43800.0,500,Buy,236061434
2024-08-30 13:21:37,43800.0,2000,Buy,236061526
2024-08-30 13:21:58,43800.0,100,Buy,236062018
2024-08-30 13:22:00,43800.0,1500,Buy,236062064
2024-08-30 13:22:05,43800.0,300,Buy,236062191
2024-08-30 13:22:08,43800.0,1900,Buy,236062271
2024-08-30 13:22:09,43750.0,100,Sell,236062283
2024-08-30 13:22:09,43750.0,1000,Sell,236062284
2024-08-30 13:22:09,43750.0,200,Sell,236062285
2024-08-30 13:22:17,43750.0,1500,Sell,236062519
2024-08-30 13:22:19,43750.0,200,Sell,236062530
2024-08-30 13:22:19,43750.0,100,Sell,236062531
2024-08-30 13:22:20,43750.0,500,Sell,236062543
2024-08-30 13:22:27,43800.0,100,Buy,236062735
2024-08-30 13:22:29,43750.0,100,Sell,236062765
2024-08-30 13:22:30,43750.0,500,Sell,236062792
2024-08-30 13:22:38,43750.0,100,Sell,236063028
2024-08-30 13:22:41,43750.0,300,Sell,236063120
2024-08-30 13:22:46,43750.0,100,Sell,236063309
2024-08-30 13:22:47,43800.0,300,Buy,236063365
2024-08-30 13:22:47,43800.0,100,Buy,236063364
2024-08-30 13:22:47,43800.0,1000,Buy,236063363
2024-08-30 13:22:47,43800.0,1000,Buy,236063362
2024-08-30 13:22:47,43800.0,1500,Buy,236063359
2024-08-30 13:22:47,43800.0,1000,Buy,236063360
2024-08-30 13:22:47,43800.0,1500,Buy,236063358
2024-08-30 13:22:47,43800.0,3100,Buy,236063357
2024-08-30 13:22:47,43800.0,500,Buy,236063361
2024-08-30 13:22:49,43750.0,100,Sell,236063392
2024-08-30 13:22:49,43750.0,300,Sell,236063393
2024-08-30 13:22:53,43750.0,2900,Sell,236063455
2024-08-30 13:22:53,43750.0,300,Sell,236063456
2024-08-30 13:22:53,43750.0,5000,Sell,236063457
2024-08-30 13:22:53,43750.0,1000,Sell,236063458
2024-08-30 13:22:53,43750.0,800,Sell,236063459
2024-08-30 13:22:55,43750.0,4200,Sell,236063482
2024-08-30 13:22:55,43750.0,300,Sell,236063483
2024-08-30 13:22:55,43750.0,100,Sell,236063484
2024-08-30 13:22:55,43750.0,400,Sell,236063485
2024-08-30 13:22:58,43750.0,100,Sell,236063591
2024-08-30 13:22:58,43750.0,100,Sell,236063592
2024-08-30 13:22:58,43750.0,100,Sell,236063589
2024-08-30 13:22:58,43750.0,200,Sell,236063590
2024-08-30 13:23:02,43750.0,500,Sell,236063731
2024-08-30 13:23:06,43750.0,400,Sell,236063895
2024-08-30 13:23:06,43750.0,1400,Sell,236063893
2024-08-30 13:23:06,43750.0,200,Sell,236063894
2024-08-30 13:23:08,43750.0,2600,Sell,236063940
2024-08-30 13:23:08,43750.0,1000,Sell,236063941
2024-08-30 13:23:08,43750.0,200,Sell,236063942
2024-08-30 13:23:08,43750.0,900,Sell,236063943
2024-08-30 13:23:11,43750.0,900,Sell,236064004
2024-08-30 13:23:15,43700.0,500,Sell,236064155
2024-08-30 13:23:15,43700.0,100,Sell,236064156
2024-08-30 13:23:15,43700.0,900,Sell,236064153
2024-08-30 13:23:15,43700.0,500,Sell,236064154
2024-08-30 13:23:17,43750.0,100,Buy,236064213
2024-08-30 13:23:26,43700.0,100,Sell,236064386
2024-08-30 13:23:26,43700.0,200,Sell,236064387
2024-08-30 13:23:26,43700.0,100,Sell,236064388
2024-08-30 13:23:26,43700.0,600,Sell,236064389
2024-08-30 13:23:43,43700.0,200,Sell,236064769
2024-08-30 13:23:46,43750.0,5400,Buy,236064848
2024-08-30 13:23:46,43750.0,2100,Buy,236064846
2024-08-30 13:23:46,43750.0,1000,Buy,236064845
2024-08-30 13:23:46,43750.0,3600,Buy,236064847
2024-08-30 13:23:49,43700.0,200,Sell,236064902
2024-08-30 13:23:49,43700.0,200,Sell,236064903
2024-08-30 13:23:49,43700.0,600,Sell,236064904
2024-08-30 13:23:56,43750.0,8600,Buy,236065068
2024-08-30 13:23:56,43750.0,100,Buy,236065069
2024-08-30 13:23:59,43750.0,6000,Sell,236065128
2024-08-30 13:24:02,43750.0,2000,Sell,236065192
2024-08-30 13:24:08,43750.0,1300,Sell,236065351
2024-08-30 13:24:08,43750.0,200,Sell,236065352
2024-08-30 13:24:18,43750.0,3500,Buy,236065559
2024-08-30 13:24:18,43750.0,100,Buy,236065560
2024-08-30 13:24:20,43750.0,800,Sell,236065590
2024-08-30 13:24:26,43750.0,500,Sell,236065718
2024-08-30 13:24:41,43750.0,500,Sell,236066032
2024-08-30 13:24:52,43800.0,100,Buy,236066281
2024-08-30 13:25:01,43750.0,1200,Sell,236066493
2024-08-30 13:25:01,43750.0,100,Sell,236066491
2024-08-30 13:25:01,43750.0,600,Sell,236066490
2024-08-30 13:25:01,43750.0,100,Sell,236066492
2024-08-30 13:25:19,43750.0,200,Sell,236066949
2024-08-30 13:25:19,43750.0,1000,Sell,236066950
2024-08-30 13:25:19,43750.0,100,Sell,236066951
2024-08-30 13:25:19,43750.0,700,Sell,236066948
2024-08-30 13:25:32,43750.0,100,Sell,236067202
2024-08-30 13:25:36,43750.0,7000,Sell,236067259
2024-08-30 13:25:49,43800.0,100,Buy,236067557
2024-08-30 13:25:54,43800.0,100,Buy,236067631
2024-08-30 13:26:00,43750.0,1300,Sell,236067772
2024-08-30 13:26:00,43750.0,200,Sell,236067771
2024-08-30 13:26:07,43750.0,100,Sell,236067921
2024-08-30 13:26:07,43750.0,200,Sell,236067922
2024-08-30 13:26:27,43750.0,300,Sell,236068425
2024-08-30 13:26:55,43750.0,200,Sell,236068969
2024-08-30 13:26:58,43750.0,100,Sell,236069073
2024-08-30 13:26:58,43750.0,500,Sell,236069074
2024-08-30 13:26:58,43750.0,100,Sell,236069088
2024-08-30 13:26:59,43750.0,100,Sell,236069091
2024-08-30 13:27:08,43800.0,100,Buy,236069288
2024-08-30 13:27:13,43750.0,100,Sell,236069374
2024-08-30 13:27:52,43750.0,600,Sell,236070228
2024-08-30 13:27:52,43750.0,1400,Sell,236070229
2024-08-30 13:27:55,43750.0,100,Sell,236070277
2024-08-30 13:27:58,43750.0,1000,Sell,236070331
2024-08-30 13:28:01,43750.0,1200,Sell,236070401
2024-08-30 13:28:01,43750.0,300,Sell,236070400
2024-08-30 13:28:01,43750.0,1900,Sell,236070399
2024-08-30 13:28:01,43750.0,1000,Sell,236070398
2024-08-30 13:28:01,43750.0,1000,Sell,236070396
2024-08-30 13:28:01,43750.0,1900,Sell,236070395
2024-08-30 13:28:01,43750.0,2500,Sell,236070394
2024-08-30 13:28:01,43750.0,200,Sell,236070397
2024-08-30 13:28:02,43750.0,2800,Sell,236070421
2024-08-30 13:28:02,43750.0,100,Buy,236070424
2024-08-30 13:28:22,43750.0,1800,Buy,236070874
2024-08-30 13:28:23,43750.0,200,Buy,236070933
2024-08-30 13:28:37,43750.0,1500,Buy,236071230
2024-08-30 13:28:51,43700.0,5400,Sell,236071529
2024-08-30 13:28:51,43700.0,4600,Sell,236071530
2024-08-30 13:29:04,43700.0,600,Sell,236072065
2024-08-30 13:29:09,43700.0,500,Sell,236072233
2024-08-30 13:29:13,43700.0,900,Sell,236072309
2024-08-30 13:29:16,43750.0,500,Buy,236072396
2024-08-30 13:29:17,43700.0,1000,Sell,236072406
2024-08-30 13:29:22,43750.0,2400,Buy,236072513
2024-08-30 13:29:22,43750.0,100,Buy,236072514
2024-08-30 13:29:22,43750.0,500,Buy,236072515
2024-08-30 13:29:22,43750.0,100,Buy,236072516
2024-08-30 13:29:22,43750.0,1900,Buy,236072517
2024-08-30 13:29:35,43700.0,800,Sell,236072767
2024-08-30 13:29:35,43700.0,1000,Sell,236072766
2024-08-30 13:29:35,43700.0,100,Sell,236072765
2024-08-30 13:29:35,43700.0,1900,Sell,236072764
2024-08-30 13:29:35,43700.0,1000,Sell,236072761
2024-08-30 13:29:35,43700.0,1900,Sell,236072760
2024-08-30 13:29:35,43700.0,200,Sell,236072763
2024-08-30 13:29:35,43700.0,1000,Sell,236072758
2024-08-30 13:29:35,43700.0,500,Sell,236072759
2024-08-30 13:29:35,43700.0,2400,Sell,236072752
2024-08-30 13:29:35,43700.0,300,Sell,236072753
2024-08-30 13:29:35,43700.0,300,Sell,236072754
2024-08-30 13:29:35,43700.0,100,Sell,236072762
2024-08-30 13:29:35,43700.0,4100,Sell,236072756
2024-08-30 13:29:35,43700.0,200,Sell,236072757
2024-08-30 13:29:35,43700.0,300,Sell,236072755
2024-08-30 13:29:45,43700.0,600,Buy,236072907
2024-08-30 13:29:45,43700.0,2000,Buy,236072908
2024-08-30 13:29:57,43700.0,1000,Buy,236073190
2024-08-30 13:30:04,43700.0,300,Buy,236073330
2024-08-30 13:30:04,43700.0,200,Buy,236073331
2024-08-30 13:30:05,43700.0,500,Buy,236073353
2024-08-30 13:30:08,43700.0,1900,Buy,236073450
2024-08-30 13:30:15,43700.0,500,Buy,236073612
2024-08-30 13:30:22,43700.0,300,Buy,236073761
2024-08-30 13:30:28,43700.0,1000,Buy,236073954
2024-08-30 13:30:30,43700.0,200,Buy,236073995
2024-08-30 13:30:33,43700.0,100,Buy,236074064
2024-08-30 13:30:33,43700.0,400,Buy,236074063
2024-08-30 13:30:37,43700.0,200,Buy,236074188
2024-08-30 13:30:37,43700.0,200,Buy,236074186
2024-08-30 13:30:37,43700.0,100,Buy,236074187
2024-08-30 13:30:42,43700.0,500,Buy,236074251
2024-08-30 13:30:46,43700.0,500,Buy,236074330
2024-08-30 13:31:02,43700.0,1000,Buy,236074759
2024-08-30 13:31:02,43700.0,400,Buy,236074760
2024-08-30 13:31:02,43700.0,100,Buy,236074773
2024-08-30 13:31:02,43700.0,400,Sell,236074779
2024-08-30 13:31:02,43700.0,500,Buy,236074758
2024-08-30 13:31:08,43700.0,5000,Buy,236074865
2024-08-30 13:31:08,43700.0,1100,Buy,236074867
2024-08-30 13:31:08,43700.0,100,Buy,236074868
2024-08-30 13:31:10,43650.0,400,Sell,236074914
2024-08-30 13:31:21,43650.0,1200,Sell,236075270
2024-08-30 13:31:23,43650.0,500,Sell,236075312
2024-08-30 13:31:25,43650.0,900,Sell,236075329
2024-08-30 13:31:25,43650.0,4100,Sell,236075330
2024-08-30 13:31:25,43700.0,400,Buy,236075344
2024-08-30 13:31:55,43700.0,600,Buy,236076128
2024-08-30 13:31:55,43700.0,500,Buy,236076129
2024-08-30 13:31:55,43700.0,800,Buy,236076130
2024-08-30 13:32:14,43650.0,1300,Sell,236076474
2024-08-30 13:32:15,43650.0,2300,Sell,236076503
2024-08-30 13:32:19,43650.0,1000,Sell,236076568
2024-08-30 13:33:13,43700.0,100,Buy,236077742
2024-08-30 13:33:16,43700.0,100,Buy,236077771
2024-08-30 13:33:25,43600.0,3400,Sell,236078088
2024-08-30 13:33:25,43650.0,100,Sell,236078087
2024-08-30 13:33:25,43650.0,1000,Sell,236078086
2024-08-30 13:33:25,43650.0,1900,Sell,236078085
2024-08-30 13:33:25,43650.0,200,Sell,236078084
2024-08-30 13:33:25,43650.0,1000,Sell,236078083
2024-08-30 13:33:25,43650.0,200,Sell,236078082
2024-08-30 13:33:25,43650.0,200,Sell,236078080
2024-08-30 13:33:25,43650.0,1500,Sell,236078079
2024-08-30 13:33:25,43650.0,1000,Sell,236078078
2024-08-30 13:33:25,43650.0,1000,Sell,236078077
2024-08-30 13:33:25,43650.0,1000,Sell,236078076
2024-08-30 13:33:25,43650.0,11300,Sell,236078075
2024-08-30 13:33:25,43650.0,200,Sell,236078081
2024-08-30 13:34:01,43650.0,1300,Sell,236079001
2024-08-30 13:34:02,43650.0,900,Sell,236079023
2024-08-30 13:34:05,43650.0,400,Sell,236079065
2024-08-30 13:34:05,43650.0,600,Sell,236079064
2024-08-30 13:34:05,43650.0,300,Sell,236079066
2024-08-30 13:34:07,43550.0,1000,Sell,236079125
2024-08-30 13:34:07,43550.0,100,Sell,236079126
2024-08-30 13:34:07,43550.0,100,Sell,236079127
2024-08-30 13:34:07,43500.0,1300,Sell,236079128
2024-08-30 13:34:07,43500.0,1000,Sell,236079129
2024-08-30 13:34:07,43500.0,1000,Sell,236079130
2024-08-30 13:34:07,43500.0,300,Sell,236079131
2024-08-30 13:34:07,43550.0,1000,Sell,236079124
2024-08-30 13:34:07,43650.0,300,Sell,236079105
2024-08-30 13:34:07,43500.0,1000,Sell,236079134
2024-08-30 13:34:07,43500.0,100,Sell,236079135
2024-08-30 13:34:07,43500.0,200,Sell,236079136
2024-08-30 13:34:07,43500.0,500,Sell,236079137
2024-08-30 13:34:07,43500.0,1200,Sell,236079138
2024-08-30 13:34:07,43500.0,300,Sell,236079139
2024-08-30 13:34:07,43500.0,400,Sell,236079140
2024-08-30 13:34:07,43500.0,300,Sell,236079133
2024-08-30 13:34:07,43500.0,100,Sell,236079132
2024-08-30 13:34:07,43550.0,2000,Sell,236079123
2024-08-30 13:34:07,43600.0,3300,Sell,236079121
2024-08-30 13:34:07,43600.0,100,Sell,236079106
2024-08-30 13:34:07,43600.0,1000,Sell,236079107
2024-08-30 13:34:07,43600.0,300,Sell,236079108
2024-08-30 13:34:07,43600.0,100,Sell,236079109
2024-08-30 13:34:07,43600.0,1000,Sell,236079110
2024-08-30 13:34:07,43600.0,500,Sell,236079111
2024-08-30 13:34:07,43600.0,500,Sell,236079112
2024-08-30 13:34:07,43600.0,1000,Sell,236079113
2024-08-30 13:34:07,43600.0,200,Sell,236079114
2024-08-30 13:34:07,43600.0,500,Sell,236079115
2024-08-30 13:34:07,43600.0,3000,Sell,236079116
2024-08-30 13:34:07,43600.0,9300,Sell,236079117
2024-08-30 13:34:07,43600.0,1800,Sell,236079118
2024-08-30 13:34:07,43600.0,800,Sell,236079119
2024-08-30 13:34:07,43600.0,300,Sell,236079120
2024-08-30 13:34:07,43550.0,200,Sell,236079122
2024-08-30 13:34:19,43500.0,300,Buy,236079329
2024-08-30 13:34:23,43500.0,300,Buy,236079391
2024-08-30 13:34:24,43500.0,1000,Buy,236079423
2024-08-30 13:34:28,43500.0,300,Buy,236079458
2024-08-30 13:34:29,43500.0,5000,Buy,236079466
2024-08-30 13:34:32,43500.0,200,Buy,236079530
2024-08-30 13:34:32,43500.0,1800,Buy,236079558
2024-08-30 13:34:38,43600.0,100,Buy,236079711
2024-08-30 13:34:42,43600.0,300,Buy,236079762
2024-08-30 13:34:43,43600.0,100,Buy,236079801
2024-08-30 13:34:43,43600.0,900,Buy,236079802
2024-08-30 13:34:45,43600.0,100,Buy,236079838
2024-08-30 13:34:58,43650.0,1000,Buy,236080123
2024-08-30 13:35:19,43650.0,500,Sell,236080522
2024-08-30 13:35:35,43650.0,1900,Sell,236080828
2024-08-30 13:35:37,43650.0,200,Buy,236080841
2024-08-30 13:35:38,43650.0,100,Buy,236080876
2024-08-30 13:35:46,43650.0,100,Buy,236081092
2024-08-30 13:35:48,43650.0,200,Buy,236081127
2024-08-30 13:35:50,43600.0,100,Sell,236081166
2024-08-30 13:35:50,43600.0,100,Sell,236081167
2024-08-30 13:35:50,43600.0,300,Sell,236081168
2024-08-30 13:35:52,43650.0,200,Buy,236081206
2024-08-30 13:35:53,43650.0,300,Buy,236081211
2024-08-30 13:35:55,43650.0,100,Buy,236081277
2024-08-30 13:36:04,43650.0,900,Sell,236081429
2024-08-30 13:36:04,43650.0,500,Sell,236081430
2024-08-30 13:36:10,43650.0,1600,Buy,236081580
2024-08-30 13:36:12,43650.0,100,Sell,236081614
2024-08-30 13:36:18,43650.0,1000,Sell,236081706
2024-08-30 13:36:45,43650.0,100,Sell,236082372
2024-08-30 13:36:50,43650.0,100,Sell,236082457
2024-08-30 13:36:58,43700.0,500,Buy,236082634
2024-08-30 13:37:02,43650.0,200,Sell,236082707
2024-08-30 13:37:02,43650.0,100,Sell,236082706
2024-08-30 13:37:35,43650.0,500,Sell,236083367
2024-08-30 13:37:42,43650.0,1200,Sell,236083486
2024-08-30 13:37:42,43650.0,1800,Sell,236083487
2024-08-30 13:38:02,43650.0,500,Sell,236083862
2024-08-30 13:38:02,43650.0,2000,Sell,236083878
2024-08-30 13:38:05,43650.0,1200,Sell,236083925
2024-08-30 13:38:05,43650.0,700,Sell,236083923
2024-08-30 13:38:05,43650.0,100,Sell,236083924
2024-08-30 13:38:14,43650.0,700,Sell,236084118
2024-08-30 13:38:14,43650.0,1800,Sell,236084119
2024-08-30 13:38:15,43650.0,100,Buy,236084123
2024-08-30 13:38:21,43650.0,400,Buy,236084303
2024-08-30 13:38:34,43650.0,300,Buy,236084556
2024-08-30 13:38:44,43650.0,200,Buy,236084719
2024-08-30 13:38:44,43650.0,500,Buy,236084729
2024-08-30 13:38:44,43650.0,700,Buy,236084730
2024-08-30 13:38:58,43650.0,200,Buy,236085015
2024-08-30 13:39:02,43650.0,1900,Buy,236085096
2024-08-30 13:39:16,43600.0,100,Sell,236085400
2024-08-30 13:39:21,43600.0,100,Sell,236085501
2024-08-30 13:39:37,43650.0,100,Buy,236085831
2024-08-30 13:39:37,43650.0,200,Buy,236085830
2024-08-30 13:40:06,43650.0,700,Sell,236086399
2024-08-30 13:40:06,43650.0,300,Sell,236086400
2024-08-30 13:40:06,43650.0,100,Sell,236086401
2024-08-30 13:40:06,43650.0,200,Sell,236086402
2024-08-30 13:40:06,43650.0,1900,Sell,236086403
2024-08-30 13:40:06,43650.0,300,Sell,236086404
2024-08-30 13:40:06,43650.0,100,Sell,236086405
2024-08-30 13:40:10,43650.0,100,Buy,236086517
2024-08-30 13:40:15,43650.0,200,Buy,236086665
2024-08-30 13:40:35,43650.0,500,Buy,236087218
2024-08-30 13:40:48,43650.0,100,Buy,236087616
2024-08-30 13:40:48,43650.0,1000,Buy,236087617
2024-08-30 13:40:48,43650.0,100,Buy,236087618
2024-08-30 13:40:48,43650.0,500,Buy,236087619
2024-08-30 13:40:52,43650.0,100,Sell,236087690
2024-08-30 13:41:14,43650.0,100,Sell,236088148
2024-08-30 13:41:14,43650.0,100,Sell,236088149
2024-08-30 13:41:14,43650.0,100,Sell,236088150
2024-08-30 13:41:24,43650.0,500,Sell,236088343
2024-08-30 13:41:35,43650.0,300,Sell,236088581
2024-08-30 13:41:35,43650.0,400,Sell,236088580
2024-08-30 13:41:42,43650.0,300,Buy,236088779
2024-08-30 13:41:57,43650.0,1600,Sell,236089108
2024-08-30 13:41:57,43650.0,3400,Sell,236089109
2024-08-30 13:41:58,43700.0,4600,Buy,236089194
2024-08-30 13:41:58,43700.0,8400,Buy,236089193
2024-08-30 13:41:58,43700.0,500,Buy,236089191
2024-08-30 13:41:58,43700.0,100,Buy,236089188
2024-08-30 13:41:58,43700.0,500,Buy,236089189
2024-08-30 13:41:58,43700.0,100,Buy,236089190
2024-08-30 13:41:58,43700.0,100,Buy,236089187
2024-08-30 13:41:58,43700.0,700,Buy,236089186
2024-08-30 13:42:26,43700.0,100,Buy,236089827
2024-08-30 13:42:31,43650.0,100,Sell,236089932
2024-08-30 13:42:46,43700.0,200,Buy,236090291
2024-08-30 13:42:49,43650.0,1000,Sell,236090331
2024-08-30 13:43:08,43650.0,100,Sell,236090863
2024-08-30 13:43:30,43650.0,100,Sell,236091276
2024-08-30 13:43:45,43650.0,100,Sell,236091598
2024-08-30 13:44:15,43650.0,200,Sell,236092324
2024-08-30 13:44:15,43650.0,200,Sell,236092325
2024-08-30 13:44:25,43700.0,100,Buy,236092504
2024-08-30 13:44:27,43700.0,100,Buy,236092575
2024-08-30 13:44:40,43700.0,500,Buy,236092863
2024-08-30 13:44:45,43700.0,200,Buy,236092940
2024-08-30 13:44:47,43700.0,4300,Buy,236092988
2024-08-30 13:44:47,43700.0,700,Buy,236092989
2024-08-30 13:44:53,43700.0,4000,Buy,236093165
2024-08-30 13:44:57,43700.0,300,Buy,236093268
2024-08-30 13:45:01,43700.0,100,Buy,236093330
2024-08-30 13:45:01,43700.0,100,Buy,236093323
2024-08-30 13:45:01,43700.0,900,Buy,236093329
2024-08-30 13:45:07,43700.0,100,Buy,236093523
2024-08-30 13:45:08,43700.0,200,Buy,236093541
2024-08-30 13:45:09,43700.0,100,Buy,236093571
2024-08-30 13:45:09,43700.0,100,Buy,236093575
2024-08-30 13:45:09,43700.0,300,Buy,236093576
2024-08-30 13:45:11,43700.0,200,Buy,236093607
2024-08-30 13:45:31,43700.0,200,Sell,236093957
2024-08-30 13:45:31,43700.0,1900,Sell,236093958
2024-08-30 13:45:31,43700.0,1600,Sell,236093959
2024-08-30 13:45:31,43700.0,100,Sell,236093960
2024-08-30 13:45:31,43700.0,100,Sell,236093961
2024-08-30 13:45:31,43700.0,2000,Sell,236093962
2024-08-30 13:45:43,43700.0,500,Buy,236094226
2024-08-30 13:45:52,43700.0,300,Buy,236094516
2024-08-30 13:45:56,43700.0,700,Buy,236094581
2024-08-30 13:45:57,43700.0,100,Buy,236094625
2024-08-30 13:46:06,43650.0,2000,Sell,236094879
2024-08-30 13:46:10,43700.0,500,Buy,236094934
2024-08-30 13:46:16,43700.0,500,Buy,236095038
2024-08-30 13:46:17,43700.0,500,Buy,236095056
2024-08-30 13:46:22,43700.0,1000,Buy,236095134
2024-08-30 13:46:22,43700.0,1000,Buy,236095135
2024-08-30 13:46:22,43700.0,300,Buy,236095136
2024-08-30 13:46:47,43700.0,2000,Sell,236095675
2024-08-30 13:47:21,43750.0,900,Buy,236096398
2024-08-30 13:47:33,43750.0,300,Buy,236096744
2024-08-30 13:47:33,43750.0,100,Buy,236096743
2024-08-30 13:47:33,43750.0,2200,Buy,236096742
2024-08-30 13:47:36,43750.0,200,Buy,236096847
2024-08-30 13:47:55,43750.0,900,Buy,236097353
2024-08-30 13:47:55,43750.0,1000,Buy,236097354
2024-08-30 13:47:58,43750.0,400,Buy,236097454
2024-08-30 13:47:58,43750.0,500,Buy,236097453
2024-08-30 13:47:58,43750.0,1000,Buy,236097452
2024-08-30 13:47:58,43750.0,1000,Buy,236097451
2024-08-30 13:47:58,43750.0,500,Buy,236097450
2024-08-30 13:47:58,43750.0,500,Buy,236097449
2024-08-30 13:47:58,43750.0,500,Buy,236097444
2024-08-30 13:47:58,43750.0,100,Buy,236097447
2024-08-30 13:47:58,43750.0,5000,Buy,236097446
2024-08-30 13:47:58,43750.0,300,Buy,236097445
2024-08-30 13:47:58,43750.0,2500,Buy,236097443
2024-08-30 13:47:58,43750.0,500,Buy,236097442
2024-08-30 13:47:58,43750.0,100,Buy,236097448
2024-08-30 13:48:04,43800.0,100,Buy,236097600
2024-08-30 13:48:04,43750.0,1000,Sell,236097604
2024-08-30 13:48:06,43800.0,100,Buy,236097641
2024-08-30 13:48:12,43750.0,100,Sell,236097775
2024-08-30 13:48:21,43750.0,100,Sell,236097989
2024-08-30 13:48:40,43750.0,2000,Sell,236098490
2024-08-30 13:48:57,43800.0,2000,Buy,236099089
2024-08-30 13:48:57,43800.0,500,Buy,236099090
2024-08-30 13:48:57,43800.0,500,Buy,236099087
2024-08-30 13:48:57,43800.0,1000,Buy,236099088
2024-08-30 13:48:58,43750.0,1000,Sell,236099107
2024-08-30 13:48:58,43750.0,100,Sell,236099108
2024-08-30 13:48:58,43750.0,200,Sell,236099109
2024-08-30 13:48:58,43750.0,800,Sell,236099112
2024-08-30 13:48:58,43750.0,2900,Sell,236099106
2024-08-30 13:49:05,43750.0,1000,Sell,236099299
2024-08-30 13:49:12,43750.0,200,Buy,236099468
2024-08-30 13:49:13,43750.0,500,Buy,236099488
2024-08-30 13:49:15,43750.0,200,Buy,236099544
2024-08-30 13:49:15,43750.0,1000,Buy,236099543
2024-08-30 13:49:25,43750.0,100,Sell,236099729
2024-08-30 13:49:29,43800.0,100,Buy,236099794
2024-08-30 13:49:35,43750.0,1000,Sell,236099953
2024-08-30 13:49:37,43750.0,300,Sell,236099982
2024-08-30 13:49:37,43750.0,200,Sell,236100036
2024-08-30 13:49:37,43750.0,100,Sell,236100037
2024-08-30 13:49:42,43750.0,1900,Buy,236100147
2024-08-30 13:49:45,43750.0,400,Buy,236100246
2024-08-30 13:50:12,43700.0,200,Sell,236100928
2024-08-30 13:50:36,43750.0,300,Buy,236101415
2024-08-30 13:51:12,43750.0,100,Buy,236102231
2024-08-30 13:51:12,43750.0,300,Buy,236102232
2024-08-30 13:51:14,43700.0,100,Sell,236102268
2024-08-30 13:51:31,43700.0,500,Sell,236102615
2024-08-30 13:51:34,43700.0,500,Sell,236102664
2024-08-30 13:51:56,43700.0,900,Sell,236103131
2024-08-30 13:51:56,43700.0,300,Sell,236103132
2024-08-30 13:52:06,43700.0,700,Sell,236103437
2024-08-30 13:52:06,43700.0,100,Sell,236103436
2024-08-30 13:52:06,43700.0,200,Sell,236103435
2024-08-30 13:52:06,43700.0,700,Sell,236103433
2024-08-30 13:52:06,43700.0,1300,Sell,236103434
2024-08-30 13:52:14,43700.0,100,Sell,236103607
2024-08-30 13:52:14,43700.0,200,Sell,236103606
2024-08-30 13:52:14,43700.0,100,Sell,236103605
2024-08-30 13:52:14,43700.0,100,Sell,236103604
2024-08-30 13:52:14,43700.0,500,Sell,236103603
2024-08-30 13:52:14,43700.0,1000,Sell,236103602
2024-08-30 13:52:14,43700.0,200,Sell,236103599
2024-08-30 13:52:14,43700.0,1900,Sell,236103600
2024-08-30 13:52:14,43700.0,1300,Sell,236103595
2024-08-30 13:52:14,43700.0,500,Sell,236103596
2024-08-30 13:52:14,43700.0,300,Sell,236103601
2024-08-30 13:52:14,43700.0,800,Sell,236103598
2024-08-30 13:52:14,43700.0,1900,Sell,236103597
2024-08-30 13:52:22,43700.0,800,Buy,236103807
2024-08-30 13:52:22,43700.0,1100,Buy,236103806
2024-08-30 13:52:32,43700.0,500,Buy,236104015
2024-08-30 13:52:40,43700.0,300,Buy,236104256
2024-08-30 13:52:40,43700.0,100,Buy,236104257
2024-08-30 13:52:40,43700.0,100,Buy,236104258
2024-08-30 13:52:48,43700.0,500,Buy,236104431
2024-08-30 13:52:49,43700.0,500,Buy,236104479
2024-08-30 13:52:57,43700.0,200,Sell,236104623
2024-08-30 13:53:06,43700.0,100,Sell,236104825
2024-08-30 13:53:06,43700.0,100,Sell,236104826
2024-08-30 13:53:06,43700.0,200,Sell,236104827
2024-08-30 13:53:06,43700.0,300,Sell,236104824
2024-08-30 13:53:15,43700.0,1900,Buy,236105038
2024-08-30 13:53:22,43700.0,200,Buy,236105164
2024-08-30 13:53:38,43700.0,200,Buy,236105492
2024-08-30 13:53:41,43700.0,200,Buy,236105541
2024-08-30 13:53:58,43700.0,500,Buy,236105874
2024-08-30 13:54:02,43700.0,1000,Buy,236105992
2024-08-30 13:54:08,43700.0,1800,Buy,236106128
2024-08-30 13:54:43,43700.0,3500,Buy,236106795
2024-08-30 13:54:43,43700.0,500,Buy,236106796
2024-08-30 13:54:43,43700.0,100,Buy,236106797
2024-08-30 13:54:43,43700.0,300,Buy,236106798
2024-08-30 13:54:43,43700.0,1000,Buy,236106799
2024-08-30 13:54:46,43700.0,100,Buy,236106862
2024-08-30 13:54:49,43700.0,100,Buy,236106922
2024-08-30 13:55:02,43700.0,800,Buy,236107178
2024-08-30 13:55:02,43700.0,500,Buy,236107179
2024-08-30 13:55:02,43700.0,500,Buy,236107180
2024-08-30 13:55:02,43700.0,100,Buy,236107181
2024-08-30 13:55:42,43700.0,200,Buy,236108064
2024-08-30 13:55:42,43700.0,1000,Buy,236108062
2024-08-30 13:55:42,43700.0,1000,Buy,236108063
2024-08-30 13:55:42,43700.0,500,Buy,236108060
2024-08-30 13:55:42,43700.0,800,Buy,236108059
2024-08-30 13:55:42,43700.0,300,Buy,236108061
2024-08-30 13:55:42,43700.0,200,Buy,236108058
2024-08-30 13:55:55,43700.0,1900,Buy,236108302
2024-08-30 13:56:01,43650.0,1000,Sell,236108448
2024-08-30 13:56:27,43650.0,3500,Sell,236109027
2024-08-30 13:56:35,43650.0,100,Sell,236109234
2024-08-30 13:56:45,43700.0,1900,Buy,236109458
2024-08-30 13:56:45,43700.0,1500,Buy,236109460
2024-08-30 13:56:45,43700.0,1600,Buy,236109459
2024-08-30 13:56:48,43700.0,500,Buy,236109580
2024-08-30 13:56:48,43700.0,400,Buy,236109581
2024-08-30 13:56:48,43700.0,1000,Buy,236109582
2024-08-30 13:56:55,43650.0,800,Sell,236109780
2024-08-30 13:57:06,43700.0,100,Buy,236109987
2024-08-30 13:57:14,43650.0,1500,Sell,236110176
2024-08-30 13:57:18,43650.0,5000,Sell,236110276
2024-08-30 13:57:18,43650.0,3100,Sell,236110274
2024-08-30 13:57:18,43650.0,1900,Sell,236110275
2024-08-30 13:57:51,43650.0,3600,Sell,236110959
2024-08-30 13:58:00,43700.0,100,Buy,236111166
2024-08-30 13:58:08,43700.0,200,Buy,236111343
2024-08-30 13:58:12,43650.0,800,Sell,236111442
2024-08-30 13:58:12,43650.0,200,Sell,236111443
2024-08-30 13:59:06,43650.0,2000,Sell,236112645
2024-08-30 13:59:12,43650.0,100,Sell,236112775
2024-08-30 13:59:26,43650.0,800,Sell,236113083
2024-08-30 13:59:30,43650.0,1500,Sell,236113176
2024-08-30 13:59:37,43650.0,100,Sell,236113333
2024-08-30 14:00:19,43700.0,100,Buy,236114190
2024-08-30 14:00:22,43700.0,1900,Buy,236114259
2024-08-30 14:00:23,43700.0,100,Buy,236114304
2024-08-30 14:00:40,43700.0,800,Buy,236114686
2024-08-30 14:00:40,43700.0,1700,Buy,236114688
2024-08-30 14:00:40,43700.0,1000,Buy,236114687
2024-08-30 14:00:40,43700.0,300,Buy,236114685
2024-08-30 14:00:40,43700.0,400,Buy,236114689
2024-08-30 14:00:40,43700.0,1000,Buy,236114683
2024-08-30 14:00:40,43700.0,200,Buy,236114682
2024-08-30 14:00:40,43700.0,500,Buy,236114681
2024-08-30 14:00:40,43700.0,1000,Buy,236114680
2024-08-30 14:00:40,43700.0,100,Buy,236114684
2024-08-30 14:00:40,43700.0,1500,Buy,236114679
2024-08-30 14:00:51,43700.0,800,Buy,236114875
2024-08-30 14:00:51,43700.0,1100,Buy,236114873
2024-08-30 14:00:51,43700.0,100,Buy,236114874
2024-08-30 14:00:53,43650.0,300,Sell,236114914
2024-08-30 14:00:53,43650.0,100,Sell,236114915
2024-08-30 14:01:00,43700.0,1000,Buy,236115059
2024-08-30 14:01:00,43700.0,300,Buy,236115060
2024-08-30 14:01:15,43700.0,1900,Buy,236115408
2024-08-30 14:01:25,43700.0,1000,Buy,236115665
2024-08-30 14:01:25,43700.0,2000,Buy,236115666
2024-08-30 14:01:25,43700.0,500,Buy,236115667
2024-08-30 14:01:25,43700.0,900,Buy,236115668
2024-08-30 14:01:25,43700.0,100,Buy,236115669
2024-08-30 14:01:25,43700.0,2400,Buy,236115670
2024-08-30 14:01:41,43700.0,7600,Buy,236116029
2024-08-30 14:01:41,43700.0,500,Buy,236116030
2024-08-30 14:02:00,43700.0,300,Sell,236116461
2024-08-30 14:02:12,43700.0,1000,Sell,236116701
2024-08-30 14:02:21,43700.0,100,Sell,236116909
2024-08-30 14:02:22,43700.0,500,Sell,236116927
2024-08-30 14:02:30,43750.0,100,Buy,236117071
2024-08-30 14:02:36,43750.0,200,Buy,236117234
2024-08-30 14:02:41,43700.0,500,Sell,236117381
2024-08-30 14:02:41,43750.0,100,Buy,236117384
2024-08-30 14:03:02,43750.0,300,Buy,236117925
2024-08-30 14:03:02,43750.0,100,Buy,236117926
2024-08-30 14:03:02,43750.0,100,Buy,236117927
2024-08-30 14:03:02,43750.0,1400,Buy,236117928
2024-08-30 14:03:10,43750.0,200,Buy,236118175
2024-08-30 14:03:24,43750.0,500,Buy,236118551
2024-08-30 14:03:24,43750.0,10000,Buy,236118554
2024-08-30 14:03:24,43750.0,1000,Buy,236118553
2024-08-30 14:03:24,43750.0,1000,Buy,236118550
2024-08-30 14:03:24,43750.0,100,Buy,236118552
2024-08-30 14:03:24,43750.0,1200,Buy,236118548
2024-08-30 14:03:24,43750.0,100,Buy,236118549
2024-08-30 14:03:24,43750.0,500,Buy,236118547
2024-08-30 14:03:24,43750.0,100,Buy,236118546
2024-08-30 14:03:24,43750.0,400,Buy,236118545
2024-08-30 14:03:25,43750.0,500,Buy,236118567
2024-08-30 14:03:25,43750.0,1300,Buy,236118566
2024-08-30 14:03:26,43750.0,2200,Buy,236118597
2024-08-30 14:03:26,43750.0,1000,Buy,236118598
2024-08-30 14:03:26,43750.0,100,Buy,236118599
2024-08-30 14:03:26,43750.0,200,Buy,236118600
2024-08-30 14:03:26,43750.0,200,Buy,236118601
2024-08-30 14:03:26,43750.0,500,Buy,236118602
2024-08-30 14:03:26,43750.0,2000,Buy,236118603
2024-08-30 14:03:26,43750.0,500,Buy,236118604
2024-08-30 14:03:26,43750.0,5000,Buy,236118605
2024-08-30 14:03:34,43750.0,100,Sell,236118862
2024-08-30 14:03:34,43750.0,2900,Sell,236118863
2024-08-30 14:03:35,43800.0,100,Buy,236118870
2024-08-30 14:03:55,43800.0,400,Buy,236119432
2024-08-30 14:03:55,43800.0,100,Buy,236119431
2024-08-30 14:03:55,43800.0,4500,Buy,236119430
2024-08-30 14:03:55,43800.0,500,Buy,236119424
2024-08-30 14:03:55,43800.0,100,Buy,236119423
2024-08-30 14:03:55,43800.0,1300,Buy,236119422
2024-08-30 14:04:05,43800.0,100,Buy,236119734
2024-08-30 14:04:27,43800.0,300,Buy,236120361
2024-08-30 14:04:27,43800.0,500,Buy,236120360
2024-08-30 14:04:27,43750.0,2000,Sell,236120393
2024-08-30 14:04:27,43750.0,100,Sell,236120391
2024-08-30 14:04:27,43750.0,200,Sell,236120394
2024-08-30 14:04:27,43800.0,400,Buy,236120364
2024-08-30 14:04:27,43800.0,500,Buy,236120363
2024-08-30 14:04:27,43800.0,200,Buy,236120362
2024-08-30 14:04:27,43750.0,1100,Sell,236120390
2024-08-30 14:04:27,43750.0,100,Sell,236120392
2024-08-30 14:04:45,43800.0,100,Buy,236120827
2024-08-30 14:04:46,43750.0,500,Sell,236120878
2024-08-30 14:04:51,43800.0,100,Buy,236121013
2024-08-30 14:04:58,43750.0,700,Sell,236121180
2024-08-30 14:04:58,43750.0,2000,Sell,236121181
2024-08-30 14:04:58,43750.0,1800,Sell,236121182
2024-08-30 14:04:59,43750.0,100,Buy,236121216
2024-08-30 14:05:00,43750.0,1000,Buy,236121218
2024-08-30 14:05:22,43750.0,3900,Buy,236122007
2024-08-30 14:05:22,43750.0,100,Buy,236122008
2024-08-30 14:05:22,43750.0,1800,Buy,236122009
2024-08-30 14:05:22,43750.0,1000,Buy,236122010
2024-08-30 14:05:22,43750.0,300,Buy,236122006
2024-08-30 14:05:27,43800.0,2000,Buy,236122153
2024-08-30 14:05:27,43750.0,2000,Sell,236122169
2024-08-30 14:05:33,43750.0,200,Sell,236122318
2024-08-30 14:05:33,43750.0,500,Sell,236122319
2024-08-30 14:05:33,43750.0,100,Sell,236122320
2024-08-30 14:05:42,43750.0,200,Buy,236122549
2024-08-30 14:05:42,43750.0,1900,Buy,236122551
2024-08-30 14:05:50,43750.0,300,Buy,236122783
2024-08-30 14:06:26,43750.0,500,Buy,236123746
2024-08-30 14:06:30,43750.0,500,Buy,236123841
2024-08-30 14:06:35,43750.0,1900,Buy,236123990
2024-08-30 14:06:47,43700.0,1300,Sell,236124388
2024-08-30 14:06:47,43700.0,200,Sell,236124389
2024-08-30 14:06:48,43750.0,100,Buy,236124403
2024-08-30 14:06:48,43750.0,100,Buy,236124404
2024-08-30 14:06:48,43750.0,1000,Buy,236124405
2024-08-30 14:06:48,43750.0,500,Buy,236124406
2024-08-30 14:06:48,43750.0,3300,Buy,236124407
2024-08-30 14:06:56,43750.0,500,Buy,236124628
2024-08-30 14:06:56,43750.0,100,Buy,236124627
2024-08-30 14:06:56,43750.0,2100,Buy,236124624
2024-08-30 14:06:56,43750.0,1000,Buy,236124625
2024-08-30 14:06:56,43750.0,100,Buy,236124626
2024-08-30 14:07:04,43750.0,100,Buy,236124794
2024-08-30 14:07:04,43750.0,1000,Buy,236124795
