time,price,volume,match_type,id
2024-08-14 09:14:37,41200.0,41700,ATO/ATC,231401032
2024-08-14 09:14:39,41200.0,100,Sell,231401242
2024-08-14 09:14:39,41200.0,3000,Sell,231401224
2024-08-14 09:14:39,41200.0,800,Sell,231401241
2024-08-14 09:14:51,41050.0,100,Sell,231401461
2024-08-14 09:14:59,41050.0,100,Sell,231401540
2024-08-14 09:15:13,41100.0,500,Sell,231401800
2024-08-14 09:15:14,41100.0,2500,Sell,231401838
2024-08-14 09:15:20,41100.0,1000,Sell,231401936
2024-08-14 09:15:24,41100.0,200,Buy,231402008
2024-08-14 09:15:24,41200.0,4300,Buy,231402018
2024-08-14 09:15:24,41200.0,100,Buy,231402017
2024-08-14 09:15:24,41200.0,100,Buy,231402016
2024-08-14 09:15:24,41100.0,300,Buy,231402006
2024-08-14 09:15:24,41100.0,100,Buy,231402011
2024-08-14 09:15:24,41100.0,100,Buy,231402009
2024-08-14 09:15:24,41150.0,100,Sell,231402015
2024-08-14 09:15:24,41100.0,100,Buy,231402010
2024-08-14 09:15:26,41200.0,500,Buy,231402049
2024-08-14 09:15:27,41150.0,100,Sell,231402071
2024-08-14 09:15:33,41150.0,300,Sell,231402212
2024-08-14 09:15:34,41150.0,400,Buy,231402255
2024-08-14 09:15:40,41150.0,300,Buy,231402420
2024-08-14 09:15:41,41150.0,700,Buy,231402424
2024-08-14 09:15:41,41200.0,300,Buy,231402425
2024-08-14 09:15:53,41200.0,300,Buy,231402707
2024-08-14 09:15:56,41100.0,300,Sell,231402784
2024-08-14 09:15:56,41100.0,1900,Sell,231402786
2024-08-14 09:15:56,41150.0,300,Sell,231402782
2024-08-14 09:15:56,41150.0,500,Sell,231402783
2024-08-14 09:15:56,41100.0,2000,Sell,231402785
2024-08-14 09:16:01,41100.0,200,Sell,231402889
2024-08-14 09:16:16,41100.0,900,Sell,231403223
2024-08-14 09:16:20,41100.0,100,Buy,231403328
2024-08-14 09:16:24,41100.0,300,Sell,231403435
2024-08-14 09:16:24,41100.0,200,Sell,231403436
2024-08-14 09:16:37,41050.0,100,Sell,231403656
2024-08-14 09:16:41,41100.0,1500,Buy,231403734
2024-08-14 09:16:41,41100.0,500,Buy,231403735
2024-08-14 09:16:41,41100.0,3000,Buy,231403736
2024-08-14 09:16:50,41100.0,300,Buy,231404010
2024-08-14 09:16:50,41100.0,100,Buy,231404008
2024-08-14 09:16:50,41100.0,4600,Buy,231404009
2024-08-14 09:16:55,41100.0,100,Buy,231404097
2024-08-14 09:17:21,41100.0,1000,Buy,231404678
2024-08-14 09:17:21,41100.0,300,Buy,231404677
2024-08-14 09:17:21,41100.0,5800,Buy,231404681
2024-08-14 09:17:21,41100.0,100,Buy,231404679
2024-08-14 09:17:21,41100.0,5000,Buy,231404680
2024-08-14 09:17:28,41050.0,100,Sell,231404889
2024-08-14 09:17:28,41050.0,1600,Sell,231404890
2024-08-14 09:17:30,41100.0,500,Buy,231404963
2024-08-14 09:17:46,41100.0,2000,Buy,231405296
2024-08-14 09:17:48,41100.0,100,Buy,231405336
2024-08-14 09:17:57,41100.0,100,Buy,231405531
2024-08-14 09:18:10,41100.0,100,Buy,231405796
2024-08-14 09:18:12,41050.0,400,Sell,231405831
2024-08-14 09:18:12,41050.0,3000,Sell,231405832
2024-08-14 09:18:12,41050.0,2000,Sell,231405833
2024-08-14 09:18:23,41050.0,200,Buy,231405998
2024-08-14 09:18:37,41050.0,300,Buy,231406269
2024-08-14 09:18:38,41000.0,7000,Sell,231406290
2024-08-14 09:18:38,41000.0,5000,Sell,231406291
2024-08-14 09:18:41,40800.0,100,Sell,231406349
2024-08-14 09:18:41,40800.0,300,Sell,231406350
2024-08-14 09:18:41,40750.0,100,Sell,231406351
2024-08-14 09:18:41,40800.0,2000,Sell,231406348
2024-08-14 09:18:52,40750.0,100,Sell,231406573
2024-08-14 09:19:08,41000.0,100,Buy,231406973
2024-08-14 09:19:08,41000.0,500,Buy,231406974
2024-08-14 09:19:08,41000.0,400,Buy,231406975
2024-08-14 09:19:22,41000.0,1300,Buy,231407229
2024-08-14 09:19:22,41000.0,1600,Buy,231407224
2024-08-14 09:19:22,41000.0,900,Buy,231407225
2024-08-14 09:19:22,41000.0,100,Buy,231407226
2024-08-14 09:19:22,41000.0,100,Buy,231407227
2024-08-14 09:19:22,41000.0,1000,Buy,231407228
2024-08-14 09:19:39,41000.0,200,Buy,231407585
2024-08-14 09:19:45,40900.0,200,Sell,231407687
2024-08-14 09:19:53,40900.0,100,Buy,231407877
2024-08-14 09:20:00,40950.0,100,Buy,231408000
2024-08-14 09:20:07,40900.0,100,Buy,231408146
2024-08-14 09:20:08,40950.0,100,Buy,231408202
2024-08-14 09:20:08,40900.0,900,Buy,231408201
2024-08-14 09:20:13,40900.0,100,Sell,231408333
2024-08-14 09:20:13,40850.0,2100,Sell,231408334
2024-08-14 09:20:13,40850.0,100,Sell,231408335
2024-08-14 09:20:13,40850.0,1000,Sell,231408336
2024-08-14 09:20:13,40850.0,1300,Sell,231408337
2024-08-14 09:20:59,40950.0,300,Buy,231409302
2024-08-14 09:20:59,40950.0,200,Buy,231409303
2024-08-14 09:21:06,40900.0,100,Sell,231409490
2024-08-14 09:21:24,41000.0,1000,Buy,231409846
2024-08-14 09:21:34,41000.0,100,Buy,231410018
2024-08-14 09:21:37,41000.0,200,Buy,231410059
2024-08-14 09:21:37,41000.0,1900,Buy,231410061
2024-08-14 09:21:37,41000.0,100,Buy,231410060
2024-08-14 09:21:37,41000.0,400,Buy,231410057
2024-08-14 09:21:37,41000.0,400,Buy,231410058
2024-08-14 09:21:41,41000.0,900,Buy,231410127
2024-08-14 09:21:48,41000.0,2200,Buy,231410255
2024-08-14 09:21:48,41000.0,2000,Buy,231410256
2024-08-14 09:22:19,41000.0,5000,Sell,231411024
2024-08-14 09:22:25,41050.0,1000,Buy,231411207
2024-08-14 09:22:34,41000.0,100,Sell,231411369
2024-08-14 09:22:35,41000.0,1200,Sell,231411397
2024-08-14 09:22:35,41000.0,500,Sell,231411396
2024-08-14 09:22:35,41000.0,500,Sell,231411395
2024-08-14 09:22:35,41000.0,1000,Sell,231411398
2024-08-14 09:22:35,41000.0,500,Sell,231411393
2024-08-14 09:22:35,41000.0,500,Sell,231411392
2024-08-14 09:22:35,41000.0,200,Sell,231411394
2024-08-14 09:22:35,41000.0,700,Sell,231411391
2024-08-14 09:22:46,41000.0,100,Buy,231411572
2024-08-14 09:22:47,41000.0,100,Buy,231411577
2024-08-14 09:22:48,41000.0,1000,Sell,231411592
2024-08-14 09:22:49,41000.0,5000,Sell,231411617
2024-08-14 09:22:52,41000.0,3900,Sell,231411685
2024-08-14 09:22:52,41000.0,300,Sell,231411686
2024-08-14 09:22:52,41000.0,100,Sell,231411687
2024-08-14 09:23:04,41000.0,500,Buy,231411872
2024-08-14 09:23:07,41000.0,100,Buy,231411928
2024-08-14 09:23:22,41000.0,100,Buy,231412276
2024-08-14 09:23:37,41000.0,300,Buy,231412604
2024-08-14 09:23:37,41000.0,100,Buy,231412605
2024-08-14 09:23:37,41000.0,300,Buy,231412606
2024-08-14 09:23:37,41000.0,100,Buy,231412607
2024-08-14 09:23:37,41000.0,1000,Buy,231412608
2024-08-14 09:23:58,41000.0,5000,Sell,231413085
2024-08-14 09:24:11,41000.0,600,Sell,231413383
2024-08-14 09:24:18,41000.0,500,Sell,231413531
2024-08-14 09:24:20,41000.0,1500,Sell,231413584
2024-08-14 09:24:21,41000.0,100,Sell,231413659
2024-08-14 09:24:21,41000.0,100,Sell,231413660
2024-08-14 09:24:21,41000.0,500,Sell,231413661
2024-08-14 09:24:21,40900.0,200,Sell,231413662
2024-08-14 09:24:21,40900.0,100,Sell,231413663
2024-08-14 09:24:21,41000.0,600,Sell,231413658
2024-08-14 09:24:37,41000.0,100,Sell,231414045
2024-08-14 09:24:38,41000.0,400,Sell,231414072
2024-08-14 09:25:02,41000.0,100,Buy,231414800
2024-08-14 09:25:17,41000.0,200,Buy,231415162
2024-08-14 09:25:23,40950.0,100,Sell,231415366
2024-08-14 09:25:31,41000.0,300,Buy,231415488
2024-08-14 09:26:02,40950.0,100,Sell,231416328
2024-08-14 09:26:16,40950.0,100,Buy,231416693
2024-08-14 09:26:30,41000.0,1000,Buy,231417042
2024-08-14 09:26:37,40950.0,2000,Sell,231417239
2024-08-14 09:26:42,40950.0,3700,Sell,231417325
2024-08-14 09:26:42,40950.0,500,Sell,231417320
2024-08-14 09:26:49,40950.0,300,Buy,231417536
2024-08-14 09:26:51,40950.0,1700,Buy,231417576
2024-08-14 09:27:06,40950.0,1000,Buy,231418095
2024-08-14 09:27:07,41000.0,100,Buy,231418160
2024-08-14 09:27:07,40950.0,100,Buy,231418142
2024-08-14 09:27:07,40950.0,100,Buy,231418143
2024-08-14 09:27:07,40950.0,900,Buy,231418159
2024-08-14 09:27:47,40950.0,300,Sell,231419146
2024-08-14 09:27:52,41000.0,300,Buy,231419254
2024-08-14 09:28:08,41000.0,100,Buy,231419682
2024-08-14 09:28:08,41000.0,500,Buy,231419681
2024-08-14 09:28:08,41000.0,500,Buy,231419680
2024-08-14 09:28:08,41000.0,500,Buy,231419679
2024-08-14 09:28:08,41000.0,200,Buy,231419683
2024-08-14 09:28:08,41000.0,3000,Buy,231419677
2024-08-14 09:28:08,41000.0,500,Buy,231419676
2024-08-14 09:28:08,41000.0,100,Buy,231419675
2024-08-14 09:28:08,41000.0,100,Buy,231419674
2024-08-14 09:28:08,41000.0,2500,Buy,231419678
2024-08-14 09:28:08,41000.0,2000,Buy,231419673
2024-08-14 09:28:09,40950.0,500,Sell,231419712
2024-08-14 09:28:51,41000.0,1000,Buy,231420852
2024-08-14 09:28:51,41000.0,500,Buy,231420850
2024-08-14 09:28:51,41000.0,3000,Buy,231420851
2024-08-14 09:28:59,41000.0,2000,Sell,231421083
2024-08-14 09:29:12,41050.0,500,Buy,231421330
2024-08-14 09:29:12,41000.0,400,Sell,231421318
2024-08-14 09:29:21,41050.0,2600,Buy,231421550
2024-08-14 09:29:21,41050.0,500,Buy,231421551
2024-08-14 09:29:21,41050.0,500,Buy,231421552
2024-08-14 09:29:21,41050.0,1000,Buy,231421553
2024-08-14 09:29:21,41050.0,7400,Buy,231421554
2024-08-14 09:29:32,41050.0,600,Buy,231421831
2024-08-14 09:29:32,41050.0,100,Buy,231421832
2024-08-14 09:29:42,41050.0,2000,Sell,231422036
2024-08-14 09:29:51,41000.0,1400,Sell,231422231
2024-08-14 09:29:51,41050.0,1300,Sell,231422230
2024-08-14 09:29:51,41050.0,300,Sell,231422229
2024-08-14 09:30:02,41100.0,100,Buy,231422495
2024-08-14 09:30:02,41100.0,500,Buy,231422494
2024-08-14 09:30:02,41100.0,500,Buy,231422493
2024-08-14 09:30:02,41100.0,300,Buy,231422492
2024-08-14 09:30:02,41100.0,5700,Buy,231422491
2024-08-14 09:30:02,41100.0,1400,Buy,231422484
2024-08-14 09:30:02,41100.0,100,Buy,231422489
2024-08-14 09:30:02,41100.0,1000,Buy,231422488
2024-08-14 09:30:02,41100.0,100,Buy,231422487
2024-08-14 09:30:02,41100.0,1000,Buy,231422486
2024-08-14 09:30:02,41100.0,200,Buy,231422485
2024-08-14 09:30:02,41100.0,8000,Buy,231422490
2024-08-14 09:30:09,41100.0,300,Sell,231422700
2024-08-14 09:30:37,41100.0,100,Buy,231423427
2024-08-14 09:30:37,41100.0,2400,Buy,231423426
2024-08-14 09:30:37,41100.0,500,Buy,231423425
2024-08-14 09:30:37,41100.0,2000,Buy,231423424
2024-08-14 09:31:08,41100.0,400,Buy,231424265
2024-08-14 09:31:08,41100.0,1000,Buy,231424266
2024-08-14 09:31:10,41050.0,1000,Sell,231424297
2024-08-14 09:31:10,41050.0,100,Sell,231424298
2024-08-14 09:31:10,41100.0,18600,Sell,231424296
2024-08-14 09:31:20,41050.0,1800,Buy,231424517
2024-08-14 09:31:27,41000.0,200,Sell,231424665
2024-08-14 09:31:39,41050.0,200,Sell,231424985
2024-08-14 09:31:48,41100.0,1000,Buy,231425153
2024-08-14 09:31:49,41100.0,1000,Buy,231425162
2024-08-14 09:31:54,41100.0,200,Buy,231425271
2024-08-14 09:32:03,41100.0,100,Buy,231425487
2024-08-14 09:32:05,41100.0,1700,Buy,231425539
2024-08-14 09:32:15,41150.0,700,Buy,231425756
2024-08-14 09:32:15,41150.0,500,Buy,231425754
2024-08-14 09:32:15,41150.0,1000,Buy,231425753
2024-08-14 09:32:15,41150.0,700,Buy,231425755
2024-08-14 09:32:17,41150.0,500,Buy,231425786
2024-08-14 09:32:17,41150.0,800,Buy,231425787
2024-08-14 09:32:17,41150.0,2000,Buy,231425788
2024-08-14 09:32:17,41150.0,100,Buy,231425789
2024-08-14 09:32:17,41150.0,100,Buy,231425790
2024-08-14 09:32:17,41150.0,200,Buy,231425791
2024-08-14 09:32:17,41150.0,200,Buy,231425792
2024-08-14 09:32:17,41150.0,300,Buy,231425785
2024-08-14 09:32:26,41150.0,1700,Sell,231426008
2024-08-14 09:32:34,41150.0,100,Buy,231426196
2024-08-14 09:33:10,41150.0,200,Buy,231427104
2024-08-14 09:33:10,41150.0,1500,Buy,231427105
2024-08-14 09:33:10,41150.0,300,Buy,231427106
2024-08-14 09:33:10,41150.0,200,Buy,231427107
2024-08-14 09:33:22,41150.0,1000,Sell,231427342
2024-08-14 09:33:30,41150.0,100,Sell,231427552
2024-08-14 09:33:31,41150.0,100,Sell,231427563
2024-08-14 09:33:34,41200.0,200,Buy,231427658
2024-08-14 09:33:35,41150.0,2000,Sell,231427687
2024-08-14 09:33:51,41200.0,200,Buy,231427975
2024-08-14 09:33:58,41200.0,600,Buy,231428148
2024-08-14 09:33:58,41200.0,100,Buy,231428149
2024-08-14 09:33:58,41200.0,300,Buy,231428150
2024-08-14 09:34:07,41200.0,600,Buy,231428341
2024-08-14 09:34:07,41200.0,100,Buy,231428342
2024-08-14 09:34:07,41200.0,100,Buy,231428343
2024-08-14 09:34:07,41200.0,100,Buy,231428344
2024-08-14 09:34:07,41200.0,1000,Buy,231428345
2024-08-14 09:34:07,41200.0,500,Buy,231428346
2024-08-14 09:34:07,41200.0,100,Buy,231428347
2024-08-14 09:34:07,41150.0,500,Sell,231428348
2024-08-14 09:34:21,41150.0,100,Sell,231428686
2024-08-14 09:34:42,41150.0,1000,Sell,231429180
2024-08-14 09:34:43,41150.0,600,Sell,231429213
2024-08-14 09:34:43,41150.0,200,Sell,231429214
2024-08-14 09:34:43,41150.0,2000,Sell,231429215
2024-08-14 09:34:43,41150.0,200,Sell,231429216
2024-08-14 09:34:43,41150.0,200,Sell,231429217
2024-08-14 09:34:43,41150.0,4400,Sell,231429218
2024-08-14 09:34:43,41150.0,7000,Sell,231429212
2024-08-14 09:34:44,41150.0,1700,Sell,231429246
2024-08-14 09:34:44,41150.0,1000,Sell,231429247
2024-08-14 09:34:44,41150.0,300,Sell,231429248
2024-08-14 09:34:45,41150.0,1000,Sell,231429276
2024-08-14 09:34:59,41150.0,200,Buy,231429597
2024-08-14 09:35:01,41100.0,1000,Sell,231429655
2024-08-14 09:35:02,41100.0,3500,Sell,231429678
2024-08-14 09:35:02,41100.0,100,Sell,231429679
2024-08-14 09:35:02,41100.0,2500,Sell,231429676
2024-08-14 09:35:02,41100.0,2100,Sell,231429675
2024-08-14 09:35:02,41100.0,100,Sell,231429677
2024-08-14 09:35:27,41100.0,200,Buy,231430091
2024-08-14 09:35:47,41100.0,100,Buy,231430516
2024-08-14 09:36:20,41100.0,1000,Buy,231431284
2024-08-14 09:36:20,41100.0,100,Buy,231431282
2024-08-14 09:36:20,41100.0,500,Buy,231431283
2024-08-14 09:36:20,41100.0,1000,Buy,231431280
2024-08-14 09:36:20,41100.0,2300,Buy,231431279
2024-08-14 09:36:20,41100.0,100,Buy,231431281
2024-08-14 09:36:41,41100.0,300,Buy,231431772
2024-08-14 09:36:41,41100.0,200,Buy,231431773
2024-08-14 09:38:13,41050.0,2000,Sell,231433765
2024-08-14 09:38:14,41050.0,1100,Sell,231433768
2024-08-14 09:38:14,41050.0,1000,Sell,231433769
2024-08-14 09:38:14,41050.0,100,Sell,231433770
2024-08-14 09:38:14,41050.0,100,Sell,231433779
2024-08-14 09:39:22,41000.0,100,Sell,231435345
2024-08-14 09:39:41,41000.0,100,Sell,231435742
2024-08-14 09:39:58,41050.0,100,Buy,231436159
2024-08-14 09:40:01,41000.0,1000,Sell,231436269
2024-08-14 09:40:07,41050.0,1000,Buy,231436389
2024-08-14 09:40:07,41050.0,800,Buy,231436390
2024-08-14 09:40:15,41050.0,100,Buy,231436536
2024-08-14 09:40:24,41050.0,100,Buy,231436929
2024-08-14 09:40:38,41000.0,500,Sell,231437374
2024-08-14 09:40:39,41000.0,200,Sell,231437390
2024-08-14 09:40:39,41000.0,300,Sell,231437391
2024-08-14 09:40:39,41000.0,400,Sell,231437392
2024-08-14 09:40:39,41000.0,100,Sell,231437389
2024-08-14 09:40:46,41000.0,100,Sell,231437544
2024-08-14 09:40:46,41000.0,200,Sell,231437545
2024-08-14 09:40:46,41000.0,300,Sell,231437546
2024-08-14 09:40:46,41000.0,1200,Sell,231437547
2024-08-14 09:40:46,41000.0,100,Sell,231437548
2024-08-14 09:40:46,41000.0,100,Sell,231437549
2024-08-14 09:40:50,41000.0,400,Sell,231437644
2024-08-14 09:40:50,41000.0,300,Sell,231437645
2024-08-14 09:40:50,41000.0,100,Sell,231437646
2024-08-14 09:40:50,41000.0,700,Sell,231437647
2024-08-14 09:41:04,41000.0,100,Buy,231438000
2024-08-14 09:41:33,41000.0,900,Buy,231438812
2024-08-14 09:41:33,41000.0,100,Buy,231438811
2024-08-14 09:41:41,41000.0,300,Buy,231439086
2024-08-14 09:41:41,41000.0,200,Buy,231439088
2024-08-14 09:41:44,40950.0,1900,Sell,231439167
2024-08-14 09:42:06,40950.0,100,Sell,231439774
2024-08-14 09:42:18,41000.0,400,Buy,231440016
2024-08-14 09:42:18,41000.0,100,Buy,231440017
2024-08-14 09:42:49,41000.0,300,Sell,231440655
2024-08-14 09:42:56,41000.0,1200,Sell,231440823
2024-08-14 09:42:56,41000.0,200,Sell,231440824
2024-08-14 09:43:00,41000.0,600,Buy,231440989
2024-08-14 09:43:00,41000.0,1400,Buy,231440990
2024-08-14 09:43:09,41000.0,200,Sell,231441180
2024-08-14 09:43:10,41000.0,100,Sell,231441189
2024-08-14 09:43:35,41000.0,100,Sell,231441652
2024-08-14 09:43:35,41000.0,700,Sell,231441651
2024-08-14 09:43:59,41000.0,200,Buy,231442132
2024-08-14 09:44:23,41000.0,100,Buy,231442689
2024-08-14 09:44:23,41000.0,400,Buy,231442692
2024-08-14 09:44:57,41000.0,300,Buy,231443432
2024-08-14 09:44:57,41000.0,1000,Buy,231443433
2024-08-14 09:44:57,41000.0,2000,Buy,231443434
2024-08-14 09:44:57,41000.0,1500,Buy,231443435
2024-08-14 09:45:01,41000.0,500,Sell,231443513
2024-08-14 09:45:02,41000.0,300,Sell,231443520
2024-08-14 09:45:06,41000.0,1000,Sell,231443593
2024-08-14 09:45:07,41000.0,500,Sell,231443610
2024-08-14 09:45:30,41000.0,1000,Sell,231444077
2024-08-14 09:45:35,41000.0,500,Sell,231444150
2024-08-14 09:45:36,41000.0,200,Sell,231444176
2024-08-14 09:45:36,41000.0,1400,Sell,231444174
2024-08-14 09:45:36,41000.0,700,Sell,231444175
2024-08-14 09:45:57,41000.0,200,Sell,231444618
2024-08-14 09:45:58,40950.0,7200,Sell,231444646
2024-08-14 09:45:58,40950.0,3000,Sell,231444647
2024-08-14 09:45:58,40950.0,1000,Sell,231444648
2024-08-14 09:45:58,40950.0,1600,Sell,231444649
2024-08-14 09:46:08,41000.0,100,Buy,231444827
2024-08-14 09:46:13,40950.0,3400,Sell,231444911
2024-08-14 09:46:13,40950.0,500,Sell,231444912
2024-08-14 09:46:13,40950.0,1000,Sell,231444913
2024-08-14 09:46:13,40950.0,100,Sell,231444914
2024-08-14 09:46:13,40950.0,100,Sell,231444915
2024-08-14 09:46:13,40950.0,100,Sell,231444916
2024-08-14 09:46:20,41000.0,100,Buy,231445035
2024-08-14 09:46:25,41000.0,100,Buy,231445164
2024-08-14 09:46:25,41000.0,100,Buy,231445163
2024-08-14 09:46:25,41000.0,100,Buy,231445162
2024-08-14 09:46:25,41000.0,2500,Buy,231445160
2024-08-14 09:46:25,41000.0,1600,Buy,231445159
2024-08-14 09:46:25,41000.0,600,Buy,231445161
2024-08-14 09:46:39,41000.0,500,Sell,231445542
2024-08-14 09:46:55,41000.0,200,Sell,231445969
2024-08-14 09:46:56,41000.0,100,Sell,231445977
2024-08-14 09:47:02,41000.0,500,Sell,231446108
2024-08-14 09:47:41,41000.0,3700,Sell,231446942
2024-08-14 09:47:41,41000.0,100,Sell,231446943
2024-08-14 09:47:41,41000.0,1000,Sell,231446944
2024-08-14 09:47:55,40950.0,1000,Sell,231447150
2024-08-14 09:48:01,41000.0,100,Buy,231447279
2024-08-14 09:48:27,40900.0,500,Sell,231447754
2024-08-14 09:48:27,40900.0,1000,Sell,231447755
2024-08-14 09:48:27,40900.0,500,Sell,231447756
2024-08-14 09:49:10,40950.0,200,Sell,231448824
2024-08-14 09:49:33,40900.0,200,Sell,231449469
2024-08-14 09:49:43,40900.0,3700,Sell,231449752
2024-08-14 09:49:50,40900.0,1100,Sell,231450004
2024-08-14 09:50:32,40900.0,100,Buy,231450784
2024-08-14 09:50:36,40850.0,100,Sell,231450845
2024-08-14 09:50:39,40900.0,100,Buy,231450900
2024-08-14 09:51:11,40900.0,100,Buy,231451483
2024-08-14 09:51:35,40900.0,300,Buy,231451837
2024-08-14 09:52:04,40900.0,500,Buy,231452297
2024-08-14 09:52:47,40900.0,100,Buy,231452985
2024-08-14 09:52:51,40900.0,100,Buy,231453087
2024-08-14 09:53:17,40900.0,200,Buy,231453768
2024-08-14 09:53:17,40900.0,100,Buy,231453769
2024-08-14 09:53:17,40900.0,200,Buy,231453767
2024-08-14 09:53:17,40900.0,1400,Buy,231453770
2024-08-14 09:53:17,40900.0,1000,Buy,231453765
2024-08-14 09:53:17,40900.0,300,Buy,231453763
2024-08-14 09:53:17,40900.0,300,Buy,231453766
2024-08-14 09:53:17,40900.0,500,Buy,231453764
2024-08-14 09:54:18,40850.0,400,Sell,231454938
2024-08-14 09:54:36,40850.0,500,Sell,231455206
2024-08-14 09:54:36,40850.0,1000,Sell,231455207
2024-08-14 09:54:36,40850.0,500,Sell,231455208
2024-08-14 09:54:36,40850.0,2800,Sell,231455209
2024-08-14 09:54:36,40850.0,1000,Sell,231455211
2024-08-14 09:54:36,40850.0,1000,Sell,231455210
2024-08-14 09:55:46,40800.0,1000,Sell,231456716
2024-08-14 09:55:48,40800.0,100,Sell,231456756
2024-08-14 09:55:51,40800.0,1900,Sell,231456811
2024-08-14 09:55:51,40800.0,100,Sell,231456812
2024-08-14 09:55:51,40800.0,1500,Sell,231456813
2024-08-14 09:56:07,40750.0,100,Sell,231457106
2024-08-14 09:56:18,40750.0,200,Sell,231457304
2024-08-14 09:56:18,40750.0,200,Sell,231457302
2024-08-14 09:56:18,40750.0,1000,Sell,231457303
2024-08-14 09:56:24,40750.0,800,Sell,231457421
2024-08-14 09:56:34,40750.0,500,Sell,231457567
2024-08-14 09:56:43,40750.0,100,Sell,231457697
2024-08-14 09:56:43,40750.0,100,Sell,231457698
2024-08-14 09:56:43,40750.0,200,Sell,231457699
2024-08-14 09:56:43,40750.0,100,Sell,231457700
2024-08-14 09:56:43,40750.0,200,Sell,231457701
2024-08-14 09:56:43,40700.0,3700,Sell,231457702
2024-08-14 09:56:56,40700.0,200,Sell,231457967
2024-08-14 09:57:01,40700.0,100,Sell,231458031
2024-08-14 09:57:02,40700.0,100,Sell,231458039
2024-08-14 09:57:02,40700.0,400,Sell,231458040
2024-08-14 09:57:02,40700.0,100,Sell,231458041
2024-08-14 09:57:02,40700.0,200,Sell,231458042
2024-08-14 09:57:02,40700.0,100,Sell,231458043
2024-08-14 09:57:20,40700.0,100,Sell,231458372
2024-08-14 09:57:20,40700.0,100,Sell,231458373
2024-08-14 09:57:20,40700.0,1800,Sell,231458374
2024-08-14 09:57:27,40750.0,200,Buy,231458514
2024-08-14 09:57:27,40750.0,100,Buy,231458513
2024-08-14 09:57:46,40700.0,3900,Sell,231458864
2024-08-14 09:57:46,40750.0,700,Sell,231458861
2024-08-14 09:57:46,40700.0,200,Sell,231458862
2024-08-14 09:57:46,40700.0,200,Sell,231458863
2024-08-14 09:58:25,40700.0,1000,Sell,231459566
2024-08-14 09:58:45,40700.0,500,Sell,231459882
2024-08-14 10:00:11,40750.0,100,Sell,231461329
2024-08-14 10:00:11,40750.0,100,Sell,231461330
2024-08-14 10:00:11,40750.0,1000,Sell,231461328
2024-08-14 10:00:34,40750.0,100,Buy,231461833
2024-08-14 10:00:41,40750.0,500,Buy,231461927
2024-08-14 10:00:46,40750.0,100,Buy,231461981
2024-08-14 10:00:58,40800.0,100,Buy,231462170
2024-08-14 10:01:05,40800.0,5000,Buy,231462300
2024-08-14 10:01:11,40800.0,4600,Buy,231462392
2024-08-14 10:01:11,40800.0,200,Buy,231462393
2024-08-14 10:01:11,40800.0,2000,Buy,231462394
2024-08-14 10:01:11,40800.0,100,Buy,231462395
2024-08-14 10:03:02,40800.0,1000,Sell,231464146
2024-08-14 10:03:05,40800.0,100,Sell,231464201
2024-08-14 10:03:10,40800.0,100,Sell,231464312
2024-08-14 10:03:14,40800.0,1000,Sell,231464360
2024-08-14 10:03:14,40800.0,100,Sell,231464358
2024-08-14 10:03:14,40800.0,200,Sell,231464359
2024-08-14 10:03:14,40800.0,1900,Sell,231464357
2024-08-14 10:03:17,40800.0,500,Buy,231464400
2024-08-14 10:04:22,40800.0,1000,Buy,231465452
2024-08-14 10:04:46,40800.0,300,Buy,231465766
2024-08-14 10:04:46,40800.0,3400,Buy,231465767
2024-08-14 10:04:46,40800.0,300,Buy,231465768
2024-08-14 10:05:17,40800.0,100,Buy,231466408
2024-08-14 10:07:27,40800.0,400,Buy,231468804
2024-08-14 10:07:43,40800.0,200,Buy,231469109
2024-08-14 10:07:43,40800.0,100,Buy,231469110
2024-08-14 10:07:43,40800.0,500,Buy,231469111
2024-08-14 10:07:43,40800.0,1200,Buy,231469112
2024-08-14 10:07:50,40800.0,2000,Buy,231469195
2024-08-14 10:08:03,40800.0,500,Buy,231469395
2024-08-14 10:08:24,40800.0,1000,Buy,231469740
2024-08-14 10:08:36,40800.0,100,Sell,231469847
2024-08-14 10:08:36,40800.0,5300,Buy,231469838
2024-08-14 10:08:36,40800.0,1100,Buy,231469843
2024-08-14 10:08:36,40800.0,100,Buy,231469844
2024-08-14 10:08:42,40800.0,300,Sell,231469919
2024-08-14 10:09:27,40850.0,500,Buy,231470526
2024-08-14 10:09:27,40850.0,300,Buy,231470527
2024-08-14 10:09:27,40850.0,700,Buy,231470528
2024-08-14 10:09:37,40850.0,600,Buy,231470691
2024-08-14 10:09:37,40850.0,400,Buy,231470692
2024-08-14 10:09:37,40850.0,500,Buy,231470693
2024-08-14 10:10:04,40850.0,200,Buy,231471192
2024-08-14 10:10:04,40900.0,500,Buy,231471193
2024-08-14 10:10:04,40900.0,200,Buy,231471194
2024-08-14 10:10:14,40900.0,500,Buy,231471496
2024-08-14 10:10:14,40900.0,1000,Buy,231471495
2024-08-14 10:10:14,40900.0,100,Buy,231471494
2024-08-14 10:10:14,40850.0,500,Buy,231471493
2024-08-14 10:10:15,40900.0,2400,Sell,231471501
2024-08-14 10:10:44,40900.0,100,Sell,231471989
2024-08-14 10:10:44,40900.0,2000,Sell,231471988
2024-08-14 10:10:50,40900.0,200,Buy,231472091
2024-08-14 10:11:32,40850.0,1500,Sell,231472723
2024-08-14 10:11:51,40900.0,300,Buy,231473021
2024-08-14 10:12:11,40850.0,3500,Sell,231473344
2024-08-14 10:12:11,40850.0,300,Sell,231473345
2024-08-14 10:12:34,40900.0,400,Buy,231473706
2024-08-14 10:12:34,40900.0,100,Buy,231473707
2024-08-14 10:13:41,40900.0,1000,Buy,231474683
2024-08-14 10:13:56,40900.0,1000,Buy,231474863
2024-08-14 10:13:59,40900.0,100,Buy,231474898
2024-08-14 10:14:21,40900.0,500,Buy,231475337
2024-08-14 10:14:21,40900.0,700,Buy,231475338
2024-08-14 10:14:21,40900.0,500,Buy,231475336
2024-08-14 10:14:21,40900.0,100,Buy,231475334
2024-08-14 10:14:21,40900.0,200,Buy,231475335
2024-08-14 10:14:33,40900.0,1000,Buy,231475506
2024-08-14 10:14:57,40900.0,100,Buy,231475878
2024-08-14 10:15:08,40900.0,500,Buy,231476067
2024-08-14 10:15:13,40900.0,2700,Buy,231476148
2024-08-14 10:15:13,40900.0,1000,Buy,231476149
2024-08-14 10:15:13,40900.0,100,Buy,231476150
2024-08-14 10:15:13,40900.0,100,Buy,231476151
2024-08-14 10:15:14,40900.0,500,Sell,231476158
2024-08-14 10:15:16,40900.0,200,Sell,231476202
2024-08-14 10:16:47,40900.0,100,Sell,231477644
2024-08-14 10:16:58,40950.0,100,Buy,231477818
2024-08-14 10:16:58,40950.0,500,Buy,231477819
2024-08-14 10:16:58,40950.0,100,Buy,231477820
2024-08-14 10:16:58,40950.0,4300,Buy,231477821
2024-08-14 10:17:27,40950.0,100,Buy,231478165
2024-08-14 10:17:44,40900.0,200,Sell,231478427
2024-08-14 10:17:44,40900.0,500,Sell,231478428
2024-08-14 10:17:44,40900.0,500,Sell,231478429
2024-08-14 10:17:44,40900.0,6000,Sell,231478430
2024-08-14 10:17:44,40900.0,100,Sell,231478431
2024-08-14 10:17:44,40900.0,300,Sell,231478432
2024-08-14 10:17:44,40900.0,600,Sell,231478426
2024-08-14 10:17:47,40950.0,200,Buy,231478518
2024-08-14 10:17:56,40950.0,200,Buy,231478644
2024-08-14 10:18:00,40950.0,200,Buy,231478715
2024-08-14 10:18:07,40950.0,100,Buy,231478827
2024-08-14 10:20:02,40950.0,400,Buy,231480674
2024-08-14 10:20:02,40950.0,900,Buy,231480673
2024-08-14 10:20:02,40950.0,100,Buy,231480671
2024-08-14 10:20:02,40950.0,10000,Buy,231480672
2024-08-14 10:20:02,40950.0,200,Buy,231480669
2024-08-14 10:20:02,40950.0,4800,Buy,231480668
2024-08-14 10:20:02,40900.0,2600,Buy,231480667
2024-08-14 10:20:02,40900.0,500,Buy,231480666
2024-08-14 10:20:02,40950.0,500,Buy,231480670
2024-08-14 10:20:09,40900.0,1000,Sell,231480795
2024-08-14 10:20:09,40950.0,200,Buy,231480799
2024-08-14 10:20:09,40950.0,200,Buy,231480800
2024-08-14 10:20:09,40950.0,5000,Buy,231480801
2024-08-14 10:20:09,40950.0,4200,Buy,231480802
2024-08-14 10:20:09,40950.0,400,Buy,231480803
2024-08-14 10:20:14,41000.0,9300,Buy,231480901
2024-08-14 10:20:14,41000.0,1700,Buy,231480900
2024-08-14 10:20:14,41000.0,200,Buy,231480899
2024-08-14 10:20:14,41000.0,500,Buy,231480898
2024-08-14 10:20:14,41000.0,300,Buy,231480896
2024-08-14 10:20:14,41000.0,100,Buy,231480897
2024-08-14 10:20:14,41000.0,100,Buy,231480894
2024-08-14 10:20:14,41000.0,200,Buy,231480893
2024-08-14 10:20:14,41000.0,300,Buy,231480892
2024-08-14 10:20:14,41000.0,200,Buy,231480891
2024-08-14 10:20:14,40950.0,100,Buy,231480890
2024-08-14 10:20:14,41000.0,100,Buy,231480895
2024-08-14 10:20:29,41000.0,5600,Buy,231481111
2024-08-14 10:20:29,41000.0,100,Buy,231481110
2024-08-14 10:20:29,41000.0,300,Buy,231481109
2024-08-14 10:20:29,41000.0,200,Buy,231481107
2024-08-14 10:20:29,41000.0,100,Buy,231481106
2024-08-14 10:20:29,41000.0,700,Buy,231481105
2024-08-14 10:20:29,41000.0,1000,Buy,231481108
2024-08-14 10:20:36,41000.0,2400,Buy,231481231
2024-08-14 10:20:36,41000.0,500,Buy,231481232
2024-08-14 10:20:36,41000.0,100,Buy,231481233
2024-08-14 10:20:36,41000.0,1000,Buy,231481234
2024-08-14 10:20:36,41000.0,1000,Buy,231481235
2024-08-14 10:20:39,41000.0,2500,Sell,231481295
2024-08-14 10:20:39,41000.0,300,Buy,231481283
2024-08-14 10:20:39,41000.0,1000,Buy,231481282
2024-08-14 10:20:39,41000.0,200,Buy,231481284
2024-08-14 10:21:20,41000.0,500,Buy,231481977
2024-08-14 10:21:59,41000.0,700,Buy,231482574
2024-08-14 10:21:59,41000.0,1300,Buy,231482575
2024-08-14 10:22:21,40900.0,200,Sell,231482827
2024-08-14 10:22:21,40900.0,1000,Sell,231482828
2024-08-14 10:22:21,40900.0,100,Sell,231482829
2024-08-14 10:22:39,40950.0,100,Buy,231483097
2024-08-14 10:22:45,40900.0,100,Buy,231483179
2024-08-14 10:22:46,40900.0,400,Sell,231483182
2024-08-14 10:22:58,40900.0,3400,Sell,231483332
2024-08-14 10:23:11,40900.0,200,Buy,231483619
2024-08-14 10:24:14,40900.0,9800,Sell,231484485
2024-08-14 10:24:14,40900.0,200,Sell,231484486
2024-08-14 10:24:15,40900.0,2500,Sell,231484490
2024-08-14 10:24:28,40850.0,800,Sell,231484623
2024-08-14 10:24:28,40850.0,5400,Sell,231484621
2024-08-14 10:24:28,40850.0,400,Sell,231484622
2024-08-14 10:24:30,40900.0,100,Sell,231484638
2024-08-14 10:24:32,40850.0,1600,Sell,231484661
2024-08-14 10:24:32,40850.0,5000,Sell,231484662
2024-08-14 10:24:32,40850.0,5000,Sell,231484666
2024-08-14 10:24:32,40850.0,100,Sell,231484667
2024-08-14 10:24:49,40800.0,1000,Sell,231484939
2024-08-14 10:25:01,40800.0,300,Sell,231485088
2024-08-14 10:25:01,40800.0,100,Sell,231485087
2024-08-14 10:25:01,40800.0,500,Sell,231485086
2024-08-14 10:25:01,40800.0,4000,Sell,231485084
2024-08-14 10:25:01,40800.0,100,Sell,231485085
2024-08-14 10:25:21,40800.0,100,Sell,231485333
2024-08-14 10:25:36,40750.0,200,Sell,231485515
2024-08-14 10:25:37,40800.0,100,Buy,231485532
2024-08-14 10:25:51,40800.0,100,Sell,231485766
2024-08-14 10:26:05,40800.0,400,Buy,231486023
2024-08-14 10:26:37,40800.0,300,Sell,231486560
2024-08-14 10:26:41,40800.0,2000,Sell,231486627
2024-08-14 10:26:48,40800.0,100,Sell,231486721
2024-08-14 10:27:00,40800.0,2000,Sell,231486905
2024-08-14 10:27:01,40800.0,100,Sell,231486926
2024-08-14 10:27:25,40800.0,100,Sell,231487330
2024-08-14 10:27:42,40800.0,1900,Buy,231487476
2024-08-14 10:28:28,40800.0,300,Sell,231488077
2024-08-14 10:29:16,40800.0,500,Sell,231488779
2024-08-14 10:31:02,40800.0,2300,Sell,231489938
2024-08-14 10:31:02,40800.0,200,Sell,231489939
2024-08-14 10:31:02,40800.0,1900,Sell,231489940
2024-08-14 10:31:19,40850.0,100,Buy,231490251
2024-08-14 10:31:27,40800.0,1400,Sell,231490378
2024-08-14 10:31:27,40800.0,500,Sell,231490379
2024-08-14 10:31:27,40800.0,400,Sell,231490380
2024-08-14 10:31:27,40800.0,500,Sell,231490381
2024-08-14 10:31:27,40800.0,2200,Sell,231490382
2024-08-14 10:31:28,40800.0,500,Sell,231490402
2024-08-14 10:31:28,40800.0,1800,Sell,231490401
2024-08-14 10:32:01,40800.0,100,Buy,231491004
2024-08-14 10:32:05,40750.0,2800,Sell,231491037
2024-08-14 10:32:05,40750.0,1000,Sell,231491038
2024-08-14 10:33:04,40800.0,100,Sell,231491737
2024-08-14 10:33:04,40750.0,900,Sell,231491738
2024-08-14 10:33:07,40750.0,100,Sell,231491768
2024-08-14 10:33:07,40750.0,100,Sell,231491769
2024-08-14 10:33:54,40800.0,500,Buy,231492281
2024-08-14 10:34:13,40800.0,2000,Buy,231492490
2024-08-14 10:34:53,40800.0,1600,Sell,231492980
2024-08-14 10:35:41,40800.0,500,Buy,231493696
2024-08-14 10:36:55,40750.0,900,Sell,231494737
2024-08-14 10:36:55,40750.0,1000,Sell,231494738
2024-08-14 10:36:55,40750.0,3100,Sell,231494739
2024-08-14 10:36:56,40750.0,2000,Sell,231494764
2024-08-14 10:36:56,40750.0,300,Sell,231494763
2024-08-14 10:36:56,40750.0,1000,Sell,231494762
2024-08-14 10:36:56,40750.0,500,Sell,231494761
2024-08-14 10:36:56,40750.0,1900,Sell,231494759
2024-08-14 10:36:56,40750.0,1300,Sell,231494760
2024-08-14 10:36:58,40750.0,400,Sell,231494786
2024-08-14 10:36:58,40750.0,100,Sell,231494789
2024-08-14 10:37:00,40750.0,100,Sell,231494822
2024-08-14 10:37:00,40750.0,300,Sell,231494823
2024-08-14 10:37:13,40700.0,500,Sell,231495037
2024-08-14 10:37:13,40700.0,500,Sell,231495038
2024-08-14 10:37:58,40700.0,200,Sell,231495935
2024-08-14 10:37:58,40700.0,2000,Sell,231495934
2024-08-14 10:37:58,40700.0,500,Sell,231495933
2024-08-14 10:37:58,40700.0,400,Sell,231495937
2024-08-14 10:37:58,40700.0,200,Sell,231495931
2024-08-14 10:37:58,40700.0,100,Sell,231495932
2024-08-14 10:37:58,40700.0,500,Sell,231495928
2024-08-14 10:37:58,40700.0,5500,Sell,231495936
2024-08-14 10:37:58,40700.0,500,Sell,231495929
2024-08-14 10:37:58,40700.0,100,Sell,231495930
2024-08-14 10:38:18,40750.0,100,Buy,231496203
2024-08-14 10:38:58,40750.0,300,Sell,231496888
2024-08-14 10:39:29,40700.0,100,Sell,231497371
2024-08-14 10:39:29,40700.0,100,Sell,231497372
2024-08-14 10:39:29,40700.0,1800,Sell,231497373
2024-08-14 10:39:44,40700.0,200,Sell,231497658
2024-08-14 10:39:44,40700.0,200,Sell,231497657
2024-08-14 10:39:44,40700.0,100,Sell,231497656
2024-08-14 10:39:56,40750.0,400,Buy,231497897
2024-08-14 10:40:33,40700.0,600,Sell,231498516
2024-08-14 10:40:33,40700.0,4400,Sell,231498517
2024-08-14 10:40:44,40700.0,100,Sell,231498702
2024-08-14 10:40:55,40700.0,4900,Sell,231498916
2024-08-14 10:41:14,40700.0,500,Buy,231499166
2024-08-14 10:41:42,40700.0,500,Buy,231499671
2024-08-14 10:42:37,40650.0,200,Sell,231500690
2024-08-14 10:42:37,40650.0,200,Sell,231500689
2024-08-14 10:42:37,40650.0,600,Sell,231500688
2024-08-14 10:42:46,40650.0,1700,Sell,231500890
2024-08-14 10:42:51,40650.0,100,Sell,231500985
2024-08-14 10:42:51,40650.0,800,Sell,231500978
2024-08-14 10:42:51,40650.0,200,Sell,231500979
2024-08-14 10:42:51,40650.0,100,Sell,231500980
2024-08-14 10:42:51,40650.0,3000,Sell,231500981
2024-08-14 10:42:51,40650.0,500,Sell,231500982
2024-08-14 10:42:51,40650.0,1000,Sell,231500983
2024-08-14 10:42:51,40650.0,5000,Sell,231500984
2024-08-14 10:42:51,40650.0,200,Sell,231500986
2024-08-14 10:42:51,40650.0,29100,Sell,231500987
2024-08-14 10:42:52,40650.0,7900,Sell,231501037
2024-08-14 10:42:53,40650.0,5000,Sell,231501059
2024-08-14 10:42:54,40650.0,6900,Sell,231501067
2024-08-14 10:42:55,40650.0,700,Sell,231501094
2024-08-14 10:42:55,40650.0,1100,Sell,231501093
2024-08-14 10:42:56,40650.0,1100,Sell,231501121
2024-08-14 10:42:56,40650.0,5000,Sell,231501120
2024-08-14 10:42:56,40650.0,300,Sell,231501116
2024-08-14 10:42:56,40650.0,100,Sell,231501118
2024-08-14 10:42:56,40650.0,100,Sell,231501117
2024-08-14 10:42:56,40650.0,300,Sell,231501119
2024-08-14 10:42:57,40650.0,100,Sell,231501161
2024-08-14 10:42:57,40650.0,200,Sell,231501162
2024-08-14 10:42:57,40650.0,1000,Sell,231501163
2024-08-14 10:42:57,40650.0,100,Sell,231501164
2024-08-14 10:42:57,40650.0,100,Sell,231501165
2024-08-14 10:43:01,40650.0,900,Sell,231501258
2024-08-14 10:43:01,40650.0,100,Sell,231501259
2024-08-14 10:43:01,40650.0,100,Sell,231501260
2024-08-14 10:43:29,40600.0,1500,Sell,231501572
2024-08-14 10:43:29,40600.0,200,Sell,231501571
2024-08-14 10:43:29,40650.0,1500,Buy,231501575
2024-08-14 10:43:29,40600.0,100,Sell,231501569
2024-08-14 10:43:29,40600.0,300,Sell,231501570
2024-08-14 10:43:29,40600.0,200,Sell,231501567
2024-08-14 10:43:29,40600.0,500,Sell,231501564
2024-08-14 10:43:29,40600.0,100,Sell,231501565
2024-08-14 10:43:29,40600.0,500,Sell,231501568
2024-08-14 10:43:29,40600.0,600,Sell,231501563
2024-08-14 10:43:29,40600.0,1000,Sell,231501566
2024-08-14 10:43:30,40600.0,1000,Sell,231501592
2024-08-14 10:43:30,40600.0,1000,Sell,231501593
2024-08-14 10:43:30,40600.0,2000,Sell,231501596
2024-08-14 10:43:35,40600.0,14500,Sell,231501658
2024-08-14 10:43:35,40600.0,100,Sell,231501659
2024-08-14 10:43:35,40600.0,100,Sell,231501660
2024-08-14 10:43:43,40550.0,200,Sell,231501780
2024-08-14 10:43:43,40550.0,300,Sell,231501778
2024-08-14 10:43:43,40550.0,500,Sell,231501779
2024-08-14 10:44:00,40600.0,200,Buy,231502006
2024-08-14 10:44:14,40550.0,500,Sell,231502138
2024-08-14 10:44:24,40600.0,100,Buy,231502269
2024-08-14 10:45:03,40550.0,200,Sell,231502760
2024-08-14 10:45:03,40550.0,1900,Sell,231502761
2024-08-14 10:45:09,40600.0,200,Buy,231502830
2024-08-14 10:45:11,40550.0,4000,Sell,231502849
2024-08-14 10:45:19,40550.0,200,Sell,231502941
2024-08-14 10:45:19,40550.0,5000,Sell,231502940
2024-08-14 10:45:19,40550.0,100,Sell,231502936
2024-08-14 10:45:19,40550.0,5000,Sell,231502938
2024-08-14 10:45:19,40550.0,100,Sell,231502937
2024-08-14 10:45:19,40550.0,2000,Sell,231502939
2024-08-14 10:45:20,40500.0,500,Sell,231502945
2024-08-14 10:45:20,40500.0,300,Sell,231502946
2024-08-14 10:45:20,40500.0,300,Sell,231502947
2024-08-14 10:45:20,40500.0,100,Sell,231502948
2024-08-14 10:45:20,40500.0,400,Sell,231502949
2024-08-14 10:45:20,40500.0,100,Sell,231502950
2024-08-14 10:45:36,40500.0,200,Sell,231503217
2024-08-14 10:45:36,40500.0,300,Sell,231503218
2024-08-14 10:45:45,40500.0,200,Sell,231503333
2024-08-14 10:45:45,40500.0,1400,Sell,231503332
2024-08-14 10:45:45,40500.0,1000,Sell,231503331
2024-08-14 10:45:45,40500.0,500,Sell,231503330
2024-08-14 10:45:45,40500.0,400,Sell,231503328
2024-08-14 10:45:45,40500.0,3000,Sell,231503327
2024-08-14 10:45:45,40500.0,500,Sell,231503329
2024-08-14 10:45:45,40500.0,1000,Sell,231503326
2024-08-14 10:45:45,40500.0,2000,Sell,231503325
2024-08-14 10:45:46,40550.0,17600,Buy,231503345
2024-08-14 10:45:46,40550.0,2400,Buy,231503346
2024-08-14 10:45:48,40500.0,200,Sell,231503360
2024-08-14 10:45:48,40500.0,200,Sell,231503361
2024-08-14 10:45:48,40500.0,200,Sell,231503362
2024-08-14 10:46:01,40500.0,100,Buy,231503552
2024-08-14 10:46:13,40450.0,100,Sell,231503687
2024-08-14 10:46:13,40450.0,100,Sell,231503686
2024-08-14 10:46:13,40450.0,100,Sell,231503684
2024-08-14 10:46:13,40450.0,100,Sell,231503683
2024-08-14 10:46:13,40450.0,100,Sell,231503682
2024-08-14 10:46:13,40450.0,100,Sell,231503685
2024-08-14 10:46:21,40450.0,300,Buy,231503846
2024-08-14 10:46:39,40400.0,100,Sell,231504288
2024-08-14 10:46:39,40400.0,200,Sell,231504289
2024-08-14 10:46:39,40400.0,1900,Sell,231504287
2024-08-14 10:46:39,40400.0,100,Sell,231504283
2024-08-14 10:46:39,40400.0,200,Sell,231504285
2024-08-14 10:46:39,40400.0,700,Sell,231504284
2024-08-14 10:46:39,40400.0,2000,Sell,231504286
2024-08-14 10:46:39,40400.0,200,Sell,231504282
2024-08-14 10:46:52,40400.0,100,Buy,231504484
2024-08-14 10:46:55,40350.0,200,Sell,231504513
2024-08-14 10:46:55,40350.0,1100,Sell,231504514
2024-08-14 10:46:57,40400.0,200,Buy,231504557
2024-08-14 10:47:00,40350.0,500,Sell,231504575
2024-08-14 10:47:05,40400.0,4900,Buy,231504686
2024-08-14 10:47:05,40400.0,500,Buy,231504687
2024-08-14 10:47:06,40450.0,500,Buy,231504700
2024-08-14 10:47:24,40500.0,2400,Buy,231504945
2024-08-14 10:47:35,40500.0,1000,Buy,231505078
2024-08-14 10:47:35,40500.0,1700,Buy,231505077
2024-08-14 10:47:49,40550.0,100,Buy,231505356
2024-08-14 10:47:49,40500.0,20000,Sell,231505355
2024-08-14 10:48:11,40550.0,200,Buy,231505807
2024-08-14 10:48:24,40550.0,100,Buy,231506012
2024-08-14 10:48:48,40500.0,1900,Sell,231506382
2024-08-14 10:48:48,40500.0,100,Sell,231506383
2024-08-14 10:48:50,40500.0,200,Sell,231506408
2024-08-14 10:48:50,40500.0,1000,Sell,231506409
2024-08-14 10:48:50,40500.0,100,Sell,231506410
2024-08-14 10:48:59,40500.0,100,Buy,231506552
2024-08-14 10:49:12,40500.0,2000,Buy,231506882
2024-08-14 10:49:13,40450.0,500,Sell,231506895
2024-08-14 10:49:13,40450.0,100,Sell,231506896
2024-08-14 10:49:26,40500.0,200,Buy,231507069
2024-08-14 10:49:27,40500.0,200,Buy,231507074
2024-08-14 10:49:32,40450.0,500,Sell,231507163
2024-08-14 10:49:51,40450.0,400,Sell,231507447
2024-08-14 10:49:51,40450.0,500,Sell,231507448
2024-08-14 10:49:51,40450.0,1000,Sell,231507446
2024-08-14 10:49:51,40450.0,400,Sell,231507444
2024-08-14 10:49:51,40450.0,100,Sell,231507445
2024-08-14 10:49:58,40400.0,100,Sell,231507536
2024-08-14 10:49:58,40400.0,300,Sell,231507537
2024-08-14 10:49:58,40400.0,500,Sell,231507538
2024-08-14 10:49:58,40400.0,200,Sell,231507539
2024-08-14 10:49:58,40400.0,10000,Sell,231507540
2024-08-14 10:49:58,40400.0,100,Sell,231507541
2024-08-14 10:49:58,40400.0,100,Sell,231507542
2024-08-14 10:49:58,40400.0,1500,Sell,231507543
2024-08-14 10:49:58,40400.0,3000,Sell,231507544
2024-08-14 10:49:59,40400.0,7300,Buy,231507552
2024-08-14 10:50:25,40400.0,100,Buy,231507967
2024-08-14 10:50:27,40400.0,500,Buy,231507999
2024-08-14 10:50:35,40400.0,1000,Buy,231508164
2024-08-14 10:50:55,40400.0,500,Buy,231508623
2024-08-14 10:51:45,40400.0,2000,Buy,231509483
2024-08-14 10:51:55,40400.0,5000,Buy,231509604
2024-08-14 10:52:03,40400.0,500,Buy,231509795
2024-08-14 10:52:05,40400.0,9000,Buy,231509837
2024-08-14 10:52:12,40400.0,2000,Buy,231509947
2024-08-14 10:52:16,40400.0,2000,Buy,231510005
2024-08-14 10:52:16,40400.0,500,Buy,231510011
2024-08-14 10:52:17,40400.0,100,Buy,231510021
2024-08-14 10:52:18,40400.0,3000,Buy,231510033
2024-08-14 10:52:19,40400.0,100,Buy,231510043
2024-08-14 10:52:21,40400.0,600,Buy,231510082
2024-08-14 10:53:00,40400.0,1400,Sell,231510685
2024-08-14 10:53:00,40400.0,600,Sell,231510686
2024-08-14 10:53:15,40400.0,500,Sell,231510865
2024-08-14 10:53:36,40450.0,100,Buy,231511073
2024-08-14 10:53:37,40400.0,1000,Sell,231511080
2024-08-14 10:53:49,40400.0,300,Sell,231511260
2024-08-14 10:54:08,40400.0,5000,Sell,231511480
2024-08-14 10:54:30,40450.0,500,Buy,231511796
2024-08-14 10:54:30,40450.0,500,Buy,231511795
2024-08-14 10:54:48,40450.0,500,Buy,231511999
2024-08-14 10:55:09,40450.0,300,Sell,231512281
2024-08-14 10:55:09,40400.0,100,Sell,231512282
2024-08-14 10:55:37,40500.0,200,Buy,231512757
2024-08-14 10:55:37,40500.0,9800,Buy,231512758
2024-08-14 10:56:32,40500.0,500,Buy,231513482
2024-08-14 10:56:32,40500.0,200,Buy,231513483
2024-08-14 10:56:32,40500.0,200,Buy,231513480
2024-08-14 10:56:32,40500.0,1000,Buy,231513481
2024-08-14 10:57:25,40400.0,500,Sell,231514148
2024-08-14 10:57:25,40400.0,300,Sell,231514153
2024-08-14 10:57:25,40400.0,500,Sell,231514152
2024-08-14 10:57:25,40400.0,100,Sell,231514151
2024-08-14 10:57:25,40400.0,400,Sell,231514150
2024-08-14 10:57:25,40400.0,400,Sell,231514149
2024-08-14 10:57:25,40400.0,2500,Sell,231514147
2024-08-14 10:57:25,40500.0,1100,Sell,231514139
2024-08-14 10:57:25,40500.0,100,Sell,231514145
2024-08-14 10:57:25,40500.0,1000,Sell,231514140
2024-08-14 10:57:25,40500.0,500,Sell,231514141
2024-08-14 10:57:25,40450.0,200,Sell,231514146
2024-08-14 10:57:25,40500.0,100,Sell,231514143
2024-08-14 10:57:25,40500.0,1000,Sell,231514144
2024-08-14 10:57:25,40500.0,100,Sell,231514142
2024-08-14 10:57:43,40400.0,200,Sell,231514343
2024-08-14 10:57:43,40400.0,1000,Sell,231514347
2024-08-14 10:57:43,40400.0,1000,Sell,231514348
2024-08-14 10:57:43,40400.0,100,Sell,231514349
2024-08-14 10:57:43,40400.0,200,Sell,231514350
2024-08-14 10:57:53,40400.0,3000,Sell,231514475
2024-08-14 10:58:07,40550.0,200,Buy,231514736
2024-08-14 10:58:07,40550.0,9800,Buy,231514737
2024-08-14 10:58:42,40550.0,200,Buy,231515392
2024-08-14 10:58:42,40550.0,300,Buy,231515393
2024-08-14 10:59:06,40600.0,500,Buy,231515738
2024-08-14 10:59:06,40600.0,1400,Buy,231515737
2024-08-14 10:59:06,40600.0,100,Buy,231515734
2024-08-14 10:59:06,40600.0,1000,Buy,231515736
2024-08-14 10:59:06,40600.0,500,Buy,231515735
2024-08-14 10:59:40,40600.0,1500,Sell,231516137
2024-08-14 10:59:51,40600.0,600,Sell,231516309
2024-08-14 11:00:04,40600.0,300,Sell,231516458
2024-08-14 11:00:08,40550.0,500,Sell,231516523
2024-08-14 11:00:08,40550.0,300,Sell,231516524
2024-08-14 11:00:30,40550.0,100,Sell,231516773
2024-08-14 11:01:11,40550.0,100,Buy,231517573
2024-08-14 11:01:23,40550.0,200,Buy,231517780
2024-08-14 11:01:27,40600.0,1700,Buy,231517885
2024-08-14 11:01:27,40600.0,1000,Buy,231517886
2024-08-14 11:02:13,40600.0,1200,Sell,231518760
2024-08-14 11:02:17,40650.0,1000,Buy,231518797
2024-08-14 11:02:36,40650.0,100,Buy,231519094
2024-08-14 11:03:15,40650.0,200,Buy,231519749
2024-08-14 11:03:40,40600.0,500,Sell,231520223
2024-08-14 11:03:49,40650.0,900,Buy,231520393
2024-08-14 11:03:53,40600.0,400,Sell,231520445
2024-08-14 11:04:18,40650.0,300,Buy,231520946
2024-08-14 11:04:19,40650.0,800,Buy,231520960
2024-08-14 11:04:23,40650.0,2000,Buy,231521039
2024-08-14 11:04:46,40650.0,100,Buy,231521423
2024-08-14 11:05:24,40600.0,200,Sell,231522169
2024-08-14 11:05:24,40600.0,500,Sell,231522170
2024-08-14 11:05:24,40600.0,400,Sell,231522171
2024-08-14 11:05:27,40600.0,600,Sell,231522217
2024-08-14 11:05:27,40600.0,1800,Sell,231522218
2024-08-14 11:05:33,40600.0,100,Sell,231522319
2024-08-14 11:05:44,40600.0,200,Sell,231522502
2024-08-14 11:06:07,40600.0,1000,Sell,231522821
2024-08-14 11:07:52,40600.0,100,Sell,231524231
2024-08-14 11:08:24,40600.0,700,Sell,231524666
2024-08-14 11:08:24,40600.0,800,Sell,231524665
2024-08-14 11:08:27,40650.0,300,Buy,231524723
2024-08-14 11:09:07,40600.0,600,Sell,231525453
2024-08-14 11:09:07,40600.0,400,Sell,231525454
2024-08-14 11:09:10,40650.0,1500,Buy,231525525
2024-08-14 11:09:25,40650.0,700,Buy,231525739
2024-08-14 11:09:32,40600.0,100,Sell,231525808
2024-08-14 11:09:32,40600.0,500,Sell,231525807
2024-08-14 11:09:32,40600.0,500,Sell,231525806
2024-08-14 11:09:32,40600.0,1600,Sell,231525804
2024-08-14 11:09:32,40600.0,1600,Sell,231525803
2024-08-14 11:09:32,40600.0,700,Sell,231525805
2024-08-14 11:10:00,40600.0,1600,Sell,231526170
2024-08-14 11:10:06,40600.0,300,Sell,231526261
2024-08-14 11:10:06,40600.0,800,Sell,231526276
2024-08-14 11:10:13,40600.0,700,Sell,231526376
2024-08-14 11:10:13,40600.0,100,Sell,231526375
2024-08-14 11:10:13,40600.0,200,Sell,231526371
2024-08-14 11:10:13,40600.0,200,Sell,231526373
2024-08-14 11:10:13,40600.0,100,Sell,231526372
2024-08-14 11:10:13,40600.0,700,Sell,231526374
2024-08-14 11:10:33,40600.0,100,Sell,231526699
2024-08-14 11:10:33,40600.0,100,Sell,231526700
2024-08-14 11:10:33,40600.0,2800,Sell,231526701
2024-08-14 11:12:13,40600.0,200,Sell,231527965
2024-08-14 11:12:41,40600.0,3000,Sell,231528374
2024-08-14 11:13:39,40650.0,800,Buy,231529301
2024-08-14 11:14:41,40650.0,100,Buy,231530958
2024-08-14 11:15:58,40600.0,100,Sell,231532150
2024-08-14 11:15:58,40600.0,200,Sell,231532149
2024-08-14 11:15:58,40600.0,200,Sell,231532148
2024-08-14 11:15:58,40600.0,500,Sell,231532146
2024-08-14 11:15:58,40600.0,100,Sell,231532145
2024-08-14 11:15:58,40600.0,1400,Sell,231532144
2024-08-14 11:15:58,40600.0,100,Sell,231532147
2024-08-14 11:16:50,40550.0,100,Sell,231533002
2024-08-14 11:17:08,40550.0,200,Sell,231533198
2024-08-14 11:17:08,40550.0,500,Sell,231533199
2024-08-14 11:17:08,40550.0,300,Sell,231533200
2024-08-14 11:17:11,40500.0,100,Sell,231533254
2024-08-14 11:17:11,40500.0,200,Sell,231533259
2024-08-14 11:17:11,40500.0,100,Sell,231533258
2024-08-14 11:17:11,40500.0,200,Sell,231533256
2024-08-14 11:17:11,40500.0,100,Sell,231533255
2024-08-14 11:17:11,40500.0,500,Sell,231533253
2024-08-14 11:17:11,40500.0,1400,Sell,231533257
2024-08-14 11:17:11,40500.0,100,Sell,231533251
2024-08-14 11:17:11,40550.0,3000,Sell,231533246
2024-08-14 11:17:11,40550.0,200,Sell,231533247
2024-08-14 11:17:11,40500.0,300,Sell,231533252
2024-08-14 11:17:11,40500.0,100,Sell,231533249
2024-08-14 11:17:11,40500.0,100,Sell,231533250
2024-08-14 11:17:11,40550.0,200,Sell,231533248
2024-08-14 11:17:19,40500.0,200,Buy,231533438
2024-08-14 11:18:11,40500.0,500,Buy,231534146
2024-08-14 11:18:45,40500.0,300,Buy,231534666
2024-08-14 11:18:48,40500.0,200,Buy,231534713
2024-08-14 11:19:14,40450.0,1100,Sell,231535101
2024-08-14 11:19:45,40450.0,500,Sell,231535548
2024-08-14 11:20:07,40500.0,200,Buy,231535814
2024-08-14 11:21:11,40500.0,300,Sell,231536741
2024-08-14 11:21:11,40500.0,100,Sell,231536742
2024-08-14 11:21:11,40500.0,100,Sell,231536743
2024-08-14 11:21:25,40500.0,800,Buy,231536892
2024-08-14 11:21:29,40500.0,200,Sell,231536935
2024-08-14 11:21:39,40500.0,100,Sell,231537066
2024-08-14 11:21:53,40450.0,2000,Sell,231537255
2024-08-14 11:25:59,40450.0,2300,Sell,231540408
2024-08-14 11:26:15,40500.0,1000,Sell,231540644
2024-08-14 11:26:19,40500.0,1000,Sell,231540702
2024-08-14 11:26:19,40450.0,1000,Sell,231540703
2024-08-14 11:27:19,40450.0,800,Sell,231541480
2024-08-14 11:27:19,40450.0,100,Sell,231541481
2024-08-14 11:27:19,40450.0,100,Sell,231541482
2024-08-14 11:27:32,40450.0,100,Sell,231541614
2024-08-14 11:28:37,40500.0,100,Buy,231542423
2024-08-14 11:28:45,40450.0,3000,Sell,231542509
2024-08-14 11:28:45,40450.0,100,Sell,231542508
2024-08-14 11:28:45,40450.0,100,Sell,231542507
2024-08-14 11:28:45,40450.0,100,Sell,231542506
2024-08-14 11:28:45,40450.0,500,Sell,231542504
2024-08-14 11:28:45,40450.0,100,Sell,231542503
2024-08-14 11:28:45,40450.0,5000,Sell,231542505
2024-08-14 11:28:45,40450.0,100,Sell,231542501
2024-08-14 11:28:45,40450.0,300,Sell,231542496
2024-08-14 11:28:45,40450.0,500,Sell,231542497
2024-08-14 11:28:45,40450.0,200,Sell,231542502
2024-08-14 11:28:45,40450.0,200,Sell,231542499
2024-08-14 11:28:45,40450.0,200,Sell,231542500
2024-08-14 11:28:45,40450.0,1000,Sell,231542498
2024-08-14 11:29:28,40450.0,600,Buy,231543055
2024-08-14 12:59:42,40450.0,2000,Sell,231543664
2024-08-14 12:59:43,40400.0,400,Sell,231543998
2024-08-14 12:59:43,40400.0,1800,Sell,231543996
2024-08-14 12:59:43,40400.0,100,Sell,231543997
2024-08-14 12:59:43,40450.0,100,Sell,231543994
2024-08-14 12:59:43,40450.0,2400,Sell,231543993
2024-08-14 12:59:43,40450.0,200,Sell,231543995
2024-08-14 12:59:46,40450.0,500,Sell,231545133
2024-08-14 12:59:47,40500.0,300,Buy,231545348
2024-08-14 12:59:47,40400.0,300,Sell,231545361
2024-08-14 12:59:47,40400.0,500,Sell,231545360
2024-08-14 12:59:47,40400.0,400,Sell,231545359
2024-08-14 12:59:47,40400.0,100,Sell,231545279
2024-08-14 12:59:47,40400.0,400,Sell,231545276
2024-08-14 12:59:47,40400.0,100,Sell,231545277
2024-08-14 12:59:47,40400.0,600,Sell,231545275
2024-08-14 12:59:47,40450.0,100,Sell,231545273
2024-08-14 12:59:47,40400.0,500,Sell,231545278
2024-08-14 12:59:47,40400.0,600,Sell,231545274
2024-08-14 13:00:00,40450.0,100,Buy,231546394
2024-08-14 13:00:00,40450.0,200,Buy,231546395
2024-08-14 13:00:13,40450.0,100,Buy,231546706
2024-08-14 13:00:22,40400.0,100,Sell,231546884
2024-08-14 13:00:22,40400.0,200,Sell,231546887
2024-08-14 13:00:22,40400.0,1000,Sell,231546886
2024-08-14 13:00:22,40400.0,5000,Sell,231546885
2024-08-14 13:00:22,40400.0,100,Sell,231546883
2024-08-14 13:00:22,40400.0,2400,Sell,231546881
2024-08-14 13:00:22,40400.0,200,Sell,231546877
2024-08-14 13:00:22,40400.0,200,Sell,231546878
2024-08-14 13:00:22,40400.0,100,Sell,231546882
2024-08-14 13:00:22,40400.0,100,Sell,231546880
2024-08-14 13:00:22,40400.0,500,Sell,231546879
2024-08-14 13:00:36,40400.0,100,Sell,231547103
2024-08-14 13:00:38,40450.0,100,Buy,231547152
2024-08-14 13:00:41,40400.0,500,Sell,231547212
2024-08-14 13:00:41,40400.0,200,Sell,231547213
2024-08-14 13:00:56,40400.0,500,Sell,231547460
2024-08-14 13:01:12,40400.0,1000,Sell,231547662
2024-08-14 13:01:15,40400.0,500,Sell,231547689
2024-08-14 13:01:16,40400.0,300,Buy,231547703
2024-08-14 13:01:27,40400.0,200,Buy,231547856
2024-08-14 13:01:27,40400.0,2800,Buy,231547857
2024-08-14 13:01:48,40400.0,100,Buy,231548210
2024-08-14 13:01:48,40400.0,2900,Buy,231548209
2024-08-14 13:01:53,40400.0,100,Buy,231548285
2024-08-14 13:02:10,40400.0,200,Sell,231548682
2024-08-14 13:02:11,40400.0,500,Sell,231548702
2024-08-14 13:02:23,40400.0,1200,Sell,231548911
2024-08-14 13:02:23,40400.0,1700,Sell,231548912
2024-08-14 13:02:38,40400.0,1000,Sell,231549205
2024-08-14 13:03:36,40400.0,500,Sell,231550180
2024-08-14 13:03:50,40400.0,500,Sell,231550508
2024-08-14 13:03:50,40400.0,1500,Sell,231550509
2024-08-14 13:03:57,40400.0,500,Sell,231550641
2024-08-14 13:04:03,40350.0,500,Sell,231550783
2024-08-14 13:04:03,40350.0,200,Sell,231550784
2024-08-14 13:04:03,40350.0,100,Sell,231550785
2024-08-14 13:04:03,40350.0,1400,Sell,231550789
2024-08-14 13:04:03,40350.0,100,Sell,231550787
2024-08-14 13:04:03,40350.0,500,Sell,231550788
2024-08-14 13:04:03,40350.0,1000,Sell,231550786
2024-08-14 13:04:03,40350.0,100,Sell,231550782
2024-08-14 13:04:03,40350.0,500,Sell,231550779
2024-08-14 13:04:03,40350.0,200,Sell,231550780
2024-08-14 13:04:03,40400.0,1000,Sell,231550772
2024-08-14 13:04:03,40350.0,200,Sell,231550773
2024-08-14 13:04:03,40350.0,2200,Sell,231550774
2024-08-14 13:04:03,40350.0,100,Sell,231550781
2024-08-14 13:04:03,40350.0,200,Sell,231550776
2024-08-14 13:04:03,40350.0,1000,Sell,231550777
2024-08-14 13:04:03,40350.0,200,Sell,231550778
2024-08-14 13:04:03,40350.0,500,Sell,231550775
2024-08-14 13:04:04,40350.0,100,Sell,231550801
2024-08-14 13:04:04,40350.0,100,Sell,231550802
2024-08-14 13:04:10,40400.0,100,Sell,231550903
2024-08-14 13:04:31,40350.0,100,Sell,231551303
2024-08-14 13:04:56,40350.0,1000,Sell,231551822
2024-08-14 13:04:56,40350.0,100,Sell,231551821
2024-08-14 13:04:56,40350.0,100,Sell,231551823
2024-08-14 13:04:56,40350.0,4500,Sell,231551820
2024-08-14 13:04:56,40350.0,800,Sell,231551818
2024-08-14 13:04:56,40350.0,100,Sell,231551817
2024-08-14 13:04:56,40350.0,300,Sell,231551816
2024-08-14 13:04:56,40350.0,100,Sell,231551819
2024-08-14 13:06:27,40400.0,500,Buy,231553628
2024-08-14 13:06:46,40400.0,100,Buy,231554087
2024-08-14 13:06:48,40400.0,100,Buy,231554139
2024-08-14 13:07:21,40400.0,1000,Buy,231554844
2024-08-14 13:07:32,40400.0,1000,Buy,231555069
2024-08-14 13:07:39,40400.0,300,Buy,231555289
2024-08-14 13:07:41,40400.0,300,Buy,231555313
2024-08-14 13:07:58,40400.0,5000,Buy,231555673
2024-08-14 13:07:58,40400.0,1700,Buy,231555674
2024-08-14 13:07:58,40400.0,100,Buy,231555675
2024-08-14 13:07:58,40400.0,100,Buy,231555676
2024-08-14 13:08:48,40400.0,200,Sell,231556874
2024-08-14 13:09:07,40450.0,4400,Buy,231557175
2024-08-14 13:09:07,40450.0,100,Buy,231557174
2024-08-14 13:09:07,40450.0,500,Buy,231557173
2024-08-14 13:09:11,40400.0,100,Sell,231557212
2024-08-14 13:09:11,40400.0,200,Sell,231557218
2024-08-14 13:09:13,40450.0,600,Buy,231557221
2024-08-14 13:09:17,40450.0,700,Sell,231557298
2024-08-14 13:09:26,40450.0,300,Sell,231557451
2024-08-14 13:09:34,40400.0,500,Sell,231557569
2024-08-14 13:09:36,40450.0,200,Buy,231557601
2024-08-14 13:09:38,40450.0,100,Buy,231557646
2024-08-14 13:09:38,40450.0,600,Buy,231557647
2024-08-14 13:09:46,40450.0,1700,Buy,231557828
2024-08-14 13:10:17,40450.0,1700,Sell,231558456
2024-08-14 13:10:17,40450.0,500,Sell,231558457
2024-08-14 13:10:17,40450.0,200,Sell,231558458
2024-08-14 13:10:26,40400.0,1000,Sell,231558610
2024-08-14 13:10:26,40400.0,1400,Sell,231558611
2024-08-14 13:10:26,40400.0,2100,Sell,231558608
2024-08-14 13:10:26,40400.0,500,Sell,231558609
2024-08-14 13:10:33,40450.0,100,Sell,231558762
2024-08-14 13:10:42,40450.0,700,Sell,231558975
2024-08-14 13:11:24,40450.0,200,Buy,231559767
2024-08-14 13:11:24,40450.0,300,Buy,231559768
2024-08-14 13:11:29,40450.0,200,Buy,231559867
2024-08-14 13:11:38,40450.0,500,Buy,231560047
2024-08-14 13:11:47,40450.0,200,Buy,231560245
2024-08-14 13:12:19,40500.0,200,Buy,231560971
2024-08-14 13:12:39,40450.0,500,Sell,231561280
2024-08-14 13:12:39,40450.0,1200,Sell,231561281
2024-08-14 13:12:39,40450.0,2500,Sell,231561279
2024-08-14 13:12:40,40500.0,200,Buy,231561303
2024-08-14 13:12:54,40450.0,3000,Sell,231561579
2024-08-14 13:13:05,40450.0,200,Sell,231561735
2024-08-14 13:13:30,40500.0,500,Buy,231562257
2024-08-14 13:13:33,40400.0,200,Sell,231562292
2024-08-14 13:13:46,40400.0,100,Sell,231562607
2024-08-14 13:13:56,40450.0,100,Sell,231562786
2024-08-14 13:14:34,40450.0,300,Sell,231563775
2024-08-14 13:15:07,40450.0,100,Buy,231564783
2024-08-14 13:15:07,40450.0,100,Buy,231564784
2024-08-14 13:15:16,40450.0,100,Buy,231565082
2024-08-14 13:15:24,40450.0,100,Buy,231565407
2024-08-14 13:15:31,40450.0,100,Buy,231565571
2024-08-14 13:15:31,40450.0,100,Buy,231565576
2024-08-14 13:15:41,40450.0,200,Buy,231565845
2024-08-14 13:15:41,40400.0,400,Sell,231565846
2024-08-14 13:15:41,40400.0,100,Sell,231565847
2024-08-14 13:15:56,40450.0,3300,Buy,231566156
2024-08-14 13:16:01,40400.0,400,Sell,231566269
2024-08-14 13:16:01,40400.0,1000,Sell,231566268
2024-08-14 13:16:01,40400.0,1000,Sell,231566267
2024-08-14 13:16:01,40450.0,700,Sell,231566265
2024-08-14 13:16:01,40400.0,1900,Sell,231566266
2024-08-14 13:16:23,40400.0,900,Sell,231566763
2024-08-14 13:16:23,40400.0,100,Sell,231566762
2024-08-14 13:16:23,40400.0,100,Sell,231566761
2024-08-14 13:16:23,40400.0,200,Sell,231566758
2024-08-14 13:16:23,40400.0,100,Sell,231566757
2024-08-14 13:16:23,40400.0,500,Sell,231566754
2024-08-14 13:16:23,40400.0,700,Sell,231566755
2024-08-14 13:16:23,40400.0,100,Sell,231566752
2024-08-14 13:16:23,40400.0,1000,Sell,231566751
2024-08-14 13:16:23,40400.0,600,Sell,231566750
2024-08-14 13:16:23,40400.0,500,Sell,231566756
2024-08-14 13:16:23,40400.0,200,Sell,231566753
2024-08-14 13:16:44,40450.0,100,Buy,231567310
2024-08-14 13:17:32,40450.0,1000,Sell,231568557
2024-08-14 13:17:32,40450.0,100,Sell,231568558
2024-08-14 13:17:41,40450.0,2000,Buy,231569017
2024-08-14 13:18:12,40450.0,1000,Buy,231569976
2024-08-14 13:18:12,40450.0,100,Buy,231569980
2024-08-14 13:18:13,40450.0,800,Buy,231570005
2024-08-14 13:18:21,40450.0,100,Sell,231570175
2024-08-14 13:19:02,40450.0,700,Sell,231571152
2024-08-14 13:19:23,40450.0,200,Sell,231571835
2024-08-14 13:19:23,40450.0,400,Sell,231571834
2024-08-14 13:19:23,40400.0,200,Sell,231571846
2024-08-14 13:19:23,40400.0,200,Sell,231571844
2024-08-14 13:19:23,40400.0,300,Sell,231571843
2024-08-14 13:19:23,40400.0,100,Sell,231571842
2024-08-14 13:19:23,40400.0,100,Sell,231571845
2024-08-14 13:19:23,40400.0,100,Sell,231571840
2024-08-14 13:19:23,40400.0,100,Sell,231571839
2024-08-14 13:19:23,40450.0,700,Sell,231571838
2024-08-14 13:19:23,40450.0,500,Sell,231571837
2024-08-14 13:19:23,40450.0,2000,Sell,231571836
2024-08-14 13:19:23,40400.0,100,Sell,231571841
2024-08-14 13:19:59,40400.0,100,Sell,231572815
2024-08-14 13:20:01,40350.0,100,Sell,231572898
2024-08-14 13:20:01,40350.0,500,Sell,231572904
2024-08-14 13:20:01,40350.0,500,Sell,231572903
2024-08-14 13:20:01,40350.0,500,Sell,231572901
2024-08-14 13:20:01,40350.0,300,Sell,231572900
2024-08-14 13:20:01,40350.0,200,Sell,231572899
2024-08-14 13:20:01,40350.0,200,Sell,231572897
2024-08-14 13:20:01,40400.0,1000,Sell,231572891
2024-08-14 13:20:01,40350.0,300,Sell,231572895
2024-08-14 13:20:01,40350.0,200,Sell,231572894
2024-08-14 13:20:01,40400.0,1000,Sell,231572893
2024-08-14 13:20:01,40400.0,1000,Sell,231572892
2024-08-14 13:20:01,40400.0,200,Sell,231572890
2024-08-14 13:20:01,40400.0,2000,Sell,231572889
2024-08-14 13:20:01,40350.0,2000,Sell,231572896
2024-08-14 13:20:05,40350.0,500,Sell,231572960
2024-08-14 13:20:05,40350.0,400,Sell,231572961
2024-08-14 13:20:05,40350.0,1000,Sell,231572959
2024-08-14 13:20:05,40350.0,2000,Sell,231572958
2024-08-14 13:20:05,40350.0,2000,Sell,231572957
2024-08-14 13:20:05,40350.0,100,Sell,231572956
2024-08-14 13:20:05,40350.0,2000,Sell,231572955
2024-08-14 13:20:05,40350.0,500,Sell,231572954
2024-08-14 13:20:05,40350.0,1500,Sell,231572953
2024-08-14 13:20:08,40500.0,200,Buy,231573044
2024-08-14 13:20:44,40500.0,100,Buy,231574092
2024-08-14 13:20:44,40400.0,100,Sell,231574098
2024-08-14 13:20:44,40400.0,700,Sell,231574099
2024-08-14 13:21:20,40400.0,100,Sell,231575272
2024-08-14 13:21:20,40400.0,200,Sell,231575271
2024-08-14 13:21:20,40400.0,100,Sell,231575268
2024-08-14 13:21:20,40400.0,100,Sell,231575269
2024-08-14 13:21:20,40400.0,100,Sell,231575270
2024-08-14 13:21:23,40400.0,500,Sell,231575347
2024-08-14 13:21:23,40400.0,100,Sell,231575348
2024-08-14 13:21:23,40400.0,400,Sell,231575346
2024-08-14 13:21:29,40400.0,300,Buy,231575450
2024-08-14 13:21:35,40400.0,1000,Buy,231575560
2024-08-14 13:21:44,40400.0,500,Buy,231575711
2024-08-14 13:21:46,40400.0,200,Buy,231575747
2024-08-14 13:21:54,40400.0,4000,Buy,231575884
2024-08-14 13:21:54,40400.0,200,Buy,231575885
2024-08-14 13:22:21,40500.0,500,Buy,231576543
2024-08-14 13:23:00,40500.0,700,Buy,231577428
2024-08-14 13:23:01,40500.0,500,Buy,231577451
2024-08-14 13:23:09,40500.0,600,Buy,231577653
2024-08-14 13:23:09,40500.0,200,Buy,231577651
2024-08-14 13:23:09,40500.0,300,Buy,231577652
2024-08-14 13:23:09,40500.0,800,Buy,231577649
2024-08-14 13:23:09,40500.0,1800,Buy,231577648
2024-08-14 13:23:09,40500.0,1300,Buy,231577650
2024-08-14 13:23:20,40450.0,200,Sell,231577833
2024-08-14 13:23:25,40500.0,100,Buy,231577914
2024-08-14 13:23:25,40500.0,300,Buy,231577915
2024-08-14 13:23:36,40500.0,100,Buy,231578155
2024-08-14 13:23:36,40450.0,1800,Buy,231578153
2024-08-14 13:23:36,40500.0,100,Buy,231578154
2024-08-14 13:23:42,40400.0,100,Sell,231578324
2024-08-14 13:24:34,40450.0,5500,Sell,231579363
2024-08-14 13:24:44,40500.0,200,Buy,231579496
2024-08-14 13:25:19,40400.0,1000,Sell,231580214
2024-08-14 13:25:19,40400.0,200,Sell,231580213
2024-08-14 13:25:19,40400.0,2000,Sell,231580211
2024-08-14 13:25:19,40400.0,500,Sell,231580210
2024-08-14 13:25:19,40400.0,100,Sell,231580212
2024-08-14 13:25:19,40400.0,100,Sell,231580208
2024-08-14 13:25:19,40400.0,1000,Sell,231580207
2024-08-14 13:25:19,40400.0,1000,Sell,231580206
2024-08-14 13:25:19,40400.0,100,Sell,231580205
2024-08-14 13:25:19,40400.0,700,Sell,231580204
2024-08-14 13:25:19,40400.0,100,Sell,231580209
2024-08-14 13:25:21,40500.0,500,Buy,231580250
2024-08-14 13:25:41,40500.0,200,Buy,231580620
2024-08-14 13:26:46,40350.0,1500,Sell,231582308
2024-08-14 13:26:46,40350.0,100,Sell,231582304
2024-08-14 13:26:46,40350.0,100,Sell,231582305
2024-08-14 13:26:46,40350.0,1000,Sell,231582306
2024-08-14 13:26:46,40350.0,10000,Sell,231582307
2024-08-14 13:26:46,40350.0,200,Sell,231582309
2024-08-14 13:26:46,40350.0,500,Sell,231582301
2024-08-14 13:26:46,40300.0,400,Sell,231582311
2024-08-14 13:26:46,40300.0,1000,Sell,231582312
2024-08-14 13:26:46,40300.0,500,Sell,231582313
2024-08-14 13:26:46,40300.0,200,Sell,231582315
2024-08-14 13:26:46,40300.0,100,Sell,231582316
2024-08-14 13:26:46,40300.0,1400,Sell,231582317
2024-08-14 13:26:46,40350.0,500,Sell,231582310
2024-08-14 13:26:46,40350.0,100,Sell,231582300
2024-08-14 13:26:46,40350.0,1000,Sell,231582303
2024-08-14 13:26:46,40350.0,100,Sell,231582298
2024-08-14 13:26:46,40350.0,100,Sell,231582299
2024-08-14 13:26:46,40400.0,100,Sell,231582284
2024-08-14 13:26:46,40400.0,100,Sell,231582285
2024-08-14 13:26:46,40400.0,100,Sell,231582286
2024-08-14 13:26:46,40400.0,3000,Sell,231582287
2024-08-14 13:26:46,40400.0,5500,Sell,231582288
2024-08-14 13:26:46,40400.0,600,Sell,231582289
2024-08-14 13:26:46,40400.0,100,Sell,231582290
2024-08-14 13:26:46,40350.0,500,Sell,231582302
2024-08-14 13:26:46,40350.0,100,Sell,231582292
2024-08-14 13:26:46,40350.0,100,Sell,231582297
2024-08-14 13:26:46,40350.0,100,Sell,231582296
2024-08-14 13:26:46,40350.0,600,Sell,231582291
2024-08-14 13:26:46,40350.0,100,Sell,231582294
2024-08-14 13:26:46,40350.0,100,Sell,231582293
2024-08-14 13:26:46,40350.0,100,Sell,231582295
2024-08-14 13:26:55,40300.0,500,Sell,231582582
2024-08-14 13:27:00,40300.0,100,Sell,231582661
2024-08-14 13:27:00,40300.0,100,Sell,231582662
2024-08-14 13:27:00,40300.0,400,Sell,231582663
2024-08-14 13:27:23,40400.0,100,Buy,231583279
2024-08-14 13:27:31,40300.0,200,Sell,231583512
2024-08-14 13:27:31,40300.0,100,Sell,231583513
2024-08-14 13:27:31,40300.0,100,Sell,231583514
2024-08-14 13:27:31,40300.0,100,Sell,231583516
2024-08-14 13:27:31,40300.0,200,Sell,231583520
2024-08-14 13:27:31,40300.0,100,Sell,231583518
2024-08-14 13:27:31,40300.0,300,Sell,231583519
2024-08-14 13:27:31,40300.0,6900,Sell,231583521
2024-08-14 13:27:31,40300.0,100,Sell,231583511
2024-08-14 13:27:31,40300.0,2000,Sell,231583517
2024-08-14 13:27:31,40300.0,100,Sell,231583510
2024-08-14 13:27:31,40300.0,2000,Sell,231583515
2024-08-14 13:27:31,40300.0,1000,Sell,231583508
2024-08-14 13:27:31,40300.0,200,Sell,231583509
2024-08-14 13:27:31,40300.0,600,Sell,231583498
2024-08-14 13:27:31,40300.0,200,Sell,231583499
2024-08-14 13:27:31,40300.0,200,Sell,231583501
2024-08-14 13:27:31,40300.0,100,Sell,231583502
2024-08-14 13:27:31,40300.0,100,Sell,231583500
2024-08-14 13:27:31,40300.0,2900,Sell,231583497
2024-08-14 13:27:31,40300.0,500,Sell,231583504
2024-08-14 13:27:31,40300.0,1000,Sell,231583505
2024-08-14 13:27:31,40300.0,200,Sell,231583506
2024-08-14 13:27:31,40300.0,2000,Sell,231583507
2024-08-14 13:27:31,40300.0,100,Sell,231583503
2024-08-14 13:27:39,40300.0,200,Sell,231583772
2024-08-14 13:27:39,40300.0,100,Sell,231583777
2024-08-14 13:27:39,40300.0,100,Sell,231583776
2024-08-14 13:27:39,40300.0,1000,Sell,231583775
2024-08-14 13:27:39,40300.0,200,Sell,231583774
2024-08-14 13:27:39,40300.0,100,Sell,231583773
2024-08-14 13:27:39,40300.0,500,Sell,231583771
2024-08-14 13:27:39,40300.0,2000,Sell,231583767
2024-08-14 13:27:39,40300.0,200,Sell,231583769
2024-08-14 13:27:39,40300.0,200,Sell,231583768
2024-08-14 13:27:39,40300.0,100,Sell,231583766
2024-08-14 13:27:39,40300.0,100,Sell,231583765
2024-08-14 13:27:39,40300.0,100,Sell,231583764
2024-08-14 13:27:39,40300.0,300,Sell,231583763
2024-08-14 13:27:39,40300.0,1100,Sell,231583762
2024-08-14 13:27:39,40300.0,500,Sell,231583770
2024-08-14 13:27:41,40300.0,300,Buy,231583807
2024-08-14 13:27:42,40200.0,100,Sell,231583823
2024-08-14 13:27:42,40200.0,600,Sell,231583827
2024-08-14 13:27:42,40200.0,100,Sell,231583826
2024-08-14 13:27:42,40200.0,100,Sell,231583825
2024-08-14 13:27:42,40200.0,1000,Sell,231583822
2024-08-14 13:27:42,40200.0,100,Sell,231583824
2024-08-14 13:27:42,40250.0,100,Sell,231583820
2024-08-14 13:27:42,40250.0,300,Sell,231583821
2024-08-14 13:27:42,40250.0,300,Sell,231583819
2024-08-14 13:27:42,40250.0,100,Sell,231583818
2024-08-14 13:27:42,40250.0,100,Sell,231583817
2024-08-14 13:27:42,40250.0,300,Sell,231583816
2024-08-14 13:27:43,40300.0,400,Buy,231583841
2024-08-14 13:27:45,40300.0,200,Buy,231583912
2024-08-14 13:27:54,40300.0,200,Buy,231584251
2024-08-14 13:27:55,40150.0,300,Sell,231584315
2024-08-14 13:27:55,40150.0,1000,Sell,231584314
2024-08-14 13:27:55,40150.0,100,Sell,231584313
2024-08-14 13:27:55,40150.0,100,Sell,231584312
2024-08-14 13:27:55,40150.0,200,Sell,231584311
2024-08-14 13:27:55,40200.0,100,Sell,231584310
2024-08-14 13:27:55,40200.0,200,Sell,231584309
2024-08-14 13:27:55,40200.0,100,Sell,231584308
2024-08-14 13:27:55,40200.0,100,Sell,231584306
2024-08-14 13:27:55,40200.0,300,Sell,231584305
2024-08-14 13:27:55,40250.0,400,Sell,231584294
2024-08-14 13:27:55,40200.0,200,Sell,231584303
2024-08-14 13:27:55,40200.0,1000,Sell,231584302
2024-08-14 13:27:55,40200.0,100,Sell,231584301
2024-08-14 13:27:55,40200.0,200,Sell,231584300
2024-08-14 13:27:55,40200.0,200,Sell,231584299
2024-08-14 13:27:55,40200.0,100,Sell,231584298
2024-08-14 13:27:55,40200.0,500,Sell,231584297
2024-08-14 13:27:55,40200.0,100,Sell,231584296
2024-08-14 13:27:55,40200.0,1900,Sell,231584295
2024-08-14 13:27:55,40200.0,2000,Sell,231584304
2024-08-14 13:27:55,40200.0,200,Sell,231584307
2024-08-14 13:27:56,40150.0,200,Sell,231584322
2024-08-14 13:27:56,40150.0,100,Sell,231584323
2024-08-14 13:27:56,40150.0,200,Sell,231584324
2024-08-14 13:27:56,40150.0,100,Sell,231584325
2024-08-14 13:28:12,40250.0,200,Sell,231584697
2024-08-14 13:28:26,40250.0,400,Buy,231585056
2024-08-14 13:28:26,40250.0,100,Buy,231585055
2024-08-14 13:28:29,40200.0,100,Sell,231585112
2024-08-14 13:28:35,40250.0,100,Buy,231585328
2024-08-14 13:28:36,40200.0,100,Sell,231585336
2024-08-14 13:28:36,40200.0,100,Sell,231585334
2024-08-14 13:28:36,40200.0,200,Sell,231585333
2024-08-14 13:28:36,40200.0,500,Sell,231585335
2024-08-14 13:28:45,40150.0,1600,Sell,231585579
2024-08-14 13:28:45,40150.0,1000,Sell,231585578
2024-08-14 13:28:45,40150.0,1500,Sell,231585577
2024-08-14 13:28:45,40150.0,200,Sell,231585576
2024-08-14 13:28:45,40150.0,200,Sell,231585575
2024-08-14 13:28:45,40150.0,200,Sell,231585573
2024-08-14 13:28:45,40150.0,100,Sell,231585571
2024-08-14 13:28:45,40150.0,500,Sell,231585570
2024-08-14 13:28:45,40150.0,100,Sell,231585574
2024-08-14 13:28:45,40150.0,100,Sell,231585568
2024-08-14 13:28:45,40150.0,200,Sell,231585569
2024-08-14 13:28:45,40200.0,400,Sell,231585560
2024-08-14 13:28:45,40200.0,100,Sell,231585561
2024-08-14 13:28:45,40200.0,500,Sell,231585562
2024-08-14 13:28:45,40200.0,1700,Sell,231585563
2024-08-14 13:28:45,40150.0,400,Sell,231585572
2024-08-14 13:28:45,40200.0,100,Sell,231585565
2024-08-14 13:28:45,40200.0,600,Sell,231585566
2024-08-14 13:28:45,40200.0,400,Sell,231585567
2024-08-14 13:28:45,40200.0,100,Sell,231585564
2024-08-14 13:28:47,40250.0,100,Buy,231585612
2024-08-14 13:28:54,40250.0,700,Buy,231585767
2024-08-14 13:29:09,40250.0,800,Buy,231586094
2024-08-14 13:29:10,40250.0,100,Buy,231586138
2024-08-14 13:29:16,40250.0,100,Buy,231586255
2024-08-14 13:29:17,40250.0,500,Buy,231586285
2024-08-14 13:29:24,40250.0,200,Buy,231586661
2024-08-14 13:29:26,40250.0,400,Buy,231586689
2024-08-14 13:29:26,40200.0,500,Sell,231586746
2024-08-14 13:29:27,40250.0,100,Buy,231586764
2024-08-14 13:29:28,40250.0,500,Buy,231586766
2024-08-14 13:29:45,40250.0,500,Sell,231587193
2024-08-14 13:29:45,40250.0,500,Sell,231587192
2024-08-14 13:29:57,40250.0,100,Sell,231587526
2024-08-14 13:30:06,40300.0,100,Buy,231587735
2024-08-14 13:30:16,40300.0,100,Buy,231588012
2024-08-14 13:30:31,40300.0,100,Buy,231588436
2024-08-14 13:30:46,40250.0,400,Sell,231588754
2024-08-14 13:30:46,40250.0,500,Sell,231588755
2024-08-14 13:30:46,40250.0,100,Sell,231588756
2024-08-14 13:30:46,40250.0,200,Sell,231588757
2024-08-14 13:30:46,40250.0,500,Sell,231588758
2024-08-14 13:30:46,40250.0,300,Sell,231588759
2024-08-14 13:31:06,40250.0,1400,Sell,231589417
2024-08-14 13:31:06,40250.0,400,Sell,231589418
2024-08-14 13:31:06,40250.0,400,Sell,231589419
2024-08-14 13:31:06,40250.0,100,Sell,231589420
2024-08-14 13:31:06,40250.0,3000,Sell,231589421
2024-08-14 13:31:06,40250.0,100,Sell,231589422
2024-08-14 13:31:17,40250.0,500,Buy,231589736
2024-08-14 13:31:21,40200.0,100,Sell,231589801
2024-08-14 13:31:24,40250.0,100,Buy,231589862
2024-08-14 13:31:45,40250.0,500,Buy,231590267
2024-08-14 13:31:47,40200.0,400,Sell,231590315
2024-08-14 13:31:51,40250.0,3500,Buy,231590379
2024-08-14 13:31:51,40250.0,1500,Buy,231590380
2024-08-14 13:32:08,40200.0,200,Sell,231590875
2024-08-14 13:32:10,40200.0,1000,Sell,231590909
2024-08-14 13:32:10,40200.0,2000,Sell,231590910
2024-08-14 13:32:10,40200.0,500,Sell,231590911
2024-08-14 13:32:10,40200.0,1000,Sell,231590912
2024-08-14 13:32:10,40200.0,2500,Sell,231590913
2024-08-14 13:32:14,40200.0,100,Sell,231591024
2024-08-14 13:32:14,40200.0,100,Sell,231591023
2024-08-14 13:32:14,40200.0,1200,Sell,231591025
2024-08-14 13:32:14,40200.0,7500,Sell,231591021
2024-08-14 13:32:14,40200.0,100,Sell,231591022
2024-08-14 13:32:14,40250.0,100,Buy,231591017
2024-08-14 13:32:19,40200.0,2800,Sell,231591165
2024-08-14 13:32:19,40200.0,1200,Sell,231591166
2024-08-14 13:32:23,40200.0,500,Sell,231591281
2024-08-14 13:32:27,40200.0,8300,Sell,231591414
2024-08-14 13:32:27,40200.0,900,Sell,231591415
2024-08-14 13:32:27,40200.0,100,Sell,231591416
2024-08-14 13:32:27,40200.0,5000,Sell,231591417
2024-08-14 13:32:27,40200.0,100,Sell,231591418
2024-08-14 13:32:27,40200.0,100,Sell,231591419
2024-08-14 13:32:37,40150.0,500,Sell,231591768
2024-08-14 13:32:37,40150.0,100,Sell,231591766
2024-08-14 13:32:37,40150.0,400,Sell,231591765
2024-08-14 13:32:37,40150.0,1000,Sell,231591767
2024-08-14 13:32:38,40150.0,1000,Sell,231591813
2024-08-14 13:32:38,40100.0,100,Sell,231591817
2024-08-14 13:32:38,40100.0,200,Sell,231591816
2024-08-14 13:32:38,40100.0,100,Sell,231591815
2024-08-14 13:32:38,40100.0,200,Sell,231591814
2024-08-14 13:32:38,40150.0,100,Sell,231591812
2024-08-14 13:32:38,40150.0,100,Sell,231591809
2024-08-14 13:32:38,40150.0,100,Sell,231591810
2024-08-14 13:32:38,40150.0,1000,Sell,231591808
2024-08-14 13:32:38,40150.0,500,Sell,231591806
2024-08-14 13:32:38,40150.0,500,Sell,231591805
2024-08-14 13:32:38,40150.0,100,Sell,231591811
2024-08-14 13:32:38,40150.0,1000,Sell,231591807
2024-08-14 13:32:39,40100.0,1000,Sell,231591863
2024-08-14 13:32:45,40200.0,100,Buy,231592090
2024-08-14 13:32:47,40200.0,5000,Buy,231592210
2024-08-14 13:32:50,40100.0,100,Sell,231592383
2024-08-14 13:32:59,40150.0,200,Sell,231592637
2024-08-14 13:32:59,40100.0,800,Sell,231592638
2024-08-14 13:33:04,40100.0,300,Sell,231592752
2024-08-14 13:33:16,40100.0,1700,Sell,231592964
2024-08-14 13:33:17,40100.0,800,Sell,231592986
2024-08-14 13:33:17,40100.0,2100,Sell,231592985
2024-08-14 13:33:20,40100.0,100,Sell,231593069
2024-08-14 13:33:21,40100.0,100,Sell,231593109
2024-08-14 13:33:21,40100.0,100,Sell,231593108
2024-08-14 13:33:21,40100.0,100,Sell,231593106
2024-08-14 13:33:21,40100.0,200,Sell,231593105
2024-08-14 13:33:21,40100.0,200,Sell,231593104
2024-08-14 13:33:21,40100.0,3000,Sell,231593103
2024-08-14 13:33:21,40100.0,100,Sell,231593102
2024-08-14 13:33:21,40100.0,100,Sell,231593107
2024-08-14 13:33:21,40100.0,400,Sell,231593100
2024-08-14 13:33:21,40100.0,200,Sell,231593099
2024-08-14 13:33:21,40100.0,200,Sell,231593098
2024-08-14 13:33:21,40100.0,1000,Sell,231593097
2024-08-14 13:33:21,40100.0,100,Sell,231593096
2024-08-14 13:33:21,40100.0,1000,Sell,231593095
2024-08-14 13:33:21,40100.0,200,Sell,231593094
2024-08-14 13:33:21,40100.0,4100,Sell,231593093
2024-08-14 13:33:21,40100.0,100,Sell,231593101
2024-08-14 13:33:29,40050.0,400,Sell,231593302
2024-08-14 13:33:29,40050.0,100,Sell,231593301
2024-08-14 13:33:29,40050.0,200,Sell,231593300
2024-08-14 13:33:29,40100.0,1000,Sell,231593299
2024-08-14 13:33:29,40100.0,500,Sell,231593298
2024-08-14 13:33:29,40100.0,500,Sell,231593295
2024-08-14 13:33:29,40100.0,100,Sell,231593296
2024-08-14 13:33:29,40100.0,100,Sell,231593294
2024-08-14 13:33:29,40100.0,200,Sell,231593293
2024-08-14 13:33:29,40100.0,200,Sell,231593292
2024-08-14 13:33:29,40100.0,200,Sell,231593297
2024-08-14 13:33:30,40100.0,100,Sell,231593334
2024-08-14 13:33:30,40100.0,100,Sell,231593335
2024-08-14 13:33:32,40050.0,1000,Sell,231593424
2024-08-14 13:33:32,40050.0,1100,Sell,231593422
2024-08-14 13:33:32,40050.0,2900,Sell,231593423
2024-08-14 13:33:51,40050.0,200,Sell,231593866
2024-08-14 13:33:51,40050.0,300,Sell,231593867
2024-08-14 13:34:01,40050.0,300,Sell,231594191
2024-08-14 13:34:01,40050.0,700,Sell,231594192
2024-08-14 13:34:10,40050.0,1000,Sell,231594430
2024-08-14 13:34:15,40050.0,1200,Sell,231594599
2024-08-14 13:34:17,40050.0,500,Sell,231594657
2024-08-14 13:34:18,40050.0,100,Sell,231594687
2024-08-14 13:34:26,40100.0,300,Buy,231594836
2024-08-14 13:34:26,40100.0,4700,Buy,231594837
2024-08-14 13:34:32,40100.0,100,Buy,231594951
2024-08-14 13:34:33,40100.0,100,Buy,231594978
2024-08-14 13:34:35,40100.0,500,Buy,231595048
2024-08-14 13:34:36,40100.0,400,Buy,231595062
2024-08-14 13:34:37,40100.0,100,Sell,231595103
2024-08-14 13:34:39,40100.0,800,Sell,231595149
2024-08-14 13:35:14,40100.0,200,Sell,231595914
2024-08-14 13:35:29,40100.0,3500,Sell,231596415
2024-08-14 13:35:29,40100.0,100,Sell,231596416
2024-08-14 13:35:29,40100.0,200,Sell,231596417
2024-08-14 13:35:29,40100.0,100,Sell,231596418
2024-08-14 13:35:29,40100.0,1100,Sell,231596419
2024-08-14 13:35:31,40100.0,300,Sell,231596509
2024-08-14 13:35:32,40100.0,200,Buy,231596579
2024-08-14 13:35:32,40100.0,100,Sell,231596578
2024-08-14 13:35:32,40100.0,400,Sell,231596577
2024-08-14 13:35:32,40100.0,100,Sell,231596572
2024-08-14 13:35:32,40100.0,1000,Sell,231596574
2024-08-14 13:35:32,40100.0,100,Sell,231596573
2024-08-14 13:35:32,40100.0,1000,Sell,231596571
2024-08-14 13:35:32,40100.0,100,Sell,231596576
2024-08-14 13:35:32,40100.0,2800,Sell,231596569
2024-08-14 13:35:32,40100.0,500,Sell,231596570
2024-08-14 13:35:32,40100.0,1100,Sell,231596563
2024-08-14 13:35:32,40100.0,500,Sell,231596564
2024-08-14 13:35:32,40100.0,200,Sell,231596565
2024-08-14 13:35:32,40100.0,100,Sell,231596575
2024-08-14 13:35:32,40100.0,300,Sell,231596566
2024-08-14 13:35:32,40100.0,300,Sell,231596567
2024-08-14 13:35:32,40100.0,1000,Sell,231596568
2024-08-14 13:35:33,40100.0,300,Buy,231596596
2024-08-14 13:35:39,40100.0,1100,Buy,231596751
2024-08-14 13:35:44,40100.0,1000,Buy,231596891
2024-08-14 13:35:51,40100.0,100,Buy,231597092
2024-08-14 13:35:51,40100.0,2000,Buy,231597094
2024-08-14 13:35:51,40100.0,1200,Buy,231597108
2024-08-14 13:35:54,40100.0,200,Buy,231597176
2024-08-14 13:36:11,40100.0,300,Buy,231597860
2024-08-14 13:36:14,40100.0,100,Buy,231597942
2024-08-14 13:36:17,40100.0,300,Buy,231598061
2024-08-14 13:36:18,40100.0,600,Buy,231598107
2024-08-14 13:36:18,40100.0,400,Buy,231598108
2024-08-14 13:36:22,40100.0,300,Buy,231598237
2024-08-14 13:36:22,40100.0,300,Buy,231598236
2024-08-14 13:36:22,40100.0,100,Buy,231598234
2024-08-14 13:36:22,40100.0,400,Buy,231598233
2024-08-14 13:36:22,40100.0,300,Buy,231598235
2024-08-14 13:36:34,40200.0,200,Buy,231598560
2024-08-14 13:36:37,40150.0,1000,Sell,231598642
2024-08-14 13:36:37,40100.0,100,Sell,231598643
2024-08-14 13:36:41,40200.0,100,Buy,231598755
2024-08-14 13:37:00,40150.0,100,Sell,231599331
2024-08-14 13:37:08,40150.0,100,Sell,231599679
2024-08-14 13:37:32,40150.0,200,Sell,231600387
2024-08-14 13:37:32,40150.0,100,Sell,231600388
2024-08-14 13:37:38,40150.0,600,Buy,231600512
2024-08-14 13:37:53,40100.0,400,Sell,231600933
2024-08-14 13:37:53,40100.0,1000,Sell,231600932
2024-08-14 13:37:53,40100.0,1600,Sell,231600934
2024-08-14 13:37:53,40100.0,500,Sell,231600930
2024-08-14 13:37:53,40100.0,500,Sell,231600929
2024-08-14 13:37:53,40100.0,900,Sell,231600928
2024-08-14 13:37:53,40100.0,100,Sell,231600931
2024-08-14 13:38:03,40150.0,800,Buy,231601133
2024-08-14 13:38:08,40100.0,500,Sell,231601260
2024-08-14 13:38:12,40150.0,200,Buy,231601327
2024-08-14 13:38:26,40150.0,500,Buy,231601721
2024-08-14 13:38:30,40150.0,700,Buy,231601837
2024-08-14 13:38:46,40150.0,3400,Buy,231602171
2024-08-14 13:38:53,40150.0,100,Buy,231602474
2024-08-14 13:38:56,40150.0,900,Buy,231602543
2024-08-14 13:39:04,40100.0,100,Sell,231602726
2024-08-14 13:39:17,40100.0,100,Sell,231603031
2024-08-14 13:39:17,40100.0,1000,Sell,231603030
2024-08-14 13:39:17,40100.0,1000,Sell,231603029
2024-08-14 13:39:17,40100.0,500,Sell,231603028
2024-08-14 13:39:17,40100.0,100,Sell,231603027
2024-08-14 13:39:17,40100.0,100,Sell,231603026
2024-08-14 13:39:17,40100.0,300,Sell,231603025
2024-08-14 13:39:17,40100.0,500,Sell,231603024
2024-08-14 13:39:17,40100.0,200,Sell,231603021
2024-08-14 13:39:17,40100.0,100,Sell,231603022
2024-08-14 13:39:17,40100.0,3000,Sell,231603020
2024-08-14 13:39:17,40100.0,3300,Sell,231603019
2024-08-14 13:39:17,40100.0,100,Sell,231603018
2024-08-14 13:39:17,40100.0,100,Sell,231603017
2024-08-14 13:39:17,40100.0,2100,Sell,231603016
2024-08-14 13:39:17,40100.0,500,Sell,231603006
2024-08-14 13:39:17,40100.0,1000,Sell,231603023
2024-08-14 13:39:32,40100.0,5000,Buy,231603486
2024-08-14 13:39:34,40050.0,100,Sell,231603557
2024-08-14 13:39:35,40100.0,100,Buy,231603565
2024-08-14 13:39:36,40100.0,1000,Buy,231603579
2024-08-14 13:39:38,40100.0,400,Buy,231603641
2024-08-14 13:39:38,40100.0,400,Buy,231603642
2024-08-14 13:39:54,40100.0,1000,Buy,231603951
2024-08-14 13:40:01,40100.0,800,Buy,231604099
2024-08-14 13:40:01,40100.0,400,Buy,231604097
2024-08-14 13:40:01,40100.0,1600,Buy,231604096
2024-08-14 13:40:01,40100.0,200,Buy,231604098
2024-08-14 13:40:07,40100.0,100,Buy,231604227
2024-08-14 13:40:07,40100.0,900,Buy,231604228
2024-08-14 13:40:07,40100.0,100,Buy,231604194
2024-08-14 13:40:08,40100.0,100,Buy,231604238
2024-08-14 13:40:17,40100.0,500,Buy,231604453
2024-08-14 13:40:17,40100.0,200,Buy,231604461
2024-08-14 13:40:21,40100.0,300,Buy,231604549
2024-08-14 13:40:21,40100.0,100,Buy,231604550
2024-08-14 13:40:21,40100.0,300,Buy,231604551
2024-08-14 13:40:22,40100.0,300,Sell,231604561
2024-08-14 13:40:22,40100.0,200,Sell,231604562
2024-08-14 13:40:30,40100.0,100,Buy,231604763
2024-08-14 13:40:31,40100.0,300,Buy,231604790
2024-08-14 13:40:34,40150.0,200,Buy,231604875
2024-08-14 13:40:34,40150.0,1000,Buy,231604874
2024-08-14 13:40:34,40100.0,500,Buy,231604872
2024-08-14 13:40:34,40100.0,100,Buy,231604871
2024-08-14 13:40:34,40150.0,7900,Buy,231604873
2024-08-14 13:40:37,40150.0,300,Sell,231604949
2024-08-14 13:40:41,40100.0,600,Buy,231605073
2024-08-14 13:40:44,40100.0,300,Buy,231605162
2024-08-14 13:40:44,40100.0,4200,Buy,231605163
2024-08-14 13:40:46,40100.0,2000,Buy,231605202
2024-08-14 13:40:46,40100.0,1600,Buy,231605225
2024-08-14 13:40:47,40100.0,100,Buy,231605234
2024-08-14 13:40:47,40050.0,100,Sell,231605242
2024-08-14 13:40:50,40100.0,500,Buy,231605324
2024-08-14 13:40:51,40100.0,400,Buy,231605354
2024-08-14 13:41:32,40150.0,1000,Sell,231606248
2024-08-14 13:41:49,40200.0,200,Buy,231606647
2024-08-14 13:41:49,40200.0,400,Buy,231606646
2024-08-14 13:41:49,40200.0,400,Buy,231606645
2024-08-14 13:41:49,40200.0,900,Buy,231606643
2024-08-14 13:41:49,40200.0,100,Buy,231606641
2024-08-14 13:41:49,40200.0,500,Buy,231606644
2024-08-14 13:41:49,40200.0,500,Buy,231606642
2024-08-14 13:41:57,40200.0,200,Buy,231606815
2024-08-14 13:42:00,40200.0,800,Buy,231606927
2024-08-14 13:42:11,40200.0,1500,Sell,231607211
2024-08-14 13:42:13,40200.0,500,Sell,231607254
2024-08-14 13:42:34,40250.0,900,Buy,231607829
2024-08-14 13:42:34,40250.0,1000,Buy,231607831
2024-08-14 13:42:34,40250.0,200,Buy,231607830
2024-08-14 13:42:37,40250.0,2100,Sell,231607905
2024-08-14 13:42:41,40250.0,100,Buy,231607973
2024-08-14 13:42:49,40250.0,4500,Sell,231608128
2024-08-14 13:42:49,40250.0,300,Sell,231608129
2024-08-14 13:42:58,40250.0,300,Sell,231608417
2024-08-14 13:43:04,40250.0,200,Sell,231608522
2024-08-14 13:43:08,40250.0,2000,Sell,231608611
2024-08-14 13:43:12,40250.0,100,Sell,231608716
2024-08-14 13:43:14,40250.0,700,Sell,231608753
2024-08-14 13:43:14,40250.0,600,Sell,231608752
2024-08-14 13:43:21,40250.0,1000,Sell,231608857
2024-08-14 13:43:24,40250.0,1100,Sell,231608926
2024-08-14 13:43:46,40250.0,200,Sell,231609455
2024-08-14 13:43:52,40250.0,100,Sell,231609628
2024-08-14 13:44:08,40250.0,100,Sell,231609986
2024-08-14 13:44:08,40250.0,2000,Sell,231609987
2024-08-14 13:44:08,40250.0,500,Sell,231609988
2024-08-14 13:44:08,40250.0,100,Sell,231609989
2024-08-14 13:44:08,40250.0,2000,Sell,231609990
2024-08-14 13:44:46,40250.0,200,Buy,231610740
2024-08-14 13:44:50,40200.0,100,Sell,231610812
2024-08-14 13:45:04,40250.0,100,Buy,231611161
2024-08-14 13:45:04,40250.0,500,Buy,231611162
2024-08-14 13:45:04,40250.0,1300,Buy,231611163
2024-08-14 13:45:18,40250.0,1000,Sell,231611460
2024-08-14 13:45:19,40250.0,2000,Sell,231611475
2024-08-14 13:45:20,40250.0,2000,Sell,231611500
2024-08-14 13:45:21,40250.0,1400,Sell,231611533
2024-08-14 13:45:24,40250.0,200,Sell,231611689
2024-08-14 13:45:24,40250.0,100,Sell,231611690
2024-08-14 13:45:34,40250.0,100,Sell,231612052
2024-08-14 13:45:34,40250.0,100,Sell,231612053
2024-08-14 13:45:43,40300.0,200,Buy,231612235
2024-08-14 13:46:08,40300.0,500,Buy,231613136
2024-08-14 13:46:08,40300.0,500,Buy,231613137
2024-08-14 13:46:08,40300.0,4000,Buy,231613138
2024-08-14 13:46:14,40300.0,100,Buy,231613344
2024-08-14 13:46:20,40300.0,100,Buy,231613526
2024-08-14 13:46:21,40300.0,100,Buy,231613563
2024-08-14 13:46:34,40300.0,800,Buy,231614014
2024-08-14 13:46:34,40250.0,300,Sell,231614015
2024-08-14 13:46:42,40250.0,100,Sell,231614271
2024-08-14 13:46:43,40250.0,100,Sell,231614368
2024-08-14 13:46:43,40250.0,900,Sell,231614369
2024-08-14 13:47:01,40250.0,500,Sell,231614888
2024-08-14 13:47:06,40250.0,500,Sell,231615029
2024-08-14 13:47:24,40150.0,600,Sell,231616102
2024-08-14 13:47:24,40150.0,3400,Sell,231616105
2024-08-14 13:47:24,40150.0,200,Sell,231616104
2024-08-14 13:47:24,40150.0,100,Sell,231616103
2024-08-14 13:47:24,40200.0,100,Sell,231616101
2024-08-14 13:47:24,40250.0,100,Sell,231616095
2024-08-14 13:47:24,40200.0,100,Sell,231616099
2024-08-14 13:47:24,40200.0,500,Sell,231616098
2024-08-14 13:47:24,40200.0,400,Sell,231616097
2024-08-14 13:47:24,40200.0,900,Sell,231616096
2024-08-14 13:47:24,40200.0,500,Sell,231616100
2024-08-14 13:47:36,40150.0,500,Sell,231616502
2024-08-14 13:47:38,40300.0,700,Buy,231616569
2024-08-14 13:48:09,40250.0,100,Buy,231617774
2024-08-14 13:48:09,40250.0,500,Buy,231617775
2024-08-14 13:48:11,40200.0,300,Sell,231617866
2024-08-14 13:48:22,40150.0,500,Sell,231618166
2024-08-14 13:48:22,40150.0,100,Sell,231618165
2024-08-14 13:48:22,40150.0,1600,Sell,231618167
2024-08-14 13:48:22,40150.0,1500,Sell,231618163
2024-08-14 13:48:22,40200.0,200,Sell,231618161
2024-08-14 13:48:22,40150.0,1000,Sell,231618164
2024-08-14 13:48:22,40150.0,1100,Sell,231618162
2024-08-14 13:48:29,40200.0,100,Sell,231618323
2024-08-14 13:48:49,40200.0,100,Buy,231618783
2024-08-14 13:48:49,40200.0,100,Buy,231618784
2024-08-14 13:49:00,40150.0,400,Sell,231619086
2024-08-14 13:49:00,40150.0,200,Sell,231619087
2024-08-14 13:49:00,40200.0,100,Buy,231619094
2024-08-14 13:49:08,40200.0,100,Buy,231619300
2024-08-14 13:49:23,40200.0,500,Buy,231619771
2024-08-14 13:49:31,40200.0,200,Buy,231619963
2024-08-14 13:49:39,40200.0,300,Buy,231620141
2024-08-14 13:49:42,40200.0,700,Buy,231620230
2024-08-14 13:49:42,40200.0,1000,Buy,231620231
2024-08-14 13:49:42,40200.0,200,Buy,231620232
2024-08-14 13:49:42,40200.0,500,Buy,231620233
2024-08-14 13:49:42,40300.0,300,Buy,231620234
2024-08-14 13:49:53,40200.0,200,Buy,231620555
2024-08-14 13:50:02,40200.0,100,Sell,231620842
2024-08-14 13:50:02,40200.0,800,Sell,231620841
2024-08-14 13:50:08,40200.0,100,Buy,231621021
2024-08-14 13:50:11,40200.0,100,Buy,231621090
2024-08-14 13:50:16,40200.0,1000,Buy,231621163
2024-08-14 13:50:22,40200.0,400,Buy,231621242
2024-08-14 13:50:22,40200.0,500,Buy,231621243
2024-08-14 13:50:29,40200.0,100,Sell,231621418
2024-08-14 13:50:31,40100.0,200,Sell,231621482
2024-08-14 13:50:31,40100.0,300,Sell,231621483
2024-08-14 13:50:31,40100.0,2000,Sell,231621484
2024-08-14 13:50:31,40100.0,100,Sell,231621485
2024-08-14 13:50:31,40100.0,300,Sell,231621486
2024-08-14 13:50:31,40100.0,100,Sell,231621487
2024-08-14 13:50:31,40100.0,100,Sell,231621481
2024-08-14 13:50:31,40100.0,200,Sell,231621489
2024-08-14 13:50:31,40100.0,100,Sell,231621490
2024-08-14 13:50:31,40100.0,600,Sell,231621491
2024-08-14 13:50:31,40100.0,100,Sell,231621492
2024-08-14 13:50:31,40100.0,500,Sell,231621493
2024-08-14 13:50:31,40100.0,100,Sell,231621494
2024-08-14 13:50:31,40100.0,100,Sell,231621488
2024-08-14 13:50:31,40100.0,100,Sell,231621480
2024-08-14 13:50:31,40150.0,100,Sell,231621469
2024-08-14 13:50:31,40100.0,300,Sell,231621478
2024-08-14 13:50:31,40100.0,200,Sell,231621479
2024-08-14 13:50:31,40150.0,800,Sell,231621464
2024-08-14 13:50:31,40150.0,200,Sell,231621465
2024-08-14 13:50:31,40150.0,500,Sell,231621466
2024-08-14 13:50:31,40150.0,100,Sell,231621467
2024-08-14 13:50:31,40150.0,100,Sell,231621470
2024-08-14 13:50:31,40150.0,100,Sell,231621468
2024-08-14 13:50:31,40150.0,500,Sell,231621472
2024-08-14 13:50:31,40100.0,100,Sell,231621476
2024-08-14 13:50:31,40100.0,600,Sell,231621475
2024-08-14 13:50:31,40100.0,700,Sell,231621477
2024-08-14 13:50:31,40100.0,600,Sell,231621473
2024-08-14 13:50:31,40150.0,100,Sell,231621471
2024-08-14 13:50:31,40100.0,100,Sell,231621474
2024-08-14 13:50:32,40200.0,200,Buy,231621515
2024-08-14 13:50:34,40200.0,800,Sell,231621552
2024-08-14 13:50:41,40200.0,100,Buy,231621818
2024-08-14 13:50:42,40200.0,100,Buy,231621844
2024-08-14 13:50:50,40200.0,100,Buy,231621988
2024-08-14 13:50:50,40200.0,100,Buy,231621991
2024-08-14 13:51:27,40200.0,1000,Buy,231622840
2024-08-14 13:51:31,40200.0,300,Buy,231622946
2024-08-14 13:51:48,40200.0,700,Sell,231623445
2024-08-14 13:51:48,40200.0,100,Sell,231623446
2024-08-14 13:52:06,40200.0,100,Sell,231624037
2024-08-14 13:52:06,40200.0,300,Sell,231624038
2024-08-14 13:52:06,40200.0,100,Sell,231624039
2024-08-14 13:52:18,40200.0,200,Sell,231624336
2024-08-14 13:52:18,40200.0,100,Sell,231624335
2024-08-14 13:52:28,40200.0,800,Buy,231624544
2024-08-14 13:52:29,40200.0,2000,Buy,231624572
2024-08-14 13:52:39,40200.0,100,Buy,231624880
2024-08-14 13:52:46,40200.0,10000,Buy,231625032
2024-08-14 13:52:52,40200.0,200,Buy,231625206
2024-08-14 13:52:54,40200.0,1000,Buy,231625239
2024-08-14 13:52:57,40200.0,5000,Buy,231625308
2024-08-14 13:52:58,40200.0,2400,Buy,231625329
2024-08-14 13:52:58,40200.0,400,Buy,231625330
2024-08-14 13:52:58,40250.0,500,Buy,231625349
2024-08-14 13:52:58,40250.0,500,Buy,231625350
2024-08-14 13:53:40,40300.0,1000,Buy,231626362
2024-08-14 13:53:50,40300.0,100,Buy,231626616
2024-08-14 13:53:51,40300.0,600,Buy,231626637
2024-08-14 13:53:52,40300.0,2000,Buy,231626697
2024-08-14 13:53:54,40300.0,500,Buy,231626748
2024-08-14 13:53:54,40300.0,1500,Buy,231626747
2024-08-14 13:53:54,40300.0,600,Buy,231626745
2024-08-14 13:53:54,40300.0,500,Buy,231626744
2024-08-14 13:53:54,40300.0,800,Buy,231626746
2024-08-14 13:53:54,40300.0,200,Buy,231626743
2024-08-14 13:53:55,40300.0,900,Sell,231626795
2024-08-14 13:53:59,40300.0,100,Buy,231626966
2024-08-14 13:54:21,40300.0,1000,Sell,231627524
2024-08-14 13:54:32,40300.0,100,Sell,231627768
2024-08-14 13:54:32,40300.0,300,Sell,231627769
2024-08-14 13:54:32,40300.0,1000,Sell,231627770
2024-08-14 13:54:32,40300.0,500,Sell,231627771
2024-08-14 13:54:43,40300.0,500,Buy,231628095
2024-08-14 13:54:54,40300.0,100,Buy,231628362
2024-08-14 13:55:01,40300.0,2500,Buy,231628545
2024-08-14 13:55:01,40300.0,7500,Buy,231628544
2024-08-14 13:55:03,40250.0,700,Sell,231628595
2024-08-14 13:55:03,40250.0,300,Sell,231628594
2024-08-14 13:55:17,40300.0,100,Buy,231628901
2024-08-14 13:55:18,40300.0,1000,Buy,231628911
2024-08-14 13:55:23,40300.0,100,Buy,231629050
2024-08-14 13:55:30,40300.0,500,Buy,231629295
2024-08-14 13:55:44,40300.0,1000,Buy,231629600
2024-08-14 13:56:03,40300.0,100,Buy,231630114
2024-08-14 13:56:26,40300.0,200,Buy,231630801
2024-08-14 13:56:29,40300.0,100,Buy,231630875
2024-08-14 13:56:40,40300.0,100,Buy,231631161
2024-08-14 13:56:41,40300.0,100,Buy,231631196
2024-08-14 13:56:43,40300.0,100,Buy,231631246
2024-08-14 13:56:44,40300.0,2000,Buy,231631273
2024-08-14 13:56:44,40300.0,200,Buy,231631274
2024-08-14 13:56:44,40300.0,2000,Buy,231631275
2024-08-14 13:56:57,40350.0,300,Buy,231631643
2024-08-14 13:57:30,40400.0,200,Buy,231632420
2024-08-14 13:57:45,40400.0,200,Buy,231632809
2024-08-14 13:57:45,40400.0,100,Buy,231632808
2024-08-14 13:57:58,40450.0,2200,Sell,231633162
2024-08-14 13:57:58,40400.0,600,Sell,231633163
2024-08-14 13:57:58,40400.0,1000,Sell,231633164
2024-08-14 13:58:04,40400.0,1000,Buy,231633379
2024-08-14 13:58:06,40400.0,500,Buy,231633447
2024-08-14 13:58:12,40400.0,100,Buy,231633617
2024-08-14 13:58:19,40400.0,300,Buy,231633800
2024-08-14 13:58:31,40400.0,1000,Buy,231634109
2024-08-14 13:58:36,40400.0,3300,Buy,231634223
2024-08-14 14:00:51,40450.0,100,Buy,231636836
2024-08-14 14:01:18,40500.0,100,Buy,231637485
2024-08-14 14:01:44,40500.0,100,Buy,231637987
2024-08-14 14:02:02,40450.0,100,Sell,231638403
2024-08-14 14:02:23,40400.0,1000,Sell,231638846
2024-08-14 14:02:44,40500.0,500,Buy,231639351
2024-08-14 14:02:58,40400.0,1000,Sell,231639629
2024-08-14 14:02:58,40400.0,2200,Sell,231639636
2024-08-14 14:02:58,40400.0,1500,Sell,231639635
2024-08-14 14:02:58,40400.0,2400,Sell,231639634
2024-08-14 14:02:58,40400.0,700,Sell,231639628
2024-08-14 14:02:58,40400.0,200,Sell,231639632
2024-08-14 14:02:58,40400.0,1000,Sell,231639631
2024-08-14 14:02:58,40400.0,100,Sell,231639630
2024-08-14 14:02:58,40400.0,100,Sell,231639633
2024-08-14 14:03:10,40350.0,700,Sell,231639878
2024-08-14 14:03:10,40350.0,2000,Sell,231639879
2024-08-14 14:03:10,40350.0,3700,Sell,231639880
2024-08-14 14:03:10,40400.0,100,Buy,231639903
2024-08-14 14:03:15,40400.0,1000,Buy,231640039
2024-08-14 14:03:23,40350.0,1000,Sell,231640270
2024-08-14 14:03:23,40350.0,500,Sell,231640271
2024-08-14 14:03:23,40350.0,1300,Sell,231640268
2024-08-14 14:03:23,40350.0,500,Sell,231640269
2024-08-14 14:03:34,40350.0,1700,Buy,231640484
2024-08-14 14:03:57,40400.0,100,Buy,231640996
2024-08-14 14:04:09,40400.0,400,Buy,231641290
2024-08-14 14:04:09,40400.0,500,Buy,231641291
2024-08-14 14:04:11,40400.0,100,Sell,231641330
2024-08-14 14:04:38,40400.0,200,Buy,231641904
2024-08-14 14:05:09,40350.0,4600,Sell,231642559
2024-08-14 14:05:09,40350.0,600,Sell,231642558
2024-08-14 14:05:13,40350.0,400,Sell,231642623
2024-08-14 14:05:15,40400.0,100,Buy,231642644
2024-08-14 14:05:22,40350.0,200,Sell,231642817
2024-08-14 14:05:32,40400.0,300,Buy,231643021
2024-08-14 14:05:42,40400.0,100,Buy,231643231
2024-08-14 14:05:50,40400.0,300,Buy,231643426
2024-08-14 14:05:51,40350.0,600,Sell,231643443
2024-08-14 14:06:10,40300.0,300,Sell,231643815
2024-08-14 14:06:16,40350.0,100,Sell,231643933
2024-08-14 14:06:16,40350.0,600,Sell,231643934
2024-08-14 14:06:17,40400.0,100,Buy,231643969
2024-08-14 14:07:22,40400.0,600,Buy,231645417
2024-08-14 14:07:26,40400.0,100,Buy,231645493
2024-08-14 14:07:27,40350.0,100,Sell,231645502
2024-08-14 14:07:27,40350.0,100,Sell,231645503
2024-08-14 14:07:28,40350.0,100,Sell,231645523
2024-08-14 14:07:31,40300.0,5500,Sell,231645664
2024-08-14 14:07:31,40300.0,1000,Sell,231645665
2024-08-14 14:07:31,40300.0,500,Sell,231645666
2024-08-14 14:07:31,40300.0,200,Sell,231645667
2024-08-14 14:07:31,40300.0,1000,Sell,231645668
2024-08-14 14:07:31,40300.0,900,Sell,231645669
2024-08-14 14:07:31,40300.0,500,Sell,231645670
2024-08-14 14:07:31,40300.0,200,Sell,231645671
2024-08-14 14:07:31,40300.0,100,Sell,231645672
2024-08-14 14:07:31,40300.0,1000,Sell,231645674
2024-08-14 14:07:31,40300.0,1000,Sell,231645675
2024-08-14 14:08:07,40300.0,100,Buy,231646531
2024-08-14 14:08:21,40300.0,100,Buy,231646822
2024-08-14 14:08:21,40300.0,900,Buy,231646821
2024-08-14 14:08:32,40300.0,100,Buy,231647075
2024-08-14 14:08:42,40300.0,100,Buy,231647259
2024-08-14 14:08:52,40300.0,700,Buy,231647521
2024-08-14 14:08:52,40300.0,300,Buy,231647522
2024-08-14 14:09:21,40300.0,100,Buy,231648141
2024-08-14 14:09:39,40250.0,500,Sell,231648580
2024-08-14 14:09:51,40300.0,200,Buy,231648841
2024-08-14 14:09:52,40250.0,2000,Sell,231648889
2024-08-14 14:09:53,40300.0,1000,Buy,231648892
2024-08-14 14:10:01,40250.0,1800,Sell,231649043
2024-08-14 14:10:01,40250.0,300,Sell,231649044
2024-08-14 14:10:01,40250.0,500,Sell,231649045
2024-08-14 14:10:01,40250.0,100,Sell,231649046
2024-08-14 14:10:01,40250.0,2400,Sell,231649047
2024-08-14 14:10:04,40300.0,700,Buy,231649140
2024-08-14 14:10:29,40250.0,100,Sell,231649715
2024-08-14 14:10:29,40250.0,800,Sell,231649716
2024-08-14 14:10:29,40250.0,1600,Sell,231649714
2024-08-14 14:10:31,40250.0,100,Sell,231649822
2024-08-14 14:10:33,40250.0,100,Sell,231649906
2024-08-14 14:10:33,40250.0,200,Sell,231649905
2024-08-14 14:10:33,40250.0,300,Sell,231649903
2024-08-14 14:10:33,40250.0,100,Sell,231649904
2024-08-14 14:10:33,40250.0,200,Sell,231649901
2024-08-14 14:10:33,40250.0,1000,Sell,231649900
2024-08-14 14:10:33,40250.0,200,Sell,231649899
2024-08-14 14:10:33,40250.0,100,Sell,231649898
2024-08-14 14:10:33,40250.0,100,Sell,231649902
2024-08-14 14:10:48,40200.0,2500,Sell,231650315
2024-08-14 14:10:53,40200.0,1900,Sell,231650459
2024-08-14 14:11:00,40200.0,300,Sell,231650649
2024-08-14 14:11:00,40200.0,2200,Sell,231650652
2024-08-14 14:11:00,40200.0,100,Sell,231650651
2024-08-14 14:11:00,40200.0,500,Sell,231650650
2024-08-14 14:11:00,40200.0,100,Sell,231650648
2024-08-14 14:11:00,40200.0,500,Sell,231650643
2024-08-14 14:11:00,40200.0,500,Sell,231650646
2024-08-14 14:11:00,40200.0,100,Sell,231650645
2024-08-14 14:11:00,40200.0,100,Sell,231650644
2024-08-14 14:11:00,40200.0,300,Sell,231650642
2024-08-14 14:11:00,40200.0,1800,Sell,231650640
2024-08-14 14:11:00,40200.0,500,Sell,231650647
2024-08-14 14:11:02,40200.0,2800,Sell,231650689
2024-08-14 14:11:11,40200.0,500,Sell,231650939
2024-08-14 14:11:19,40150.0,100,Sell,231651125
2024-08-14 14:11:26,40200.0,100,Buy,231651352
2024-08-14 14:11:31,40150.0,200,Sell,231651459
2024-08-14 14:11:31,40150.0,500,Sell,231651458
2024-08-14 14:11:31,40150.0,100,Sell,231651457
2024-08-14 14:11:31,40150.0,300,Sell,231651455
2024-08-14 14:11:31,40150.0,100,Sell,231651454
2024-08-14 14:11:31,40150.0,100,Sell,231651456
2024-08-14 14:11:31,40150.0,200,Sell,231651453
2024-08-14 14:11:42,40200.0,400,Buy,231651746
2024-08-14 14:11:42,40200.0,600,Buy,231651747
2024-08-14 14:11:49,40150.0,100,Sell,231651963
2024-08-14 14:11:49,40150.0,300,Sell,231651964
2024-08-14 14:12:05,40150.0,500,Sell,231652509
2024-08-14 14:12:06,40150.0,4000,Sell,231652527
2024-08-14 14:12:22,40150.0,200,Sell,231653027
2024-08-14 14:12:22,40150.0,100,Sell,231653028
2024-08-14 14:12:22,40150.0,600,Sell,231653029
2024-08-14 14:12:22,40150.0,1000,Sell,231653030
2024-08-14 14:12:29,40100.0,100,Sell,231653253
2024-08-14 14:12:29,40100.0,200,Sell,231653254
2024-08-14 14:12:29,40100.0,200,Sell,231653255
2024-08-14 14:12:29,40100.0,100,Sell,231653256
2024-08-14 14:12:29,40100.0,100,Sell,231653260
2024-08-14 14:12:29,40100.0,300,Sell,231653258
2024-08-14 14:12:29,40100.0,1000,Sell,231653259
2024-08-14 14:12:29,40100.0,200,Sell,231653252
2024-08-14 14:12:29,40150.0,200,Buy,231653263
2024-08-14 14:12:29,40100.0,1000,Sell,231653257
2024-08-14 14:12:29,40100.0,1000,Sell,231653251
2024-08-14 14:12:29,40100.0,500,Sell,231653262
2024-08-14 14:12:29,40100.0,100,Sell,231653242
2024-08-14 14:12:29,40100.0,200,Sell,231653250
2024-08-14 14:12:29,40100.0,200,Sell,231653231
2024-08-14 14:12:29,40100.0,1000,Sell,231653232
2024-08-14 14:12:29,40100.0,100,Sell,231653233
2024-08-14 14:12:29,40100.0,200,Sell,231653234
2024-08-14 14:12:29,40100.0,200,Sell,231653235
2024-08-14 14:12:29,40100.0,100,Sell,231653261
2024-08-14 14:12:29,40100.0,100,Sell,231653237
2024-08-14 14:12:29,40100.0,1000,Sell,231653238
2024-08-14 14:12:29,40100.0,100,Sell,231653236
2024-08-14 14:12:29,40100.0,500,Sell,231653239
2024-08-14 14:12:29,40100.0,1000,Sell,231653240
2024-08-14 14:12:29,40100.0,500,Sell,231653241
2024-08-14 14:12:31,40150.0,200,Buy,231653316
2024-08-14 14:12:32,40100.0,1000,Sell,231653321
2024-08-14 14:12:32,40100.0,100,Sell,231653322
2024-08-14 14:12:32,40100.0,900,Sell,231653323
2024-08-14 14:12:49,40100.0,100,Sell,231653988
2024-08-14 14:12:49,40100.0,400,Sell,231653989
2024-08-14 14:12:50,40100.0,300,Sell,231654022
2024-08-14 14:12:55,40100.0,500,Sell,231654239
2024-08-14 14:12:56,40100.0,500,Sell,231654301
2024-08-14 14:13:00,40100.0,800,Sell,231654527
2024-08-14 14:13:00,40100.0,200,Sell,231654528
2024-08-14 14:13:03,40150.0,100,Buy,231654651
2024-08-14 14:13:13,40150.0,1000,Buy,231655081
2024-08-14 14:13:13,40150.0,400,Buy,231655075
2024-08-14 14:13:13,40150.0,200,Buy,231655066
2024-08-14 14:13:16,40100.0,800,Sell,231655154
2024-08-14 14:13:16,40100.0,100,Sell,231655155
2024-08-14 14:13:16,40100.0,100,Sell,231655156
2024-08-14 14:13:16,40100.0,2000,Sell,231655157
2024-08-14 14:13:36,40150.0,100,Buy,231655887
2024-08-14 14:13:44,40100.0,100,Sell,231656133
2024-08-14 14:13:51,40100.0,500,Sell,231656413
2024-08-14 14:13:59,40100.0,400,Sell,231656734
2024-08-14 14:13:59,40100.0,100,Sell,231656728
2024-08-14 14:13:59,40100.0,100,Sell,231656729
2024-08-14 14:13:59,40100.0,200,Sell,231656730
2024-08-14 14:13:59,40100.0,200,Sell,231656731
2024-08-14 14:13:59,40100.0,100,Sell,231656732
2024-08-14 14:13:59,40100.0,500,Sell,231656733
2024-08-14 14:13:59,40100.0,1400,Sell,231656726
2024-08-14 14:13:59,40100.0,1000,Sell,231656727
2024-08-14 14:14:02,40150.0,300,Buy,231656881
2024-08-14 14:14:06,40150.0,200,Buy,231656981
2024-08-14 14:14:10,40150.0,400,Buy,231657099
2024-08-14 14:14:10,40150.0,500,Buy,231657100
2024-08-14 14:14:21,40200.0,200,Buy,231657541
2024-08-14 14:14:22,40150.0,300,Sell,231657564
2024-08-14 14:14:34,40200.0,700,Buy,231657923
2024-08-14 14:14:34,40200.0,2000,Buy,231657924
2024-08-14 14:14:34,40200.0,5000,Buy,231657925
2024-08-14 14:14:38,40150.0,200,Sell,231658055
2024-08-14 14:14:38,40150.0,100,Sell,231658056
2024-08-14 14:14:44,40150.0,100,Buy,231658296
2024-08-14 14:14:47,40100.0,500,Sell,231658377
2024-08-14 14:14:47,40100.0,500,Sell,231658378
2024-08-14 14:14:51,40150.0,100,Buy,231658526
2024-08-14 14:14:57,40150.0,500,Buy,231658772
2024-08-14 14:15:12,40100.0,100,Sell,231659291
2024-08-14 14:15:19,40150.0,500,Buy,231659598
2024-08-14 14:15:46,40150.0,200,Buy,231660591
2024-08-14 14:15:46,40100.0,500,Sell,231660588
2024-08-14 14:15:46,40100.0,300,Sell,231660587
2024-08-14 14:15:46,40100.0,500,Sell,231660583
2024-08-14 14:15:46,40100.0,100,Sell,231660586
2024-08-14 14:15:46,40100.0,100,Sell,231660585
2024-08-14 14:15:46,40100.0,200,Sell,231660584
2024-08-14 14:15:46,40100.0,1000,Sell,231660582
2024-08-14 14:15:46,40100.0,200,Sell,231660576
2024-08-14 14:15:46,40100.0,100,Sell,231660580
2024-08-14 14:15:46,40100.0,100,Sell,231660579
2024-08-14 14:15:46,40100.0,200,Sell,231660578
2024-08-14 14:15:46,40100.0,400,Sell,231660577
2024-08-14 14:15:46,40100.0,100,Sell,231660574
2024-08-14 14:15:46,40100.0,100,Sell,231660573
2024-08-14 14:15:46,40100.0,1000,Sell,231660581
2024-08-14 14:15:46,40100.0,100,Sell,231660575
2024-08-14 14:15:47,40150.0,1000,Buy,231660601
2024-08-14 14:15:48,40100.0,1900,Sell,231660629
2024-08-14 14:15:48,40100.0,600,Sell,231660628
2024-08-14 14:15:48,40100.0,1500,Sell,231660627
2024-08-14 14:15:52,40100.0,1000,Sell,231660789
2024-08-14 14:15:53,40150.0,300,Buy,231660810
2024-08-14 14:15:53,40150.0,100,Buy,231660811
2024-08-14 14:15:53,40150.0,100,Buy,231660809
2024-08-14 14:15:55,40150.0,900,Buy,231660842
2024-08-14 14:16:19,40150.0,1100,Sell,231661583
2024-08-14 14:16:19,40150.0,200,Sell,231661584
2024-08-14 14:16:19,40100.0,2100,Sell,231661585
2024-08-14 14:16:19,40100.0,200,Sell,231661586
2024-08-14 14:16:19,40100.0,1000,Sell,231661587
2024-08-14 14:16:19,40100.0,500,Sell,231661588
2024-08-14 14:16:19,40100.0,100,Sell,231661589
2024-08-14 14:16:24,40100.0,100,Buy,231661801
2024-08-14 14:16:35,40100.0,100,Buy,231662150
2024-08-14 14:16:37,40100.0,100,Buy,231662280
2024-08-14 14:16:37,40100.0,2000,Buy,231662267
2024-08-14 14:16:38,40100.0,900,Buy,231662301
2024-08-14 14:16:42,40100.0,100,Buy,231662432
2024-08-14 14:16:43,40100.0,1500,Buy,231662450
