time,price,volume,match_type,id
2024-08-09 09:14:38,38950.0,36400,ATO/ATC,230423314
2024-08-09 09:14:54,39000.0,100,Buy,230423860
2024-08-09 09:14:54,39000.0,400,Buy,230423861
2024-08-09 09:15:00,39000.0,200,Buy,230424043
2024-08-09 09:15:00,39000.0,100,Buy,230424042
2024-08-09 09:15:00,39000.0,600,Buy,230424038
2024-08-09 09:15:00,39000.0,1000,Buy,230424040
2024-08-09 09:15:00,39000.0,1000,Buy,230424041
2024-08-09 09:15:00,39000.0,500,Buy,230424039
2024-08-09 09:15:12,39000.0,1000,Sell,230424297
2024-08-09 09:15:35,39000.0,200,Sell,230424836
2024-08-09 09:15:35,39000.0,100,Sell,230424837
2024-08-09 09:15:35,39000.0,2500,Buy,230424843
2024-08-09 09:15:35,39000.0,600,Sell,230424835
2024-08-09 09:15:39,39000.0,200,Buy,230424927
2024-08-09 09:15:39,39000.0,1000,Buy,230424931
2024-08-09 09:15:39,39000.0,1000,Buy,230424932
2024-08-09 09:15:39,39000.0,100,Buy,230424933
2024-08-09 09:15:54,39000.0,2000,Sell,230425267
2024-08-09 09:16:03,39000.0,1900,Sell,230425516
2024-08-09 09:16:03,39000.0,600,Sell,230425517
2024-08-09 09:16:08,39000.0,400,Sell,230425678
2024-08-09 09:16:08,39000.0,1000,Sell,230425679
2024-08-09 09:16:08,39000.0,200,Sell,230425680
2024-08-09 09:16:08,39000.0,200,Sell,230425681
2024-08-09 09:16:14,39000.0,1000,Buy,230425798
2024-08-09 09:16:22,39000.0,2000,Buy,230425973
2024-08-09 09:16:22,39000.0,2200,Buy,230425971
2024-08-09 09:16:22,39000.0,2000,Buy,230425972
2024-08-09 09:16:38,39000.0,500,Sell,230426360
2024-08-09 09:16:41,39000.0,200,Sell,230426426
2024-08-09 09:16:42,39000.0,3100,Sell,230426493
2024-08-09 09:16:42,39000.0,1000,Sell,230426494
2024-08-09 09:16:42,38950.0,900,Sell,230426495
2024-08-09 09:16:52,38950.0,500,Sell,230426752
2024-08-09 09:16:53,39000.0,600,Buy,230426795
2024-08-09 09:16:53,39000.0,3000,Buy,230426796
2024-08-09 09:16:55,39000.0,500,Sell,230426844
2024-08-09 09:17:00,39000.0,1000,Sell,230426965
2024-08-09 09:17:00,39000.0,900,Sell,230426964
2024-08-09 09:17:02,39000.0,1000,Buy,230427005
2024-08-09 09:17:06,39000.0,100,Buy,230427076
2024-08-09 09:17:10,39000.0,200,Buy,230427202
2024-08-09 09:17:22,39000.0,1000,Buy,230427552
2024-08-09 09:17:22,39000.0,100,Buy,230427553
2024-08-09 09:17:22,39000.0,100,Buy,230427554
2024-08-09 09:17:25,39000.0,100,Buy,230427634
2024-08-09 09:17:30,39000.0,800,Buy,230427793
2024-08-09 09:17:42,39000.0,1500,Buy,230428036
2024-08-09 09:17:42,39000.0,100,Buy,230428035
2024-08-09 09:17:42,39000.0,100,Buy,230428033
2024-08-09 09:17:42,39000.0,100,Buy,230428032
2024-08-09 09:17:42,39000.0,500,Buy,230428034
2024-08-09 09:17:42,39000.0,200,Buy,230428031
2024-08-09 09:17:44,39000.0,100,Sell,230428092
2024-08-09 09:17:46,39000.0,100,Sell,230428148
2024-08-09 09:17:49,39000.0,300,Sell,230428185
2024-08-09 09:17:51,39000.0,1000,Sell,230428264
2024-08-09 09:17:51,39000.0,1000,Sell,230428265
2024-08-09 09:18:09,39000.0,100,Sell,230428660
2024-08-09 09:18:14,39000.0,400,Sell,230428771
2024-08-09 09:18:22,39000.0,1000,Sell,230429038
2024-08-09 09:18:29,39050.0,200,Buy,230429176
2024-08-09 09:18:38,39050.0,200,Buy,230429369
2024-08-09 09:18:38,39050.0,300,Buy,230429368
2024-08-09 09:18:39,39050.0,500,Buy,230429392
2024-08-09 09:18:39,39050.0,200,Buy,230429395
2024-08-09 09:18:39,39050.0,300,Buy,230429391
2024-08-09 09:18:42,39050.0,100,Buy,230429439
2024-08-09 09:18:42,39050.0,2700,Buy,230429440
2024-08-09 09:18:42,39050.0,100,Buy,230429441
2024-08-09 09:18:52,39050.0,100,Sell,230429705
2024-08-09 09:18:52,39050.0,100,Sell,230429706
2024-08-09 09:18:59,39050.0,100,Sell,230429872
2024-08-09 09:19:06,39050.0,500,Sell,230430012
2024-08-09 09:19:07,39050.0,1000,Sell,230430026
2024-08-09 09:19:22,39050.0,1000,Sell,230430418
2024-08-09 09:19:23,39050.0,1000,Sell,230430471
2024-08-09 09:19:29,39050.0,1400,Sell,230430618
2024-08-09 09:19:30,39050.0,1900,Sell,230430679
2024-08-09 09:19:30,39050.0,100,Sell,230430680
2024-08-09 09:19:43,39050.0,100,Sell,230430968
2024-08-09 09:19:56,39050.0,100,Sell,230431246
2024-08-09 09:19:58,39050.0,100,Sell,230431298
2024-08-09 09:19:58,39050.0,100,Sell,230431291
2024-08-09 09:20:04,39050.0,400,Sell,230431456
2024-08-09 09:20:10,39050.0,200,Sell,230431600
2024-08-09 09:20:18,39050.0,100,Sell,230431797
2024-08-09 09:20:28,39050.0,100,Sell,230432008
2024-08-09 09:20:41,39050.0,900,Buy,230432287
2024-08-09 09:20:41,39050.0,100,Buy,230432288
2024-08-09 09:20:43,39050.0,500,Buy,230432324
2024-08-09 09:20:43,39050.0,100,Buy,230432325
2024-08-09 09:20:43,39050.0,300,Buy,230432326
2024-08-09 09:20:47,39050.0,100,Sell,230432418
2024-08-09 09:21:06,39050.0,100,Buy,230432797
2024-08-09 09:21:06,39050.0,900,Buy,230432796
2024-08-09 09:21:07,39050.0,1000,Sell,230432798
2024-08-09 09:21:09,39050.0,300,Sell,230432837
2024-08-09 09:21:13,39000.0,3800,Sell,230432954
2024-08-09 09:21:13,39050.0,200,Sell,230432953
2024-08-09 09:21:22,39000.0,500,Sell,230433234
2024-08-09 09:21:41,39000.0,500,Sell,230433794
2024-08-09 09:22:00,39000.0,300,Sell,230434202
2024-08-09 09:22:04,39000.0,100,Sell,230434270
2024-08-09 09:22:04,39000.0,800,Sell,230434274
2024-08-09 09:22:04,39000.0,200,Sell,230434268
2024-08-09 09:22:04,39000.0,2400,Sell,230434267
2024-08-09 09:22:04,39000.0,300,Sell,230434269
2024-08-09 09:22:04,39000.0,200,Sell,230434273
2024-08-09 09:22:06,39000.0,200,Sell,230434307
2024-08-09 09:22:10,39000.0,1000,Sell,230434408
2024-08-09 09:22:10,39000.0,2000,Sell,230434409
2024-08-09 09:22:10,39000.0,200,Sell,230434410
2024-08-09 09:22:10,39000.0,1800,Sell,230434411
2024-08-09 09:22:11,39000.0,1000,Sell,230434428
2024-08-09 09:22:11,39000.0,100,Sell,230434433
2024-08-09 09:22:15,39000.0,1000,Sell,230434548
2024-08-09 09:22:18,39000.0,1000,Sell,230434612
2024-08-09 09:22:18,39000.0,500,Sell,230434610
2024-08-09 09:22:18,39000.0,1100,Sell,230434609
2024-08-09 09:22:18,39000.0,100,Sell,230434611
2024-08-09 09:22:32,39000.0,1400,Buy,230435000
2024-08-09 09:22:47,39000.0,900,Buy,230435397
2024-08-09 09:22:47,39000.0,2000,Buy,230435398
2024-08-09 09:22:47,39000.0,200,Buy,230435399
2024-08-09 09:22:47,39000.0,200,Buy,230435400
2024-08-09 09:22:47,39000.0,1000,Buy,230435401
2024-08-09 09:22:47,39000.0,200,Buy,230435402
2024-08-09 09:22:47,39000.0,100,Buy,230435403
2024-08-09 09:22:47,39000.0,400,Buy,230435404
2024-08-09 09:22:48,38950.0,200,Sell,230435429
2024-08-09 09:22:48,38950.0,700,Sell,230435430
2024-08-09 09:22:51,38950.0,400,Sell,230435470
2024-08-09 09:22:51,38950.0,1000,Sell,230435471
2024-08-09 09:22:51,38950.0,300,Sell,230435472
2024-08-09 09:22:53,38950.0,3000,Buy,230435524
2024-08-09 09:22:54,38900.0,1000,Sell,230435535
2024-08-09 09:22:54,38950.0,100,Buy,230435548
2024-08-09 09:22:59,38950.0,200,Buy,230435686
2024-08-09 09:23:07,38850.0,100,Sell,230435865
2024-08-09 09:23:21,38850.0,900,Sell,230436173
2024-08-09 09:23:21,38850.0,600,Sell,230436174
2024-08-09 09:23:37,38950.0,800,Buy,230436589
2024-08-09 09:23:37,38900.0,100,Buy,230436587
2024-08-09 09:23:37,38950.0,100,Buy,230436588
2024-08-09 09:23:54,38900.0,100,Buy,230436980
2024-08-09 09:24:03,38900.0,100,Sell,230437188
2024-08-09 09:24:12,38900.0,300,Sell,230437392
2024-08-09 09:24:18,38950.0,200,Buy,230437575
2024-08-09 09:24:18,38950.0,100,Buy,230437576
2024-08-09 09:24:18,38950.0,1000,Buy,230437577
2024-08-09 09:24:26,38950.0,200,Sell,230437770
2024-08-09 09:24:28,38950.0,1800,Buy,230437791
2024-08-09 09:24:42,38950.0,3000,Sell,230438056
2024-08-09 09:24:45,38950.0,300,Sell,230438132
2024-08-09 09:24:48,38950.0,1300,Sell,230438202
2024-08-09 09:24:50,38950.0,500,Sell,230438224
2024-08-09 09:24:52,38950.0,500,Sell,230438309
2024-08-09 09:25:34,38950.0,1000,Sell,230439240
2024-08-09 09:25:54,38950.0,1500,Sell,230439668
2024-08-09 09:25:58,38950.0,100,Sell,230439788
2024-08-09 09:25:58,38950.0,200,Sell,230439789
2024-08-09 09:26:23,38950.0,100,Buy,230440387
2024-08-09 09:26:29,38950.0,100,Buy,230440528
2024-08-09 09:26:36,38950.0,100,Buy,230440742
2024-08-09 09:26:36,38950.0,200,Buy,230440741
2024-08-09 09:26:37,38950.0,200,Sell,230440771
2024-08-09 09:26:49,38950.0,100,Sell,230441104
2024-08-09 09:26:49,38950.0,300,Sell,230441105
2024-08-09 09:27:20,38900.0,900,Sell,230441806
2024-08-09 09:27:23,38900.0,100,Sell,230441849
2024-08-09 09:27:34,38900.0,100,Sell,230442090
2024-08-09 09:27:50,38900.0,1000,Sell,230442344
2024-08-09 09:28:01,38900.0,1000,Sell,230442581
2024-08-09 09:28:02,38900.0,500,Sell,230442602
2024-08-09 09:28:10,38900.0,2000,Sell,230442738
2024-08-09 09:28:10,38900.0,500,Sell,230442739
2024-08-09 09:28:14,38900.0,2000,Sell,230442825
2024-08-09 09:28:18,38900.0,500,Sell,230442874
2024-08-09 09:28:20,38900.0,900,Sell,230442960
2024-08-09 09:28:20,38900.0,1100,Sell,230442961
2024-08-09 09:28:22,38900.0,200,Sell,230442989
2024-08-09 09:28:23,38900.0,200,Sell,230442999
2024-08-09 09:28:23,38900.0,200,Sell,230443000
2024-08-09 09:28:25,38900.0,200,Sell,230443056
2024-08-09 09:28:25,38900.0,300,Sell,230443053
2024-08-09 09:28:25,38900.0,100,Sell,230443054
2024-08-09 09:28:25,38900.0,500,Sell,230443055
2024-08-09 09:28:28,38900.0,500,Sell,230443123
2024-08-09 09:28:28,38900.0,300,Sell,230443120
2024-08-09 09:28:38,38900.0,100,Sell,230443332
2024-08-09 09:28:39,38900.0,400,Sell,230443341
2024-08-09 09:28:39,38900.0,500,Sell,230443342
2024-08-09 09:28:47,38900.0,100,Buy,230443533
2024-08-09 09:28:58,38900.0,100,Buy,230443714
2024-08-09 09:29:06,38900.0,200,Buy,230443857
2024-08-09 09:29:21,38900.0,4700,Buy,230444236
2024-08-09 09:29:21,38900.0,300,Buy,230444237
2024-08-09 09:29:21,38900.0,2000,Buy,230444238
2024-08-09 09:29:44,38900.0,200,Buy,230444961
2024-08-09 09:29:44,38900.0,100,Buy,230444951
2024-08-09 09:29:44,38900.0,100,Buy,230444960
2024-08-09 09:30:12,38850.0,500,Sell,230445613
2024-08-09 09:30:16,38900.0,100,Buy,230445683
2024-08-09 09:30:16,38900.0,100,Buy,230445684
2024-08-09 09:30:16,38900.0,500,Buy,230445685
2024-08-09 09:30:16,38900.0,200,Buy,230445686
2024-08-09 09:30:16,38900.0,100,Buy,230445687
2024-08-09 09:30:21,38850.0,500,Sell,230445793
2024-08-09 09:30:21,38850.0,200,Sell,230445795
2024-08-09 09:30:21,38850.0,1000,Sell,230445794
2024-08-09 09:30:21,38850.0,5000,Sell,230445791
2024-08-09 09:30:21,38850.0,100,Sell,230445790
2024-08-09 09:30:21,38850.0,100,Sell,230445789
2024-08-09 09:30:21,38850.0,900,Sell,230445788
2024-08-09 09:30:21,38850.0,2000,Sell,230445792
2024-08-09 09:30:49,38800.0,100,Sell,230446369
2024-08-09 09:30:49,38800.0,1000,Sell,230446370
2024-08-09 09:30:49,38800.0,200,Sell,230446371
2024-08-09 09:30:49,38800.0,1600,Sell,230446372
2024-08-09 09:31:03,38800.0,200,Sell,230446627
2024-08-09 09:31:04,38800.0,200,Sell,230446660
2024-08-09 09:31:14,38800.0,100,Sell,230446829
2024-08-09 09:31:14,38800.0,1000,Sell,230446851
2024-08-09 09:31:27,38800.0,3900,Sell,230447064
2024-08-09 09:31:27,38800.0,100,Sell,230447065
2024-08-09 09:31:27,38800.0,1000,Sell,230447066
2024-08-09 09:31:27,38800.0,1000,Sell,230447067
2024-08-09 09:31:27,38800.0,600,Sell,230447068
2024-08-09 09:31:27,38800.0,1500,Sell,230447069
2024-08-09 09:31:27,38800.0,200,Sell,230447070
2024-08-09 09:31:39,38750.0,100,Sell,230447314
2024-08-09 09:31:40,38750.0,1400,Sell,230447333
2024-08-09 09:31:46,38750.0,500,Sell,230447458
2024-08-09 09:31:46,38750.0,200,Sell,230447461
2024-08-09 09:31:46,38750.0,1500,Sell,230447457
2024-08-09 09:31:46,38750.0,1000,Sell,230447459
2024-08-09 09:31:46,38750.0,1000,Sell,230447460
2024-08-09 09:31:52,38750.0,100,Buy,230447615
2024-08-09 09:31:52,38750.0,400,Buy,230447614
2024-08-09 09:32:03,38750.0,300,Sell,230447816
2024-08-09 09:32:04,38750.0,1800,Sell,230447821
2024-08-09 09:32:04,38750.0,1000,Sell,230447822
2024-08-09 09:32:06,38750.0,7200,Buy,230447861
2024-08-09 09:32:17,38750.0,2800,Sell,230448096
2024-08-09 09:32:17,38750.0,200,Sell,230448097
2024-08-09 09:32:46,38800.0,600,Buy,230448604
2024-08-09 09:32:46,38800.0,500,Buy,230448603
2024-08-09 09:32:46,38800.0,6000,Buy,230448601
2024-08-09 09:32:46,38800.0,100,Buy,230448602
2024-08-09 09:32:46,38800.0,1800,Buy,230448600
2024-08-09 09:32:58,38700.0,300,Sell,230448791
2024-08-09 09:32:58,38750.0,100,Sell,230448788
2024-08-09 09:32:58,38750.0,100,Sell,230448789
2024-08-09 09:32:58,38700.0,500,Sell,230448790
2024-08-09 09:33:20,38700.0,100,Sell,230449228
2024-08-09 09:33:20,38700.0,400,Sell,230449229
2024-08-09 09:33:21,38800.0,400,Buy,230449249
2024-08-09 09:33:21,38800.0,200,Buy,230449268
2024-08-09 09:33:33,38800.0,100,Sell,230449466
2024-08-09 09:33:35,38800.0,900,Buy,230449490
2024-08-09 09:33:40,38800.0,100,Sell,230449592
2024-08-09 09:33:55,38850.0,3000,Buy,230449866
2024-08-09 09:33:56,38850.0,13200,Buy,230449882
2024-08-09 09:34:02,38800.0,400,Sell,230449986
2024-08-09 09:34:02,38800.0,600,Sell,230449987
2024-08-09 09:34:02,38800.0,100,Sell,230449984
2024-08-09 09:34:02,38800.0,900,Sell,230449985
2024-08-09 09:34:07,38800.0,100,Sell,230450050
2024-08-09 09:34:07,38800.0,200,Sell,230450051
2024-08-09 09:34:09,38850.0,400,Buy,230450085
2024-08-09 09:34:15,38850.0,8000,Buy,230450203
2024-08-09 09:34:20,38850.0,5000,Buy,230450289
2024-08-09 09:34:37,38850.0,400,Buy,230450613
2024-08-09 09:34:37,38850.0,2000,Buy,230450614
2024-08-09 09:34:45,38800.0,1000,Sell,230450761
2024-08-09 09:35:15,38850.0,5000,Buy,230451288
2024-08-09 09:35:19,38850.0,1200,Buy,230451348
2024-08-09 09:35:28,38850.0,400,Buy,230451549
2024-08-09 09:35:35,38850.0,1000,Buy,230451657
2024-08-09 09:35:39,38850.0,100,Buy,230451727
2024-08-09 09:35:41,38850.0,100,Buy,230451750
2024-08-09 09:35:44,38850.0,400,Buy,230451803
2024-08-09 09:35:55,38800.0,100,Sell,230452023
2024-08-09 09:36:03,38850.0,100,Buy,230452171
2024-08-09 09:36:27,38800.0,100,Sell,230452612
2024-08-09 09:36:27,38800.0,100,Sell,230452609
2024-08-09 09:36:27,38800.0,2000,Sell,230452608
2024-08-09 09:36:27,38800.0,500,Sell,230452611
2024-08-09 09:36:27,38800.0,200,Sell,230452606
2024-08-09 09:36:27,38800.0,500,Sell,230452605
2024-08-09 09:36:27,38800.0,400,Sell,230452604
2024-08-09 09:36:27,38800.0,500,Sell,230452607
2024-08-09 09:36:27,38800.0,500,Sell,230452610
2024-08-09 09:36:33,38800.0,1000,Buy,230452748
2024-08-09 09:36:43,38800.0,1000,Buy,230452923
2024-08-09 09:36:44,38800.0,3200,Buy,230452945
2024-08-09 09:36:59,38800.0,500,Buy,230453164
2024-08-09 09:37:05,38850.0,500,Buy,230453288
2024-08-09 09:37:20,38850.0,100,Buy,230453524
2024-08-09 09:37:27,38850.0,500,Buy,230453659
2024-08-09 09:37:27,38850.0,2000,Buy,230453657
2024-08-09 09:37:27,38850.0,300,Buy,230453656
2024-08-09 09:37:27,38850.0,2000,Buy,230453658
2024-08-09 09:37:34,38900.0,1000,Buy,230453767
2024-08-09 09:37:43,38900.0,200,Buy,230453939
2024-08-09 09:37:56,38900.0,800,Buy,230454219
2024-08-09 09:37:56,38900.0,300,Buy,230454220
2024-08-09 09:37:56,38900.0,100,Buy,230454221
2024-08-09 09:37:56,38900.0,1400,Buy,230454222
2024-08-09 09:38:11,38900.0,2000,Sell,230454525
2024-08-09 09:38:11,38900.0,100,Sell,230454528
2024-08-09 09:38:26,38900.0,100,Sell,230454820
2024-08-09 09:38:32,38900.0,1000,Sell,230454899
2024-08-09 09:38:32,38900.0,200,Sell,230454892
2024-08-09 09:38:51,38900.0,500,Sell,230455253
2024-08-09 09:38:51,38900.0,500,Sell,230455260
2024-08-09 09:38:51,38900.0,100,Sell,230455261
2024-08-09 09:38:51,38900.0,400,Sell,230455262
2024-08-09 09:39:27,38950.0,500,Buy,230455843
2024-08-09 09:40:12,38900.0,100,Sell,230456549
2024-08-09 09:40:42,38900.0,100,Sell,230457138
2024-08-09 09:40:45,38950.0,300,Buy,230457192
2024-08-09 09:40:45,38950.0,2000,Buy,230457191
2024-08-09 09:40:55,38950.0,100,Buy,230457323
2024-08-09 09:41:23,38950.0,1000,Buy,230457712
2024-08-09 09:41:42,38950.0,600,Buy,230458023
2024-08-09 09:41:42,38950.0,700,Buy,230458024
2024-08-09 09:41:47,38950.0,1200,Buy,230458126
2024-08-09 09:41:51,38950.0,100,Buy,230458178
2024-08-09 09:41:51,38950.0,300,Buy,230458179
2024-08-09 09:41:51,38950.0,200,Buy,230458180
2024-08-09 09:41:51,38950.0,100,Buy,230458181
2024-08-09 09:41:51,38950.0,100,Buy,230458182
2024-08-09 09:41:51,38950.0,200,Buy,230458183
2024-08-09 09:41:56,38950.0,1000,Buy,230458284
2024-08-09 09:42:14,38950.0,100,Buy,230458600
2024-08-09 09:42:14,38950.0,800,Buy,230458598
2024-08-09 09:42:14,38950.0,100,Buy,230458599
2024-08-09 09:42:26,38950.0,900,Buy,230458751
2024-08-09 09:42:26,38950.0,200,Buy,230458752
2024-08-09 09:42:26,38950.0,3000,Buy,230458753
2024-08-09 09:42:26,38950.0,200,Buy,230458754
2024-08-09 09:42:50,38950.0,600,Sell,230459183
2024-08-09 09:43:55,39000.0,500,Buy,230460255
2024-08-09 09:44:01,39000.0,200,Buy,230460363
2024-08-09 09:44:01,39000.0,200,Buy,230460365
2024-08-09 09:44:01,39000.0,200,Buy,230460364
2024-08-09 09:44:01,39000.0,1000,Buy,230460362
2024-08-09 09:44:01,39000.0,100,Buy,230460357
2024-08-09 09:44:01,39000.0,1000,Buy,230460360
2024-08-09 09:44:01,39000.0,1000,Buy,230460359
2024-08-09 09:44:01,39000.0,100,Buy,230460358
2024-08-09 09:44:01,39000.0,200,Buy,230460361
2024-08-09 09:44:10,39000.0,900,Buy,230460496
2024-08-09 09:44:10,39000.0,1000,Buy,230460494
2024-08-09 09:44:10,39000.0,1000,Buy,230460495
2024-08-09 09:44:10,39000.0,200,Buy,230460492
2024-08-09 09:44:10,39000.0,500,Buy,230460491
2024-08-09 09:44:10,39000.0,800,Buy,230460490
2024-08-09 09:44:10,39000.0,100,Buy,230460493
2024-08-09 09:44:12,39000.0,100,Buy,230460535
2024-08-09 09:44:16,39000.0,200,Buy,230460586
2024-08-09 09:44:16,39000.0,500,Buy,230460589
2024-08-09 09:44:16,39000.0,100,Buy,230460588
2024-08-09 09:44:16,39000.0,400,Buy,230460587
2024-08-09 09:44:16,39000.0,300,Buy,230460585
2024-08-09 09:44:16,39000.0,1000,Buy,230460590
2024-08-09 09:44:16,39000.0,400,Buy,230460583
2024-08-09 09:44:16,39000.0,500,Buy,230460579
2024-08-09 09:44:16,39000.0,500,Buy,230460580
2024-08-09 09:44:16,39000.0,100,Buy,230460584
2024-08-09 09:44:16,39000.0,1000,Buy,230460582
2024-08-09 09:44:16,39000.0,300,Buy,230460581
2024-08-09 09:44:30,39000.0,100,Sell,230460878
2024-08-09 09:44:45,39050.0,500,Buy,230461048
2024-08-09 09:44:45,39050.0,200,Buy,230461062
2024-08-09 09:44:45,39050.0,100,Buy,230461061
2024-08-09 09:44:45,39050.0,1000,Buy,230461060
2024-08-09 09:44:45,39050.0,400,Buy,230461059
2024-08-09 09:44:45,39050.0,1000,Buy,230461057
2024-08-09 09:44:45,39050.0,300,Buy,230461056
2024-08-09 09:44:45,39050.0,1000,Buy,230461058
2024-08-09 09:44:45,39050.0,100,Buy,230461054
2024-08-09 09:44:45,39050.0,200,Buy,230461053
2024-08-09 09:44:45,39050.0,1100,Buy,230461052
2024-08-09 09:44:45,39050.0,20000,Buy,230461051
2024-08-09 09:44:45,39050.0,500,Buy,230461050
2024-08-09 09:44:45,39050.0,1000,Buy,230461049
2024-08-09 09:44:45,39050.0,100,Buy,230461055
2024-08-09 09:44:47,39050.0,500,Sell,230461110
2024-08-09 09:45:00,39100.0,100,Buy,230461327
2024-08-09 09:45:07,39100.0,200,Buy,230461389
2024-08-09 09:45:07,39100.0,400,Buy,230461390
2024-08-09 09:45:11,39100.0,500,Buy,230461466
2024-08-09 09:45:11,39100.0,100,Buy,230461465
2024-08-09 09:45:11,39100.0,200,Buy,230461463
2024-08-09 09:45:11,39100.0,100,Buy,230461462
2024-08-09 09:45:11,39100.0,100,Buy,230461464
2024-08-09 09:45:16,39100.0,500,Buy,230461542
2024-08-09 09:45:16,39100.0,300,Buy,230461543
2024-08-09 09:45:20,39100.0,1000,Buy,230461611
2024-08-09 09:45:22,39100.0,200,Buy,230461633
2024-08-09 09:45:22,39100.0,2100,Buy,230461634
2024-08-09 09:45:22,39100.0,1000,Buy,230461631
2024-08-09 09:45:22,39100.0,700,Buy,230461630
2024-08-09 09:45:22,39100.0,1000,Buy,230461632
2024-08-09 09:45:25,39100.0,2900,Buy,230461673
2024-08-09 09:45:25,39100.0,100,Buy,230461674
2024-08-09 09:45:25,39100.0,1900,Buy,230461675
2024-08-09 09:45:25,39100.0,100,Buy,230461676
2024-08-09 09:45:25,39100.0,400,Buy,230461689
2024-08-09 09:45:25,39100.0,1000,Buy,230461692
2024-08-09 09:45:25,39100.0,500,Buy,230461693
2024-08-09 09:45:27,39100.0,300,Sell,230461722
2024-08-09 09:45:32,39100.0,900,Sell,230461822
2024-08-09 09:45:42,39150.0,100,Buy,230462037
2024-08-09 09:45:47,39150.0,100,Buy,230462103
2024-08-09 09:45:47,39150.0,500,Buy,230462104
2024-08-09 09:45:58,39300.0,200,Buy,230462314
2024-08-09 09:45:58,39300.0,1000,Buy,230462312
2024-08-09 09:45:58,39300.0,100,Buy,230462311
2024-08-09 09:45:58,39300.0,100,Buy,230462310
2024-08-09 09:45:58,39300.0,500,Buy,230462309
2024-08-09 09:45:58,39300.0,100,Buy,230462308
2024-08-09 09:45:58,39300.0,100,Buy,230462307
2024-08-09 09:45:58,39300.0,5000,Buy,230462306
2024-08-09 09:45:58,39250.0,3000,Buy,230462305
2024-08-09 09:45:58,39250.0,100,Buy,230462304
2024-08-09 09:45:58,39300.0,2000,Buy,230462313
2024-08-09 09:45:58,39200.0,200,Buy,230462302
2024-08-09 09:45:58,39200.0,300,Buy,230462303
2024-08-09 09:45:58,39200.0,100,Buy,230462293
2024-08-09 09:45:58,39200.0,100,Buy,230462295
2024-08-09 09:45:58,39200.0,100,Buy,230462296
2024-08-09 09:45:58,39200.0,500,Buy,230462294
2024-08-09 09:45:58,39200.0,100,Buy,230462298
2024-08-09 09:45:58,39200.0,100,Buy,230462299
2024-08-09 09:45:58,39200.0,1000,Buy,230462300
2024-08-09 09:45:58,39200.0,500,Buy,230462301
2024-08-09 09:45:58,39200.0,100,Buy,230462297
2024-08-09 09:46:07,39350.0,100,Buy,230462475
2024-08-09 09:46:07,39350.0,900,Buy,230462476
2024-08-09 09:46:10,39350.0,1100,Buy,230462539
2024-08-09 09:46:10,39350.0,100,Buy,230462540
2024-08-09 09:46:10,39350.0,300,Buy,230462541
2024-08-09 09:46:15,39400.0,500,Buy,230462617
2024-08-09 09:46:15,39400.0,1000,Buy,230462616
2024-08-09 09:46:15,39400.0,100,Buy,230462613
2024-08-09 09:46:15,39400.0,2000,Buy,230462614
2024-08-09 09:46:15,39400.0,100,Buy,230462615
2024-08-09 09:46:21,39400.0,300,Sell,230462702
2024-08-09 09:46:21,39400.0,200,Sell,230462703
2024-08-09 09:46:37,39450.0,100,Buy,230462990
2024-08-09 09:46:37,39450.0,100,Buy,230462991
2024-08-09 09:46:37,39450.0,100,Buy,230462992
2024-08-09 09:46:37,39450.0,100,Buy,230462993
2024-08-09 09:46:37,39500.0,1000,Buy,230462994
2024-08-09 09:46:37,39500.0,1100,Buy,230462995
2024-08-09 09:46:44,39450.0,200,Buy,230463119
2024-08-09 09:46:44,39500.0,800,Buy,230463120
2024-08-09 09:46:46,39500.0,400,Buy,230463133
2024-08-09 09:46:49,39500.0,100,Buy,230463186
2024-08-09 09:46:52,39450.0,500,Sell,230463260
2024-08-09 09:46:52,39450.0,500,Sell,230463261
2024-08-09 09:46:52,39400.0,1000,Sell,230463262
2024-08-09 09:46:53,39500.0,100,Buy,230463285
2024-08-09 09:46:53,39500.0,100,Buy,230463286
2024-08-09 09:46:53,39500.0,300,Buy,230463287
2024-08-09 09:46:57,39500.0,200,Buy,230463380
2024-08-09 09:46:57,39500.0,100,Buy,230463381
2024-08-09 09:46:59,39450.0,100,Sell,230463414
2024-08-09 09:47:02,39450.0,200,Sell,230463469
2024-08-09 09:47:03,39450.0,1100,Sell,230463494
2024-08-09 09:47:07,39450.0,100,Sell,230463548
2024-08-09 09:47:07,39450.0,500,Sell,230463550
2024-08-09 09:47:08,39500.0,4200,Buy,230463593
2024-08-09 09:47:08,39500.0,500,Buy,230463592
2024-08-09 09:47:08,39500.0,100,Buy,230463591
2024-08-09 09:47:08,39500.0,1000,Buy,230463590
2024-08-09 09:47:08,39500.0,800,Buy,230463589
2024-08-09 09:47:08,39500.0,200,Buy,230463588
2024-08-09 09:47:08,39500.0,1000,Buy,230463587
2024-08-09 09:47:08,39500.0,600,Buy,230463586
2024-08-09 09:47:08,39500.0,2600,Buy,230463585
2024-08-09 09:47:08,39500.0,4000,Buy,230463584
2024-08-09 09:47:08,39500.0,500,Buy,230463581
2024-08-09 09:47:08,39500.0,300,Buy,230463582
2024-08-09 09:47:08,39500.0,200,Buy,230463580
2024-08-09 09:47:08,39500.0,200,Buy,230463579
2024-08-09 09:47:08,39500.0,2000,Buy,230463578
2024-08-09 09:47:08,39500.0,100,Buy,230463577
2024-08-09 09:47:08,39500.0,100,Buy,230463576
2024-08-09 09:47:08,39500.0,300,Buy,230463575
2024-08-09 09:47:08,39500.0,500,Buy,230463574
2024-08-09 09:47:08,39500.0,700,Buy,230463573
2024-08-09 09:47:08,39500.0,100,Buy,230463583
2024-08-09 09:47:10,39500.0,100,Buy,230463646
2024-08-09 09:47:10,39500.0,100,Buy,230463648
2024-08-09 09:47:10,39500.0,1000,Buy,230463649
2024-08-09 09:47:10,39500.0,400,Sell,230463661
2024-08-09 09:47:10,39500.0,500,Buy,230463651
2024-08-09 09:47:10,39500.0,100,Buy,230463652
2024-08-09 09:47:10,39500.0,100,Buy,230463653
2024-08-09 09:47:10,39500.0,100,Buy,230463650
2024-08-09 09:47:10,39500.0,100,Buy,230463644
2024-08-09 09:47:10,39500.0,100,Buy,230463645
2024-08-09 09:47:10,39500.0,1000,Buy,230463642
2024-08-09 09:47:10,39500.0,500,Buy,230463641
2024-08-09 09:47:10,39500.0,100,Buy,230463640
2024-08-09 09:47:10,39500.0,2000,Buy,230463639
2024-08-09 09:47:10,39500.0,500,Buy,230463638
2024-08-09 09:47:10,39500.0,1500,Buy,230463637
2024-08-09 09:47:10,39500.0,500,Buy,230463636
2024-08-09 09:47:10,39500.0,500,Buy,230463635
2024-08-09 09:47:10,39500.0,5800,Buy,230463634
2024-08-09 09:47:10,39500.0,500,Buy,230463643
2024-08-09 09:47:11,39500.0,200,Sell,230463671
2024-08-09 09:47:22,39500.0,100,Buy,230463881
2024-08-09 09:47:22,39500.0,100,Buy,230463882
2024-08-09 09:47:23,39600.0,500,Buy,230463933
2024-08-09 09:47:23,39550.0,500,Buy,230463932
2024-08-09 09:47:30,39550.0,500,Sell,230464065
2024-08-09 09:47:36,39600.0,500,Buy,230464187
2024-08-09 09:47:38,39600.0,1000,Buy,230464253
2024-08-09 09:47:38,39600.0,500,Buy,230464252
2024-08-09 09:47:38,39600.0,100,Buy,230464251
2024-08-09 09:47:38,39600.0,300,Buy,230464250
2024-08-09 09:47:38,39600.0,200,Buy,230464249
2024-08-09 09:47:38,39600.0,500,Buy,230464248
2024-08-09 09:47:38,39600.0,100,Buy,230464247
2024-08-09 09:47:38,39600.0,200,Buy,230464246
2024-08-09 09:47:38,39600.0,1000,Buy,230464245
2024-08-09 09:47:38,39600.0,900,Buy,230464244
2024-08-09 09:47:38,39600.0,4000,Buy,230464243
2024-08-09 09:47:38,39600.0,100,Buy,230464238
2024-08-09 09:47:38,39600.0,200,Buy,230464241
2024-08-09 09:47:38,39550.0,2000,Sell,230464228
2024-08-09 09:47:38,39600.0,100,Buy,230464242
2024-08-09 09:47:38,39600.0,1000,Buy,230464233
2024-08-09 09:47:38,39600.0,1000,Buy,230464234
2024-08-09 09:47:38,39600.0,1000,Buy,230464232
2024-08-09 09:47:38,39600.0,2000,Buy,230464236
2024-08-09 09:47:38,39600.0,200,Buy,230464237
2024-08-09 09:47:38,39600.0,100,Buy,230464239
2024-08-09 09:47:38,39600.0,500,Buy,230464240
2024-08-09 09:47:38,39600.0,100,Buy,230464235
2024-08-09 09:47:39,39600.0,100,Sell,230464261
2024-08-09 09:47:41,39600.0,100,Sell,230464289
2024-08-09 09:47:41,39600.0,1000,Sell,230464302
2024-08-09 09:47:49,39650.0,500,Buy,230464489
2024-08-09 09:47:49,39650.0,700,Buy,230464490
2024-08-09 09:47:51,39650.0,100,Buy,230464526
2024-08-09 09:47:51,39650.0,100,Buy,230464525
2024-08-09 09:47:51,39650.0,100,Buy,230464527
2024-08-09 09:47:51,39650.0,100,Buy,230464523
2024-08-09 09:47:51,39650.0,5000,Buy,230464524
2024-08-09 09:47:51,39650.0,300,Buy,230464522
2024-08-09 09:47:52,39650.0,1000,Sell,230464542
2024-08-09 09:47:52,39650.0,100,Sell,230464543
2024-08-09 09:47:57,39700.0,1000,Buy,230464615
2024-08-09 09:48:02,39700.0,1000,Buy,230464710
2024-08-09 09:48:02,39700.0,1000,Buy,230464711
2024-08-09 09:48:03,39700.0,100,Buy,230464739
2024-08-09 09:48:04,39700.0,500,Buy,230464767
2024-08-09 09:48:04,39700.0,500,Buy,230464768
2024-08-09 09:48:06,39700.0,200,Buy,230464812
2024-08-09 09:48:06,39700.0,100,Buy,230464811
2024-08-09 09:48:06,39700.0,200,Buy,230464810
2024-08-09 09:48:06,39700.0,100,Buy,230464809
2024-08-09 09:48:06,39700.0,100,Buy,230464808
2024-08-09 09:48:06,39700.0,1000,Buy,230464806
2024-08-09 09:48:06,39700.0,1000,Buy,230464804
2024-08-09 09:48:06,39700.0,700,Buy,230464803
2024-08-09 09:48:06,39700.0,800,Buy,230464782
2024-08-09 09:48:06,39700.0,100,Buy,230464807
2024-08-09 09:48:06,39700.0,200,Buy,230464805
2024-08-09 09:48:09,39750.0,100,Buy,230464852
2024-08-09 09:48:09,39750.0,400,Buy,230464853
2024-08-09 09:48:19,39750.0,200,Buy,230465050
2024-08-09 09:48:19,39750.0,200,Buy,230465048
2024-08-09 09:48:19,39750.0,100,Buy,230465047
2024-08-09 09:48:19,39750.0,100,Buy,230465049
2024-08-09 09:48:20,39800.0,200,Buy,230465082
2024-08-09 09:48:20,39800.0,1000,Buy,230465083
2024-08-09 09:48:20,39800.0,1000,Buy,230465084
2024-08-09 09:48:20,39800.0,100,Buy,230465085
2024-08-09 09:48:20,39800.0,100,Buy,230465086
2024-08-09 09:48:20,39800.0,500,Buy,230465087
2024-08-09 09:48:20,39800.0,2100,Buy,230465088
2024-08-09 09:48:20,39750.0,100,Sell,230465108
2024-08-09 09:48:23,39700.0,300,Sell,230465159
2024-08-09 09:48:23,39700.0,1300,Sell,230465158
2024-08-09 09:48:23,39750.0,100,Sell,230465156
2024-08-09 09:48:23,39750.0,300,Sell,230465155
2024-08-09 09:48:23,39750.0,500,Sell,230465157
2024-08-09 09:48:27,39750.0,1000,Sell,230465207
2024-08-09 09:48:27,39800.0,900,Buy,230465217
2024-08-09 09:48:27,39800.0,5000,Buy,230465219
2024-08-09 09:48:27,39800.0,100,Buy,230465220
2024-08-09 09:48:27,39800.0,1000,Buy,230465221
2024-08-09 09:48:27,39800.0,500,Buy,230465222
2024-08-09 09:48:27,39800.0,100,Buy,230465223
2024-08-09 09:48:29,39750.0,100,Sell,230465256
2024-08-09 09:48:32,39800.0,900,Buy,230465320
2024-08-09 09:48:32,39800.0,100,Buy,230465319
2024-08-09 09:48:35,39800.0,5000,Buy,230465370
2024-08-09 09:48:35,39800.0,3100,Buy,230465371
2024-08-09 09:48:35,39800.0,1000,Buy,230465372
2024-08-09 09:48:35,39800.0,900,Buy,230465373
2024-08-09 09:48:35,39800.0,1000,Buy,230465354
2024-08-09 09:48:37,39800.0,100,Buy,230465416
2024-08-09 09:48:38,39750.0,300,Sell,230465420
2024-08-09 09:48:40,39750.0,500,Sell,230465463
2024-08-09 09:48:40,39800.0,200,Buy,230465470
2024-08-09 09:48:44,39800.0,1000,Buy,230465556
2024-08-09 09:48:44,39800.0,100,Buy,230465555
2024-08-09 09:48:44,39800.0,200,Buy,230465554
2024-08-09 09:48:44,39800.0,500,Buy,230465552
2024-08-09 09:48:44,39800.0,200,Buy,230465553
2024-08-09 09:48:45,39800.0,1000,Buy,230465561
2024-08-09 09:48:47,39800.0,400,Buy,230465598
2024-08-09 09:48:47,39750.0,100,Sell,230465601
2024-08-09 09:48:52,39800.0,100,Buy,230465677
2024-08-09 09:48:52,39800.0,200,Buy,230465678
2024-08-09 09:48:52,39800.0,200,Buy,230465679
2024-08-09 09:48:53,39800.0,900,Buy,230465708
2024-08-09 09:48:53,39800.0,100,Buy,230465709
2024-08-09 09:48:55,39800.0,200,Buy,230465736
2024-08-09 09:48:59,39800.0,200,Buy,230465818
2024-08-09 09:48:59,39800.0,300,Buy,230465819
2024-08-09 09:48:59,39800.0,100,Buy,230465820
2024-08-09 09:48:59,39800.0,200,Buy,230465821
2024-08-09 09:48:59,39800.0,200,Buy,230465822
2024-08-09 09:48:59,39800.0,100,Buy,230465823
2024-08-09 09:48:59,39850.0,400,Buy,230465824
2024-08-09 09:48:59,39800.0,100,Buy,230465817
2024-08-09 09:49:02,39800.0,1000,Sell,230465885
2024-08-09 09:49:03,39800.0,1000,Sell,230465892
2024-08-09 09:49:06,39850.0,100,Buy,230465941
2024-08-09 09:49:06,39850.0,200,Buy,230465940
2024-08-09 09:49:06,39850.0,100,Buy,230465939
2024-08-09 09:49:06,39850.0,200,Buy,230465938
2024-08-09 09:49:06,39850.0,500,Buy,230465933
2024-08-09 09:49:06,39850.0,100,Buy,230465936
2024-08-09 09:49:06,39850.0,1000,Buy,230465935
2024-08-09 09:49:06,39850.0,6000,Buy,230465934
2024-08-09 09:49:06,39850.0,1600,Buy,230465932
2024-08-09 09:49:06,39850.0,200,Buy,230465937
2024-08-09 09:49:08,39800.0,200,Sell,230465987
2024-08-09 09:49:08,39800.0,100,Sell,230465986
2024-08-09 09:49:08,39850.0,200,Sell,230465983
2024-08-09 09:49:08,39850.0,300,Buy,230465979
2024-08-09 09:49:08,39800.0,100,Sell,230465984
2024-08-09 09:49:09,39800.0,200,Buy,230465992
2024-08-09 09:49:10,39800.0,4800,Sell,230466009
2024-08-09 09:49:10,39800.0,100,Sell,230466010
2024-08-09 09:49:19,39800.0,100,Buy,230466312
2024-08-09 09:49:19,39850.0,100,Buy,230466313
2024-08-09 09:49:19,39850.0,100,Buy,230466314
2024-08-09 09:49:19,39850.0,6300,Buy,230466315
2024-08-09 09:49:19,39850.0,100,Buy,230466316
2024-08-09 09:49:22,39850.0,100,Sell,230466374
2024-08-09 09:49:22,39850.0,500,Sell,230466367
2024-08-09 09:49:25,39900.0,500,Sell,230466428
2024-08-09 09:49:25,39900.0,1000,Buy,230466425
2024-08-09 09:49:25,39900.0,900,Buy,230466424
2024-08-09 09:49:25,39900.0,3000,Buy,230466423
2024-08-09 09:49:25,39900.0,100,Buy,230466422
2024-08-09 09:49:25,39900.0,200,Buy,230466421
2024-08-09 09:49:25,39900.0,1000,Buy,230466420
2024-08-09 09:49:25,39900.0,300,Buy,230466418
2024-08-09 09:49:25,39900.0,200,Buy,230466417
2024-08-09 09:49:25,39900.0,4000,Buy,230466419
2024-08-09 09:49:25,39900.0,1500,Buy,230466415
2024-08-09 09:49:25,39900.0,1000,Buy,230466414
2024-08-09 09:49:25,39900.0,500,Buy,230466406
2024-08-09 09:49:25,39900.0,2000,Buy,230466413
2024-08-09 09:49:25,39900.0,1000,Buy,230466412
2024-08-09 09:49:25,39900.0,600,Buy,230466411
2024-08-09 09:49:25,39900.0,8000,Buy,230466410
2024-08-09 09:49:25,39900.0,3000,Buy,230466409
2024-08-09 09:49:25,39900.0,100,Buy,230466408
2024-08-09 09:49:25,39900.0,1000,Buy,230466407
2024-08-09 09:49:25,39900.0,1000,Buy,230466416
2024-08-09 09:49:30,39900.0,300,Sell,230466504
2024-08-09 09:49:30,39900.0,600,Sell,230466508
2024-08-09 09:49:31,39950.0,2000,Buy,230466530
2024-08-09 09:49:32,39900.0,300,Sell,230466582
2024-08-09 09:49:32,39950.0,2200,Sell,230466581
2024-08-09 09:49:32,39950.0,3000,Buy,230466569
2024-08-09 09:49:32,39950.0,200,Buy,230466571
2024-08-09 09:49:32,39950.0,300,Buy,230466570
2024-08-09 09:49:32,39950.0,100,Buy,230466572
2024-08-09 09:49:37,40000.0,1000,Buy,230466673
2024-08-09 09:49:37,40000.0,1000,Buy,230466674
2024-08-09 09:49:37,40000.0,100,Buy,230466675
2024-08-09 09:49:37,40000.0,100,Buy,230466676
2024-08-09 09:49:37,40000.0,500,Buy,230466677
2024-08-09 09:49:38,40000.0,200,Buy,230466700
2024-08-09 09:49:38,40000.0,100,Buy,230466701
2024-08-09 09:49:38,40000.0,400,Buy,230466699
2024-08-09 09:49:38,39950.0,200,Buy,230466695
2024-08-09 09:49:38,40000.0,500,Buy,230466697
2024-08-09 09:49:38,40000.0,1300,Buy,230466696
2024-08-09 09:49:38,40000.0,2000,Buy,230466698
2024-08-09 09:49:41,39900.0,200,Sell,230466743
2024-08-09 09:49:49,39950.0,300,Buy,230466895
2024-08-09 09:49:50,39950.0,300,Sell,230466917
2024-08-09 09:49:51,40000.0,500,Buy,230466927
2024-08-09 09:49:52,40000.0,500,Buy,230466931
2024-08-09 09:49:55,39950.0,400,Sell,230467012
2024-08-09 09:49:56,39950.0,1600,Sell,230467014
2024-08-09 09:49:56,40000.0,2000,Buy,230467015
2024-08-09 09:49:57,40000.0,100,Buy,230467049
2024-08-09 09:49:58,40000.0,100,Buy,230467067
2024-08-09 09:49:59,40000.0,300,Buy,230467095
2024-08-09 09:49:59,40000.0,200,Buy,230467094
2024-08-09 09:49:59,40000.0,100,Buy,230467093
2024-08-09 09:49:59,40000.0,5000,Buy,230467091
2024-08-09 09:49:59,40000.0,2000,Buy,230467090
2024-08-09 09:49:59,40000.0,500,Buy,230467092
2024-08-09 09:49:59,40000.0,1000,Buy,230467088
2024-08-09 09:49:59,40000.0,1500,Buy,230467087
2024-08-09 09:49:59,40000.0,1000,Buy,230467086
2024-08-09 09:49:59,40000.0,700,Buy,230467085
2024-08-09 09:49:59,39950.0,100,Sell,230467076
2024-08-09 09:49:59,40000.0,200,Buy,230467089
2024-08-09 09:50:00,40000.0,500,Buy,230467111
2024-08-09 09:50:00,40000.0,100,Buy,230467110
2024-08-09 09:50:00,40000.0,3300,Buy,230467112
2024-08-09 09:50:00,40000.0,500,Buy,230467108
2024-08-09 09:50:00,40000.0,300,Buy,230467107
2024-08-09 09:50:00,40000.0,300,Buy,230467106
2024-08-09 09:50:00,40000.0,1000,Buy,230467109
2024-08-09 09:50:01,40000.0,400,Buy,230467148
2024-08-09 09:50:01,39950.0,300,Sell,230467160
2024-08-09 09:50:02,40000.0,1300,Buy,230467176
2024-08-09 09:50:02,40000.0,200,Buy,230467177
2024-08-09 09:50:02,39950.0,100,Sell,230467193
2024-08-09 09:50:03,40000.0,400,Buy,230467218
2024-08-09 09:50:03,40000.0,100,Buy,230467224
2024-08-09 09:50:03,40000.0,400,Buy,230467223
2024-08-09 09:50:03,40000.0,9600,Buy,230467222
2024-08-09 09:50:03,40000.0,2000,Buy,230467217
2024-08-09 09:50:03,40000.0,100,Buy,230467225
2024-08-09 09:50:03,40000.0,100,Buy,230467215
2024-08-09 09:50:03,40000.0,200,Buy,230467197
2024-08-09 09:50:03,40000.0,100,Buy,230467212
2024-08-09 09:50:03,40000.0,500,Buy,230467216
2024-08-09 09:50:03,40000.0,800,Buy,230467214
2024-08-09 09:50:03,40000.0,100,Buy,230467213
2024-08-09 09:50:05,40000.0,500,Buy,230467240
2024-08-09 09:50:05,40000.0,400,Buy,230467262
2024-08-09 09:50:05,40000.0,400,Buy,230467263
2024-08-09 09:50:05,40000.0,200,Buy,230467264
2024-08-09 09:50:06,40000.0,100,Buy,230467268
2024-08-09 09:50:07,39950.0,100,Sell,230467286
2024-08-09 09:50:07,40000.0,600,Buy,230467294
2024-08-09 09:50:07,40000.0,200,Buy,230467295
2024-08-09 09:50:07,40000.0,200,Buy,230467296
2024-08-09 09:50:08,40000.0,400,Buy,230467318
2024-08-09 09:50:08,40000.0,1600,Buy,230467317
2024-08-09 09:50:08,40000.0,100,Buy,230467316
2024-08-09 09:50:08,40000.0,2800,Buy,230467315
2024-08-09 09:50:10,40000.0,100,Buy,230467357
2024-08-09 09:50:10,40000.0,200,Buy,230467358
2024-08-09 09:50:10,40000.0,200,Buy,230467359
2024-08-09 09:50:14,40000.0,200,Buy,230467436
2024-08-09 09:50:14,40000.0,500,Buy,230467435
2024-08-09 09:50:14,40000.0,100,Buy,230467434
2024-08-09 09:50:14,40000.0,700,Buy,230467433
2024-08-09 09:50:14,40000.0,1000,Buy,230467432
2024-08-09 09:50:14,40000.0,200,Buy,230467431
2024-08-09 09:50:14,40000.0,200,Buy,230467430
2024-08-09 09:50:14,40000.0,100,Buy,230467424
2024-08-09 09:50:14,40000.0,100,Buy,230467428
2024-08-09 09:50:14,40000.0,100,Buy,230467427
2024-08-09 09:50:14,40000.0,200,Buy,230467426
2024-08-09 09:50:14,40000.0,200,Buy,230467425
2024-08-09 09:50:14,40000.0,100,Buy,230467423
2024-08-09 09:50:14,40000.0,1000,Buy,230467422
2024-08-09 09:50:14,40000.0,200,Buy,230467421
2024-08-09 09:50:14,40000.0,100,Buy,230467429
2024-08-09 09:50:17,40000.0,300,Buy,230467485
2024-08-09 09:50:17,40000.0,100,Buy,230467486
2024-08-09 09:50:17,40000.0,400,Buy,230467487
2024-08-09 09:50:23,40050.0,200,Buy,230467639
2024-08-09 09:50:23,40100.0,100,Buy,230467641
2024-08-09 09:50:23,40100.0,1000,Buy,230467640
2024-08-09 09:50:23,40050.0,100,Buy,230467638
2024-08-09 09:50:23,40100.0,100,Buy,230467642
2024-08-09 09:50:23,40050.0,100,Buy,230467636
2024-08-09 09:50:23,40050.0,300,Buy,230467633
2024-08-09 09:50:23,40050.0,100,Buy,230467637
2024-08-09 09:50:23,40050.0,100,Buy,230467635
2024-08-09 09:50:23,40050.0,100,Buy,230467634
2024-08-09 09:50:24,40000.0,900,Sell,230467693
2024-08-09 09:50:24,40000.0,400,Sell,230467696
2024-08-09 09:50:26,40050.0,100,Sell,230467714
2024-08-09 09:50:26,40100.0,100,Buy,230467715
2024-08-09 09:50:26,40100.0,900,Buy,230467716
2024-08-09 09:50:28,40100.0,4800,Buy,230467770
2024-08-09 09:50:29,40100.0,3700,Buy,230467801
2024-08-09 09:50:29,40100.0,100,Buy,230467800
2024-08-09 09:50:29,40100.0,100,Buy,230467798
2024-08-09 09:50:29,40100.0,100,Buy,230467797
2024-08-09 09:50:29,40100.0,1000,Buy,230467799
2024-08-09 09:50:32,40100.0,300,Buy,230467889
2024-08-09 09:50:33,40100.0,200,Buy,230467911
2024-08-09 09:50:36,40100.0,800,Buy,230467988
2024-08-09 09:50:36,40100.0,200,Buy,230467989
2024-08-09 09:50:36,40100.0,200,Buy,230467990
2024-08-09 09:50:36,40100.0,100,Buy,230467991
2024-08-09 09:50:36,40100.0,500,Buy,230467992
2024-08-09 09:50:36,40100.0,500,Buy,230467993
2024-08-09 09:50:36,40100.0,200,Buy,230467994
2024-08-09 09:50:37,40150.0,2000,Buy,230467995
2024-08-09 09:50:37,40100.0,300,Sell,230468030
2024-08-09 09:50:44,40100.0,500,Sell,230468188
2024-08-09 09:50:47,40150.0,2000,Buy,230468250
2024-08-09 09:50:47,40150.0,200,Buy,230468251
2024-08-09 09:50:47,40150.0,100,Buy,230468252
2024-08-09 09:50:48,40150.0,100,Sell,230468275
2024-08-09 09:50:48,40200.0,1000,Buy,230468278
2024-08-09 09:50:48,40200.0,1000,Buy,230468279
2024-08-09 09:50:48,40200.0,100,Buy,230468280
2024-08-09 09:50:48,40200.0,2900,Buy,230468281
2024-08-09 09:50:53,40200.0,500,Buy,230468437
2024-08-09 09:50:56,40200.0,200,Buy,230468555
2024-08-09 09:50:56,40200.0,200,Buy,230468554
2024-08-09 09:50:56,40200.0,1600,Buy,230468553
2024-08-09 09:50:57,40200.0,100,Buy,230468594
2024-08-09 09:50:58,40200.0,100,Buy,230468597
2024-08-09 09:51:00,40200.0,300,Buy,230468650
2024-08-09 09:51:01,40200.0,500,Buy,230468653
2024-08-09 09:51:01,40200.0,500,Buy,230468654
2024-08-09 09:51:04,40200.0,100,Buy,230468700
2024-08-09 09:51:04,40200.0,200,Buy,230468701
2024-08-09 09:51:05,40150.0,700,Sell,230468717
2024-08-09 09:51:07,40200.0,100,Buy,230468800
2024-08-09 09:51:07,40200.0,900,Buy,230468793
2024-08-09 09:51:07,40200.0,100,Buy,230468792
2024-08-09 09:51:09,40200.0,200,Buy,230468845
2024-08-09 09:51:10,40200.0,2000,Buy,230468865
2024-08-09 09:51:11,40200.0,16600,Buy,230468897
2024-08-09 09:51:11,40200.0,100,Buy,230468898
2024-08-09 09:51:11,40200.0,200,Buy,230468899
2024-08-09 09:51:11,40200.0,500,Buy,230468900
2024-08-09 09:51:11,40200.0,1000,Buy,230468901
2024-08-09 09:51:11,40200.0,100,Sell,230468902
2024-08-09 09:51:16,40200.0,1500,Sell,230468994
2024-08-09 09:51:16,40200.0,8500,Sell,230468995
2024-08-09 09:51:16,40200.0,100,Sell,230468999
2024-08-09 09:51:20,40200.0,100,Sell,230469057
2024-08-09 09:51:20,40200.0,500,Sell,230469060
2024-08-09 09:51:23,40200.0,100,Sell,230469195
2024-08-09 09:51:25,40200.0,100,Sell,230469228
2024-08-09 09:51:26,40200.0,1200,Sell,230469261
2024-08-09 09:51:32,40200.0,400,Sell,230469426
2024-08-09 09:51:33,40250.0,100,Buy,230469441
2024-08-09 09:51:41,40250.0,200,Buy,230469600
2024-08-09 09:51:41,40250.0,200,Buy,230469601
2024-08-09 09:51:41,40250.0,100,Buy,230469602
2024-08-09 09:51:41,40250.0,1000,Buy,230469603
2024-08-09 09:51:41,40250.0,500,Buy,230469604
2024-08-09 09:51:41,40250.0,1000,Buy,230469605
2024-08-09 09:51:41,40250.0,100,Buy,230469606
2024-08-09 09:51:48,40200.0,300,Sell,230469748
2024-08-09 09:51:48,40200.0,300,Sell,230469745
2024-08-09 09:51:48,40200.0,100,Sell,230469746
2024-08-09 09:51:48,40200.0,300,Sell,230469747
2024-08-09 09:51:50,40250.0,400,Buy,230469789
2024-08-09 09:51:50,40250.0,200,Buy,230469790
2024-08-09 09:51:52,40250.0,400,Sell,230469806
2024-08-09 09:51:53,40250.0,100,Buy,230469825
2024-08-09 09:51:53,40250.0,1600,Buy,230469826
2024-08-09 09:51:54,40250.0,100,Buy,230469829
2024-08-09 09:51:56,40200.0,300,Sell,230469972
2024-08-09 09:51:56,40200.0,3000,Sell,230469971
2024-08-09 09:51:56,40200.0,100,Sell,230469969
2024-08-09 09:51:56,40200.0,1700,Sell,230469968
2024-08-09 09:51:56,40200.0,700,Sell,230469970
2024-08-09 09:52:01,40200.0,100,Buy,230470069
2024-08-09 09:52:03,40150.0,1000,Sell,230470105
2024-08-09 09:52:04,40200.0,100,Buy,230470117
2024-08-09 09:52:05,40200.0,100,Buy,230470203
2024-08-09 09:52:06,40150.0,100,Sell,230470228
2024-08-09 09:52:07,40200.0,100,Buy,230470298
2024-08-09 09:52:09,40250.0,100,Buy,230470329
2024-08-09 09:52:09,40200.0,100,Buy,230470328
2024-08-09 09:52:09,40200.0,1000,Buy,230470326
2024-08-09 09:52:09,40200.0,3800,Buy,230470325
2024-08-09 09:52:09,40200.0,2000,Buy,230470327
2024-08-09 09:52:10,40150.0,300,Sell,230470359
2024-08-09 09:52:11,40150.0,400,Sell,230470365
2024-08-09 09:52:12,40200.0,500,Sell,230470390
2024-08-09 09:52:14,40250.0,2200,Buy,230470416
2024-08-09 09:52:14,40250.0,1000,Buy,230470417
2024-08-09 09:52:14,40250.0,200,Buy,230470418
2024-08-09 09:52:14,40250.0,100,Buy,230470419
2024-08-09 09:52:14,40250.0,500,Buy,230470420
2024-08-09 09:52:14,40250.0,200,Sell,230470421
2024-08-09 09:52:16,40200.0,500,Sell,230470457
2024-08-09 09:52:16,40250.0,800,Sell,230470446
2024-08-09 09:52:16,40200.0,100,Sell,230470447
2024-08-09 09:52:17,40200.0,1000,Sell,230470469
2024-08-09 09:52:17,40200.0,1000,Sell,230470470
2024-08-09 09:52:17,40200.0,2000,Sell,230470476
2024-08-09 09:52:17,40200.0,500,Sell,230470565
2024-08-09 09:52:24,40300.0,100,Buy,230470716
2024-08-09 09:52:24,40300.0,200,Buy,230470722
2024-08-09 09:52:24,40300.0,1000,Buy,230470721
2024-08-09 09:52:24,40300.0,100,Buy,230470720
2024-08-09 09:52:24,40300.0,200,Buy,230470719
2024-08-09 09:52:24,40300.0,100,Buy,230470718
2024-08-09 09:52:24,40300.0,500,Buy,230470717
2024-08-09 09:52:24,40300.0,600,Buy,230470715
2024-08-09 09:52:24,40250.0,100,Buy,230470709
2024-08-09 09:52:24,40300.0,100,Buy,230470713
2024-08-09 09:52:24,40300.0,1000,Buy,230470712
2024-08-09 09:52:24,40250.0,1000,Buy,230470711
2024-08-09 09:52:24,40250.0,500,Buy,230470710
2024-08-09 09:52:24,40250.0,500,Buy,230470708
2024-08-09 09:52:24,40250.0,1000,Buy,230470707
2024-08-09 09:52:24,40250.0,1000,Buy,230470706
2024-08-09 09:52:24,40200.0,400,Sell,230470704
2024-08-09 09:52:24,40300.0,2000,Buy,230470714
2024-08-09 09:52:25,40200.0,200,Sell,230470731
2024-08-09 09:52:36,40200.0,1000,Sell,230470937
2024-08-09 09:52:37,40200.0,100,Sell,230471021
2024-08-09 09:52:41,40200.0,100,Sell,230471201
2024-08-09 09:52:43,40250.0,500,Buy,230471285
2024-08-09 09:52:44,40250.0,4500,Sell,230471290
2024-08-09 09:52:44,40200.0,20500,Sell,230471291
2024-08-09 09:52:47,40200.0,500,Sell,230471357
2024-08-09 09:52:47,40250.0,100,Buy,230471354
2024-08-09 09:52:47,40200.0,100,Sell,230471355
2024-08-09 09:52:48,40250.0,100,Buy,230471366
2024-08-09 09:52:48,40300.0,100,Buy,230471367
2024-08-09 09:52:48,40300.0,500,Buy,230471369
2024-08-09 09:52:48,40250.0,400,Buy,230471365
2024-08-09 09:52:51,40250.0,100,Buy,230471499
2024-08-09 09:52:52,40200.0,800,Sell,230471512
2024-08-09 09:52:57,40200.0,100,Sell,230471721
2024-08-09 09:52:58,40200.0,600,Sell,230471732
2024-08-09 09:52:58,40200.0,400,Sell,230471733
2024-08-09 09:52:58,40200.0,500,Sell,230471734
2024-08-09 09:52:59,40200.0,800,Sell,230471762
2024-08-09 09:52:59,40200.0,100,Sell,230471761
2024-08-09 09:52:59,40200.0,100,Sell,230471760
2024-08-09 09:52:59,40200.0,400,Sell,230471751
2024-08-09 09:52:59,40200.0,2000,Sell,230471750
2024-08-09 09:52:59,40250.0,100,Buy,230471769
2024-08-09 09:52:59,40200.0,100,Sell,230471748
2024-08-09 09:52:59,40200.0,100,Sell,230471747
2024-08-09 09:52:59,40200.0,100,Sell,230471746
2024-08-09 09:52:59,40200.0,100,Sell,230471745
2024-08-09 09:52:59,40200.0,100,Sell,230471749
2024-08-09 09:52:59,40200.0,2100,Sell,230471744
2024-08-09 09:53:00,40250.0,300,Buy,230471790
2024-08-09 09:53:02,40250.0,100,Buy,230471837
2024-08-09 09:53:03,40200.0,100,Sell,230471881
2024-08-09 09:53:03,40200.0,200,Sell,230471882
2024-08-09 09:53:03,40200.0,2000,Sell,230471883
2024-08-09 09:53:03,40200.0,700,Sell,230471884
2024-08-09 09:53:03,40200.0,300,Sell,230471888
2024-08-09 09:53:05,40150.0,100,Sell,230471945
2024-08-09 09:53:05,40200.0,4800,Buy,230471930
2024-08-09 09:53:05,40200.0,200,Buy,230471929
2024-08-09 09:53:16,40200.0,100,Buy,230472277
2024-08-09 09:53:18,40150.0,300,Sell,230472321
2024-08-09 09:53:18,40150.0,100,Sell,230472323
2024-08-09 09:53:18,40150.0,100,Sell,230472322
2024-08-09 09:53:26,40150.0,100,Sell,230472574
2024-08-09 09:53:27,40150.0,100,Sell,230472661
2024-08-09 09:53:27,40150.0,100,Sell,230472662
2024-08-09 09:53:27,40100.0,100,Sell,230472707
2024-08-09 09:53:28,40150.0,300,Buy,230472749
2024-08-09 09:53:28,40150.0,100,Buy,230472750
2024-08-09 09:53:35,40150.0,1000,Sell,230472936
2024-08-09 09:53:37,40150.0,100,Sell,230472961
2024-08-09 09:53:39,40100.0,500,Sell,230473047
2024-08-09 09:53:39,40150.0,500,Sell,230473046
2024-08-09 09:53:46,40100.0,1400,Sell,230473210
2024-08-09 09:53:46,40100.0,500,Sell,230473211
2024-08-09 09:53:46,40100.0,200,Sell,230473212
2024-08-09 09:53:46,40100.0,200,Sell,230473213
2024-08-09 09:53:46,40100.0,800,Sell,230473214
2024-08-09 09:53:46,40100.0,300,Sell,230473215
2024-08-09 09:53:46,40100.0,1600,Sell,230473216
2024-08-09 09:53:50,40100.0,400,Sell,230473288
2024-08-09 09:53:58,40100.0,800,Buy,230473509
2024-08-09 09:53:58,40100.0,700,Buy,230473508
2024-08-09 09:53:58,40100.0,1000,Buy,230473507
2024-08-09 09:53:58,40100.0,5000,Buy,230473506
2024-08-09 09:53:58,40100.0,100,Buy,230473504
2024-08-09 09:53:58,40100.0,1000,Buy,230473503
2024-08-09 09:53:58,40100.0,1600,Buy,230473502
2024-08-09 09:53:58,40100.0,2000,Buy,230473505
2024-08-09 09:53:59,40100.0,400,Sell,230473528
2024-08-09 09:54:01,40050.0,300,Sell,230473596
2024-08-09 09:54:02,40100.0,600,Buy,230473646
2024-08-09 09:54:02,40100.0,1000,Buy,230473647
2024-08-09 09:54:04,40100.0,100,Sell,230473684
2024-08-09 09:54:04,40050.0,900,Sell,230473685
2024-08-09 09:54:05,40050.0,500,Sell,230473699
2024-08-09 09:54:08,40100.0,200,Sell,230473762
2024-08-09 09:54:08,40100.0,800,Buy,230473757
2024-08-09 09:54:08,40100.0,200,Buy,230473758
2024-08-09 09:54:17,40100.0,500,Sell,230473953
2024-08-09 09:54:20,40100.0,200,Sell,230474028
2024-08-09 09:54:21,40100.0,100,Sell,230474035
2024-08-09 09:54:25,40100.0,200,Sell,230474115
2024-08-09 09:54:25,40100.0,200,Sell,230474118
2024-08-09 09:54:26,40100.0,1000,Sell,230474160
2024-08-09 09:54:27,40100.0,300,Sell,230474177
2024-08-09 09:54:27,40100.0,1000,Sell,230474184
2024-08-09 09:54:36,40100.0,300,Sell,230474343
2024-08-09 09:54:36,40100.0,2700,Sell,230474344
2024-08-09 09:54:37,40150.0,200,Buy,230474383
2024-08-09 09:54:37,40150.0,1000,Buy,230474382
2024-08-09 09:54:37,40150.0,100,Buy,230474379
2024-08-09 09:54:37,40150.0,200,Buy,230474380
2024-08-09 09:54:37,40150.0,500,Buy,230474381
2024-08-09 09:54:38,40100.0,1200,Sell,230474400
2024-08-09 09:54:38,40100.0,2000,Sell,230474401
2024-08-09 09:54:38,40100.0,1000,Sell,230474402
2024-08-09 09:54:38,40100.0,100,Sell,230474403
2024-08-09 09:54:43,40100.0,1500,Buy,230474516
2024-08-09 09:54:43,40100.0,100,Buy,230474515
2024-08-09 09:54:43,40100.0,700,Buy,230474514
2024-08-09 09:54:48,40100.0,300,Sell,230474627
2024-08-09 09:54:49,40100.0,500,Sell,230474633
2024-08-09 09:54:50,40100.0,1200,Sell,230474650
2024-08-09 09:54:50,40100.0,200,Sell,230474653
2024-08-09 09:54:51,40100.0,500,Sell,230474670
2024-08-09 09:54:54,40100.0,400,Buy,230474727
2024-08-09 09:54:56,40100.0,1000,Buy,230474813
2024-08-09 09:54:57,40100.0,900,Buy,230474833
2024-08-09 09:54:57,40100.0,100,Buy,230474834
2024-08-09 09:54:59,40100.0,500,Sell,230474902
2024-08-09 09:55:03,40100.0,100,Sell,230474988
2024-08-09 09:55:03,40100.0,400,Sell,230474990
2024-08-09 09:55:03,40100.0,2500,Sell,230474991
2024-08-09 09:55:04,40100.0,300,Sell,230474998
2024-08-09 09:55:09,40100.0,7900,Sell,230475427
2024-08-09 09:55:10,40100.0,800,Sell,230475455
2024-08-09 09:55:12,40100.0,100,Sell,230475497
2024-08-09 09:55:13,40100.0,200,Sell,230475517
2024-08-09 09:55:14,40100.0,500,Sell,230475528
2024-08-09 09:55:18,40150.0,1000,Buy,230475660
2024-08-09 09:55:28,40100.0,300,Sell,230475959
2024-08-09 09:55:31,40100.0,100,Sell,230476043
2024-08-09 09:55:33,40150.0,800,Buy,230476083
2024-08-09 09:55:42,40150.0,500,Buy,230476323
2024-08-09 09:55:44,40100.0,100,Sell,230476359
2024-08-09 09:55:53,40100.0,1000,Sell,230476616
2024-08-09 09:55:56,40100.0,800,Sell,230476734
2024-08-09 09:55:56,40100.0,700,Sell,230476733
2024-08-09 09:55:57,40100.0,600,Sell,230476756
2024-08-09 09:55:59,40100.0,600,Sell,230476831
2024-08-09 09:55:59,40100.0,400,Sell,230476832
2024-08-09 09:56:00,40100.0,600,Sell,230476874
2024-08-09 09:56:00,40100.0,900,Sell,230476875
2024-08-09 09:56:03,40150.0,2000,Buy,230476986
2024-08-09 09:56:06,40100.0,900,Sell,230477128
2024-08-09 09:56:06,40100.0,3000,Sell,230477127
2024-08-09 09:56:06,40100.0,100,Sell,230477125
2024-08-09 09:56:06,40100.0,1000,Sell,230477126
2024-08-09 09:56:07,40100.0,3000,Sell,230477144
2024-08-09 09:56:07,40150.0,500,Buy,230477155
2024-08-09 09:56:08,40100.0,1000,Sell,230477181
2024-08-09 09:56:10,40150.0,600,Buy,230477264
2024-08-09 09:56:12,40150.0,2000,Buy,230477359
2024-08-09 09:56:17,40150.0,100,Buy,230477518
2024-08-09 09:56:19,40100.0,2700,Sell,230477582
2024-08-09 09:56:19,40100.0,400,Sell,230477581
2024-08-09 09:56:19,40100.0,100,Sell,230477579
2024-08-09 09:56:19,40100.0,900,Sell,230477580
2024-08-09 09:56:20,40150.0,500,Buy,230477585
2024-08-09 09:56:25,40100.0,200,Sell,230477730
2024-08-09 09:56:25,40100.0,2100,Sell,230477699
2024-08-09 09:56:25,40100.0,200,Sell,230477700
2024-08-09 09:56:25,40100.0,4700,Sell,230477701
2024-08-09 09:56:31,40150.0,2100,Buy,230477903
2024-08-09 09:56:31,40150.0,100,Buy,230477904
2024-08-09 09:56:31,40150.0,200,Buy,230477905
2024-08-09 09:56:31,40150.0,600,Buy,230477906
2024-08-09 09:56:34,40100.0,500,Buy,230478004
2024-08-09 09:56:34,40050.0,500,Sell,230477994
2024-08-09 09:56:34,40050.0,600,Sell,230477995
2024-08-09 09:56:34,40100.0,500,Sell,230477992
2024-08-09 09:56:34,40100.0,100,Sell,230477991
2024-08-09 09:56:34,40050.0,300,Sell,230477993
2024-08-09 09:56:35,40100.0,300,Sell,230478048
2024-08-09 09:56:35,40050.0,1400,Sell,230478049
2024-08-09 09:56:35,40050.0,1000,Sell,230478050
2024-08-09 09:56:53,40100.0,100,Buy,230478484
2024-08-09 09:56:54,40100.0,400,Buy,230478492
2024-08-09 09:56:54,40100.0,800,Buy,230478493
2024-08-09 09:56:55,40050.0,500,Sell,230478539
2024-08-09 09:56:55,40050.0,100,Sell,230478538
2024-08-09 09:56:55,40050.0,1000,Sell,230478537
2024-08-09 09:57:02,40050.0,2300,Sell,230478754
2024-08-09 09:57:02,40050.0,2000,Sell,230478751
2024-08-09 09:57:02,40050.0,600,Sell,230478752
2024-08-09 09:57:02,40050.0,100,Sell,230478753
2024-08-09 09:57:06,40100.0,1800,Buy,230478837
2024-08-09 09:57:06,40100.0,1000,Buy,230478838
2024-08-09 09:57:06,40100.0,200,Buy,230478839
2024-08-09 09:57:13,40050.0,500,Sell,230479015
2024-08-09 09:57:16,40100.0,100,Buy,230479041
2024-08-09 09:57:17,40050.0,100,Sell,230479092
2024-08-09 09:57:22,40100.0,700,Buy,230479224
2024-08-09 09:57:22,40100.0,300,Buy,230479225
2024-08-09 09:57:24,40050.0,100,Sell,230479294
2024-08-09 09:57:25,40100.0,200,Buy,230479344
2024-08-09 09:57:28,40100.0,1700,Buy,230479412
2024-08-09 09:57:47,40100.0,1000,Buy,230479812
2024-08-09 09:57:48,40100.0,300,Buy,230479822
2024-08-09 09:57:50,40100.0,200,Buy,230479886
2024-08-09 09:57:51,40100.0,100,Buy,230479905
2024-08-09 09:57:51,40100.0,100,Buy,230479904
2024-08-09 09:57:51,40100.0,500,Buy,230479917
2024-08-09 09:57:51,40100.0,100,Buy,230479906
2024-08-09 09:57:51,40100.0,200,Buy,230479903
2024-08-09 09:57:51,40100.0,1000,Buy,230479898
2024-08-09 09:57:51,40100.0,500,Buy,230479901
2024-08-09 09:57:51,40100.0,300,Buy,230479900
2024-08-09 09:57:51,40100.0,1000,Buy,230479899
2024-08-09 09:57:51,40100.0,800,Buy,230479897
2024-08-09 09:57:51,40100.0,400,Buy,230479896
2024-08-09 09:57:51,40100.0,500,Buy,230479902
2024-08-09 09:57:54,40050.0,100,Sell,230479968
2024-08-09 09:57:58,40100.0,100,Buy,230480046
2024-08-09 09:58:00,40100.0,700,Buy,230480090
2024-08-09 09:58:02,40100.0,3700,Buy,230480148
2024-08-09 09:58:02,40100.0,1300,Buy,230480149
2024-08-09 09:58:08,40100.0,500,Sell,230480357
2024-08-09 09:58:08,40100.0,1000,Buy,230480339
2024-08-09 09:58:08,40100.0,300,Buy,230480338
2024-08-09 09:58:08,40100.0,400,Buy,230480337
2024-08-09 09:58:08,40100.0,500,Buy,230480336
2024-08-09 09:58:08,40100.0,100,Buy,230480331
2024-08-09 09:58:08,40100.0,200,Buy,230480334
2024-08-09 09:58:08,40100.0,300,Buy,230480333
2024-08-09 09:58:08,40100.0,100,Buy,230480332
2024-08-09 09:58:08,40100.0,2800,Buy,230480330
2024-08-09 09:58:08,40100.0,100,Buy,230480335
2024-08-09 09:58:09,40150.0,600,Buy,230480377
2024-08-09 09:58:09,40150.0,400,Buy,230480376
2024-08-09 09:58:09,40150.0,400,Buy,230480373
2024-08-09 09:58:09,40150.0,400,Buy,230480374
2024-08-09 09:58:09,40150.0,200,Buy,230480375
2024-08-09 09:58:11,40100.0,2000,Sell,230480413
2024-08-09 09:58:11,40100.0,100,Sell,230480416
2024-08-09 09:58:14,40150.0,200,Buy,230480456
2024-08-09 09:58:14,40150.0,200,Buy,230480457
2024-08-09 09:58:14,40150.0,600,Buy,230480458
2024-08-09 09:58:15,40150.0,500,Buy,230480495
2024-08-09 09:58:15,40150.0,100,Buy,230480494
2024-08-09 09:58:15,40150.0,5000,Buy,230480493
2024-08-09 09:58:15,40150.0,200,Buy,230480492
2024-08-09 09:58:15,40150.0,300,Buy,230480491
2024-08-09 09:58:15,40150.0,600,Buy,230480490
2024-08-09 09:58:15,40150.0,200,Buy,230480489
2024-08-09 09:58:15,40150.0,2000,Buy,230480486
2024-08-09 09:58:15,40150.0,200,Buy,230480487
2024-08-09 09:58:15,40150.0,100,Buy,230480484
2024-08-09 09:58:15,40150.0,500,Buy,230480483
2024-08-09 09:58:15,40150.0,200,Buy,230480482
2024-08-09 09:58:15,40150.0,1400,Buy,230480481
2024-08-09 09:58:15,40150.0,200,Buy,230480488
2024-08-09 09:58:15,40150.0,200,Buy,230480485
2024-08-09 09:58:18,40100.0,100,Sell,230480609
2024-08-09 09:58:20,40150.0,700,Buy,230480687
2024-08-09 09:58:20,40150.0,500,Buy,230480686
2024-08-09 09:58:20,40150.0,200,Buy,230480682
2024-08-09 09:58:20,40150.0,500,Buy,230480684
2024-08-09 09:58:20,40150.0,800,Buy,230480683
2024-08-09 09:58:20,40150.0,300,Buy,230480685
2024-08-09 09:58:22,40150.0,3200,Buy,230480706
2024-08-09 09:58:22,40150.0,700,Buy,230480707
2024-08-09 09:58:22,40150.0,3500,Buy,230480708
2024-08-09 09:58:24,40100.0,100,Sell,230480739
2024-08-09 09:58:24,40100.0,1000,Sell,230480762
2024-08-09 09:58:27,40150.0,100,Buy,230480802
2024-08-09 09:58:28,40100.0,10000,Sell,230480817
2024-08-09 09:58:28,40150.0,100,Buy,230480828
2024-08-09 09:58:30,40150.0,100,Buy,230480902
2024-08-09 09:58:35,40150.0,8000,Buy,230480998
2024-08-09 09:58:35,40150.0,600,Buy,230480997
2024-08-09 09:58:35,40150.0,200,Buy,230480996
2024-08-09 09:58:35,40150.0,1200,Buy,230480995
2024-08-09 09:58:35,40100.0,7000,Sell,230480990
2024-08-09 09:58:37,40150.0,100,Buy,230481047
2024-08-09 09:58:38,40150.0,300,Buy,230481098
2024-08-09 09:58:38,40150.0,5000,Buy,230481101
2024-08-09 09:58:41,40150.0,1600,Buy,230481159
2024-08-09 09:58:41,40150.0,400,Buy,230481160
2024-08-09 09:58:42,40150.0,100,Buy,230481172
2024-08-09 09:58:42,40150.0,1000,Buy,230481171
2024-08-09 09:58:42,40150.0,200,Buy,230481170
2024-08-09 09:58:42,40150.0,300,Buy,230481169
2024-08-09 09:58:42,40150.0,7700,Buy,230481168
2024-08-09 09:58:42,40150.0,200,Buy,230481163
2024-08-09 09:58:42,40150.0,1000,Buy,230481166
2024-08-09 09:58:42,40150.0,100,Buy,230481165
2024-08-09 09:58:42,40150.0,1000,Buy,230481164
2024-08-09 09:58:42,40150.0,600,Buy,230481162
2024-08-09 09:58:42,40150.0,4100,Buy,230481167
2024-08-09 09:58:43,40150.0,1000,Sell,230481195
2024-08-09 09:58:43,40150.0,4100,Sell,230481196
2024-08-09 09:58:45,40150.0,200,Sell,230481238
2024-08-09 09:58:46,40150.0,2000,Sell,230481246
2024-08-09 09:58:48,40150.0,5600,Sell,230481303
2024-08-09 09:58:49,40150.0,100,Sell,230481338
2024-08-09 09:58:52,40150.0,100,Sell,230481404
2024-08-09 09:58:52,40150.0,100,Sell,230481405
2024-08-09 09:58:52,40200.0,300,Buy,230481417
2024-08-09 09:58:52,40200.0,200,Buy,230481418
2024-08-09 09:58:52,40200.0,4500,Buy,230481419
2024-08-09 09:58:54,40200.0,600,Buy,230481461
2024-08-09 09:58:54,40200.0,500,Buy,230481460
2024-08-09 09:58:54,40200.0,100,Buy,230481459
2024-08-09 09:58:54,40200.0,200,Buy,230481458
2024-08-09 09:58:58,40150.0,100,Sell,230481510
2024-08-09 09:59:01,40150.0,200,Sell,230481670
2024-08-09 09:59:01,40150.0,300,Sell,230481671
2024-08-09 09:59:03,40150.0,3000,Sell,230481735
2024-08-09 09:59:04,40200.0,100,Buy,230481757
2024-08-09 09:59:04,40200.0,100,Buy,230481758
2024-08-09 09:59:04,40200.0,100,Buy,230481759
2024-08-09 09:59:04,40200.0,700,Buy,230481760
2024-08-09 09:59:09,40150.0,100,Sell,230481859
2024-08-09 09:59:10,40150.0,500,Sell,230481883
2024-08-09 09:59:10,40200.0,8000,Buy,230481881
2024-08-09 09:59:18,40200.0,100,Buy,230482234
2024-08-09 09:59:19,40200.0,1000,Buy,230482243
2024-08-09 09:59:21,40150.0,500,Sell,230482281
2024-08-09 09:59:29,40150.0,200,Sell,230482434
2024-08-09 09:59:36,40150.0,200,Sell,230482775
2024-08-09 09:59:37,40150.0,200,Sell,230482792
2024-08-09 09:59:37,40150.0,1800,Sell,230482793
2024-08-09 09:59:39,40150.0,1000,Sell,230482856
2024-08-09 09:59:42,40150.0,500,Sell,230482932
2024-08-09 09:59:43,40200.0,1100,Buy,230482952
2024-08-09 09:59:43,40200.0,1000,Buy,230482951
2024-08-09 09:59:43,40200.0,100,Buy,230482949
2024-08-09 09:59:43,40200.0,200,Buy,230482948
2024-08-09 09:59:43,40200.0,100,Buy,230482950
2024-08-09 09:59:52,40200.0,300,Buy,230483152
2024-08-09 09:59:52,40200.0,2000,Buy,230483156
2024-08-09 09:59:52,40200.0,1000,Buy,230483155
2024-08-09 09:59:52,40200.0,100,Buy,230483154
2024-08-09 09:59:52,40200.0,300,Buy,230483153
2024-08-09 09:59:52,40200.0,1000,Buy,230483151
2024-08-09 09:59:52,40200.0,3000,Buy,230483150
2024-08-09 09:59:52,40200.0,200,Buy,230483148
2024-08-09 09:59:52,40200.0,100,Buy,230483147
2024-08-09 09:59:52,40200.0,200,Buy,230483146
2024-08-09 09:59:52,40200.0,100,Buy,230483145
2024-08-09 09:59:52,40200.0,100,Buy,230483144
2024-08-09 09:59:52,40200.0,2000,Buy,230483143
2024-08-09 09:59:52,40200.0,500,Buy,230483142
2024-08-09 09:59:52,40200.0,100,Buy,230483149
2024-08-09 09:59:56,40200.0,400,Buy,230483269
2024-08-09 09:59:56,40200.0,200,Buy,230483268
2024-08-09 09:59:56,40200.0,7800,Buy,230483270
2024-08-09 09:59:56,40200.0,500,Buy,230483267
2024-08-09 09:59:56,40200.0,500,Buy,230483272
2024-08-09 09:59:56,40200.0,1000,Buy,230483273
2024-08-09 09:59:56,40200.0,100,Buy,230483271
2024-08-09 09:59:56,40200.0,100,Buy,230483266
2024-08-09 09:59:56,40200.0,1700,Buy,230483264
2024-08-09 09:59:56,40200.0,3000,Buy,230483257
2024-08-09 09:59:56,40200.0,1000,Buy,230483263
2024-08-09 09:59:56,40200.0,4100,Buy,230483262
2024-08-09 09:59:56,40200.0,1000,Buy,230483261
2024-08-09 09:59:56,40200.0,1000,Buy,230483260
2024-08-09 09:59:56,40200.0,500,Buy,230483259
2024-08-09 09:59:56,40200.0,300,Buy,230483258
2024-08-09 09:59:56,40200.0,500,Buy,230483265
2024-08-09 10:00:05,40200.0,200,Sell,230483416
2024-08-09 10:00:05,40200.0,2000,Sell,230483417
2024-08-09 10:00:12,40200.0,1000,Sell,230483519
2024-08-09 10:00:16,40250.0,100,Buy,230483650
2024-08-09 10:00:16,40250.0,300,Buy,230483649
2024-08-09 10:00:16,40250.0,500,Buy,230483648
2024-08-09 10:00:16,40250.0,500,Buy,230483647
2024-08-09 10:00:16,40250.0,1000,Buy,230483646
2024-08-09 10:00:16,40250.0,100,Buy,230483643
2024-08-09 10:00:16,40250.0,5000,Buy,230483644
2024-08-09 10:00:16,40250.0,1000,Buy,230483651
2024-08-09 10:00:16,40250.0,100,Buy,230483645
2024-08-09 10:00:16,40250.0,1000,Buy,230483642
2024-08-09 10:00:16,40250.0,5800,Buy,230483640
2024-08-09 10:00:16,40250.0,200,Buy,230483639
2024-08-09 10:00:16,40250.0,1000,Buy,230483638
2024-08-09 10:00:16,40250.0,200,Buy,230483637
2024-08-09 10:00:16,40250.0,1000,Buy,230483636
2024-08-09 10:00:16,40250.0,500,Buy,230483635
2024-08-09 10:00:16,40250.0,1000,Buy,230483634
2024-08-09 10:00:16,40200.0,5000,Sell,230483619
2024-08-09 10:00:16,40250.0,500,Buy,230483641
2024-08-09 10:00:17,40200.0,500,Sell,230483679
2024-08-09 10:00:17,40250.0,3400,Sell,230483677
2024-08-09 10:00:17,40250.0,200,Sell,230483671
2024-08-09 10:00:18,40200.0,800,Sell,230483686
2024-08-09 10:00:27,40200.0,1000,Sell,230483912
2024-08-09 10:00:27,40250.0,200,Buy,230483944
2024-08-09 10:00:29,40250.0,500,Buy,230483985
2024-08-09 10:00:32,40300.0,400,Buy,230484157
2024-08-09 10:00:32,40300.0,100,Buy,230484158
2024-08-09 10:00:32,40300.0,100,Buy,230484159
2024-08-09 10:00:32,40300.0,5000,Buy,230484156
2024-08-09 10:00:32,40300.0,1500,Buy,230484161
2024-08-09 10:00:32,40300.0,400,Buy,230484162
2024-08-09 10:00:32,40300.0,800,Buy,230484163
2024-08-09 10:00:32,40300.0,500,Buy,230484160
2024-08-09 10:00:32,40300.0,9500,Buy,230484155
2024-08-09 10:00:32,40300.0,100,Buy,230484147
2024-08-09 10:00:32,40300.0,100,Buy,230484153
2024-08-09 10:00:32,40300.0,200,Buy,230484145
2024-08-09 10:00:32,40300.0,100,Buy,230484146
2024-08-09 10:00:32,40300.0,100,Buy,230484148
2024-08-09 10:00:32,40300.0,100,Buy,230484154
2024-08-09 10:00:32,40300.0,100,Buy,230484150
2024-08-09 10:00:32,40300.0,400,Buy,230484151
2024-08-09 10:00:32,40300.0,200,Buy,230484152
2024-08-09 10:00:32,40300.0,300,Buy,230484149
2024-08-09 10:00:37,40250.0,500,Sell,230484250
2024-08-09 10:00:40,40300.0,200,Buy,230484284
2024-08-09 10:00:40,40300.0,300,Buy,230484285
2024-08-09 10:00:40,40300.0,1700,Buy,230484288
2024-08-09 10:00:40,40300.0,800,Buy,230484289
2024-08-09 10:00:46,40250.0,500,Sell,230484454
2024-08-09 10:00:46,40250.0,100,Sell,230484455
2024-08-09 10:00:46,40250.0,100,Sell,230484456
2024-08-09 10:00:46,40250.0,200,Sell,230484457
2024-08-09 10:00:55,40300.0,400,Buy,230484645
2024-08-09 10:00:55,40300.0,100,Buy,230484644
2024-08-09 10:00:55,40300.0,300,Buy,230484646
2024-08-09 10:00:55,40300.0,100,Buy,230484642
2024-08-09 10:00:55,40300.0,500,Buy,230484641
2024-08-09 10:00:55,40300.0,200,Buy,230484640
2024-08-09 10:00:55,40300.0,500,Buy,230484643
2024-08-09 10:01:05,40300.0,700,Buy,230484828
2024-08-09 10:01:05,40300.0,300,Buy,230484829
2024-08-09 10:01:10,40300.0,100,Buy,230484963
2024-08-09 10:01:18,40300.0,100,Buy,230485088
2024-08-09 10:01:18,40300.0,100,Buy,230485089
2024-08-09 10:01:18,40300.0,800,Buy,230485090
2024-08-09 10:01:20,40300.0,100,Buy,230485165
2024-08-09 10:01:21,40300.0,100,Buy,230485197
2024-08-09 10:01:33,40300.0,500,Buy,230485463
2024-08-09 10:01:42,40300.0,500,Buy,230485616
2024-08-09 10:01:42,40300.0,100,Buy,230485617
2024-08-09 10:01:42,40300.0,100,Buy,230485618
2024-08-09 10:01:42,40300.0,200,Buy,230485619
2024-08-09 10:01:42,40300.0,100,Buy,230485620
2024-08-09 10:01:42,40300.0,1000,Buy,230485621
2024-08-09 10:01:42,40300.0,3000,Buy,230485622
2024-08-09 10:01:43,40250.0,100,Sell,230485655
2024-08-09 10:01:44,40250.0,300,Sell,230485672
2024-08-09 10:01:44,40250.0,1000,Sell,230485673
2024-08-09 10:01:44,40250.0,1700,Sell,230485671
2024-08-09 10:01:44,40250.0,100,Sell,230485658
2024-08-09 10:01:44,40250.0,100,Sell,230485657
2024-08-09 10:01:44,40250.0,300,Sell,230485659
2024-08-09 10:01:46,40300.0,1000,Buy,230485711
2024-08-09 10:01:47,40250.0,500,Sell,230485719
2024-08-09 10:01:47,40250.0,1000,Sell,230485730
2024-08-09 10:01:49,40300.0,900,Buy,230485762
2024-08-09 10:01:50,40250.0,200,Sell,230485790
2024-08-09 10:01:54,40300.0,100,Buy,230485891
2024-08-09 10:01:58,40300.0,200,Buy,230486050
2024-08-09 10:01:58,40300.0,1700,Buy,230486049
2024-08-09 10:01:58,40300.0,500,Buy,230486047
2024-08-09 10:01:58,40300.0,100,Buy,230486046
2024-08-09 10:01:58,40250.0,1000,Sell,230486045
2024-08-09 10:01:58,40300.0,500,Buy,230486048
2024-08-09 10:01:59,40250.0,500,Sell,230486130
2024-08-09 10:02:00,40250.0,300,Sell,230486147
2024-08-09 10:02:00,40250.0,300,Sell,230486148
2024-08-09 10:02:00,40250.0,100,Sell,230486149
2024-08-09 10:02:00,40250.0,4000,Sell,230486150
2024-08-09 10:02:00,40250.0,400,Sell,230486151
2024-08-09 10:02:00,40250.0,100,Sell,230486152
2024-08-09 10:02:04,40200.0,1000,Sell,230486244
2024-08-09 10:02:04,40200.0,15800,Sell,230486242
2024-08-09 10:02:04,40200.0,2000,Sell,230486243
2024-08-09 10:02:06,40250.0,2000,Buy,230486306
2024-08-09 10:02:08,40250.0,500,Buy,230486360
2024-08-09 10:02:08,40250.0,2000,Buy,230486363
2024-08-09 10:02:13,40250.0,300,Buy,230486433
2024-08-09 10:02:13,40250.0,700,Buy,230486434
2024-08-09 10:02:13,40250.0,200,Buy,230486435
2024-08-09 10:02:14,40250.0,500,Sell,230486463
2024-08-09 10:02:21,40250.0,300,Sell,230486613
2024-08-09 10:02:21,40250.0,200,Sell,230486614
2024-08-09 10:02:27,40250.0,300,Sell,230486729
2024-08-09 10:02:27,40250.0,200,Sell,230486730
2024-08-09 10:02:33,40250.0,200,Sell,230486854
2024-08-09 10:02:34,40250.0,300,Buy,230486880
2024-08-09 10:02:35,40200.0,100,Sell,230486887
2024-08-09 10:02:38,40250.0,500,Buy,230486951
2024-08-09 10:02:46,40250.0,1000,Buy,230487122
2024-08-09 10:02:51,40200.0,100,Sell,230487206
2024-08-09 10:02:51,40200.0,100,Sell,230487207
2024-08-09 10:02:53,40200.0,6000,Sell,230487252
2024-08-09 10:02:55,40200.0,100,Sell,230487292
2024-08-09 10:02:59,40250.0,800,Buy,230487353
2024-08-09 10:02:59,40250.0,2100,Buy,230487356
2024-08-09 10:02:59,40250.0,1000,Buy,230487352
2024-08-09 10:02:59,40250.0,100,Buy,230487354
2024-08-09 10:02:59,40250.0,1000,Buy,230487355
2024-08-09 10:03:01,40200.0,100,Sell,230487389
2024-08-09 10:03:01,40200.0,800,Sell,230487390
2024-08-09 10:03:01,40200.0,300,Sell,230487391
2024-08-09 10:03:01,40200.0,5000,Sell,230487392
2024-08-09 10:03:01,40200.0,100,Sell,230487393
2024-08-09 10:03:05,40200.0,100,Buy,230487477
2024-08-09 10:03:08,40200.0,700,Buy,230487536
2024-08-09 10:03:09,40200.0,700,Buy,230487566
2024-08-09 10:03:12,40200.0,100,Buy,230487616
2024-08-09 10:03:22,40200.0,2000,Buy,230487772
2024-08-09 10:03:24,40200.0,100,Buy,230487806
2024-08-09 10:03:24,40200.0,100,Buy,230487807
2024-08-09 10:03:24,40200.0,1000,Buy,230487808
2024-08-09 10:03:24,40200.0,100,Buy,230487809
2024-08-09 10:03:25,40200.0,1000,Buy,230487814
2024-08-09 10:03:28,40200.0,200,Buy,230487905
2024-08-09 10:03:33,40200.0,100,Buy,230488020
2024-08-09 10:03:41,40200.0,200,Buy,230488169
2024-08-09 10:03:42,40200.0,500,Buy,230488180
2024-08-09 10:03:45,40200.0,1000,Buy,230488254
2024-08-09 10:03:50,40200.0,300,Buy,230488319
2024-08-09 10:03:54,40200.0,100,Buy,230488398
2024-08-09 10:04:04,40200.0,500,Buy,230488634
2024-08-09 10:04:08,40200.0,100,Buy,230488728
2024-08-09 10:04:08,40200.0,100,Buy,230488729
2024-08-09 10:04:08,40200.0,300,Buy,230488730
2024-08-09 10:04:14,40200.0,100,Buy,230488838
2024-08-09 10:04:14,40200.0,1100,Buy,230488839
2024-08-09 10:04:14,40200.0,1000,Buy,230488836
2024-08-09 10:04:14,40200.0,200,Buy,230488835
2024-08-09 10:04:14,40200.0,100,Buy,230488837
2024-08-09 10:04:15,40150.0,200,Sell,230488848
2024-08-09 10:04:15,40150.0,300,Sell,230488849
2024-08-09 10:04:16,40200.0,1000,Buy,230488894
2024-08-09 10:04:20,40200.0,200,Buy,230488967
2024-08-09 10:04:26,40200.0,700,Buy,230489058
2024-08-09 10:04:26,40200.0,300,Buy,230489059
2024-08-09 10:04:26,40200.0,200,Buy,230489062
2024-08-09 10:04:30,40150.0,1000,Sell,230489117
2024-08-09 10:04:32,40200.0,200,Buy,230489166
2024-08-09 10:04:32,40200.0,500,Buy,230489165
2024-08-09 10:04:32,40200.0,100,Buy,230489162
2024-08-09 10:04:32,40200.0,100,Buy,230489163
2024-08-09 10:04:32,40200.0,100,Buy,230489164
2024-08-09 10:04:34,40150.0,700,Sell,230489209
2024-08-09 10:04:34,40150.0,100,Sell,230489210
2024-08-09 10:04:34,40150.0,7000,Sell,230489211
2024-08-09 10:04:34,40150.0,14900,Sell,230489212
2024-08-09 10:04:40,40150.0,100,Sell,230489423
2024-08-09 10:04:41,40150.0,200,Sell,230489465
2024-08-09 10:04:43,40150.0,100,Sell,230489504
2024-08-09 10:04:45,40200.0,200,Buy,230489544
2024-08-09 10:04:45,40200.0,200,Buy,230489545
2024-08-09 10:04:46,40150.0,100,Sell,230489553
2024-08-09 10:04:50,40150.0,500,Sell,230489609
2024-08-09 10:04:55,40150.0,4100,Sell,230489724
2024-08-09 10:04:55,40150.0,1900,Sell,230489725
2024-08-09 10:04:58,40150.0,400,Sell,230489824
2024-08-09 10:04:58,40150.0,200,Sell,230489823
2024-08-09 10:04:58,40150.0,100,Sell,230489821
2024-08-09 10:04:58,40150.0,400,Sell,230489822
2024-08-09 10:04:58,40150.0,100,Sell,230489819
2024-08-09 10:04:58,40150.0,300,Sell,230489818
2024-08-09 10:04:58,40150.0,200,Sell,230489817
2024-08-09 10:04:58,40150.0,100,Sell,230489816
2024-08-09 10:04:58,40150.0,2000,Sell,230489820
2024-08-09 10:05:02,40150.0,100,Sell,230489885
2024-08-09 10:05:06,40150.0,2500,Sell,230489983
2024-08-09 10:05:06,40150.0,200,Sell,230489984
2024-08-09 10:05:39,40150.0,900,Buy,230490759
2024-08-09 10:05:39,40150.0,100,Buy,230490758
2024-08-09 10:05:39,40150.0,400,Buy,230490757
2024-08-09 10:05:39,40150.0,400,Buy,230490756
2024-08-09 10:05:39,40150.0,300,Buy,230490753
2024-08-09 10:05:39,40150.0,300,Buy,230490754
2024-08-09 10:05:39,40150.0,2000,Buy,230490752
2024-08-09 10:05:39,40150.0,200,Buy,230490751
2024-08-09 10:05:39,40150.0,300,Buy,230490750
2024-08-09 10:05:39,40150.0,100,Buy,230490755
2024-08-09 10:05:40,40150.0,400,Buy,230490778
2024-08-09 10:05:41,40100.0,900,Sell,230490807
2024-08-09 10:05:41,40100.0,100,Sell,230490804
2024-08-09 10:05:41,40100.0,100,Sell,230490803
2024-08-09 10:05:41,40100.0,100,Sell,230490806
2024-08-09 10:05:41,40100.0,500,Sell,230490801
2024-08-09 10:05:41,40100.0,100,Sell,230490802
2024-08-09 10:05:41,40100.0,1500,Sell,230490798
2024-08-09 10:05:41,40100.0,1000,Sell,230490805
2024-08-09 10:05:41,40100.0,500,Sell,230490800
2024-08-09 10:05:41,40100.0,200,Sell,230490799
2024-08-09 10:05:50,40100.0,100,Sell,230490979
2024-08-09 10:05:50,40100.0,100,Sell,230490978
2024-08-09 10:05:50,40100.0,500,Sell,230490980
2024-08-09 10:05:54,40100.0,800,Sell,230491065
2024-08-09 10:05:54,40100.0,100,Sell,230491063
2024-08-09 10:05:54,40100.0,100,Sell,230491064
2024-08-09 10:05:55,40100.0,100,Sell,230491093
2024-08-09 10:05:57,40100.0,1000,Sell,230491138
2024-08-09 10:06:03,40050.0,100,Sell,230491234
2024-08-09 10:06:18,40050.0,400,Sell,230491619
2024-08-09 10:06:23,40050.0,100,Sell,230491704
2024-08-09 10:06:28,40100.0,100,Buy,230491785
2024-08-09 10:06:29,40050.0,400,Sell,230491835
2024-08-09 10:06:29,40050.0,100,Sell,230491836
2024-08-09 10:06:30,40050.0,800,Sell,230491868
2024-08-09 10:06:31,40050.0,300,Sell,230491903
2024-08-09 10:06:31,40050.0,100,Sell,230491900
2024-08-09 10:06:31,40050.0,500,Sell,230491901
2024-08-09 10:06:31,40050.0,100,Sell,230491902
2024-08-09 10:06:32,40050.0,200,Sell,230491933
2024-08-09 10:06:32,40050.0,100,Sell,230491934
2024-08-09 10:06:32,40050.0,1500,Sell,230491935
2024-08-09 10:06:32,40050.0,5100,Sell,230491936
2024-08-09 10:06:35,40050.0,1000,Sell,230491972
2024-08-09 10:06:36,40050.0,200,Sell,230492006
2024-08-09 10:06:45,40100.0,1100,Buy,230492189
2024-08-09 10:06:45,40100.0,1000,Buy,230492188
2024-08-09 10:06:45,40100.0,1000,Buy,230492186
2024-08-09 10:06:45,40100.0,500,Buy,230492187
2024-08-09 10:06:45,40100.0,1400,Buy,230492185
2024-08-09 10:06:47,40050.0,500,Sell,230492233
2024-08-09 10:06:47,40050.0,500,Sell,230492234
2024-08-09 10:06:56,40050.0,300,Sell,230492401
2024-08-09 10:06:56,40050.0,100,Sell,230492402
2024-08-09 10:06:56,40050.0,300,Sell,230492403
2024-08-09 10:06:56,40050.0,200,Sell,230492404
2024-08-09 10:06:56,40050.0,100,Sell,230492405
2024-08-09 10:06:57,40100.0,500,Buy,230492415
2024-08-09 10:07:00,40050.0,500,Sell,230492514
2024-08-09 10:07:00,40050.0,300,Sell,230492513
2024-08-09 10:07:00,40050.0,900,Sell,230492512
2024-08-09 10:07:01,40050.0,100,Buy,230492526
2024-08-09 10:07:13,40000.0,100,Sell,230492763
2024-08-09 10:07:13,40050.0,800,Buy,230492768
2024-08-09 10:07:13,40050.0,1000,Buy,230492769
2024-08-09 10:07:14,40050.0,200,Sell,230492786
2024-08-09 10:07:15,40050.0,300,Buy,230492824
2024-08-09 10:07:16,40050.0,1700,Sell,230492835
2024-08-09 10:07:17,40050.0,800,Buy,230492841
2024-08-09 10:07:24,40050.0,1000,Sell,230493052
2024-08-09 10:07:38,40050.0,200,Sell,230493442
2024-08-09 10:07:38,40050.0,100,Sell,230493443
2024-08-09 10:07:40,40050.0,1000,Sell,230493484
2024-08-09 10:07:41,40050.0,900,Sell,230493517
2024-08-09 10:07:41,40050.0,300,Sell,230493518
2024-08-09 10:07:41,40050.0,1000,Sell,230493519
2024-08-09 10:07:41,40050.0,2000,Sell,230493520
2024-08-09 10:07:41,40050.0,200,Sell,230493521
2024-08-09 10:07:42,40050.0,500,Buy,230493527
2024-08-09 10:07:42,40000.0,300,Sell,230493531
2024-08-09 10:07:46,40100.0,300,Buy,230493648
2024-08-09 10:07:46,40100.0,400,Buy,230493647
2024-08-09 10:07:46,40050.0,100,Buy,230493645
2024-08-09 10:07:46,40050.0,200,Buy,230493646
2024-08-09 10:07:57,40100.0,200,Buy,230493834
2024-08-09 10:07:57,40100.0,300,Buy,230493835
2024-08-09 10:07:57,40100.0,500,Buy,230493836
2024-08-09 10:07:57,40100.0,400,Buy,230493837
2024-08-09 10:08:00,40050.0,500,Sell,230493895
2024-08-09 10:08:00,40050.0,500,Sell,230493899
2024-08-09 10:08:02,40100.0,100,Buy,230493923
2024-08-09 10:08:04,40050.0,200,Sell,230493991
2024-08-09 10:08:19,40050.0,100,Sell,230494336
2024-08-09 10:08:22,40050.0,100,Sell,230494374
2024-08-09 10:08:23,40050.0,1100,Sell,230494414
2024-08-09 10:08:23,40050.0,900,Sell,230494415
2024-08-09 10:08:23,40050.0,100,Sell,230494422
2024-08-09 10:08:23,40050.0,100,Sell,230494425
2024-08-09 10:08:30,40050.0,3000,Buy,230494551
2024-08-09 10:08:30,40050.0,1500,Buy,230494568
2024-08-09 10:08:30,40050.0,600,Buy,230494569
2024-08-09 10:08:32,40050.0,500,Sell,230494608
2024-08-09 10:08:34,40050.0,300,Sell,230494656
2024-08-09 10:08:35,40050.0,1000,Sell,230494674
2024-08-09 10:08:37,40050.0,1000,Sell,230494698
2024-08-09 10:08:42,40050.0,100,Sell,230494893
2024-08-09 10:08:42,40050.0,100,Sell,230494894
2024-08-09 10:08:42,40050.0,100,Sell,230494892
2024-08-09 10:08:48,40050.0,500,Sell,230495036
2024-08-09 10:08:56,40050.0,100,Sell,230495212
2024-08-09 10:08:59,40050.0,1000,Sell,230495270
2024-08-09 10:09:03,40050.0,300,Sell,230495365
2024-08-09 10:09:03,40050.0,600,Sell,230495366
2024-08-09 10:09:04,40050.0,1000,Sell,230495380
2024-08-09 10:09:04,40050.0,100,Sell,230495379
2024-08-09 10:09:04,40050.0,400,Sell,230495378
2024-08-09 10:09:18,40050.0,100,Buy,230495646
2024-08-09 10:09:18,40050.0,1900,Buy,230495647
2024-08-09 10:09:19,40050.0,1500,Buy,230495662
2024-08-09 10:09:42,40050.0,100,Buy,230496033
2024-08-09 10:10:17,40000.0,800,Sell,230496755
2024-08-09 10:10:17,40000.0,1000,Sell,230496756
2024-08-09 10:10:17,40000.0,100,Sell,230496757
2024-08-09 10:10:17,40000.0,100,Sell,230496758
2024-08-09 10:10:17,40000.0,3000,Sell,230496759
2024-08-09 10:10:17,40000.0,100,Sell,230496760
2024-08-09 10:10:17,40000.0,300,Sell,230496761
2024-08-09 10:10:17,40000.0,500,Sell,230496762
2024-08-09 10:10:17,40000.0,100,Sell,230496733
2024-08-09 10:10:17,40000.0,200,Sell,230496764
2024-08-09 10:10:17,40000.0,100,Sell,230496765
2024-08-09 10:10:17,40000.0,200,Sell,230496766
2024-08-09 10:10:17,40000.0,800,Sell,230496767
2024-08-09 10:10:17,40000.0,300,Sell,230496768
2024-08-09 10:10:17,40000.0,1000,Sell,230496769
2024-08-09 10:10:17,40000.0,500,Sell,230496770
2024-08-09 10:10:17,40000.0,900,Sell,230496771
2024-08-09 10:10:17,40000.0,100,Sell,230496754
2024-08-09 10:10:17,40000.0,1200,Sell,230496763
2024-08-09 10:10:17,40000.0,5000,Sell,230496753
2024-08-09 10:10:17,40000.0,300,Sell,230496751
2024-08-09 10:10:17,40000.0,200,Sell,230496734
2024-08-09 10:10:17,40000.0,2000,Sell,230496735
2024-08-09 10:10:17,40000.0,200,Sell,230496736
2024-08-09 10:10:17,40000.0,200,Sell,230496737
2024-08-09 10:10:17,40000.0,2500,Sell,230496738
2024-08-09 10:10:17,40000.0,500,Sell,230496739
2024-08-09 10:10:17,40000.0,100,Sell,230496740
2024-08-09 10:10:17,40000.0,1000,Sell,230496742
2024-08-09 10:10:17,40000.0,200,Sell,230496741
2024-08-09 10:10:17,40000.0,500,Sell,230496744
2024-08-09 10:10:17,40000.0,200,Sell,230496745
2024-08-09 10:10:17,40000.0,200,Sell,230496746
2024-08-09 10:10:17,40000.0,500,Sell,230496747
2024-08-09 10:10:17,40000.0,500,Sell,230496748
2024-08-09 10:10:17,40000.0,100,Sell,230496749
2024-08-09 10:10:17,40000.0,3000,Sell,230496750
2024-08-09 10:10:17,40000.0,200,Sell,230496743
2024-08-09 10:10:17,40000.0,5000,Sell,230496752
2024-08-09 10:10:21,40000.0,300,Sell,230496844
2024-08-09 10:10:21,40000.0,2100,Sell,230496843
2024-08-09 10:10:23,39950.0,100,Sell,230496863
2024-08-09 10:10:27,40000.0,1100,Buy,230496957
2024-08-09 10:10:29,40000.0,1000,Buy,230497032
2024-08-09 10:10:29,40000.0,200,Buy,230497034
2024-08-09 10:10:32,40000.0,300,Buy,230497092
2024-08-09 10:10:32,40000.0,100,Buy,230497093
2024-08-09 10:10:39,40000.0,1000,Buy,230497229
2024-08-09 10:10:39,40000.0,1000,Buy,230497235
2024-08-09 10:10:39,40000.0,200,Buy,230497234
2024-08-09 10:10:39,40050.0,800,Buy,230497237
2024-08-09 10:10:39,40000.0,400,Buy,230497232
2024-08-09 10:10:39,40000.0,500,Buy,230497231
2024-08-09 10:10:39,40000.0,300,Buy,230497230
2024-08-09 10:10:39,40000.0,100,Buy,230497233
2024-08-09 10:10:39,40050.0,700,Buy,230497236
2024-08-09 10:10:41,39950.0,300,Sell,230497261
2024-08-09 10:10:41,39950.0,200,Sell,230497262
2024-08-09 10:10:46,40000.0,1000,Buy,230497320
2024-08-09 10:10:55,40000.0,2100,Buy,230497501
2024-08-09 10:10:55,40000.0,300,Buy,230497506
2024-08-09 10:11:00,40000.0,1000,Buy,230497599
2024-08-09 10:11:00,40000.0,2600,Buy,230497601
2024-08-09 10:11:00,40000.0,400,Buy,230497600
2024-08-09 10:11:00,40000.0,1000,Buy,230497598
2024-08-09 10:11:00,40000.0,1000,Buy,230497596
2024-08-09 10:11:00,40000.0,500,Buy,230497594
2024-08-09 10:11:00,40000.0,500,Buy,230497597
2024-08-09 10:11:00,40000.0,1000,Buy,230497595
2024-08-09 10:11:09,40000.0,100,Buy,230497894
2024-08-09 10:11:19,40000.0,200,Buy,230498139
2024-08-09 10:11:31,40000.0,100,Sell,230498356
2024-08-09 10:11:31,40000.0,200,Buy,230498333
2024-08-09 10:11:31,40000.0,100,Buy,230498332
2024-08-09 10:11:31,40000.0,1000,Buy,230498331
2024-08-09 10:11:31,40000.0,500,Buy,230498328
2024-08-09 10:11:31,40000.0,500,Buy,230498327
2024-08-09 10:11:31,40000.0,200,Buy,230498326
2024-08-09 10:11:31,40000.0,1100,Buy,230498325
2024-08-09 10:11:31,40000.0,1000,Buy,230498329
2024-08-09 10:11:31,40000.0,200,Buy,230498330
2024-08-09 10:11:36,40000.0,100,Sell,230498432
2024-08-09 10:11:36,40000.0,400,Sell,230498449
2024-08-09 10:11:37,40000.0,6800,Sell,230498471
2024-08-09 10:11:40,40000.0,100,Sell,230498506
2024-08-09 10:11:40,40000.0,300,Sell,230498505
2024-08-09 10:11:47,40000.0,100,Buy,230498628
2024-08-09 10:12:06,40000.0,500,Buy,230498987
2024-08-09 10:12:07,40000.0,300,Buy,230499008
2024-08-09 10:12:07,40000.0,900,Buy,230499006
2024-08-09 10:12:07,40000.0,1000,Buy,230499007
2024-08-09 10:12:09,40000.0,100,Sell,230499025
2024-08-09 10:12:17,40000.0,2000,Sell,230499169
2024-08-09 10:12:18,40000.0,100,Sell,230499181
2024-08-09 10:12:19,40000.0,2000,Sell,230499195
2024-08-09 10:12:25,40000.0,1000,Sell,230499295
2024-08-09 10:12:27,40000.0,1000,Sell,230499331
2024-08-09 10:12:31,40000.0,1000,Sell,230499459
2024-08-09 10:12:36,40000.0,400,Sell,230499555
2024-08-09 10:12:36,40000.0,200,Sell,230499569
2024-08-09 10:12:36,40000.0,2800,Sell,230499570
2024-08-09 10:12:46,40000.0,300,Sell,230499768
2024-08-09 10:12:52,40000.0,1700,Sell,230499858
2024-08-09 10:12:52,40000.0,300,Sell,230499857
2024-08-09 10:12:58,40000.0,3100,Sell,230499960
2024-08-09 10:12:58,40000.0,100,Sell,230499970
2024-08-09 10:13:00,40000.0,100,Sell,230499984
2024-08-09 10:13:00,40000.0,200,Sell,230499985
2024-08-09 10:13:05,40000.0,500,Sell,230500076
2024-08-09 10:13:07,40000.0,400,Sell,230500099
2024-08-09 10:13:07,40000.0,100,Sell,230500100
2024-08-09 10:13:09,40000.0,2000,Sell,230500128
2024-08-09 10:13:09,40000.0,200,Sell,230500127
2024-08-09 10:13:09,40000.0,400,Sell,230500126
2024-08-09 10:13:11,40000.0,2000,Buy,230500199
2024-08-09 10:13:57,39950.0,1000,Sell,230500928
2024-08-09 10:14:05,39950.0,1300,Sell,230501040
2024-08-09 10:14:05,39950.0,5000,Sell,230501039
2024-08-09 10:14:05,39950.0,5000,Sell,230501038
2024-08-09 10:14:05,39950.0,100,Sell,230501037
2024-08-09 10:14:05,39950.0,100,Sell,230501036
2024-08-09 10:14:05,39950.0,100,Sell,230501035
2024-08-09 10:14:05,39950.0,2000,Sell,230501033
2024-08-09 10:14:05,39950.0,100,Sell,230501032
2024-08-09 10:14:05,39950.0,300,Sell,230501031
2024-08-09 10:14:05,39950.0,100,Sell,230501030
2024-08-09 10:14:05,39950.0,2500,Sell,230501029
2024-08-09 10:14:05,39950.0,1800,Sell,230501028
2024-08-09 10:14:05,39950.0,500,Sell,230501034
2024-08-09 10:14:08,39950.0,100,Buy,230501082
2024-08-09 10:14:20,39950.0,200,Buy,230501294
2024-08-09 10:14:27,39950.0,300,Buy,230501414
2024-08-09 10:14:34,39950.0,700,Sell,230501546
2024-08-09 10:14:34,39950.0,500,Sell,230501545
2024-08-09 10:14:34,39950.0,100,Sell,230501544
2024-08-09 10:14:34,39950.0,700,Sell,230501543
2024-08-09 10:14:42,39950.0,1000,Sell,230501650
2024-08-09 10:14:43,39950.0,100,Sell,230501662
2024-08-09 10:14:51,39950.0,4000,Sell,230501789
2024-08-09 10:14:57,39950.0,100,Sell,230501871
2024-08-09 10:14:57,39950.0,100,Sell,230501872
2024-08-09 10:14:57,39950.0,500,Buy,230501885
2024-08-09 10:15:03,39950.0,1000,Buy,230502013
2024-08-09 10:15:13,39900.0,100,Sell,230502160
2024-08-09 10:15:14,39950.0,100,Buy,230502183
2024-08-09 10:15:14,39950.0,600,Buy,230502181
2024-08-09 10:15:14,39950.0,400,Buy,230502182
2024-08-09 10:15:21,39950.0,900,Sell,230502296
2024-08-09 10:15:21,39950.0,100,Sell,230502297
2024-08-09 10:15:33,39950.0,1000,Buy,230502482
2024-08-09 10:15:37,39900.0,100,Sell,230502571
2024-08-09 10:15:37,39900.0,100,Sell,230502577
2024-08-09 10:15:37,39900.0,500,Sell,230502576
2024-08-09 10:15:37,39900.0,3000,Sell,230502575
2024-08-09 10:15:37,39900.0,100,Sell,230502574
2024-08-09 10:15:37,39900.0,200,Sell,230502573
2024-08-09 10:15:37,39900.0,300,Sell,230502572
2024-08-09 10:15:37,39900.0,100,Sell,230502570
2024-08-09 10:15:37,39900.0,500,Sell,230502567
2024-08-09 10:15:37,39900.0,500,Sell,230502568
2024-08-09 10:15:37,39900.0,17600,Sell,230502561
2024-08-09 10:15:37,39900.0,1500,Sell,230502566
2024-08-09 10:15:37,39900.0,700,Sell,230502565
2024-08-09 10:15:37,39900.0,3500,Sell,230502564
2024-08-09 10:15:37,39900.0,100,Sell,230502563
2024-08-09 10:15:37,39900.0,100,Sell,230502562
2024-08-09 10:15:37,39900.0,300,Sell,230502569
2024-08-09 10:15:42,39900.0,2000,Buy,230502636
2024-08-09 10:15:49,39850.0,200,Sell,230502747
2024-08-09 10:15:49,39850.0,100,Sell,230502746
2024-08-09 10:16:02,39850.0,1000,Sell,230502949
2024-08-09 10:16:04,39850.0,100,Sell,230502962
2024-08-09 10:16:06,39850.0,2000,Sell,230502977
2024-08-09 10:16:11,39850.0,500,Sell,230503045
2024-08-09 10:16:13,39850.0,100,Sell,230503078
2024-08-09 10:16:17,39850.0,500,Sell,230503138
2024-08-09 10:16:18,39850.0,1000,Sell,230503173
2024-08-09 10:16:18,39850.0,300,Sell,230503171
2024-08-09 10:16:18,39850.0,100,Sell,230503174
2024-08-09 10:16:18,39850.0,200,Sell,230503172
2024-08-09 10:16:18,39850.0,600,Sell,230503168
2024-08-09 10:16:18,39850.0,1000,Sell,230503170
2024-08-09 10:16:18,39850.0,500,Sell,230503169
2024-08-09 10:16:23,39850.0,1300,Buy,230503268
2024-08-09 10:16:23,39850.0,500,Buy,230503269
2024-08-09 10:16:24,39850.0,100,Buy,230503291
2024-08-09 10:16:30,39850.0,400,Sell,230503378
2024-08-09 10:16:30,39850.0,100,Sell,230503379
2024-08-09 10:16:37,39850.0,100,Sell,230503462
2024-08-09 10:16:39,39850.0,500,Sell,230503500
2024-08-09 10:16:49,39850.0,300,Sell,230503653
2024-08-09 10:16:58,39850.0,100,Sell,230503804
2024-08-09 10:16:58,39850.0,200,Sell,230503803
2024-08-09 10:16:58,39850.0,1100,Sell,230503802
2024-08-09 10:17:00,39900.0,3000,Buy,230503828
2024-08-09 10:17:01,39900.0,15800,Buy,230503839
2024-08-09 10:17:01,39900.0,100,Buy,230503840
2024-08-09 10:17:01,39900.0,2000,Buy,230503841
2024-08-09 10:17:01,39900.0,200,Buy,230503842
2024-08-09 10:17:12,39950.0,3000,Buy,230503961
2024-08-09 10:17:12,39950.0,800,Buy,230503962
2024-08-09 10:17:13,39900.0,100,Buy,230503992
2024-08-09 10:17:15,39850.0,300,Sell,230504024
2024-08-09 10:17:26,39950.0,10000,Buy,230504179
2024-08-09 10:17:43,39950.0,500,Sell,230504401
2024-08-09 10:17:45,39950.0,1000,Sell,230504449
2024-08-09 10:17:45,40000.0,300,Buy,230504450
2024-08-09 10:17:46,39950.0,3500,Sell,230504455
2024-08-09 10:17:46,39950.0,6500,Sell,230504456
2024-08-09 10:18:00,40000.0,1100,Buy,230504718
2024-08-09 10:18:00,40000.0,100,Buy,230504719
2024-08-09 10:18:00,40000.0,100,Buy,230504720
2024-08-09 10:18:08,40000.0,100,Buy,230504847
2024-08-09 10:18:18,40000.0,1800,Buy,230504970
2024-08-09 10:18:18,40000.0,100,Buy,230504969
2024-08-09 10:18:19,40000.0,200,Buy,230504989
2024-08-09 10:18:19,40000.0,700,Buy,230504990
2024-08-09 10:18:25,40000.0,200,Buy,230505065
2024-08-09 10:18:25,40000.0,500,Buy,230505066
2024-08-09 10:18:25,40000.0,300,Buy,230505067
2024-08-09 10:18:29,40000.0,700,Buy,230505123
2024-08-09 10:18:29,40000.0,1000,Buy,230505124
2024-08-09 10:18:29,40000.0,300,Buy,230505125
2024-08-09 10:18:35,39950.0,100,Sell,230505224
2024-08-09 10:18:35,39950.0,600,Sell,230505225
2024-08-09 10:18:35,39950.0,2000,Sell,230505222
2024-08-09 10:18:35,39950.0,3300,Sell,230505223
2024-08-09 10:18:41,40000.0,400,Buy,230505300
2024-08-09 10:18:42,39950.0,1100,Sell,230505313
2024-08-09 10:18:42,39950.0,900,Sell,230505314
2024-08-09 10:18:59,39950.0,100,Sell,230505593
2024-08-09 10:18:59,39950.0,100,Sell,230505594
2024-08-09 10:18:59,39950.0,3000,Sell,230505597
2024-08-09 10:19:02,39950.0,100,Sell,230505658
2024-08-09 10:19:05,39950.0,100,Sell,230505683
2024-08-09 10:19:11,40000.0,100,Buy,230505772
2024-08-09 10:19:11,40000.0,100,Buy,230505773
2024-08-09 10:19:20,40000.0,5000,Buy,230505921
2024-08-09 10:20:23,39950.0,600,Sell,230506900
2024-08-09 10:20:31,39950.0,1100,Sell,230506999
2024-08-09 10:20:31,39950.0,900,Sell,230507000
2024-08-09 10:20:34,39950.0,1000,Sell,230507037
2024-08-09 10:20:47,39950.0,300,Sell,230507196
2024-08-09 10:21:02,39950.0,300,Sell,230507456
2024-08-09 10:21:04,39950.0,2000,Sell,230507473
2024-08-09 10:21:08,39950.0,100,Sell,230507539
2024-08-09 10:21:14,39950.0,400,Sell,230507610
2024-08-09 10:21:14,39950.0,100,Sell,230507611
2024-08-09 10:21:14,39950.0,4500,Sell,230507612
2024-08-09 10:21:19,39950.0,100,Sell,230507692
2024-08-09 10:21:20,39950.0,500,Sell,230507715
2024-08-09 10:21:20,39950.0,100,Sell,230507716
2024-08-09 10:21:20,39950.0,400,Sell,230507714
2024-08-09 10:21:42,39950.0,300,Sell,230508053
2024-08-09 10:21:47,39950.0,100,Sell,230508126
2024-08-09 10:21:47,39950.0,500,Sell,230508127
2024-08-09 10:21:47,39950.0,900,Sell,230508128
2024-08-09 10:21:47,39950.0,5000,Buy,230508137
2024-08-09 10:21:54,39900.0,100,Sell,230508331
2024-08-09 10:21:55,39900.0,200,Sell,230508333
2024-08-09 10:21:55,39900.0,600,Sell,230508334
2024-08-09 10:21:55,39900.0,100,Sell,230508335
2024-08-09 10:22:00,39950.0,100,Buy,230508427
2024-08-09 10:22:08,39950.0,1000,Buy,230508538
2024-08-09 10:22:24,39900.0,800,Sell,230508753
2024-08-09 10:22:24,39900.0,1000,Sell,230508754
2024-08-09 10:22:24,39900.0,1800,Sell,230508755
2024-08-09 10:22:24,39900.0,400,Sell,230508756
2024-08-09 10:22:26,39950.0,1000,Buy,230508781
2024-08-09 10:22:40,39950.0,1300,Buy,230508969
2024-08-09 10:22:45,39950.0,100,Buy,230509066
2024-08-09 10:22:53,39950.0,100,Buy,230509178
2024-08-09 10:22:59,39950.0,100,Buy,230509266
2024-08-09 10:23:01,39900.0,2000,Sell,230509293
2024-08-09 10:23:01,39900.0,200,Sell,230509291
2024-08-09 10:23:26,39900.0,100,Sell,230509605
2024-08-09 10:23:33,39900.0,300,Sell,230509785
2024-08-09 10:23:37,39900.0,2000,Sell,230509851
2024-08-09 10:23:37,39900.0,1000,Sell,230509852
2024-08-09 10:23:57,39900.0,600,Sell,230510265
2024-08-09 10:23:57,39900.0,3000,Sell,230510264
2024-08-09 10:23:57,39900.0,100,Sell,230510263
2024-08-09 10:23:57,39900.0,500,Sell,230510260
2024-08-09 10:23:57,39900.0,300,Sell,230510261
2024-08-09 10:23:57,39900.0,500,Sell,230510262
2024-08-09 10:23:57,39900.0,1000,Sell,230510259
2024-08-09 10:23:59,39900.0,100,Sell,230510303
2024-08-09 10:23:59,39900.0,4400,Sell,230510301
2024-08-09 10:23:59,39900.0,500,Sell,230510302
2024-08-09 10:24:01,39900.0,100,Sell,230510342
2024-08-09 10:24:01,39900.0,200,Sell,230510343
2024-08-09 10:24:01,39900.0,1000,Sell,230510344
2024-08-09 10:24:01,39900.0,700,Sell,230510345
2024-08-09 10:24:01,39900.0,1000,Sell,230510346
2024-08-09 10:24:03,39900.0,200,Sell,230510371
2024-08-09 10:24:03,39900.0,700,Sell,230510372
2024-08-09 10:24:05,39900.0,100,Buy,230510450
2024-08-09 10:24:05,39900.0,400,Buy,230510451
2024-08-09 10:24:20,39900.0,1000,Buy,230510636
2024-08-09 10:24:26,39850.0,400,Sell,230510727
2024-08-09 10:24:26,39850.0,100,Sell,230510728
2024-08-09 10:24:27,39850.0,100,Sell,230510748
2024-08-09 10:24:27,39850.0,100,Sell,230510746
2024-08-09 10:24:27,39850.0,100,Sell,230510745
2024-08-09 10:24:27,39850.0,200,Sell,230510749
2024-08-09 10:24:27,39850.0,500,Sell,230510743
2024-08-09 10:24:27,39850.0,100,Sell,230510744
2024-08-09 10:24:27,39850.0,4900,Sell,230510740
2024-08-09 10:24:27,39850.0,200,Sell,230510747
2024-08-09 10:24:27,39850.0,100,Sell,230510742
2024-08-09 10:24:27,39850.0,2700,Sell,230510741
2024-08-09 10:24:28,39850.0,200,Sell,230510771
2024-08-09 10:24:28,39850.0,300,Sell,230510772
2024-08-09 10:24:40,39850.0,400,Sell,230511032
2024-08-09 10:24:52,39900.0,100,Buy,230511157
2024-08-09 10:24:56,39850.0,100,Sell,230511232
2024-08-09 10:25:07,39850.0,300,Sell,230511417
2024-08-09 10:25:07,39850.0,500,Sell,230511445
2024-08-09 10:25:10,39900.0,2000,Buy,230511494
2024-08-09 10:25:10,39900.0,2400,Buy,230511498
2024-08-09 10:25:10,39900.0,100,Buy,230511497
2024-08-09 10:25:10,39900.0,8300,Buy,230511492
2024-08-09 10:25:10,39900.0,400,Buy,230511495
2024-08-09 10:25:10,39900.0,1300,Buy,230511493
2024-08-09 10:25:10,39900.0,500,Buy,230511496
2024-08-09 10:25:14,39900.0,2600,Buy,230511601
2024-08-09 10:25:40,39900.0,500,Sell,230511963
2024-08-09 10:25:40,39900.0,1000,Sell,230511964
2024-08-09 10:25:40,39900.0,200,Sell,230511965
2024-08-09 10:25:50,39900.0,200,Buy,230512142
2024-08-09 10:25:55,39850.0,300,Sell,230512226
2024-08-09 10:25:55,39850.0,300,Sell,230512225
2024-08-09 10:25:55,39850.0,400,Sell,230512224
2024-08-09 10:26:25,39900.0,300,Buy,230512727
2024-08-09 10:26:30,39900.0,300,Buy,230512808
2024-08-09 10:26:51,39900.0,500,Buy,230513382
2024-08-09 10:27:00,39900.0,600,Buy,230513514
2024-08-09 10:27:06,39850.0,200,Sell,230513624
2024-08-09 10:27:06,39850.0,100,Sell,230513625
2024-08-09 10:27:09,39850.0,1000,Sell,230513741
2024-08-09 10:27:09,39850.0,1000,Sell,230513742
2024-08-09 10:27:22,39850.0,400,Sell,230514050
2024-08-09 10:27:22,39850.0,5000,Sell,230514049
2024-08-09 10:27:22,39850.0,300,Sell,230514051
2024-08-09 10:27:22,39850.0,200,Sell,230514047
2024-08-09 10:27:22,39850.0,100,Sell,230514046
2024-08-09 10:27:22,39850.0,3000,Sell,230514048
2024-08-09 10:27:23,39850.0,100,Sell,230514076
2024-08-09 10:27:34,39850.0,300,Sell,230514267
2024-08-09 10:27:41,39800.0,1000,Sell,230514375
2024-08-09 10:27:41,39800.0,14000,Sell,230514382
2024-08-09 10:27:41,39800.0,500,Sell,230514381
2024-08-09 10:27:41,39800.0,100,Sell,230514380
2024-08-09 10:27:41,39800.0,200,Sell,230514379
2024-08-09 10:27:41,39800.0,200,Sell,230514378
2024-08-09 10:27:41,39800.0,300,Sell,230514377
2024-08-09 10:27:41,39800.0,100,Sell,230514376
2024-08-09 10:27:41,39800.0,1800,Sell,230514374
2024-08-09 10:27:41,39850.0,100,Sell,230514369
2024-08-09 10:27:41,39800.0,1500,Sell,230514372
2024-08-09 10:27:41,39800.0,100,Sell,230514373
2024-08-09 10:27:41,39850.0,3000,Sell,230514364
2024-08-09 10:27:41,39850.0,500,Sell,230514365
2024-08-09 10:27:41,39850.0,2000,Sell,230514366
2024-08-09 10:27:41,39850.0,1300,Sell,230514363
2024-08-09 10:27:41,39850.0,2000,Sell,230514370
2024-08-09 10:27:41,39800.0,500,Sell,230514371
2024-08-09 10:27:41,39850.0,500,Sell,230514367
2024-08-09 10:27:41,39850.0,300,Sell,230514368
2024-08-09 10:27:48,39800.0,100,Sell,230514471
2024-08-09 10:28:35,39850.0,500,Buy,230515103
2024-08-09 10:28:35,39850.0,100,Buy,230515104
2024-08-09 10:28:52,39850.0,500,Buy,230515366
2024-08-09 10:28:59,39850.0,100,Buy,230515445
2024-08-09 10:29:08,39850.0,3200,Sell,230515538
2024-08-09 10:29:08,39850.0,800,Sell,230515537
2024-08-09 10:29:17,39850.0,900,Sell,230515647
2024-08-09 10:29:17,39850.0,100,Sell,230515646
2024-08-09 10:29:17,39850.0,4000,Sell,230515645
2024-08-09 10:29:21,39900.0,200,Buy,230515724
2024-08-09 10:29:21,39900.0,800,Buy,230515725
2024-08-09 10:29:21,39900.0,4000,Buy,230515723
2024-08-09 10:30:21,39900.0,200,Buy,230516632
2024-08-09 10:30:21,39900.0,500,Buy,230516633
2024-08-09 10:30:21,39900.0,1300,Buy,230516634
2024-08-09 10:30:21,39900.0,100,Buy,230516635
2024-08-09 10:30:22,39900.0,3700,Buy,230516649
2024-08-09 10:30:33,39900.0,1300,Buy,230516765
2024-08-09 10:31:04,39900.0,100,Buy,230517201
2024-08-09 10:31:16,39900.0,100,Buy,230517324
2024-08-09 10:31:16,39900.0,500,Buy,230517323
2024-08-09 10:31:16,39900.0,400,Buy,230517322
2024-08-09 10:31:17,39900.0,400,Buy,230517341
2024-08-09 10:31:17,39900.0,4000,Buy,230517342
2024-08-09 10:31:17,39900.0,500,Buy,230517343
2024-08-09 10:31:17,39900.0,100,Buy,230517344
2024-08-09 10:31:21,39900.0,1900,Buy,230517369
2024-08-09 10:31:21,39900.0,500,Buy,230517370
2024-08-09 10:31:21,39900.0,2500,Buy,230517371
2024-08-09 10:31:21,39900.0,100,Buy,230517372
2024-08-09 10:31:29,39950.0,300,Buy,230517508
2024-08-09 10:31:32,39900.0,500,Buy,230517542
2024-08-09 10:31:40,39900.0,200,Sell,230517652
2024-08-09 10:31:48,39950.0,100,Buy,230517727
2024-08-09 10:31:54,39900.0,300,Sell,230517782
2024-08-09 10:31:54,39900.0,1800,Sell,230517783
2024-08-09 10:32:11,39900.0,100,Sell,230518009
2024-08-09 10:32:19,39900.0,1900,Sell,230518141
2024-08-09 10:32:19,39900.0,200,Sell,230518142
2024-08-09 10:32:19,39900.0,200,Sell,230518143
2024-08-09 10:32:19,39900.0,1000,Sell,230518144
2024-08-09 10:32:19,39900.0,1700,Sell,230518145
2024-08-09 10:32:23,39900.0,600,Sell,230518202
2024-08-09 10:32:31,39950.0,400,Buy,230518296
2024-08-09 10:32:31,39950.0,600,Buy,230518295
2024-08-09 10:32:33,39900.0,500,Sell,230518333
2024-08-09 10:32:40,39950.0,600,Buy,230518382
2024-08-09 10:32:40,39950.0,400,Buy,230518383
2024-08-09 10:32:44,39950.0,100,Buy,230518423
2024-08-09 10:32:44,39950.0,1300,Buy,230518424
2024-08-09 10:32:44,39950.0,300,Buy,230518426
2024-08-09 10:32:44,39950.0,400,Buy,230518427
2024-08-09 10:32:44,39950.0,500,Buy,230518425
2024-08-09 10:32:50,39950.0,400,Buy,230518508
2024-08-09 10:33:02,39900.0,3500,Sell,230518662
2024-08-09 10:33:02,39900.0,100,Sell,230518661
2024-08-09 10:33:02,39900.0,7200,Sell,230518660
2024-08-09 10:33:07,39900.0,5000,Buy,230518713
2024-08-09 10:33:12,39900.0,2000,Buy,230518779
2024-08-09 10:33:13,39900.0,8700,Buy,230518784
2024-08-09 10:33:13,39900.0,4400,Buy,230518796
2024-08-09 10:33:17,39950.0,500,Buy,230518828
2024-08-09 10:33:17,39950.0,1000,Buy,230518827
2024-08-09 10:33:17,39950.0,100,Buy,230518825
2024-08-09 10:33:17,39950.0,1500,Buy,230518826
2024-08-09 10:33:17,39950.0,700,Buy,230518823
2024-08-09 10:33:17,39950.0,500,Buy,230518822
2024-08-09 10:33:17,39950.0,100,Buy,230518821
2024-08-09 10:33:17,39950.0,300,Buy,230518824
2024-08-09 10:34:03,39950.0,100,Sell,230519339
2024-08-09 10:34:10,39950.0,100,Sell,230519438
2024-08-09 10:34:29,40000.0,500,Buy,230519683
2024-08-09 10:34:29,40000.0,500,Buy,230519682
2024-08-09 10:34:29,40000.0,800,Buy,230519681
2024-08-09 10:34:29,40000.0,100,Buy,230519680
2024-08-09 10:34:29,40000.0,1400,Buy,230519677
2024-08-09 10:34:29,40000.0,800,Buy,230519678
2024-08-09 10:34:29,40000.0,200,Buy,230519676
2024-08-09 10:34:29,40000.0,200,Buy,230519675
2024-08-09 10:34:29,40000.0,300,Buy,230519674
2024-08-09 10:34:29,40000.0,200,Buy,230519679
2024-08-09 10:34:30,40000.0,3000,Buy,230519696
2024-08-09 10:34:30,40000.0,5000,Buy,230519697
2024-08-09 10:34:30,40000.0,300,Buy,230519698
2024-08-09 10:34:30,40000.0,300,Buy,230519699
2024-08-09 10:34:30,40000.0,100,Buy,230519700
2024-08-09 10:34:31,40000.0,100,Buy,230519733
2024-08-09 10:34:31,40000.0,100,Buy,230519734
2024-08-09 10:34:31,40000.0,2900,Buy,230519735
2024-08-09 10:34:31,40000.0,300,Buy,230519736
2024-08-09 10:34:31,40000.0,100,Buy,230519737
2024-08-09 10:34:31,40000.0,400,Buy,230519738
2024-08-09 10:34:31,40000.0,500,Buy,230519732
2024-08-09 10:34:31,40000.0,100,Buy,230519740
2024-08-09 10:34:31,40000.0,100,Buy,230519741
2024-08-09 10:34:31,40000.0,5000,Buy,230519742
2024-08-09 10:34:31,40000.0,100,Buy,230519743
2024-08-09 10:34:31,40000.0,500,Buy,230519744
2024-08-09 10:34:31,40000.0,500,Buy,230519745
2024-08-09 10:34:31,40000.0,100,Buy,230519746
2024-08-09 10:34:31,40000.0,500,Buy,230519739
2024-08-09 10:34:31,40000.0,100,Buy,230519731
2024-08-09 10:34:31,40000.0,100,Buy,230519723
2024-08-09 10:34:31,40000.0,100,Buy,230519729
2024-08-09 10:34:31,40000.0,1000,Buy,230519730
2024-08-09 10:34:31,40000.0,7400,Buy,230519713
2024-08-09 10:34:31,40000.0,500,Buy,230519714
2024-08-09 10:34:31,40000.0,100,Buy,230519715
2024-08-09 10:34:31,40000.0,100,Buy,230519716
2024-08-09 10:34:31,40000.0,1000,Buy,230519717
2024-08-09 10:34:31,40000.0,1000,Buy,230519718
2024-08-09 10:34:31,40000.0,300,Buy,230519719
2024-08-09 10:34:31,40000.0,5000,Buy,230519728
2024-08-09 10:34:31,40000.0,300,Buy,230519727
2024-08-09 10:34:31,40000.0,200,Buy,230519726
2024-08-09 10:34:31,40000.0,300,Buy,230519725
2024-08-09 10:34:31,40000.0,1000,Buy,230519720
2024-08-09 10:34:31,40000.0,1000,Buy,230519722
2024-08-09 10:34:31,40000.0,200,Buy,230519721
2024-08-09 10:34:31,40000.0,700,Buy,230519724
2024-08-09 10:34:35,40050.0,300,Buy,230519788
2024-08-09 10:34:35,40050.0,100,Buy,230519789
2024-08-09 10:34:35,40050.0,4400,Buy,230519790
2024-08-09 10:34:35,40050.0,400,Buy,230519791
2024-08-09 10:34:35,40050.0,1000,Buy,230519792
2024-08-09 10:34:35,40050.0,300,Buy,230519793
2024-08-09 10:34:35,40050.0,4200,Buy,230519794
2024-08-09 10:34:35,40050.0,100,Buy,230519795
2024-08-09 10:34:38,40100.0,300,Buy,230519846
2024-08-09 10:34:38,40100.0,100,Buy,230519845
2024-08-09 10:34:38,40100.0,700,Buy,230519844
2024-08-09 10:34:38,40100.0,100,Buy,230519843
2024-08-09 10:34:38,40100.0,1000,Buy,230519842
2024-08-09 10:34:38,40100.0,500,Buy,230519840
2024-08-09 10:34:38,40100.0,100,Buy,230519839
2024-08-09 10:34:38,40100.0,1000,Buy,230519838
2024-08-09 10:34:38,40100.0,1000,Buy,230519837
2024-08-09 10:34:38,40100.0,100,Buy,230519836
2024-08-09 10:34:38,40100.0,100,Buy,230519841
2024-08-09 10:34:39,40050.0,100,Sell,230519863
2024-08-09 10:34:47,40150.0,100,Buy,230519972
2024-08-09 10:34:47,40150.0,300,Buy,230519971
2024-08-09 10:34:47,40150.0,200,Buy,230519970
2024-08-09 10:34:47,40150.0,1000,Buy,230519969
2024-08-09 10:34:47,40150.0,700,Buy,230519973
2024-08-09 10:34:47,40100.0,100,Buy,230519967
2024-08-09 10:34:47,40100.0,400,Buy,230519966
2024-08-09 10:34:47,40100.0,100,Buy,230519964
2024-08-09 10:34:47,40100.0,1700,Buy,230519963
2024-08-09 10:34:47,40100.0,300,Buy,230519968
2024-08-09 10:34:47,40100.0,100,Buy,230519965
2024-08-09 10:34:50,40150.0,300,Buy,230520032
2024-08-09 10:34:50,40150.0,1500,Buy,230520033
2024-08-09 10:34:56,40200.0,300,Buy,230520085
2024-08-09 10:34:56,40200.0,700,Buy,230520086
2024-08-09 10:35:00,40200.0,500,Buy,230520145
2024-08-09 10:35:09,40200.0,300,Buy,230520274
2024-08-09 10:35:09,40200.0,200,Buy,230520275
2024-08-09 10:35:09,40200.0,500,Buy,230520276
2024-08-09 10:35:09,40200.0,500,Buy,230520277
2024-08-09 10:35:09,40200.0,3000,Buy,230520278
