time,price,volume,match_type,id
2024-08-30 09:14:56,38700.0,4700,ATO/ATC,235893363
2024-08-30 09:17:03,38800.0,400,Sell,235895532
2024-08-30 09:17:03,38750.0,600,Sell,235895533
2024-08-30 09:18:02,38800.0,500,Sell,235896363
2024-08-30 09:18:37,38850.0,200,Buy,235896842
2024-08-30 09:19:07,38900.0,100,Buy,235897320
2024-08-30 09:19:15,38950.0,200,Buy,235897425
2024-08-30 09:19:15,38950.0,700,Buy,235897426
2024-08-30 09:19:15,38950.0,100,Buy,235897424
2024-08-30 09:19:20,38950.0,300,Buy,235897484
2024-08-30 09:19:20,38950.0,700,Buy,235897485
2024-08-30 09:19:24,38950.0,800,Buy,235897534
2024-08-30 09:19:38,39000.0,100,Buy,235897831
2024-08-30 09:19:38,39000.0,100,Buy,235897832
2024-08-30 09:19:38,39000.0,100,Buy,235897833
2024-08-30 09:19:38,39000.0,500,Buy,235897834
2024-08-30 09:19:38,39000.0,200,Buy,235897835
2024-08-30 09:19:45,39000.0,500,Buy,235897957
2024-08-30 09:19:45,39000.0,100,Buy,235897958
2024-08-30 09:19:45,39000.0,600,Buy,235897959
2024-08-30 09:19:48,39000.0,200,Buy,235898013
2024-08-30 09:19:50,39000.0,200,Buy,235898038
2024-08-30 09:19:50,39000.0,200,Buy,235898036
2024-08-30 09:19:50,39000.0,200,Buy,235898037
2024-08-30 09:19:51,39000.0,1000,Buy,235898051
2024-08-30 09:19:54,39000.0,200,Buy,235898101
2024-08-30 09:19:57,39000.0,100,Buy,235898144
2024-08-30 09:20:08,39200.0,900,Buy,235898305
2024-08-30 09:20:08,39200.0,100,Buy,235898304
2024-08-30 09:20:08,39200.0,100,Buy,235898303
2024-08-30 09:20:08,39200.0,300,Buy,235898302
2024-08-30 09:20:08,39150.0,100,Buy,235898298
2024-08-30 09:20:08,39200.0,3000,Buy,235898301
2024-08-30 09:20:08,39200.0,1000,Buy,235898300
2024-08-30 09:20:08,39200.0,500,Buy,235898299
2024-08-30 09:20:08,39150.0,100,Buy,235898297
2024-08-30 09:20:08,39100.0,100,Buy,235898291
2024-08-30 09:20:08,39100.0,800,Buy,235898295
2024-08-30 09:20:08,39100.0,100,Buy,235898296
2024-08-30 09:20:08,39050.0,100,Buy,235898287
2024-08-30 09:20:08,39050.0,100,Buy,235898288
2024-08-30 09:20:08,39050.0,500,Buy,235898289
2024-08-30 09:20:08,39100.0,700,Buy,235898290
2024-08-30 09:20:08,39100.0,100,Buy,235898292
2024-08-30 09:20:08,39100.0,400,Buy,235898293
2024-08-30 09:20:08,39100.0,1000,Buy,235898294
2024-08-30 09:20:09,39000.0,500,Sell,235898308
2024-08-30 09:20:41,39100.0,100,Sell,235898860
2024-08-30 09:20:41,39050.0,200,Sell,235898861
2024-08-30 09:20:54,39100.0,100,Sell,235899002
2024-08-30 09:21:09,39150.0,100,Buy,235899192
2024-08-30 09:21:09,39150.0,1000,Buy,235899193
2024-08-30 09:21:09,39150.0,100,Buy,235899194
2024-08-30 09:21:09,39150.0,100,Buy,235899195
2024-08-30 09:21:09,39150.0,500,Buy,235899196
2024-08-30 09:21:21,39150.0,500,Buy,235899318
2024-08-30 09:21:21,39150.0,500,Buy,235899317
2024-08-30 09:21:23,39200.0,100,Buy,235899347
2024-08-30 09:21:23,39200.0,1100,Buy,235899346
2024-08-30 09:21:23,39150.0,100,Buy,235899345
2024-08-30 09:21:23,39150.0,500,Buy,235899340
2024-08-30 09:21:23,39150.0,1000,Buy,235899343
2024-08-30 09:21:23,39150.0,1000,Buy,235899341
2024-08-30 09:21:23,39150.0,200,Buy,235899344
2024-08-30 09:21:23,39150.0,1000,Buy,235899342
2024-08-30 09:21:39,39200.0,300,Buy,235899582
2024-08-30 09:21:40,39100.0,500,Sell,235899600
2024-08-30 09:21:54,39150.0,100,Buy,235899916
2024-08-30 09:21:54,39150.0,900,Buy,235899917
2024-08-30 09:22:00,39100.0,100,Sell,235900012
2024-08-30 09:22:01,39150.0,100,Buy,235900025
2024-08-30 09:22:09,39100.0,200,Sell,235900145
2024-08-30 09:22:10,39150.0,1000,Buy,235900171
2024-08-30 09:22:10,39150.0,100,Buy,235900170
2024-08-30 09:22:10,39150.0,100,Buy,235900169
2024-08-30 09:22:10,39150.0,100,Buy,235900168
2024-08-30 09:22:10,39150.0,100,Buy,235900164
2024-08-30 09:22:10,39150.0,200,Buy,235900166
2024-08-30 09:22:10,39150.0,100,Buy,235900165
2024-08-30 09:22:10,39150.0,200,Buy,235900167
2024-08-30 09:22:10,39150.0,100,Buy,235900163
2024-08-30 09:22:12,39150.0,500,Buy,235900224
2024-08-30 09:22:27,39100.0,100,Sell,235900444
2024-08-30 09:22:28,39150.0,2400,Buy,235900659
2024-08-30 09:22:39,39100.0,500,Sell,235900835
2024-08-30 09:22:53,39100.0,100,Sell,235901059
2024-08-30 09:22:58,39100.0,400,Sell,235901167
2024-08-30 09:22:58,39100.0,100,Sell,235901168
2024-08-30 09:22:58,39100.0,1500,Sell,235901169
2024-08-30 09:22:58,39100.0,2000,Sell,235901185
2024-08-30 09:22:58,39100.0,100,Sell,235901186
2024-08-30 09:22:59,39100.0,1000,Sell,235901205
2024-08-30 09:23:03,39100.0,400,Sell,235901265
2024-08-30 09:23:03,39100.0,100,Sell,235901266
2024-08-30 09:23:03,39100.0,500,Sell,235901267
2024-08-30 09:23:20,39050.0,100,Sell,235901584
2024-08-30 09:23:30,39100.0,900,Buy,235901844
2024-08-30 09:23:30,39100.0,100,Buy,235901843
2024-08-30 09:23:34,39050.0,100,Sell,235901924
2024-08-30 09:23:51,39050.0,100,Buy,235902231
2024-08-30 09:23:52,39050.0,100,Buy,235902242
2024-08-30 09:23:55,39050.0,200,Buy,235902296
2024-08-30 09:23:55,39050.0,100,Buy,235902297
2024-08-30 09:23:55,39050.0,700,Buy,235902298
2024-08-30 09:24:28,39000.0,300,Sell,235903007
2024-08-30 09:24:28,39000.0,200,Sell,235903008
2024-08-30 09:24:37,39000.0,600,Sell,235903212
2024-08-30 09:24:37,39000.0,100,Sell,235903211
2024-08-30 09:24:37,39000.0,300,Sell,235903210
2024-08-30 09:24:46,39000.0,100,Sell,235903406
2024-08-30 09:24:47,39050.0,100,Buy,235903434
2024-08-30 09:24:47,39050.0,5000,Buy,235903435
2024-08-30 09:24:47,39050.0,1000,Buy,235903436
2024-08-30 09:24:47,39050.0,100,Buy,235903437
2024-08-30 09:24:47,39050.0,100,Buy,235903438
2024-08-30 09:24:47,39050.0,2300,Buy,235903433
2024-08-30 09:24:52,39050.0,100,Sell,235903507
2024-08-30 09:24:52,39050.0,1300,Sell,235903537
2024-08-30 09:24:52,39000.0,700,Sell,235903538
2024-08-30 09:25:00,39000.0,600,Sell,235903719
2024-08-30 09:25:00,39000.0,400,Sell,235903720
2024-08-30 09:25:03,39000.0,5000,Sell,235903754
2024-08-30 09:25:12,39100.0,100,Buy,235903957
2024-08-30 09:25:12,39100.0,500,Buy,235903960
2024-08-30 09:25:12,39100.0,100,Buy,235903959
2024-08-30 09:25:12,39100.0,1000,Buy,235903958
2024-08-30 09:25:12,39100.0,200,Buy,235903956
2024-08-30 09:25:12,39100.0,13600,Buy,235903961
2024-08-30 09:25:12,39100.0,1000,Buy,235903954
2024-08-30 09:25:12,39100.0,1500,Buy,235903953
2024-08-30 09:25:12,39100.0,500,Buy,235903952
2024-08-30 09:25:12,39100.0,200,Buy,235903951
2024-08-30 09:25:12,39100.0,100,Buy,235903950
2024-08-30 09:25:12,39100.0,100,Buy,235903955
2024-08-30 09:25:12,39100.0,1100,Buy,235903949
2024-08-30 09:25:13,39000.0,6600,Sell,235903971
2024-08-30 09:25:13,39000.0,400,Sell,235903972
2024-08-30 09:25:41,39000.0,100,Sell,235904463
2024-08-30 09:25:41,39000.0,1000,Sell,235904464
2024-08-30 09:25:41,39000.0,500,Sell,235904465
2024-08-30 09:25:41,39000.0,400,Sell,235904466
2024-08-30 09:26:09,39000.0,500,Sell,235905011
2024-08-30 09:26:28,39000.0,100,Sell,235905290
2024-08-30 09:26:30,39000.0,100,Sell,235905309
2024-08-30 09:26:46,39000.0,100,Sell,235905530
2024-08-30 09:26:49,39000.0,300,Sell,235905585
2024-08-30 09:26:50,39000.0,1400,Sell,235905589
2024-08-30 09:26:50,39000.0,100,Sell,235905590
2024-08-30 09:26:50,39000.0,2000,Sell,235905591
2024-08-30 09:27:03,39000.0,1000,Buy,235905812
2024-08-30 09:27:09,39000.0,500,Buy,235905922
2024-08-30 09:27:39,39000.0,100,Sell,235906405
2024-08-30 09:28:01,39000.0,100,Sell,235906878
2024-08-30 09:28:28,39050.0,100,Buy,235907359
2024-08-30 09:28:32,39000.0,100,Sell,235907421
2024-08-30 09:28:32,39000.0,600,Sell,235907422
2024-08-30 09:28:35,39000.0,400,Sell,235907458
2024-08-30 09:28:35,39000.0,500,Sell,235907459
2024-08-30 09:28:35,39000.0,700,Sell,235907460
2024-08-30 09:28:38,39000.0,3000,Buy,235907499
2024-08-30 09:28:40,39000.0,200,Buy,235907546
2024-08-30 09:28:54,39000.0,200,Sell,235907830
2024-08-30 09:28:54,39000.0,200,Buy,235907829
2024-08-30 09:29:07,39000.0,500,Sell,235908018
2024-08-30 09:29:16,39000.0,100,Sell,235908165
2024-08-30 09:29:16,39000.0,900,Sell,235908166
2024-08-30 09:29:29,39000.0,100,Sell,235908467
2024-08-30 09:29:29,39000.0,1000,Sell,235908468
2024-08-30 09:29:29,38950.0,200,Sell,235908469
2024-08-30 09:29:29,38950.0,15000,Sell,235908470
2024-08-30 09:29:29,38950.0,500,Sell,235908471
2024-08-30 09:29:43,38900.0,800,Sell,235908756
2024-08-30 09:29:43,38900.0,10000,Sell,235908757
2024-08-30 09:29:43,38900.0,2000,Sell,235908758
2024-08-30 09:29:57,38850.0,100,Sell,235909021
2024-08-30 09:29:59,38850.0,500,Sell,235909047
2024-08-30 09:29:59,38850.0,8900,Sell,235909046
2024-08-30 09:30:20,38850.0,100,Buy,235909370
2024-08-30 09:30:23,38850.0,100,Buy,235909434
2024-08-30 09:30:27,38850.0,10000,Buy,235909494
2024-08-30 09:30:31,38850.0,800,Buy,235909585
2024-08-30 09:30:31,38850.0,300,Buy,235909586
2024-08-30 09:30:33,38850.0,100,Buy,235909603
2024-08-30 09:30:54,38850.0,2700,Buy,235909994
2024-08-30 09:30:54,38850.0,2000,Buy,235909995
2024-08-30 09:31:05,38850.0,300,Sell,235910209
2024-08-30 09:31:14,38900.0,200,Buy,235910330
2024-08-30 09:31:23,38900.0,1800,Buy,235910474
2024-08-30 09:31:31,38900.0,200,Sell,235910594
2024-08-30 09:32:42,39000.0,200,Buy,235912184
2024-08-30 09:32:50,39000.0,3200,Buy,235912357
2024-08-30 09:32:50,39000.0,500,Buy,235912358
2024-08-30 09:32:50,39000.0,100,Buy,235912359
2024-08-30 09:32:50,39000.0,200,Buy,235912360
2024-08-30 09:32:51,39000.0,500,Buy,235912417
2024-08-30 09:32:51,39000.0,100,Buy,235912418
2024-08-30 09:33:00,39000.0,100,Sell,235912580
2024-08-30 09:33:13,39050.0,900,Buy,235912989
2024-08-30 09:33:13,39050.0,100,Buy,235912990
2024-08-30 09:33:17,39050.0,200,Buy,235913053
2024-08-30 09:33:17,39050.0,100,Buy,235913050
2024-08-30 09:33:17,39050.0,100,Buy,235913051
2024-08-30 09:33:17,39050.0,100,Buy,235913052
2024-08-30 09:33:23,39100.0,100,Buy,235913260
2024-08-30 09:33:23,39100.0,100,Buy,235913261
2024-08-30 09:33:23,39100.0,100,Buy,235913262
2024-08-30 09:33:23,39100.0,100,Buy,235913263
2024-08-30 09:33:23,39100.0,100,Buy,235913264
2024-08-30 09:33:23,39100.0,100,Buy,235913265
2024-08-30 09:33:23,39100.0,400,Buy,235913266
2024-08-30 09:33:29,39100.0,500,Buy,235913379
2024-08-30 09:33:29,39100.0,1800,Buy,235913380
2024-08-30 09:33:29,39100.0,600,Buy,235913377
2024-08-30 09:33:29,39100.0,100,Buy,235913378
2024-08-30 09:33:31,39100.0,200,Buy,235913420
2024-08-30 09:33:31,39100.0,5000,Buy,235913421
2024-08-30 09:33:31,39100.0,100,Buy,235913422
2024-08-30 09:33:31,39100.0,4500,Buy,235913423
2024-08-30 09:33:31,39100.0,200,Buy,235913419
2024-08-30 09:33:32,39100.0,4100,Buy,235913436
2024-08-30 09:33:32,39100.0,100,Buy,235913437
2024-08-30 09:33:33,39150.0,1000,Buy,235913474
2024-08-30 09:33:33,39150.0,500,Buy,235913473
2024-08-30 09:33:33,39150.0,500,Buy,235913472
2024-08-30 09:33:33,39150.0,300,Buy,235913471
2024-08-30 09:33:33,39150.0,100,Buy,235913470
2024-08-30 09:33:33,39150.0,100,Buy,235913469
2024-08-30 09:33:33,39150.0,1000,Buy,235913465
2024-08-30 09:33:33,39150.0,300,Buy,235913467
2024-08-30 09:33:33,39150.0,1900,Buy,235913466
2024-08-30 09:33:33,39150.0,500,Buy,235913464
2024-08-30 09:33:33,39150.0,100,Buy,235913463
2024-08-30 09:33:33,39150.0,100,Buy,235913462
2024-08-30 09:33:33,39150.0,1100,Buy,235913461
2024-08-30 09:33:33,39150.0,1000,Buy,235913468
2024-08-30 09:33:36,39150.0,400,Buy,235913548
2024-08-30 09:33:36,39150.0,300,Buy,235913554
2024-08-30 09:33:36,39150.0,100,Buy,235913546
2024-08-30 09:33:36,39150.0,500,Buy,235913547
2024-08-30 09:33:39,39150.0,1000,Buy,235913598
2024-08-30 09:33:41,39150.0,2000,Buy,235913618
2024-08-30 09:33:41,39150.0,300,Buy,235913619
2024-08-30 09:33:42,39200.0,2200,Buy,235913637
2024-08-30 09:33:42,39150.0,500,Buy,235913635
2024-08-30 09:33:42,39150.0,900,Buy,235913636
2024-08-30 09:33:42,39150.0,600,Buy,235913633
2024-08-30 09:33:42,39150.0,300,Buy,235913632
2024-08-30 09:33:42,39150.0,500,Buy,235913634
2024-08-30 09:33:48,39200.0,1000,Buy,235913734
2024-08-30 09:33:48,39200.0,500,Buy,235913739
2024-08-30 09:33:48,39200.0,1200,Buy,235913738
2024-08-30 09:33:48,39200.0,100,Buy,235913737
2024-08-30 09:33:48,39200.0,500,Buy,235913736
2024-08-30 09:33:48,39200.0,1000,Buy,235913735
2024-08-30 09:33:48,39200.0,300,Buy,235913733
2024-08-30 09:33:48,39200.0,7300,Buy,235913740
2024-08-30 09:33:48,39200.0,600,Buy,235913731
2024-08-30 09:33:48,39200.0,200,Buy,235913730
2024-08-30 09:33:48,39200.0,100,Buy,235913729
2024-08-30 09:33:48,39200.0,300,Buy,235913727
2024-08-30 09:33:48,39200.0,1000,Buy,235913726
2024-08-30 09:33:48,39200.0,5900,Buy,235913725
2024-08-30 09:33:48,39200.0,5000,Buy,235913732
2024-08-30 09:33:48,39200.0,5000,Buy,235913728
2024-08-30 09:33:50,39200.0,300,Buy,235913760
2024-08-30 09:33:52,39200.0,500,Buy,235913840
2024-08-30 09:33:52,39200.0,1000,Buy,235913860
2024-08-30 09:33:52,39200.0,100,Buy,235913861
2024-08-30 09:33:52,39200.0,1000,Buy,235913862
2024-08-30 09:33:52,39200.0,100,Buy,235913863
2024-08-30 09:33:52,39200.0,12400,Buy,235913839
2024-08-30 09:33:52,39200.0,400,Buy,235913865
2024-08-30 09:33:52,39200.0,200,Buy,235913866
2024-08-30 09:33:52,39200.0,500,Buy,235913867
2024-08-30 09:33:52,39200.0,200,Buy,235913868
2024-08-30 09:33:52,39200.0,3700,Buy,235913869
2024-08-30 09:33:52,39200.0,500,Buy,235913870
2024-08-30 09:33:52,39200.0,100,Buy,235913871
2024-08-30 09:33:52,39200.0,100,Buy,235913872
2024-08-30 09:33:52,39200.0,3000,Buy,235913873
2024-08-30 09:33:52,39200.0,500,Buy,235913874
2024-08-30 09:33:52,39200.0,100,Buy,235913859
2024-08-30 09:33:52,39200.0,200,Buy,235913858
2024-08-30 09:33:52,39200.0,100,Buy,235913864
2024-08-30 09:33:52,39200.0,100,Buy,235913856
2024-08-30 09:33:52,39200.0,200,Buy,235913857
2024-08-30 09:33:52,39200.0,100,Buy,235913842
2024-08-30 09:33:52,39200.0,200,Buy,235913843
2024-08-30 09:33:52,39200.0,300,Buy,235913844
2024-08-30 09:33:52,39200.0,1000,Buy,235913845
2024-08-30 09:33:52,39200.0,100,Buy,235913846
2024-08-30 09:33:52,39200.0,100,Buy,235913847
2024-08-30 09:33:52,39200.0,100,Buy,235913841
2024-08-30 09:33:52,39200.0,500,Buy,235913849
2024-08-30 09:33:52,39200.0,300,Buy,235913850
2024-08-30 09:33:52,39200.0,200,Buy,235913851
2024-08-30 09:33:52,39200.0,1000,Buy,235913852
2024-08-30 09:33:52,39200.0,1000,Buy,235913853
2024-08-30 09:33:52,39200.0,900,Buy,235913854
2024-08-30 09:33:52,39200.0,100,Buy,235913855
2024-08-30 09:33:52,39200.0,200,Buy,235913848
2024-08-30 09:33:58,39250.0,200,Buy,235913986
2024-08-30 09:34:00,39300.0,5000,Buy,235914029
2024-08-30 09:34:00,39300.0,2000,Buy,235914031
2024-08-30 09:34:00,39300.0,100,Buy,235914032
2024-08-30 09:34:00,39300.0,1000,Buy,235914033
2024-08-30 09:34:00,39300.0,200,Buy,235914034
2024-08-30 09:34:00,39300.0,100,Buy,235914039
2024-08-30 09:34:00,39300.0,100,Buy,235914036
2024-08-30 09:34:00,39300.0,100,Buy,235914037
2024-08-30 09:34:00,39300.0,200,Buy,235914038
2024-08-30 09:34:00,39300.0,2000,Buy,235914040
2024-08-30 09:34:00,39300.0,100,Buy,235914041
2024-08-30 09:34:00,39300.0,200,Buy,235914035
2024-08-30 09:34:00,39300.0,300,Buy,235914028
2024-08-30 09:34:00,39300.0,100,Buy,235914030
2024-08-30 09:34:00,39300.0,100,Buy,235914026
2024-08-30 09:34:00,39250.0,300,Buy,235914011
2024-08-30 09:34:00,39250.0,100,Buy,235914012
2024-08-30 09:34:00,39250.0,1100,Buy,235914013
2024-08-30 09:34:00,39250.0,3900,Buy,235914014
2024-08-30 09:34:00,39250.0,100,Buy,235914018
2024-08-30 09:34:00,39250.0,1000,Buy,235914019
2024-08-30 09:34:00,39300.0,6700,Buy,235914027
2024-08-30 09:34:00,39250.0,200,Buy,235914021
2024-08-30 09:34:00,39250.0,200,Buy,235914022
2024-08-30 09:34:00,39250.0,300,Buy,235914023
2024-08-30 09:34:00,39250.0,100,Buy,235914024
2024-08-30 09:34:00,39300.0,500,Buy,235914025
2024-08-30 09:34:00,39250.0,1000,Buy,235914020
2024-08-30 09:34:02,39300.0,1000,Sell,235914070
2024-08-30 09:34:06,39300.0,500,Sell,235914160
2024-08-30 09:34:07,39300.0,1800,Sell,235914167
2024-08-30 09:34:07,39300.0,200,Sell,235914168
2024-08-30 09:34:07,39300.0,800,Sell,235914169
2024-08-30 09:34:08,39350.0,500,Buy,235914183
2024-08-30 09:34:09,39300.0,100,Sell,235914223
2024-08-30 09:34:10,39350.0,100,Buy,235914250
2024-08-30 09:34:10,39350.0,200,Buy,235914251
2024-08-30 09:34:15,39400.0,1600,Buy,235914429
2024-08-30 09:34:15,39400.0,100,Buy,235914428
2024-08-30 09:34:15,39350.0,100,Buy,235914426
2024-08-30 09:34:15,39350.0,300,Buy,235914425
2024-08-30 09:34:15,39400.0,500,Buy,235914427
2024-08-30 09:34:22,39400.0,400,Buy,235914625
2024-08-30 09:34:22,39400.0,600,Buy,235914626
2024-08-30 09:34:23,39400.0,700,Buy,235914651
2024-08-30 09:34:24,39350.0,1300,Buy,235914674
2024-08-30 09:34:24,39350.0,1700,Buy,235914675
2024-08-30 09:34:28,39350.0,3200,Buy,235914782
2024-08-30 09:34:28,39350.0,1000,Buy,235914783
2024-08-30 09:34:30,39350.0,3800,Buy,235914834
2024-08-30 09:34:30,39350.0,300,Buy,235914838
2024-08-30 09:34:30,39350.0,100,Buy,235914839
2024-08-30 09:34:33,39350.0,600,Sell,235914892
2024-08-30 09:34:36,39350.0,100,Buy,235914963
2024-08-30 09:34:42,39350.0,1200,Buy,235915063
2024-08-30 09:34:42,39350.0,300,Buy,235915062
2024-08-30 09:34:48,39350.0,200,Buy,235915169
2024-08-30 09:34:50,39350.0,600,Buy,235915196
2024-08-30 09:34:50,39350.0,100,Buy,235915197
2024-08-30 09:34:50,39350.0,100,Buy,235915198
2024-08-30 09:34:50,39350.0,100,Buy,235915199
2024-08-30 09:34:50,39350.0,200,Buy,235915200
2024-08-30 09:34:50,39350.0,200,Buy,235915201
2024-08-30 09:34:52,39350.0,2000,Buy,235915261
2024-08-30 09:34:56,39350.0,100,Buy,235915336
2024-08-30 09:34:56,39350.0,100,Buy,235915335
2024-08-30 09:34:56,39350.0,1000,Buy,235915334
2024-08-30 09:34:56,39350.0,100,Buy,235915332
2024-08-30 09:34:56,39350.0,100,Buy,235915331
2024-08-30 09:34:56,39350.0,7800,Buy,235915330
2024-08-30 09:34:56,39350.0,100,Buy,235915333
2024-08-30 09:34:59,39350.0,700,Sell,235915401
2024-08-30 09:35:02,39350.0,300,Buy,235915500
2024-08-30 09:35:02,39350.0,200,Buy,235915501
2024-08-30 09:35:07,39350.0,300,Buy,235915619
2024-08-30 09:35:07,39350.0,400,Buy,235915620
2024-08-30 09:35:07,39350.0,300,Buy,235915621
2024-08-30 09:35:07,39350.0,2000,Buy,235915622
2024-08-30 09:35:08,39300.0,2000,Sell,235915645
2024-08-30 09:35:09,39350.0,200,Buy,235915685
2024-08-30 09:35:09,39350.0,200,Buy,235915698
2024-08-30 09:35:10,39300.0,2000,Sell,235915702
2024-08-30 09:35:11,39300.0,900,Sell,235915746
2024-08-30 09:35:11,39300.0,100,Sell,235915747
2024-08-30 09:35:13,39350.0,500,Buy,235915791
2024-08-30 09:35:19,39300.0,100,Sell,235915896
2024-08-30 09:35:25,39300.0,2000,Sell,235916051
2024-08-30 09:35:29,39300.0,100,Sell,235916102
2024-08-30 09:35:30,39350.0,5000,Buy,235916119
2024-08-30 09:35:35,39300.0,100,Sell,235916232
2024-08-30 09:35:35,39300.0,400,Sell,235916233
2024-08-30 09:35:40,39300.0,200,Sell,235916397
2024-08-30 09:35:42,39300.0,2000,Sell,235916453
2024-08-30 09:35:46,39300.0,400,Sell,235916536
2024-08-30 09:35:46,39300.0,100,Sell,235916537
2024-08-30 09:36:08,39300.0,600,Buy,235916998
2024-08-30 09:36:08,39300.0,1000,Buy,235916995
2024-08-30 09:36:08,39300.0,100,Buy,235916996
2024-08-30 09:36:08,39300.0,100,Buy,235916997
2024-08-30 09:36:10,39300.0,1400,Buy,235917048
2024-08-30 09:36:10,39300.0,500,Buy,235917049
2024-08-30 09:36:10,39300.0,100,Buy,235917050
2024-08-30 09:36:23,39300.0,300,Buy,235917310
2024-08-30 09:36:23,39300.0,600,Buy,235917311
2024-08-30 09:36:24,39300.0,400,Buy,235917326
2024-08-30 09:36:24,39300.0,500,Buy,235917327
2024-08-30 09:36:24,39300.0,300,Buy,235917328
2024-08-30 09:36:24,39300.0,100,Buy,235917329
2024-08-30 09:36:26,39300.0,200,Buy,235917362
2024-08-30 09:36:29,39300.0,100,Buy,235917408
2024-08-30 09:36:29,39300.0,300,Buy,235917407
2024-08-30 09:36:30,39300.0,500,Buy,235917444
2024-08-30 09:36:34,39300.0,100,Buy,235917508
2024-08-30 09:36:37,39300.0,800,Buy,235917546
2024-08-30 09:36:46,39300.0,100,Buy,235917743
2024-08-30 09:36:47,39300.0,1100,Buy,235917751
2024-08-30 09:36:47,39300.0,100,Buy,235917752
2024-08-30 09:36:47,39300.0,800,Buy,235917753
2024-08-30 09:36:52,39300.0,500,Buy,235917836
2024-08-30 09:36:52,39300.0,100,Buy,235917835
2024-08-30 09:36:52,39300.0,500,Buy,235917834
2024-08-30 09:36:52,39300.0,500,Buy,235917831
2024-08-30 09:36:52,39300.0,1000,Buy,235917833
2024-08-30 09:36:52,39300.0,1000,Buy,235917829
2024-08-30 09:36:52,39300.0,1000,Buy,235917830
2024-08-30 09:36:52,39300.0,500,Buy,235917825
2024-08-30 09:36:52,39300.0,1000,Buy,235917826
2024-08-30 09:36:52,39300.0,500,Buy,235917832
2024-08-30 09:36:52,39300.0,1300,Buy,235917828
2024-08-30 09:36:52,39300.0,100,Buy,235917827
2024-08-30 09:36:54,39300.0,200,Sell,235917858
2024-08-30 09:36:54,39300.0,100,Sell,235917849
2024-08-30 09:36:55,39300.0,1000,Sell,235917894
2024-08-30 09:36:58,39200.0,100,Sell,235917952
2024-08-30 09:36:58,39200.0,1000,Sell,235917951
2024-08-30 09:36:58,39200.0,500,Sell,235917950
2024-08-30 09:36:58,39300.0,400,Sell,235917946
2024-08-30 09:36:58,39200.0,1000,Sell,235917948
2024-08-30 09:36:58,39200.0,500,Sell,235917949
2024-08-30 09:36:58,39200.0,200,Sell,235917947
2024-08-30 09:37:01,39200.0,1300,Buy,235918002
2024-08-30 09:37:03,39300.0,700,Sell,235918022
2024-08-30 09:37:05,39300.0,200,Buy,235918047
2024-08-30 09:37:08,39300.0,100,Buy,235918093
2024-08-30 09:37:08,39300.0,7900,Buy,235918094
2024-08-30 09:37:12,39300.0,500,Buy,235918173
2024-08-30 09:37:14,39300.0,300,Buy,235918187
2024-08-30 09:37:15,39300.0,100,Buy,235918193
2024-08-30 09:37:15,39300.0,100,Buy,235918192
2024-08-30 09:37:15,39300.0,300,Buy,235918191
2024-08-30 09:37:30,39300.0,100,Buy,235918495
2024-08-30 09:37:30,39300.0,500,Buy,235918496
2024-08-30 09:37:30,39300.0,100,Buy,235918497
2024-08-30 09:37:30,39300.0,100,Buy,235918498
2024-08-30 09:37:30,39300.0,3000,Buy,235918499
2024-08-30 09:37:30,39300.0,500,Buy,235918500
2024-08-30 09:37:32,39300.0,700,Sell,235918532
2024-08-30 09:37:33,39250.0,100,Sell,235918546
2024-08-30 09:37:33,39250.0,100,Buy,235918551
2024-08-30 09:37:34,39250.0,200,Buy,235918575
2024-08-30 09:37:43,39250.0,500,Buy,235918769
2024-08-30 09:38:11,39250.0,600,Buy,235919263
2024-08-30 09:38:11,39250.0,100,Buy,235919264
2024-08-30 09:38:11,39250.0,100,Buy,235919265
2024-08-30 09:38:11,39250.0,100,Buy,235919262
2024-08-30 09:38:17,39250.0,300,Buy,235919360
2024-08-30 09:38:18,39200.0,300,Sell,235919362
2024-08-30 09:38:18,39200.0,100,Sell,235919363
2024-08-30 09:38:18,39200.0,100,Sell,235919364
2024-08-30 09:38:20,39150.0,2000,Sell,235919401
2024-08-30 09:38:20,39150.0,400,Sell,235919402
2024-08-30 09:38:20,39200.0,400,Sell,235919399
2024-08-30 09:38:20,39150.0,200,Sell,235919400
2024-08-30 09:38:37,39200.0,100,Sell,235919722
2024-08-30 09:39:03,39200.0,100,Sell,235920222
2024-08-30 09:39:04,39200.0,300,Sell,235920253
2024-08-30 09:39:05,39250.0,100,Buy,235920263
2024-08-30 09:39:05,39250.0,100,Buy,235920264
2024-08-30 09:39:06,39200.0,100,Sell,235920305
2024-08-30 09:39:12,39200.0,500,Sell,235920509
2024-08-30 09:39:31,39200.0,100,Sell,235920790
2024-08-30 09:39:31,39200.0,100,Sell,235920789
2024-08-30 09:39:31,39200.0,1000,Sell,235920788
2024-08-30 09:39:31,39200.0,900,Sell,235920786
2024-08-30 09:39:31,39200.0,100,Sell,235920787
2024-08-30 09:39:40,39200.0,100,Sell,235920929
2024-08-30 09:39:48,39200.0,100,Sell,235921047
2024-08-30 09:40:00,39200.0,200,Sell,235921244
2024-08-30 09:40:00,39200.0,100,Sell,235921261
2024-08-30 09:40:13,39200.0,200,Sell,235921488
2024-08-30 09:40:13,39200.0,800,Sell,235921489
2024-08-30 09:40:16,39200.0,600,Sell,235921555
2024-08-30 09:40:23,39200.0,400,Buy,235921658
2024-08-30 09:40:23,39200.0,100,Buy,235921659
2024-08-30 09:40:54,39200.0,2400,Buy,235922120
2024-08-30 09:40:54,39200.0,500,Buy,235922118
2024-08-30 09:40:54,39200.0,100,Buy,235922117
2024-08-30 09:40:54,39200.0,500,Buy,235922119
2024-08-30 09:41:00,39150.0,600,Sell,235922194
2024-08-30 09:41:00,39150.0,2400,Sell,235922195
2024-08-30 09:41:07,39150.0,1000,Sell,235922311
2024-08-30 09:41:18,39100.0,1200,Sell,235922504
2024-08-30 09:41:27,39100.0,300,Sell,235922624
2024-08-30 09:41:27,39100.0,200,Sell,235922625
2024-08-30 09:41:35,39100.0,600,Sell,235922744
2024-08-30 09:41:35,39100.0,500,Buy,235922852
2024-08-30 09:41:35,39100.0,100,Sell,235922742
2024-08-30 09:41:35,39100.0,100,Sell,235922743
2024-08-30 09:41:35,39100.0,1500,Sell,235922741
2024-08-30 09:41:42,39050.0,200,Sell,235922990
2024-08-30 09:41:44,39050.0,100,Sell,235923034
2024-08-30 09:41:44,39050.0,100,Sell,235923035
2024-08-30 09:41:44,39050.0,4800,Sell,235923033
2024-08-30 09:41:45,39100.0,200,Buy,235923044
2024-08-30 09:41:46,39000.0,5800,Sell,235923082
2024-08-30 09:41:46,39000.0,2000,Sell,235923081
2024-08-30 09:41:46,39000.0,6000,Sell,235923079
2024-08-30 09:41:46,39000.0,200,Sell,235923080
2024-08-30 09:41:46,39000.0,500,Sell,235923076
2024-08-30 09:41:46,39000.0,1000,Sell,235923075
2024-08-30 09:41:46,39000.0,2000,Sell,235923074
2024-08-30 09:41:46,39000.0,500,Sell,235923073
2024-08-30 09:41:46,39000.0,1000,Sell,235923077
2024-08-30 09:41:46,39000.0,1000,Sell,235923078
2024-08-30 09:42:08,39000.0,3200,Sell,235923630
2024-08-30 09:42:08,39000.0,800,Sell,235923631
2024-08-30 09:42:20,39000.0,100,Sell,235923860
2024-08-30 09:42:21,39050.0,100,Buy,235923884
2024-08-30 09:42:21,39150.0,300,Buy,235923885
2024-08-30 09:42:21,39150.0,100,Buy,235923886
2024-08-30 09:42:48,39150.0,2000,Buy,235924429
2024-08-30 09:43:11,39150.0,200,Buy,235924884
2024-08-30 09:43:21,39150.0,1900,Buy,235925242
2024-08-30 09:43:21,39150.0,1000,Buy,235925240
2024-08-30 09:43:21,39150.0,200,Buy,235925241
2024-08-30 09:43:29,39150.0,100,Buy,235925411
2024-08-30 09:43:32,39150.0,100,Buy,235925466
2024-08-30 09:43:32,39150.0,100,Buy,235925467
2024-08-30 09:43:38,39150.0,100,Sell,235925574
2024-08-30 09:43:43,39150.0,100,Sell,235925638
2024-08-30 09:43:48,39150.0,1000,Sell,235925734
2024-08-30 09:43:50,39150.0,1900,Sell,235925796
2024-08-30 09:43:50,39150.0,100,Sell,235925797
2024-08-30 09:43:56,39150.0,1900,Sell,235925938
2024-08-30 09:43:56,39150.0,2200,Sell,235925939
2024-08-30 09:44:04,39150.0,300,Buy,235926113
2024-08-30 09:44:06,39150.0,300,Buy,235926131
2024-08-30 09:44:10,39150.0,300,Buy,235926231
2024-08-30 09:44:10,39150.0,100,Buy,235926232
2024-08-30 09:44:13,39150.0,200,Buy,235926350
2024-08-30 09:44:19,39150.0,100,Buy,235926639
2024-08-30 09:44:19,39150.0,1700,Buy,235926638
2024-08-30 09:44:24,39150.0,100,Sell,235926739
2024-08-30 09:44:27,39150.0,100,Sell,235926767
2024-08-30 09:44:30,39150.0,100,Sell,235926823
2024-08-30 09:44:45,39150.0,200,Sell,235927179
2024-08-30 09:44:51,39150.0,2000,Sell,235927347
2024-08-30 09:45:17,39150.0,500,Sell,235928029
2024-08-30 09:45:28,39150.0,300,Sell,235928197
2024-08-30 09:45:36,39150.0,500,Sell,235928351
2024-08-30 09:46:03,39150.0,200,Sell,235928986
2024-08-30 09:46:04,39150.0,500,Sell,235929039
2024-08-30 09:46:04,39150.0,300,Sell,235929037
2024-08-30 09:46:04,39150.0,500,Sell,235929036
2024-08-30 09:46:04,39150.0,1200,Sell,235929038
2024-08-30 09:46:09,39150.0,500,Buy,235929114
2024-08-30 09:46:25,39150.0,500,Sell,235929543
2024-08-30 09:46:25,39150.0,100,Sell,235929544
2024-08-30 09:46:31,39150.0,100,Sell,235929634
2024-08-30 09:46:32,39150.0,400,Buy,235929684
2024-08-30 09:46:34,39150.0,300,Sell,235929753
2024-08-30 09:46:47,39200.0,200,Buy,235930019
2024-08-30 09:46:57,39150.0,300,Sell,235930207
2024-08-30 09:46:57,39150.0,4700,Sell,235930208
2024-08-30 09:47:24,39150.0,1000,Sell,235930930
2024-08-30 09:47:48,39150.0,100,Sell,235931433
2024-08-30 09:47:48,39150.0,5000,Sell,235931432
2024-08-30 09:47:48,39150.0,4300,Sell,235931429
2024-08-30 09:47:48,39150.0,400,Sell,235931430
2024-08-30 09:47:48,39150.0,200,Sell,235931431
2024-08-30 09:47:55,39150.0,900,Sell,235931573
2024-08-30 09:47:55,39150.0,100,Sell,235931574
2024-08-30 09:48:03,39150.0,400,Sell,235931834
2024-08-30 09:48:03,39150.0,500,Sell,235931835
2024-08-30 09:48:03,39150.0,100,Sell,235931836
2024-08-30 09:48:44,39150.0,4900,Buy,235932821
2024-08-30 09:48:53,39100.0,8900,Sell,235933031
2024-08-30 09:48:53,39100.0,500,Sell,235933029
2024-08-30 09:48:53,39100.0,300,Sell,235933028
2024-08-30 09:48:53,39100.0,300,Sell,235933030
2024-08-30 09:49:01,39100.0,100,Sell,235933160
2024-08-30 09:49:19,39100.0,100,Sell,235933785
2024-08-30 09:49:28,39150.0,100,Buy,235933978
2024-08-30 09:49:28,39150.0,900,Buy,235933979
2024-08-30 09:49:43,39100.0,200,Sell,235934466
2024-08-30 09:49:51,39100.0,100,Sell,235934727
2024-08-30 09:49:51,39100.0,500,Sell,235934725
2024-08-30 09:49:51,39100.0,200,Sell,235934724
2024-08-30 09:49:51,39100.0,3000,Sell,235934726
2024-08-30 09:49:51,39100.0,700,Sell,235934722
2024-08-30 09:49:51,39150.0,400,Buy,235934713
2024-08-30 09:49:51,39150.0,100,Buy,235934712
2024-08-30 09:49:51,39100.0,500,Sell,235934723
2024-08-30 09:49:56,39150.0,100,Buy,235934903
2024-08-30 09:49:56,39150.0,100,Buy,235934904
2024-08-30 09:49:56,39150.0,200,Buy,235934905
2024-08-30 09:49:56,39150.0,500,Buy,235934906
2024-08-30 09:49:56,39150.0,1000,Buy,235934907
2024-08-30 09:49:56,39150.0,100,Buy,235934908
2024-08-30 09:50:30,39200.0,9800,Buy,235935973
2024-08-30 09:50:30,39200.0,500,Buy,235935972
2024-08-30 09:50:30,39200.0,100,Buy,235935971
2024-08-30 09:50:30,39200.0,1500,Buy,235935970
2024-08-30 09:50:30,39200.0,100,Buy,235935969
2024-08-30 09:50:30,39150.0,100,Buy,235935966
2024-08-30 09:50:30,39200.0,400,Buy,235935967
2024-08-30 09:50:30,39150.0,1000,Buy,235935965
2024-08-30 09:50:30,39150.0,8000,Buy,235935964
2024-08-30 09:50:30,39150.0,5000,Buy,235935963
2024-08-30 09:50:30,39150.0,900,Buy,235935962
2024-08-30 09:50:30,39200.0,2600,Buy,235935968
2024-08-30 09:50:36,39100.0,100,Sell,235936210
2024-08-30 09:50:36,39100.0,200,Sell,235936211
2024-08-30 09:50:36,39100.0,100,Sell,235936212
2024-08-30 09:50:36,39100.0,1000,Sell,235936213
2024-08-30 09:50:36,39100.0,600,Sell,235936214
2024-08-30 09:50:41,39150.0,200,Buy,235936374
2024-08-30 09:50:44,39150.0,100,Buy,235936434
2024-08-30 09:50:54,39200.0,100,Buy,235936683
2024-08-30 09:50:54,39200.0,100,Buy,235936684
2024-08-30 09:50:54,39200.0,100,Buy,235936685
2024-08-30 09:50:54,39200.0,100,Buy,235936686
2024-08-30 09:50:54,39200.0,100,Buy,235936687
2024-08-30 09:50:54,39200.0,100,Buy,235936688
2024-08-30 09:50:54,39200.0,1400,Buy,235936682
2024-08-30 09:51:02,39200.0,1000,Buy,235936988
2024-08-30 09:51:02,39200.0,300,Buy,235936989
2024-08-30 09:51:09,39200.0,5600,Buy,235937221
2024-08-30 09:51:09,39200.0,1000,Buy,235937220
2024-08-30 09:51:09,39200.0,300,Buy,235937218
2024-08-30 09:51:09,39200.0,2900,Buy,235937219
2024-08-30 09:51:09,39200.0,200,Buy,235937217
2024-08-30 09:51:12,39200.0,100,Buy,235937321
2024-08-30 09:51:12,39200.0,500,Buy,235937312
2024-08-30 09:51:14,39200.0,200,Buy,235937389
2024-08-30 09:51:14,39200.0,100,Buy,235937392
2024-08-30 09:51:14,39200.0,3800,Buy,235937388
2024-08-30 09:51:14,39200.0,100,Buy,235937390
2024-08-30 09:51:14,39200.0,1000,Buy,235937391
2024-08-30 09:51:15,39200.0,300,Buy,235937401
2024-08-30 09:51:16,39200.0,500,Buy,235937446
2024-08-30 09:51:16,39200.0,1100,Buy,235937456
2024-08-30 09:51:16,39200.0,100,Buy,235937457
2024-08-30 09:51:33,39250.0,400,Buy,235937969
2024-08-30 09:51:33,39250.0,500,Buy,235937970
2024-08-30 09:51:33,39250.0,100,Buy,235937971
2024-08-30 09:51:33,39250.0,500,Buy,235937972
2024-08-30 09:51:35,39250.0,1000,Buy,235938064
2024-08-30 09:51:42,39250.0,100,Buy,235938296
2024-08-30 09:51:44,39250.0,100,Buy,235938396
2024-08-30 09:51:44,39250.0,200,Buy,235938442
2024-08-30 09:51:44,39250.0,400,Buy,235938395
2024-08-30 09:51:46,39250.0,700,Buy,235938498
2024-08-30 09:51:46,39250.0,600,Buy,235938499
2024-08-30 09:51:50,39250.0,400,Buy,235938588
2024-08-30 09:51:50,39250.0,100,Buy,235938589
2024-08-30 09:51:50,39250.0,1500,Buy,235938590
2024-08-30 09:51:52,39250.0,300,Buy,235938637
2024-08-30 09:51:59,39250.0,100,Buy,235938975
2024-08-30 09:52:00,39250.0,100,Buy,235938992
2024-08-30 09:52:00,39250.0,100,Buy,235938993
2024-08-30 09:52:09,39250.0,400,Buy,235939284
2024-08-30 09:52:57,39250.0,3700,Sell,235940520
2024-08-30 09:52:57,39250.0,1000,Sell,235940521
2024-08-30 09:52:57,39250.0,300,Sell,235940522
2024-08-30 09:53:01,39250.0,100,Sell,235940646
2024-08-30 09:53:05,39250.0,100,Sell,235940724
2024-08-30 09:53:05,39250.0,500,Sell,235940725
2024-08-30 09:53:05,39250.0,300,Sell,235940726
2024-08-30 09:53:05,39250.0,100,Sell,235940727
2024-08-30 09:53:05,39250.0,400,Sell,235940728
2024-08-30 09:53:05,39250.0,3600,Sell,235940729
2024-08-30 09:53:09,39250.0,100,Sell,235940828
2024-08-30 09:53:12,39250.0,100,Sell,235940920
2024-08-30 09:53:14,39250.0,1000,Sell,235940982
2024-08-30 09:53:15,39250.0,100,Sell,235941023
2024-08-30 09:53:16,39250.0,1000,Sell,235941039
2024-08-30 09:53:23,39250.0,100,Sell,235941213
2024-08-30 09:53:23,39250.0,100,Sell,235941214
2024-08-30 09:53:30,39250.0,2000,Buy,235941368
2024-08-30 09:53:38,39250.0,200,Buy,235941558
2024-08-30 09:53:48,39200.0,100,Sell,235941947
2024-08-30 09:53:48,39200.0,100,Sell,235941948
2024-08-30 09:54:03,39200.0,400,Sell,235942245
2024-08-30 09:54:09,39200.0,500,Sell,235942394
2024-08-30 09:54:09,39200.0,100,Sell,235942391
2024-08-30 09:54:10,39200.0,1400,Sell,235942408
2024-08-30 09:54:10,39200.0,600,Sell,235942409
2024-08-30 09:54:28,39200.0,100,Buy,235942732
2024-08-30 09:54:29,39200.0,100,Buy,235942745
2024-08-30 09:54:29,39200.0,2900,Buy,235942744
2024-08-30 09:55:06,39150.0,100,Sell,235943539
2024-08-30 09:55:11,39150.0,400,Sell,235943647
2024-08-30 09:55:11,39150.0,100,Sell,235943648
2024-08-30 09:55:11,39150.0,400,Sell,235943649
2024-08-30 09:55:19,39100.0,100,Sell,235943847
2024-08-30 09:55:32,39050.0,100,Sell,235944173
2024-08-30 09:55:32,39050.0,200,Sell,235944169
2024-08-30 09:55:32,39050.0,200,Sell,235944168
2024-08-30 09:55:32,39050.0,500,Sell,235944167
2024-08-30 09:55:32,39050.0,1500,Sell,235944166
2024-08-30 09:55:32,39050.0,200,Sell,235944165
2024-08-30 09:55:32,39050.0,100,Sell,235944162
2024-08-30 09:55:32,39050.0,1000,Sell,235944163
2024-08-30 09:55:32,39050.0,200,Sell,235944174
2024-08-30 09:55:32,39100.0,200,Sell,235944160
2024-08-30 09:55:32,39100.0,200,Sell,235944159
2024-08-30 09:55:32,39100.0,400,Sell,235944158
2024-08-30 09:55:32,39050.0,700,Sell,235944164
2024-08-30 09:55:32,39100.0,1400,Sell,235944161
2024-08-30 09:55:53,39050.0,100,Buy,235944563
2024-08-30 09:56:09,39050.0,5000,Buy,235944885
2024-08-30 09:57:10,39050.0,100,Sell,235946153
2024-08-30 09:58:43,39050.0,200,Sell,235947936
2024-08-30 09:59:51,39100.0,200,Sell,235949158
2024-08-30 09:59:57,39100.0,800,Buy,235949256
2024-08-30 10:00:28,39100.0,100,Sell,235949948
2024-08-30 10:00:32,39100.0,100,Sell,235949998
2024-08-30 10:00:32,39100.0,4900,Sell,235949999
2024-08-30 10:00:34,39100.0,100,Sell,235950143
2024-08-30 10:01:42,39100.0,1000,Sell,235951406
2024-08-30 10:02:02,39150.0,1100,Buy,235951924
2024-08-30 10:02:25,39150.0,600,Buy,235952407
2024-08-30 10:02:32,39150.0,600,Buy,235952500
2024-08-30 10:02:36,39150.0,500,Buy,235952561
2024-08-30 10:02:37,39150.0,500,Buy,235952583
2024-08-30 10:02:57,39150.0,1700,Buy,235953065
2024-08-30 10:02:57,39150.0,200,Buy,235953066
2024-08-30 10:02:57,39150.0,100,Buy,235953067
2024-08-30 10:02:57,39150.0,1000,Buy,235953068
2024-08-30 10:03:24,39150.0,2000,Buy,235953551
2024-08-30 10:03:26,39150.0,2000,Buy,235953583
2024-08-30 10:03:26,39150.0,100,Buy,235953584
2024-08-30 10:03:26,39150.0,800,Buy,235953585
2024-08-30 10:03:26,39150.0,100,Buy,235953586
2024-08-30 10:03:27,39150.0,100,Buy,235953597
2024-08-30 10:03:27,39150.0,300,Buy,235953598
2024-08-30 10:03:30,39150.0,1000,Sell,235953674
2024-08-30 10:03:38,39150.0,100,Sell,235953827
2024-08-30 10:03:47,39150.0,100,Sell,235954099
2024-08-30 10:03:59,39150.0,1100,Sell,235954316
2024-08-30 10:04:07,39150.0,300,Sell,235954451
2024-08-30 10:04:19,39200.0,100,Buy,235954665
2024-08-30 10:04:19,39200.0,900,Buy,235954666
2024-08-30 10:04:20,39150.0,2000,Sell,235954681
2024-08-30 10:04:20,39150.0,2700,Sell,235954682
2024-08-30 10:04:48,39150.0,300,Sell,235955329
2024-08-30 10:04:50,39150.0,2000,Sell,235955362
2024-08-30 10:04:55,39150.0,100,Sell,235955474
2024-08-30 10:04:55,39150.0,100,Sell,235955472
2024-08-30 10:04:55,39150.0,200,Sell,235955473
2024-08-30 10:04:58,39150.0,1000,Sell,235955521
2024-08-30 10:04:58,39150.0,100,Sell,235955520
2024-08-30 10:06:24,39150.0,900,Buy,235957043
2024-08-30 10:06:24,39150.0,2000,Buy,235957044
2024-08-30 10:06:24,39150.0,1000,Buy,235957045
2024-08-30 10:06:24,39150.0,200,Buy,235957046
2024-08-30 10:06:24,39150.0,500,Buy,235957047
2024-08-30 10:06:24,39150.0,300,Buy,235957048
2024-08-30 10:06:46,39150.0,100,Sell,235957371
2024-08-30 10:06:46,39150.0,600,Sell,235957372
2024-08-30 10:06:47,39150.0,100,Sell,235957394
2024-08-30 10:06:48,39150.0,1000,Sell,235957408
2024-08-30 10:06:54,39150.0,500,Buy,235957594
2024-08-30 10:07:27,39150.0,300,Buy,235958127
2024-08-30 10:07:31,39100.0,100,Sell,235958174
2024-08-30 10:07:31,39100.0,500,Sell,235958175
2024-08-30 10:07:31,39100.0,400,Sell,235958176
2024-08-30 10:07:45,39100.0,100,Sell,235958428
2024-08-30 10:08:34,39100.0,100,Buy,235959138
2024-08-30 10:10:19,39100.0,2100,Buy,235960817
2024-08-30 10:10:19,39100.0,400,Buy,235960818
2024-08-30 10:10:53,39100.0,500,Buy,235961391
2024-08-30 10:11:02,39050.0,100,Sell,235961503
2024-08-30 10:11:56,39100.0,1000,Buy,235962304
2024-08-30 10:11:56,39100.0,1000,Buy,235962303
2024-08-30 10:11:56,39100.0,200,Buy,235962301
2024-08-30 10:11:56,39100.0,100,Buy,235962300
2024-08-30 10:11:56,39100.0,100,Buy,235962302
2024-08-30 10:12:17,39100.0,500,Buy,235962649
2024-08-30 10:12:22,39100.0,500,Buy,235962772
2024-08-30 10:12:25,39100.0,100,Buy,235962813
2024-08-30 10:12:25,39100.0,1000,Buy,235962820
2024-08-30 10:12:28,39100.0,1000,Buy,235962865
2024-08-30 10:12:40,39100.0,300,Buy,235963108
2024-08-30 10:12:50,39100.0,500,Buy,235963275
2024-08-30 10:12:53,39100.0,500,Buy,235963337
2024-08-30 10:12:57,39100.0,300,Buy,235963404
2024-08-30 10:13:24,39100.0,100,Buy,235963816
2024-08-30 10:13:30,39100.0,200,Buy,235963936
2024-08-30 10:13:30,39100.0,4200,Buy,235963933
2024-08-30 10:13:30,39100.0,100,Buy,235963934
2024-08-30 10:13:30,39100.0,500,Buy,235963935
2024-08-30 10:13:34,39100.0,100,Buy,235963995
2024-08-30 10:13:39,39100.0,200,Buy,235964100
2024-08-30 10:15:21,39150.0,200,Buy,235965686
2024-08-30 10:15:21,39150.0,300,Buy,235965687
2024-08-30 10:15:21,39150.0,500,Buy,235965688
2024-08-30 10:15:56,39150.0,500,Buy,235966354
2024-08-30 10:15:56,39150.0,500,Buy,235966355
2024-08-30 10:15:56,39150.0,200,Buy,235966356
2024-08-30 10:15:56,39150.0,1000,Buy,235966357
2024-08-30 10:16:13,39150.0,300,Buy,235966548
2024-08-30 10:16:15,39150.0,200,Buy,235966580
2024-08-30 10:16:15,39150.0,1100,Buy,235966581
2024-08-30 10:16:15,39150.0,3700,Buy,235966579
2024-08-30 10:17:27,39200.0,2800,Buy,235967669
2024-08-30 10:17:27,39200.0,3300,Buy,235967668
2024-08-30 10:17:27,39200.0,100,Buy,235967667
2024-08-30 10:17:27,39200.0,500,Buy,235967666
2024-08-30 10:17:27,39200.0,300,Buy,235967665
2024-08-30 10:17:27,39200.0,8000,Buy,235967663
2024-08-30 10:17:27,39200.0,1000,Buy,235967662
2024-08-30 10:17:27,39200.0,1000,Buy,235967664
2024-08-30 10:17:27,39150.0,100,Buy,235967660
2024-08-30 10:17:27,39150.0,300,Buy,235967659
2024-08-30 10:17:27,39150.0,100,Buy,235967658
2024-08-30 10:17:27,39150.0,1000,Buy,235967657
2024-08-30 10:17:27,39150.0,300,Buy,235967656
2024-08-30 10:17:27,39150.0,200,Buy,235967655
2024-08-30 10:17:27,39150.0,900,Buy,235967654
2024-08-30 10:17:27,39200.0,100,Buy,235967661
2024-08-30 10:17:40,39200.0,500,Buy,235967872
2024-08-30 10:18:35,39200.0,1800,Buy,235968642
2024-08-30 10:18:35,39200.0,100,Buy,235968641
2024-08-30 10:18:35,39200.0,300,Buy,235968640
2024-08-30 10:18:35,39200.0,700,Buy,235968639
2024-08-30 10:18:35,39200.0,200,Buy,235968637
2024-08-30 10:18:35,39200.0,2000,Buy,235968636
2024-08-30 10:18:35,39200.0,500,Buy,235968635
2024-08-30 10:18:35,39200.0,1200,Buy,235968634
2024-08-30 10:18:35,39200.0,1000,Buy,235968638
2024-08-30 10:18:36,39200.0,1400,Buy,235968644
2024-08-30 10:18:36,39200.0,200,Buy,235968647
2024-08-30 10:18:36,39200.0,400,Buy,235968648
2024-08-30 10:20:05,39200.0,100,Buy,235969998
2024-08-30 10:20:52,39200.0,4000,Buy,235970790
2024-08-30 10:20:52,39200.0,100,Buy,235970791
2024-08-30 10:20:52,39200.0,100,Buy,235970792
2024-08-30 10:20:52,39200.0,800,Buy,235970793
2024-08-30 10:20:58,39200.0,1000,Buy,235970864
2024-08-30 10:21:04,39200.0,200,Buy,235970972
2024-08-30 10:21:04,39200.0,1000,Buy,235970973
2024-08-30 10:21:09,39200.0,1000,Buy,235971056
2024-08-30 10:21:21,39200.0,100,Buy,235971259
2024-08-30 10:21:21,39200.0,200,Buy,235971258
2024-08-30 10:21:24,39200.0,100,Buy,235971290
2024-08-30 10:21:28,39200.0,2300,Buy,235971340
2024-08-30 10:21:28,39200.0,1000,Buy,235971339
2024-08-30 10:21:28,39200.0,100,Buy,235971338
2024-08-30 10:21:28,39200.0,300,Buy,235971333
2024-08-30 10:21:28,39200.0,100,Buy,235971336
2024-08-30 10:21:28,39200.0,1000,Buy,235971335
2024-08-30 10:21:28,39200.0,100,Buy,235971334
2024-08-30 10:21:28,39200.0,100,Buy,235971337
2024-08-30 10:21:29,39200.0,1400,Buy,235971364
2024-08-30 10:21:36,39200.0,1000,Buy,235971462
2024-08-30 10:21:38,39200.0,5300,Buy,235971481
2024-08-30 10:21:38,39200.0,1600,Buy,235971482
2024-08-30 10:21:47,39200.0,2100,Sell,235971634
2024-08-30 10:23:03,39200.0,300,Buy,235972683
2024-08-30 10:23:03,39200.0,300,Buy,235972684
2024-08-30 10:23:03,39200.0,400,Buy,235972685
2024-08-30 10:23:06,39200.0,600,Buy,235972732
2024-08-30 10:23:06,39200.0,2600,Buy,235972733
2024-08-30 10:23:08,39200.0,2400,Buy,235972781
2024-08-30 10:23:08,39200.0,500,Buy,235972782
2024-08-30 10:23:16,39200.0,100,Sell,235972906
2024-08-30 10:23:27,39200.0,100,Sell,235973042
2024-08-30 10:23:29,39200.0,900,Sell,235973073
2024-08-30 10:23:56,39200.0,1000,Sell,235973517
2024-08-30 10:23:56,39200.0,1000,Sell,235973518
2024-08-30 10:23:56,39200.0,3000,Sell,235973519
2024-08-30 10:24:12,39200.0,700,Sell,235973763
2024-08-30 10:24:53,39150.0,4400,Sell,235974314
2024-08-30 10:24:53,39150.0,2000,Sell,235974312
2024-08-30 10:24:53,39150.0,5000,Sell,235974313
2024-08-30 10:24:53,39150.0,2000,Sell,235974311
2024-08-30 10:24:53,39200.0,5000,Sell,235974306
2024-08-30 10:24:53,39150.0,300,Sell,235974309
2024-08-30 10:24:53,39200.0,3000,Sell,235974308
2024-08-30 10:24:53,39200.0,200,Sell,235974307
2024-08-30 10:24:53,39200.0,1300,Sell,235974305
2024-08-30 10:24:53,39150.0,2800,Sell,235974310
2024-08-30 10:25:49,39150.0,500,Sell,235975051
2024-08-30 10:25:50,39150.0,100,Sell,235975063
2024-08-30 10:26:04,39150.0,200,Buy,235975381
2024-08-30 10:26:59,39100.0,800,Sell,235976295
2024-08-30 10:27:00,39100.0,200,Sell,235976310
2024-08-30 10:27:18,39100.0,4800,Sell,235976509
2024-08-30 10:27:18,39100.0,4000,Sell,235976506
2024-08-30 10:27:18,39100.0,1000,Sell,235976507
2024-08-30 10:27:18,39100.0,200,Sell,235976508
2024-08-30 10:27:20,39100.0,300,Sell,235976555
2024-08-30 10:27:21,39100.0,100,Sell,235976561
2024-08-30 10:27:35,39100.0,1800,Sell,235976785
2024-08-30 10:27:43,39100.0,100,Sell,235976903
2024-08-30 10:27:58,39100.0,100,Sell,235977081
2024-08-30 10:27:58,39100.0,500,Sell,235977082
2024-08-30 10:27:58,39100.0,1300,Sell,235977079
2024-08-30 10:27:58,39100.0,100,Sell,235977080
2024-08-30 10:27:58,39100.0,2800,Sell,235977078
2024-08-30 10:28:21,39100.0,600,Buy,235977343
2024-08-30 10:28:35,39100.0,400,Sell,235977517
2024-08-30 10:29:19,39050.0,300,Sell,235978084
2024-08-30 10:29:19,39050.0,1000,Sell,235978085
2024-08-30 10:29:19,39050.0,500,Sell,235978086
2024-08-30 10:29:19,39050.0,100,Sell,235978087
2024-08-30 10:29:19,39050.0,100,Sell,235978088
2024-08-30 10:29:19,39050.0,500,Sell,235978089
2024-08-30 10:30:12,39100.0,500,Buy,235979008
2024-08-30 10:30:12,39100.0,2500,Buy,235979007
2024-08-30 10:30:12,39100.0,100,Buy,235979005
2024-08-30 10:30:12,39100.0,500,Buy,235979004
2024-08-30 10:30:12,39100.0,300,Buy,235979006
2024-08-30 10:30:51,39100.0,200,Sell,235979497
2024-08-30 10:31:27,39150.0,500,Buy,235980154
2024-08-30 10:31:39,39100.0,5900,Sell,235980318
2024-08-30 10:31:39,39100.0,5000,Sell,235980319
2024-08-30 10:31:39,39100.0,5000,Sell,235980320
2024-08-30 10:31:39,39100.0,1000,Sell,235980321
2024-08-30 10:31:39,39100.0,3100,Sell,235980322
2024-08-30 10:32:24,39100.0,1000,Sell,235981193
2024-08-30 10:33:04,39100.0,900,Sell,235981960
2024-08-30 10:33:28,39100.0,200,Buy,235982339
2024-08-30 10:33:28,39100.0,4100,Buy,235982338
2024-08-30 10:35:04,39100.0,1600,Sell,235984264
2024-08-30 10:35:39,39100.0,200,Sell,235984961
2024-08-30 10:36:08,39100.0,500,Sell,235985452
2024-08-30 10:36:23,39100.0,1500,Sell,235985657
2024-08-30 10:36:35,39100.0,100,Sell,235985856
2024-08-30 10:36:49,39050.0,2400,Sell,235986110
2024-08-30 10:36:49,39050.0,2000,Sell,235986108
2024-08-30 10:36:49,39050.0,700,Sell,235986107
2024-08-30 10:36:49,39050.0,300,Sell,235986109
2024-08-30 10:36:49,39050.0,100,Sell,235986105
2024-08-30 10:36:49,39100.0,500,Sell,235986104
2024-08-30 10:36:49,39100.0,200,Sell,235986103
2024-08-30 10:36:49,39100.0,2800,Sell,235986102
2024-08-30 10:36:49,39050.0,100,Sell,235986106
2024-08-30 10:36:50,39050.0,1000,Sell,235986127
2024-08-30 10:37:21,39050.0,100,Sell,235986690
2024-08-30 10:39:15,39050.0,400,Sell,235988743
2024-08-30 10:39:15,39050.0,100,Sell,235988744
2024-08-30 10:41:28,39050.0,100,Sell,235990749
2024-08-30 10:41:28,39050.0,4900,Sell,235990750
2024-08-30 10:41:39,39050.0,100,Sell,235990897
2024-08-30 10:41:39,39050.0,100,Sell,235990898
2024-08-30 10:41:54,39050.0,100,Sell,235991079
2024-08-30 10:43:08,39050.0,100,Sell,235992373
2024-08-30 10:43:51,39100.0,100,Buy,235993034
2024-08-30 10:47:47,39100.0,300,Buy,235996975
2024-08-30 10:47:47,39100.0,700,Buy,235996974
2024-08-30 10:48:23,39100.0,300,Buy,235997486
2024-08-30 10:48:23,39100.0,200,Buy,235997485
2024-08-30 10:48:23,39100.0,500,Buy,235997487
2024-08-30 10:48:40,39100.0,100,Buy,235997742
2024-08-30 10:49:54,39100.0,1000,Buy,235998899
2024-08-30 10:50:18,39100.0,1200,Buy,235999232
2024-08-30 10:50:30,39100.0,1000,Buy,235999363
2024-08-30 10:50:35,39050.0,100,Sell,235999414
2024-08-30 10:51:17,39100.0,100,Buy,235999905
2024-08-30 10:56:13,39100.0,100,Buy,236003896
2024-08-30 10:56:44,39100.0,3000,Buy,236004210
2024-08-30 10:57:51,39050.0,400,Sell,236005069
2024-08-30 10:57:51,39050.0,100,Sell,236005070
2024-08-30 10:57:51,39050.0,1500,Sell,236005071
2024-08-30 10:57:53,39050.0,200,Sell,236005083
2024-08-30 10:57:53,39050.0,300,Sell,236005082
2024-08-30 10:57:53,39050.0,500,Sell,236005081
2024-08-30 10:58:00,39050.0,800,Sell,236005169
2024-08-30 10:58:00,39050.0,200,Sell,236005170
2024-08-30 10:58:00,39050.0,100,Sell,236005171
2024-08-30 10:58:00,39050.0,200,Sell,236005172
2024-08-30 10:58:00,39050.0,1000,Sell,236005173
2024-08-30 10:59:09,39050.0,500,Buy,236006021
2024-08-30 11:00:12,39000.0,100,Sell,236006708
2024-08-30 11:00:35,39050.0,2000,Buy,236006921
2024-08-30 11:01:13,39050.0,1000,Buy,236007375
2024-08-30 11:01:29,39050.0,2000,Buy,236007518
2024-08-30 11:02:30,39050.0,200,Buy,236008287
2024-08-30 11:04:05,39000.0,1300,Sell,236009475
2024-08-30 11:04:30,39050.0,100,Buy,236009803
2024-08-30 11:06:08,39050.0,500,Buy,236011083
2024-08-30 11:08:04,39000.0,700,Sell,236012548
2024-08-30 11:08:04,39000.0,100,Sell,236012549
2024-08-30 11:08:04,39000.0,300,Sell,236012550
2024-08-30 11:08:19,39050.0,100,Buy,236012713
2024-08-30 11:09:56,39050.0,100,Buy,236014014
2024-08-30 11:09:56,39050.0,500,Buy,236014015
2024-08-30 11:09:56,39050.0,300,Buy,236014012
2024-08-30 11:09:56,39050.0,100,Buy,236014013
2024-08-30 11:09:58,39050.0,1200,Buy,236014041
2024-08-30 11:12:00,39050.0,400,Buy,236015744
2024-08-30 11:12:02,39050.0,900,Buy,236015760
2024-08-30 11:12:02,39050.0,500,Buy,236015761
2024-08-30 11:12:02,39050.0,100,Buy,236015762
2024-08-30 11:12:02,39050.0,500,Buy,236015763
2024-08-30 11:12:36,39050.0,200,Buy,236016261
2024-08-30 11:12:37,39050.0,200,Buy,236016275
2024-08-30 11:12:58,39050.0,900,Buy,236016546
2024-08-30 11:12:58,39050.0,100,Buy,236016545
2024-08-30 11:13:37,39000.0,800,Sell,236016979
2024-08-30 11:13:37,39000.0,200,Sell,236016978
2024-08-30 11:13:39,39050.0,100,Buy,236017003
2024-08-30 11:13:42,39000.0,100,Sell,236017042
2024-08-30 11:15:27,39000.0,100,Sell,236018313
2024-08-30 11:16:13,39000.0,1000,Sell,236018893
2024-08-30 11:16:21,39000.0,1000,Sell,236019009
2024-08-30 11:16:45,39100.0,100,Buy,236019311
2024-08-30 11:17:00,39100.0,100,Buy,236019454
2024-08-30 11:17:47,39050.0,100,Sell,236019929
2024-08-30 11:19:46,39050.0,100,Sell,236021388
2024-08-30 11:20:06,39050.0,4800,Sell,236021616
2024-08-30 11:20:06,39050.0,1300,Sell,236021617
2024-08-30 11:20:06,39050.0,3900,Sell,236021618
2024-08-30 11:20:45,39050.0,1100,Sell,236022072
2024-08-30 11:20:50,39050.0,200,Buy,236022135
2024-08-30 11:22:17,39050.0,500,Buy,236023159
2024-08-30 11:23:16,39050.0,200,Buy,236023721
2024-08-30 11:26:59,39050.0,100,Buy,236026206
2024-08-30 11:27:23,39050.0,500,Buy,236026460
2024-08-30 11:27:54,39050.0,400,Buy,236027065
2024-08-30 11:28:19,39000.0,1300,Sell,236027482
2024-08-30 11:28:19,39000.0,100,Sell,236027481
2024-08-30 11:28:19,39000.0,400,Sell,236027480
2024-08-30 11:28:19,39000.0,1000,Sell,236027479
2024-08-30 11:28:19,39000.0,100,Sell,236027478
2024-08-30 11:28:19,39000.0,5000,Sell,236027477
2024-08-30 11:28:19,39000.0,100,Sell,236027476
2024-08-30 11:28:19,39000.0,2000,Sell,236027472
2024-08-30 11:28:19,39000.0,100,Sell,236027475
2024-08-30 11:28:19,39000.0,700,Sell,236027474
2024-08-30 11:28:19,39000.0,100,Sell,236027473
2024-08-30 11:28:19,39000.0,1500,Sell,236027471
2024-08-30 11:28:19,39000.0,500,Sell,236027465
2024-08-30 11:28:19,39000.0,100,Sell,236027469
2024-08-30 11:28:19,39000.0,2000,Sell,236027458
2024-08-30 11:28:19,39000.0,100,Sell,236027470
2024-08-30 11:28:19,39000.0,100,Sell,236027460
2024-08-30 11:28:19,39000.0,100,Sell,236027461
2024-08-30 11:28:19,39000.0,100,Sell,236027462
2024-08-30 11:28:19,39000.0,100,Sell,236027459
2024-08-30 11:28:19,39000.0,100,Sell,236027466
2024-08-30 11:28:19,39000.0,200,Sell,236027467
2024-08-30 11:28:19,39000.0,1000,Sell,236027468
2024-08-30 11:28:19,39000.0,3000,Sell,236027463
2024-08-30 11:28:19,39000.0,200,Sell,236027464
2024-08-30 11:28:41,39000.0,200,Sell,236027696
2024-08-30 11:29:53,39000.0,500,Sell,236028456
2024-08-30 11:29:53,39000.0,300,Sell,236028457
2024-08-30 11:29:53,39000.0,400,Sell,236028458
2024-08-30 11:29:53,39000.0,900,Sell,236028459
2024-08-30 11:29:53,39000.0,100,Sell,236028460
2024-08-30 12:59:56,39000.0,200,Sell,236029165
2024-08-30 12:59:57,39000.0,100,Sell,236029503
2024-08-30 12:59:58,39000.0,500,Sell,236029617
2024-08-30 12:59:58,39000.0,200,Sell,236029616
2024-08-30 13:00:03,39000.0,1300,Sell,236030554
2024-08-30 13:00:03,39000.0,2200,Sell,236030553
2024-08-30 13:00:04,39050.0,500,Buy,236030618
2024-08-30 13:00:08,39000.0,400,Sell,236031055
2024-08-30 13:00:08,39000.0,200,Sell,236031053
2024-08-30 13:00:08,39000.0,200,Sell,236031054
2024-08-30 13:00:12,39000.0,200,Buy,236031284
2024-08-30 13:00:13,39000.0,200,Buy,236031309
2024-08-30 13:00:14,39000.0,300,Buy,236031408
2024-08-30 13:00:16,39000.0,100,Buy,236031605
2024-08-30 13:01:55,39000.0,3000,Buy,236033696
2024-08-30 13:02:17,39000.0,2000,Buy,236034080
2024-08-30 13:02:20,39000.0,100,Buy,236034117
2024-08-30 13:02:45,39000.0,1300,Buy,236034638
2024-08-30 13:03:54,39000.0,2000,Buy,236035871
2024-08-30 13:04:15,39000.0,18200,Buy,236036309
2024-08-30 13:04:15,39000.0,100,Buy,236036308
2024-08-30 13:04:15,39000.0,1600,Buy,236036306
2024-08-30 13:04:15,39000.0,100,Buy,236036307
2024-08-30 13:04:34,39000.0,1000,Buy,236036620
2024-08-30 13:04:37,39000.0,200,Buy,236036684
2024-08-30 13:04:38,39000.0,600,Buy,236036695
2024-08-30 13:04:38,39000.0,100,Buy,236036696
2024-08-30 13:05:15,39000.0,300,Sell,236037311
2024-08-30 13:07:19,39000.0,100,Sell,236039624
2024-08-30 13:07:19,39000.0,100,Sell,236039625
2024-08-30 13:07:23,39000.0,1100,Sell,236039796
2024-08-30 13:07:23,39000.0,500,Sell,236039794
2024-08-30 13:07:23,39000.0,200,Sell,236039795
2024-08-30 13:07:23,39000.0,2200,Sell,236039792
2024-08-30 13:07:23,39000.0,300,Sell,236039793
2024-08-30 13:07:23,39000.0,200,Sell,236039791
2024-08-30 13:07:54,39000.0,200,Buy,236040426
2024-08-30 13:08:08,39000.0,1500,Buy,236040701
2024-08-30 13:08:15,39000.0,300,Buy,236040827
2024-08-30 13:08:19,39000.0,200,Buy,236040903
2024-08-30 13:08:26,39000.0,700,Buy,236041083
2024-08-30 13:09:16,39000.0,100,Sell,236042217
2024-08-30 13:10:04,39000.0,1200,Sell,236043473
2024-08-30 13:10:04,39000.0,200,Sell,236043474
2024-08-30 13:10:04,39000.0,600,Sell,236043475
2024-08-30 13:10:44,39000.0,400,Sell,236044452
2024-08-30 13:11:54,39050.0,500,Buy,236046053
2024-08-30 13:12:41,39050.0,2000,Buy,236047154
2024-08-30 13:13:09,39050.0,300,Buy,236047730
2024-08-30 13:13:09,39050.0,200,Buy,236047731
2024-08-30 13:13:24,39000.0,100,Sell,236048105
2024-08-30 13:13:30,39050.0,100,Buy,236048247
2024-08-30 13:13:50,39050.0,100,Buy,236048846
2024-08-30 13:14:14,39050.0,900,Buy,236049432
2024-08-30 13:14:30,39050.0,200,Buy,236049742
2024-08-30 13:14:38,39050.0,200,Buy,236049957
2024-08-30 13:14:38,39050.0,1000,Buy,236049956
2024-08-30 13:14:38,39050.0,500,Buy,236049955
2024-08-30 13:14:38,39050.0,500,Buy,236049953
2024-08-30 13:14:38,39050.0,500,Buy,236049952
2024-08-30 13:14:38,39050.0,1000,Buy,236049950
2024-08-30 13:14:38,39050.0,500,Buy,236049954
2024-08-30 13:14:38,39050.0,100,Buy,236049951
2024-08-30 13:14:44,39050.0,1100,Sell,236050088
2024-08-30 13:15:27,39050.0,4200,Buy,236051302
2024-08-30 13:15:29,39050.0,1600,Buy,236051383
2024-08-30 13:15:35,39050.0,300,Buy,236051570
2024-08-30 13:15:42,39050.0,1200,Buy,236051798
2024-08-30 13:15:47,39050.0,900,Buy,236051993
2024-08-30 13:15:49,39050.0,500,Buy,236052128
2024-08-30 13:16:03,39050.0,200,Buy,236052516
2024-08-30 13:16:03,39050.0,2800,Buy,236052517
2024-08-30 13:16:07,39050.0,500,Buy,236052635
2024-08-30 13:16:09,39050.0,400,Buy,236052675
2024-08-30 13:16:25,39050.0,1000,Buy,236053089
2024-08-30 13:16:30,39050.0,300,Buy,236053246
2024-08-30 13:17:25,39050.0,1000,Sell,236054714
2024-08-30 13:17:25,39050.0,1500,Sell,236054715
2024-08-30 13:17:25,39050.0,1700,Sell,236054716
2024-08-30 13:17:25,39050.0,600,Sell,236054717
2024-08-30 13:17:59,39050.0,100,Buy,236055563
2024-08-30 13:18:03,39050.0,400,Buy,236055681
2024-08-30 13:18:10,39050.0,500,Buy,236055913
2024-08-30 13:18:21,39050.0,200,Buy,236056156
2024-08-30 13:18:31,39050.0,800,Sell,236056461
2024-08-30 13:18:31,39050.0,500,Sell,236056462
2024-08-30 13:18:37,39050.0,1600,Buy,236056614
2024-08-30 13:18:47,39050.0,2100,Buy,236056847
2024-08-30 13:18:47,39050.0,500,Buy,236056848
2024-08-30 13:18:47,39050.0,3400,Buy,236056849
2024-08-30 13:18:49,39050.0,1000,Buy,236056902
2024-08-30 13:19:15,39050.0,200,Buy,236057555
2024-08-30 13:19:39,39050.0,200,Buy,236058192
2024-08-30 13:19:45,39050.0,200,Buy,236058380
2024-08-30 13:19:49,39050.0,2000,Sell,236058483
2024-08-30 13:20:55,39050.0,500,Sell,236060271
2024-08-30 13:20:55,39050.0,1500,Sell,236060269
2024-08-30 13:20:55,39050.0,2000,Sell,236060270
2024-08-30 13:20:58,39050.0,500,Buy,236060346
2024-08-30 13:21:07,39050.0,500,Buy,236060615
2024-08-30 13:21:07,39050.0,500,Buy,236060616
2024-08-30 13:21:13,39050.0,100,Buy,236060835
2024-08-30 13:26:40,39050.0,100,Sell,236068671
2024-08-30 13:27:00,39100.0,2500,Buy,236069135
2024-08-30 13:27:06,39050.0,400,Sell,236069247
2024-08-30 13:27:06,39050.0,100,Sell,236069248
2024-08-30 13:27:06,39100.0,1600,Buy,236069258
2024-08-30 13:27:11,39050.0,400,Sell,236069345
2024-08-30 13:27:11,39050.0,20000,Sell,236069344
2024-08-30 13:27:11,39050.0,1700,Sell,236069343
2024-08-30 13:27:11,39050.0,2400,Sell,236069341
2024-08-30 13:27:11,39050.0,5500,Sell,236069342
2024-08-30 13:27:29,39050.0,500,Sell,236069770
2024-08-30 13:27:29,39050.0,600,Sell,236069769
2024-08-30 13:27:30,39050.0,300,Sell,236069785
2024-08-30 13:27:48,39050.0,2000,Sell,236070136
2024-08-30 13:28:05,39050.0,700,Sell,236070462
2024-08-30 13:28:05,39000.0,300,Sell,236070480
2024-08-30 13:28:05,39000.0,900,Sell,236070479
2024-08-30 13:28:05,39000.0,1000,Sell,236070478
2024-08-30 13:28:05,39000.0,1000,Sell,236070477
2024-08-30 13:28:05,39000.0,300,Sell,236070476
2024-08-30 13:28:05,39000.0,1000,Sell,236070475
2024-08-30 13:28:05,39000.0,500,Sell,236070474
2024-08-30 13:28:05,39000.0,400,Sell,236070473
2024-08-30 13:28:05,39050.0,200,Sell,236070461
2024-08-30 13:28:05,39000.0,5000,Sell,236070472
2024-08-30 13:28:05,39000.0,100,Sell,236070470
2024-08-30 13:28:05,39000.0,100,Sell,236070469
2024-08-30 13:28:05,39000.0,500,Sell,236070468
2024-08-30 13:28:05,39000.0,100,Sell,236070467
2024-08-30 13:28:05,39000.0,2000,Sell,236070466
2024-08-30 13:28:05,39000.0,200,Sell,236070465
2024-08-30 13:28:05,39000.0,100,Sell,236070464
2024-08-30 13:28:05,39000.0,100,Sell,236070463
2024-08-30 13:28:05,39000.0,500,Sell,236070471
2024-08-30 13:28:23,39000.0,500,Sell,236070929
2024-08-30 13:28:57,39000.0,1000,Sell,236071645
2024-08-30 13:28:57,39000.0,700,Sell,236071644
2024-08-30 13:29:02,39000.0,200,Buy,236071993
2024-08-30 13:30:15,38950.0,100,Sell,236073611
2024-08-30 13:30:24,39000.0,100,Buy,236073851
2024-08-30 13:31:23,39050.0,700,Buy,236075306
2024-08-30 13:31:26,39000.0,100,Sell,236075375
2024-08-30 13:31:34,39050.0,100,Buy,236075528
2024-08-30 13:32:27,39050.0,500,Buy,236076742
2024-08-30 13:33:08,39050.0,700,Buy,236077637
2024-08-30 13:33:08,39050.0,300,Buy,236077638
2024-08-30 13:33:08,39050.0,3000,Buy,236077639
2024-08-30 13:34:41,39050.0,1100,Buy,236079754
2024-08-30 13:37:11,39000.0,200,Sell,236082836
2024-08-30 13:37:11,39000.0,500,Sell,236082835
2024-08-30 13:37:11,39000.0,300,Sell,236082834
2024-08-30 13:38:05,39000.0,100,Sell,236083910
2024-08-30 13:38:08,39000.0,100,Sell,236083984
2024-08-30 13:38:26,39000.0,100,Sell,236084401
2024-08-30 13:39:09,39000.0,800,Sell,236085293
2024-08-30 13:39:23,39000.0,100,Sell,236085520
2024-08-30 13:39:26,39000.0,100,Sell,236085564
2024-08-30 13:39:26,39000.0,200,Sell,236085565
2024-08-30 13:39:49,39000.0,2000,Sell,236086048
2024-08-30 13:39:54,39000.0,100,Sell,236086190
2024-08-30 13:39:54,39000.0,2000,Sell,236086188
2024-08-30 13:39:54,39000.0,500,Sell,236086189
2024-08-30 13:40:08,38950.0,4100,Sell,236086421
2024-08-30 13:40:08,38950.0,900,Sell,236086420
2024-08-30 13:40:28,39000.0,3000,Buy,236087038
2024-08-30 13:40:42,39000.0,2100,Buy,236087455
2024-08-30 13:40:47,39000.0,200,Buy,236087596
2024-08-30 13:41:39,39000.0,100,Buy,236088650
2024-08-30 13:42:26,39000.0,100,Buy,236089830
2024-08-30 13:42:52,39000.0,1000,Buy,236090417
2024-08-30 13:43:44,38950.0,700,Sell,236091563
2024-08-30 13:44:02,38950.0,18700,Sell,236092048
2024-08-30 13:44:11,38950.0,400,Sell,236092233
2024-08-30 13:44:19,38950.0,100,Sell,236092367
2024-08-30 13:44:36,38950.0,10000,Sell,236092759
2024-08-30 13:44:37,38950.0,600,Sell,236092796
2024-08-30 13:44:40,38950.0,8600,Sell,236092860
2024-08-30 13:44:47,38950.0,6800,Sell,236092976
2024-08-30 13:44:47,38950.0,200,Sell,236092977
2024-08-30 13:44:47,38950.0,100,Sell,236092978
2024-08-30 13:44:47,38950.0,2000,Sell,236092979
2024-08-30 13:44:47,38950.0,900,Sell,236092981
2024-08-30 13:44:49,38950.0,500,Sell,236093028
2024-08-30 13:44:49,38950.0,200,Sell,236093030
2024-08-30 13:44:49,38950.0,100,Sell,236093026
2024-08-30 13:44:49,38950.0,100,Sell,236093027
2024-08-30 13:44:49,38950.0,500,Sell,236093029
2024-08-30 13:44:49,38950.0,100,Sell,236093025
2024-08-30 13:44:58,38950.0,300,Sell,236093277
2024-08-30 13:44:58,38950.0,100,Sell,236093278
2024-08-30 13:44:58,38950.0,100,Sell,236093279
2024-08-30 13:45:03,38950.0,900,Sell,236093376
2024-08-30 13:45:03,38950.0,100,Sell,236093377
2024-08-30 13:45:03,38950.0,1000,Sell,236093378
2024-08-30 13:45:54,38950.0,4000,Buy,236094548
2024-08-30 13:46:04,38950.0,1000,Buy,236094740
2024-08-30 13:46:06,38900.0,800,Sell,236094858
2024-08-30 13:46:41,38950.0,300,Buy,236095558
2024-08-30 13:46:51,38950.0,200,Buy,236095736
2024-08-30 13:46:55,38950.0,400,Buy,236095810
2024-08-30 13:47:27,38950.0,100,Buy,236096569
2024-08-30 13:47:27,38950.0,1600,Buy,236096570
2024-08-30 13:47:27,38950.0,300,Buy,236096568
2024-08-30 13:48:18,38950.0,200,Buy,236097920
2024-08-30 13:48:25,38950.0,100,Buy,236098120
2024-08-30 13:48:27,38950.0,100,Buy,236098198
2024-08-30 13:48:27,38950.0,200,Buy,236098199
2024-08-30 13:48:46,38950.0,200,Sell,236098795
2024-08-30 13:49:31,38950.0,200,Sell,236099884
2024-08-30 13:49:31,38950.0,800,Sell,236099885
2024-08-30 13:50:04,38950.0,100,Sell,236100756
2024-08-30 13:50:16,39000.0,1000,Buy,236101005
2024-08-30 13:50:49,38950.0,400,Sell,236101670
2024-08-30 13:50:49,38950.0,1600,Sell,236101671
2024-08-30 13:51:47,38950.0,100,Sell,236102952
2024-08-30 13:51:49,38950.0,100,Sell,236102998
2024-08-30 13:51:49,38950.0,300,Sell,236102997
2024-08-30 13:51:49,38950.0,100,Sell,236102999
2024-08-30 13:52:41,38950.0,9800,Sell,236104275
2024-08-30 13:52:41,38950.0,100,Sell,236104273
2024-08-30 13:52:41,38950.0,100,Sell,236104274
2024-08-30 13:53:40,38950.0,1000,Sell,236105527
2024-08-30 13:53:40,38950.0,200,Sell,236105525
2024-08-30 13:53:40,38950.0,5000,Sell,236105526
2024-08-30 13:53:41,38900.0,200,Sell,236105566
2024-08-30 13:54:21,38950.0,800,Buy,236106414
2024-08-30 13:54:21,38950.0,300,Buy,236106415
2024-08-30 13:54:21,38950.0,200,Buy,236106416
2024-08-30 13:54:21,38950.0,100,Buy,236106417
2024-08-30 13:54:37,38950.0,800,Sell,236106693
2024-08-30 13:54:39,39000.0,1000,Buy,236106729
2024-08-30 13:54:50,38950.0,7800,Sell,236106929
2024-08-30 13:55:15,38950.0,800,Buy,236107476
2024-08-30 13:55:15,38950.0,2200,Buy,236107474
2024-08-30 13:55:15,38950.0,2000,Buy,236107475
2024-08-30 13:55:35,38950.0,100,Buy,236107901
2024-08-30 13:55:40,38950.0,100,Buy,236108018
2024-08-30 13:55:51,38950.0,100,Sell,236108247
2024-08-30 13:55:51,38950.0,100,Sell,236108248
2024-08-30 13:55:51,38950.0,500,Sell,236108249
2024-08-30 13:55:59,38950.0,500,Buy,236108408
2024-08-30 13:56:25,38950.0,200,Buy,236108987
2024-08-30 13:56:32,38900.0,200,Sell,236109130
2024-08-30 13:56:32,38900.0,100,Sell,236109129
2024-08-30 13:56:40,38900.0,500,Sell,236109323
2024-08-30 13:56:40,38900.0,1200,Sell,236109322
2024-08-30 13:56:40,38900.0,200,Sell,236109319
2024-08-30 13:56:40,38900.0,100,Sell,236109320
2024-08-30 13:56:40,38900.0,1000,Sell,236109321
2024-08-30 13:57:00,38950.0,100,Buy,236109880
2024-08-30 13:57:15,38950.0,400,Buy,236110194
2024-08-30 13:58:31,38950.0,500,Buy,236111904
2024-08-30 13:58:31,38950.0,200,Buy,236111903
2024-08-30 13:58:31,38950.0,100,Buy,236111905
2024-08-30 13:58:31,38950.0,500,Buy,236111901
2024-08-30 13:58:31,38950.0,8100,Buy,236111896
2024-08-30 13:58:31,38950.0,100,Buy,236111902
2024-08-30 13:58:49,38950.0,1000,Sell,236112209
2024-08-30 13:58:49,38950.0,100,Sell,236112235
2024-08-30 13:59:17,39000.0,300,Buy,236112879
2024-08-30 13:59:19,38950.0,500,Sell,236112909
2024-08-30 13:59:19,38950.0,1000,Sell,236112910
2024-08-30 13:59:19,38950.0,200,Sell,236112911
2024-08-30 13:59:19,38950.0,300,Sell,236112912
2024-08-30 13:59:30,38950.0,200,Sell,236113175
2024-08-30 13:59:50,38950.0,500,Sell,236113630
2024-08-30 14:00:15,38900.0,100,Sell,236114136
2024-08-30 14:00:15,38900.0,2000,Sell,236114137
2024-08-30 14:00:15,38900.0,500,Sell,236114134
2024-08-30 14:00:15,38900.0,100,Sell,236114133
2024-08-30 14:00:15,38900.0,1000,Sell,236114132
2024-08-30 14:00:15,38900.0,300,Sell,236114135
2024-08-30 14:00:43,38900.0,1000,Sell,236114738
2024-08-30 14:00:43,38900.0,1000,Sell,236114739
2024-08-30 14:00:55,38900.0,100,Sell,236114982
2024-08-30 14:00:55,38900.0,3000,Sell,236114981
2024-08-30 14:00:55,38900.0,500,Sell,236114979
2024-08-30 14:00:55,38900.0,2000,Sell,236114977
2024-08-30 14:00:55,38900.0,200,Sell,236114976
2024-08-30 14:00:55,38900.0,1000,Sell,236114978
2024-08-30 14:00:55,38900.0,1000,Sell,236114974
2024-08-30 14:00:55,38900.0,1000,Sell,236114973
2024-08-30 14:00:55,38900.0,13000,Sell,236114972
2024-08-30 14:00:55,38900.0,3000,Sell,236114971
2024-08-30 14:00:55,38900.0,100,Sell,236114970
2024-08-30 14:00:55,38900.0,100,Sell,236114975
2024-08-30 14:01:16,38900.0,500,Sell,236115428
2024-08-30 14:02:41,38900.0,800,Sell,236117358
2024-08-30 14:02:41,38900.0,100,Sell,236117359
2024-08-30 14:02:41,38900.0,200,Sell,236117360
2024-08-30 14:02:41,38900.0,1000,Sell,236117361
2024-08-30 14:02:41,38900.0,900,Sell,236117362
2024-08-30 14:02:46,38950.0,800,Buy,236117508
2024-08-30 14:02:46,38900.0,900,Sell,236117514
2024-08-30 14:03:23,38950.0,700,Buy,236118523
2024-08-30 14:03:23,38950.0,200,Buy,236118521
2024-08-30 14:03:23,38950.0,100,Buy,236118522
2024-08-30 14:03:39,38900.0,200,Sell,236118976
2024-08-30 14:03:53,38950.0,300,Buy,236119367
2024-08-30 14:03:58,38950.0,100,Sell,236119516
2024-08-30 14:04:31,38950.0,100,Sell,236120486
2024-08-30 14:04:31,38950.0,200,Sell,236120487
2024-08-30 14:05:24,38950.0,1000,Buy,236122091
2024-08-30 14:05:38,38950.0,500,Buy,236122409
2024-08-30 14:05:40,38900.0,1000,Sell,236122496
2024-08-30 14:06:12,38900.0,2000,Sell,236123433
2024-08-30 14:06:46,38900.0,3000,Sell,236124350
2024-08-30 14:06:58,38900.0,900,Sell,236124651
2024-08-30 14:07:07,38900.0,300,Sell,236124875
2024-08-30 14:07:07,38900.0,1000,Sell,236124874
2024-08-30 14:07:07,38900.0,1000,Sell,236124873
2024-08-30 14:07:07,38900.0,100,Sell,236124872
2024-08-30 14:07:07,38900.0,2800,Sell,236124866
2024-08-30 14:07:07,38900.0,1400,Sell,236124870
2024-08-30 14:07:07,38900.0,200,Sell,236124869
2024-08-30 14:07:07,38900.0,3000,Sell,236124868
2024-08-30 14:07:07,38900.0,200,Sell,236124867
2024-08-30 14:07:07,38900.0,100,Sell,236124871
2024-08-30 14:07:14,38900.0,400,Buy,236125064
2024-08-30 14:07:30,38900.0,1000,Buy,236125521
2024-08-30 14:07:30,38900.0,500,Buy,236125520
2024-08-30 14:07:41,38900.0,500,Buy,236125767
2024-08-30 14:07:59,38900.0,100,Sell,236126385
2024-08-30 14:07:59,38900.0,200,Sell,236126384
2024-08-30 14:08:18,38900.0,200,Buy,236126984
2024-08-30 14:08:18,38900.0,100,Buy,236126985
2024-08-30 14:08:22,38900.0,200,Sell,236127067
2024-08-30 14:08:22,38900.0,100,Sell,236127068
2024-08-30 14:08:30,38900.0,7200,Buy,236127287
2024-08-30 14:08:30,38900.0,3000,Buy,236127288
2024-08-30 14:08:32,38900.0,300,Sell,236127343
2024-08-30 14:08:49,38900.0,3000,Sell,236127740
2024-08-30 14:08:51,38900.0,3500,Sell,236127811
2024-08-30 14:09:01,38900.0,700,Buy,236128063
2024-08-30 14:09:03,38900.0,500,Buy,236128109
2024-08-30 14:09:07,38850.0,4600,Sell,236128195
2024-08-30 14:09:07,38850.0,500,Sell,236128193
2024-08-30 14:09:07,38850.0,100,Sell,236128194
2024-08-30 14:09:07,38850.0,200,Sell,236128192
2024-08-30 14:09:07,38850.0,300,Sell,236128188
2024-08-30 14:09:07,38850.0,100,Sell,236128190
2024-08-30 14:09:07,38850.0,100,Sell,236128189
2024-08-30 14:09:07,38850.0,200,Sell,236128173
2024-08-30 14:09:07,38850.0,100,Sell,236128191
2024-08-30 14:09:09,38850.0,400,Sell,236128239
2024-08-30 14:09:09,38850.0,200,Sell,236128240
2024-08-30 14:09:09,38850.0,200,Sell,236128241
2024-08-30 14:09:09,38850.0,200,Sell,236128242
2024-08-30 14:09:12,38900.0,100,Buy,236128379
2024-08-30 14:09:49,38850.0,100,Sell,236129748
2024-08-30 14:09:49,38850.0,1000,Sell,236129746
2024-08-30 14:09:49,38850.0,200,Sell,236129747
2024-08-30 14:09:49,38850.0,1000,Sell,236129745
2024-08-30 14:10:28,38850.0,100,Sell,236130856
2024-08-30 14:10:28,38850.0,400,Sell,236130857
2024-08-30 14:10:28,38850.0,600,Sell,236130858
2024-08-30 14:10:31,38850.0,2800,Sell,236130899
2024-08-30 14:10:37,38850.0,1000,Sell,236131038
2024-08-30 14:10:42,38850.0,600,Sell,236131153
2024-08-30 14:10:42,38850.0,600,Sell,236131154
2024-08-30 14:11:01,38850.0,1400,Sell,236131804
2024-08-30 14:11:01,38850.0,200,Sell,236131805
2024-08-30 14:11:20,38750.0,1000,Sell,236132623
2024-08-30 14:11:20,38750.0,2000,Sell,236132622
2024-08-30 14:11:20,38800.0,1000,Sell,236132619
2024-08-30 14:11:20,38800.0,300,Sell,236132620
2024-08-30 14:11:20,38750.0,100,Sell,236132624
2024-08-30 14:11:20,38800.0,100,Sell,236132621
2024-08-30 14:11:20,38750.0,5000,Sell,236132625
2024-08-30 14:11:20,38750.0,200,Sell,236132630
2024-08-30 14:11:20,38750.0,200,Sell,236132627
2024-08-30 14:11:20,38750.0,100,Sell,236132628
2024-08-30 14:11:20,38750.0,2000,Sell,236132629
2024-08-30 14:11:20,38750.0,2200,Sell,236132631
2024-08-30 14:11:20,38750.0,1000,Sell,236132632
2024-08-30 14:11:20,38750.0,500,Sell,236132633
2024-08-30 14:11:20,38750.0,200,Sell,236132626
2024-08-30 14:11:20,38800.0,500,Sell,236132618
2024-08-30 14:11:20,38800.0,500,Sell,236132612
2024-08-30 14:11:20,38800.0,200,Sell,236132616
2024-08-30 14:11:20,38800.0,300,Sell,236132617
2024-08-30 14:11:20,38800.0,100,Sell,236132600
2024-08-30 14:11:20,38800.0,200,Sell,236132601
2024-08-30 14:11:20,38800.0,100,Sell,236132602
2024-08-30 14:11:20,38800.0,500,Sell,236132603
2024-08-30 14:11:20,38800.0,100,Sell,236132604
2024-08-30 14:11:20,38800.0,200,Sell,236132605
2024-08-30 14:11:20,38800.0,500,Sell,236132606
2024-08-30 14:11:20,38800.0,1000,Sell,236132611
2024-08-30 14:11:20,38800.0,500,Sell,236132608
2024-08-30 14:11:20,38800.0,2000,Sell,236132609
2024-08-30 14:11:20,38800.0,500,Sell,236132610
2024-08-30 14:11:20,38800.0,8000,Sell,236132607
2024-08-30 14:11:20,38800.0,200,Sell,236132613
2024-08-30 14:11:20,38800.0,100,Sell,236132614
2024-08-30 14:11:20,38800.0,3800,Sell,236132615
2024-08-30 14:11:28,38750.0,1000,Buy,236132800
2024-08-30 14:11:31,38750.0,100,Buy,236132870
2024-08-30 14:11:37,38750.0,3700,Buy,236133074
2024-08-30 14:11:37,38750.0,200,Buy,236133075
2024-08-30 14:11:43,38750.0,300,Sell,236133260
2024-08-30 14:11:45,38750.0,200,Sell,236133331
2024-08-30 14:11:59,38750.0,500,Sell,236133792
2024-08-30 14:12:01,38750.0,100,Sell,236133873
2024-08-30 14:12:21,38800.0,400,Buy,236134503
2024-08-30 14:12:50,38800.0,1000,Buy,236135587
2024-08-30 14:12:54,38800.0,900,Buy,236135646
2024-08-30 14:12:57,38750.0,100,Sell,236135758
2024-08-30 14:13:05,38750.0,900,Sell,236136071
2024-08-30 14:13:05,38750.0,100,Sell,236136072
2024-08-30 14:13:08,38800.0,400,Buy,236136166
2024-08-30 14:13:11,38800.0,1000,Buy,236136258
2024-08-30 14:13:13,38800.0,2100,Buy,236136331
2024-08-30 14:13:13,38800.0,900,Buy,236136332
2024-08-30 14:13:22,38800.0,900,Buy,236136678
2024-08-30 14:13:27,38800.0,1900,Buy,236136848
2024-08-30 14:13:27,38800.0,1500,Buy,236136849
2024-08-30 14:13:30,38800.0,1200,Sell,236136951
2024-08-30 14:13:30,38800.0,500,Sell,236136974
2024-08-30 14:13:30,38800.0,400,Sell,236136973
2024-08-30 14:14:12,38800.0,200,Buy,236138739
2024-08-30 14:14:15,38800.0,100,Buy,236138959
2024-08-30 14:14:30,38800.0,200,Buy,236139507
2024-08-30 14:14:31,38800.0,300,Buy,236139548
2024-08-30 14:14:31,38800.0,1700,Buy,236139549
2024-08-30 14:15:47,38750.0,500,Sell,236142857
2024-08-30 14:15:50,38800.0,2000,Buy,236143000
2024-08-30 14:16:28,38750.0,100,Sell,236144600
2024-08-30 14:16:42,38750.0,300,Sell,236145187
2024-08-30 14:16:42,38750.0,100,Sell,236145185
2024-08-30 14:16:42,38750.0,200,Sell,236145186
2024-08-30 14:16:54,38750.0,200,Sell,236145600
2024-08-30 14:16:54,38750.0,500,Sell,236145601
2024-08-30 14:16:58,38750.0,400,Sell,236145754
2024-08-30 14:16:58,38750.0,1500,Sell,236145751
2024-08-30 14:16:58,38750.0,100,Sell,236145752
2024-08-30 14:16:58,38750.0,300,Sell,236145753
2024-08-30 14:17:00,38750.0,600,Sell,236145808
2024-08-30 14:17:00,38750.0,400,Sell,236145809
2024-08-30 14:17:03,38750.0,100,Sell,236146042
2024-08-30 14:17:03,38750.0,100,Sell,236146074
2024-08-30 14:17:03,38750.0,300,Sell,236146075
2024-08-30 14:17:04,38750.0,400,Sell,236146109
2024-08-30 14:17:04,38750.0,1700,Sell,236146106
2024-08-30 14:17:04,38750.0,100,Sell,236146107
2024-08-30 14:17:04,38750.0,800,Sell,236146108
2024-08-30 14:17:16,38750.0,600,Sell,236146534
2024-08-30 14:17:16,38750.0,300,Sell,236146535
2024-08-30 14:17:22,38750.0,3200,Sell,236146729
2024-08-30 14:17:22,38750.0,1800,Sell,236146730
2024-08-30 14:17:27,38750.0,200,Sell,236146872
2024-08-30 14:17:28,38750.0,4000,Sell,236146915
2024-08-30 14:17:28,38750.0,400,Sell,236146916
2024-08-30 14:17:34,38750.0,500,Sell,236147219
2024-08-30 14:17:36,38750.0,200,Sell,236147278
2024-08-30 14:17:40,38750.0,100,Sell,236147390
2024-08-30 14:17:40,38750.0,400,Sell,236147389
2024-08-30 14:17:45,38750.0,400,Sell,236147557
2024-08-30 14:17:45,38750.0,300,Sell,236147558
2024-08-30 14:17:49,38750.0,1000,Sell,236147711
2024-08-30 14:17:58,38750.0,200,Sell,236148084
2024-08-30 14:17:58,38750.0,2000,Sell,236148085
2024-08-30 14:17:58,38750.0,1000,Sell,236148086
2024-08-30 14:17:58,38750.0,100,Sell,236148087
2024-08-30 14:17:58,38750.0,1000,Sell,236148088
2024-08-30 14:17:58,38750.0,700,Sell,236148089
2024-08-30 14:18:13,38750.0,300,Sell,236148578
2024-08-30 14:18:18,38750.0,100,Buy,236148750
2024-08-30 14:18:21,38750.0,600,Buy,236148878
2024-08-30 14:18:23,38750.0,500,Buy,236148930
2024-08-30 14:18:25,38750.0,400,Buy,236148992
2024-08-30 14:18:45,38750.0,1000,Buy,236149681
2024-08-30 14:18:49,38750.0,200,Buy,236149903
2024-08-30 14:18:56,38750.0,900,Buy,236150088
2024-08-30 14:18:56,38750.0,1100,Buy,236150089
2024-08-30 14:19:04,38750.0,600,Buy,236150366
2024-08-30 14:19:04,38750.0,300,Buy,236150367
2024-08-30 14:19:04,38750.0,500,Buy,236150368
2024-08-30 14:19:04,38750.0,100,Buy,236150369
2024-08-30 14:19:30,38750.0,200,Sell,236151372
2024-08-30 14:19:30,38750.0,500,Sell,236151371
2024-08-30 14:19:56,38750.0,500,Sell,236152366
2024-08-30 14:20:09,38750.0,500,Sell,236152844
2024-08-30 14:20:17,38750.0,100,Sell,236153104
2024-08-30 14:20:19,38800.0,5000,Buy,236153268
2024-08-30 14:20:23,38750.0,100,Sell,236153468
2024-08-30 14:20:27,38750.0,600,Sell,236153654
2024-08-30 14:20:27,38750.0,500,Sell,236153660
2024-08-30 14:21:12,38750.0,100,Sell,236155656
2024-08-30 14:21:27,38750.0,200,Sell,236156162
2024-08-30 14:21:27,38750.0,200,Sell,236156163
2024-08-30 14:22:14,38750.0,800,Sell,236157872
2024-08-30 14:22:14,38750.0,6200,Sell,236157874
2024-08-30 14:22:14,38750.0,100,Sell,236157870
2024-08-30 14:22:14,38750.0,600,Sell,236157869
2024-08-30 14:22:14,38750.0,200,Sell,236157871
2024-08-30 14:22:14,38750.0,100,Sell,236157873
2024-08-30 14:22:22,38750.0,1000,Sell,236158093
2024-08-30 14:22:25,38750.0,500,Sell,236158205
2024-08-30 14:22:29,38750.0,100,Sell,236158335
2024-08-30 14:22:44,38750.0,1200,Sell,236158839
2024-08-30 14:22:44,38750.0,1000,Sell,236158840
2024-08-30 14:22:44,38750.0,1100,Sell,236158841
2024-08-30 14:22:44,38750.0,700,Sell,236158842
2024-08-30 14:22:44,38750.0,400,Sell,236158843
2024-08-30 14:23:03,38800.0,4600,Buy,236159658
2024-08-30 14:23:15,38800.0,2800,Buy,236160258
2024-08-30 14:23:15,38800.0,6700,Buy,236160256
2024-08-30 14:23:15,38800.0,500,Buy,236160257
2024-08-30 14:23:20,38800.0,2000,Buy,236160444
2024-08-30 14:23:31,38750.0,900,Sell,236160827
2024-08-30 14:23:31,38750.0,200,Sell,236160829
2024-08-30 14:23:31,38750.0,300,Sell,236160830
2024-08-30 14:23:31,38750.0,1000,Sell,236160831
2024-08-30 14:23:31,38750.0,200,Sell,236160832
2024-08-30 14:23:31,38750.0,5000,Sell,236160833
2024-08-30 14:23:31,38750.0,500,Sell,236160834
2024-08-30 14:23:31,38750.0,5000,Sell,236160835
2024-08-30 14:23:34,38750.0,100,Buy,236160968
2024-08-30 14:23:35,38750.0,4800,Buy,236160998
2024-08-30 14:23:51,38750.0,200,Sell,236161767
2024-08-30 14:23:51,38750.0,200,Sell,236161766
2024-08-30 14:23:55,38750.0,500,Buy,236161930
2024-08-30 14:23:58,38750.0,200,Buy,236162070
2024-08-30 14:24:14,38750.0,800,Buy,236162840
2024-08-30 14:24:14,38750.0,200,Buy,236162841
2024-08-30 14:24:15,38750.0,1000,Buy,236162924
2024-08-30 14:24:17,38750.0,100,Buy,236163002
2024-08-30 14:24:17,38750.0,400,Buy,236163017
2024-08-30 14:24:30,38750.0,100,Buy,236163799
2024-08-30 14:24:31,38750.0,1000,Buy,236163898
2024-08-30 14:24:32,38750.0,200,Buy,236163951
2024-08-30 14:24:32,38750.0,100,Buy,236163952
2024-08-30 14:24:43,38750.0,100,Sell,236164830
2024-08-30 14:24:43,38750.0,400,Sell,236164831
2024-08-30 14:25:11,38750.0,100,Sell,236166767
2024-08-30 14:25:11,38700.0,10000,Sell,236166777
2024-08-30 14:25:11,38700.0,1000,Sell,236166775
2024-08-30 14:25:11,38700.0,100,Sell,236166774
2024-08-30 14:25:11,38750.0,1900,Sell,236166773
2024-08-30 14:25:11,38700.0,100,Sell,236166776
2024-08-30 14:25:11,38750.0,100,Sell,236166771
2024-08-30 14:25:11,38750.0,300,Sell,236166770
2024-08-30 14:25:11,38750.0,5000,Sell,236166769
2024-08-30 14:25:11,38750.0,100,Sell,236166768
2024-08-30 14:25:11,38750.0,800,Sell,236166772
2024-08-30 14:25:12,38700.0,100,Sell,236166796
2024-08-30 14:25:12,38700.0,1400,Sell,236166803
2024-08-30 14:25:12,38700.0,1000,Sell,236166802
2024-08-30 14:25:12,38700.0,100,Sell,236166801
2024-08-30 14:25:12,38700.0,100,Sell,236166800
2024-08-30 14:25:12,38700.0,1000,Sell,236166798
2024-08-30 14:25:12,38700.0,1200,Sell,236166797
2024-08-30 14:25:12,38700.0,100,Sell,236166795
2024-08-30 14:25:12,38700.0,500,Sell,236166799
2024-08-30 14:25:12,38700.0,100,Sell,236166793
2024-08-30 14:25:12,38700.0,5000,Sell,236166792
2024-08-30 14:25:12,38700.0,2500,Sell,236166791
2024-08-30 14:25:12,38700.0,500,Sell,236166790
2024-08-30 14:25:12,38700.0,200,Sell,236166789
2024-08-30 14:25:12,38700.0,100,Sell,236166788
2024-08-30 14:25:12,38700.0,100,Sell,236166787
2024-08-30 14:25:12,38700.0,200,Sell,236166786
2024-08-30 14:25:12,38700.0,100,Sell,236166794
2024-08-30 14:25:22,38750.0,100,Sell,236167369
2024-08-30 14:25:23,38750.0,200,Sell,236167534
2024-08-30 14:25:34,38750.0,700,Sell,236168311
2024-08-30 14:25:34,38750.0,2300,Sell,236168312
2024-08-30 14:26:06,38800.0,500,Buy,236170196
2024-08-30 14:26:06,38800.0,200,Buy,236170195
2024-08-30 14:26:06,38800.0,100,Buy,236170193
2024-08-30 14:26:06,38800.0,1100,Buy,236170192
2024-08-30 14:26:06,38800.0,100,Buy,236170194
2024-08-30 14:26:16,38800.0,1000,Buy,236170902
2024-08-30 14:26:16,38800.0,300,Buy,236170903
2024-08-30 14:26:16,38800.0,100,Buy,236170904
2024-08-30 14:26:16,38800.0,100,Buy,236170905
2024-08-30 14:26:16,38800.0,200,Sell,236170951
2024-08-30 14:26:17,38800.0,2000,Sell,236171018
2024-08-30 14:26:22,38750.0,400,Sell,236171350
2024-08-30 14:26:22,38750.0,200,Sell,236171349
2024-08-30 14:26:22,38750.0,100,Sell,236171348
2024-08-30 14:26:22,38750.0,500,Sell,236171346
2024-08-30 14:26:22,38750.0,100,Sell,236171347
2024-08-30 14:26:22,38750.0,100,Sell,236171344
2024-08-30 14:26:22,38800.0,1300,Sell,236171340
2024-08-30 14:26:22,38800.0,100,Sell,236171341
2024-08-30 14:26:22,38750.0,100,Sell,236171345
2024-08-30 14:26:22,38750.0,500,Sell,236171343
2024-08-30 14:26:22,38750.0,1600,Sell,236171342
2024-08-30 14:26:47,38800.0,100,Buy,236172760
2024-08-30 14:26:56,38800.0,100,Buy,236173389
2024-08-30 14:27:03,38750.0,100,Sell,236173920
2024-08-30 14:27:07,38750.0,100,Sell,236174099
2024-08-30 14:27:07,38750.0,300,Sell,236174100
2024-08-30 14:27:07,38750.0,100,Sell,236174101
2024-08-30 14:27:26,38750.0,5000,Sell,236175423
2024-08-30 14:27:29,38750.0,100,Sell,236175639
2024-08-30 14:27:29,38750.0,100,Sell,236175640
2024-08-30 14:27:30,38750.0,100,Sell,236175674
2024-08-30 14:27:30,38750.0,100,Sell,236175673
2024-08-30 14:27:34,38750.0,500,Sell,236175951
2024-08-30 14:27:40,38750.0,100,Sell,236176184
2024-08-30 14:27:40,38750.0,100,Sell,236176185
2024-08-30 14:27:40,38750.0,500,Sell,236176186
2024-08-30 14:27:44,38750.0,2400,Sell,236176381
2024-08-30 14:27:44,38750.0,100,Sell,236176382
2024-08-30 14:27:45,38750.0,100,Buy,236176486
2024-08-30 14:27:45,38750.0,3500,Buy,236176485
2024-08-30 14:28:05,38750.0,900,Buy,236177797
2024-08-30 14:28:05,38750.0,200,Buy,236177795
2024-08-30 14:28:05,38750.0,200,Buy,236177796
2024-08-30 14:28:09,38750.0,700,Sell,236177965
2024-08-30 14:28:09,38700.0,4600,Sell,236177966
2024-08-30 14:28:09,38700.0,200,Sell,236177967
2024-08-30 14:28:09,38700.0,500,Sell,236177968
2024-08-30 14:28:09,38700.0,3000,Sell,236177969
2024-08-30 14:28:09,38700.0,200,Sell,236177970
2024-08-30 14:28:09,38700.0,600,Sell,236177971
2024-08-30 14:28:09,38700.0,100,Sell,236177972
2024-08-30 14:28:09,38700.0,100,Sell,236177973
2024-08-30 14:28:20,38750.0,1000,Buy,236178860
2024-08-30 14:28:20,38750.0,1000,Buy,236178893
2024-08-30 14:28:40,38750.0,1000,Buy,236180089
2024-08-30 14:28:50,38700.0,500,Sell,236180995
2024-08-30 14:28:58,38750.0,1500,Buy,236181583
2024-08-30 14:28:58,38750.0,100,Buy,236181582
2024-08-30 14:29:02,38700.0,100,Sell,236181834
2024-08-30 14:29:07,38750.0,800,Buy,236182148
2024-08-30 14:29:20,38700.0,300,Sell,236183245
2024-08-30 14:29:22,38750.0,500,Buy,236183379
2024-08-30 14:29:22,38750.0,2000,Buy,236183409
2024-08-30 14:29:26,38750.0,100,Buy,236183704
2024-08-30 14:29:28,38750.0,100,Buy,236183931
2024-08-30 14:29:32,38750.0,900,Sell,236184114
2024-08-30 14:29:34,38750.0,1600,Buy,236184214
2024-08-30 14:29:39,38750.0,200,Sell,236184421
2024-08-30 14:44:56,38650.0,165900,ATO/ATC,236186282
