time,price,volume,match_type,id
2024-08-29 09:14:57,38950.0,6400,ATO/ATC,235599487
2024-08-29 09:17:01,38800.0,100,Sell,235601612
2024-08-29 09:17:01,38800.0,100,Sell,235601613
2024-08-29 09:17:23,38850.0,200,Sell,235602048
2024-08-29 09:17:23,38800.0,600,Sell,235602049
2024-08-29 09:17:44,38800.0,1000,Sell,235602490
2024-08-29 09:18:14,38750.0,100,Sell,235603056
2024-08-29 09:18:14,38750.0,400,Sell,235603057
2024-08-29 09:18:14,38700.0,100,Sell,235603058
2024-08-29 09:18:14,38800.0,400,Sell,235603055
2024-08-29 09:19:01,38750.0,1000,Sell,235603974
2024-08-29 09:19:16,38750.0,200,Sell,235604315
2024-08-29 09:19:37,38750.0,100,Sell,235604809
2024-08-29 09:20:38,38750.0,1000,Sell,235606212
2024-08-29 09:21:20,38800.0,2000,Buy,235607073
2024-08-29 09:21:59,38800.0,1000,Sell,235607894
2024-08-29 09:22:06,38800.0,100,Sell,235608098
2024-08-29 09:23:27,38800.0,1000,Sell,235610092
2024-08-29 09:23:48,38800.0,1800,Sell,235610610
2024-08-29 09:23:48,38800.0,200,Sell,235610611
2024-08-29 09:24:16,38800.0,100,Sell,235611482
2024-08-29 09:24:49,38800.0,500,Sell,235612494
2024-08-29 09:24:56,38800.0,4200,Sell,235612729
2024-08-29 09:24:57,38800.0,1400,Sell,235612730
2024-08-29 09:25:00,38750.0,500,Sell,235612865
2024-08-29 09:25:00,38750.0,100,Sell,235612866
2024-08-29 09:26:09,38750.0,100,Sell,235614996
2024-08-29 09:26:12,38750.0,200,Sell,235615066
2024-08-29 09:26:42,38750.0,700,Sell,235615892
2024-08-29 09:26:42,38750.0,700,Sell,235615893
2024-08-29 09:26:42,38750.0,100,Sell,235615894
2024-08-29 09:26:42,38750.0,500,Sell,235615895
2024-08-29 09:26:42,38750.0,1000,Sell,235615896
2024-08-29 09:26:42,38750.0,1000,Sell,235615897
2024-08-29 09:26:42,38750.0,200,Sell,235615898
2024-08-29 09:27:21,38750.0,400,Buy,235616843
2024-08-29 09:27:21,38750.0,100,Buy,235616841
2024-08-29 09:27:42,38750.0,100,Buy,235617325
2024-08-29 09:27:45,38700.0,200,Sell,235617398
2024-08-29 09:27:45,38700.0,700,Sell,235617399
2024-08-29 09:27:45,38700.0,700,Sell,235617400
2024-08-29 09:27:45,38700.0,1000,Sell,235617401
2024-08-29 09:27:45,38700.0,100,Sell,235617402
2024-08-29 09:27:45,38700.0,3200,Sell,235617396
2024-08-29 09:28:23,38700.0,800,Sell,235618188
2024-08-29 09:28:46,38650.0,2100,Sell,235618869
2024-08-29 09:29:00,38650.0,100,Sell,235619118
2024-08-29 09:29:34,38650.0,100,Sell,235619998
2024-08-29 09:30:05,38650.0,200,Sell,235620585
2024-08-29 09:30:05,38650.0,100,Sell,235620584
2024-08-29 09:30:05,38650.0,200,Sell,235620586
2024-08-29 09:30:05,38650.0,200,Sell,235620582
2024-08-29 09:30:05,38650.0,100,Sell,235620583
2024-08-29 09:30:05,38650.0,700,Sell,235620581
2024-08-29 09:30:11,38650.0,100,Sell,235620672
2024-08-29 09:30:17,38650.0,100,Sell,235620792
2024-08-29 09:30:17,38650.0,200,Sell,235620791
2024-08-29 09:30:49,38650.0,100,Sell,235621346
2024-08-29 09:32:03,38650.0,500,Sell,235623466
2024-08-29 09:32:07,38650.0,1100,Sell,235623598
2024-08-29 09:32:07,38650.0,400,Sell,235623600
2024-08-29 09:32:07,38650.0,100,Sell,235623601
2024-08-29 09:32:07,38650.0,200,Sell,235623602
2024-08-29 09:32:07,38650.0,200,Sell,235623599
2024-08-29 09:32:19,38700.0,200,Buy,235623854
2024-08-29 09:32:58,38700.0,100,Sell,235624777
2024-08-29 09:33:14,38700.0,100,Sell,235625322
2024-08-29 09:33:28,38700.0,2000,Sell,235625534
2024-08-29 09:34:14,38700.0,100,Sell,235626605
2024-08-29 09:34:43,38700.0,100,Sell,235627243
2024-08-29 09:34:44,38750.0,500,Buy,235627255
2024-08-29 09:35:25,38750.0,200,Sell,235628357
2024-08-29 09:36:17,38750.0,200,Sell,235629559
2024-08-29 09:36:17,38750.0,300,Sell,235629560
2024-08-29 09:36:37,38750.0,500,Sell,235629940
2024-08-29 09:37:05,38750.0,200,Sell,235630569
2024-08-29 09:37:05,38750.0,100,Sell,235630570
2024-08-29 09:37:05,38750.0,700,Sell,235630571
2024-08-29 09:37:39,38750.0,1000,Sell,235631291
2024-08-29 09:38:36,38800.0,200,Buy,235632318
2024-08-29 09:38:36,38800.0,1800,Buy,235632319
2024-08-29 09:39:08,38750.0,500,Sell,235632991
2024-08-29 09:39:16,38800.0,1200,Buy,235633149
2024-08-29 09:39:16,38800.0,500,Buy,235633150
2024-08-29 09:39:25,38800.0,800,Sell,235633357
2024-08-29 09:41:00,38750.0,500,Sell,235635594
2024-08-29 09:41:14,38800.0,2000,Buy,235636013
2024-08-29 09:41:44,38750.0,2300,Sell,235636813
2024-08-29 09:41:44,38750.0,100,Sell,235636814
2024-08-29 09:41:44,38750.0,100,Sell,235636815
2024-08-29 09:42:27,38750.0,900,Sell,235637749
2024-08-29 09:42:27,38750.0,100,Sell,235637750
2024-08-29 09:42:44,38750.0,1000,Buy,235638189
2024-08-29 09:43:22,38750.0,1200,Sell,235639649
2024-08-29 09:43:30,38750.0,1000,Sell,235639956
2024-08-29 09:44:12,38750.0,1000,Sell,235641394
2024-08-29 09:44:48,38750.0,5800,Sell,235642398
2024-08-29 09:44:48,38750.0,500,Sell,235642399
2024-08-29 09:44:48,38750.0,100,Sell,235642400
2024-08-29 09:45:19,38700.0,1200,Sell,235643353
2024-08-29 09:45:19,38700.0,1900,Sell,235643354
2024-08-29 09:45:19,38700.0,100,Sell,235643351
2024-08-29 09:45:19,38700.0,200,Sell,235643352
2024-08-29 09:45:19,38700.0,1100,Sell,235643350
2024-08-29 09:46:22,38750.0,100,Buy,235645078
2024-08-29 09:46:54,38750.0,500,Buy,235645793
2024-08-29 09:46:54,38750.0,1000,Buy,235645794
2024-08-29 09:46:54,38750.0,5000,Buy,235645795
2024-08-29 09:46:54,38750.0,300,Buy,235645796
2024-08-29 09:46:54,38750.0,700,Buy,235645797
2024-08-29 09:47:37,38800.0,100,Buy,235646798
2024-08-29 09:47:43,38800.0,1000,Buy,235646926
2024-08-29 09:47:45,38800.0,300,Buy,235646974
2024-08-29 09:47:59,38800.0,100,Buy,235647279
2024-08-29 09:48:20,38800.0,200,Sell,235647757
2024-08-29 09:48:46,38800.0,500,Buy,235648419
2024-08-29 09:48:46,38800.0,1000,Buy,235648420
2024-08-29 09:49:38,38850.0,2000,Buy,235649738
2024-08-29 09:49:52,38850.0,2000,Sell,235649993
2024-08-29 09:50:50,38850.0,300,Buy,235651375
2024-08-29 09:52:11,38850.0,300,Sell,235652987
2024-08-29 09:52:16,38850.0,3300,Sell,235653076
2024-08-29 09:52:34,38850.0,500,Sell,235653415
2024-08-29 09:53:23,38850.0,900,Sell,235654519
2024-08-29 09:53:23,38850.0,700,Sell,235654520
2024-08-29 09:53:33,38850.0,100,Sell,235654818
2024-08-29 09:53:46,38850.0,100,Sell,235655044
2024-08-29 09:53:56,38900.0,100,Buy,235655280
2024-08-29 09:55:05,38850.0,100,Sell,235656819
2024-08-29 09:55:05,38850.0,400,Sell,235656820
2024-08-29 09:55:21,38850.0,600,Sell,235657108
2024-08-29 09:55:21,38850.0,400,Sell,235657109
2024-08-29 09:55:38,38900.0,100,Buy,235657424
2024-08-29 09:56:17,38900.0,100,Buy,235658191
2024-08-29 09:56:43,38850.0,100,Sell,235658669
2024-08-29 09:57:04,38850.0,400,Sell,235659042
2024-08-29 09:57:04,38850.0,500,Sell,235659029
2024-08-29 09:57:04,38850.0,1000,Sell,235659030
2024-08-29 09:57:04,38850.0,500,Sell,235659031
2024-08-29 09:57:11,38850.0,100,Sell,235659146
2024-08-29 09:57:22,38850.0,400,Sell,235659421
2024-08-29 09:57:22,38850.0,100,Sell,235659422
2024-08-29 09:57:30,38900.0,100,Buy,235659552
2024-08-29 09:58:53,38850.0,400,Sell,235660874
2024-08-29 09:58:53,38850.0,700,Sell,235660875
2024-08-29 09:58:53,38850.0,1000,Sell,235660876
2024-08-29 09:58:53,38850.0,1000,Sell,235660877
2024-08-29 09:58:53,38850.0,1000,Sell,235660878
2024-08-29 09:58:53,38850.0,900,Sell,235660879
2024-08-29 09:59:10,38850.0,500,Sell,235661198
2024-08-29 09:59:35,38850.0,600,Sell,235661577
2024-08-29 09:59:35,38850.0,400,Sell,235661578
2024-08-29 09:59:41,38850.0,600,Sell,235661682
2024-08-29 09:59:41,38850.0,100,Sell,235661683
2024-08-29 10:00:26,38800.0,800,Sell,235662502
2024-08-29 10:01:53,38850.0,1300,Buy,235663864
2024-08-29 10:01:53,38850.0,500,Buy,235663865
2024-08-29 10:01:53,38850.0,100,Buy,235663866
2024-08-29 10:02:05,38900.0,400,Buy,235664039
2024-08-29 10:03:08,38900.0,200,Buy,235665142
2024-08-29 10:04:26,38900.0,2000,Buy,235666545
2024-08-29 10:04:42,38900.0,1000,Buy,235666868
2024-08-29 10:04:42,38900.0,500,Buy,235666870
2024-08-29 10:04:42,38900.0,100,Buy,235666869
2024-08-29 10:04:42,38900.0,100,Buy,235666867
2024-08-29 10:04:42,38900.0,300,Buy,235666871
2024-08-29 10:04:42,38900.0,500,Buy,235666865
2024-08-29 10:04:42,38900.0,500,Buy,235666864
2024-08-29 10:04:42,38900.0,1000,Buy,235666863
2024-08-29 10:04:42,38900.0,1000,Buy,235666866
2024-08-29 10:04:42,38900.0,1000,Buy,235666848
2024-08-29 10:04:55,38900.0,100,Buy,235667050
2024-08-29 10:04:55,38900.0,700,Buy,235667047
2024-08-29 10:04:55,38900.0,100,Buy,235667048
2024-08-29 10:04:55,38900.0,100,Buy,235667049
2024-08-29 10:04:58,38900.0,1000,Sell,235667166
2024-08-29 10:04:58,38900.0,500,Sell,235667167
2024-08-29 10:05:12,38900.0,500,Buy,235667443
2024-08-29 10:05:12,38900.0,500,Buy,235667444
2024-08-29 10:05:39,38900.0,700,Buy,235668047
2024-08-29 10:05:39,38900.0,200,Buy,235668048
2024-08-29 10:05:39,38900.0,600,Buy,235668049
2024-08-29 10:06:21,38950.0,600,Buy,235668769
2024-08-29 10:06:21,38950.0,100,Buy,235668768
2024-08-29 10:06:21,38950.0,100,Buy,235668767
2024-08-29 10:06:21,38950.0,200,Buy,235668766
2024-08-29 10:06:21,38950.0,100,Buy,235668765
2024-08-29 10:06:25,38950.0,400,Buy,235668865
2024-08-29 10:06:25,38950.0,5000,Buy,235668863
2024-08-29 10:06:25,38950.0,100,Buy,235668862
2024-08-29 10:06:25,38950.0,100,Buy,235668864
2024-08-29 10:06:28,38900.0,1000,Sell,235668958
2024-08-29 10:06:31,38950.0,200,Buy,235669016
2024-08-29 10:06:31,38950.0,100,Buy,235669017
2024-08-29 10:06:32,38950.0,300,Buy,235669032
2024-08-29 10:07:01,38950.0,1200,Buy,235669851
2024-08-29 10:07:01,38950.0,600,Buy,235669852
2024-08-29 10:07:01,38950.0,100,Buy,235669853
2024-08-29 10:07:01,38950.0,600,Buy,235669854
2024-08-29 10:07:09,38950.0,400,Buy,235670028
2024-08-29 10:07:10,38950.0,4300,Buy,235670031
2024-08-29 10:07:10,38950.0,1600,Buy,235670030
2024-08-29 10:07:12,38950.0,100,Sell,235670059
2024-08-29 10:07:21,39000.0,100,Buy,235670187
2024-08-29 10:07:21,38950.0,600,Sell,235670221
2024-08-29 10:07:21,39000.0,2100,Buy,235670197
2024-08-29 10:07:21,39000.0,1700,Buy,235670196
2024-08-29 10:07:21,39000.0,100,Buy,235670195
2024-08-29 10:07:21,39000.0,400,Buy,235670194
2024-08-29 10:07:21,39000.0,100,Buy,235670186
2024-08-29 10:07:21,39000.0,1000,Buy,235670192
2024-08-29 10:07:21,39000.0,200,Buy,235670191
2024-08-29 10:07:21,39000.0,200,Buy,235670190
2024-08-29 10:07:21,39000.0,3000,Buy,235670189
2024-08-29 10:07:21,39000.0,100,Buy,235670188
2024-08-29 10:07:21,39000.0,1000,Buy,235670193
2024-08-29 10:07:38,39000.0,500,Buy,235670503
2024-08-29 10:07:52,38950.0,100,Buy,235670730
2024-08-29 10:07:52,38950.0,200,Buy,235670731
2024-08-29 10:08:04,39000.0,300,Buy,235670999
2024-08-29 10:08:04,39000.0,1000,Buy,235670998
2024-08-29 10:08:04,39000.0,1000,Buy,235670997
2024-08-29 10:08:04,39000.0,100,Buy,235670996
2024-08-29 10:08:04,39000.0,200,Buy,235670995
2024-08-29 10:08:04,39000.0,100,Buy,235670992
2024-08-29 10:08:04,39000.0,200,Buy,235670993
2024-08-29 10:08:04,39000.0,100,Buy,235670991
2024-08-29 10:08:04,39000.0,2000,Buy,235670990
2024-08-29 10:08:04,39000.0,1700,Buy,235670989
2024-08-29 10:08:04,39000.0,100,Buy,235670994
2024-08-29 10:08:04,39000.0,2400,Buy,235670988
2024-08-29 10:08:06,39000.0,300,Buy,235671070
2024-08-29 10:08:44,38950.0,100,Buy,235671653
2024-08-29 10:08:47,38950.0,300,Buy,235671733
2024-08-29 10:08:47,38950.0,100,Buy,235671732
2024-08-29 10:08:56,38950.0,100,Sell,235671919
2024-08-29 10:09:14,38950.0,1000,Buy,235672259
2024-08-29 10:09:14,39000.0,400,Buy,235672260
2024-08-29 10:09:14,39000.0,100,Buy,235672261
2024-08-29 10:09:14,39000.0,500,Buy,235672262
2024-08-29 10:09:14,39000.0,200,Buy,235672263
2024-08-29 10:09:14,39000.0,200,Buy,235672264
2024-08-29 10:09:14,39000.0,700,Buy,235672265
2024-08-29 10:09:14,38950.0,1900,Buy,235672258
2024-08-29 10:09:45,38950.0,1000,Buy,235672982
2024-08-29 10:10:01,39000.0,100,Buy,235673362
2024-08-29 10:10:01,39000.0,100,Buy,235673363
2024-08-29 10:10:28,39000.0,4500,Buy,235674108
2024-08-29 10:10:45,38950.0,300,Sell,235674535
2024-08-29 10:10:45,38900.0,200,Sell,235674536
2024-08-29 10:10:51,39000.0,100,Buy,235674674
2024-08-29 10:11:35,39000.0,300,Buy,235675630
2024-08-29 10:11:45,39000.0,1000,Buy,235675815
2024-08-29 10:12:13,38950.0,200,Sell,235676340
2024-08-29 10:12:16,39000.0,2600,Buy,235676490
2024-08-29 10:12:16,39000.0,100,Buy,235676489
2024-08-29 10:12:16,39000.0,100,Buy,235676488
2024-08-29 10:12:16,39000.0,100,Buy,235676487
2024-08-29 10:12:16,39000.0,500,Buy,235676486
2024-08-29 10:12:16,39000.0,1600,Buy,235676485
2024-08-29 10:12:16,39000.0,200,Buy,235676484
2024-08-29 10:12:16,39000.0,100,Buy,235676483
2024-08-29 10:12:16,39000.0,300,Buy,235676482
2024-08-29 10:12:16,39000.0,100,Buy,235676479
2024-08-29 10:12:16,39000.0,5000,Buy,235676481
2024-08-29 10:12:16,39000.0,200,Buy,235676480
2024-08-29 10:12:16,39000.0,100,Buy,235676478
2024-08-29 10:12:16,39000.0,1000,Buy,235676472
2024-08-29 10:12:16,39000.0,100,Buy,235676476
2024-08-29 10:12:16,39000.0,200,Buy,235676477
2024-08-29 10:12:16,39000.0,1000,Buy,235676463
2024-08-29 10:12:16,39000.0,700,Buy,235676464
2024-08-29 10:12:16,39000.0,200,Buy,235676465
2024-08-29 10:12:16,39000.0,100,Buy,235676466
2024-08-29 10:12:16,39000.0,2500,Buy,235676467
2024-08-29 10:12:16,39000.0,1100,Buy,235676471
2024-08-29 10:12:16,39000.0,200,Buy,235676469
2024-08-29 10:12:16,39000.0,500,Buy,235676474
2024-08-29 10:12:16,39000.0,200,Buy,235676473
2024-08-29 10:12:16,39000.0,100,Buy,235676475
2024-08-29 10:12:16,39000.0,100,Buy,235676470
2024-08-29 10:12:16,39000.0,1000,Buy,235676468
2024-08-29 10:12:18,39000.0,300,Buy,235676527
2024-08-29 10:12:18,39000.0,900,Buy,235676535
2024-08-29 10:12:18,39000.0,500,Buy,235676534
2024-08-29 10:12:18,39000.0,300,Buy,235676533
2024-08-29 10:12:18,39000.0,100,Buy,235676532
2024-08-29 10:12:18,39000.0,2400,Buy,235676526
2024-08-29 10:12:18,39000.0,100,Buy,235676530
2024-08-29 10:12:18,39000.0,200,Buy,235676529
2024-08-29 10:12:18,39000.0,100,Buy,235676528
2024-08-29 10:12:18,39000.0,100,Buy,235676531
2024-08-29 10:12:22,39000.0,500,Buy,235676612
2024-08-29 10:12:24,39000.0,500,Buy,235676634
2024-08-29 10:12:25,39000.0,400,Buy,235676645
2024-08-29 10:12:25,39000.0,100,Buy,235676644
2024-08-29 10:12:25,39000.0,1000,Buy,235676643
2024-08-29 10:12:25,39000.0,100,Buy,235676642
2024-08-29 10:12:25,39000.0,100,Buy,235676640
2024-08-29 10:12:25,39000.0,800,Buy,235676638
2024-08-29 10:12:25,39000.0,1100,Buy,235676637
2024-08-29 10:12:25,39000.0,2500,Buy,235676641
2024-08-29 10:12:25,39000.0,100,Buy,235676639
2024-08-29 10:12:39,39050.0,300,Buy,235676859
2024-08-29 10:12:45,39000.0,200,Sell,235677046
2024-08-29 10:12:56,39050.0,2700,Buy,235677257
2024-08-29 10:12:56,39050.0,300,Buy,235677258
2024-08-29 10:13:00,39050.0,300,Buy,235677304
2024-08-29 10:13:00,39050.0,700,Buy,235677303
2024-08-29 10:13:02,39050.0,500,Buy,235677331
2024-08-29 10:13:06,39050.0,2800,Buy,235677386
2024-08-29 10:13:07,39050.0,1800,Buy,235677401
2024-08-29 10:13:09,39050.0,100,Buy,235677434
2024-08-29 10:13:09,39050.0,200,Buy,235677435
2024-08-29 10:13:09,39050.0,800,Buy,235677436
2024-08-29 10:13:09,39050.0,1900,Buy,235677433
2024-08-29 10:13:10,39050.0,100,Buy,235677448
2024-08-29 10:13:14,39050.0,100,Buy,235677487
2024-08-29 10:13:15,39050.0,200,Sell,235677502
2024-08-29 10:13:20,39100.0,100,Buy,235677693
2024-08-29 10:13:22,39050.0,100,Sell,235677730
2024-08-29 10:13:25,39100.0,2000,Buy,235677757
2024-08-29 10:13:40,39100.0,200,Buy,235678068
2024-08-29 10:14:02,39100.0,200,Buy,235678393
2024-08-29 10:14:26,39100.0,1100,Buy,235678774
2024-08-29 10:14:26,39100.0,1000,Buy,235678773
2024-08-29 10:14:26,39100.0,200,Buy,235678772
2024-08-29 10:14:26,39100.0,300,Buy,235678771
2024-08-29 10:14:26,39100.0,100,Buy,235678767
2024-08-29 10:14:26,39100.0,500,Buy,235678769
2024-08-29 10:14:26,39100.0,100,Buy,235678768
2024-08-29 10:14:26,39100.0,200,Buy,235678770
2024-08-29 10:14:26,39100.0,500,Buy,235678766
2024-08-29 10:14:27,39100.0,500,Buy,235678787
2024-08-29 10:14:37,39100.0,600,Buy,235679001
2024-08-29 10:14:37,39100.0,200,Buy,235679003
2024-08-29 10:14:37,39100.0,100,Buy,235679002
2024-08-29 10:14:37,39100.0,100,Buy,235679000
2024-08-29 10:14:37,39100.0,200,Buy,235678998
2024-08-29 10:14:37,39100.0,400,Buy,235678991
2024-08-29 10:14:37,39100.0,1000,Buy,235678999
2024-08-29 10:14:37,39100.0,1000,Buy,235678997
2024-08-29 10:14:50,39150.0,200,Buy,235679174
2024-08-29 10:14:55,39150.0,2800,Buy,235679277
2024-08-29 10:14:55,39150.0,100,Buy,235679278
2024-08-29 10:14:55,39150.0,200,Buy,235679279
2024-08-29 10:14:55,39150.0,200,Buy,235679280
2024-08-29 10:14:55,39150.0,500,Buy,235679281
2024-08-29 10:14:55,39150.0,1000,Buy,235679282
2024-08-29 10:14:56,39150.0,200,Sell,235679293
2024-08-29 10:14:56,39150.0,100,Sell,235679294
2024-08-29 10:15:02,39200.0,100,Buy,235679410
2024-08-29 10:15:09,39200.0,4000,Buy,235679528
2024-08-29 10:15:09,39200.0,1000,Buy,235679527
2024-08-29 10:15:09,39200.0,100,Buy,235679525
2024-08-29 10:15:09,39200.0,1900,Buy,235679523
2024-08-29 10:15:09,39200.0,10000,Buy,235679526
2024-08-29 10:15:09,39200.0,3000,Buy,235679524
2024-08-29 10:15:12,39200.0,200,Buy,235679556
2024-08-29 10:15:16,39200.0,800,Buy,235679620
2024-08-29 10:15:16,39200.0,500,Buy,235679621
2024-08-29 10:15:16,39200.0,500,Buy,235679622
2024-08-29 10:15:22,39200.0,1600,Buy,235679716
2024-08-29 10:15:22,39200.0,3000,Buy,235679717
2024-08-29 10:15:22,39200.0,400,Buy,235679718
2024-08-29 10:15:24,39200.0,300,Buy,235679740
2024-08-29 10:15:35,39200.0,200,Buy,235679938
2024-08-29 10:15:35,39200.0,400,Buy,235679936
2024-08-29 10:15:35,39200.0,300,Buy,235679935
2024-08-29 10:15:35,39200.0,100,Buy,235679937
2024-08-29 10:15:41,39200.0,2800,Buy,235679995
2024-08-29 10:15:41,39200.0,1000,Buy,235679996
2024-08-29 10:15:41,39200.0,1200,Buy,235679997
2024-08-29 10:15:44,39200.0,600,Buy,235680033
2024-08-29 10:15:44,39150.0,1800,Sell,235680037
2024-08-29 10:15:44,39150.0,1200,Sell,235680038
2024-08-29 10:15:45,39200.0,1000,Buy,235680061
2024-08-29 10:15:48,39150.0,100,Sell,235680092
2024-08-29 10:15:51,39200.0,100,Buy,235680130
2024-08-29 10:15:51,39200.0,100,Buy,235680128
2024-08-29 10:15:51,39200.0,1000,Buy,235680129
2024-08-29 10:15:51,39200.0,500,Buy,235680126
2024-08-29 10:15:51,39200.0,200,Buy,235680125
2024-08-29 10:15:51,39200.0,100,Buy,235680127
2024-08-29 10:16:18,39150.0,700,Sell,235680599
2024-08-29 10:16:18,39150.0,1200,Sell,235680600
2024-08-29 10:16:19,39150.0,300,Sell,235680611
2024-08-29 10:16:29,39150.0,100,Buy,235680752
2024-08-29 10:16:30,39150.0,500,Buy,235680779
2024-08-29 10:16:31,39150.0,100,Buy,235680797
2024-08-29 10:16:31,39150.0,100,Buy,235680798
2024-08-29 10:16:31,39150.0,100,Buy,235680799
2024-08-29 10:16:57,39100.0,500,Sell,235681161
2024-08-29 10:16:57,39100.0,600,Sell,235681162
2024-08-29 10:16:57,39100.0,1000,Sell,235681163
2024-08-29 10:16:57,39100.0,200,Buy,235681179
2024-08-29 10:17:15,39100.0,7000,Buy,235681437
2024-08-29 10:17:20,39050.0,200,Sell,235681538
2024-08-29 10:17:20,39050.0,100,Sell,235681537
2024-08-29 10:17:30,39100.0,100,Buy,235681682
2024-08-29 10:17:30,39100.0,500,Buy,235681680
2024-08-29 10:17:30,39100.0,700,Buy,235681679
2024-08-29 10:17:30,39100.0,500,Buy,235681681
2024-08-29 10:17:33,39100.0,100,Buy,235681743
2024-08-29 10:17:33,39100.0,900,Buy,235681742
2024-08-29 10:17:45,39050.0,100,Sell,235681896
2024-08-29 10:17:55,39100.0,500,Buy,235682119
2024-08-29 10:18:27,39050.0,1000,Sell,235682676
2024-08-29 10:18:34,39050.0,100,Sell,235682824
2024-08-29 10:18:37,39050.0,4000,Sell,235682861
2024-08-29 10:18:40,39100.0,100,Buy,235682898
2024-08-29 10:18:41,39100.0,500,Buy,235682902
2024-08-29 10:18:51,39050.0,1000,Sell,235683097
2024-08-29 10:18:58,39050.0,5100,Sell,235683242
2024-08-29 10:19:00,39050.0,2000,Sell,235683266
2024-08-29 10:19:01,39050.0,700,Sell,235683275
2024-08-29 10:19:01,39050.0,300,Sell,235683274
2024-08-29 10:19:18,39050.0,400,Sell,235683634
2024-08-29 10:19:52,39000.0,2000,Sell,235684148
2024-08-29 10:20:05,39000.0,500,Sell,235684315
2024-08-29 10:20:26,39000.0,100,Sell,235684728
2024-08-29 10:20:28,39000.0,2000,Sell,235684743
2024-08-29 10:20:29,39000.0,100,Sell,235684762
2024-08-29 10:20:32,39000.0,300,Sell,235684797
2024-08-29 10:20:32,39000.0,200,Sell,235684798
2024-08-29 10:20:32,39000.0,400,Sell,235684799
2024-08-29 10:20:57,39000.0,100,Buy,235685338
2024-08-29 10:21:43,39000.0,500,Buy,235686155
2024-08-29 10:21:43,39000.0,100,Buy,235686156
2024-08-29 10:21:43,39000.0,200,Buy,235686157
2024-08-29 10:21:43,39000.0,300,Buy,235686158
2024-08-29 10:21:53,39000.0,500,Buy,235686330
2024-08-29 10:22:11,39000.0,100,Buy,235686579
2024-08-29 10:22:11,39000.0,300,Buy,235686578
2024-08-29 10:22:17,38950.0,300,Sell,235686700
2024-08-29 10:22:46,39000.0,100,Sell,235687232
2024-08-29 10:25:05,39000.0,200,Buy,235689365
2024-08-29 10:25:05,39000.0,100,Buy,235689366
2024-08-29 10:25:05,39000.0,400,Buy,235689367
2024-08-29 10:25:05,39000.0,100,Buy,235689368
2024-08-29 10:25:05,39000.0,1000,Buy,235689369
2024-08-29 10:25:05,39000.0,1500,Buy,235689370
2024-08-29 10:25:05,39000.0,100,Buy,235689371
2024-08-29 10:25:39,39000.0,600,Sell,235689876
2024-08-29 10:25:39,39000.0,400,Sell,235689877
2024-08-29 10:25:41,39000.0,200,Sell,235689905
2024-08-29 10:25:46,39000.0,400,Sell,235689950
2024-08-29 10:26:07,39000.0,100,Sell,235690281
2024-08-29 10:26:20,39000.0,100,Sell,235690560
2024-08-29 10:26:28,39000.0,800,Sell,235690693
2024-08-29 10:27:50,39000.0,1200,Buy,235691943
2024-08-29 10:27:50,39000.0,1800,Buy,235691944
2024-08-29 10:27:53,39000.0,100,Buy,235692009
2024-08-29 10:28:03,39000.0,600,Buy,235692170
2024-08-29 10:28:03,39000.0,300,Buy,235692171
2024-08-29 10:28:03,39000.0,100,Buy,235692172
2024-08-29 10:28:31,39000.0,1000,Buy,235692540
2024-08-29 10:28:41,39000.0,300,Buy,235692669
2024-08-29 10:28:41,39000.0,500,Buy,235692670
2024-08-29 10:28:57,39000.0,100,Sell,235692852
2024-08-29 10:29:12,39000.0,100,Sell,235693033
2024-08-29 10:29:21,39000.0,2500,Buy,235693153
2024-08-29 10:29:30,38950.0,300,Sell,235693320
2024-08-29 10:29:30,38950.0,500,Sell,235693318
2024-08-29 10:29:30,38950.0,200,Sell,235693319
2024-08-29 10:29:40,38950.0,200,Sell,235693469
2024-08-29 10:29:40,38950.0,2500,Sell,235693470
2024-08-29 10:29:49,38950.0,500,Sell,235693613
2024-08-29 10:29:56,38950.0,2000,Sell,235693691
2024-08-29 10:30:21,38900.0,100,Sell,235694080
2024-08-29 10:30:22,38950.0,500,Buy,235694107
2024-08-29 10:30:27,38900.0,4700,Sell,235694148
2024-08-29 10:30:27,38900.0,200,Sell,235694149
2024-08-29 10:30:27,38900.0,1500,Sell,235694150
2024-08-29 10:30:27,38900.0,2000,Sell,235694151
2024-08-29 10:30:27,38900.0,200,Sell,235694152
2024-08-29 10:30:27,38900.0,100,Sell,235694153
2024-08-29 10:30:27,38900.0,1000,Sell,235694154
2024-08-29 10:30:27,38900.0,1000,Sell,235694155
2024-08-29 10:30:49,38850.0,700,Sell,235694514
2024-08-29 10:30:55,38900.0,1000,Buy,235694565
2024-08-29 10:31:22,38850.0,100,Sell,235694912
2024-08-29 10:31:47,38850.0,200,Sell,235695197
2024-08-29 10:31:47,38850.0,400,Sell,235695198
2024-08-29 10:33:39,38850.0,100,Sell,235696898
2024-08-29 10:35:33,38900.0,3300,Buy,235698241
2024-08-29 10:35:33,38900.0,1000,Buy,235698242
2024-08-29 10:36:44,38900.0,100,Sell,235698987
2024-08-29 10:36:54,38900.0,600,Sell,235699100
2024-08-29 10:36:54,38900.0,100,Sell,235699101
2024-08-29 10:36:54,38900.0,100,Sell,235699102
2024-08-29 10:38:13,38900.0,100,Sell,235699915
2024-08-29 10:41:56,38900.0,500,Buy,235702851
2024-08-29 10:41:56,38900.0,500,Buy,235702852
2024-08-29 10:42:22,38900.0,600,Buy,235703128
2024-08-29 10:44:24,38900.0,200,Buy,235704522
2024-08-29 10:48:13,38900.0,500,Buy,235706954
2024-08-29 10:48:40,38900.0,400,Buy,235707406
2024-08-29 10:50:45,38900.0,5000,Buy,235709313
2024-08-29 10:52:45,38900.0,3100,Buy,235711090
2024-08-29 10:52:45,38900.0,1900,Buy,235711091
2024-08-29 10:52:55,38900.0,600,Buy,235711221
2024-08-29 10:55:16,38900.0,200,Buy,235713064
2024-08-29 10:55:16,38900.0,100,Buy,235713065
2024-08-29 11:00:00,38850.0,500,Sell,235716832
2024-08-29 11:00:00,38850.0,2000,Sell,235716830
2024-08-29 11:00:00,38850.0,5000,Sell,235716831
2024-08-29 11:00:00,38850.0,1000,Sell,235716828
2024-08-29 11:00:00,38850.0,100,Sell,235716827
2024-08-29 11:00:00,38850.0,1500,Sell,235716826
2024-08-29 11:00:00,38850.0,1000,Sell,235716829
2024-08-29 11:00:13,38800.0,100,Sell,235716983
2024-08-29 11:00:41,38800.0,200,Sell,235717274
2024-08-29 11:04:55,38800.0,500,Sell,235720204
2024-08-29 11:07:22,38800.0,2000,Sell,235722006
2024-08-29 11:08:50,38850.0,500,Buy,235723022
2024-08-29 11:09:19,38850.0,100,Buy,235723341
2024-08-29 11:09:43,38850.0,400,Buy,235723666
2024-08-29 11:12:18,38850.0,1600,Sell,235725725
2024-08-29 11:12:18,38850.0,100,Sell,235725726
2024-08-29 11:12:18,38850.0,2800,Sell,235725727
2024-08-29 11:13:12,38900.0,300,Buy,235726384
2024-08-29 11:18:04,38850.0,2000,Sell,235730760
2024-08-29 11:20:15,38900.0,300,Buy,235733759
2024-08-29 11:20:26,38900.0,100,Buy,235733967
2024-08-29 11:23:19,38900.0,100,Buy,235737277
2024-08-29 11:24:41,38850.0,100,Sell,235738472
2024-08-29 11:24:41,38850.0,100,Sell,235738468
2024-08-29 11:25:13,38850.0,300,Sell,235738884
2024-08-29 11:25:13,38850.0,100,Sell,235738883
2024-08-29 11:25:13,38850.0,600,Sell,235738885
2024-08-29 11:26:33,38850.0,400,Sell,235739828
2024-08-29 11:26:33,38850.0,900,Sell,235739829
2024-08-29 11:26:51,38850.0,100,Sell,235740041
2024-08-29 11:26:51,38850.0,4900,Sell,235740042
2024-08-29 11:26:56,38850.0,100,Sell,235740098
2024-08-29 11:29:28,38800.0,200,Sell,235742103
2024-08-29 11:29:28,38800.0,200,Sell,235742104
2024-08-29 11:29:28,38800.0,2000,Sell,235742105
2024-08-29 11:29:28,38800.0,100,Sell,235742106
2024-08-29 11:29:28,38800.0,500,Sell,235742107
2024-08-29 12:59:57,38850.0,4000,Sell,235742657
2024-08-29 12:59:57,38850.0,200,Sell,235742658
2024-08-29 13:00:13,38800.0,300,Sell,235745218
2024-08-29 13:00:13,38800.0,100,Sell,235745217
2024-08-29 13:00:13,38800.0,500,Sell,235745216
2024-08-29 13:00:17,38850.0,1900,Buy,235745380
2024-08-29 13:00:28,38800.0,400,Sell,235745691
2024-08-29 13:00:36,38800.0,3800,Sell,235745864
2024-08-29 13:01:30,38800.0,500,Sell,235746713
2024-08-29 13:01:30,38800.0,900,Sell,235746714
2024-08-29 13:01:30,38800.0,100,Sell,235746715
2024-08-29 13:01:37,38800.0,900,Sell,235746835
2024-08-29 13:01:37,38800.0,100,Sell,235746836
2024-08-29 13:02:29,38850.0,1600,Buy,235748107
2024-08-29 13:02:59,38850.0,1000,Buy,235748692
2024-08-29 13:03:23,38800.0,100,Sell,235749175
2024-08-29 13:04:15,38800.0,2000,Sell,235750206
2024-08-29 13:05:43,38800.0,200,Sell,235752046
2024-08-29 13:05:43,38800.0,2800,Sell,235752045
2024-08-29 13:06:10,38800.0,200,Sell,235752584
2024-08-29 13:06:12,38800.0,1000,Sell,235752615
2024-08-29 13:06:12,38800.0,400,Sell,235752616
2024-08-29 13:06:12,38800.0,100,Sell,235752614
2024-08-29 13:06:48,38800.0,100,Sell,235753386
2024-08-29 13:07:04,38800.0,100,Sell,235753669
2024-08-29 13:07:13,38800.0,500,Sell,235753864
2024-08-29 13:07:22,38800.0,6800,Sell,235754040
2024-08-29 13:07:24,38800.0,2000,Sell,235754082
2024-08-29 13:07:24,38800.0,800,Sell,235754083
2024-08-29 13:07:24,38800.0,1200,Sell,235754084
2024-08-29 13:08:06,38800.0,300,Buy,235755078
2024-08-29 13:08:37,38800.0,1000,Buy,235755791
2024-08-29 13:08:37,38800.0,4000,Buy,235755792
2024-08-29 13:08:46,38800.0,100,Buy,235756011
2024-08-29 13:08:54,38800.0,500,Buy,235756188
2024-08-29 13:09:06,38800.0,200,Buy,235756409
2024-08-29 13:10:23,38800.0,100,Buy,235758309
2024-08-29 13:10:25,38800.0,3700,Buy,235758365
2024-08-29 13:10:25,38800.0,1300,Buy,235758366
2024-08-29 13:11:05,38800.0,1000,Buy,235759240
2024-08-29 13:12:54,38800.0,3000,Buy,235762365
2024-08-29 13:13:14,38800.0,1800,Buy,235762886
2024-08-29 13:13:14,38800.0,500,Buy,235762887
2024-08-29 13:13:14,38850.0,900,Buy,235762888
2024-08-29 13:13:14,38850.0,100,Buy,235762889
2024-08-29 13:13:37,38850.0,100,Sell,235763581
2024-08-29 13:13:54,38850.0,700,Sell,235763979
2024-08-29 13:13:54,38850.0,100,Sell,235763980
2024-08-29 13:14:37,38850.0,1000,Sell,235765152
2024-08-29 13:14:55,38850.0,100,Sell,235765849
2024-08-29 13:15:05,38850.0,1100,Sell,235766198
2024-08-29 13:15:20,38850.0,1800,Sell,235766665
2024-08-29 13:16:31,38850.0,1000,Buy,235768581
2024-08-29 13:16:58,38850.0,200,Buy,235769422
2024-08-29 13:17:01,38850.0,300,Sell,235769589
2024-08-29 13:17:10,38850.0,200,Sell,235769888
2024-08-29 13:18:38,38850.0,1000,Sell,235772134
2024-08-29 13:18:41,38850.0,1000,Sell,235772187
2024-08-29 13:19:02,38850.0,200,Sell,235772775
2024-08-29 13:19:34,38850.0,500,Buy,235773787
2024-08-29 13:19:34,38850.0,700,Buy,235773788
2024-08-29 13:20:09,38900.0,200,Buy,235774490
2024-08-29 13:20:09,38900.0,500,Buy,235774491
2024-08-29 13:20:09,38900.0,300,Buy,235774492
2024-08-29 13:20:09,38850.0,300,Sell,235774505
2024-08-29 13:20:33,38900.0,100,Buy,235775228
2024-08-29 13:20:38,38900.0,1600,Buy,235775315
2024-08-29 13:20:38,38900.0,400,Buy,235775314
2024-08-29 13:20:38,38900.0,200,Buy,235775311
2024-08-29 13:20:38,38900.0,2000,Buy,235775312
2024-08-29 13:20:38,38900.0,200,Buy,235775313
2024-08-29 13:20:38,38900.0,600,Buy,235775310
2024-08-29 13:20:39,38850.0,1000,Sell,235775333
2024-08-29 13:21:07,38900.0,200,Buy,235776337
2024-08-29 13:21:12,38900.0,18000,Buy,235776578
2024-08-29 13:21:22,38900.0,200,Buy,235776865
2024-08-29 13:22:16,38900.0,200,Sell,235778165
2024-08-29 13:22:33,38900.0,1000,Sell,235778509
2024-08-29 13:23:50,38900.0,2000,Sell,235780544
2024-08-29 13:23:53,38900.0,400,Sell,235780592
2024-08-29 13:23:53,38900.0,1600,Sell,235780591
2024-08-29 13:24:18,38900.0,600,Sell,235781075
2024-08-29 13:24:57,38900.0,100,Sell,235781793
2024-08-29 13:25:32,38900.0,900,Sell,235782532
2024-08-29 13:25:32,38900.0,100,Sell,235782533
2024-08-29 13:25:59,38900.0,100,Sell,235783454
2024-08-29 13:26:50,38900.0,1000,Sell,235784772
2024-08-29 13:26:58,38900.0,200,Sell,235784988
2024-08-29 13:27:04,38900.0,100,Sell,235785117
2024-08-29 13:27:06,38900.0,700,Sell,235785146
2024-08-29 13:27:53,38900.0,300,Buy,235786164
2024-08-29 13:27:53,38900.0,1000,Buy,235786165
2024-08-29 13:27:53,38900.0,700,Buy,235786166
2024-08-29 13:28:03,38900.0,100,Buy,235786773
2024-08-29 13:29:31,38900.0,300,Buy,235789062
2024-08-29 13:30:14,38850.0,100,Sell,235790589
2024-08-29 13:30:35,38850.0,1900,Sell,235791184
2024-08-29 13:30:35,38850.0,100,Sell,235791185
2024-08-29 13:30:39,38850.0,800,Sell,235791342
2024-08-29 13:30:39,38850.0,2200,Sell,235791341
2024-08-29 13:30:44,38850.0,700,Sell,235791578
2024-08-29 13:30:44,38850.0,100,Sell,235791579
2024-08-29 13:30:44,38850.0,200,Sell,235791580
2024-08-29 13:31:42,38850.0,200,Sell,235793357
2024-08-29 13:32:16,38900.0,1700,Buy,235794286
2024-08-29 13:32:16,38900.0,100,Buy,235794287
2024-08-29 13:32:16,38900.0,1000,Buy,235794288
2024-08-29 13:32:16,38900.0,200,Buy,235794289
2024-08-29 13:32:50,38900.0,800,Buy,235795053
2024-08-29 13:32:50,38900.0,500,Buy,235795054
2024-08-29 13:32:50,38900.0,100,Buy,235795055
2024-08-29 13:32:50,38900.0,100,Buy,235795056
2024-08-29 13:32:50,38900.0,500,Buy,235795057
2024-08-29 13:32:59,38900.0,500,Buy,235795215
2024-08-29 13:33:27,38900.0,1500,Sell,235795956
2024-08-29 13:34:01,38850.0,500,Sell,235797022
2024-08-29 13:34:52,38850.0,100,Sell,235798326
2024-08-29 13:34:52,38850.0,100,Sell,235798325
2024-08-29 13:34:52,38850.0,300,Sell,235798327
2024-08-29 13:34:55,38900.0,100,Buy,235798406
2024-08-29 13:35:39,38900.0,100,Buy,235799478
2024-08-29 13:35:40,38850.0,1000,Sell,235799505
2024-08-29 13:35:46,38850.0,700,Sell,235799625
2024-08-29 13:35:46,38850.0,100,Sell,235799626
2024-08-29 13:35:46,38850.0,2300,Sell,235799627
2024-08-29 13:35:46,38850.0,1900,Sell,235799628
2024-08-29 13:35:52,38850.0,300,Sell,235799763
2024-08-29 13:35:53,38850.0,500,Sell,235799799
2024-08-29 13:35:53,38850.0,100,Sell,235799800
2024-08-29 13:35:53,38850.0,1000,Sell,235799801
2024-08-29 13:35:56,38800.0,800,Sell,235799838
2024-08-29 13:35:56,38800.0,100,Sell,235799836
2024-08-29 13:35:56,38800.0,100,Sell,235799837
2024-08-29 13:36:23,38800.0,100,Sell,235800510
2024-08-29 13:36:51,38800.0,100,Sell,235801385
2024-08-29 13:36:51,38800.0,1700,Sell,235801386
2024-08-29 13:36:51,38800.0,100,Sell,235801387
2024-08-29 13:36:51,38800.0,10000,Sell,235801388
2024-08-29 13:36:51,38800.0,3000,Sell,235801389
2024-08-29 13:36:51,38800.0,100,Sell,235801390
2024-08-29 13:37:13,38800.0,300,Buy,235802064
2024-08-29 13:37:25,38800.0,500,Buy,235802376
2024-08-29 13:37:38,38800.0,200,Buy,235802691
2024-08-29 13:37:38,38800.0,2000,Buy,235802692
2024-08-29 13:37:38,38800.0,100,Buy,235802693
2024-08-29 13:37:42,38800.0,1100,Sell,235802745
2024-08-29 13:37:50,38800.0,500,Sell,235802976
2024-08-29 13:37:50,38800.0,2500,Sell,235802975
2024-08-29 13:38:28,38800.0,1000,Buy,235803868
2024-08-29 13:38:36,38800.0,200,Sell,235804103
2024-08-29 13:38:36,38800.0,2000,Sell,235804102
2024-08-29 13:38:59,38800.0,2000,Sell,235804723
2024-08-29 13:39:03,38800.0,1200,Sell,235804792
2024-08-29 13:39:03,38800.0,100,Sell,235804793
2024-08-29 13:39:20,38800.0,100,Buy,235805153
2024-08-29 13:39:26,38800.0,1600,Buy,235805220
2024-08-29 13:39:26,38800.0,900,Buy,235805221
2024-08-29 13:39:26,38800.0,500,Buy,235805222
2024-08-29 13:39:43,38800.0,900,Buy,235805585
2024-08-29 13:40:03,38800.0,2600,Buy,235806028
2024-08-29 13:40:11,38800.0,400,Sell,235806172
2024-08-29 13:40:11,38800.0,2000,Sell,235806173
2024-08-29 13:40:37,38800.0,300,Buy,235806637
2024-08-29 13:40:42,38800.0,100,Buy,235806728
2024-08-29 13:40:42,38800.0,300,Buy,235806727
2024-08-29 13:40:48,38800.0,600,Sell,235806832
2024-08-29 13:41:18,38750.0,1000,Sell,235807475
2024-08-29 13:41:18,38750.0,200,Sell,235807476
2024-08-29 13:41:18,38750.0,200,Sell,235807477
2024-08-29 13:41:18,38750.0,600,Sell,235807478
2024-08-29 13:41:21,38800.0,600,Buy,235807538
2024-08-29 13:41:21,38800.0,100,Buy,235807539
2024-08-29 13:41:23,38800.0,300,Sell,235807599
2024-08-29 13:41:23,38800.0,1700,Sell,235807600
2024-08-29 13:41:32,38800.0,300,Sell,235807756
2024-08-29 13:41:32,38800.0,100,Sell,235807757
2024-08-29 13:41:41,38800.0,2000,Buy,235807939
2024-08-29 13:41:54,38800.0,200,Buy,235808157
2024-08-29 13:41:55,38800.0,500,Sell,235808175
2024-08-29 13:42:13,38800.0,1000,Sell,235808554
2024-08-29 13:42:15,38800.0,700,Sell,235808577
2024-08-29 13:42:54,38800.0,100,Buy,235809355
2024-08-29 13:44:19,38800.0,900,Buy,235811304
2024-08-29 13:44:19,38800.0,5500,Buy,235811305
2024-08-29 13:44:19,38800.0,600,Buy,235811306
2024-08-29 13:44:19,38800.0,400,Buy,235811307
2024-08-29 13:44:36,38800.0,200,Buy,235811734
2024-08-29 13:44:47,38800.0,400,Buy,235811923
2024-08-29 13:44:47,38800.0,1600,Buy,235811924
2024-08-29 13:44:51,38800.0,200,Buy,235811998
2024-08-29 13:44:51,38800.0,200,Buy,235812000
2024-08-29 13:44:51,38800.0,800,Buy,235812001
2024-08-29 13:45:00,38800.0,500,Buy,235812171
2024-08-29 13:46:33,38800.0,100,Sell,235813886
2024-08-29 13:47:20,38800.0,100,Sell,235814711
2024-08-29 13:47:20,38800.0,400,Sell,235814710
2024-08-29 13:47:27,38800.0,100,Sell,235814821
2024-08-29 13:47:27,38800.0,100,Sell,235814822
2024-08-29 13:47:36,38800.0,300,Sell,235814902
2024-08-29 13:47:36,38800.0,200,Sell,235814903
2024-08-29 13:47:44,38800.0,100,Sell,235815090
2024-08-29 13:47:44,38800.0,200,Sell,235815091
2024-08-29 13:47:44,38800.0,100,Sell,235815092
2024-08-29 13:48:06,38750.0,200,Sell,235815620
2024-08-29 13:48:39,38750.0,200,Sell,235816247
2024-08-29 13:48:39,38750.0,300,Sell,235816248
2024-08-29 13:48:49,38800.0,4600,Buy,235816562
2024-08-29 13:48:49,38800.0,400,Buy,235816563
2024-08-29 13:49:25,38800.0,100,Buy,235817490
2024-08-29 13:49:25,38800.0,600,Buy,235817491
2024-08-29 13:49:51,38800.0,100,Sell,235818134
2024-08-29 13:49:56,38800.0,100,Sell,235818359
2024-08-29 13:49:56,38800.0,700,Sell,235818307
2024-08-29 13:49:56,38800.0,500,Sell,235818358
2024-08-29 13:50:05,38800.0,4000,Buy,235818609
2024-08-29 13:50:05,38800.0,1000,Buy,235818610
2024-08-29 13:51:04,38750.0,1000,Sell,235820461
2024-08-29 13:51:13,38800.0,500,Buy,235820784
2024-08-29 13:51:13,38800.0,1000,Buy,235820785
2024-08-29 13:51:13,38800.0,500,Buy,235820786
2024-08-29 13:51:13,38750.0,1700,Sell,235820787
2024-08-29 13:51:13,38750.0,500,Sell,235820788
2024-08-29 13:51:13,38750.0,1000,Sell,235820789
2024-08-29 13:51:13,38750.0,100,Sell,235820790
2024-08-29 13:51:14,38750.0,1000,Sell,235820808
2024-08-29 13:51:29,38750.0,500,Sell,235821329
2024-08-29 13:52:27,38750.0,400,Sell,235823850
2024-08-29 13:52:27,38750.0,100,Sell,235823851
2024-08-29 13:53:14,38750.0,300,Sell,235826060
2024-08-29 13:53:22,38750.0,500,Sell,235826417
2024-08-29 13:53:28,38750.0,5000,Sell,235826669
2024-08-29 13:53:30,38750.0,600,Sell,235826725
2024-08-29 13:53:36,38750.0,3000,Sell,235826947
2024-08-29 13:53:38,38750.0,400,Sell,235827073
2024-08-29 13:53:58,38750.0,1000,Sell,235827861
2024-08-29 13:54:01,38750.0,3900,Sell,235827997
2024-08-29 13:54:01,38750.0,1000,Sell,235827998
2024-08-29 13:54:01,38750.0,2000,Sell,235827999
2024-08-29 13:54:01,38750.0,100,Sell,235828000
2024-08-29 13:54:01,38750.0,500,Sell,235828001
2024-08-29 13:54:01,38750.0,100,Sell,235828002
2024-08-29 13:54:04,38750.0,100,Sell,235828072
2024-08-29 13:54:04,38750.0,300,Sell,235828073
2024-08-29 13:54:04,38750.0,400,Sell,235828070
2024-08-29 13:54:04,38750.0,200,Sell,235828071
2024-08-29 13:54:12,38750.0,100,Sell,235828436
2024-08-29 13:54:12,38750.0,500,Sell,235828437
2024-08-29 13:54:12,38750.0,100,Sell,235828438
2024-08-29 13:54:12,38750.0,300,Sell,235828439
2024-08-29 13:54:12,38750.0,600,Sell,235828440
2024-08-29 13:54:12,38750.0,400,Sell,235828435
2024-08-29 13:54:20,38750.0,400,Sell,235828917
2024-08-29 13:54:20,38750.0,200,Sell,235828918
2024-08-29 13:54:20,38750.0,400,Sell,235828919
2024-08-29 13:54:23,38750.0,100,Sell,235829078
2024-08-29 13:54:23,38750.0,100,Sell,235829079
2024-08-29 13:54:28,38750.0,900,Sell,235829317
2024-08-29 13:54:42,38750.0,300,Buy,235829879
2024-08-29 13:54:45,38750.0,1000,Sell,235829959
2024-08-29 13:55:02,38750.0,1000,Sell,235830576
2024-08-29 13:55:17,38750.0,1000,Sell,235831196
2024-08-29 13:55:22,38750.0,200,Sell,235831388
2024-08-29 13:55:26,38750.0,1800,Sell,235831468
2024-08-29 13:55:26,38750.0,1500,Sell,235831466
2024-08-29 13:55:26,38750.0,200,Sell,235831467
2024-08-29 13:55:42,38750.0,1000,Buy,235831884
2024-08-29 13:55:56,38750.0,200,Buy,235832236
2024-08-29 13:55:56,38750.0,700,Buy,235832237
2024-08-29 13:56:08,38750.0,200,Sell,235832695
2024-08-29 13:57:26,38800.0,100,Buy,235834884
2024-08-29 13:57:26,38800.0,1000,Buy,235834885
2024-08-29 13:57:26,38800.0,7500,Buy,235834886
2024-08-29 13:57:26,38800.0,100,Buy,235834887
2024-08-29 13:57:26,38800.0,500,Buy,235834888
2024-08-29 13:57:26,38800.0,200,Buy,235834889
2024-08-29 13:57:26,38800.0,600,Buy,235834890
2024-08-29 13:57:35,38800.0,2000,Buy,235835129
2024-08-29 13:57:49,38750.0,500,Sell,235835496
2024-08-29 13:57:58,38800.0,1100,Buy,235835696
2024-08-29 13:57:58,38800.0,1000,Buy,235835694
2024-08-29 13:57:58,38800.0,400,Buy,235835693
2024-08-29 13:57:58,38800.0,1000,Buy,235835695
2024-08-29 13:58:04,38800.0,400,Buy,235835797
2024-08-29 13:58:16,38800.0,100,Sell,235836116
2024-08-29 13:58:21,38800.0,500,Sell,235836244
2024-08-29 13:58:35,38800.0,5000,Buy,235836489
2024-08-29 13:59:26,38800.0,100,Buy,235837542
2024-08-29 13:59:26,38800.0,500,Buy,235837543
2024-08-29 13:59:42,38800.0,100,Sell,235837872
2024-08-29 13:59:51,38800.0,100,Sell,235838009
2024-08-29 13:59:51,38800.0,100,Sell,235838010
2024-08-29 14:00:03,38800.0,500,Buy,235838320
2024-08-29 14:01:04,38800.0,100,Buy,235839562
2024-08-29 14:01:04,38800.0,400,Buy,235839563
2024-08-29 14:01:06,38800.0,600,Buy,235839590
2024-08-29 14:01:09,38800.0,400,Sell,235839621
2024-08-29 14:01:44,38750.0,300,Sell,235840344
2024-08-29 14:01:44,38800.0,500,Buy,235840345
2024-08-29 14:02:18,38800.0,500,Buy,235841529
2024-08-29 14:02:22,38800.0,100,Buy,235841594
2024-08-29 14:03:35,38800.0,400,Sell,235843266
2024-08-29 14:03:35,38800.0,100,Sell,235843267
2024-08-29 14:05:11,38800.0,100,Sell,235845650
2024-08-29 14:05:27,38800.0,200,Sell,235846056
2024-08-29 14:05:27,38800.0,100,Sell,235846057
2024-08-29 14:05:27,38800.0,700,Sell,235846058
2024-08-29 14:07:11,38800.0,1000,Sell,235848381
2024-08-29 14:07:49,38750.0,100,Sell,235849289
2024-08-29 14:07:49,38750.0,200,Sell,235849288
2024-08-29 14:07:49,38750.0,500,Sell,235849291
2024-08-29 14:07:49,38750.0,200,Sell,235849290
2024-08-29 14:07:49,38750.0,1300,Sell,235849287
2024-08-29 14:07:49,38800.0,100,Sell,235849283
2024-08-29 14:07:49,38750.0,100,Sell,235849285
2024-08-29 14:07:49,38750.0,200,Sell,235849286
2024-08-29 14:07:49,38800.0,300,Sell,235849280
2024-08-29 14:07:49,38800.0,100,Sell,235849282
2024-08-29 14:07:49,38800.0,500,Sell,235849284
2024-08-29 14:07:49,38800.0,1400,Sell,235849281
2024-08-29 14:07:54,38800.0,200,Sell,235849447
2024-08-29 14:08:04,38800.0,100,Sell,235849686
2024-08-29 14:08:08,38800.0,900,Sell,235849841
2024-08-29 14:08:13,38800.0,1000,Sell,235849959
2024-08-29 14:08:36,38750.0,4000,Sell,235850450
2024-08-29 14:08:36,38750.0,200,Sell,235850449
2024-08-29 14:08:36,38750.0,1400,Sell,235850448
2024-08-29 14:08:36,38750.0,1100,Sell,235850447
2024-08-29 14:08:36,38800.0,1000,Sell,235850446
2024-08-29 14:08:36,38800.0,2800,Sell,235850445
2024-08-29 14:08:41,38750.0,400,Buy,235850588
2024-08-29 14:08:48,38700.0,1600,Sell,235850837
2024-08-29 14:08:48,38700.0,400,Sell,235850836
2024-08-29 14:08:48,38700.0,100,Sell,235850835
2024-08-29 14:08:48,38700.0,1000,Sell,235850834
2024-08-29 14:08:48,38700.0,100,Sell,235850830
2024-08-29 14:08:48,38700.0,200,Sell,235850832
2024-08-29 14:08:48,38700.0,100,Sell,235850831
2024-08-29 14:08:48,38700.0,7600,Sell,235850828
2024-08-29 14:08:48,38700.0,2000,Sell,235850833
2024-08-29 14:08:48,38700.0,2000,Sell,235850829
2024-08-29 14:09:36,38750.0,500,Buy,235851843
2024-08-29 14:09:36,38750.0,400,Buy,235851847
2024-08-29 14:09:44,38750.0,500,Sell,235852081
2024-08-29 14:09:48,38750.0,5000,Buy,235852149
2024-08-29 14:09:51,38750.0,300,Buy,235852194
2024-08-29 14:09:52,38750.0,100,Buy,235852207
2024-08-29 14:10:14,38800.0,300,Buy,235852617
2024-08-29 14:10:14,38750.0,100,Buy,235852615
2024-08-29 14:10:14,38750.0,100,Buy,235852616
2024-08-29 14:10:39,38800.0,200,Buy,235853201
2024-08-29 14:10:45,38800.0,2000,Buy,235853338
2024-08-29 14:11:31,38800.0,5000,Buy,235854385
2024-08-29 14:12:38,38750.0,100,Sell,235855780
2024-08-29 14:13:19,38750.0,100,Sell,235856638
2024-08-29 14:13:24,38750.0,1500,Sell,235856742
2024-08-29 14:13:42,38750.0,1400,Sell,235857182
2024-08-29 14:13:45,38750.0,500,Sell,235857242
2024-08-29 14:14:53,38750.0,400,Sell,235858644
2024-08-29 14:14:53,38750.0,100,Sell,235858645
2024-08-29 14:14:53,38750.0,1500,Sell,235858646
2024-08-29 14:14:53,38750.0,300,Sell,235858647
2024-08-29 14:15:08,38750.0,100,Sell,235858938
2024-08-29 14:15:08,38750.0,200,Sell,235858937
2024-08-29 14:15:08,38750.0,1700,Sell,235858933
2024-08-29 14:15:08,38750.0,100,Sell,235858935
2024-08-29 14:15:08,38750.0,100,Sell,235858934
2024-08-29 14:15:08,38750.0,500,Sell,235858936
2024-08-29 14:15:24,38700.0,400,Sell,235859247
2024-08-29 14:15:24,38700.0,500,Sell,235859248
2024-08-29 14:15:24,38700.0,3000,Sell,235859249
2024-08-29 14:15:24,38700.0,100,Sell,235859250
2024-08-29 14:15:24,38700.0,500,Sell,235859251
2024-08-29 14:15:24,38700.0,300,Sell,235859252
2024-08-29 14:15:24,38700.0,200,Sell,235859253
2024-08-29 14:15:28,38750.0,5000,Buy,235859333
2024-08-29 14:15:46,38750.0,200,Buy,235859745
2024-08-29 14:15:53,38750.0,2000,Buy,235859841
2024-08-29 14:16:01,38750.0,200,Buy,235860038
2024-08-29 14:16:01,38750.0,100,Buy,235860016
2024-08-29 14:16:01,38750.0,100,Buy,235860039
2024-08-29 14:16:05,38700.0,800,Sell,235860184
2024-08-29 14:16:05,38650.0,600,Sell,235860205
2024-08-29 14:16:05,38650.0,1500,Sell,235860204
2024-08-29 14:16:05,38650.0,500,Sell,235860203
2024-08-29 14:16:05,38650.0,1800,Sell,235860202
2024-08-29 14:16:05,38650.0,500,Sell,235860201
2024-08-29 14:16:05,38650.0,200,Sell,235860200
2024-08-29 14:16:05,38650.0,100,Sell,235860199
2024-08-29 14:16:05,38650.0,200,Sell,235860196
2024-08-29 14:16:05,38650.0,5000,Sell,235860195
2024-08-29 14:16:05,38650.0,100,Sell,235860198
2024-08-29 14:16:05,38650.0,800,Sell,235860193
2024-08-29 14:16:05,38700.0,200,Sell,235860185
2024-08-29 14:16:05,38650.0,400,Sell,235860194
2024-08-29 14:16:05,38700.0,100,Sell,235860187
2024-08-29 14:16:05,38700.0,500,Sell,235860188
2024-08-29 14:16:05,38700.0,500,Sell,235860186
2024-08-29 14:16:05,38700.0,1000,Sell,235860190
2024-08-29 14:16:05,38700.0,1000,Sell,235860191
2024-08-29 14:16:05,38700.0,1500,Sell,235860192
2024-08-29 14:16:05,38700.0,200,Sell,235860189
2024-08-29 14:16:05,38650.0,500,Sell,235860197
2024-08-29 14:16:23,38650.0,200,Sell,235860704
2024-08-29 14:16:37,38750.0,100,Buy,235861065
2024-08-29 14:16:41,38750.0,100,Buy,235861152
2024-08-29 14:16:41,38750.0,900,Buy,235861153
2024-08-29 14:17:03,38750.0,1500,Buy,235861848
2024-08-29 14:17:03,38750.0,100,Buy,235861847
2024-08-29 14:17:08,38750.0,300,Sell,235861948
2024-08-29 14:17:21,38750.0,100,Sell,235862284
2024-08-29 14:17:21,38750.0,100,Sell,235862283
2024-08-29 14:17:21,38750.0,600,Sell,235862285
2024-08-29 14:17:25,38750.0,3000,Buy,235862400
2024-08-29 14:17:27,38750.0,100,Buy,235862470
2024-08-29 14:17:59,38750.0,100,Buy,235863270
2024-08-29 14:17:59,38750.0,100,Buy,235863271
2024-08-29 14:17:59,38750.0,800,Buy,235863272
2024-08-29 14:18:08,38750.0,1000,Buy,235863640
2024-08-29 14:18:21,38750.0,1200,Buy,235864090
2024-08-29 14:18:21,38750.0,100,Buy,235864091
2024-08-29 14:18:56,38750.0,100,Buy,235865346
2024-08-29 14:18:56,38750.0,600,Buy,235865347
2024-08-29 14:19:03,38750.0,300,Buy,235865595
2024-08-29 14:19:14,38750.0,100,Buy,235865925
2024-08-29 14:19:17,38750.0,100,Buy,235866013
2024-08-29 14:19:33,38750.0,100,Buy,235866551
2024-08-29 14:19:36,38750.0,100,Buy,235866605
2024-08-29 14:19:37,38750.0,200,Buy,235866654
2024-08-29 14:19:39,38750.0,500,Buy,235866695
2024-08-29 14:19:49,38750.0,1000,Buy,235866992
2024-08-29 14:20:02,38700.0,500,Sell,235867418
2024-08-29 14:20:10,38750.0,1000,Buy,235867620
2024-08-29 14:20:15,38750.0,100,Buy,235867815
2024-08-29 14:20:15,38750.0,400,Buy,235867816
2024-08-29 14:20:26,38750.0,700,Buy,235868197
2024-08-29 14:20:27,38750.0,100,Buy,235868255
2024-08-29 14:20:37,38750.0,100,Buy,235868594
2024-08-29 14:20:38,38750.0,200,Buy,235868609
2024-08-29 14:20:38,38750.0,1000,Buy,235868629
2024-08-29 14:20:39,38750.0,500,Buy,235868630
2024-08-29 14:20:40,38750.0,1000,Sell,235868680
2024-08-29 14:21:02,38750.0,100,Sell,235869178
2024-08-29 14:21:44,38750.0,200,Sell,235870522
2024-08-29 14:21:44,38750.0,400,Sell,235870520
2024-08-29 14:21:44,38750.0,100,Sell,235870521
2024-08-29 14:22:03,38750.0,4000,Sell,235871146
2024-08-29 14:22:17,38750.0,500,Sell,235871540
2024-08-29 14:22:52,38800.0,500,Buy,235872716
2024-08-29 14:23:06,38750.0,300,Sell,235873062
2024-08-29 14:23:06,38750.0,100,Sell,235873063
2024-08-29 14:23:06,38750.0,100,Sell,235873064
2024-08-29 14:23:06,38750.0,1500,Sell,235873065
2024-08-29 14:23:12,38750.0,500,Sell,235873200
2024-08-29 14:23:38,38750.0,100,Sell,235873929
2024-08-29 14:23:38,38750.0,100,Sell,235873926
2024-08-29 14:23:38,38750.0,100,Sell,235873928
2024-08-29 14:23:38,38750.0,100,Sell,235873924
2024-08-29 14:23:38,38750.0,1000,Sell,235873923
2024-08-29 14:23:38,38750.0,300,Sell,235873925
2024-08-29 14:23:38,38750.0,200,Sell,235873927
2024-08-29 14:23:40,38750.0,100,Buy,235873976
2024-08-29 14:24:27,38750.0,2700,Buy,235875803
2024-08-29 14:24:27,38750.0,2000,Buy,235875804
2024-08-29 14:24:27,38750.0,1500,Buy,235875805
2024-08-29 14:24:58,38750.0,300,Sell,235876810
2024-08-29 14:25:01,38750.0,600,Sell,235876964
2024-08-29 14:25:01,38750.0,1400,Sell,235876965
2024-08-29 14:25:57,38750.0,600,Sell,235878918
2024-08-29 14:25:57,38750.0,100,Sell,235878919
2024-08-29 14:25:57,38750.0,500,Sell,235878920
2024-08-29 14:26:40,38750.0,1000,Sell,235880481
2024-08-29 14:27:12,38750.0,100,Sell,235881823
2024-08-29 14:27:12,38750.0,3000,Sell,235881822
2024-08-29 14:27:12,38750.0,1000,Sell,235881820
2024-08-29 14:27:12,38750.0,3000,Sell,235881821
2024-08-29 14:27:16,38750.0,400,Buy,235881929
2024-08-29 14:27:17,38750.0,100,Buy,235882024
2024-08-29 14:28:29,38750.0,2000,Buy,235885386
2024-08-29 14:28:43,38700.0,200,Sell,235886054
2024-08-29 14:28:43,38700.0,800,Sell,235886055
2024-08-29 14:28:49,38700.0,1500,Sell,235886368
2024-08-29 14:28:51,38750.0,400,Buy,235886433
2024-08-29 14:28:51,38750.0,100,Buy,235886434
2024-08-29 14:28:56,38750.0,400,Buy,235886654
2024-08-29 14:28:56,38750.0,500,Buy,235886655
2024-08-29 14:28:56,38750.0,5000,Buy,235886656
2024-08-29 14:28:56,38750.0,1500,Buy,235886657
2024-08-29 14:28:56,38750.0,200,Buy,235886658
2024-08-29 14:29:01,38750.0,400,Sell,235886934
2024-08-29 14:29:23,38700.0,100,Sell,235888287
2024-08-29 14:29:31,38700.0,100,Sell,235888716
2024-08-29 14:29:34,38700.0,100,Sell,235888830
2024-08-29 14:29:43,38750.0,100,Buy,235889393
2024-08-29 14:29:44,38700.0,2400,Sell,235889467
2024-08-29 14:29:44,38700.0,1000,Sell,235889468
2024-08-29 14:29:44,38700.0,100,Sell,235889469
2024-08-29 14:29:44,38700.0,200,Sell,235889470
2024-08-29 14:29:44,38700.0,200,Sell,235889471
2024-08-29 14:29:44,38700.0,200,Sell,235889472
2024-08-29 14:29:44,38700.0,100,Sell,235889473
2024-08-29 14:29:44,38700.0,800,Sell,235889474
2024-08-29 14:29:50,38750.0,500,Buy,235889846
2024-08-29 14:29:50,38750.0,100,Buy,235889847
2024-08-29 14:29:54,38750.0,100,Sell,235890014
2024-08-29 14:44:56,38650.0,64500,ATO/ATC,235890666
