time,price,volume,match_type,id
2024-08-19 09:14:36,39800.0,15900,ATO/ATC,232510132
2024-08-19 09:14:43,39600.0,2800,Sell,232510797
2024-08-19 09:14:43,39600.0,100,Sell,232510796
2024-08-19 09:14:43,39600.0,1200,Sell,232510795
2024-08-19 09:14:43,39600.0,100,Sell,232510794
2024-08-19 09:14:43,39600.0,300,Sell,232510789
2024-08-19 09:14:43,39600.0,100,Sell,232510792
2024-08-19 09:14:43,39600.0,100,Sell,232510790
2024-08-19 09:14:43,39600.0,500,Sell,232510793
2024-08-19 09:14:43,39600.0,2000,Sell,232510791
2024-08-19 09:14:54,39800.0,700,Buy,232511140
2024-08-19 09:14:54,39800.0,300,Buy,232511141
2024-08-19 09:15:17,39600.0,400,Sell,232511980
2024-08-19 09:15:22,39600.0,1600,Sell,232512167
2024-08-19 09:15:26,39600.0,300,Buy,232512314
2024-08-19 09:15:28,39600.0,100,Buy,232512404
2024-08-19 09:15:59,39600.0,600,Sell,232513966
2024-08-19 09:15:59,39600.0,300,Sell,232513978
2024-08-19 09:16:00,39600.0,400,Sell,232514024
2024-08-19 09:16:00,39600.0,200,Sell,232514023
2024-08-19 09:16:00,39600.0,1400,Sell,232514020
2024-08-19 09:16:00,39600.0,1000,Sell,232514021
2024-08-19 09:16:00,39600.0,100,Sell,232514022
2024-08-19 09:16:04,39600.0,100,Buy,232514237
2024-08-19 09:16:07,39600.0,700,Buy,232514428
2024-08-19 09:16:12,39600.0,1000,Buy,232514721
2024-08-19 09:16:18,39600.0,400,Buy,232515102
2024-08-19 09:16:18,39600.0,700,Buy,232515100
2024-08-19 09:16:18,39600.0,1200,Buy,232515101
2024-08-19 09:16:23,39600.0,200,Buy,232515343
2024-08-19 09:16:23,39600.0,700,Buy,232515378
2024-08-19 09:16:23,39600.0,1300,Buy,232515377
2024-08-19 09:16:39,39600.0,100,Buy,232516254
2024-08-19 09:16:43,39600.0,200,Buy,232516475
2024-08-19 09:16:43,39600.0,1200,Buy,232516476
2024-08-19 09:16:43,39600.0,600,Buy,232516477
2024-08-19 09:16:43,39600.0,100,Buy,232516478
2024-08-19 09:16:45,39600.0,1700,Sell,232516602
2024-08-19 09:16:46,39600.0,6200,Sell,232516719
2024-08-19 09:16:50,39550.0,2900,Sell,232516956
2024-08-19 09:16:50,39550.0,100,Sell,232516955
2024-08-19 09:16:51,39550.0,400,Sell,232516987
2024-08-19 09:16:51,39550.0,300,Sell,232516985
2024-08-19 09:16:51,39550.0,100,Sell,232516984
2024-08-19 09:16:51,39550.0,100,Sell,232516983
2024-08-19 09:16:51,39550.0,2000,Sell,232516982
2024-08-19 09:16:51,39550.0,200,Sell,232516971
2024-08-19 09:16:51,39550.0,100,Sell,232516986
2024-08-19 09:16:51,39550.0,100,Sell,232516969
2024-08-19 09:16:51,39550.0,1000,Sell,232516970
2024-08-19 09:16:51,39550.0,1000,Sell,232516965
2024-08-19 09:16:51,39550.0,3100,Sell,232516964
2024-08-19 09:16:51,39550.0,500,Sell,232516967
2024-08-19 09:16:51,39550.0,300,Sell,232516968
2024-08-19 09:16:51,39550.0,100,Sell,232516966
2024-08-19 09:17:05,39550.0,200,Sell,232517725
2024-08-19 09:17:05,39500.0,100,Sell,232517726
2024-08-19 09:17:05,39500.0,7200,Sell,232517727
2024-08-19 09:17:06,39500.0,800,Sell,232517810
2024-08-19 09:17:06,39500.0,1000,Sell,232517811
2024-08-19 09:17:06,39500.0,500,Sell,232517812
2024-08-19 09:17:06,39500.0,1000,Sell,232517813
2024-08-19 09:17:20,39450.0,200,Sell,232518500
2024-08-19 09:17:32,39400.0,100,Sell,232519148
2024-08-19 09:17:33,39300.0,200,Sell,232519219
2024-08-19 09:17:33,39300.0,100,Sell,232519217
2024-08-19 09:17:33,39300.0,100,Sell,232519216
2024-08-19 09:17:33,39300.0,500,Sell,232519218
2024-08-19 09:17:39,39300.0,700,Sell,232519520
2024-08-19 09:17:39,39300.0,100,Sell,232519521
2024-08-19 09:17:39,39300.0,100,Sell,232519519
2024-08-19 09:17:41,39300.0,100,Sell,232519637
2024-08-19 09:17:43,39300.0,100,Sell,232519758
2024-08-19 09:17:53,39300.0,700,Sell,232520202
2024-08-19 09:17:53,39200.0,1000,Sell,232520203
2024-08-19 09:17:53,39200.0,300,Sell,232520204
2024-08-19 09:17:59,39200.0,100,Sell,232520498
2024-08-19 09:17:59,39200.0,1000,Sell,232520542
2024-08-19 09:18:02,39300.0,100,Buy,232520670
2024-08-19 09:18:09,39300.0,100,Buy,232521093
2024-08-19 09:18:09,39300.0,200,Buy,232521094
2024-08-19 09:18:09,39300.0,400,Buy,232521095
2024-08-19 09:18:09,39300.0,300,Buy,232521092
2024-08-19 09:18:10,39300.0,1400,Buy,232521137
2024-08-19 09:18:10,39400.0,900,Buy,232521138
2024-08-19 09:18:10,39400.0,300,Buy,232521139
2024-08-19 09:18:11,39400.0,400,Sell,232521174
2024-08-19 09:18:16,39550.0,100,Buy,232521546
2024-08-19 09:18:17,39200.0,900,Sell,232521576
2024-08-19 09:18:22,39200.0,1200,Sell,232521868
2024-08-19 09:18:22,39250.0,300,Sell,232521867
2024-08-19 09:18:45,39400.0,100,Sell,232523124
2024-08-19 09:18:45,39300.0,500,Sell,232523125
2024-08-19 09:18:45,39300.0,2700,Sell,232523126
2024-08-19 09:18:51,39500.0,1000,Buy,232523531
2024-08-19 09:18:51,39500.0,1000,Buy,232523532
2024-08-19 09:18:52,39300.0,4600,Sell,232523594
2024-08-19 09:18:53,39300.0,2700,Sell,232523654
2024-08-19 09:18:53,39300.0,1900,Buy,232523665
2024-08-19 09:18:55,39450.0,2000,Buy,232523758
2024-08-19 09:18:57,39450.0,1000,Buy,232523858
2024-08-19 09:19:01,39300.0,200,Sell,232524035
2024-08-19 09:19:11,39300.0,100,Sell,232524454
2024-08-19 09:19:11,39400.0,100,Sell,232524441
2024-08-19 09:19:11,39350.0,100,Sell,232524442
2024-08-19 09:19:11,39300.0,3800,Sell,232524443
2024-08-19 09:19:34,39400.0,1000,Sell,232525508
2024-08-19 09:19:44,39400.0,3000,Sell,232525923
2024-08-19 09:19:44,39400.0,1000,Sell,232525924
2024-08-19 09:19:44,39350.0,1000,Sell,232525925
2024-08-19 09:19:44,39350.0,2000,Sell,232525926
2024-08-19 09:19:44,39350.0,100,Sell,232525927
2024-08-19 09:19:44,39350.0,400,Sell,232525928
2024-08-19 09:19:51,39400.0,200,Buy,232526258
2024-08-19 09:19:52,39400.0,800,Buy,232526277
2024-08-19 09:20:03,39400.0,100,Sell,232526709
2024-08-19 09:20:06,39400.0,100,Sell,232526838
2024-08-19 09:20:11,39400.0,100,Sell,232527005
2024-08-19 09:20:11,39400.0,500,Sell,232527006
2024-08-19 09:20:11,39400.0,200,Sell,232527007
2024-08-19 09:20:11,39400.0,2000,Sell,232527008
2024-08-19 09:20:11,39400.0,300,Sell,232527009
2024-08-19 09:20:11,39400.0,2700,Sell,232527004
2024-08-19 09:20:14,39450.0,100,Buy,232527129
2024-08-19 09:20:14,39450.0,400,Buy,232527130
2024-08-19 09:20:14,39400.0,100,Sell,232527153
2024-08-19 09:20:14,39400.0,600,Sell,232527154
2024-08-19 09:20:14,39400.0,100,Sell,232527155
2024-08-19 09:20:15,39400.0,1000,Buy,232527185
2024-08-19 09:20:16,39350.0,10000,Sell,232527236
2024-08-19 09:20:16,39350.0,500,Sell,232527235
2024-08-19 09:20:16,39350.0,600,Sell,232527232
2024-08-19 09:20:16,39350.0,10000,Sell,232527233
2024-08-19 09:20:16,39350.0,1000,Sell,232527234
2024-08-19 09:20:25,39400.0,3200,Buy,232527700
2024-08-19 09:20:25,39400.0,100,Buy,232527701
2024-08-19 09:20:25,39400.0,100,Buy,232527702
2024-08-19 09:20:25,39400.0,400,Buy,232527703
2024-08-19 09:20:25,39400.0,100,Sell,232527704
2024-08-19 09:20:30,39350.0,500,Sell,232527904
2024-08-19 09:20:30,39350.0,100,Sell,232527903
2024-08-19 09:20:30,39400.0,300,Sell,232527902
2024-08-19 09:20:37,39350.0,700,Sell,232528242
2024-08-19 09:20:37,39350.0,100,Sell,232528243
2024-08-19 09:20:37,39300.0,4000,Sell,232528244
2024-08-19 09:20:37,39300.0,20000,Sell,232528245
2024-08-19 09:20:37,39300.0,15200,Sell,232528246
2024-08-19 09:20:54,39350.0,100,Sell,232528873
2024-08-19 09:20:59,39350.0,1900,Sell,232529095
2024-08-19 09:21:01,39350.0,6000,Sell,232529217
2024-08-19 09:21:04,39350.0,100,Sell,232529334
2024-08-19 09:21:06,39350.0,400,Sell,232529408
2024-08-19 09:21:07,39350.0,100,Sell,232529447
2024-08-19 09:21:08,39400.0,200,Buy,232529545
2024-08-19 09:21:13,39350.0,1400,Sell,232529706
2024-08-19 09:21:13,39350.0,3000,Sell,232529707
2024-08-19 09:21:13,39350.0,100,Sell,232529708
2024-08-19 09:21:13,39350.0,200,Sell,232529730
2024-08-19 09:21:14,39350.0,500,Sell,232529740
2024-08-19 09:21:15,39400.0,100,Buy,232529809
2024-08-19 09:21:15,39400.0,200,Buy,232529810
2024-08-19 09:21:15,39400.0,100,Buy,232529808
2024-08-19 09:21:15,39400.0,200,Buy,232529811
2024-08-19 09:21:15,39400.0,500,Buy,232529806
2024-08-19 09:21:15,39400.0,1500,Buy,232529805
2024-08-19 09:21:15,39400.0,100,Buy,232529807
2024-08-19 09:21:15,39400.0,300,Buy,232529804
2024-08-19 09:21:16,39350.0,1000,Sell,232529859
2024-08-19 09:21:16,39350.0,100,Sell,232529856
2024-08-19 09:21:16,39350.0,100,Sell,232529858
2024-08-19 09:21:18,39350.0,1500,Sell,232529925
2024-08-19 09:21:19,39350.0,100,Sell,232530049
2024-08-19 09:21:20,39350.0,400,Sell,232530096
2024-08-19 09:21:21,39400.0,100,Buy,232530137
2024-08-19 09:21:21,39400.0,500,Buy,232530138
2024-08-19 09:21:28,39400.0,100,Buy,232530388
2024-08-19 09:21:29,39400.0,200,Buy,232530434
2024-08-19 09:21:31,39400.0,200,Buy,232530496
2024-08-19 09:21:34,39350.0,100,Sell,232530584
2024-08-19 09:21:35,39350.0,100,Sell,232530630
2024-08-19 09:21:35,39350.0,2000,Sell,232530629
2024-08-19 09:21:35,39350.0,1900,Sell,232530628
2024-08-19 09:21:36,39350.0,1500,Buy,232530693
2024-08-19 09:21:45,39400.0,100,Buy,232530976
2024-08-19 09:21:55,39400.0,600,Buy,232531360
2024-08-19 09:21:57,39350.0,100,Sell,232531434
2024-08-19 09:21:58,39350.0,400,Sell,232531459
2024-08-19 09:21:58,39350.0,1000,Sell,232531460
2024-08-19 09:21:58,39350.0,1000,Sell,232531461
2024-08-19 09:21:58,39350.0,100,Sell,232531462
2024-08-19 09:22:07,39300.0,100,Sell,232531776
2024-08-19 09:22:07,39350.0,100,Sell,232531774
2024-08-19 09:22:07,39350.0,100,Sell,232531775
2024-08-19 09:22:08,39300.0,12100,Sell,232531826
2024-08-19 09:22:19,39300.0,2600,Sell,232532174
2024-08-19 09:22:19,39300.0,400,Sell,232532175
2024-08-19 09:22:29,39350.0,500,Buy,232532504
2024-08-19 09:22:45,39350.0,1000,Buy,232533066
2024-08-19 09:22:47,39300.0,400,Sell,232533147
2024-08-19 09:23:08,39350.0,500,Buy,232534079
2024-08-19 09:23:10,39300.0,1000,Sell,232534177
2024-08-19 09:23:15,39300.0,1000,Sell,232534437
2024-08-19 09:23:15,39300.0,200,Sell,232534435
2024-08-19 09:23:15,39300.0,1000,Sell,232534436
2024-08-19 09:23:23,39300.0,800,Sell,232534766
2024-08-19 09:23:23,39300.0,100,Sell,232534763
2024-08-19 09:23:23,39300.0,3000,Sell,232534765
2024-08-19 09:23:23,39300.0,200,Sell,232534764
2024-08-19 09:23:23,39300.0,400,Sell,232534762
2024-08-19 09:23:23,39300.0,300,Sell,232534757
2024-08-19 09:23:23,39300.0,100,Sell,232534760
2024-08-19 09:23:23,39300.0,5100,Sell,232534759
2024-08-19 09:23:23,39300.0,1100,Sell,232534758
2024-08-19 09:23:23,39300.0,200,Sell,232534756
2024-08-19 09:23:23,39300.0,600,Sell,232534761
2024-08-19 09:23:24,39300.0,2000,Sell,232534802
2024-08-19 09:23:24,39300.0,1000,Sell,232534799
2024-08-19 09:23:24,39300.0,1300,Sell,232534798
2024-08-19 09:23:24,39300.0,100,Sell,232534796
2024-08-19 09:23:24,39300.0,200,Sell,232534780
2024-08-19 09:23:24,39300.0,3000,Sell,232534797
2024-08-19 09:23:24,39300.0,100,Sell,232534795
2024-08-19 09:23:28,39250.0,200,Sell,232534915
2024-08-19 09:23:28,39250.0,500,Sell,232534914
2024-08-19 09:23:28,39250.0,2000,Sell,232534913
2024-08-19 09:23:28,39250.0,400,Sell,232534908
2024-08-19 09:23:28,39250.0,200,Sell,232534911
2024-08-19 09:23:28,39250.0,100,Sell,232534909
2024-08-19 09:23:28,39250.0,200,Sell,232534912
2024-08-19 09:23:28,39250.0,100,Sell,232534910
2024-08-19 09:23:39,39300.0,1300,Buy,232535416
2024-08-19 09:23:40,39300.0,700,Sell,232535438
2024-08-19 09:23:41,39350.0,200,Buy,232535501
2024-08-19 09:23:54,39200.0,1000,Sell,232536038
2024-08-19 09:23:54,39200.0,100,Sell,232536036
2024-08-19 09:23:54,39200.0,200,Sell,232536035
2024-08-19 09:23:54,39200.0,100,Sell,232536034
2024-08-19 09:23:54,39200.0,100,Sell,232536033
2024-08-19 09:23:54,39200.0,100,Sell,232536032
2024-08-19 09:23:54,39200.0,100,Sell,232536031
2024-08-19 09:23:54,39200.0,100,Sell,232536039
2024-08-19 09:23:54,39200.0,20000,Sell,232536029
2024-08-19 09:23:54,39200.0,2000,Sell,232536030
2024-08-19 09:23:54,39200.0,6500,Sell,232536022
2024-08-19 09:23:54,39200.0,10000,Sell,232536023
2024-08-19 09:23:54,39200.0,100,Sell,232536024
2024-08-19 09:23:54,39200.0,2600,Sell,232536037
2024-08-19 09:23:54,39200.0,200,Sell,232536026
2024-08-19 09:23:54,39200.0,2000,Sell,232536027
2024-08-19 09:23:54,39200.0,500,Sell,232536028
2024-08-19 09:23:54,39200.0,100,Sell,232536025
2024-08-19 09:23:56,39150.0,1000,Sell,232536106
2024-08-19 09:23:57,39150.0,100,Sell,232536110
2024-08-19 09:23:58,39050.0,900,Sell,232536202
2024-08-19 09:23:58,39100.0,500,Sell,232536178
2024-08-19 09:23:58,39100.0,100,Sell,232536179
2024-08-19 09:23:58,39050.0,100,Sell,232536201
2024-08-19 09:23:59,39150.0,400,Buy,232536246
2024-08-19 09:24:01,39150.0,1300,Buy,232536360
2024-08-19 09:24:01,39150.0,700,Buy,232536359
2024-08-19 09:24:05,39050.0,100,Sell,232536558
2024-08-19 09:24:05,39000.0,600,Sell,232536559
2024-08-19 09:24:05,39000.0,300,Sell,232536560
2024-08-19 09:24:05,39000.0,100,Sell,232536561
2024-08-19 09:24:05,39000.0,100,Sell,232536562
2024-08-19 09:24:05,39000.0,1000,Sell,232536563
2024-08-19 09:24:05,39000.0,1000,Sell,232536564
2024-08-19 09:24:05,39000.0,2000,Sell,232536565
2024-08-19 09:24:05,39000.0,100,Sell,232536566
2024-08-19 09:24:05,39000.0,400,Sell,232536567
2024-08-19 09:24:06,39000.0,4100,Sell,232536603
2024-08-19 09:24:06,39000.0,500,Sell,232536602
2024-08-19 09:24:06,39000.0,500,Sell,232536591
2024-08-19 09:24:11,39150.0,600,Buy,232536719
2024-08-19 09:24:16,39150.0,100,Sell,232536918
2024-08-19 09:24:17,39000.0,4600,Sell,232536951
2024-08-19 09:24:19,39050.0,100,Buy,232537035
2024-08-19 09:24:20,39050.0,4800,Buy,232537044
2024-08-19 09:24:20,39050.0,1900,Buy,232537045
2024-08-19 09:24:30,39050.0,300,Sell,232537429
2024-08-19 09:24:32,39050.0,300,Sell,232537537
2024-08-19 09:24:34,39050.0,300,Sell,232537562
2024-08-19 09:24:35,39100.0,2000,Sell,232537613
2024-08-19 09:24:48,39100.0,100,Buy,232538073
2024-08-19 09:24:51,39100.0,100,Sell,232538160
2024-08-19 09:24:51,39100.0,100,Sell,232538161
2024-08-19 09:24:52,39050.0,2000,Sell,232538256
2024-08-19 09:24:52,39050.0,100,Sell,232538257
2024-08-19 09:24:52,39050.0,700,Sell,232538250
2024-08-19 09:24:59,39100.0,200,Buy,232538462
2024-08-19 09:25:00,39100.0,100,Buy,232538518
2024-08-19 09:25:00,39100.0,100,Buy,232538519
2024-08-19 09:25:06,39100.0,200,Buy,232538891
2024-08-19 09:25:10,39100.0,200,Buy,232539030
2024-08-19 09:25:12,39100.0,100,Buy,232539135
2024-08-19 09:25:14,39100.0,200,Buy,232539215
2024-08-19 09:25:14,39100.0,1000,Buy,232539214
2024-08-19 09:25:14,39100.0,800,Buy,232539212
2024-08-19 09:25:14,39100.0,1000,Buy,232539213
2024-08-19 09:25:16,39050.0,100,Sell,232539282
2024-08-19 09:25:16,39050.0,100,Sell,232539283
2024-08-19 09:25:16,39050.0,100,Sell,232539284
2024-08-19 09:25:17,39100.0,100,Buy,232539321
2024-08-19 09:25:19,39100.0,500,Buy,232539412
2024-08-19 09:25:19,39100.0,500,Buy,232539413
2024-08-19 09:25:20,39100.0,100,Buy,232539436
2024-08-19 09:25:26,39100.0,100,Buy,232539671
2024-08-19 09:25:34,39050.0,1700,Sell,232539894
2024-08-19 09:25:34,39050.0,100,Sell,232539893
2024-08-19 09:25:34,39050.0,100,Sell,232539892
2024-08-19 09:25:34,39050.0,100,Sell,232539890
2024-08-19 09:25:34,39050.0,1000,Sell,232539889
2024-08-19 09:25:34,39050.0,10000,Sell,232539888
2024-08-19 09:25:34,39050.0,1900,Sell,232539887
2024-08-19 09:25:34,39050.0,100,Sell,232539891
2024-08-19 09:25:35,39050.0,300,Sell,232539962
2024-08-19 09:25:35,39050.0,300,Sell,232539963
2024-08-19 09:25:35,39050.0,1000,Sell,232539964
2024-08-19 09:25:35,39050.0,200,Sell,232539965
2024-08-19 09:25:37,39050.0,4300,Sell,232540075
2024-08-19 09:25:38,39050.0,5700,Sell,232540173
2024-08-19 09:25:39,39100.0,100,Buy,232540210
2024-08-19 09:25:42,39000.0,500,Sell,232540292
2024-08-19 09:25:44,39000.0,100,Sell,232540368
2024-08-19 09:25:53,39050.0,1600,Buy,232540739
2024-08-19 09:25:53,39000.0,1000,Sell,232540743
2024-08-19 09:25:59,39050.0,500,Buy,232540960
2024-08-19 09:25:59,39050.0,1400,Buy,232540958
2024-08-19 09:25:59,39050.0,100,Buy,232540959
2024-08-19 09:26:01,39000.0,5200,Sell,232541074
2024-08-19 09:26:08,39050.0,200,Buy,232541377
2024-08-19 09:26:08,39050.0,300,Buy,232541378
2024-08-19 09:26:10,39000.0,500,Sell,232541479
2024-08-19 09:26:14,39050.0,300,Sell,232541616
2024-08-19 09:26:14,39050.0,100,Sell,232541617
2024-08-19 09:26:14,39000.0,1600,Sell,232541618
2024-08-19 09:26:14,39050.0,1000,Sell,232541665
2024-08-19 09:26:15,39050.0,4100,Sell,232541690
2024-08-19 09:26:15,39050.0,1600,Sell,232541691
2024-08-19 09:26:17,39050.0,100,Buy,232541766
2024-08-19 09:26:20,39000.0,4000,Sell,232541842
2024-08-19 09:26:25,39050.0,3800,Sell,232542026
2024-08-19 09:26:26,39050.0,1000,Sell,232542052
2024-08-19 09:26:30,39050.0,1000,Sell,232542211
2024-08-19 09:26:40,39000.0,400,Sell,232542615
2024-08-19 09:26:46,39050.0,2000,Buy,232542956
2024-08-19 09:26:59,39050.0,200,Buy,232543510
2024-08-19 09:26:59,39050.0,1800,Buy,232543511
2024-08-19 09:27:00,39050.0,100,Buy,232543556
2024-08-19 09:27:06,39000.0,5000,Sell,232543866
2024-08-19 09:27:06,39050.0,300,Buy,232543834
2024-08-19 09:27:07,39050.0,100,Buy,232543896
2024-08-19 09:27:12,39000.0,6000,Sell,232544125
2024-08-19 09:27:19,39000.0,600,Sell,232544371
2024-08-19 09:27:20,39050.0,600,Buy,232544390
2024-08-19 09:27:20,39050.0,200,Buy,232544391
2024-08-19 09:27:20,39050.0,2000,Buy,232544392
2024-08-19 09:27:20,39050.0,300,Buy,232544393
2024-08-19 09:27:20,39050.0,4900,Buy,232544394
2024-08-19 09:27:25,39000.0,3000,Sell,232544629
2024-08-19 09:27:26,39000.0,100,Sell,232544638
2024-08-19 09:27:28,39000.0,4300,Sell,232544714
2024-08-19 09:27:28,39050.0,800,Buy,232544715
2024-08-19 09:27:29,39050.0,700,Buy,232544728
2024-08-19 09:27:29,39050.0,200,Buy,232544727
2024-08-19 09:27:29,39050.0,200,Buy,232544725
2024-08-19 09:27:29,39050.0,4500,Buy,232544726
2024-08-19 09:27:29,39050.0,4300,Buy,232544724
2024-08-19 09:27:44,39050.0,100,Sell,232545317
2024-08-19 09:27:44,39050.0,100,Sell,232545318
2024-08-19 09:27:47,39050.0,200,Sell,232545443
2024-08-19 09:27:47,39050.0,800,Sell,232545444
2024-08-19 09:27:47,39050.0,1200,Sell,232545471
2024-08-19 09:27:49,39050.0,500,Buy,232545546
2024-08-19 09:28:09,39050.0,100,Buy,232546299
2024-08-19 09:28:14,39050.0,900,Buy,232546502
2024-08-19 09:28:14,39050.0,1100,Buy,232546503
2024-08-19 09:28:19,39050.0,900,Buy,232546704
2024-08-19 09:28:23,39000.0,4000,Sell,232546837
2024-08-19 09:28:23,39050.0,100,Buy,232546824
2024-08-19 09:28:32,39000.0,100,Sell,232547177
2024-08-19 09:28:38,39050.0,200,Buy,232547406
2024-08-19 09:28:40,39050.0,400,Buy,232547460
2024-08-19 09:28:40,39050.0,200,Buy,232547461
2024-08-19 09:28:40,39050.0,900,Buy,232547462
2024-08-19 09:28:43,39000.0,100,Sell,232547555
2024-08-19 09:28:44,39050.0,500,Buy,232547577
2024-08-19 09:28:45,39050.0,500,Buy,232547585
2024-08-19 09:28:48,39050.0,500,Buy,232547669
2024-08-19 09:28:50,39000.0,1000,Sell,232547709
2024-08-19 09:28:56,39050.0,500,Buy,232547870
2024-08-19 09:28:56,39050.0,200,Buy,232547869
2024-08-19 09:29:05,39050.0,2000,Buy,232548234
2024-08-19 09:29:06,39050.0,1000,Buy,232548255
2024-08-19 09:29:06,39050.0,3300,Buy,232548313
2024-08-19 09:29:06,39050.0,1700,Buy,232548314
2024-08-19 09:29:09,39050.0,200,Buy,232548416
2024-08-19 09:29:09,39050.0,100,Buy,232548417
2024-08-19 09:29:14,39100.0,100,Buy,232548570
2024-08-19 09:29:39,39050.0,700,Sell,232549478
2024-08-19 09:29:45,39050.0,600,Sell,232549721
2024-08-19 09:29:45,39050.0,400,Sell,232549720
2024-08-19 09:29:45,39050.0,4000,Sell,232549719
2024-08-19 09:29:47,39050.0,200,Sell,232549784
2024-08-19 09:29:52,39100.0,100,Buy,232549989
2024-08-19 09:30:01,39100.0,100,Buy,232550276
2024-08-19 09:30:03,39050.0,200,Sell,232550315
2024-08-19 09:30:03,39050.0,200,Sell,232550316
2024-08-19 09:30:03,39050.0,600,Sell,232550317
2024-08-19 09:30:03,39050.0,1000,Sell,232550318
2024-08-19 09:30:07,39100.0,1900,Buy,232550460
2024-08-19 09:30:07,39100.0,100,Buy,232550461
2024-08-19 09:30:14,39050.0,100,Sell,232550726
2024-08-19 09:30:17,39050.0,300,Sell,232550806
2024-08-19 09:30:17,39050.0,600,Sell,232550805
2024-08-19 09:30:17,39050.0,200,Sell,232550802
2024-08-19 09:30:17,39050.0,100,Sell,232550803
2024-08-19 09:30:17,39050.0,900,Sell,232550801
2024-08-19 09:30:17,39050.0,1000,Sell,232550804
2024-08-19 09:30:20,39050.0,1000,Sell,232551019
2024-08-19 09:30:21,39050.0,300,Sell,232551037
2024-08-19 09:30:30,39050.0,100,Sell,232551328
2024-08-19 09:30:40,39100.0,800,Buy,232551605
2024-08-19 09:30:40,39100.0,3000,Buy,232551604
2024-08-19 09:30:40,39100.0,1500,Buy,232551603
2024-08-19 09:30:40,39100.0,1000,Buy,232551602
2024-08-19 09:30:40,39100.0,1400,Buy,232551601
2024-08-19 09:30:40,39100.0,100,Buy,232551599
2024-08-19 09:30:40,39050.0,100,Sell,232551584
2024-08-19 09:30:40,39100.0,100,Buy,232551600
2024-08-19 09:30:40,39100.0,400,Buy,232551598
2024-08-19 09:30:40,39100.0,900,Buy,232551597
2024-08-19 09:30:41,39050.0,100,Sell,232551658
2024-08-19 09:30:54,39050.0,900,Sell,232552101
2024-08-19 09:30:54,39050.0,100,Sell,232552102
2024-08-19 09:30:54,39050.0,5000,Sell,232552103
2024-08-19 09:30:54,39050.0,1000,Sell,232552104
2024-08-19 09:30:54,39050.0,200,Sell,232552105
2024-08-19 09:30:54,39050.0,100,Sell,232552106
2024-08-19 09:30:54,39050.0,200,Sell,232552107
2024-08-19 09:30:57,39050.0,700,Sell,232552337
2024-08-19 09:31:09,39100.0,100,Buy,232552806
2024-08-19 09:31:09,39100.0,200,Buy,232552807
2024-08-19 09:31:09,39100.0,700,Buy,232552808
2024-08-19 09:31:11,39100.0,100,Buy,232552876
2024-08-19 09:31:11,39100.0,200,Buy,232552875
2024-08-19 09:31:11,39100.0,100,Buy,232552874
2024-08-19 09:31:11,39100.0,300,Buy,232552873
2024-08-19 09:31:13,39100.0,300,Sell,232552940
2024-08-19 09:31:14,39150.0,100,Buy,232552976
2024-08-19 09:31:14,39150.0,900,Buy,232552977
2024-08-19 09:31:17,39100.0,200,Sell,232553068
2024-08-19 09:31:34,39150.0,100,Buy,232553545
2024-08-19 09:31:34,39150.0,2900,Buy,232553546
2024-08-19 09:31:39,39100.0,400,Sell,232553674
2024-08-19 09:31:43,39100.0,400,Sell,232553801
2024-08-19 09:31:43,39100.0,100,Sell,232553802
2024-08-19 09:31:43,39100.0,4500,Sell,232553803
2024-08-19 09:31:45,39150.0,100,Buy,232553872
2024-08-19 09:32:09,39150.0,100,Buy,232554595
2024-08-19 09:32:12,39150.0,200,Buy,232554649
2024-08-19 09:32:12,39150.0,500,Buy,232554648
2024-08-19 09:32:12,39150.0,1600,Buy,232554645
2024-08-19 09:32:12,39150.0,100,Buy,232554646
2024-08-19 09:32:12,39150.0,2000,Buy,232554647
2024-08-19 09:32:19,39100.0,500,Sell,232554933
2024-08-19 09:32:19,39100.0,1000,Sell,232554934
2024-08-19 09:32:19,39100.0,100,Sell,232554935
2024-08-19 09:32:38,39100.0,100,Sell,232555465
2024-08-19 09:32:39,39050.0,4000,Sell,232555515
2024-08-19 09:32:39,39050.0,200,Sell,232555516
2024-08-19 09:32:39,39050.0,200,Sell,232555517
2024-08-19 09:32:39,39050.0,2000,Sell,232555518
2024-08-19 09:32:39,39050.0,1000,Sell,232555519
2024-08-19 09:32:45,39100.0,600,Buy,232555737
2024-08-19 09:32:47,39050.0,100,Sell,232555812
2024-08-19 09:32:47,39050.0,100,Sell,232555813
2024-08-19 09:32:49,39100.0,100,Buy,232555877
2024-08-19 09:33:03,39050.0,5000,Sell,232556353
2024-08-19 09:33:27,39050.0,100,Sell,232557109
2024-08-19 09:33:28,39050.0,100,Sell,232557115
2024-08-19 09:33:35,39000.0,100,Sell,232557277
2024-08-19 09:33:45,39000.0,500,Sell,232557598
2024-08-19 09:33:45,39000.0,1000,Sell,232557604
2024-08-19 09:33:45,39000.0,200,Sell,232557603
2024-08-19 09:33:45,39000.0,500,Sell,232557602
2024-08-19 09:33:45,39000.0,100,Sell,232557601
2024-08-19 09:33:45,39000.0,16000,Sell,232557600
2024-08-19 09:33:45,39000.0,30000,Sell,232557599
2024-08-19 09:33:45,39000.0,100,Sell,232557597
2024-08-19 09:33:45,39000.0,2500,Sell,232557565
2024-08-19 09:33:45,39000.0,2000,Sell,232557595
2024-08-19 09:33:45,39000.0,5700,Sell,232557594
2024-08-19 09:33:45,39000.0,100,Sell,232557593
2024-08-19 09:33:45,39000.0,100,Sell,232557592
2024-08-19 09:33:45,39000.0,200,Sell,232557591
2024-08-19 09:33:45,39000.0,500,Sell,232557590
2024-08-19 09:33:45,39000.0,1200,Sell,232557589
2024-08-19 09:33:45,39000.0,200,Sell,232557596
2024-08-19 09:33:46,39000.0,500,Sell,232557620
2024-08-19 09:33:46,39000.0,600,Sell,232557621
2024-08-19 09:33:46,39000.0,100,Sell,232557622
2024-08-19 09:33:46,39000.0,1000,Sell,232557623
2024-08-19 09:33:46,39000.0,100,Sell,232557627
2024-08-19 09:33:46,39000.0,100,Sell,232557625
2024-08-19 09:33:46,39000.0,100,Sell,232557626
2024-08-19 09:33:46,39000.0,2000,Sell,232557628
2024-08-19 09:33:46,39000.0,200,Sell,232557624
2024-08-19 09:33:46,39000.0,40000,Sell,232557618
2024-08-19 09:33:46,39000.0,1000,Sell,232557619
2024-08-19 09:33:46,39000.0,1000,Sell,232557616
2024-08-19 09:33:46,39000.0,1000,Sell,232557615
2024-08-19 09:33:46,39000.0,1000,Sell,232557614
2024-08-19 09:33:46,39000.0,100,Sell,232557613
2024-08-19 09:33:46,39000.0,200,Sell,232557612
2024-08-19 09:33:46,39000.0,200,Sell,232557611
2024-08-19 09:33:46,39000.0,200,Sell,232557610
2024-08-19 09:33:46,39000.0,300,Sell,232557609
2024-08-19 09:33:46,39000.0,1000,Sell,232557608
2024-08-19 09:33:46,39000.0,100,Sell,232557607
2024-08-19 09:33:46,39000.0,1000,Sell,232557606
2024-08-19 09:33:46,39000.0,100,Sell,232557617
2024-08-19 09:33:47,39000.0,900,Sell,232557645
2024-08-19 09:33:47,39000.0,200,Sell,232557644
2024-08-19 09:33:47,39000.0,1100,Sell,232557640
2024-08-19 09:33:47,39000.0,10000,Sell,232557642
2024-08-19 09:33:47,39000.0,200,Sell,232557641
2024-08-19 09:33:47,39000.0,500,Sell,232557643
2024-08-19 09:33:51,39000.0,100,Sell,232557778
2024-08-19 09:33:51,39000.0,200,Sell,232557779
2024-08-19 09:33:51,39000.0,200,Sell,232557780
2024-08-19 09:33:52,39000.0,100,Buy,232557825
2024-08-19 09:33:52,39000.0,100,Sell,232557824
2024-08-19 09:33:52,39000.0,100,Sell,232557823
2024-08-19 09:33:52,39000.0,500,Sell,232557822
2024-08-19 09:33:52,39000.0,1000,Sell,232557820
2024-08-19 09:33:52,39000.0,300,Sell,232557819
2024-08-19 09:33:52,39000.0,200,Sell,232557821
2024-08-19 09:33:54,38950.0,100,Sell,232557873
2024-08-19 09:33:54,38950.0,200,Sell,232557874
2024-08-19 09:33:54,38950.0,100,Sell,232557875
2024-08-19 09:33:54,38950.0,10000,Sell,232557876
2024-08-19 09:33:55,38950.0,200,Buy,232557911
2024-08-19 09:33:56,38950.0,3000,Buy,232557946
2024-08-19 09:34:09,38950.0,1000,Buy,232558356
2024-08-19 09:34:12,38900.0,100,Sell,232558442
2024-08-19 09:34:12,38900.0,300,Sell,232558440
2024-08-19 09:34:12,38900.0,700,Sell,232558439
2024-08-19 09:34:12,38900.0,100,Sell,232558438
2024-08-19 09:34:12,38900.0,2000,Sell,232558437
2024-08-19 09:34:12,38900.0,100,Sell,232558436
2024-08-19 09:34:12,38900.0,1000,Sell,232558428
2024-08-19 09:34:12,38900.0,200,Sell,232558430
2024-08-19 09:34:12,38900.0,500,Sell,232558429
2024-08-19 09:34:12,38900.0,1000,Sell,232558426
2024-08-19 09:34:12,38900.0,200,Sell,232558425
2024-08-19 09:34:12,38900.0,1000,Sell,232558424
2024-08-19 09:34:12,38900.0,1000,Sell,232558431
2024-08-19 09:34:12,38900.0,500,Sell,232558427
2024-08-19 09:34:23,38900.0,200,Buy,232558706
2024-08-19 09:34:25,38850.0,200,Sell,232558775
2024-08-19 09:34:36,38850.0,100,Sell,232559153
2024-08-19 09:34:36,38850.0,100,Sell,232559154
2024-08-19 09:34:39,38850.0,100,Sell,232559242
2024-08-19 09:34:41,38850.0,100,Sell,232559307
2024-08-19 09:34:42,38850.0,100,Buy,232559368
2024-08-19 09:34:49,38850.0,100,Buy,232559547
2024-08-19 09:34:52,38800.0,200,Sell,232559641
2024-08-19 09:34:52,38800.0,100,Sell,232559642
2024-08-19 09:34:52,38800.0,200,Sell,232559643
2024-08-19 09:34:52,38800.0,1200,Sell,232559644
2024-08-19 09:34:52,38800.0,1000,Sell,232559645
2024-08-19 09:34:52,38800.0,300,Sell,232559646
2024-08-19 09:34:52,38800.0,1700,Sell,232559647
2024-08-19 09:34:53,38800.0,300,Sell,232559694
2024-08-19 09:34:53,38800.0,100,Sell,232559693
2024-08-19 09:34:53,38800.0,1000,Sell,232559692
2024-08-19 09:34:53,38800.0,1000,Sell,232559689
2024-08-19 09:34:53,38800.0,100,Sell,232559690
2024-08-19 09:34:53,38800.0,1300,Sell,232559688
2024-08-19 09:34:53,38800.0,100,Sell,232559691
2024-08-19 09:34:54,38800.0,500,Sell,232559729
2024-08-19 09:34:54,38800.0,2000,Sell,232559730
2024-08-19 09:34:54,38800.0,100,Sell,232559731
2024-08-19 09:34:56,38800.0,100,Buy,232559800
2024-08-19 09:35:03,38750.0,1000,Sell,232559944
2024-08-19 09:35:04,38750.0,2900,Sell,232559962
2024-08-19 09:35:10,38750.0,100,Sell,232560076
2024-08-19 09:35:15,38750.0,100,Buy,232560193
2024-08-19 09:35:17,38750.0,500,Buy,232560242
2024-08-19 09:35:17,38750.0,500,Buy,232560243
2024-08-19 09:35:18,38700.0,100,Sell,232560254
2024-08-19 09:35:18,38700.0,200,Sell,232560255
2024-08-19 09:35:18,38700.0,400,Sell,232560256
2024-08-19 09:35:18,38750.0,100,Buy,232560265
2024-08-19 09:35:19,38700.0,1000,Sell,232560286
2024-08-19 09:35:19,38700.0,300,Sell,232560285
2024-08-19 09:35:19,38700.0,700,Sell,232560284
2024-08-19 09:35:19,38700.0,600,Sell,232560283
2024-08-19 09:35:27,38600.0,300,Sell,232560522
2024-08-19 09:35:27,38600.0,300,Sell,232560521
2024-08-19 09:35:27,38600.0,300,Sell,232560520
2024-08-19 09:35:27,38600.0,700,Sell,232560518
2024-08-19 09:35:27,38600.0,2000,Sell,232560517
2024-08-19 09:35:27,38600.0,1000,Sell,232560508
2024-08-19 09:35:27,38600.0,1500,Sell,232560507
2024-08-19 09:35:27,38600.0,400,Sell,232560519
2024-08-19 09:35:27,38600.0,5000,Sell,232560505
2024-08-19 09:35:27,38600.0,1000,Sell,232560504
2024-08-19 09:35:27,38600.0,100,Sell,232560503
2024-08-19 09:35:27,38600.0,100,Sell,232560502
2024-08-19 09:35:27,38600.0,1700,Sell,232560501
2024-08-19 09:35:27,38600.0,100,Sell,232560500
2024-08-19 09:35:27,38600.0,200,Sell,232560499
2024-08-19 09:35:27,38600.0,1100,Sell,232560506
2024-08-19 09:35:29,38700.0,300,Buy,232560615
2024-08-19 09:35:31,38500.0,1800,Sell,232560723
2024-08-19 09:35:31,38500.0,100,Sell,232560722
2024-08-19 09:35:31,38500.0,100,Sell,232560721
2024-08-19 09:35:31,38500.0,1000,Sell,232560720
2024-08-19 09:35:31,38500.0,100,Sell,232560719
2024-08-19 09:35:31,38500.0,1000,Sell,232560718
2024-08-19 09:35:31,38500.0,900,Sell,232560715
2024-08-19 09:35:31,38500.0,200,Sell,232560716
2024-08-19 09:35:31,38550.0,500,Sell,232560714
2024-08-19 09:35:31,38550.0,100,Sell,232560713
2024-08-19 09:35:31,38600.0,100,Sell,232560712
2024-08-19 09:35:31,38600.0,700,Sell,232560711
2024-08-19 09:35:31,38650.0,200,Sell,232560710
2024-08-19 09:35:31,38500.0,1000,Sell,232560717
2024-08-19 09:35:43,38600.0,1200,Sell,232560997
2024-08-19 09:35:46,38500.0,100,Sell,232561055
2024-08-19 09:35:46,38500.0,1000,Sell,232561054
2024-08-19 09:35:46,38500.0,100,Sell,232561056
2024-08-19 09:35:46,38500.0,300,Sell,232561053
2024-08-19 09:35:46,38500.0,100,Sell,232561058
2024-08-19 09:35:46,38500.0,3000,Sell,232561059
2024-08-19 09:35:46,38500.0,1000,Sell,232561060
2024-08-19 09:35:46,38500.0,5000,Sell,232561057
2024-08-19 09:35:46,38500.0,2000,Sell,232561052
2024-08-19 09:35:46,38500.0,1000,Sell,232561048
2024-08-19 09:35:46,38500.0,5000,Sell,232561050
2024-08-19 09:35:46,38500.0,300,Sell,232561051
2024-08-19 09:35:46,38550.0,100,Sell,232561041
2024-08-19 09:35:46,38550.0,100,Sell,232561042
2024-08-19 09:35:46,38550.0,200,Sell,232561043
2024-08-19 09:35:46,38500.0,100,Sell,232561046
2024-08-19 09:35:46,38500.0,100,Sell,232561045
2024-08-19 09:35:46,38500.0,300,Sell,232561047
2024-08-19 09:35:46,38500.0,2000,Sell,232561049
2024-08-19 09:35:46,38500.0,3200,Sell,232561044
2024-08-19 09:35:52,38600.0,1000,Buy,232561351
2024-08-19 09:35:54,38600.0,300,Buy,232561422
2024-08-19 09:36:01,38600.0,200,Sell,232561649
2024-08-19 09:36:01,38600.0,1000,Sell,232561650
2024-08-19 09:36:01,38600.0,100,Sell,232561651
2024-08-19 09:36:02,38600.0,100,Buy,232561666
2024-08-19 09:36:05,38600.0,500,Buy,232561796
2024-08-19 09:36:15,38550.0,900,Sell,232562276
2024-08-19 09:36:15,38550.0,100,Sell,232562275
2024-08-19 09:36:15,38550.0,100,Sell,232562272
2024-08-19 09:36:15,38550.0,700,Sell,232562271
2024-08-19 09:36:15,38550.0,100,Sell,232562273
2024-08-19 09:36:15,38550.0,100,Sell,232562274
2024-08-19 09:36:16,38600.0,1000,Buy,232562286
2024-08-19 09:36:17,38600.0,100,Buy,232562305
2024-08-19 09:36:17,38600.0,100,Buy,232562309
2024-08-19 09:36:17,38600.0,100,Buy,232562310
2024-08-19 09:36:18,38600.0,2400,Buy,232562327
2024-08-19 09:36:18,38600.0,2500,Buy,232562325
2024-08-19 09:36:18,38600.0,100,Buy,232562326
2024-08-19 09:36:19,38600.0,100,Buy,232562490
2024-08-19 09:36:20,38600.0,100,Buy,232562506
2024-08-19 09:36:21,38600.0,300,Buy,232562531
2024-08-19 09:36:23,38600.0,100,Buy,232562582
2024-08-19 09:36:25,38600.0,100,Buy,232562629
2024-08-19 09:36:25,38600.0,100,Buy,232562630
2024-08-19 09:36:25,38600.0,3000,Buy,232562646
2024-08-19 09:36:27,38600.0,1900,Buy,232562700
2024-08-19 09:36:27,38600.0,100,Buy,232562701
2024-08-19 09:36:28,38600.0,200,Buy,232562718
2024-08-19 09:36:28,38600.0,100,Buy,232562744
2024-08-19 09:36:29,38600.0,200,Buy,232562835
2024-08-19 09:36:29,38600.0,600,Buy,232562833
2024-08-19 09:36:29,38600.0,1100,Buy,232562834
2024-08-19 09:36:33,38650.0,200,Buy,232562983
2024-08-19 09:36:33,38700.0,800,Buy,232562984
2024-08-19 09:36:41,38650.0,100,Sell,232563287
2024-08-19 09:36:41,38650.0,100,Sell,232563288
2024-08-19 09:36:42,38700.0,300,Buy,232563328
2024-08-19 09:36:56,38700.0,100,Buy,232563790
2024-08-19 09:36:57,38700.0,1000,Buy,232563819
2024-08-19 09:36:57,38700.0,300,Buy,232563820
2024-08-19 09:36:57,38700.0,100,Buy,232563817
2024-08-19 09:36:57,38700.0,100,Buy,232563818
2024-08-19 09:36:57,38700.0,900,Buy,232563816
2024-08-19 09:37:03,38700.0,2900,Sell,232564096
2024-08-19 09:37:03,38700.0,600,Sell,232564095
2024-08-19 09:37:07,38750.0,400,Buy,232564257
2024-08-19 09:37:07,38750.0,400,Buy,232564255
2024-08-19 09:37:07,38750.0,200,Buy,232564256
2024-08-19 09:37:08,38750.0,2500,Buy,232564272
2024-08-19 09:37:08,38750.0,200,Buy,232564273
2024-08-19 09:37:20,38800.0,200,Buy,232564804
2024-08-19 09:37:23,38800.0,600,Buy,232565011
2024-08-19 09:37:24,38800.0,500,Buy,232565043
2024-08-19 09:37:26,38800.0,100,Buy,232565082
2024-08-19 09:37:26,38800.0,200,Buy,232565088
2024-08-19 09:37:28,38800.0,100,Buy,232565180
2024-08-19 09:37:29,38750.0,300,Sell,232565189
2024-08-19 09:37:38,38800.0,100,Buy,232565591
2024-08-19 09:37:45,38800.0,100,Sell,232565894
2024-08-19 09:37:45,38800.0,300,Sell,232565895
2024-08-19 09:37:59,38850.0,1300,Buy,232566323
2024-08-19 09:37:59,38850.0,2000,Buy,232566324
2024-08-19 09:37:59,38850.0,300,Buy,232566325
2024-08-19 09:38:07,38850.0,200,Sell,232566657
2024-08-19 09:38:08,38900.0,100,Buy,232566717
2024-08-19 09:38:10,38900.0,100,Buy,232566772
2024-08-19 09:38:33,39000.0,100,Buy,232567726
2024-08-19 09:38:33,39000.0,1900,Buy,232567727
2024-08-19 09:38:33,39000.0,1000,Buy,232567725
2024-08-19 09:38:34,39000.0,200,Buy,232567773
2024-08-19 09:38:39,39000.0,1000,Buy,232568017
2024-08-19 09:38:42,39000.0,200,Buy,232568099
2024-08-19 09:38:42,38900.0,900,Sell,232568100
2024-08-19 09:38:42,38900.0,300,Sell,232568101
2024-08-19 09:38:53,38900.0,300,Sell,232568539
2024-08-19 09:38:53,38900.0,300,Sell,232568540
2024-08-19 09:38:53,38900.0,100,Sell,232568537
2024-08-19 09:38:53,38900.0,500,Sell,232568536
2024-08-19 09:38:53,38900.0,1000,Sell,232568538
2024-08-19 09:39:06,38850.0,200,Sell,232569133
2024-08-19 09:39:06,38850.0,1800,Sell,232569134
2024-08-19 09:39:10,38900.0,100,Buy,232569340
2024-08-19 09:39:10,38900.0,200,Buy,232569387
2024-08-19 09:39:17,38900.0,200,Buy,232569594
2024-08-19 09:39:18,38900.0,200,Buy,232569633
2024-08-19 09:39:21,38900.0,100,Buy,232569774
2024-08-19 09:39:26,38900.0,1000,Buy,232569942
2024-08-19 09:39:26,38900.0,100,Buy,232569969
2024-08-19 09:39:30,38900.0,400,Buy,232570105
2024-08-19 09:39:30,38900.0,300,Buy,232570106
2024-08-19 09:39:37,38950.0,100,Buy,232570312
2024-08-19 09:39:37,39000.0,1900,Buy,232570313
2024-08-19 09:39:56,39000.0,100,Buy,232571188
2024-08-19 09:39:57,39000.0,100,Buy,232571195
2024-08-19 09:39:57,39000.0,800,Buy,232571193
2024-08-19 09:39:57,39000.0,200,Buy,232571194
2024-08-19 09:39:59,39000.0,100,Buy,232571298
2024-08-19 09:40:10,39000.0,100,Buy,232571665
2024-08-19 09:40:12,39000.0,900,Buy,232571775
2024-08-19 09:40:12,39000.0,100,Buy,232571773
2024-08-19 09:40:12,39000.0,1000,Buy,232571774
2024-08-19 09:40:18,38900.0,100,Sell,232572097
2024-08-19 09:40:38,38900.0,100,Sell,232572946
2024-08-19 09:40:38,38900.0,100,Sell,232572947
2024-08-19 09:40:38,38900.0,100,Sell,232572948
2024-08-19 09:40:38,38900.0,300,Sell,232572949
2024-08-19 09:40:39,38900.0,600,Sell,232573000
2024-08-19 09:40:39,38900.0,200,Sell,232572997
2024-08-19 09:40:39,38900.0,100,Sell,232572998
2024-08-19 09:40:39,38900.0,1000,Sell,232572999
2024-08-19 09:40:47,38950.0,100,Buy,232573437
2024-08-19 09:40:47,38950.0,900,Buy,232573438
2024-08-19 09:41:07,38950.0,200,Buy,232574438
2024-08-19 09:41:17,38900.0,400,Sell,232574821
2024-08-19 09:41:17,38900.0,100,Sell,232574817
2024-08-19 09:41:17,38900.0,100,Sell,232574818
2024-08-19 09:41:17,38900.0,100,Sell,232574819
2024-08-19 09:41:17,38900.0,2000,Sell,232574820
2024-08-19 09:41:18,38900.0,2000,Sell,232574859
2024-08-19 09:41:18,38900.0,100,Sell,232574858
2024-08-19 09:41:22,38900.0,1000,Buy,232575003
2024-08-19 09:41:30,38900.0,500,Buy,232575278
2024-08-19 09:41:30,38900.0,2100,Buy,232575279
2024-08-19 09:41:30,38900.0,2400,Buy,232575277
2024-08-19 09:41:41,38900.0,300,Sell,232575644
2024-08-19 09:41:43,38900.0,1200,Sell,232575702
2024-08-19 09:42:00,38900.0,300,Sell,232576299
2024-08-19 09:42:01,38900.0,4700,Sell,232576319
2024-08-19 09:42:01,38900.0,400,Sell,232576320
2024-08-19 09:42:20,38950.0,100,Buy,232576869
2024-08-19 09:42:20,38950.0,100,Buy,232576870
2024-08-19 09:42:24,38850.0,1000,Sell,232576968
2024-08-19 09:42:24,38900.0,500,Sell,232576967
2024-08-19 09:42:39,38900.0,200,Sell,232577513
2024-08-19 09:42:46,38900.0,100,Sell,232577743
2024-08-19 09:42:56,38950.0,500,Buy,232578060
2024-08-19 09:43:03,38950.0,1000,Buy,232578315
2024-08-19 09:43:05,38950.0,1000,Buy,232578350
2024-08-19 09:43:08,38900.0,300,Sell,232578575
2024-08-19 09:43:08,38900.0,100,Sell,232578576
2024-08-19 09:43:08,38900.0,200,Sell,232578577
2024-08-19 09:43:08,38900.0,400,Sell,232578578
2024-08-19 09:43:20,38900.0,100,Sell,232579155
2024-08-19 09:43:35,38950.0,100,Buy,232579732
2024-08-19 09:43:38,38950.0,100,Buy,232579904
2024-08-19 09:43:39,38950.0,2000,Buy,232579921
2024-08-19 09:43:40,38950.0,200,Buy,232579934
2024-08-19 09:43:44,38950.0,200,Buy,232580100
2024-08-19 09:43:45,38950.0,200,Buy,232580164
2024-08-19 09:43:46,38950.0,400,Buy,232580200
2024-08-19 09:43:46,38950.0,1000,Buy,232580201
2024-08-19 09:43:46,38950.0,100,Buy,232580202
2024-08-19 09:43:56,38950.0,100,Buy,232580558
2024-08-19 09:44:04,38950.0,500,Buy,232580942
2024-08-19 09:44:04,38950.0,500,Buy,232580943
2024-08-19 09:44:06,38900.0,100,Sell,232581008
2024-08-19 09:44:06,38950.0,400,Buy,232580981
2024-08-19 09:44:06,38900.0,1600,Sell,232580977
2024-08-19 09:44:07,38950.0,100,Buy,232581033
2024-08-19 09:44:08,38950.0,300,Buy,232581038
2024-08-19 09:44:16,38950.0,1200,Buy,232581277
2024-08-19 09:44:16,38950.0,100,Buy,232581278
2024-08-19 09:44:28,39000.0,100,Buy,232581653
2024-08-19 09:44:28,39000.0,200,Buy,232581654
2024-08-19 09:44:46,38950.0,1000,Sell,232582173
2024-08-19 09:44:53,39000.0,600,Buy,232582426
2024-08-19 09:44:55,39000.0,700,Buy,232582631
2024-08-19 09:44:58,39000.0,2300,Buy,232582695
2024-08-19 09:44:58,39000.0,100,Buy,232582694
2024-08-19 09:44:58,39000.0,500,Buy,232582691
2024-08-19 09:44:58,39000.0,5600,Buy,232582692
2024-08-19 09:44:58,39000.0,1200,Buy,232582690
2024-08-19 09:44:58,39000.0,300,Buy,232582693
2024-08-19 09:45:03,39000.0,100,Buy,232582822
2024-08-19 09:45:03,39000.0,900,Buy,232582823
2024-08-19 09:45:13,39000.0,100,Sell,232583194
2024-08-19 09:45:13,39000.0,1900,Sell,232583195
2024-08-19 09:45:19,39000.0,1000,Buy,232583364
2024-08-19 09:45:21,39000.0,1000,Buy,232583416
2024-08-19 09:45:21,39000.0,2500,Buy,232583417
2024-08-19 09:45:30,39000.0,200,Sell,232583652
2024-08-19 09:45:31,39000.0,100,Sell,232583727
2024-08-19 09:45:31,39000.0,500,Sell,232583726
2024-08-19 09:45:31,39000.0,1900,Sell,232583723
2024-08-19 09:45:31,39000.0,100,Sell,232583724
2024-08-19 09:45:31,39000.0,100,Sell,232583725
2024-08-19 09:45:46,39000.0,900,Buy,232584147
2024-08-19 09:45:46,39000.0,2500,Buy,232584148
2024-08-19 09:45:47,39000.0,3200,Sell,232584186
2024-08-19 09:46:14,39050.0,100,Buy,232584904
2024-08-19 09:46:25,39050.0,200,Buy,232585204
2024-08-19 09:46:33,39050.0,100,Buy,232585695
2024-08-19 09:46:47,39100.0,200,Buy,232586342
2024-08-19 09:46:55,39050.0,300,Sell,232586804
2024-08-19 09:46:55,39050.0,300,Sell,232586803
2024-08-19 09:46:55,39000.0,1000,Sell,232586807
2024-08-19 09:46:55,39050.0,800,Sell,232586805
2024-08-19 09:46:55,39000.0,100,Sell,232586806
2024-08-19 09:47:03,39100.0,100,Buy,232587004
2024-08-19 09:47:09,39100.0,100,Buy,232587208
2024-08-19 09:47:38,39100.0,100,Buy,232588433
2024-08-19 09:47:38,39100.0,100,Buy,232588431
2024-08-19 09:47:38,39100.0,100,Buy,232588432
2024-08-19 09:47:45,39100.0,1000,Buy,232588693
2024-08-19 09:47:45,39100.0,100,Buy,232588692
2024-08-19 09:47:45,39100.0,1900,Buy,232588688
2024-08-19 09:47:45,39100.0,400,Buy,232588690
2024-08-19 09:47:45,39100.0,100,Buy,232588689
2024-08-19 09:47:45,39100.0,500,Buy,232588691
2024-08-19 09:48:17,39050.0,100,Sell,232589758
2024-08-19 09:48:24,39100.0,300,Buy,232589960
2024-08-19 09:48:24,39100.0,1900,Buy,232589963
2024-08-19 09:48:34,39100.0,1000,Sell,232590380
2024-08-19 09:48:54,39100.0,100,Sell,232591165
2024-08-19 09:48:54,39100.0,900,Sell,232591170
2024-08-19 09:48:54,39050.0,100,Sell,232591171
2024-08-19 09:48:56,39150.0,600,Buy,232591235
2024-08-19 09:48:56,39150.0,100,Buy,232591233
2024-08-19 09:48:56,39150.0,300,Buy,232591234
2024-08-19 09:49:09,39150.0,400,Buy,232591691
2024-08-19 09:49:09,39150.0,300,Buy,232591692
2024-08-19 09:49:09,39150.0,100,Buy,232591693
2024-08-19 09:49:11,39150.0,400,Sell,232591751
2024-08-19 09:49:12,39200.0,600,Buy,232591773
2024-08-19 09:49:12,39200.0,100,Buy,232591771
2024-08-19 09:49:12,39200.0,100,Buy,232591772
2024-08-19 09:49:12,39200.0,200,Buy,232591769
2024-08-19 09:49:12,39200.0,400,Buy,232591770
2024-08-19 09:49:12,39200.0,500,Buy,232591768
2024-08-19 09:49:15,39200.0,100,Sell,232591966
2024-08-19 09:49:21,39200.0,100,Buy,232592137
2024-08-19 09:49:25,39200.0,100,Buy,232592264
2024-08-19 09:49:31,39200.0,300,Buy,232592512
2024-08-19 09:49:31,39200.0,200,Buy,232592513
2024-08-19 09:49:38,39200.0,300,Sell,232592821
2024-08-19 09:49:38,39200.0,500,Sell,232592822
2024-08-19 09:49:38,39200.0,200,Sell,232592823
2024-08-19 09:50:16,39200.0,500,Sell,232594082
2024-08-19 09:50:16,39200.0,800,Sell,232594081
2024-08-19 09:50:17,39200.0,100,Buy,232594138
2024-08-19 09:50:17,39150.0,900,Sell,232594139
2024-08-19 09:50:18,39200.0,300,Buy,232594178
2024-08-19 09:50:27,39200.0,100,Buy,232594410
2024-08-19 09:50:32,39200.0,100,Buy,232594548
2024-08-19 09:50:35,39200.0,100,Buy,232594672
2024-08-19 09:50:35,39200.0,100,Buy,232594673
2024-08-19 09:50:35,39200.0,700,Buy,232594674
2024-08-19 09:50:43,39200.0,100,Sell,232594913
2024-08-19 09:50:43,39200.0,100,Sell,232594912
2024-08-19 09:50:43,39200.0,100,Sell,232594911
2024-08-19 09:51:01,39200.0,100,Buy,232595535
2024-08-19 09:51:44,39200.0,600,Buy,232597166
2024-08-19 09:51:44,39200.0,100,Buy,232597163
2024-08-19 09:51:44,39200.0,1000,Buy,232597164
2024-08-19 09:51:44,39200.0,200,Buy,232597165
2024-08-19 09:51:47,39200.0,100,Sell,232597289
2024-08-19 09:51:47,39150.0,1500,Sell,232597290
2024-08-19 09:52:10,39150.0,1000,Sell,232598168
2024-08-19 09:52:34,39150.0,2200,Sell,232598983
2024-08-19 09:52:34,39150.0,1000,Sell,232598982
2024-08-19 09:52:34,39150.0,400,Sell,232598981
2024-08-19 09:52:34,39150.0,100,Sell,232598980
2024-08-19 09:52:34,39150.0,100,Sell,232598979
2024-08-19 09:52:34,39150.0,1600,Sell,232598978
2024-08-19 09:52:38,39150.0,200,Sell,232599150
2024-08-19 09:52:52,39200.0,100,Buy,232599702
2024-08-19 09:52:52,39200.0,100,Buy,232599703
2024-08-19 09:52:52,39200.0,600,Buy,232599704
2024-08-19 09:53:01,39200.0,200,Buy,232599991
2024-08-19 09:53:01,39200.0,100,Buy,232599992
2024-08-19 09:53:09,39200.0,100,Buy,232600177
2024-08-19 09:53:13,39200.0,500,Buy,232600282
2024-08-19 09:53:13,39200.0,500,Buy,232600283
2024-08-19 09:53:17,39200.0,500,Buy,232600468
2024-08-19 09:53:34,39150.0,1400,Sell,232600993
2024-08-19 09:53:46,39150.0,300,Sell,232601436
2024-08-19 09:53:46,39150.0,4200,Sell,232601435
2024-08-19 09:53:56,39100.0,100,Sell,232601731
2024-08-19 09:53:56,39100.0,100,Sell,232601732
2024-08-19 09:53:56,39100.0,300,Sell,232601733
2024-08-19 09:53:56,39100.0,1000,Sell,232601734
2024-08-19 09:53:56,39100.0,100,Sell,232601735
2024-08-19 09:53:56,39100.0,5000,Sell,232601736
2024-08-19 09:53:57,39050.0,200,Sell,232601771
2024-08-19 09:53:57,39050.0,100,Sell,232601772
2024-08-19 09:53:57,39050.0,500,Sell,232601773
2024-08-19 09:54:19,39100.0,100,Buy,232602588
2024-08-19 09:54:31,39050.0,1000,Sell,232602944
2024-08-19 09:54:33,39100.0,1000,Buy,232603048
2024-08-19 09:54:38,39100.0,1000,Buy,232603202
2024-08-19 09:54:43,39000.0,500,Sell,232603375
2024-08-19 09:54:43,39000.0,100,Sell,232603376
2024-08-19 09:54:43,39000.0,100,Sell,232603377
2024-08-19 09:54:43,39000.0,100,Sell,232603378
2024-08-19 09:54:43,39000.0,100,Sell,232603379
2024-08-19 09:54:43,39000.0,300,Sell,232603380
2024-08-19 09:54:43,39000.0,100,Sell,232603381
2024-08-19 09:54:43,39000.0,2000,Sell,232603382
2024-08-19 09:54:49,39050.0,600,Sell,232603536
2024-08-19 09:55:12,39050.0,800,Sell,232604149
2024-08-19 09:55:12,39050.0,200,Sell,232604135
2024-08-19 09:55:12,39050.0,800,Sell,232604148
2024-08-19 09:55:17,39050.0,800,Buy,232604311
2024-08-19 09:55:17,39050.0,200,Buy,232604310
2024-08-19 09:55:20,39050.0,300,Buy,232604430
2024-08-19 09:55:20,39050.0,200,Buy,232604431
2024-08-19 09:55:20,39050.0,600,Buy,232604426
2024-08-19 09:55:28,39050.0,1000,Buy,232604687
2024-08-19 09:55:33,39050.0,800,Buy,232604822
2024-08-19 09:55:33,39050.0,200,Buy,232604823
2024-08-19 09:55:49,39050.0,1000,Sell,232605414
2024-08-19 09:56:12,39050.0,5000,Sell,232606101
2024-08-19 09:56:13,39050.0,600,Sell,232606187
2024-08-19 09:56:15,39100.0,1000,Buy,232606214
2024-08-19 09:56:23,39050.0,200,Sell,232606533
2024-08-19 09:56:27,39050.0,2100,Buy,232606645
2024-08-19 09:56:39,38950.0,1000,Sell,232606942
2024-08-19 09:56:39,38950.0,4000,Sell,232606941
2024-08-19 09:56:39,38950.0,200,Sell,232606940
2024-08-19 09:56:39,38950.0,700,Sell,232606939
2024-08-19 09:56:39,38950.0,100,Sell,232606938
2024-08-19 09:56:39,38950.0,100,Sell,232606937
2024-08-19 09:56:39,38950.0,6000,Sell,232606936
2024-08-19 09:56:39,38950.0,100,Sell,232606935
2024-08-19 09:56:39,38950.0,2700,Sell,232606934
2024-08-19 09:56:39,39000.0,100,Sell,232606932
2024-08-19 09:56:39,39000.0,100,Sell,232606931
2024-08-19 09:56:39,39000.0,400,Sell,232606930
2024-08-19 09:56:39,39000.0,200,Sell,232606929
2024-08-19 09:56:39,39000.0,5000,Sell,232606928
2024-08-19 09:56:39,39000.0,900,Sell,232606927
2024-08-19 09:56:39,39000.0,4000,Sell,232606926
2024-08-19 09:56:39,39000.0,500,Sell,232606925
2024-08-19 09:56:39,39000.0,2000,Sell,232606924
2024-08-19 09:56:39,39000.0,1500,Sell,232606933
2024-08-19 09:56:45,38950.0,200,Buy,232607117
2024-08-19 09:56:46,38950.0,1000,Buy,232607209
2024-08-19 09:56:49,38950.0,100,Buy,232607277
2024-08-19 09:57:11,38950.0,900,Buy,232608045
2024-08-19 09:57:13,38900.0,2300,Sell,232608107
2024-08-19 09:57:13,38900.0,100,Sell,232608108
2024-08-19 09:57:28,38900.0,1000,Sell,232608665
2024-08-19 09:57:28,38900.0,200,Sell,232608664
2024-08-19 09:57:28,38900.0,100,Sell,232608663
2024-08-19 09:57:28,38900.0,100,Sell,232608662
2024-08-19 09:57:28,38900.0,300,Sell,232608661
2024-08-19 09:57:28,38900.0,100,Sell,232608660
2024-08-19 09:57:28,38900.0,800,Sell,232608659
2024-08-19 09:57:28,38900.0,100,Sell,232608656
2024-08-19 09:57:28,38900.0,3000,Sell,232608658
2024-08-19 09:57:28,38900.0,1000,Sell,232608657
2024-08-19 09:57:28,38900.0,900,Sell,232608647
2024-08-19 09:57:28,38900.0,100,Sell,232608648
2024-08-19 09:57:28,38900.0,200,Sell,232608649
2024-08-19 09:57:28,38900.0,100,Sell,232608650
2024-08-19 09:57:28,38900.0,2000,Sell,232608655
2024-08-19 09:57:28,38900.0,100,Sell,232608652
2024-08-19 09:57:28,38900.0,200,Sell,232608653
2024-08-19 09:57:28,38900.0,500,Sell,232608654
2024-08-19 09:57:28,38900.0,300,Sell,232608651
2024-08-19 09:57:35,38900.0,100,Sell,232608815
2024-08-19 09:57:39,38900.0,500,Buy,232608920
2024-08-19 09:57:50,38900.0,5900,Buy,232609221
2024-08-19 09:57:50,38900.0,1400,Buy,232609219
2024-08-19 09:57:50,38900.0,2700,Buy,232609220
2024-08-19 09:57:54,38900.0,100,Buy,232609371
2024-08-19 09:57:55,38900.0,1500,Buy,232609381
2024-08-19 09:57:55,38900.0,3000,Buy,232609382
2024-08-19 09:57:55,38900.0,500,Buy,232609383
2024-08-19 09:58:05,38900.0,6000,Sell,232609684
2024-08-19 09:58:07,38900.0,4000,Sell,232609736
2024-08-19 09:58:13,38900.0,300,Buy,232609895
2024-08-19 09:58:30,38900.0,2700,Buy,232610471
2024-08-19 09:58:30,38900.0,700,Buy,232610470
2024-08-19 09:58:32,38950.0,200,Buy,232610518
2024-08-19 09:58:32,38900.0,2700,Sell,232610510
2024-08-19 09:58:32,38900.0,500,Sell,232610512
2024-08-19 09:58:37,38900.0,300,Sell,232610663
2024-08-19 09:59:01,38900.0,600,Sell,232611292
2024-08-19 09:59:06,38950.0,600,Buy,232611462
2024-08-19 09:59:15,38900.0,1000,Sell,232611661
2024-08-19 09:59:26,38900.0,600,Sell,232612079
2024-08-19 09:59:35,38900.0,700,Sell,232612386
2024-08-19 09:59:48,38900.0,200,Sell,232612764
2024-08-19 09:59:48,38900.0,300,Sell,232612765
2024-08-19 09:59:49,38900.0,1000,Sell,232612790
2024-08-19 09:59:57,38950.0,1000,Buy,232613112
2024-08-19 10:00:02,38900.0,200,Sell,232613225
2024-08-19 10:00:02,38900.0,3800,Sell,232613228
2024-08-19 10:00:08,38950.0,1000,Buy,232613398
2024-08-19 10:00:14,38950.0,400,Buy,232613618
2024-08-19 10:00:20,38950.0,1300,Buy,232613819
2024-08-19 10:00:20,38950.0,500,Buy,232613829
2024-08-19 10:00:29,38950.0,200,Buy,232614049
2024-08-19 10:00:51,38900.0,2000,Sell,232614778
2024-08-19 10:00:51,38950.0,100,Buy,232614779
2024-08-19 10:01:06,38900.0,4200,Sell,232615121
2024-08-19 10:01:06,38900.0,2000,Sell,232615122
2024-08-19 10:01:06,38900.0,800,Sell,232615123
2024-08-19 10:01:12,38900.0,1200,Sell,232615267
2024-08-19 10:01:12,38900.0,500,Sell,232615268
2024-08-19 10:01:12,38900.0,300,Sell,232615269
2024-08-19 10:01:13,38900.0,700,Sell,232615315
2024-08-19 10:01:13,38900.0,500,Sell,232615301
2024-08-19 10:01:18,38900.0,400,Sell,232615425
2024-08-19 10:01:29,38950.0,100,Buy,232615731
2024-08-19 10:01:52,38900.0,1000,Sell,232616292
2024-08-19 10:02:27,38900.0,400,Sell,232617070
2024-08-19 10:02:27,38900.0,100,Sell,232617069
2024-08-19 10:02:47,38950.0,10000,Buy,232617692
2024-08-19 10:02:49,38900.0,400,Sell,232617729
2024-08-19 10:02:49,38900.0,600,Sell,232617743
2024-08-19 10:02:49,38900.0,600,Sell,232617742
2024-08-19 10:02:49,38900.0,100,Sell,232617741
2024-08-19 10:02:49,38900.0,5000,Sell,232617740
2024-08-19 10:02:49,38900.0,1200,Sell,232617739
2024-08-19 10:02:49,38900.0,200,Sell,232617738
2024-08-19 10:02:49,38900.0,300,Sell,232617735
2024-08-19 10:02:49,38900.0,1500,Sell,232617734
2024-08-19 10:02:49,38900.0,200,Sell,232617733
2024-08-19 10:02:49,38900.0,1000,Sell,232617732
2024-08-19 10:02:49,38900.0,100,Sell,232617731
2024-08-19 10:02:49,38900.0,100,Sell,232617730
2024-08-19 10:02:49,38900.0,100,Sell,232617736
2024-08-19 10:02:49,38900.0,1400,Sell,232617737
2024-08-19 10:02:55,38900.0,200,Sell,232617855
2024-08-19 10:02:55,38900.0,300,Sell,232617852
2024-08-19 10:02:55,38900.0,400,Sell,232617853
2024-08-19 10:02:55,38900.0,100,Sell,232617854
2024-08-19 10:03:20,38900.0,400,Sell,232618313
2024-08-19 10:03:20,38900.0,500,Sell,232618311
2024-08-19 10:03:20,38900.0,100,Sell,232618312
2024-08-19 10:03:22,38900.0,100,Sell,232618333
2024-08-19 10:03:33,38900.0,1000,Buy,232618600
2024-08-19 10:03:48,38900.0,500,Buy,232618884
2024-08-19 10:03:48,38900.0,3600,Buy,232618885
2024-08-19 10:03:48,38900.0,2400,Buy,232618886
2024-08-19 10:03:48,38900.0,2000,Buy,232618887
2024-08-19 10:03:48,38900.0,3500,Buy,232618888
2024-08-19 10:04:03,38900.0,6500,Buy,232619202
2024-08-19 10:04:03,38900.0,3500,Buy,232619203
2024-08-19 10:04:17,38900.0,100,Sell,232619773
2024-08-19 10:04:26,38900.0,200,Sell,232619895
2024-08-19 10:04:39,38900.0,500,Sell,232620287
2024-08-19 10:04:39,38900.0,100,Sell,232620286
2024-08-19 10:05:04,39000.0,100,Buy,232620902
2024-08-19 10:05:18,39000.0,2900,Buy,232621194
2024-08-19 10:05:18,39000.0,100,Buy,232621195
2024-08-19 10:05:21,39000.0,900,Buy,232621246
2024-08-19 10:05:21,39000.0,100,Buy,232621247
2024-08-19 10:05:22,39000.0,600,Buy,232621264
2024-08-19 10:05:22,39000.0,1400,Buy,232621265
2024-08-19 10:05:40,38950.0,300,Sell,232621657
2024-08-19 10:05:41,38950.0,400,Sell,232621693
2024-08-19 10:06:20,38950.0,200,Sell,232622535
2024-08-19 10:06:20,38950.0,400,Sell,232622534
2024-08-19 10:06:21,38900.0,200,Sell,232622556
2024-08-19 10:06:21,38900.0,100,Sell,232622555
2024-08-19 10:06:21,38900.0,200,Sell,232622552
2024-08-19 10:06:21,38900.0,300,Sell,232622553
2024-08-19 10:06:21,38900.0,1000,Sell,232622554
2024-08-19 10:06:34,38900.0,2000,Sell,232622763
2024-08-19 10:06:44,38900.0,100,Buy,232623007
2024-08-19 10:06:44,38900.0,400,Buy,232623008
2024-08-19 10:06:47,38850.0,200,Sell,232623130
2024-08-19 10:06:52,38900.0,200,Sell,232623217
2024-08-19 10:07:04,38850.0,100,Sell,232623426
2024-08-19 10:07:04,38900.0,900,Buy,232623427
2024-08-19 10:07:04,38900.0,1100,Buy,232623428
2024-08-19 10:07:07,38900.0,400,Buy,232623477
2024-08-19 10:07:07,38900.0,100,Buy,232623478
2024-08-19 10:07:15,38850.0,400,Sell,232623629
2024-08-19 10:07:15,38900.0,100,Sell,232623628
2024-08-19 10:07:24,38850.0,100,Sell,232623877
2024-08-19 10:07:29,38950.0,1000,Buy,232623957
2024-08-19 10:07:38,38900.0,200,Sell,232624129
2024-08-19 10:07:38,38850.0,300,Sell,232624130
2024-08-19 10:07:49,38850.0,200,Sell,232624401
2024-08-19 10:07:49,38850.0,1000,Sell,232624400
2024-08-19 10:07:49,38850.0,500,Sell,232624399
2024-08-19 10:07:49,38850.0,100,Sell,232624398
2024-08-19 10:07:49,38850.0,500,Sell,232624397
2024-08-19 10:07:49,38850.0,100,Sell,232624396
2024-08-19 10:07:49,38850.0,500,Sell,232624394
2024-08-19 10:07:49,38850.0,500,Sell,232624393
2024-08-19 10:07:49,38850.0,2000,Sell,232624395
2024-08-19 10:07:49,38900.0,1000,Sell,232624388
2024-08-19 10:07:49,38850.0,100,Sell,232624389
2024-08-19 10:07:49,38850.0,500,Sell,232624392
2024-08-19 10:07:49,38850.0,1000,Sell,232624391
2024-08-19 10:07:49,38850.0,2000,Sell,232624390
2024-08-19 10:08:13,38850.0,800,Sell,232624934
2024-08-19 10:08:13,38850.0,100,Sell,232624935
2024-08-19 10:08:13,38850.0,100,Sell,232624936
2024-08-19 10:08:35,38850.0,200,Sell,232625295
2024-08-19 10:08:39,38950.0,100,Buy,232625376
2024-08-19 10:08:52,38950.0,600,Buy,232625743
2024-08-19 10:08:53,38950.0,300,Buy,232625757
2024-08-19 10:08:53,38950.0,100,Buy,232625759
2024-08-19 10:08:53,38950.0,500,Buy,232625760
2024-08-19 10:08:53,38950.0,1000,Buy,232625761
2024-08-19 10:08:53,38950.0,100,Buy,232625762
2024-08-19 10:08:53,38950.0,100,Buy,232625763
2024-08-19 10:08:53,38950.0,2900,Buy,232625758
2024-08-19 10:08:59,38950.0,500,Buy,232625884
2024-08-19 10:09:01,38950.0,2000,Buy,232625892
2024-08-19 10:09:05,38900.0,100,Sell,232625949
2024-08-19 10:09:18,38900.0,1500,Sell,232626225
2024-08-19 10:09:37,38900.0,5000,Sell,232626608
2024-08-19 10:09:49,38900.0,2000,Sell,232626751
2024-08-19 10:09:51,38900.0,1400,Sell,232626805
2024-08-19 10:09:51,38900.0,500,Sell,232626806
2024-08-19 10:10:01,38900.0,100,Sell,232626982
2024-08-19 10:10:21,38900.0,600,Buy,232627307
2024-08-19 10:10:21,38900.0,400,Buy,232627308
2024-08-19 10:10:35,38900.0,1000,Buy,232627571
2024-08-19 10:10:49,38900.0,100,Buy,232627897
2024-08-19 10:10:49,38900.0,1300,Buy,232627895
2024-08-19 10:10:49,38900.0,1500,Buy,232627896
2024-08-19 10:11:05,38950.0,400,Buy,232628182
2024-08-19 10:11:05,38950.0,100,Buy,232628183
2024-08-19 10:11:27,38900.0,1500,Sell,232628570
2024-08-19 10:12:00,38900.0,200,Sell,232629170
2024-08-19 10:12:08,38950.0,500,Buy,232629324
2024-08-19 10:12:14,38950.0,100,Buy,232629405
2024-08-19 10:12:32,38950.0,100,Buy,232629720
2024-08-19 10:12:54,38950.0,200,Buy,232630132
2024-08-19 10:12:54,38950.0,500,Buy,232630131
2024-08-19 10:12:54,38950.0,100,Buy,232630133
2024-08-19 10:12:54,38950.0,3000,Buy,232630129
2024-08-19 10:12:54,38950.0,200,Buy,232630128
2024-08-19 10:12:54,38950.0,1000,Buy,232630130
2024-08-19 10:13:06,38950.0,100,Buy,232630287
2024-08-19 10:13:10,38950.0,100,Buy,232630331
2024-08-19 10:13:17,38950.0,200,Buy,232630435
2024-08-19 10:13:17,38950.0,300,Buy,232630436
2024-08-19 10:13:23,38950.0,100,Buy,232630533
2024-08-19 10:13:29,38950.0,100,Buy,232630634
2024-08-19 10:13:41,38950.0,800,Buy,232630818
2024-08-19 10:13:45,38950.0,200,Sell,232630904
2024-08-19 10:13:51,38950.0,100,Buy,232630963
2024-08-19 10:14:10,38950.0,300,Sell,232631276
2024-08-19 10:14:23,39000.0,2000,Buy,232631505
2024-08-19 10:14:25,39000.0,2000,Buy,232631547
2024-08-19 10:14:29,38950.0,100,Sell,232631598
2024-08-19 10:14:32,38950.0,400,Buy,232631653
2024-08-19 10:14:32,38950.0,500,Buy,232631693
2024-08-19 10:15:12,38900.0,500,Sell,232632512
2024-08-19 10:15:32,38950.0,4900,Sell,232632952
2024-08-19 10:15:44,38900.0,4800,Sell,232633125
2024-08-19 10:15:46,38900.0,200,Sell,232633171
2024-08-19 10:15:46,38900.0,200,Sell,232633170
2024-08-19 10:15:46,38900.0,500,Sell,232633169
2024-08-19 10:15:46,38900.0,500,Sell,232633168
2024-08-19 10:15:46,38900.0,100,Sell,232633166
2024-08-19 10:15:46,38900.0,300,Sell,232633167
2024-08-19 10:15:46,38900.0,600,Sell,232633163
2024-08-19 10:15:46,38900.0,1100,Sell,232633158
2024-08-19 10:15:46,38900.0,100,Sell,232633159
2024-08-19 10:15:46,38900.0,100,Sell,232633164
2024-08-19 10:15:46,38900.0,100,Sell,232633161
2024-08-19 10:15:46,38900.0,500,Sell,232633162
2024-08-19 10:15:46,38900.0,100,Sell,232633160
2024-08-19 10:15:49,38950.0,100,Buy,232633254
2024-08-19 10:16:18,38950.0,300,Buy,232633922
2024-08-19 10:16:51,38850.0,200,Sell,232634369
2024-08-19 10:16:51,38850.0,100,Sell,232634370
2024-08-19 10:16:51,38850.0,200,Sell,232634371
2024-08-19 10:16:59,38850.0,1400,Sell,232634486
2024-08-19 10:16:59,38850.0,2000,Sell,232634484
2024-08-19 10:16:59,38850.0,1000,Sell,232634485
2024-08-19 10:16:59,38850.0,400,Sell,232634482
2024-08-19 10:16:59,38850.0,700,Sell,232634481
2024-08-19 10:16:59,38850.0,500,Sell,232634483
2024-08-19 10:17:28,38850.0,1000,Sell,232635011
2024-08-19 10:18:08,38900.0,700,Buy,232636014
2024-08-19 10:18:08,38900.0,1300,Buy,232636015
2024-08-19 10:18:19,38900.0,1800,Buy,232636202
2024-08-19 10:18:19,38900.0,100,Buy,232636203
2024-08-19 10:18:19,38900.0,1000,Buy,232636204
2024-08-19 10:18:19,38900.0,500,Buy,232636205
2024-08-19 10:18:28,38900.0,500,Buy,232636372
2024-08-19 10:18:28,38900.0,500,Buy,232636373
2024-08-19 10:18:40,38900.0,1000,Buy,232636634
2024-08-19 10:18:40,38900.0,1200,Buy,232636635
2024-08-19 10:18:41,38900.0,300,Sell,232636661
2024-08-19 10:19:17,38950.0,100,Buy,232637523
2024-08-19 10:19:24,38950.0,100,Buy,232637699
2024-08-19 10:20:49,38900.0,500,Sell,232639320
2024-08-19 10:20:49,38900.0,2000,Sell,232639319
2024-08-19 10:20:49,38900.0,500,Sell,232639318
2024-08-19 10:20:49,38900.0,500,Sell,232639317
2024-08-19 10:20:49,38900.0,500,Sell,232639321
2024-08-19 10:20:49,38900.0,100,Sell,232639315
2024-08-19 10:20:49,38900.0,100,Sell,232639314
2024-08-19 10:20:49,38900.0,500,Sell,232639313
2024-08-19 10:20:49,38900.0,800,Sell,232639312
2024-08-19 10:20:49,38900.0,500,Sell,232639316
2024-08-19 10:21:09,38900.0,100,Sell,232639722
2024-08-19 10:21:41,38850.0,100,Sell,232640460
2024-08-19 10:21:41,38850.0,300,Sell,232640459
2024-08-19 10:21:41,38850.0,600,Sell,232640458
2024-08-19 10:21:41,38850.0,300,Sell,232640457
2024-08-19 10:21:41,38850.0,200,Sell,232640450
2024-08-19 10:21:41,38850.0,100,Sell,232640455
2024-08-19 10:21:41,38850.0,100,Sell,232640453
2024-08-19 10:21:41,38850.0,100,Sell,232640452
2024-08-19 10:21:41,38850.0,200,Sell,232640451
2024-08-19 10:21:41,38850.0,100,Sell,232640449
2024-08-19 10:21:41,38850.0,100,Sell,232640456
2024-08-19 10:21:41,38850.0,1000,Sell,232640447
2024-08-19 10:21:41,38850.0,1400,Sell,232640448
2024-08-19 10:21:41,38850.0,2600,Sell,232640438
2024-08-19 10:21:41,38850.0,500,Sell,232640439
2024-08-19 10:21:41,38850.0,500,Sell,232640440
2024-08-19 10:21:41,38850.0,100,Sell,232640441
2024-08-19 10:21:41,38850.0,500,Sell,232640454
2024-08-19 10:21:41,38850.0,200,Sell,232640443
2024-08-19 10:21:41,38850.0,400,Sell,232640445
2024-08-19 10:21:41,38850.0,200,Sell,232640442
2024-08-19 10:21:41,38850.0,500,Sell,232640446
2024-08-19 10:21:41,38850.0,300,Sell,232640444
2024-08-19 10:21:55,38850.0,2000,Buy,232640808
2024-08-19 10:21:55,38850.0,1000,Buy,232640807
2024-08-19 10:22:40,38900.0,1500,Buy,232641682
2024-08-19 10:22:40,38900.0,500,Buy,232641683
2024-08-19 10:22:56,38850.0,100,Sell,232642184
2024-08-19 10:23:00,38850.0,100,Buy,232642329
2024-08-19 10:23:23,38850.0,100,Buy,232642886
2024-08-19 10:23:23,38850.0,400,Buy,232642887
2024-08-19 10:23:29,38800.0,100,Sell,232643008
2024-08-19 10:23:36,38800.0,1000,Sell,232643187
2024-08-19 10:23:36,38800.0,500,Sell,232643190
2024-08-19 10:23:36,38800.0,100,Sell,232643191
2024-08-19 10:23:36,38800.0,1100,Sell,232643195
2024-08-19 10:23:36,38800.0,100,Sell,232643193
2024-08-19 10:23:36,38800.0,100,Sell,232643194
2024-08-19 10:23:36,38800.0,200,Sell,232643186
2024-08-19 10:23:36,38800.0,100,Sell,232643192
2024-08-19 10:23:36,38800.0,100,Sell,232643185
2024-08-19 10:23:36,38800.0,100,Sell,232643189
2024-08-19 10:23:36,38800.0,500,Sell,232643183
2024-08-19 10:23:36,38800.0,700,Sell,232643184
2024-08-19 10:23:36,38800.0,900,Sell,232643174
2024-08-19 10:23:36,38800.0,500,Sell,232643175
2024-08-19 10:23:36,38800.0,1000,Sell,232643176
2024-08-19 10:23:36,38800.0,1000,Sell,232643177
2024-08-19 10:23:36,38800.0,200,Sell,232643188
2024-08-19 10:23:36,38800.0,100,Sell,232643179
2024-08-19 10:23:36,38800.0,100,Sell,232643180
2024-08-19 10:23:36,38800.0,100,Sell,232643178
2024-08-19 10:23:36,38800.0,1000,Sell,232643181
2024-08-19 10:23:36,38800.0,500,Sell,232643182
2024-08-19 10:23:39,38800.0,900,Sell,232643310
2024-08-19 10:23:39,38800.0,100,Sell,232643311
2024-08-19 10:23:44,38800.0,600,Sell,232643372
2024-08-19 10:23:45,38900.0,100,Buy,232643380
2024-08-19 10:23:45,38900.0,100,Buy,232643381
2024-08-19 10:23:45,38900.0,500,Buy,232643383
2024-08-19 10:23:45,38900.0,100,Buy,232643384
2024-08-19 10:23:45,38900.0,800,Buy,232643379
2024-08-19 10:23:45,38900.0,1000,Buy,232643382
2024-08-19 10:23:46,38900.0,300,Sell,232643415
2024-08-19 10:23:55,38900.0,100,Sell,232643640
2024-08-19 10:23:57,38900.0,100,Sell,232643712
2024-08-19 10:23:58,38900.0,3000,Sell,232643732
2024-08-19 10:24:03,38900.0,300,Sell,232643825
2024-08-19 10:24:11,38900.0,700,Sell,232644163
2024-08-19 10:24:31,38900.0,500,Sell,232644563
2024-08-19 10:25:03,38900.0,1500,Sell,232645319
2024-08-19 10:25:26,38900.0,100,Sell,232645858
2024-08-19 10:25:46,38900.0,200,Sell,232646278
2024-08-19 10:26:29,38900.0,100,Sell,232647019
2024-08-19 10:26:32,38900.0,5000,Sell,232647141
2024-08-19 10:26:34,38950.0,100,Buy,232647192
2024-08-19 10:26:54,38950.0,100,Buy,232647652
2024-08-19 10:26:56,38950.0,200,Buy,232647675
2024-08-19 10:27:21,38950.0,2600,Buy,232648211
2024-08-19 10:27:21,38950.0,400,Buy,232648212
2024-08-19 10:27:34,38900.0,100,Sell,232648447
2024-08-19 10:27:36,38900.0,100,Sell,232648498
2024-08-19 10:27:37,38900.0,5000,Sell,232648510
2024-08-19 10:27:38,38900.0,400,Sell,232648532
2024-08-19 10:27:38,38900.0,800,Sell,232648531
2024-08-19 10:27:38,38900.0,100,Sell,232648529
2024-08-19 10:27:38,38900.0,300,Sell,232648527
2024-08-19 10:27:38,38900.0,700,Sell,232648530
2024-08-19 10:27:38,38900.0,1000,Sell,232648528
2024-08-19 10:27:39,38950.0,500,Buy,232648545
2024-08-19 10:27:42,38900.0,1500,Sell,232648591
2024-08-19 10:27:43,38900.0,1500,Sell,232648619
2024-08-19 10:27:44,38950.0,300,Buy,232648644
2024-08-19 10:27:47,38900.0,100,Buy,232648708
2024-08-19 10:28:03,38850.0,100,Buy,232649089
2024-08-19 10:28:10,38800.0,100,Sell,232649224
2024-08-19 10:28:10,38800.0,200,Sell,232649223
2024-08-19 10:28:10,38800.0,2400,Sell,232649221
2024-08-19 10:28:10,38800.0,300,Sell,232649222
2024-08-19 10:28:23,38800.0,100,Sell,232649442
2024-08-19 10:28:23,38800.0,100,Sell,232649443
2024-08-19 10:28:23,38800.0,100,Sell,232649444
2024-08-19 10:28:36,38800.0,2000,Sell,232649815
2024-08-19 10:28:36,38850.0,200,Buy,232649818
2024-08-19 10:28:45,38850.0,200,Buy,232650002
2024-08-19 10:28:45,38850.0,900,Buy,232650003
2024-08-19 10:28:59,38800.0,1000,Sell,232650353
2024-08-19 10:29:48,38800.0,100,Sell,232651250
2024-08-19 10:29:55,38850.0,100,Buy,232651414
2024-08-19 10:29:57,38850.0,500,Buy,232651456
2024-08-19 10:30:08,38850.0,200,Buy,232651674
2024-08-19 10:30:08,38850.0,300,Buy,232651675
2024-08-19 10:30:09,38850.0,100,Buy,232651697
2024-08-19 10:30:25,38850.0,100,Buy,232651987
2024-08-19 10:30:26,38850.0,500,Buy,232652013
2024-08-19 10:30:26,38850.0,1100,Buy,232652014
2024-08-19 10:30:27,38850.0,1100,Sell,232652022
2024-08-19 10:30:42,38850.0,100,Sell,232652251
2024-08-19 10:30:48,38850.0,100,Sell,232652337
2024-08-19 10:31:30,38850.0,200,Sell,232653154
2024-08-19 10:31:33,38850.0,100,Sell,232653215
2024-08-19 10:31:33,38850.0,100,Sell,232653216
2024-08-19 10:32:09,38900.0,2000,Buy,232653995
2024-08-19 10:32:31,38850.0,100,Sell,232654317
2024-08-19 10:32:35,38900.0,800,Buy,232654419
2024-08-19 10:32:35,38850.0,100,Sell,232654432
2024-08-19 10:32:39,38850.0,1700,Sell,232654487
2024-08-19 10:32:39,38850.0,600,Sell,232654488
2024-08-19 10:32:51,38900.0,100,Buy,232654671
2024-08-19 10:33:18,38900.0,400,Buy,232655063
2024-08-19 10:33:38,38850.0,400,Sell,232655365
2024-08-19 10:33:38,38850.0,100,Sell,232655366
2024-08-19 10:33:38,38850.0,300,Sell,232655367
2024-08-19 10:33:38,38850.0,700,Sell,232655368
2024-08-19 10:33:40,38850.0,100,Sell,232655404
2024-08-19 10:33:44,38900.0,100,Buy,232655481
2024-08-19 10:33:56,38900.0,100,Buy,232655672
2024-08-19 10:34:36,38900.0,100,Buy,232656533
2024-08-19 10:34:36,38900.0,800,Buy,232656534
2024-08-19 10:34:36,38900.0,1400,Buy,232656532
2024-08-19 10:35:09,38900.0,1000,Buy,232657109
2024-08-19 10:35:13,38900.0,100,Buy,232657168
2024-08-19 10:35:33,38900.0,100,Buy,232657570
2024-08-19 10:35:49,38850.0,300,Sell,232657802
2024-08-19 10:35:49,38850.0,600,Sell,232657803
2024-08-19 10:35:49,38900.0,100,Buy,232657804
2024-08-19 10:35:51,38850.0,400,Sell,232657842
2024-08-19 10:35:51,38850.0,100,Sell,232657843
2024-08-19 10:35:54,38900.0,100,Buy,232657921
2024-08-19 10:35:58,38900.0,100,Buy,232657976
2024-08-19 10:36:08,38900.0,200,Buy,232658096
2024-08-19 10:36:14,38900.0,900,Buy,232658223
2024-08-19 10:36:14,38900.0,500,Buy,232658224
2024-08-19 10:36:14,38900.0,100,Buy,232658225
2024-08-19 10:36:25,38900.0,100,Sell,232658390
2024-08-19 10:36:32,38900.0,500,Sell,232658486
2024-08-19 10:36:42,38900.0,2400,Sell,232658657
2024-08-19 10:36:42,38900.0,1000,Sell,232658658
2024-08-19 10:36:42,38900.0,100,Sell,232658659
2024-08-19 10:36:42,38900.0,100,Sell,232658660
2024-08-19 10:36:42,38900.0,500,Sell,232658661
2024-08-19 10:37:06,38900.0,500,Buy,232659193
2024-08-19 10:37:19,38900.0,100,Buy,232659372
2024-08-19 10:37:26,38900.0,200,Buy,232659486
2024-08-19 10:37:33,38900.0,100,Buy,232659590
2024-08-19 10:37:34,38900.0,500,Buy,232659602
2024-08-19 10:37:45,38900.0,500,Buy,232659844
2024-08-19 10:37:50,38900.0,300,Buy,232659975
2024-08-19 10:37:53,38900.0,1000,Buy,232660027
2024-08-19 10:38:06,38900.0,500,Buy,232660238
2024-08-19 10:38:19,38900.0,100,Buy,232660621
2024-08-19 10:38:23,38850.0,100,Sell,232660687
2024-08-19 10:38:23,38850.0,100,Sell,232660685
2024-08-19 10:38:23,38850.0,100,Sell,232660686
2024-08-19 10:38:23,38850.0,100,Sell,232660683
2024-08-19 10:38:23,38850.0,100,Sell,232660684
2024-08-19 10:38:23,38900.0,100,Buy,232660682
2024-08-19 10:38:39,38850.0,200,Sell,232661163
2024-08-19 10:38:40,38850.0,100,Sell,232661171
2024-08-19 10:38:59,38900.0,100,Buy,232661563
2024-08-19 10:38:59,38900.0,400,Buy,232661564
2024-08-19 10:39:13,38900.0,100,Buy,232661832
2024-08-19 10:39:17,38900.0,200,Buy,232661912
2024-08-19 10:39:18,38900.0,300,Buy,232661930
2024-08-19 10:39:18,38900.0,100,Buy,232661931
2024-08-19 10:39:35,38950.0,800,Buy,232662253
2024-08-19 10:39:35,38950.0,200,Buy,232662254
2024-08-19 10:39:44,38950.0,500,Buy,232662396
2024-08-19 10:39:50,38950.0,200,Buy,232662507
2024-08-19 10:39:50,38950.0,500,Buy,232662506
2024-08-19 10:39:53,38950.0,100,Buy,232662567
2024-08-19 10:39:53,38950.0,200,Buy,232662568
2024-08-19 10:39:53,38950.0,700,Buy,232662569
2024-08-19 10:39:55,38950.0,100,Buy,232662600
2024-08-19 10:39:58,38950.0,1200,Buy,232662661
2024-08-19 10:39:58,38950.0,100,Buy,232662662
2024-08-19 10:39:58,38950.0,200,Buy,232662663
2024-08-19 10:39:58,38950.0,100,Buy,232662664
2024-08-19 10:39:58,38950.0,100,Buy,232662665
2024-08-19 10:39:58,39000.0,300,Buy,232662666
2024-08-19 10:40:06,39000.0,1000,Buy,232662854
2024-08-19 10:40:10,38950.0,500,Sell,232662948
2024-08-19 10:40:19,39000.0,100,Buy,232663161
2024-08-19 10:40:19,39000.0,1000,Buy,232663180
2024-08-19 10:40:19,39000.0,1000,Buy,232663179
2024-08-19 10:40:19,39000.0,1000,Buy,232663178
2024-08-19 10:40:19,39000.0,500,Buy,232663177
2024-08-19 10:40:19,39000.0,100,Buy,232663176
2024-08-19 10:40:19,39000.0,1500,Buy,232663175
2024-08-19 10:40:19,39000.0,500,Buy,232663174
2024-08-19 10:40:19,39000.0,100,Buy,232663172
2024-08-19 10:40:19,39000.0,1000,Buy,232663173
2024-08-19 10:40:19,39000.0,1500,Buy,232663170
2024-08-19 10:40:19,39000.0,200,Buy,232663169
2024-08-19 10:40:19,39000.0,200,Buy,232663168
2024-08-19 10:40:19,39000.0,200,Buy,232663167
2024-08-19 10:40:19,39000.0,100,Buy,232663166
2024-08-19 10:40:19,39000.0,200,Buy,232663165
2024-08-19 10:40:19,39000.0,200,Buy,232663164
2024-08-19 10:40:19,39000.0,1000,Buy,232663163
2024-08-19 10:40:19,39000.0,3200,Buy,232663162
2024-08-19 10:40:19,39000.0,100,Buy,232663171
2024-08-19 10:40:31,39000.0,100,Sell,232663370
2024-08-19 10:40:51,39000.0,1000,Sell,232663682
2024-08-19 10:40:52,39050.0,700,Buy,232663696
2024-08-19 10:40:52,39050.0,100,Buy,232663694
2024-08-19 10:40:52,39050.0,500,Buy,232663695
2024-08-19 10:40:52,39050.0,2500,Buy,232663692
2024-08-19 10:40:52,39050.0,2000,Buy,232663693
2024-08-19 10:40:52,39050.0,200,Buy,232663691
2024-08-19 10:40:54,39100.0,100,Buy,232663755
2024-08-19 10:41:06,39050.0,5000,Buy,232664007
2024-08-19 10:41:08,39100.0,900,Buy,232664028
2024-08-19 10:41:14,39100.0,300,Buy,232664135
2024-08-19 10:41:19,39100.0,1000,Buy,232664202
2024-08-19 10:41:28,39100.0,100,Buy,232664450
2024-08-19 10:41:30,39100.0,500,Buy,232664501
2024-08-19 10:41:36,39100.0,100,Buy,232664617
2024-08-19 10:41:36,39100.0,1000,Buy,232664618
2024-08-19 10:41:36,39100.0,400,Buy,232664619
2024-08-19 10:41:36,39100.0,100,Buy,232664620
2024-08-19 10:41:36,39100.0,3400,Buy,232664621
2024-08-19 10:41:38,39100.0,500,Buy,232664670
2024-08-19 10:41:44,39100.0,1800,Buy,232664834
2024-08-19 10:41:44,39100.0,3100,Buy,232664833
2024-08-19 10:41:48,39100.0,500,Sell,232664944
2024-08-19 10:41:48,39100.0,100,Sell,232664943
2024-08-19 10:41:59,39100.0,1400,Buy,232665237
2024-08-19 10:41:59,39100.0,1400,Buy,232665238
2024-08-19 10:42:00,39100.0,200,Sell,232665259
2024-08-19 10:42:08,39100.0,500,Buy,232665374
2024-08-19 10:42:09,39100.0,500,Buy,232665381
2024-08-19 10:42:13,39100.0,100,Buy,232665481
2024-08-19 10:42:15,39100.0,500,Buy,232665521
2024-08-19 10:42:16,39100.0,100,Buy,232665539
2024-08-19 10:42:43,39100.0,200,Sell,232666013
2024-08-19 10:42:43,39100.0,1000,Sell,232666011
2024-08-19 10:42:43,39100.0,400,Sell,232666010
2024-08-19 10:42:43,39100.0,500,Sell,232666012
2024-08-19 10:43:00,39050.0,500,Sell,232666353
2024-08-19 10:43:00,39050.0,200,Sell,232666354
2024-08-19 10:43:00,39050.0,2300,Sell,232666355
2024-08-19 10:43:01,39050.0,2700,Sell,232666366
2024-08-19 10:43:10,39100.0,100,Sell,232666514
2024-08-19 10:43:10,39100.0,500,Sell,232666515
2024-08-19 10:43:18,39100.0,500,Buy,232666638
2024-08-19 10:43:34,39100.0,100,Buy,232666910
2024-08-19 10:43:34,39100.0,300,Buy,232666911
2024-08-19 10:43:43,39100.0,500,Buy,232667104
2024-08-19 10:43:45,39100.0,100,Buy,232667129
2024-08-19 10:44:03,39050.0,5000,Sell,232667416
2024-08-19 10:44:15,39100.0,100,Buy,232667586
2024-08-19 10:44:15,39100.0,1200,Buy,232667587
2024-08-19 10:44:15,39100.0,1000,Buy,232667588
2024-08-19 10:44:15,39100.0,200,Buy,232667589
2024-08-19 10:44:20,39100.0,500,Sell,232667689
2024-08-19 10:44:20,39100.0,500,Sell,232667690
2024-08-19 10:44:29,39150.0,100,Buy,232667880
2024-08-19 10:44:42,39150.0,900,Buy,232668076
2024-08-19 10:44:42,39150.0,1100,Buy,232668077
2024-08-19 10:44:43,39150.0,900,Buy,232668092
2024-08-19 10:44:44,39150.0,900,Buy,232668095
2024-08-19 10:44:44,39150.0,600,Buy,232668096
2024-08-19 10:44:44,39150.0,1000,Buy,232668097
2024-08-19 10:44:44,39150.0,1500,Buy,232668094
2024-08-19 10:45:17,39150.0,100,Sell,232668626
2024-08-19 10:45:29,39200.0,100,Buy,232668908
2024-08-19 10:45:29,39200.0,300,Buy,232668909
2024-08-19 10:45:29,39200.0,300,Buy,232668910
2024-08-19 10:45:29,39200.0,2300,Buy,232668911
2024-08-19 10:45:31,39150.0,1600,Sell,232668974
2024-08-19 10:45:31,39150.0,400,Sell,232668975
2024-08-19 10:45:33,39150.0,500,Sell,232668994
2024-08-19 10:45:33,39150.0,500,Sell,232668993
2024-08-19 10:45:33,39150.0,100,Sell,232668992
2024-08-19 10:45:35,39200.0,100,Buy,232669057
2024-08-19 10:46:07,39150.0,100,Buy,232669592
2024-08-19 10:46:07,39150.0,700,Buy,232669593
2024-08-19 10:46:08,39150.0,200,Sell,232669600
2024-08-19 10:46:12,39200.0,6700,Buy,232669792
2024-08-19 10:46:12,39200.0,1000,Buy,232669793
2024-08-19 10:46:12,39200.0,2300,Buy,232669794
2024-08-19 10:46:15,39200.0,10000,Buy,232669823
2024-08-19 10:46:18,39200.0,100,Buy,232669880
2024-08-19 10:46:18,39200.0,100,Buy,232669881
2024-08-19 10:46:18,39200.0,13400,Buy,232669878
2024-08-19 10:46:18,39200.0,10000,Buy,232669879
2024-08-19 10:46:29,39250.0,2000,Buy,232670137
2024-08-19 10:46:29,39250.0,600,Buy,232670138
2024-08-19 10:46:38,39300.0,400,Buy,232670292
2024-08-19 10:46:38,39300.0,100,Buy,232670293
2024-08-19 10:46:38,39300.0,400,Buy,232670294
2024-08-19 10:46:43,39300.0,100,Buy,232670363
2024-08-19 10:46:43,39300.0,400,Buy,232670364
2024-08-19 10:46:48,39300.0,200,Buy,232670450
2024-08-19 10:46:48,39300.0,100,Buy,232670455
2024-08-19 10:46:49,39300.0,400,Buy,232670482
2024-08-19 10:46:49,39300.0,100,Buy,232670483
2024-08-19 10:46:57,39350.0,300,Buy,232670607
2024-08-19 10:47:04,39350.0,100,Buy,232670739
2024-08-19 10:47:04,39350.0,400,Buy,232670738
2024-08-19 10:47:06,39350.0,1900,Buy,232670765
2024-08-19 10:47:06,39350.0,100,Buy,232670766
2024-08-19 10:47:08,39350.0,1000,Buy,232670786
2024-08-19 10:47:13,39350.0,900,Buy,232670879
2024-08-19 10:47:13,39350.0,1200,Buy,232670880
2024-08-19 10:47:13,39350.0,800,Buy,232670881
2024-08-19 10:47:13,39350.0,200,Buy,232670882
2024-08-19 10:47:13,39350.0,100,Buy,232670883
2024-08-19 10:47:25,39400.0,1000,Buy,232671054
2024-08-19 10:47:25,39400.0,100,Buy,232671055
2024-08-19 10:47:25,39400.0,100,Buy,232671053
2024-08-19 10:47:25,39400.0,1400,Buy,232671052
2024-08-19 10:47:26,39350.0,200,Sell,232671073
2024-08-19 10:47:26,39400.0,300,Sell,232671072
2024-08-19 10:47:33,39450.0,1000,Buy,232671226
2024-08-19 10:47:34,39400.0,700,Sell,232671227
2024-08-19 10:47:35,39400.0,1300,Sell,232671242
2024-08-19 10:47:35,39400.0,500,Sell,232671243
2024-08-19 10:47:35,39400.0,700,Buy,232671247
2024-08-19 10:47:36,39400.0,900,Sell,232671263
2024-08-19 10:47:37,39450.0,500,Buy,232671283
2024-08-19 10:47:38,39400.0,100,Sell,232671298
2024-08-19 10:47:58,39400.0,500,Sell,232671572
2024-08-19 10:47:58,39400.0,600,Sell,232671573
2024-08-19 10:47:58,39400.0,300,Sell,232671570
2024-08-19 10:47:58,39400.0,100,Sell,232671571
2024-08-19 10:47:59,39400.0,400,Sell,232671594
2024-08-19 10:47:59,39400.0,400,Sell,232671593
2024-08-19 10:48:07,39400.0,500,Sell,232671724
2024-08-19 10:48:17,39400.0,100,Buy,232671930
2024-08-19 10:48:17,39400.0,900,Buy,232671931
2024-08-19 10:48:39,39400.0,100,Sell,232672401
2024-08-19 10:48:39,39400.0,100,Sell,232672402
2024-08-19 10:48:40,39400.0,100,Sell,232672418
2024-08-19 10:48:47,39350.0,100,Sell,232672599
2024-08-19 10:48:51,39350.0,6000,Sell,232672714
2024-08-19 10:48:55,39350.0,100,Sell,232672799
2024-08-19 10:48:56,39350.0,4200,Sell,232672838
2024-08-19 10:49:02,39350.0,100,Sell,232672942
2024-08-19 10:49:09,39350.0,1000,Sell,232673065
2024-08-19 10:49:12,39350.0,100,Sell,232673168
2024-08-19 10:49:15,39350.0,5000,Sell,232673200
2024-08-19 10:49:16,39350.0,200,Sell,232673208
2024-08-19 10:49:16,39350.0,100,Sell,232673209
2024-08-19 10:49:16,39350.0,100,Sell,232673210
2024-08-19 10:49:37,39350.0,100,Buy,232673578
2024-08-19 10:49:38,39350.0,1000,Buy,232673589
2024-08-19 10:49:39,39350.0,200,Buy,232673650
2024-08-19 10:49:50,39350.0,100,Buy,232673860
2024-08-19 10:50:32,39250.0,1000,Sell,232674877
2024-08-19 10:50:32,39250.0,2400,Sell,232674876
2024-08-19 10:50:32,39300.0,400,Sell,232674874
2024-08-19 10:50:32,39300.0,300,Sell,232674873
2024-08-19 10:50:32,39300.0,900,Sell,232674875
2024-08-19 10:50:35,39250.0,1000,Sell,232674921
2024-08-19 10:51:02,39250.0,500,Buy,232675542
2024-08-19 10:51:04,39250.0,300,Buy,232675608
2024-08-19 10:51:04,39250.0,1000,Buy,232675609
2024-08-19 10:51:05,39250.0,1000,Sell,232675652
2024-08-19 10:51:05,39250.0,2700,Sell,232675653
2024-08-19 10:51:53,39250.0,500,Sell,232676881
2024-08-19 10:51:53,39250.0,500,Sell,232676882
2024-08-19 10:52:12,39250.0,500,Buy,232677252
2024-08-19 10:52:48,39200.0,500,Sell,232677851
2024-08-19 10:52:48,39200.0,1300,Sell,232677852
2024-08-19 10:52:52,39400.0,500,Buy,232678074
2024-08-19 10:52:52,39400.0,1000,Buy,232678073
2024-08-19 10:52:52,39400.0,900,Buy,232678072
2024-08-19 10:52:52,39400.0,100,Buy,232678070
2024-08-19 10:52:52,39400.0,1000,Buy,232678069
2024-08-19 10:52:52,39350.0,100,Buy,232678068
2024-08-19 10:52:52,39350.0,1000,Buy,232678065
2024-08-19 10:52:52,39250.0,900,Buy,232678057
2024-08-19 10:52:52,39350.0,600,Buy,232678063
2024-08-19 10:52:52,39300.0,100,Buy,232678062
2024-08-19 10:52:52,39300.0,100,Buy,232678061
2024-08-19 10:52:52,39300.0,1000,Buy,232678060
2024-08-19 10:52:52,39300.0,1000,Buy,232678059
2024-08-19 10:52:52,39250.0,1500,Buy,232678058
2024-08-19 10:52:52,39350.0,100,Buy,232678064
2024-08-19 10:52:52,39400.0,100,Buy,232678071
2024-08-19 10:53:08,39250.0,400,Sell,232678404
2024-08-19 10:53:08,39250.0,1100,Sell,232678405
2024-08-19 10:54:15,39250.0,2800,Sell,232679581
2024-08-19 10:54:15,39250.0,300,Sell,232679582
2024-08-19 10:54:27,39250.0,600,Buy,232679752
2024-08-19 10:55:08,39250.0,100,Buy,232680354
2024-08-19 10:55:26,39250.0,800,Buy,232680641
2024-08-19 10:55:26,39250.0,200,Buy,232680640
2024-08-19 10:56:01,39250.0,800,Buy,232681227
2024-08-19 10:56:01,39250.0,700,Buy,232681226
2024-08-19 10:56:08,39200.0,100,Sell,232681380
2024-08-19 10:57:10,39250.0,300,Sell,232682635
2024-08-19 10:57:10,39200.0,600,Sell,232682636
2024-08-19 10:59:05,39300.0,200,Buy,232684626
2024-08-19 10:59:05,39300.0,300,Buy,232684627
2024-08-19 10:59:06,39250.0,100,Sell,232684668
2024-08-19 10:59:20,39250.0,200,Sell,232684845
2024-08-19 10:59:21,39300.0,400,Buy,232684861
2024-08-19 10:59:21,39300.0,600,Buy,232684862
2024-08-19 10:59:45,39300.0,800,Buy,232685276
2024-08-19 10:59:45,39300.0,1000,Buy,232685277
2024-08-19 10:59:45,39300.0,200,Buy,232685278
2024-08-19 10:59:48,39300.0,800,Sell,232685345
2024-08-19 10:59:55,39300.0,3000,Sell,232685460
2024-08-19 11:01:20,39350.0,200,Buy,232686812
2024-08-19 11:01:38,39350.0,200,Buy,232687092
2024-08-19 11:01:48,39350.0,1800,Buy,232687231
2024-08-19 11:01:48,39350.0,800,Buy,232687232
2024-08-19 11:01:48,39350.0,400,Buy,232687233
2024-08-19 11:01:57,39300.0,300,Sell,232687392
2024-08-19 11:02:36,39300.0,500,Sell,232688099
2024-08-19 11:03:20,39350.0,600,Buy,232688770
2024-08-19 11:03:26,39350.0,200,Buy,232688856
2024-08-19 11:03:29,39350.0,100,Buy,232688914
2024-08-19 11:03:29,39350.0,900,Buy,232688915
2024-08-19 11:03:29,39350.0,1000,Buy,232688916
2024-08-19 11:03:29,39350.0,100,Buy,232688918
2024-08-19 11:03:29,39350.0,100,Buy,232688917
2024-08-19 11:03:30,39350.0,1000,Sell,232688942
2024-08-19 11:03:31,39350.0,1800,Sell,232688978
2024-08-19 11:03:46,39400.0,200,Buy,232689290
2024-08-19 11:04:05,39400.0,600,Buy,232689646
2024-08-19 11:04:05,39400.0,300,Buy,232689644
2024-08-19 11:04:05,39400.0,100,Buy,232689645
2024-08-19 11:04:08,39400.0,200,Buy,232689679
2024-08-19 11:04:10,39400.0,200,Buy,232689730
2024-08-19 11:04:10,39400.0,100,Buy,232689731
2024-08-19 11:04:12,39300.0,2400,Sell,232689786
2024-08-19 11:04:12,39300.0,100,Sell,232689787
2024-08-19 11:04:12,39300.0,400,Sell,232689788
2024-08-19 11:04:12,39300.0,100,Sell,232689789
2024-08-19 11:04:27,39300.0,100,Sell,232690088
2024-08-19 11:04:30,39300.0,700,Sell,232690134
2024-08-19 11:04:49,39300.0,200,Sell,232690448
2024-08-19 11:05:27,39350.0,600,Buy,232691073
2024-08-19 11:05:59,39300.0,1500,Sell,232691468
2024-08-19 11:06:11,39350.0,100,Buy,232691593
2024-08-19 11:07:12,39300.0,2000,Sell,232692330
2024-08-19 11:07:30,39300.0,100,Sell,232692610
2024-08-19 11:07:34,39300.0,1500,Sell,232692646
2024-08-19 11:07:34,39300.0,300,Sell,232692642
2024-08-19 11:07:34,39300.0,200,Sell,232692643
2024-08-19 11:07:34,39300.0,2500,Sell,232692644
2024-08-19 11:07:34,39300.0,100,Sell,232692645
2024-08-19 11:07:37,39300.0,600,Buy,232692700
2024-08-19 11:07:37,39300.0,400,Buy,232692699
2024-08-19 11:08:06,39300.0,200,Buy,232693216
2024-08-19 11:08:30,39250.0,100,Sell,232693613
2024-08-19 11:08:30,39250.0,800,Sell,232693614
2024-08-19 11:08:30,39250.0,100,Sell,232693612
2024-08-19 11:08:56,39250.0,100,Sell,232693908
2024-08-19 11:08:57,39250.0,800,Sell,232693916
2024-08-19 11:08:57,39250.0,200,Sell,232693917
2024-08-19 11:08:57,39250.0,100,Sell,232693918
2024-08-19 11:10:21,39250.0,200,Buy,232695140
2024-08-19 11:10:23,39250.0,700,Buy,232695156
2024-08-19 11:10:48,39200.0,300,Sell,232695499
2024-08-19 11:11:03,39200.0,100,Sell,232695670
2024-08-19 11:11:13,39200.0,2400,Sell,232695794
2024-08-19 11:11:13,39200.0,2600,Sell,232695793
2024-08-19 11:11:18,39200.0,600,Sell,232695838
2024-08-19 11:11:18,39200.0,400,Sell,232695839
2024-08-19 11:11:27,39200.0,100,Sell,232695971
2024-08-19 11:11:27,39200.0,200,Sell,232695972
2024-08-19 11:11:27,39200.0,100,Sell,232695973
2024-08-19 11:11:27,39200.0,4000,Sell,232695974
2024-08-19 11:11:28,39200.0,300,Buy,232695987
2024-08-19 11:11:45,39150.0,200,Sell,232696289
2024-08-19 11:11:45,39150.0,500,Sell,232696290
2024-08-19 11:12:04,39150.0,100,Sell,232696472
2024-08-19 11:12:30,39150.0,100,Sell,232696829
2024-08-19 11:12:30,39150.0,200,Sell,232696818
2024-08-19 11:12:54,39150.0,100,Sell,232697218
2024-08-19 11:13:05,39150.0,1000,Sell,232697339
2024-08-19 11:13:05,39150.0,2000,Sell,232697338
2024-08-19 11:13:05,39150.0,300,Sell,232697340
2024-08-19 11:13:41,39200.0,100,Buy,232697873
2024-08-19 11:13:41,39200.0,200,Buy,232697874
2024-08-19 11:14:02,39250.0,1500,Buy,232698122
2024-08-19 11:14:28,39200.0,1000,Sell,232698499
2024-08-19 11:14:55,39200.0,300,Buy,232698834
2024-08-19 11:15:00,39200.0,100,Buy,232698894
2024-08-19 11:15:08,39200.0,100,Buy,232699026
2024-08-19 11:15:24,39200.0,100,Buy,232699264
2024-08-19 11:15:29,39200.0,300,Buy,232699319
2024-08-19 11:15:29,39200.0,400,Buy,232699318
2024-08-19 11:15:52,39200.0,500,Sell,232699662
2024-08-19 11:15:52,39200.0,500,Sell,232699663
2024-08-19 11:15:52,39200.0,100,Sell,232699661
2024-08-19 11:16:10,39150.0,2200,Sell,232699932
2024-08-19 11:16:10,39150.0,800,Sell,232699933
2024-08-19 11:16:10,39150.0,100,Sell,232699934
2024-08-19 11:16:10,39150.0,100,Sell,232699935
2024-08-19 11:16:10,39150.0,200,Sell,232699936
2024-08-19 11:16:10,39150.0,1100,Sell,232699937
2024-08-19 11:16:36,39150.0,400,Sell,232700314
2024-08-19 11:16:40,39150.0,200,Sell,232700347
2024-08-19 11:16:40,39150.0,2600,Sell,232700346
2024-08-19 11:16:44,39150.0,200,Sell,232700417
2024-08-19 11:16:44,39150.0,800,Sell,232700414
2024-08-19 11:16:44,39150.0,100,Sell,232700415
2024-08-19 11:16:44,39150.0,100,Sell,232700416
2024-08-19 11:16:49,39150.0,100,Buy,232700487
2024-08-19 11:17:01,39100.0,500,Sell,232700622
2024-08-19 11:17:01,39100.0,1500,Sell,232700623
2024-08-19 11:17:02,39150.0,100,Buy,232700628
2024-08-19 11:17:09,39150.0,100,Buy,232700712
2024-08-19 11:17:20,39100.0,2000,Sell,232700829
2024-08-19 11:17:20,39150.0,100,Buy,232700835
2024-08-19 11:17:29,39150.0,100,Buy,232700931
2024-08-19 11:17:30,39150.0,300,Buy,232700942
2024-08-19 11:17:30,39150.0,100,Buy,232700943
2024-08-19 11:17:58,39200.0,400,Buy,232701276
2024-08-19 11:19:09,39200.0,800,Buy,232702238
2024-08-19 11:19:09,39200.0,100,Buy,232702240
2024-08-19 11:19:09,39200.0,1000,Buy,232702241
2024-08-19 11:19:09,39200.0,100,Buy,232702242
2024-08-19 11:20:11,39150.0,500,Sell,232703048
2024-08-19 11:21:59,39200.0,1500,Buy,232704347
2024-08-19 11:22:17,39150.0,200,Sell,232704678
2024-08-19 11:22:39,39150.0,500,Sell,232704893
2024-08-19 11:22:50,39150.0,2000,Sell,232705030
2024-08-19 11:22:58,39150.0,200,Sell,232705112
2024-08-19 11:24:34,39200.0,200,Buy,232706200
2024-08-19 11:24:46,39200.0,100,Buy,232706316
2024-08-19 11:24:48,39200.0,200,Buy,232706331
2024-08-19 11:24:48,39200.0,800,Buy,232706332
2024-08-19 11:24:54,39200.0,100,Buy,232706411
2024-08-19 11:24:54,39200.0,100,Buy,232706419
2024-08-19 11:25:16,39200.0,500,Sell,232706704
2024-08-19 11:25:28,39200.0,400,Sell,232706868
2024-08-19 11:25:28,39200.0,100,Sell,232706869
2024-08-19 11:25:28,39200.0,200,Sell,232706870
2024-08-19 11:25:28,39200.0,100,Sell,232706871
2024-08-19 11:26:08,39200.0,1200,Buy,232707466
2024-08-19 11:26:33,39200.0,100,Sell,232707851
2024-08-19 11:28:23,39200.0,100,Sell,232709396
2024-08-19 11:28:23,39200.0,200,Sell,232709397
2024-08-19 11:28:31,39200.0,1000,Sell,232709473
2024-08-19 11:28:56,39200.0,100,Sell,232709791
2024-08-19 12:59:40,39200.0,100,Sell,232710634
2024-08-19 12:59:40,39200.0,100,Sell,232710635
2024-08-19 12:59:40,39200.0,500,Sell,232710636
2024-08-19 12:59:40,39200.0,100,Sell,232710652
2024-08-19 12:59:40,39200.0,400,Sell,232711130
2024-08-19 12:59:40,39200.0,300,Sell,232710619
2024-08-19 12:59:41,39200.0,900,Sell,232711289
2024-08-19 12:59:41,39200.0,1900,Sell,232711290
2024-08-19 12:59:42,39200.0,500,Sell,232712081
2024-08-19 12:59:42,39200.0,100,Sell,232712082
2024-08-19 12:59:43,39200.0,500,Sell,232712262
2024-08-19 12:59:43,39200.0,500,Sell,232712261
2024-08-19 12:59:43,39200.0,600,Sell,232712209
2024-08-19 12:59:43,39200.0,100,Sell,232712210
2024-08-19 12:59:43,39200.0,500,Sell,232712211
2024-08-19 12:59:43,39200.0,500,Sell,232712160
2024-08-19 12:59:44,39200.0,500,Buy,232712757
2024-08-19 12:59:44,39200.0,200,Buy,232712758
2024-08-19 12:59:44,39200.0,100,Buy,232712760
2024-08-19 12:59:44,39200.0,100,Sell,232712380
2024-08-19 12:59:45,39150.0,100,Sell,232712983
2024-08-19 12:59:45,39150.0,100,Sell,232712982
2024-08-19 12:59:45,39150.0,300,Sell,232712981
2024-08-19 12:59:45,39150.0,1000,Sell,232712980
2024-08-19 12:59:45,39150.0,1000,Sell,232712977
2024-08-19 12:59:45,39150.0,1300,Sell,232712976
2024-08-19 12:59:45,39150.0,600,Sell,232712975
2024-08-19 12:59:45,39200.0,100,Buy,232712924
2024-08-19 12:59:45,39150.0,400,Sell,232712978
2024-08-19 12:59:45,39150.0,1000,Sell,232712979
2024-08-19 12:59:46,39100.0,1800,Sell,232713213
2024-08-19 12:59:46,39100.0,200,Sell,232713214
2024-08-19 12:59:46,39150.0,100,Buy,232713419
2024-08-19 12:59:53,39100.0,300,Sell,232714726
2024-08-19 12:59:55,39100.0,600,Sell,232714900
2024-08-19 12:59:58,39150.0,900,Buy,232715138
2024-08-19 12:59:58,39150.0,4100,Buy,232715137
2024-08-19 12:59:58,39100.0,3900,Sell,232715110
2024-08-19 12:59:58,39100.0,2400,Sell,232715111
2024-08-19 13:00:13,39100.0,1000,Sell,232715928
2024-08-19 13:00:13,39100.0,1600,Sell,232715927
2024-08-19 13:00:13,39050.0,500,Sell,232715937
2024-08-19 13:00:13,39100.0,100,Sell,232715936
2024-08-19 13:00:13,39100.0,300,Sell,232715935
2024-08-19 13:00:13,39100.0,100,Sell,232715934
2024-08-19 13:00:13,39050.0,3700,Sell,232715938
2024-08-19 13:00:13,39100.0,1000,Sell,232715932
2024-08-19 13:00:13,39100.0,200,Sell,232715931
2024-08-19 13:00:13,39100.0,1000,Sell,232715930
2024-08-19 13:00:13,39100.0,2500,Sell,232715933
2024-08-19 13:00:13,39100.0,3000,Sell,232715929
2024-08-19 13:00:14,39050.0,100,Sell,232715977
2024-08-19 13:00:14,39050.0,300,Sell,232715975
2024-08-19 13:00:14,39050.0,500,Sell,232715976
2024-08-19 13:00:32,39050.0,200,Sell,232716371
2024-08-19 13:00:37,39050.0,1000,Sell,232716469
2024-08-19 13:00:45,39050.0,4000,Sell,232716659
2024-08-19 13:00:57,39050.0,100,Sell,232717017
2024-08-19 13:01:12,39050.0,600,Buy,232717402
2024-08-19 13:01:12,39050.0,100,Buy,232717403
2024-08-19 13:01:12,39050.0,800,Buy,232717404
2024-08-19 13:01:18,39050.0,100,Sell,232717517
2024-08-19 13:01:23,39100.0,100,Buy,232717657
2024-08-19 13:01:40,39100.0,900,Buy,232718053
2024-08-19 13:02:00,39050.0,1500,Sell,232718584
2024-08-19 13:02:07,39050.0,1900,Sell,232718818
2024-08-19 13:02:07,39050.0,100,Sell,232718819
2024-08-19 13:02:07,39050.0,1000,Sell,232718820
2024-08-19 13:02:07,39050.0,100,Sell,232718821
2024-08-19 13:02:07,39050.0,1000,Sell,232718822
2024-08-19 13:02:16,39000.0,100,Sell,232719210
2024-08-19 13:02:16,39000.0,100,Sell,232719211
2024-08-19 13:02:24,39000.0,1100,Sell,232719401
2024-08-19 13:02:24,39000.0,500,Sell,232719402
2024-08-19 13:02:24,39000.0,3400,Sell,232719403
2024-08-19 13:02:26,39000.0,100,Sell,232719448
2024-08-19 13:02:32,39000.0,300,Sell,232719618
2024-08-19 13:02:32,39000.0,300,Sell,232719594
2024-08-19 13:02:32,39000.0,400,Sell,232719593
2024-08-19 13:02:32,39000.0,100,Sell,232719592
2024-08-19 13:02:32,39000.0,100,Sell,232719588
2024-08-19 13:02:32,39000.0,100,Sell,232719590
2024-08-19 13:02:32,39000.0,100,Sell,232719589
2024-08-19 13:02:32,39000.0,900,Sell,232719587
2024-08-19 13:02:32,39000.0,1000,Sell,232719591
2024-08-19 13:02:36,39000.0,500,Sell,232719708
2024-08-19 13:02:36,39000.0,1000,Sell,232719710
2024-08-19 13:02:36,39000.0,100,Sell,232719709
2024-08-19 13:02:36,39000.0,200,Sell,232719707
2024-08-19 13:02:36,39000.0,1000,Sell,232719702
2024-08-19 13:02:36,39000.0,500,Sell,232719705
2024-08-19 13:02:36,39000.0,200,Sell,232719701
2024-08-19 13:02:36,39000.0,300,Sell,232719706
2024-08-19 13:02:36,39000.0,400,Sell,232719704
2024-08-19 13:02:36,39000.0,800,Sell,232719703
2024-08-19 13:03:16,39000.0,700,Buy,232720915
2024-08-19 13:03:18,39000.0,200,Buy,232720976
2024-08-19 13:03:25,39000.0,100,Buy,232721187
2024-08-19 13:03:32,39000.0,100,Buy,232721355
2024-08-19 13:03:34,39000.0,200,Buy,232721413
2024-08-19 13:03:37,39000.0,100,Buy,232721479
2024-08-19 13:03:38,39000.0,100,Buy,232721499
2024-08-19 13:03:50,39000.0,500,Buy,232721873
2024-08-19 13:03:56,39000.0,100,Buy,232722017
2024-08-19 13:04:25,38950.0,100,Sell,232722844
2024-08-19 13:04:25,38950.0,100,Sell,232722845
2024-08-19 13:04:35,38950.0,500,Sell,232723100
2024-08-19 13:04:35,39000.0,200,Buy,232723113
2024-08-19 13:04:35,38950.0,200,Sell,232723098
2024-08-19 13:04:35,38950.0,300,Sell,232723099
2024-08-19 13:04:36,38950.0,1000,Sell,232723146
2024-08-19 13:04:37,38950.0,2000,Sell,232723179
2024-08-19 13:04:42,39050.0,200,Buy,232723285
2024-08-19 13:04:42,39150.0,5000,Buy,232723293
2024-08-19 13:04:42,39150.0,100,Buy,232723292
2024-08-19 13:04:42,39150.0,100,Buy,232723291
2024-08-19 13:04:42,39150.0,2100,Buy,232723290
2024-08-19 13:04:42,39100.0,200,Buy,232723289
2024-08-19 13:04:42,39100.0,1800,Buy,232723288
2024-08-19 13:04:42,39100.0,100,Buy,232723287
2024-08-19 13:04:42,39050.0,500,Buy,232723286
2024-08-19 13:04:42,39000.0,200,Buy,232723284
2024-08-19 13:04:42,39000.0,500,Buy,232723279
2024-08-19 13:04:42,39000.0,400,Buy,232723282
2024-08-19 13:04:42,39000.0,1000,Buy,232723283
2024-08-19 13:04:42,39000.0,5000,Buy,232723274
2024-08-19 13:04:42,39000.0,200,Buy,232723275
2024-08-19 13:04:42,39000.0,100,Buy,232723276
2024-08-19 13:04:42,39000.0,700,Buy,232723273
2024-08-19 13:04:42,39000.0,700,Buy,232723280
2024-08-19 13:04:42,39000.0,600,Buy,232723281
2024-08-19 13:04:42,39000.0,500,Buy,232723277
2024-08-19 13:04:42,39000.0,3000,Buy,232723278
2024-08-19 13:04:45,39150.0,2000,Sell,232723519
2024-08-19 13:05:03,39000.0,200,Sell,232724044
2024-08-19 13:05:10,39000.0,100,Sell,232724206
2024-08-19 13:05:13,39000.0,100,Buy,232724283
2024-08-19 13:05:15,39000.0,100,Buy,232724332
2024-08-19 13:05:21,39000.0,100,Buy,232724484
2024-08-19 13:05:25,39000.0,2600,Buy,232724560
2024-08-19 13:05:44,39000.0,100,Sell,232725147
2024-08-19 13:05:44,39000.0,400,Sell,232725146
2024-08-19 13:06:05,39000.0,2000,Sell,232725822
2024-08-19 13:06:05,39000.0,300,Sell,232725821
2024-08-19 13:06:05,39050.0,1000,Sell,232725818
2024-08-19 13:06:05,39000.0,4900,Sell,232725819
2024-08-19 13:06:05,39000.0,100,Sell,232725820
2024-08-19 13:06:20,39000.0,900,Buy,232726309
2024-08-19 13:06:25,39000.0,100,Buy,232726418
2024-08-19 13:06:29,39000.0,100,Buy,232726532
2024-08-19 13:06:41,39000.0,100,Buy,232726844
2024-08-19 13:07:03,39000.0,200,Buy,232727548
2024-08-19 13:07:03,39000.0,800,Buy,232727549
2024-08-19 13:07:05,38950.0,200,Sell,232727618
2024-08-19 13:07:16,39000.0,1100,Buy,232727867
2024-08-19 13:07:36,38950.0,1000,Sell,232728488
2024-08-19 13:07:39,39000.0,5000,Buy,232728528
2024-08-19 13:07:39,39000.0,200,Buy,232728529
2024-08-19 13:07:39,39000.0,3500,Buy,232728530
2024-08-19 13:07:39,39000.0,1300,Buy,232728527
2024-08-19 13:07:58,39000.0,900,Buy,232729148
2024-08-19 13:07:58,39000.0,100,Buy,232729149
2024-08-19 13:07:58,39000.0,900,Buy,232729161
2024-08-19 13:08:02,39000.0,500,Sell,232729256
2024-08-19 13:08:03,39000.0,300,Sell,232729303
2024-08-19 13:08:08,39000.0,200,Sell,232729537
2024-08-19 13:08:08,39000.0,400,Sell,232729536
2024-08-19 13:08:19,39000.0,100,Sell,232729980
2024-08-19 13:08:29,39000.0,200,Sell,232730235
2024-08-19 13:08:29,39000.0,600,Sell,232730236
2024-08-19 13:08:37,39000.0,1000,Sell,232730416
2024-08-19 13:08:46,39000.0,300,Sell,232730674
2024-08-19 13:09:02,39050.0,100,Buy,232731090
2024-08-19 13:09:10,39000.0,100,Sell,232731281
2024-08-19 13:09:11,39000.0,300,Sell,232731306
2024-08-19 13:09:11,39000.0,200,Sell,232731307
2024-08-19 13:09:13,39000.0,100,Sell,232731353
2024-08-19 13:09:13,39000.0,1000,Sell,232731356
2024-08-19 13:09:13,39000.0,1800,Sell,232731351
2024-08-19 13:09:13,39000.0,200,Sell,232731352
2024-08-19 13:09:13,39000.0,300,Sell,232731355
2024-08-19 13:09:16,39050.0,100,Buy,232731412
2024-08-19 13:09:17,39000.0,2000,Buy,232731434
2024-08-19 13:09:17,39050.0,2000,Buy,232731435
2024-08-19 13:09:31,39000.0,100,Sell,232731834
2024-08-19 13:09:48,39000.0,100,Sell,232732167
2024-08-19 13:09:55,39000.0,200,Buy,232732306
2024-08-19 13:09:55,39000.0,500,Buy,232732307
2024-08-19 13:09:55,39000.0,300,Buy,232732308
2024-08-19 13:09:56,39000.0,3000,Buy,232732330
2024-08-19 13:10:04,39000.0,100,Sell,232732548
2024-08-19 13:10:22,39000.0,400,Sell,232733115
2024-08-19 13:10:22,39000.0,100,Sell,232733113
2024-08-19 13:10:22,39000.0,2000,Sell,232733114
2024-08-19 13:10:46,39000.0,300,Sell,232733836
2024-08-19 13:10:50,39000.0,300,Sell,232734007
2024-08-19 13:10:50,39000.0,100,Sell,232734008
2024-08-19 13:10:50,39000.0,200,Sell,232734009
2024-08-19 13:10:50,39000.0,400,Sell,232734010
2024-08-19 13:10:56,39000.0,200,Sell,232734167
2024-08-19 13:11:12,39000.0,100,Sell,232734611
2024-08-19 13:11:16,39000.0,500,Sell,232734689
2024-08-19 13:11:22,39000.0,100,Sell,232734854
2024-08-19 13:11:22,39000.0,3000,Sell,232734853
2024-08-19 13:11:26,39000.0,100,Buy,232734932
2024-08-19 13:11:35,39000.0,100,Buy,232735168
2024-08-19 13:11:45,39000.0,200,Buy,232735443
2024-08-19 13:11:58,39000.0,1500,Buy,232735907
2024-08-19 13:11:58,39000.0,500,Buy,232735908
2024-08-19 13:12:01,38950.0,500,Sell,232736047
2024-08-19 13:12:01,38950.0,100,Sell,232736046
2024-08-19 13:12:01,38950.0,300,Sell,232736045
2024-08-19 13:12:01,38950.0,100,Sell,232736044
2024-08-19 13:12:01,38950.0,1300,Sell,232736048
2024-08-19 13:12:01,38950.0,600,Sell,232736042
2024-08-19 13:12:01,38950.0,300,Sell,232736041
2024-08-19 13:12:01,38950.0,1000,Sell,232736040
2024-08-19 13:12:01,38950.0,1000,Sell,232736039
2024-08-19 13:12:01,38950.0,300,Sell,232736038
2024-08-19 13:12:01,38950.0,1000,Sell,232736043
2024-08-19 13:12:08,39000.0,100,Buy,232736201
2024-08-19 13:12:08,39000.0,800,Buy,232736202
2024-08-19 13:12:08,39000.0,1400,Buy,232736203
2024-08-19 13:12:13,39000.0,200,Sell,232736413
2024-08-19 13:12:17,39000.0,500,Buy,232736546
2024-08-19 13:12:17,39000.0,1700,Buy,232736547
2024-08-19 13:12:18,39000.0,800,Sell,232736615
2024-08-19 13:12:20,39000.0,2000,Sell,232736641
2024-08-19 13:12:27,39000.0,2000,Buy,232736871
2024-08-19 13:12:54,38950.0,100,Sell,232737562
2024-08-19 13:13:02,39000.0,100,Buy,232737838
2024-08-19 13:13:29,38950.0,300,Sell,232738631
2024-08-19 13:13:29,38950.0,1600,Sell,232738632
2024-08-19 13:13:29,38950.0,100,Sell,232738630
2024-08-19 13:13:50,38950.0,3400,Sell,232739226
2024-08-19 13:13:50,38950.0,500,Sell,232739227
2024-08-19 13:13:50,38950.0,100,Sell,232739228
2024-08-19 13:13:50,38950.0,300,Sell,232739229
2024-08-19 13:13:50,38950.0,200,Sell,232739230
2024-08-19 13:13:52,38950.0,100,Sell,232739289
2024-08-19 13:13:52,38950.0,200,Sell,232739290
2024-08-19 13:13:52,38950.0,1800,Sell,232739298
2024-08-19 13:14:08,39000.0,100,Buy,232739714
2024-08-19 13:14:27,39000.0,100,Buy,232740145
2024-08-19 13:14:28,39000.0,100,Buy,232740168
2024-08-19 13:14:28,39000.0,100,Buy,232740167
2024-08-19 13:14:28,39000.0,500,Buy,232740164
2024-08-19 13:14:28,39000.0,100,Buy,232740165
2024-08-19 13:14:28,39000.0,100,Buy,232740166
2024-08-19 13:14:36,38950.0,100,Sell,232740369
2024-08-19 13:14:36,38950.0,1000,Sell,232740370
2024-08-19 13:14:36,38950.0,1000,Sell,232740371
2024-08-19 13:14:52,39000.0,200,Buy,232740775
2024-08-19 13:15:02,39000.0,700,Buy,232740966
2024-08-19 13:15:02,39000.0,100,Buy,232740967
2024-08-19 13:15:02,39000.0,1200,Buy,232740968
2024-08-19 13:15:12,38950.0,1000,Sell,232741266
2024-08-19 13:15:16,38950.0,1000,Sell,232741389
2024-08-19 13:15:29,38950.0,200,Buy,232741747
2024-08-19 13:15:44,38950.0,1000,Sell,232742302
2024-08-19 13:15:46,38950.0,800,Sell,232742360
2024-08-19 13:15:59,38950.0,300,Buy,232742761
2024-08-19 13:16:00,38950.0,600,Sell,232742793
2024-08-19 13:16:00,38950.0,300,Sell,232742794
2024-08-19 13:16:14,38950.0,1000,Sell,232743206
2024-08-19 13:16:42,39000.0,100,Buy,232743916
2024-08-19 13:17:04,39000.0,200,Buy,232744485
2024-08-19 13:17:16,39000.0,100,Buy,232744756
2024-08-19 13:17:21,39000.0,100,Buy,232744883
2024-08-19 13:17:24,38950.0,100,Sell,232744955
2024-08-19 13:17:27,38950.0,200,Sell,232745023
2024-08-19 13:17:40,39000.0,200,Buy,232745327
2024-08-19 13:17:40,39000.0,100,Buy,232745326
2024-08-19 13:17:40,39000.0,200,Buy,232745324
2024-08-19 13:17:40,39000.0,1500,Buy,232745323
2024-08-19 13:17:40,39000.0,2000,Buy,232745325
2024-08-19 13:17:55,39000.0,1500,Buy,232745680
2024-08-19 13:18:03,39000.0,300,Buy,232745869
2024-08-19 13:18:03,39000.0,100,Buy,232745870
2024-08-19 13:18:03,39000.0,600,Buy,232745871
2024-08-19 13:18:06,39000.0,5000,Buy,232745997
2024-08-19 13:18:20,39000.0,1000,Buy,232746337
2024-08-19 13:18:26,39000.0,400,Buy,232746493
2024-08-19 13:18:31,38950.0,300,Sell,232746620
2024-08-19 13:18:32,39000.0,3000,Buy,232746622
2024-08-19 13:18:35,39000.0,500,Buy,232746721
2024-08-19 13:18:35,39000.0,900,Buy,232746720
2024-08-19 13:18:35,39000.0,500,Buy,232746714
2024-08-19 13:18:35,39000.0,2500,Buy,232746718
2024-08-19 13:18:35,39000.0,100,Buy,232746719
2024-08-19 13:18:39,39000.0,1000,Buy,232746870
2024-08-19 13:18:43,39000.0,1400,Buy,232747022
2024-08-19 13:18:43,39000.0,200,Buy,232747023
2024-08-19 13:19:01,39100.0,100,Buy,232747589
2024-08-19 13:19:01,39100.0,2700,Buy,232747591
2024-08-19 13:19:01,39100.0,2100,Buy,232747588
2024-08-19 13:19:01,39100.0,500,Buy,232747590
2024-08-19 13:19:01,39100.0,1000,Buy,232747586
2024-08-19 13:19:01,39100.0,100,Buy,232747584
2024-08-19 13:19:01,39100.0,1000,Buy,232747587
2024-08-19 13:19:01,39100.0,1000,Buy,232747585
2024-08-19 13:19:01,39100.0,100,Buy,232747583
2024-08-19 13:19:02,39100.0,2700,Sell,232747643
2024-08-19 13:19:04,39000.0,4000,Sell,232747711
2024-08-19 13:19:04,39100.0,2700,Sell,232747684
2024-08-19 13:19:04,39000.0,2300,Sell,232747710
2024-08-19 13:19:16,39150.0,100,Buy,232748068
2024-08-19 13:20:10,39100.0,100,Buy,232749163
2024-08-19 13:20:23,39100.0,700,Buy,232749473
2024-08-19 13:20:27,39000.0,1100,Sell,232749577
2024-08-19 13:20:27,39000.0,600,Sell,232749578
2024-08-19 13:20:27,39000.0,1000,Sell,232749579
2024-08-19 13:20:27,39000.0,100,Sell,232749580
2024-08-19 13:20:27,39000.0,200,Sell,232749581
2024-08-19 13:21:06,39050.0,2000,Buy,232750729
2024-08-19 13:21:06,39050.0,2700,Buy,232750730
2024-08-19 13:21:20,39100.0,500,Buy,232751059
2024-08-19 13:21:22,39050.0,400,Sell,232751136
2024-08-19 13:21:32,39100.0,500,Buy,232751496
