time,price,volume,match_type,id
2024-08-20 09:14:38,38650.0,11500,ATO/ATC,232873990
2024-08-20 09:14:40,38650.0,100,Sell,232874189
2024-08-20 09:14:54,38700.0,100,Buy,232874432
2024-08-20 09:14:54,38700.0,300,Buy,232874431
2024-08-20 09:15:14,38800.0,1400,Buy,232874780
2024-08-20 09:15:22,38800.0,100,Buy,232874914
2024-08-20 09:15:35,38850.0,100,Buy,232875202
2024-08-20 09:15:36,38800.0,600,Sell,232875224
2024-08-20 09:15:36,38800.0,100,Sell,232875222
2024-08-20 09:15:36,38800.0,300,Sell,232875223
2024-08-20 09:15:40,38850.0,200,Buy,232875388
2024-08-20 09:15:44,38900.0,100,Buy,232875515
2024-08-20 09:15:44,38900.0,100,Buy,232875514
2024-08-20 09:15:51,38900.0,200,Sell,232875672
2024-08-20 09:15:52,38900.0,100,Sell,232875680
2024-08-20 09:15:57,38950.0,500,Buy,232875781
2024-08-20 09:15:57,38950.0,300,Buy,232875782
2024-08-20 09:15:57,38950.0,100,Buy,232875783
2024-08-20 09:16:07,39000.0,100,Buy,232875950
2024-08-20 09:16:13,39000.0,200,Buy,232876101
2024-08-20 09:16:13,39000.0,400,Buy,232876100
2024-08-20 09:16:17,39000.0,300,Buy,232876176
2024-08-20 09:16:17,39000.0,1200,Buy,232876177
2024-08-20 09:16:17,39000.0,200,Buy,232876178
2024-08-20 09:16:17,39000.0,100,Buy,232876179
2024-08-20 09:16:19,39000.0,1500,Buy,232876230
2024-08-20 09:16:20,39000.0,2200,Buy,232876249
2024-08-20 09:16:31,39100.0,100,Buy,232876484
2024-08-20 09:16:33,39000.0,700,Sell,232876511
2024-08-20 09:16:33,39000.0,2800,Sell,232876509
2024-08-20 09:16:33,39000.0,500,Sell,232876510
2024-08-20 09:16:37,39150.0,1000,Buy,232876620
2024-08-20 09:16:37,39150.0,100,Buy,232876621
2024-08-20 09:16:38,39150.0,100,Sell,232876626
2024-08-20 09:16:39,39150.0,1800,Sell,232876644
2024-08-20 09:16:43,39200.0,300,Buy,232876744
2024-08-20 09:16:44,39200.0,2500,Buy,232876762
2024-08-20 09:16:44,39200.0,100,Buy,232876763
2024-08-20 09:16:44,39200.0,100,Buy,232876764
2024-08-20 09:16:50,39250.0,100,Buy,232876918
2024-08-20 09:16:50,39250.0,400,Buy,232876919
2024-08-20 09:16:51,39250.0,500,Buy,232876940
2024-08-20 09:16:51,39250.0,400,Buy,232876943
2024-08-20 09:16:55,39250.0,300,Buy,232877086
2024-08-20 09:16:55,39250.0,2000,Buy,232877087
2024-08-20 09:16:56,39300.0,100,Buy,232877111
2024-08-20 09:16:56,39300.0,100,Buy,232877112
2024-08-20 09:16:56,39300.0,100,Buy,232877113
2024-08-20 09:16:56,39300.0,2600,Buy,232877114
2024-08-20 09:17:00,39350.0,100,Buy,232877190
2024-08-20 09:17:00,39350.0,100,Buy,232877191
2024-08-20 09:17:00,39350.0,100,Buy,232877192
2024-08-20 09:17:00,39350.0,100,Sell,232877204
2024-08-20 09:17:02,39350.0,3000,Buy,232877277
2024-08-20 09:17:02,39300.0,2100,Sell,232877262
2024-08-20 09:17:06,39300.0,100,Sell,232877375
2024-08-20 09:17:06,39400.0,100,Buy,232877346
2024-08-20 09:17:06,39400.0,900,Buy,232877347
2024-08-20 09:17:09,39400.0,2000,Buy,232877457
2024-08-20 09:17:10,39400.0,2100,Buy,232877471
2024-08-20 09:17:10,39400.0,1000,Buy,232877472
2024-08-20 09:17:10,39400.0,1800,Buy,232877473
2024-08-20 09:17:10,39450.0,100,Buy,232877476
2024-08-20 09:17:10,39400.0,100,Sell,232877486
2024-08-20 09:17:11,39450.0,400,Buy,232877496
2024-08-20 09:17:11,39400.0,100,Buy,232877495
2024-08-20 09:17:11,39400.0,8800,Sell,232877494
2024-08-20 09:17:14,39400.0,1800,Buy,232877573
2024-08-20 09:17:14,39400.0,400,Sell,232877596
2024-08-20 09:17:14,39400.0,300,Buy,232877572
2024-08-20 09:17:15,39400.0,7500,Sell,232877598
2024-08-20 09:17:16,39400.0,100,Buy,232877636
2024-08-20 09:17:17,39350.0,1000,Sell,232877655
2024-08-20 09:17:17,39400.0,1000,Buy,232877656
2024-08-20 09:17:19,39400.0,500,Sell,232877707
2024-08-20 09:17:19,39400.0,400,Buy,232877710
2024-08-20 09:17:20,39300.0,1000,Sell,232877729
2024-08-20 09:17:20,39400.0,1100,Buy,232877727
2024-08-20 09:17:20,39450.0,200,Buy,232877728
2024-08-20 09:17:22,39400.0,700,Buy,232877798
2024-08-20 09:17:26,39300.0,2000,Sell,232877867
2024-08-20 09:17:26,39300.0,800,Sell,232877868
2024-08-20 09:17:26,39300.0,200,Sell,232877869
2024-08-20 09:17:26,39400.0,300,Buy,232877873
2024-08-20 09:17:27,39250.0,500,Sell,232877895
2024-08-20 09:17:27,39250.0,2000,Sell,232877891
2024-08-20 09:17:27,39250.0,1000,Sell,232877892
2024-08-20 09:17:27,39250.0,800,Sell,232877893
2024-08-20 09:17:27,39250.0,100,Sell,232877894
2024-08-20 09:17:29,39400.0,900,Buy,232877931
2024-08-20 09:17:29,39400.0,700,Buy,232877930
2024-08-20 09:17:29,39400.0,100,Buy,232877928
2024-08-20 09:17:29,39400.0,1500,Buy,232877927
2024-08-20 09:17:29,39400.0,1800,Buy,232877929
2024-08-20 09:17:31,39400.0,1300,Buy,232877995
2024-08-20 09:17:35,39350.0,200,Buy,232878084
2024-08-20 09:17:35,39350.0,800,Buy,232878085
2024-08-20 09:17:36,39350.0,300,Buy,232878110
2024-08-20 09:17:37,39400.0,100,Sell,232878130
2024-08-20 09:17:37,39400.0,200,Sell,232878129
2024-08-20 09:17:37,39400.0,3000,Sell,232878134
2024-08-20 09:17:37,39400.0,2000,Buy,232878123
2024-08-20 09:17:37,39400.0,1800,Buy,232878119
2024-08-20 09:17:37,39400.0,100,Buy,232878121
2024-08-20 09:17:37,39350.0,700,Buy,232878118
2024-08-20 09:17:37,39400.0,500,Buy,232878122
2024-08-20 09:17:37,39400.0,100,Buy,232878120
2024-08-20 09:17:38,39400.0,1500,Sell,232878142
2024-08-20 09:17:39,39400.0,1600,Buy,232878193
2024-08-20 09:17:39,39400.0,300,Buy,232878194
2024-08-20 09:17:39,39400.0,100,Buy,232878192
2024-08-20 09:17:41,39350.0,1400,Buy,232878221
2024-08-20 09:17:41,39400.0,1300,Buy,232878226
2024-08-20 09:17:41,39400.0,1600,Sell,232878237
2024-08-20 09:17:41,39400.0,700,Sell,232878238
2024-08-20 09:17:53,39350.0,100,Buy,232878506
2024-08-20 09:17:54,39350.0,1000,Buy,232878510
2024-08-20 09:18:04,39350.0,100,Buy,232878683
2024-08-20 09:18:04,39350.0,200,Buy,232878682
2024-08-20 09:18:09,39350.0,400,Buy,232878829
2024-08-20 09:18:11,39350.0,100,Buy,232878880
2024-08-20 09:18:32,39300.0,3000,Buy,232879450
2024-08-20 09:18:32,39200.0,500,Sell,232879452
2024-08-20 09:18:32,39200.0,1000,Sell,232879453
2024-08-20 09:18:32,39200.0,1000,Sell,232879454
2024-08-20 09:18:41,39300.0,400,Buy,232879666
2024-08-20 09:18:51,39200.0,100,Sell,232879921
2024-08-20 09:18:52,39200.0,900,Sell,232879966
2024-08-20 09:18:52,39200.0,100,Sell,232879967
2024-08-20 09:18:52,39200.0,2000,Sell,232879968
2024-08-20 09:18:57,39200.0,1300,Sell,232880139
2024-08-20 09:18:57,39100.0,1000,Sell,232880144
2024-08-20 09:19:02,39200.0,200,Buy,232880304
2024-08-20 09:19:02,39200.0,300,Buy,232880305
2024-08-20 09:19:04,39200.0,700,Buy,232880360
2024-08-20 09:19:04,39200.0,1300,Buy,232880361
2024-08-20 09:19:12,39200.0,100,Buy,232880540
2024-08-20 09:19:24,39100.0,200,Sell,232880863
2024-08-20 09:19:24,39150.0,1300,Buy,232880864
2024-08-20 09:19:39,39100.0,300,Sell,232881317
2024-08-20 09:19:39,39100.0,700,Sell,232881318
2024-08-20 09:19:41,39150.0,100,Buy,232881345
2024-08-20 09:19:42,39150.0,100,Buy,232881387
2024-08-20 09:19:42,39150.0,900,Buy,232881388
2024-08-20 09:19:46,39150.0,100,Buy,232881526
2024-08-20 09:19:46,39150.0,200,Buy,232881527
2024-08-20 09:19:47,39150.0,200,Sell,232881545
2024-08-20 09:19:52,39150.0,100,Sell,232881681
2024-08-20 09:19:54,39150.0,100,Sell,232881719
2024-08-20 09:19:54,39150.0,900,Sell,232881718
2024-08-20 09:19:56,39200.0,1600,Buy,232881755
2024-08-20 09:19:56,39200.0,700,Buy,232881756
2024-08-20 09:19:56,39200.0,100,Buy,232881757
2024-08-20 09:19:56,39200.0,200,Buy,232881758
2024-08-20 09:19:56,39200.0,200,Buy,232881759
2024-08-20 09:19:56,39200.0,500,Buy,232881760
2024-08-20 09:19:56,39200.0,100,Buy,232881761
2024-08-20 09:19:56,39200.0,1600,Buy,232881762
2024-08-20 09:19:57,39200.0,200,Buy,232881775
2024-08-20 09:20:00,39150.0,100,Sell,232881851
2024-08-20 09:20:01,39150.0,500,Sell,232881860
2024-08-20 09:20:08,39150.0,300,Sell,232882056
2024-08-20 09:20:08,39150.0,4700,Sell,232882057
2024-08-20 09:20:11,39200.0,400,Buy,232882119
2024-08-20 09:20:11,39200.0,100,Buy,232882120
2024-08-20 09:20:17,39150.0,300,Sell,232882283
2024-08-20 09:20:17,39150.0,200,Sell,232882284
2024-08-20 09:20:20,39150.0,500,Sell,232882355
2024-08-20 09:20:21,39150.0,300,Sell,232882362
2024-08-20 09:20:22,39150.0,200,Sell,232882377
2024-08-20 09:20:40,39100.0,1100,Sell,232882814
2024-08-20 09:20:40,39050.0,1600,Sell,232882815
2024-08-20 09:20:40,39100.0,1000,Sell,232882813
2024-08-20 09:20:40,39100.0,300,Sell,232882809
2024-08-20 09:20:40,39100.0,3000,Sell,232882811
2024-08-20 09:20:40,39100.0,1000,Sell,232882810
2024-08-20 09:20:40,39100.0,1000,Sell,232882812
2024-08-20 09:20:54,39100.0,200,Sell,232883139
2024-08-20 09:21:07,39100.0,600,Sell,232883466
2024-08-20 09:21:13,39100.0,200,Sell,232883595
2024-08-20 09:21:13,39100.0,500,Sell,232883596
2024-08-20 09:21:13,39100.0,300,Sell,232883597
2024-08-20 09:21:18,39100.0,1000,Sell,232883724
2024-08-20 09:21:18,39100.0,100,Sell,232883723
2024-08-20 09:21:18,39100.0,200,Sell,232883722
2024-08-20 09:21:23,39100.0,100,Sell,232883879
2024-08-20 09:21:23,39100.0,3300,Sell,232883880
2024-08-20 09:21:39,39100.0,1600,Buy,232884309
2024-08-20 09:21:39,39100.0,400,Buy,232884310
2024-08-20 09:21:51,39100.0,1000,Buy,232884663
2024-08-20 09:21:51,39100.0,5000,Buy,232884662
2024-08-20 09:21:51,39100.0,100,Buy,232884664
2024-08-20 09:21:51,39100.0,300,Buy,232884660
2024-08-20 09:21:51,39100.0,1500,Buy,232884661
2024-08-20 09:21:51,39100.0,600,Buy,232884659
2024-08-20 09:21:53,39100.0,1000,Sell,232884703
2024-08-20 09:22:03,39100.0,100,Sell,232884928
2024-08-20 09:22:08,39100.0,200,Sell,232885041
2024-08-20 09:22:08,39100.0,400,Sell,232885039
2024-08-20 09:22:08,39100.0,200,Sell,232885040
2024-08-20 09:22:34,39100.0,300,Buy,232885792
2024-08-20 09:22:34,39100.0,200,Buy,232885790
2024-08-20 09:22:34,39100.0,500,Buy,232885791
2024-08-20 09:22:49,39100.0,100,Buy,232886204
2024-08-20 09:22:49,39100.0,500,Buy,232886205
2024-08-20 09:22:49,39100.0,100,Buy,232886206
2024-08-20 09:22:49,39100.0,300,Buy,232886207
2024-08-20 09:23:08,39050.0,100,Sell,232886647
2024-08-20 09:23:08,39050.0,100,Sell,232886646
2024-08-20 09:23:08,39050.0,100,Sell,232886645
2024-08-20 09:23:08,39050.0,500,Sell,232886644
2024-08-20 09:23:08,39050.0,500,Sell,232886642
2024-08-20 09:23:08,39050.0,1000,Sell,232886641
2024-08-20 09:23:08,39050.0,1400,Sell,232886640
2024-08-20 09:23:08,39050.0,200,Sell,232886643
2024-08-20 09:23:09,39050.0,1000,Buy,232886683
2024-08-20 09:23:21,39000.0,500,Sell,232886987
2024-08-20 09:23:21,39000.0,200,Sell,232886988
2024-08-20 09:23:21,39000.0,300,Sell,232886989
2024-08-20 09:23:30,39000.0,100,Sell,232887327
2024-08-20 09:23:30,39000.0,100,Sell,232887326
2024-08-20 09:23:30,39000.0,1000,Sell,232887320
2024-08-20 09:23:32,39000.0,200,Sell,232887348
2024-08-20 09:23:35,39000.0,500,Sell,232887471
2024-08-20 09:23:36,39000.0,100,Sell,232887491
2024-08-20 09:23:37,39000.0,100,Sell,232887494
2024-08-20 09:23:37,39000.0,800,Sell,232887495
2024-08-20 09:23:37,39000.0,100,Sell,232887496
2024-08-20 09:23:45,39000.0,1800,Sell,232887778
2024-08-20 09:23:49,39000.0,100,Sell,232887926
2024-08-20 09:23:50,39000.0,500,Sell,232887944
2024-08-20 09:23:50,39000.0,2000,Sell,232887943
2024-08-20 09:23:50,39000.0,1300,Sell,232887941
2024-08-20 09:23:50,39000.0,1000,Sell,232887939
2024-08-20 09:23:50,39000.0,100,Sell,232887942
2024-08-20 09:23:50,39000.0,500,Sell,232887940
2024-08-20 09:24:20,38950.0,1000,Sell,232888734
2024-08-20 09:24:26,38950.0,100,Sell,232888847
2024-08-20 09:24:26,38950.0,100,Sell,232888848
2024-08-20 09:24:26,38950.0,200,Sell,232888858
2024-08-20 09:24:29,38950.0,1000,Sell,232888914
2024-08-20 09:24:32,39000.0,400,Buy,232888987
2024-08-20 09:24:32,39000.0,4600,Buy,232888986
2024-08-20 09:24:35,38950.0,1500,Sell,232889080
2024-08-20 09:24:35,38950.0,300,Sell,232889078
2024-08-20 09:24:35,38950.0,200,Sell,232889079
2024-08-20 09:24:38,38950.0,100,Sell,232889151
2024-08-20 09:24:42,38950.0,1000,Sell,232889243
2024-08-20 09:24:50,39000.0,200,Buy,232889417
2024-08-20 09:24:52,38950.0,100,Sell,232889495
2024-08-20 09:24:58,38950.0,400,Sell,232889631
2024-08-20 09:25:17,39000.0,200,Buy,232890150
2024-08-20 09:25:19,39000.0,200,Buy,232890202
2024-08-20 09:25:24,38950.0,700,Sell,232890408
2024-08-20 09:25:37,38950.0,500,Sell,232890943
2024-08-20 09:25:37,38950.0,1600,Sell,232890942
2024-08-20 09:25:37,38950.0,500,Sell,232890941
2024-08-20 09:25:37,38950.0,100,Sell,232890940
2024-08-20 09:25:37,38950.0,100,Sell,232890939
2024-08-20 09:25:37,38950.0,100,Sell,232890938
2024-08-20 09:25:37,38950.0,1200,Sell,232890937
2024-08-20 09:25:54,38950.0,200,Sell,232891318
2024-08-20 09:25:55,38950.0,100,Sell,232891366
2024-08-20 09:26:10,38950.0,500,Sell,232891721
2024-08-20 09:26:10,38950.0,100,Sell,232891722
2024-08-20 09:26:18,39000.0,300,Buy,232891902
2024-08-20 09:26:18,39000.0,400,Buy,232891901
2024-08-20 09:26:18,39000.0,300,Buy,232891900
2024-08-20 09:26:18,39000.0,100,Buy,232891899
2024-08-20 09:26:18,38950.0,300,Buy,232891891
2024-08-20 09:26:18,39000.0,300,Buy,232891893
2024-08-20 09:26:18,39000.0,1000,Buy,232891894
2024-08-20 09:26:18,38950.0,1900,Buy,232891890
2024-08-20 09:26:18,39000.0,4400,Buy,232891892
2024-08-20 09:27:14,38950.0,100,Sell,232893492
2024-08-20 09:27:19,39000.0,200,Buy,232893603
2024-08-20 09:27:19,39000.0,800,Buy,232893604
2024-08-20 09:27:21,38950.0,100,Sell,232893666
2024-08-20 09:27:21,38950.0,100,Sell,232893667
2024-08-20 09:27:32,38950.0,100,Buy,232893923
2024-08-20 09:27:53,38950.0,1500,Buy,232894540
2024-08-20 09:28:15,38950.0,200,Sell,232895008
2024-08-20 09:28:15,38950.0,200,Sell,232895009
2024-08-20 09:28:25,38950.0,200,Buy,232895308
2024-08-20 09:28:31,38950.0,100,Buy,232895468
2024-08-20 09:29:10,38900.0,500,Sell,232896512
2024-08-20 09:29:14,38950.0,100,Buy,232896629
2024-08-20 09:29:15,38950.0,100,Buy,232896673
2024-08-20 09:29:15,38950.0,100,Buy,232896672
2024-08-20 09:29:29,38900.0,100,Sell,232897005
2024-08-20 09:29:29,38950.0,2000,Buy,232897008
2024-08-20 09:29:29,38950.0,1200,Buy,232897006
2024-08-20 09:29:29,38950.0,100,Buy,232897007
2024-08-20 09:29:37,38950.0,700,Sell,232897198
2024-08-20 09:29:37,38950.0,800,Sell,232897199
2024-08-20 09:29:40,38950.0,200,Sell,232897261
2024-08-20 09:29:40,38950.0,200,Sell,232897262
2024-08-20 09:29:48,38950.0,1800,Sell,232897432
2024-08-20 09:30:22,38950.0,100,Buy,232898195
2024-08-20 09:30:22,38950.0,2400,Buy,232898196
2024-08-20 09:30:38,38950.0,2600,Buy,232898616
2024-08-20 09:30:38,38950.0,500,Buy,232898617
2024-08-20 09:30:39,38900.0,1000,Sell,232898668
2024-08-20 09:30:39,38900.0,800,Sell,232898667
2024-08-20 09:30:39,38900.0,1000,Sell,232898666
2024-08-20 09:30:39,38900.0,500,Sell,232898665
2024-08-20 09:30:39,38900.0,200,Sell,232898664
2024-08-20 09:30:39,38900.0,3000,Sell,232898661
2024-08-20 09:30:39,38900.0,100,Sell,232898662
2024-08-20 09:30:39,38900.0,100,Sell,232898669
2024-08-20 09:30:39,38900.0,400,Sell,232898659
2024-08-20 09:30:39,38950.0,1800,Sell,232898658
2024-08-20 09:30:39,38900.0,300,Sell,232898663
2024-08-20 09:30:39,38900.0,500,Sell,232898660
2024-08-20 09:30:51,38900.0,200,Buy,232898982
2024-08-20 09:30:52,38900.0,100,Buy,232899028
2024-08-20 09:31:01,38900.0,100,Sell,232899310
2024-08-20 09:31:04,38900.0,100,Buy,232899372
2024-08-20 09:31:06,38900.0,100,Buy,232899416
2024-08-20 09:31:14,38900.0,100,Buy,232899592
2024-08-20 09:31:27,38900.0,400,Buy,232899903
2024-08-20 09:31:34,38850.0,100,Sell,232900061
2024-08-20 09:31:34,38850.0,1500,Sell,232900062
2024-08-20 09:31:34,38850.0,400,Sell,232900063
2024-08-20 09:31:43,38900.0,200,Buy,232900350
2024-08-20 09:31:43,38900.0,100,Buy,232900351
2024-08-20 09:31:44,38900.0,700,Sell,232900363
2024-08-20 09:31:58,38900.0,700,Buy,232900783
2024-08-20 09:31:58,38900.0,300,Buy,232900782
2024-08-20 09:32:32,38900.0,500,Buy,232901679
2024-08-20 09:32:34,38900.0,800,Buy,232901747
2024-08-20 09:32:34,38900.0,200,Buy,232901748
2024-08-20 09:32:37,38850.0,500,Sell,232901860
2024-08-20 09:32:37,38850.0,300,Sell,232901861
2024-08-20 09:32:37,38850.0,200,Sell,232901862
2024-08-20 09:32:50,38900.0,500,Buy,232902224
2024-08-20 09:32:56,38900.0,100,Buy,232902390
2024-08-20 09:33:00,38900.0,700,Buy,232902477
2024-08-20 09:33:00,38900.0,200,Buy,232902478
2024-08-20 09:33:00,38900.0,100,Buy,232902479
2024-08-20 09:33:00,38900.0,300,Buy,232902480
2024-08-20 09:33:00,38900.0,200,Buy,232902476
2024-08-20 09:33:08,38900.0,500,Sell,232902711
2024-08-20 09:34:30,38900.0,2000,Sell,232904899
2024-08-20 09:35:22,38950.0,300,Buy,232906366
2024-08-20 09:35:50,38950.0,100,Buy,232907030
2024-08-20 09:35:53,38950.0,100,Buy,232907131
2024-08-20 09:35:58,38950.0,700,Buy,232907235
2024-08-20 09:36:14,38900.0,200,Sell,232907765
2024-08-20 09:36:27,38950.0,200,Buy,232908152
2024-08-20 09:36:38,38950.0,300,Buy,232908489
2024-08-20 09:36:38,38950.0,300,Buy,232908488
2024-08-20 09:36:38,38950.0,2000,Buy,232908487
2024-08-20 09:36:38,38950.0,100,Buy,232908471
2024-08-20 09:36:38,38950.0,1000,Buy,232908485
2024-08-20 09:36:38,38950.0,2000,Buy,232908484
2024-08-20 09:36:38,38950.0,2000,Buy,232908483
2024-08-20 09:36:38,38950.0,200,Buy,232908486
2024-08-20 09:36:46,38950.0,100,Sell,232908640
2024-08-20 09:36:55,38950.0,100,Sell,232908852
2024-08-20 09:37:15,38950.0,500,Sell,232909417
2024-08-20 09:37:25,39000.0,2000,Buy,232909739
2024-08-20 09:37:25,39000.0,1900,Buy,232909737
2024-08-20 09:37:25,39000.0,100,Buy,232909738
2024-08-20 09:37:31,39000.0,100,Buy,232909981
2024-08-20 09:38:04,39000.0,900,Buy,232911158
2024-08-20 09:38:04,39000.0,600,Buy,232911159
2024-08-20 09:38:04,39000.0,400,Buy,232911160
2024-08-20 09:38:26,39000.0,100,Buy,232911870
2024-08-20 09:38:40,39000.0,600,Buy,232912402
2024-08-20 09:38:40,39000.0,100,Buy,232912401
2024-08-20 09:38:40,39000.0,200,Buy,232912400
2024-08-20 09:38:40,39000.0,1000,Buy,232912399
2024-08-20 09:38:40,39000.0,200,Buy,232912398
2024-08-20 09:38:40,39000.0,200,Buy,232912396
2024-08-20 09:38:40,39000.0,200,Buy,232912395
2024-08-20 09:38:40,39000.0,2500,Buy,232912394
2024-08-20 09:38:40,39000.0,2000,Buy,232912393
2024-08-20 09:38:40,39000.0,1000,Buy,232912392
2024-08-20 09:38:40,39000.0,1500,Buy,232912391
2024-08-20 09:38:40,39000.0,500,Buy,232912397
2024-08-20 09:38:43,39000.0,1000,Buy,232912482
2024-08-20 09:38:45,39000.0,500,Buy,232912559
2024-08-20 09:38:49,39000.0,300,Buy,232912678
2024-08-20 09:38:49,39000.0,300,Buy,232912677
2024-08-20 09:38:49,39000.0,900,Buy,232912675
2024-08-20 09:38:49,39000.0,500,Buy,232912676
2024-08-20 09:38:50,39000.0,100,Buy,232912693
2024-08-20 09:38:51,39000.0,100,Buy,232912748
2024-08-20 09:38:57,39000.0,500,Buy,232912984
2024-08-20 09:39:02,39000.0,100,Buy,232913227
2024-08-20 09:39:16,39000.0,100,Sell,232913678
2024-08-20 09:39:24,39000.0,100,Sell,232913885
2024-08-20 09:40:13,39050.0,1500,Buy,232915226
2024-08-20 09:41:10,39050.0,500,Buy,232916731
2024-08-20 09:41:32,39050.0,100,Buy,232917347
2024-08-20 09:43:08,39000.0,300,Sell,232920028
2024-08-20 09:43:08,39000.0,500,Sell,232920029
2024-08-20 09:43:08,39000.0,700,Sell,232920030
2024-08-20 09:43:19,39000.0,500,Sell,232920457
2024-08-20 09:43:19,39000.0,500,Sell,232920458
2024-08-20 09:43:27,39000.0,1000,Sell,232920700
2024-08-20 09:43:28,39000.0,100,Sell,232920882
2024-08-20 09:43:28,39000.0,1000,Sell,232920881
2024-08-20 09:43:28,39000.0,100,Sell,232920883
2024-08-20 09:43:28,39000.0,300,Sell,232920879
2024-08-20 09:43:28,39000.0,700,Sell,232920878
2024-08-20 09:43:28,39000.0,1200,Sell,232920877
2024-08-20 09:43:28,39000.0,500,Sell,232920880
2024-08-20 09:43:31,38950.0,1000,Sell,232920955
2024-08-20 09:43:31,38950.0,100,Sell,232920954
2024-08-20 09:43:31,38950.0,100,Sell,232920953
2024-08-20 09:43:31,38950.0,100,Sell,232920956
2024-08-20 09:43:31,38950.0,700,Sell,232920951
2024-08-20 09:43:31,38950.0,1000,Sell,232920950
2024-08-20 09:43:31,38950.0,100,Sell,232920949
2024-08-20 09:43:31,38950.0,1000,Sell,232920952
2024-08-20 09:43:33,39000.0,1000,Buy,232921053
2024-08-20 09:43:45,38900.0,800,Sell,232921609
2024-08-20 09:43:45,38900.0,100,Sell,232921610
2024-08-20 09:43:45,38900.0,100,Sell,232921611
2024-08-20 09:43:54,38900.0,1000,Sell,232922032
2024-08-20 09:43:54,38900.0,100,Sell,232922037
2024-08-20 09:43:54,38900.0,500,Sell,232922035
2024-08-20 09:43:54,38900.0,100,Sell,232922034
2024-08-20 09:43:54,38900.0,100,Sell,232922033
2024-08-20 09:43:54,38900.0,2000,Sell,232922031
2024-08-20 09:43:54,38900.0,1000,Sell,232922036
2024-08-20 09:43:54,38900.0,100,Sell,232922029
2024-08-20 09:43:54,38900.0,1000,Sell,232922025
2024-08-20 09:43:54,38900.0,900,Sell,232922024
2024-08-20 09:43:54,38900.0,100,Sell,232922030
2024-08-20 09:43:54,38900.0,500,Sell,232922027
2024-08-20 09:43:54,38900.0,100,Sell,232922028
2024-08-20 09:43:54,38900.0,100,Sell,232922026
2024-08-20 09:44:21,38900.0,100,Sell,232922698
2024-08-20 09:44:26,38900.0,1000,Sell,232922797
2024-08-20 09:45:15,38900.0,500,Sell,232924182
2024-08-20 09:45:16,38900.0,100,Sell,232924203
2024-08-20 09:45:16,38900.0,100,Sell,232924204
2024-08-20 09:45:16,38900.0,1000,Sell,232924201
2024-08-20 09:45:16,38900.0,3400,Sell,232924200
2024-08-20 09:45:16,38900.0,100,Sell,232924202
2024-08-20 09:45:25,38900.0,1000,Sell,232924402
2024-08-20 09:45:27,38900.0,800,Sell,232924470
2024-08-20 09:45:55,38900.0,500,Sell,232925085
2024-08-20 09:46:53,38900.0,2000,Sell,232926791
2024-08-20 09:46:56,38900.0,2500,Sell,232926829
2024-08-20 09:46:56,38900.0,500,Sell,232926830
2024-08-20 09:46:56,38900.0,500,Sell,232926831
2024-08-20 09:46:57,38900.0,800,Sell,232926851
2024-08-20 09:46:57,38900.0,200,Sell,232926852
2024-08-20 09:47:13,38900.0,200,Sell,232927324
2024-08-20 09:47:16,38900.0,2000,Sell,232927394
2024-08-20 09:47:16,38900.0,100,Sell,232927395
2024-08-20 09:47:16,38900.0,600,Sell,232927393
2024-08-20 09:47:18,38900.0,1000,Buy,232927446
2024-08-20 09:47:19,38850.0,100,Sell,232927475
2024-08-20 09:47:19,38850.0,2500,Sell,232927476
2024-08-20 09:47:19,38850.0,100,Sell,232927477
2024-08-20 09:47:19,38850.0,100,Sell,232927478
2024-08-20 09:47:19,38850.0,100,Sell,232927479
2024-08-20 09:47:19,38850.0,100,Sell,232927480
2024-08-20 09:47:19,38850.0,700,Sell,232927481
2024-08-20 09:47:25,38850.0,100,Sell,232927643
2024-08-20 09:47:25,38850.0,100,Sell,232927642
2024-08-20 09:47:25,38850.0,200,Sell,232927641
2024-08-20 09:47:25,38850.0,1000,Sell,232927637
2024-08-20 09:47:25,38850.0,1000,Sell,232927639
2024-08-20 09:47:25,38850.0,100,Sell,232927638
2024-08-20 09:47:25,38850.0,300,Sell,232927636
2024-08-20 09:47:25,38850.0,100,Sell,232927640
2024-08-20 09:47:53,38800.0,100,Sell,232928522
2024-08-20 09:47:53,38800.0,100,Sell,232928518
2024-08-20 09:47:53,38800.0,500,Sell,232928519
2024-08-20 09:47:53,38800.0,200,Sell,232928517
2024-08-20 09:47:53,38800.0,200,Sell,232928521
2024-08-20 09:47:53,38800.0,100,Sell,232928515
2024-08-20 09:47:53,38800.0,300,Sell,232928516
2024-08-20 09:47:53,38800.0,100,Sell,232928511
2024-08-20 09:47:53,38800.0,500,Sell,232928512
2024-08-20 09:47:53,38800.0,100,Sell,232928520
2024-08-20 09:47:53,38800.0,500,Sell,232928513
2024-08-20 09:47:53,38800.0,300,Sell,232928514
2024-08-20 09:48:11,38800.0,200,Sell,232928896
2024-08-20 09:48:11,38800.0,800,Sell,232928897
2024-08-20 09:48:11,38800.0,100,Sell,232928895
2024-08-20 09:48:18,38800.0,100,Sell,232929082
2024-08-20 09:48:26,38850.0,200,Buy,232929335
2024-08-20 09:48:35,38850.0,100,Sell,232929647
2024-08-20 09:48:36,38850.0,1100,Sell,232929666
2024-08-20 09:48:55,38850.0,100,Sell,232930147
2024-08-20 09:49:01,38850.0,100,Buy,232930277
2024-08-20 09:49:14,38850.0,400,Buy,232930599
2024-08-20 09:49:15,38850.0,600,Buy,232930638
2024-08-20 09:49:20,38850.0,100,Buy,232930802
2024-08-20 09:49:28,38850.0,500,Buy,232930953
2024-08-20 09:50:05,38850.0,500,Sell,232932283
2024-08-20 09:50:15,38850.0,100,Sell,232932784
2024-08-20 09:50:15,38850.0,300,Sell,232932785
2024-08-20 09:50:41,38850.0,200,Sell,232933629
2024-08-20 09:50:42,38850.0,2000,Sell,232933692
2024-08-20 09:50:42,38850.0,1000,Sell,232933691
2024-08-20 09:50:42,38850.0,1000,Sell,232933690
2024-08-20 09:50:42,38850.0,500,Sell,232933688
2024-08-20 09:50:42,38850.0,100,Sell,232933689
2024-08-20 09:50:48,38850.0,200,Buy,232933874
2024-08-20 09:50:58,38850.0,100,Buy,232934163
2024-08-20 09:51:09,38850.0,100,Buy,232934734
2024-08-20 09:51:09,38850.0,400,Buy,232934735
2024-08-20 09:51:10,38850.0,500,Buy,232934767
2024-08-20 09:51:14,38850.0,100,Buy,232934840
2024-08-20 09:51:15,38850.0,600,Buy,232934883
2024-08-20 09:51:47,38850.0,100,Sell,232935775
2024-08-20 09:51:54,38900.0,100,Buy,232935994
2024-08-20 09:51:55,38900.0,2000,Buy,232936064
2024-08-20 09:52:07,38900.0,100,Buy,232936437
2024-08-20 09:52:11,38900.0,4100,Buy,232936593
2024-08-20 09:52:11,38900.0,200,Buy,232936594
2024-08-20 09:52:11,38900.0,2000,Buy,232936595
2024-08-20 09:52:49,38950.0,500,Buy,232937877
2024-08-20 09:52:49,38950.0,600,Buy,232937878
2024-08-20 09:52:59,38950.0,100,Buy,232938201
2024-08-20 09:52:59,38950.0,100,Buy,232938202
2024-08-20 09:52:59,38950.0,100,Buy,232938199
2024-08-20 09:52:59,38950.0,1400,Buy,232938198
2024-08-20 09:52:59,38950.0,2000,Buy,232938200
2024-08-20 09:53:28,38950.0,100,Sell,232939057
2024-08-20 09:53:32,38950.0,100,Sell,232939210
2024-08-20 09:53:33,39000.0,600,Buy,232939223
2024-08-20 09:53:33,39000.0,500,Buy,232939220
2024-08-20 09:53:33,39000.0,500,Buy,232939221
2024-08-20 09:53:33,39000.0,100,Buy,232939222
2024-08-20 09:53:43,39000.0,100,Buy,232939520
2024-08-20 09:53:43,39000.0,100,Buy,232939521
2024-08-20 09:53:43,39000.0,300,Buy,232939519
2024-08-20 09:53:44,39000.0,100,Buy,232939582
2024-08-20 09:53:44,39000.0,2000,Buy,232939583
2024-08-20 09:53:44,39000.0,200,Buy,232939584
2024-08-20 09:53:44,39000.0,2000,Buy,232939585
2024-08-20 09:53:44,39000.0,200,Buy,232939587
2024-08-20 09:53:44,39000.0,500,Buy,232939588
2024-08-20 09:53:44,39000.0,1000,Buy,232939589
2024-08-20 09:53:44,39000.0,400,Buy,232939586
2024-08-20 09:54:01,39000.0,200,Sell,232940061
2024-08-20 09:54:02,39000.0,2500,Sell,232940082
2024-08-20 09:54:02,39000.0,100,Sell,232940083
2024-08-20 09:54:05,39000.0,4700,Buy,232940155
2024-08-20 09:54:05,39000.0,300,Buy,232940154
2024-08-20 09:54:26,39000.0,400,Buy,232940830
2024-08-20 09:54:26,39000.0,200,Buy,232940829
2024-08-20 09:54:43,39000.0,100,Buy,232941226
2024-08-20 09:54:43,39000.0,100,Buy,232941227
2024-08-20 09:56:30,39000.0,100,Buy,232944128
2024-08-20 09:56:30,39000.0,3000,Buy,232944127
2024-08-20 09:56:30,39000.0,100,Buy,232944126
2024-08-20 09:56:30,39000.0,300,Buy,232944125
2024-08-20 09:56:30,39000.0,200,Buy,232944119
2024-08-20 09:56:30,39000.0,100,Buy,232944123
2024-08-20 09:56:30,39000.0,1400,Buy,232944122
2024-08-20 09:56:30,39000.0,1500,Buy,232944121
2024-08-20 09:56:30,39000.0,3100,Buy,232944120
2024-08-20 09:56:30,39000.0,100,Buy,232944124
2024-08-20 09:56:52,39000.0,100,Sell,232944707
2024-08-20 09:56:52,39000.0,200,Sell,232944708
2024-08-20 09:57:06,39000.0,300,Buy,232945048
2024-08-20 09:57:20,39000.0,300,Buy,232945517
2024-08-20 09:57:20,39000.0,5000,Buy,232945519
2024-08-20 09:57:20,39000.0,1000,Buy,232945520
2024-08-20 09:57:20,39000.0,200,Buy,232945518
2024-08-20 09:57:43,39000.0,2000,Sell,232946271
2024-08-20 09:57:44,39000.0,2100,Sell,232946278
2024-08-20 09:57:52,39000.0,200,Sell,232946447
2024-08-20 09:57:52,39050.0,200,Buy,232946492
2024-08-20 09:57:57,39000.0,1000,Sell,232946609
2024-08-20 09:58:17,39000.0,1000,Sell,232947401
2024-08-20 09:58:18,39000.0,500,Sell,232947420
2024-08-20 09:58:18,39000.0,500,Sell,232947422
2024-08-20 09:58:18,39000.0,800,Sell,232947419
2024-08-20 09:58:18,39000.0,300,Sell,232947421
2024-08-20 09:59:13,38950.0,100,Sell,232949155
2024-08-20 09:59:39,38950.0,1000,Sell,232949799
2024-08-20 09:59:41,38950.0,3900,Sell,232949820
2024-08-20 09:59:41,38950.0,100,Sell,232949821
2024-08-20 10:00:52,38900.0,1000,Sell,232951812
2024-08-20 10:00:52,38900.0,100,Sell,232951811
2024-08-20 10:00:52,38900.0,1000,Sell,232951813
2024-08-20 10:00:52,38900.0,1000,Sell,232951809
2024-08-20 10:00:52,38900.0,500,Sell,232951808
2024-08-20 10:00:52,38900.0,500,Sell,232951810
2024-08-20 10:00:59,38950.0,100,Buy,232951997
2024-08-20 10:01:04,38950.0,900,Buy,232952183
2024-08-20 10:01:11,38900.0,300,Sell,232952323
2024-08-20 10:01:12,38900.0,100,Sell,232952351
2024-08-20 10:01:12,38900.0,100,Sell,232952352
2024-08-20 10:01:43,38900.0,1000,Sell,232953145
2024-08-20 10:01:45,38850.0,100,Sell,232953231
2024-08-20 10:01:45,38850.0,500,Sell,232953233
2024-08-20 10:01:45,38850.0,100,Sell,232953230
2024-08-20 10:01:45,38850.0,100,Sell,232953232
2024-08-20 10:01:45,38850.0,600,Sell,232953228
2024-08-20 10:01:45,38850.0,1100,Sell,232953226
2024-08-20 10:01:45,38850.0,500,Sell,232953227
2024-08-20 10:01:45,38850.0,5000,Sell,232953229
2024-08-20 10:02:16,38850.0,100,Sell,232954160
2024-08-20 10:02:16,38850.0,100,Sell,232954161
2024-08-20 10:02:58,38850.0,200,Buy,232955363
2024-08-20 10:02:58,38850.0,2000,Buy,232955364
2024-08-20 10:02:58,38850.0,100,Buy,232955365
2024-08-20 10:03:42,38800.0,1400,Sell,232956541
2024-08-20 10:03:48,38850.0,200,Buy,232956725
2024-08-20 10:04:32,38850.0,600,Buy,232957957
2024-08-20 10:04:38,38850.0,100,Buy,232958137
2024-08-20 10:04:39,38800.0,1000,Sell,232958145
2024-08-20 10:04:39,38800.0,100,Sell,232958146
2024-08-20 10:04:39,38800.0,1000,Sell,232958147
2024-08-20 10:04:39,38800.0,1000,Sell,232958148
2024-08-20 10:04:39,38800.0,100,Sell,232958149
2024-08-20 10:04:39,38800.0,1000,Sell,232958150
2024-08-20 10:04:39,38800.0,100,Sell,232958151
2024-08-20 10:04:39,38800.0,700,Sell,232958144
2024-08-20 10:04:58,38800.0,1000,Sell,232958824
2024-08-20 10:04:58,38800.0,2300,Sell,232958825
2024-08-20 10:04:58,38800.0,300,Sell,232958823
2024-08-20 10:04:58,38800.0,5000,Sell,232958821
2024-08-20 10:04:58,38800.0,300,Sell,232958819
2024-08-20 10:04:58,38800.0,1000,Sell,232958820
2024-08-20 10:04:58,38800.0,100,Sell,232958822
2024-08-20 10:05:00,38800.0,2700,Sell,232958871
2024-08-20 10:06:03,38750.0,100,Sell,232960627
2024-08-20 10:06:03,38750.0,300,Sell,232960628
2024-08-20 10:06:05,38800.0,600,Buy,232960685
2024-08-20 10:06:35,38750.0,2000,Sell,232961405
2024-08-20 10:06:39,38750.0,100,Sell,232961566
2024-08-20 10:06:46,38700.0,200,Sell,232961741
2024-08-20 10:06:46,38700.0,100,Sell,232961742
2024-08-20 10:06:46,38700.0,400,Sell,232961743
2024-08-20 10:06:46,38700.0,100,Sell,232961744
2024-08-20 10:06:46,38700.0,200,Sell,232961745
2024-08-20 10:06:46,38700.0,600,Sell,232961750
2024-08-20 10:06:46,38700.0,1000,Sell,232961747
2024-08-20 10:06:46,38700.0,200,Sell,232961748
2024-08-20 10:06:46,38700.0,2000,Sell,232961749
2024-08-20 10:06:46,38700.0,2000,Sell,232961751
2024-08-20 10:06:46,38700.0,400,Sell,232961752
2024-08-20 10:06:46,38700.0,1000,Sell,232961746
2024-08-20 10:06:46,38700.0,300,Sell,232961740
2024-08-20 10:06:46,38700.0,100,Sell,232961738
2024-08-20 10:06:46,38700.0,100,Sell,232961737
2024-08-20 10:06:46,38750.0,500,Sell,232961735
2024-08-20 10:06:46,38750.0,300,Sell,232961734
2024-08-20 10:06:46,38750.0,1000,Sell,232961733
2024-08-20 10:06:46,38750.0,6000,Sell,232961732
2024-08-20 10:06:46,38750.0,500,Sell,232961731
2024-08-20 10:06:46,38750.0,1000,Sell,232961730
2024-08-20 10:06:46,38750.0,100,Sell,232961729
2024-08-20 10:06:46,38750.0,100,Sell,232961728
2024-08-20 10:06:46,38750.0,100,Sell,232961727
2024-08-20 10:06:46,38750.0,600,Sell,232961726
2024-08-20 10:06:46,38700.0,700,Sell,232961739
2024-08-20 10:06:46,38700.0,400,Sell,232961736
2024-08-20 10:07:00,38700.0,500,Sell,232962099
2024-08-20 10:07:00,38700.0,100,Sell,232962098
2024-08-20 10:07:00,38700.0,100,Sell,232962103
2024-08-20 10:07:00,38700.0,200,Sell,232962100
2024-08-20 10:07:00,38700.0,2000,Sell,232962097
2024-08-20 10:07:00,38700.0,300,Sell,232962102
2024-08-20 10:07:00,38700.0,400,Sell,232962095
2024-08-20 10:07:00,38700.0,100,Sell,232962096
2024-08-20 10:07:00,38700.0,100,Sell,232962091
2024-08-20 10:07:00,38700.0,100,Sell,232962092
2024-08-20 10:07:00,38700.0,500,Sell,232962101
2024-08-20 10:07:00,38700.0,200,Sell,232962093
2024-08-20 10:07:00,38700.0,3000,Sell,232962094
2024-08-20 10:07:04,38700.0,500,Buy,232962201
2024-08-20 10:07:06,38700.0,200,Buy,232962286
2024-08-20 10:07:11,38650.0,400,Sell,232962379
2024-08-20 10:07:13,38700.0,500,Buy,232962415
2024-08-20 10:07:28,38700.0,200,Buy,232962646
2024-08-20 10:07:29,38700.0,500,Buy,232962678
2024-08-20 10:07:31,38700.0,500,Buy,232962733
2024-08-20 10:07:36,38700.0,100,Buy,232962871
2024-08-20 10:07:48,38700.0,1000,Sell,232963153
2024-08-20 10:08:18,38700.0,300,Sell,232963918
2024-08-20 10:08:28,38700.0,700,Sell,232964096
2024-08-20 10:08:28,38700.0,100,Sell,232964097
2024-08-20 10:08:28,38700.0,200,Sell,232964098
2024-08-20 10:08:51,38700.0,1000,Sell,232964622
2024-08-20 10:08:51,38700.0,200,Sell,232964625
2024-08-20 10:08:51,38700.0,100,Sell,232964624
2024-08-20 10:08:51,38700.0,500,Sell,232964623
2024-08-20 10:08:51,38700.0,100,Sell,232964621
2024-08-20 10:08:51,38700.0,500,Sell,232964616
2024-08-20 10:08:51,38700.0,2000,Sell,232964619
2024-08-20 10:08:51,38700.0,100,Sell,232964618
2024-08-20 10:08:51,38700.0,500,Sell,232964617
2024-08-20 10:08:51,38700.0,300,Sell,232964615
2024-08-20 10:08:51,38700.0,100,Sell,232964620
2024-08-20 10:09:01,38700.0,1000,Sell,232964896
2024-08-20 10:09:20,38650.0,1500,Sell,232965344
2024-08-20 10:09:20,38650.0,600,Sell,232965347
2024-08-20 10:09:20,38650.0,100,Sell,232965346
2024-08-20 10:09:20,38650.0,100,Sell,232965345
2024-08-20 10:09:20,38650.0,200,Sell,232965343
2024-08-20 10:09:20,38650.0,5000,Sell,232965338
2024-08-20 10:09:20,38650.0,100,Sell,232965341
2024-08-20 10:09:20,38650.0,5000,Sell,232965340
2024-08-20 10:09:20,38650.0,5000,Sell,232965339
2024-08-20 10:09:20,38650.0,2000,Sell,232965337
2024-08-20 10:09:20,38700.0,300,Sell,232965336
2024-08-20 10:09:20,38650.0,100,Sell,232965342
2024-08-20 10:09:35,38700.0,200,Sell,232965698
2024-08-20 10:09:35,38650.0,200,Sell,232965699
2024-08-20 10:09:40,38600.0,200,Sell,232965833
2024-08-20 10:09:40,38600.0,500,Sell,232965834
2024-08-20 10:09:40,38600.0,1000,Sell,232965835
2024-08-20 10:09:40,38600.0,10000,Sell,232965836
2024-08-20 10:09:40,38600.0,1000,Sell,232965837
2024-08-20 10:09:40,38600.0,2200,Sell,232965838
2024-08-20 10:09:40,38600.0,500,Sell,232965839
2024-08-20 10:09:40,38600.0,500,Sell,232965843
2024-08-20 10:09:40,38600.0,100,Sell,232965841
2024-08-20 10:09:40,38600.0,700,Sell,232965842
2024-08-20 10:09:40,38600.0,500,Sell,232965844
2024-08-20 10:09:40,38600.0,1000,Sell,232965845
2024-08-20 10:09:40,38600.0,1000,Sell,232965846
2024-08-20 10:09:40,38600.0,1000,Sell,232965847
2024-08-20 10:09:40,38600.0,600,Sell,232965832
2024-08-20 10:09:40,38600.0,400,Sell,232965840
2024-08-20 10:09:40,38600.0,200,Sell,232965831
2024-08-20 10:09:40,38650.0,100,Sell,232965818
2024-08-20 10:09:40,38600.0,100,Sell,232965829
2024-08-20 10:09:40,38600.0,500,Sell,232965830
2024-08-20 10:09:40,38650.0,500,Sell,232965813
2024-08-20 10:09:40,38650.0,200,Sell,232965814
2024-08-20 10:09:40,38650.0,100,Sell,232965816
2024-08-20 10:09:40,38650.0,200,Sell,232965817
2024-08-20 10:09:40,38650.0,100,Sell,232965819
2024-08-20 10:09:40,38650.0,100,Sell,232965820
2024-08-20 10:09:40,38650.0,300,Sell,232965812
2024-08-20 10:09:40,38650.0,300,Sell,232965822
2024-08-20 10:09:40,38650.0,100,Sell,232965821
2024-08-20 10:09:40,38600.0,2200,Sell,232965828
2024-08-20 10:09:40,38600.0,500,Sell,232965827
2024-08-20 10:09:40,38650.0,100,Sell,232965826
2024-08-20 10:09:40,38650.0,500,Sell,232965815
2024-08-20 10:09:40,38650.0,100,Sell,232965824
2024-08-20 10:09:40,38650.0,2500,Sell,232965825
2024-08-20 10:09:40,38650.0,100,Sell,232965823
2024-08-20 10:09:45,38650.0,100,Sell,232966084
2024-08-20 10:09:45,38650.0,900,Sell,232966085
2024-08-20 10:09:58,38650.0,9000,Sell,232966435
2024-08-20 10:09:59,38650.0,3100,Sell,232966473
2024-08-20 10:09:59,38650.0,500,Sell,232966472
2024-08-20 10:09:59,38650.0,100,Sell,232966471
2024-08-20 10:10:04,38650.0,1000,Sell,232966668
2024-08-20 10:10:41,38700.0,100,Buy,232967563
2024-08-20 10:10:44,38700.0,200,Buy,232967743
2024-08-20 10:11:05,38700.0,400,Sell,232968255
2024-08-20 10:11:05,38700.0,100,Sell,232968256
2024-08-20 10:11:19,38700.0,3000,Sell,232968638
2024-08-20 10:11:26,38800.0,3400,Buy,232968830
2024-08-20 10:11:26,38800.0,2400,Buy,232968831
2024-08-20 10:11:26,38800.0,1000,Buy,232968832
2024-08-20 10:11:27,38800.0,200,Sell,232968844
2024-08-20 10:11:45,38800.0,1100,Sell,232969537
2024-08-20 10:11:56,38800.0,3000,Sell,232969931
2024-08-20 10:12:43,38750.0,3000,Sell,232971388
2024-08-20 10:12:54,38750.0,1100,Sell,232971710
2024-08-20 10:13:20,38750.0,1000,Sell,232972467
2024-08-20 10:13:22,38750.0,1100,Sell,232972530
2024-08-20 10:13:22,38750.0,900,Sell,232972529
2024-08-20 10:13:31,38750.0,1500,Sell,232972700
2024-08-20 10:13:31,38750.0,800,Sell,232972699
2024-08-20 10:13:40,38700.0,900,Sell,232972902
2024-08-20 10:13:40,38700.0,100,Sell,232972901
2024-08-20 10:14:05,38700.0,100,Sell,232973361
2024-08-20 10:15:33,38700.0,400,Sell,232975815
2024-08-20 10:15:40,38700.0,300,Sell,232975923
2024-08-20 10:16:01,38700.0,700,Sell,232976481
2024-08-20 10:16:24,38700.0,600,Sell,232977060
2024-08-20 10:16:28,38750.0,1100,Buy,232977140
2024-08-20 10:16:40,38750.0,100,Buy,232977439
2024-08-20 10:16:53,38750.0,100,Buy,232977747
2024-08-20 10:16:54,38750.0,200,Buy,232977766
2024-08-20 10:17:07,38750.0,100,Buy,232978108
2024-08-20 10:17:23,38750.0,1300,Buy,232978438
2024-08-20 10:17:23,38750.0,600,Buy,232978437
2024-08-20 10:17:39,38750.0,200,Buy,232978788
2024-08-20 10:17:46,38750.0,500,Buy,232978970
2024-08-20 10:18:08,38750.0,1300,Sell,232979483
2024-08-20 10:18:10,38800.0,400,Buy,232979521
2024-08-20 10:18:10,38800.0,500,Buy,232979522
2024-08-20 10:18:10,38800.0,100,Buy,232979523
2024-08-20 10:18:45,38800.0,100,Buy,232980269
2024-08-20 10:18:48,38800.0,100,Buy,232980392
2024-08-20 10:18:51,38800.0,900,Buy,232980456
2024-08-20 10:18:51,38800.0,600,Buy,232980455
2024-08-20 10:18:52,38800.0,200,Buy,232980466
2024-08-20 10:19:49,38750.0,100,Sell,232981647
2024-08-20 10:20:21,38750.0,1000,Sell,232982363
2024-08-20 10:20:31,38800.0,500,Buy,232982813
2024-08-20 10:20:45,38800.0,400,Buy,232983148
2024-08-20 10:20:45,38800.0,3000,Buy,232983149
2024-08-20 10:20:45,38800.0,100,Buy,232983150
2024-08-20 10:21:01,38800.0,100,Sell,232983485
2024-08-20 10:21:08,38800.0,100,Sell,232983686
2024-08-20 10:21:15,38850.0,500,Buy,232983811
2024-08-20 10:21:26,38800.0,3000,Sell,232984016
2024-08-20 10:21:31,38800.0,100,Sell,232984087
2024-08-20 10:21:49,38800.0,300,Sell,232984496
2024-08-20 10:22:07,38800.0,500,Sell,232984879
2024-08-20 10:22:33,38800.0,100,Sell,232985405
2024-08-20 10:22:44,38800.0,400,Buy,232985594
2024-08-20 10:22:57,38800.0,300,Buy,232985886
2024-08-20 10:23:08,38800.0,100,Buy,232986211
2024-08-20 10:24:13,38800.0,3000,Sell,232987257
2024-08-20 10:24:20,38800.0,900,Sell,232987433
2024-08-20 10:26:40,38800.0,800,Sell,232990095
2024-08-20 10:26:54,38800.0,300,Sell,232990333
2024-08-20 10:26:54,38800.0,600,Sell,232990334
2024-08-20 10:27:18,38800.0,200,Sell,232990701
2024-08-20 10:28:23,38850.0,300,Buy,232991916
2024-08-20 10:28:35,38800.0,200,Sell,232992129
2024-08-20 10:28:35,38800.0,500,Sell,232992130
2024-08-20 10:28:35,38800.0,100,Sell,232992131
2024-08-20 10:28:35,38800.0,1000,Sell,232992132
2024-08-20 10:28:57,38800.0,100,Sell,232992620
2024-08-20 10:28:58,38850.0,100,Buy,232992641
2024-08-20 10:29:34,38800.0,1600,Sell,232993546
2024-08-20 10:30:29,38800.0,200,Buy,232995293
2024-08-20 10:30:47,38750.0,2000,Sell,232995760
2024-08-20 10:30:47,38750.0,3100,Sell,232995759
2024-08-20 10:30:47,38800.0,4200,Sell,232995758
2024-08-20 10:31:21,38800.0,500,Sell,232996353
2024-08-20 10:31:21,38800.0,500,Sell,232996354
2024-08-20 10:31:51,38850.0,400,Buy,232996832
2024-08-20 10:32:01,38850.0,1000,Buy,232996953
2024-08-20 10:32:53,38850.0,200,Buy,232998082
2024-08-20 10:32:53,38850.0,300,Buy,232998083
2024-08-20 10:32:56,38850.0,2000,Buy,232998130
2024-08-20 10:32:56,38850.0,100,Buy,232998129
2024-08-20 10:32:56,38850.0,200,Buy,232998128
2024-08-20 10:33:16,38850.0,700,Sell,232998529
2024-08-20 10:33:17,38850.0,1000,Buy,232998543
2024-08-20 10:33:52,38800.0,500,Sell,232999122
2024-08-20 10:33:52,38800.0,200,Sell,232999123
2024-08-20 10:33:52,38800.0,10000,Sell,232999124
2024-08-20 10:33:52,38800.0,100,Sell,232999125
2024-08-20 10:33:52,38800.0,200,Sell,232999126
2024-08-20 10:33:52,38800.0,300,Sell,232999127
2024-08-20 10:33:55,38850.0,500,Buy,232999206
2024-08-20 10:34:17,38800.0,200,Sell,232999475
2024-08-20 10:34:39,38800.0,100,Sell,232999752
2024-08-20 10:34:59,38900.0,100,Buy,233000076
2024-08-20 10:34:59,38900.0,700,Buy,233000077
2024-08-20 10:34:59,38900.0,200,Buy,233000078
2024-08-20 10:34:59,38900.0,600,Buy,233000079
2024-08-20 10:34:59,38900.0,1700,Buy,233000080
2024-08-20 10:34:59,38900.0,100,Buy,233000081
2024-08-20 10:35:00,38900.0,100,Sell,233000093
2024-08-20 10:35:23,38800.0,200,Sell,233000531
2024-08-20 10:35:40,38900.0,2500,Sell,233000800
2024-08-20 10:35:40,38900.0,500,Sell,233000792
2024-08-20 10:35:40,38900.0,1900,Buy,233000791
2024-08-20 10:35:40,38900.0,500,Buy,233000790
2024-08-20 10:35:47,38950.0,1000,Buy,233000939
2024-08-20 10:35:47,38950.0,200,Buy,233000938
2024-08-20 10:35:47,38950.0,2000,Buy,233000935
2024-08-20 10:35:47,38950.0,200,Buy,233000936
2024-08-20 10:35:47,38950.0,300,Buy,233000937
2024-08-20 10:35:56,38950.0,500,Sell,233001058
2024-08-20 10:35:58,38950.0,4600,Sell,233001121
2024-08-20 10:36:23,38900.0,400,Sell,233001612
2024-08-20 10:36:25,38900.0,100,Buy,233001644
2024-08-20 10:36:33,38900.0,500,Buy,233001787
2024-08-20 10:37:39,38850.0,100,Sell,233002806
2024-08-20 10:40:10,38850.0,100,Sell,233005100
2024-08-20 10:40:19,38850.0,800,Sell,233005225
2024-08-20 10:40:27,38850.0,200,Buy,233005306
2024-08-20 10:41:48,38850.0,200,Buy,233006244
2024-08-20 10:43:26,38850.0,800,Buy,233007912
2024-08-20 10:43:26,38850.0,500,Buy,233007913
2024-08-20 10:43:26,38850.0,100,Buy,233007914
2024-08-20 10:43:26,38850.0,100,Buy,233007915
2024-08-20 10:43:26,38850.0,500,Buy,233007916
2024-08-20 10:43:49,38800.0,100,Sell,233008259
2024-08-20 10:44:34,38800.0,600,Sell,233008946
2024-08-20 10:44:34,38800.0,200,Sell,233008945
2024-08-20 10:44:34,38800.0,100,Sell,233008944
2024-08-20 10:45:02,38800.0,500,Sell,233009425
2024-08-20 10:45:02,38800.0,400,Sell,233009422
2024-08-20 10:45:02,38800.0,100,Sell,233009423
2024-08-20 10:45:02,38800.0,1000,Sell,233009424
2024-08-20 10:45:11,38800.0,100,Sell,233009513
2024-08-20 10:45:11,38800.0,300,Sell,233009514
2024-08-20 10:45:12,38800.0,200,Sell,233009526
2024-08-20 10:45:12,38800.0,2000,Sell,233009528
2024-08-20 10:45:12,38800.0,100,Sell,233009524
2024-08-20 10:45:12,38800.0,700,Sell,233009523
2024-08-20 10:45:12,38800.0,100,Sell,233009525
2024-08-20 10:45:12,38800.0,1000,Sell,233009527
2024-08-20 10:45:57,38750.0,100,Sell,233010108
2024-08-20 10:46:07,38750.0,100,Sell,233010237
2024-08-20 10:46:29,38800.0,100,Buy,233010567
2024-08-20 10:47:34,38800.0,100,Buy,233011277
2024-08-20 10:48:36,38800.0,100,Buy,233012220
2024-08-20 10:48:36,38800.0,300,Buy,233012221
2024-08-20 10:48:50,38750.0,100,Sell,233012397
2024-08-20 10:48:58,38800.0,500,Buy,233012520
2024-08-20 10:49:09,38800.0,200,Buy,233012625
2024-08-20 10:49:09,38800.0,100,Buy,233012626
2024-08-20 10:49:37,38800.0,100,Sell,233012907
2024-08-20 10:50:05,38800.0,300,Sell,233013423
2024-08-20 10:50:16,38800.0,100,Sell,233013531
2024-08-20 10:51:04,38800.0,100,Sell,233014405
2024-08-20 10:51:15,38800.0,100,Sell,233014591
2024-08-20 10:51:34,38800.0,100,Sell,233014875
2024-08-20 10:53:01,38800.0,100,Sell,233016464
2024-08-20 10:53:25,38800.0,600,Sell,233016996
2024-08-20 10:53:25,38800.0,400,Sell,233016997
2024-08-20 10:53:26,38800.0,4600,Sell,233017013
2024-08-20 10:53:40,38800.0,200,Buy,233017241
2024-08-20 10:53:54,38750.0,600,Sell,233017449
2024-08-20 10:53:55,38750.0,500,Sell,233017479
2024-08-20 10:53:55,38750.0,500,Sell,233017478
2024-08-20 10:53:55,38750.0,100,Sell,233017477
2024-08-20 10:53:55,38750.0,100,Sell,233017476
2024-08-20 10:53:55,38750.0,100,Sell,233017475
2024-08-20 10:53:55,38750.0,200,Sell,233017473
2024-08-20 10:53:55,38750.0,2000,Sell,233017472
2024-08-20 10:53:55,38750.0,1000,Sell,233017474
2024-08-20 10:53:55,38750.0,300,Sell,233017470
2024-08-20 10:53:55,38750.0,1000,Sell,233017469
2024-08-20 10:53:55,38750.0,100,Sell,233017468
2024-08-20 10:53:55,38750.0,500,Sell,233017467
2024-08-20 10:53:55,38750.0,500,Sell,233017466
2024-08-20 10:53:55,38750.0,500,Sell,233017465
2024-08-20 10:53:55,38750.0,100,Sell,233017464
2024-08-20 10:53:55,38750.0,100,Sell,233017471
2024-08-20 10:54:04,38750.0,200,Sell,233017631
2024-08-20 10:54:14,38750.0,100,Sell,233017844
2024-08-20 10:54:19,38800.0,300,Buy,233017953
2024-08-20 10:54:24,38800.0,100,Buy,233018037
2024-08-20 10:56:22,38750.0,200,Sell,233020558
2024-08-20 10:56:22,38750.0,100,Sell,233020556
2024-08-20 10:56:22,38750.0,200,Sell,233020555
2024-08-20 10:56:22,38750.0,100,Sell,233020557
2024-08-20 10:56:26,38800.0,500,Buy,233020689
2024-08-20 10:58:16,38750.0,100,Sell,233022705
2024-08-20 10:58:25,38800.0,100,Buy,233023095
2024-08-20 10:59:25,38750.0,700,Sell,233024269
2024-08-20 10:59:25,38750.0,100,Sell,233024270
2024-08-20 10:59:25,38750.0,100,Sell,233024271
2024-08-20 10:59:25,38750.0,2000,Sell,233024272
2024-08-20 10:59:25,38750.0,400,Sell,233024273
2024-08-20 10:59:25,38700.0,3300,Sell,233024274
2024-08-20 10:59:59,38700.0,2500,Sell,233025017
2024-08-20 10:59:59,38700.0,2900,Sell,233025016
2024-08-20 11:00:01,38750.0,500,Buy,233025022
2024-08-20 11:00:02,38750.0,500,Buy,233025044
2024-08-20 11:00:02,38750.0,500,Buy,233025043
2024-08-20 11:00:02,38700.0,1600,Sell,233025062
2024-08-20 11:00:22,38700.0,600,Sell,233025403
2024-08-20 11:00:39,38700.0,100,Sell,233025728
2024-08-20 11:01:14,38700.0,100,Sell,233026599
2024-08-20 11:01:49,38700.0,500,Sell,233027633
2024-08-20 11:01:49,38700.0,100,Sell,233027631
2024-08-20 11:01:49,38700.0,100,Sell,233027630
2024-08-20 11:01:49,38700.0,500,Sell,233027632
2024-08-20 11:01:49,38700.0,3400,Sell,233027628
2024-08-20 11:01:49,38700.0,1000,Sell,233027627
2024-08-20 11:01:49,38700.0,100,Sell,233027626
2024-08-20 11:01:49,38700.0,100,Sell,233027625
2024-08-20 11:01:49,38700.0,200,Sell,233027629
2024-08-20 11:02:00,38700.0,200,Sell,233027943
2024-08-20 11:02:00,38700.0,500,Sell,233027942
2024-08-20 11:02:00,38700.0,1000,Sell,233027941
2024-08-20 11:02:00,38700.0,500,Sell,233027940
2024-08-20 11:02:00,38700.0,300,Sell,233027939
2024-08-20 11:02:00,38700.0,100,Sell,233027938
2024-08-20 11:02:00,38700.0,100,Sell,233027934
2024-08-20 11:02:00,38700.0,200,Sell,233027937
2024-08-20 11:02:00,38700.0,100,Sell,233027932
2024-08-20 11:02:00,38700.0,800,Sell,233027933
2024-08-20 11:02:00,38700.0,1300,Sell,233027925
2024-08-20 11:02:00,38700.0,500,Sell,233027926
2024-08-20 11:02:00,38700.0,500,Sell,233027927
2024-08-20 11:02:00,38700.0,700,Sell,233027935
2024-08-20 11:02:00,38700.0,500,Sell,233027929
2024-08-20 11:02:00,38700.0,200,Sell,233027930
2024-08-20 11:02:00,38700.0,100,Sell,233027931
2024-08-20 11:02:00,38700.0,300,Sell,233027928
2024-08-20 11:02:31,38650.0,1300,Sell,233028622
2024-08-20 11:02:31,38650.0,800,Sell,233028620
2024-08-20 11:02:31,38650.0,200,Sell,233028621
2024-08-20 11:02:31,38650.0,500,Sell,233028616
2024-08-20 11:02:31,38650.0,900,Sell,233028615
2024-08-20 11:02:31,38650.0,500,Sell,233028619
2024-08-20 11:02:31,38650.0,2000,Sell,233028618
2024-08-20 11:02:42,38700.0,1000,Buy,233029004
2024-08-20 11:02:42,38700.0,300,Buy,233029005
2024-08-20 11:02:42,38700.0,500,Buy,233029006
2024-08-20 11:03:13,38700.0,100,Sell,233029693
2024-08-20 11:03:35,38700.0,500,Sell,233030226
2024-08-20 11:03:46,38700.0,100,Sell,233030434
2024-08-20 11:03:47,38700.0,200,Sell,233030496
2024-08-20 11:04:27,38700.0,900,Sell,233031341
2024-08-20 11:04:27,38700.0,100,Sell,233031340
2024-08-20 11:04:29,38700.0,100,Sell,233031390
2024-08-20 11:04:40,38700.0,200,Sell,233031626
2024-08-20 11:04:40,38700.0,300,Sell,233031625
2024-08-20 11:05:08,38700.0,200,Buy,233032230
2024-08-20 11:05:23,38700.0,200,Buy,233032530
2024-08-20 11:05:23,38700.0,1000,Buy,233032531
2024-08-20 11:05:23,38700.0,200,Buy,233032532
2024-08-20 11:05:23,38700.0,100,Buy,233032533
2024-08-20 11:05:43,38750.0,100,Buy,233032893
2024-08-20 11:05:43,38750.0,200,Buy,233032894
2024-08-20 11:06:05,38700.0,3500,Sell,233033338
2024-08-20 11:06:05,38700.0,500,Sell,233033336
2024-08-20 11:06:05,38700.0,1000,Sell,233033337
2024-08-20 11:06:37,38700.0,500,Sell,233033999
2024-08-20 11:06:37,38700.0,200,Sell,233034000
2024-08-20 11:06:37,38700.0,500,Sell,233034001
2024-08-20 11:06:37,38700.0,200,Sell,233034002
2024-08-20 11:06:37,38700.0,500,Sell,233033998
2024-08-20 11:06:43,38700.0,500,Buy,233034221
2024-08-20 11:06:50,38700.0,500,Buy,233034322
2024-08-20 11:06:53,38700.0,300,Buy,233034374
2024-08-20 11:07:09,38700.0,200,Buy,233034677
2024-08-20 11:07:12,38700.0,100,Buy,233034706
2024-08-20 11:07:17,38700.0,500,Buy,233034786
2024-08-20 11:07:26,38700.0,1000,Buy,233034922
2024-08-20 11:07:27,38700.0,100,Buy,233034942
2024-08-20 11:07:27,38700.0,100,Buy,233034941
2024-08-20 11:07:36,38700.0,200,Buy,233035149
2024-08-20 11:07:45,38700.0,200,Buy,233035291
2024-08-20 11:07:47,38700.0,1000,Buy,233035306
2024-08-20 11:07:59,38650.0,100,Sell,233035543
2024-08-20 11:08:36,38650.0,500,Sell,233036258
2024-08-20 11:08:36,38650.0,600,Sell,233036259
2024-08-20 11:08:36,38650.0,600,Sell,233036256
2024-08-20 11:08:36,38650.0,300,Sell,233036257
2024-08-20 11:08:58,38700.0,100,Buy,233036642
2024-08-20 11:09:46,38650.0,100,Sell,233037544
2024-08-20 11:10:00,38650.0,2100,Sell,233037771
2024-08-20 11:10:07,38700.0,1400,Buy,233037880
2024-08-20 11:10:07,38700.0,3200,Buy,233037881
2024-08-20 11:10:30,38650.0,300,Sell,233038346
2024-08-20 11:11:35,38650.0,500,Sell,233039414
2024-08-20 11:11:40,38650.0,100,Sell,233039510
2024-08-20 11:11:40,38650.0,1400,Sell,233039509
2024-08-20 11:12:09,38650.0,200,Sell,233040061
2024-08-20 11:13:10,38700.0,100,Buy,233041403
2024-08-20 11:14:23,38700.0,700,Buy,233042558
2024-08-20 11:14:32,38700.0,1100,Buy,233042692
2024-08-20 11:14:48,38700.0,3900,Buy,233042923
2024-08-20 11:14:56,38700.0,1000,Buy,233043068
2024-08-20 11:14:56,38700.0,1000,Buy,233043067
2024-08-20 11:15:00,38700.0,300,Buy,233043160
2024-08-20 11:15:00,38700.0,500,Buy,233043161
2024-08-20 11:15:00,38700.0,200,Buy,233043159
2024-08-20 11:15:03,38700.0,2300,Buy,233043197
2024-08-20 11:15:03,38700.0,100,Buy,233043198
2024-08-20 11:15:03,38700.0,100,Buy,233043199
2024-08-20 11:15:03,38700.0,100,Buy,233043200
2024-08-20 11:15:52,38750.0,100,Buy,233043988
2024-08-20 11:15:52,38750.0,300,Buy,233043986
2024-08-20 11:15:52,38750.0,100,Buy,233043987
2024-08-20 11:16:08,38750.0,100,Buy,233044258
2024-08-20 11:16:17,38750.0,300,Buy,233044368
2024-08-20 11:16:30,38750.0,400,Buy,233044565
2024-08-20 11:16:44,38700.0,100,Sell,233044710
2024-08-20 11:16:44,38750.0,300,Buy,233044713
2024-08-20 11:16:44,38750.0,100,Buy,233044714
2024-08-20 11:16:44,38750.0,900,Buy,233044715
2024-08-20 11:16:44,38750.0,500,Buy,233044716
2024-08-20 11:17:20,38800.0,600,Buy,233045139
2024-08-20 11:17:20,38800.0,900,Buy,233045138
2024-08-20 11:17:20,38800.0,2200,Buy,233045136
2024-08-20 11:17:20,38800.0,100,Buy,233045137
2024-08-20 11:17:44,38800.0,200,Buy,233045443
2024-08-20 11:17:52,38800.0,100,Buy,233045566
2024-08-20 11:18:43,38750.0,3200,Sell,233046337
2024-08-20 11:18:43,38750.0,200,Sell,233046338
2024-08-20 11:19:19,38700.0,100,Sell,233046908
2024-08-20 11:19:38,38750.0,400,Buy,233047162
2024-08-20 11:19:39,38750.0,100,Buy,233047176
2024-08-20 11:20:02,38700.0,100,Sell,233047549
2024-08-20 11:20:02,38700.0,100,Sell,233047548
2024-08-20 11:20:02,38700.0,500,Sell,233047547
2024-08-20 11:20:02,38700.0,100,Sell,233047546
2024-08-20 11:20:02,38700.0,900,Sell,233047544
2024-08-20 11:20:02,38700.0,200,Sell,233047543
2024-08-20 11:20:02,38700.0,100,Sell,233047545
2024-08-20 11:20:08,38750.0,1100,Buy,233047624
2024-08-20 11:21:22,38750.0,1000,Sell,233048500
2024-08-20 11:21:25,38800.0,300,Buy,233048537
2024-08-20 11:21:28,38750.0,1000,Sell,233048564
2024-08-20 11:21:31,38800.0,100,Buy,233048617
2024-08-20 11:21:54,38800.0,100,Buy,233048989
2024-08-20 11:22:43,38800.0,500,Buy,233049612
2024-08-20 11:22:45,38750.0,100,Sell,233049638
2024-08-20 11:22:45,38750.0,200,Sell,233049637
2024-08-20 11:22:45,38750.0,1900,Sell,233049634
2024-08-20 11:22:45,38750.0,400,Sell,233049635
2024-08-20 11:22:45,38750.0,1000,Sell,233049636
2024-08-20 11:23:35,38750.0,200,Buy,233050214
2024-08-20 11:23:53,38750.0,500,Buy,233050471
2024-08-20 11:24:14,38750.0,600,Buy,233050763
2024-08-20 11:24:16,38750.0,100,Buy,233050803
2024-08-20 11:24:16,38750.0,100,Buy,233050804
2024-08-20 11:24:47,38800.0,100,Buy,233051309
2024-08-20 11:24:47,38800.0,400,Buy,233051310
2024-08-20 11:24:55,38800.0,1000,Buy,233051409
2024-08-20 11:25:59,38750.0,1000,Sell,233052260
2024-08-20 11:26:20,38750.0,100,Sell,233052556
2024-08-20 11:26:27,38800.0,300,Buy,233052681
2024-08-20 11:26:40,38800.0,2300,Buy,233052848
2024-08-20 11:26:53,38800.0,300,Buy,233052970
2024-08-20 11:27:08,38800.0,500,Buy,233053282
2024-08-20 11:27:34,38750.0,2000,Sell,233053677
2024-08-20 11:27:34,38750.0,1000,Sell,233053676
2024-08-20 11:27:34,38750.0,100,Sell,233053674
2024-08-20 11:27:34,38750.0,10000,Sell,233053675
2024-08-20 11:27:34,38750.0,1000,Sell,233053672
2024-08-20 11:27:34,38750.0,700,Sell,233053670
2024-08-20 11:27:34,38750.0,500,Sell,233053673
2024-08-20 11:27:34,38750.0,1000,Sell,233053671
2024-08-20 11:27:37,38750.0,1000,Buy,233053711
2024-08-20 11:28:01,38750.0,7500,Buy,233053973
2024-08-20 11:28:16,38750.0,1000,Sell,233054193
2024-08-20 11:28:31,38800.0,100,Buy,233054359
2024-08-20 11:28:47,38800.0,200,Buy,233054519
2024-08-20 11:28:47,38800.0,700,Buy,233054520
2024-08-20 11:28:47,38800.0,100,Buy,233054521
2024-08-20 11:29:03,38750.0,500,Sell,233054722
2024-08-20 11:29:03,38800.0,1300,Buy,233054718
2024-08-20 11:29:09,38750.0,1000,Sell,233054783
2024-08-20 12:59:38,38750.0,500,Sell,233055415
2024-08-20 12:59:38,38750.0,100,Sell,233055416
2024-08-20 12:59:38,38750.0,300,Sell,233055417
2024-08-20 12:59:38,38750.0,2000,Sell,233055418
2024-08-20 12:59:38,38700.0,1900,Sell,233055419
2024-08-20 12:59:38,38700.0,500,Sell,233055420
2024-08-20 12:59:38,38700.0,4700,Sell,233055421
2024-08-20 12:59:40,38750.0,100,Sell,233056258
2024-08-20 12:59:40,38750.0,200,Sell,233056257
2024-08-20 12:59:42,38700.0,300,Sell,233056998
2024-08-20 12:59:42,38700.0,100,Sell,233056839
2024-08-20 12:59:42,38700.0,3000,Sell,233056934
2024-08-20 12:59:43,38700.0,2000,Sell,233057277
2024-08-20 12:59:43,38700.0,5000,Sell,233057276
2024-08-20 12:59:43,38700.0,100,Sell,233057275
2024-08-20 12:59:43,38700.0,200,Sell,233057274
2024-08-20 12:59:43,38700.0,600,Sell,233057273
2024-08-20 12:59:43,38700.0,300,Sell,233057272
2024-08-20 12:59:43,38700.0,1100,Sell,233057103
2024-08-20 12:59:43,38700.0,2000,Sell,233057270
2024-08-20 12:59:43,38700.0,800,Sell,233057266
2024-08-20 12:59:43,38700.0,100,Sell,233057267
2024-08-20 12:59:43,38700.0,200,Sell,233057271
2024-08-20 12:59:43,38700.0,100,Sell,233057269
2024-08-20 12:59:43,38700.0,100,Sell,233057268
2024-08-20 12:59:47,38700.0,600,Buy,233058075
2024-08-20 12:59:53,38700.0,800,Buy,233059046
2024-08-20 13:00:06,38650.0,500,Sell,233059894
2024-08-20 13:00:06,38650.0,200,Sell,233059895
2024-08-20 13:00:06,38650.0,500,Sell,233059897
2024-08-20 13:00:06,38650.0,200,Sell,233059896
2024-08-20 13:00:07,38700.0,4100,Buy,233059919
2024-08-20 13:00:08,38650.0,1000,Sell,233060032
2024-08-20 13:00:08,38650.0,1000,Sell,233060038
2024-08-20 13:00:08,38650.0,100,Sell,233060037
2024-08-20 13:00:08,38650.0,500,Sell,233060036
2024-08-20 13:00:08,38650.0,500,Sell,233060035
2024-08-20 13:00:08,38650.0,200,Sell,233060034
2024-08-20 13:00:08,38650.0,500,Sell,233060033
2024-08-20 13:00:08,38650.0,100,Sell,233060031
2024-08-20 13:00:08,38650.0,300,Sell,233060029
2024-08-20 13:00:08,38650.0,1500,Sell,233060030
2024-08-20 13:00:08,38650.0,500,Sell,233060024
2024-08-20 13:00:08,38650.0,2800,Sell,233060025
2024-08-20 13:00:08,38650.0,2000,Sell,233060027
2024-08-20 13:00:08,38650.0,500,Sell,233060028
2024-08-20 13:00:08,38650.0,500,Sell,233060026
2024-08-20 13:00:20,38650.0,200,Sell,233060454
2024-08-20 13:00:21,38650.0,100,Sell,233060695
2024-08-20 13:00:24,38650.0,300,Sell,233060811
2024-08-20 13:00:24,38650.0,1000,Sell,233060818
2024-08-20 13:00:24,38650.0,100,Sell,233060817
2024-08-20 13:00:24,38650.0,100,Sell,233060816
2024-08-20 13:00:24,38650.0,400,Sell,233060815
2024-08-20 13:00:24,38650.0,1000,Sell,233060814
2024-08-20 13:00:24,38650.0,100,Sell,233060813
2024-08-20 13:00:24,38650.0,100,Sell,233060812
2024-08-20 13:00:24,38650.0,2500,Sell,233060819
2024-08-20 13:00:24,38650.0,100,Sell,233060810
2024-08-20 13:00:24,38650.0,200,Sell,233060808
2024-08-20 13:00:24,38650.0,700,Sell,233060801
2024-08-20 13:00:24,38650.0,500,Sell,233060802
2024-08-20 13:00:24,38650.0,300,Sell,233060803
2024-08-20 13:00:24,38650.0,1000,Sell,233060809
2024-08-20 13:00:24,38650.0,1000,Sell,233060805
2024-08-20 13:00:24,38650.0,100,Sell,233060806
2024-08-20 13:00:24,38650.0,100,Sell,233060807
2024-08-20 13:00:24,38650.0,500,Sell,233060804
2024-08-20 13:00:25,38650.0,100,Sell,233060855
2024-08-20 13:00:25,38700.0,100,Buy,233060829
2024-08-20 13:00:25,38650.0,500,Sell,233060848
2024-08-20 13:00:30,38650.0,3000,Sell,233061005
2024-08-20 13:00:30,38650.0,1000,Sell,233061006
2024-08-20 13:00:30,38650.0,600,Sell,233061016
2024-08-20 13:00:31,38650.0,1000,Sell,233061049
2024-08-20 13:00:33,38650.0,1000,Sell,233061083
2024-08-20 13:00:33,38650.0,700,Sell,233061084
2024-08-20 13:00:33,38650.0,100,Sell,233061085
2024-08-20 13:00:34,38650.0,500,Sell,233061094
2024-08-20 13:00:38,38650.0,100,Sell,233061284
2024-08-20 13:00:42,38650.0,1000,Sell,233061427
2024-08-20 13:00:45,38650.0,100,Sell,233061596
2024-08-20 13:00:45,38650.0,300,Sell,233061595
2024-08-20 13:00:47,38650.0,100,Sell,233061658
2024-08-20 13:00:47,38650.0,100,Sell,233061659
2024-08-20 13:00:47,38650.0,100,Sell,233061662
2024-08-20 13:00:48,38650.0,500,Sell,233061747
2024-08-20 13:00:48,38650.0,300,Sell,233061748
2024-08-20 13:00:48,38650.0,100,Sell,233061749
2024-08-20 13:00:48,38650.0,400,Sell,233061750
2024-08-20 13:00:48,38650.0,100,Sell,233061751
2024-08-20 13:00:48,38650.0,100,Sell,233061752
2024-08-20 13:00:59,38600.0,200,Sell,233062133
2024-08-20 13:00:59,38600.0,100,Sell,233062132
2024-08-20 13:00:59,38600.0,100,Sell,233062131
2024-08-20 13:00:59,38600.0,200,Sell,233062130
2024-08-20 13:00:59,38600.0,500,Sell,233062126
2024-08-20 13:00:59,38600.0,500,Sell,233062128
2024-08-20 13:00:59,38600.0,100,Sell,233062127
2024-08-20 13:00:59,38600.0,100,Sell,233062125
2024-08-20 13:00:59,38600.0,500,Sell,233062124
2024-08-20 13:00:59,38600.0,100,Sell,233062129
2024-08-20 13:01:08,38650.0,1000,Buy,233062496
2024-08-20 13:01:10,38600.0,1500,Sell,233062626
2024-08-20 13:01:11,38600.0,2900,Sell,233062660
2024-08-20 13:01:11,38650.0,300,Buy,233062658
2024-08-20 13:01:11,38600.0,300,Sell,233062659
2024-08-20 13:01:12,38650.0,300,Buy,233062697
2024-08-20 13:01:12,38650.0,100,Buy,233062698
2024-08-20 13:01:15,38650.0,100,Buy,233062823
2024-08-20 13:01:16,38650.0,1000,Buy,233062875
2024-08-20 13:01:18,38600.0,2000,Sell,233062936
2024-08-20 13:01:20,38650.0,1000,Buy,233062992
2024-08-20 13:01:28,38650.0,200,Buy,233063285
2024-08-20 13:01:29,38600.0,100,Sell,233063327
2024-08-20 13:01:29,38600.0,100,Sell,233063334
2024-08-20 13:01:29,38600.0,800,Sell,233063335
2024-08-20 13:01:30,38600.0,900,Sell,233063354
2024-08-20 13:01:30,38600.0,100,Sell,233063353
2024-08-20 13:01:51,38650.0,200,Buy,233064055
2024-08-20 13:02:00,38650.0,400,Buy,233064373
2024-08-20 13:02:00,38650.0,100,Buy,233064374
2024-08-20 13:02:01,38600.0,3000,Sell,233064413
2024-08-20 13:02:06,38650.0,100,Buy,233064606
2024-08-20 13:02:09,38650.0,600,Buy,233064655
2024-08-20 13:02:09,38650.0,2000,Buy,233064656
2024-08-20 13:02:09,38650.0,1400,Buy,233064657
2024-08-20 13:02:09,38650.0,100,Buy,233064658
2024-08-20 13:02:09,38650.0,200,Buy,233064659
2024-08-20 13:02:09,38650.0,700,Buy,233064660
2024-08-20 13:02:10,38650.0,300,Buy,233064713
2024-08-20 13:02:10,38650.0,100,Buy,233064714
2024-08-20 13:02:11,38650.0,100,Sell,233064725
2024-08-20 13:02:11,38600.0,100,Sell,233064726
2024-08-20 13:02:16,38650.0,100,Sell,233064885
2024-08-20 13:02:18,38650.0,200,Sell,233065006
2024-08-20 13:02:36,38650.0,700,Sell,233065442
2024-08-20 13:02:36,38650.0,100,Sell,233065443
2024-08-20 13:02:36,38650.0,200,Sell,233065444
2024-08-20 13:02:46,38650.0,2900,Sell,233065795
2024-08-20 13:02:56,38650.0,300,Sell,233066166
2024-08-20 13:03:02,38700.0,500,Buy,233066330
2024-08-20 13:03:11,38700.0,500,Buy,233066590
2024-08-20 13:03:15,38700.0,1000,Buy,233066701
2024-08-20 13:03:17,38700.0,900,Buy,233066807
2024-08-20 13:03:17,38700.0,100,Buy,233066808
2024-08-20 13:03:17,38700.0,100,Buy,233066809
2024-08-20 13:03:17,38700.0,100,Buy,233066810
2024-08-20 13:03:17,38700.0,1000,Buy,233066811
2024-08-20 13:03:17,38700.0,1000,Buy,233066812
2024-08-20 13:03:17,38700.0,1800,Buy,233066813
2024-08-20 13:03:18,38650.0,600,Sell,233066855
2024-08-20 13:03:18,38650.0,200,Sell,233066854
2024-08-20 13:03:18,38650.0,1600,Sell,233066851
2024-08-20 13:03:18,38650.0,100,Sell,233066852
2024-08-20 13:03:18,38650.0,500,Sell,233066853
2024-08-20 13:03:19,38650.0,300,Sell,233066907
2024-08-20 13:03:19,38650.0,700,Sell,233066906
2024-08-20 13:03:21,38700.0,100,Buy,233066971
2024-08-20 13:03:22,38700.0,2700,Buy,233066998
2024-08-20 13:03:24,38700.0,400,Buy,233067126
2024-08-20 13:03:24,38700.0,300,Buy,233067127
2024-08-20 13:03:24,38700.0,300,Buy,233067128
2024-08-20 13:03:24,38700.0,1000,Buy,233067129
2024-08-20 13:03:27,38700.0,1000,Buy,233067269
2024-08-20 13:03:29,38700.0,900,Buy,233067345
2024-08-20 13:03:29,38700.0,100,Buy,233067344
2024-08-20 13:03:29,38700.0,200,Buy,233067343
2024-08-20 13:03:29,38700.0,200,Buy,233067335
2024-08-20 13:03:29,38700.0,1200,Buy,233067337
2024-08-20 13:03:29,38700.0,100,Buy,233067336
2024-08-20 13:03:29,38700.0,1800,Buy,233067342
2024-08-20 13:03:29,38700.0,500,Buy,233067334
2024-08-20 13:03:31,38700.0,1000,Sell,233067404
2024-08-20 13:03:34,38700.0,2000,Sell,233067512
2024-08-20 13:03:35,38700.0,1000,Sell,233067537
2024-08-20 13:03:38,38700.0,100,Sell,233067594
2024-08-20 13:03:40,38700.0,1900,Sell,233067650
2024-08-20 13:03:40,38700.0,100,Sell,233067651
2024-08-20 13:03:43,38700.0,400,Sell,233067889
2024-08-20 13:03:43,38700.0,400,Sell,233067890
2024-08-20 13:03:43,38700.0,200,Sell,233067891
2024-08-20 13:03:44,38700.0,300,Sell,233067924
2024-08-20 13:03:44,38700.0,700,Sell,233067925
2024-08-20 13:03:47,38700.0,200,Sell,233068011
2024-08-20 13:03:48,38700.0,1000,Sell,233068040
2024-08-20 13:03:48,38700.0,200,Sell,233068039
2024-08-20 13:03:49,38700.0,300,Sell,233068113
2024-08-20 13:03:50,38700.0,100,Sell,233068192
2024-08-20 13:03:55,38700.0,300,Sell,233068342
2024-08-20 13:04:05,38700.0,100,Sell,233068824
2024-08-20 13:04:13,38700.0,1000,Sell,233069129
2024-08-20 13:04:24,38700.0,900,Sell,233069554
2024-08-20 13:04:28,38750.0,900,Buy,233069781
2024-08-20 13:04:28,38750.0,1000,Buy,233069783
2024-08-20 13:04:28,38750.0,100,Buy,233069780
2024-08-20 13:04:28,38750.0,1000,Buy,233069782
2024-08-20 13:04:28,38750.0,500,Buy,233069778
2024-08-20 13:04:28,38750.0,100,Buy,233069779
2024-08-20 13:04:28,38750.0,500,Buy,233069777
2024-08-20 13:04:28,38750.0,900,Buy,233069776
2024-08-20 13:04:32,38750.0,400,Buy,233069973
2024-08-20 13:04:33,38750.0,100,Buy,233069996
2024-08-20 13:04:33,38750.0,100,Buy,233070015
2024-08-20 13:04:33,38750.0,900,Buy,233070014
2024-08-20 13:04:33,38750.0,500,Buy,233070013
2024-08-20 13:04:33,38750.0,500,Buy,233070001
2024-08-20 13:04:33,38750.0,600,Buy,233069995
2024-08-20 13:04:33,38750.0,100,Buy,233069999
2024-08-20 13:04:33,38750.0,500,Buy,233069997
2024-08-20 13:04:33,38750.0,200,Buy,233070000
2024-08-20 13:04:33,38750.0,1000,Buy,233069998
2024-08-20 13:04:36,38750.0,4000,Buy,233070148
2024-08-20 13:04:37,38700.0,100,Sell,233070179
2024-08-20 13:04:38,38750.0,800,Buy,233070221
2024-08-20 13:04:39,38750.0,5200,Buy,233070297
2024-08-20 13:04:39,38750.0,200,Buy,233070298
2024-08-20 13:04:39,38750.0,1000,Buy,233070299
2024-08-20 13:04:39,38750.0,900,Sell,233070300
2024-08-20 13:04:49,38750.0,1000,Sell,233070615
2024-08-20 13:04:51,38750.0,1100,Sell,233070713
2024-08-20 13:04:51,38750.0,1700,Sell,233070692
2024-08-20 13:04:54,38750.0,1000,Sell,233070845
2024-08-20 13:04:57,38800.0,100,Buy,233070936
2024-08-20 13:04:57,38800.0,1000,Buy,233070937
2024-08-20 13:04:57,38800.0,200,Buy,233070938
2024-08-20 13:04:57,38800.0,100,Buy,233070939
2024-08-20 13:04:57,38800.0,300,Buy,233070940
2024-08-20 13:05:00,38800.0,600,Buy,233071223
2024-08-20 13:05:00,38800.0,1000,Buy,233071222
2024-08-20 13:05:00,38800.0,200,Buy,233071221
2024-08-20 13:05:00,38800.0,100,Buy,233071219
2024-08-20 13:05:00,38800.0,100,Buy,233071220
2024-08-20 13:05:03,38800.0,300,Buy,233071286
2024-08-20 13:05:03,38800.0,100,Buy,233071285
2024-08-20 13:05:03,38800.0,100,Buy,233071284
2024-08-20 13:05:03,38800.0,500,Buy,233071287
2024-08-20 13:05:03,38800.0,500,Buy,233071268
2024-08-20 13:05:03,38800.0,100,Buy,233071267
2024-08-20 13:05:03,38800.0,400,Buy,233071266
2024-08-20 13:05:03,38800.0,1000,Buy,233071283
2024-08-20 13:05:05,38800.0,500,Buy,233071356
2024-08-20 13:05:05,38800.0,300,Buy,233071357
2024-08-20 13:05:05,38800.0,200,Buy,233071358
2024-08-20 13:05:06,38800.0,600,Buy,233071361
2024-08-20 13:05:06,38800.0,100,Buy,233071388
2024-08-20 13:05:10,38800.0,200,Sell,233071515
2024-08-20 13:05:10,38800.0,800,Sell,233071516
2024-08-20 13:05:12,38800.0,100,Sell,233071578
2024-08-20 13:05:24,38850.0,100,Buy,233072169
2024-08-20 13:05:24,38800.0,100,Sell,233072161
2024-08-20 13:05:24,38850.0,100,Buy,233072170
2024-08-20 13:05:24,38850.0,800,Buy,233072171
2024-08-20 13:05:28,38850.0,400,Buy,233072319
2024-08-20 13:05:28,38850.0,1100,Buy,233072318
2024-08-20 13:05:28,38850.0,200,Buy,233072315
2024-08-20 13:05:28,38850.0,200,Buy,233072316
2024-08-20 13:05:28,38850.0,100,Buy,233072317
2024-08-20 13:05:30,38850.0,600,Buy,233072375
2024-08-20 13:05:30,38850.0,400,Sell,233072383
2024-08-20 13:05:31,38800.0,1000,Sell,233072465
2024-08-20 13:05:34,38850.0,3100,Buy,233072671
2024-08-20 13:05:35,38850.0,900,Sell,233072780
2024-08-20 13:05:35,38850.0,1000,Sell,233072736
2024-08-20 13:05:37,38850.0,100,Buy,233072851
2024-08-20 13:05:37,38900.0,1000,Buy,233072852
2024-08-20 13:05:37,38900.0,100,Buy,233072853
2024-08-20 13:05:37,38900.0,200,Buy,233072854
2024-08-20 13:05:42,38850.0,5000,Sell,233073331
2024-08-20 13:05:42,38800.0,200,Sell,233073332
2024-08-20 13:05:49,38800.0,500,Sell,233073615
2024-08-20 13:05:54,38900.0,1000,Buy,233073743
2024-08-20 13:05:55,38850.0,300,Sell,233073773
2024-08-20 13:05:55,38900.0,100,Buy,233073772
2024-08-20 13:06:02,38900.0,700,Buy,233074100
2024-08-20 13:06:02,38900.0,4300,Buy,233074101
2024-08-20 13:06:02,38850.0,700,Sell,233074124
2024-08-20 13:06:02,38850.0,300,Sell,233074135
2024-08-20 13:06:04,38900.0,500,Buy,233074250
2024-08-20 13:06:05,38900.0,200,Buy,233074284
2024-08-20 13:06:05,38900.0,100,Buy,233074285
2024-08-20 13:06:05,38900.0,200,Buy,233074286
2024-08-20 13:06:09,38900.0,100,Buy,233074439
2024-08-20 13:06:09,38900.0,200,Buy,233074438
2024-08-20 13:06:18,38900.0,3900,Buy,233074773
2024-08-20 13:06:18,38900.0,1000,Buy,233074774
2024-08-20 13:06:18,38900.0,100,Buy,233074775
2024-08-20 13:06:19,38900.0,800,Buy,233074811
2024-08-20 13:06:19,38900.0,100,Buy,233074812
2024-08-20 13:06:25,38900.0,3000,Sell,233075133
2024-08-20 13:06:28,38900.0,1000,Sell,233075186
2024-08-20 13:06:34,38900.0,100,Sell,233075391
2024-08-20 13:06:34,38950.0,200,Buy,233075418
2024-08-20 13:06:39,38900.0,100,Sell,233075723
2024-08-20 13:06:39,38900.0,200,Sell,233075722
2024-08-20 13:06:42,38950.0,100,Buy,233075873
2024-08-20 13:06:46,38950.0,100,Buy,233076006
2024-08-20 13:07:04,38950.0,500,Buy,233077058
2024-08-20 13:07:04,38950.0,300,Buy,233077076
2024-08-20 13:07:04,38950.0,200,Buy,233077075
2024-08-20 13:07:04,38950.0,100,Buy,233077074
2024-08-20 13:07:04,38950.0,100,Buy,233077073
2024-08-20 13:07:04,38950.0,300,Buy,233077072
2024-08-20 13:07:04,38950.0,1000,Buy,233077067
2024-08-20 13:07:04,38950.0,1000,Buy,233077066
2024-08-20 13:07:04,38950.0,800,Buy,233077057
2024-08-20 13:07:04,38950.0,100,Buy,233077064
2024-08-20 13:07:04,38950.0,100,Buy,233077063
2024-08-20 13:07:04,38950.0,300,Buy,233077062
2024-08-20 13:07:04,38950.0,200,Buy,233077061
2024-08-20 13:07:04,38950.0,2000,Buy,233077060
2024-08-20 13:07:04,38950.0,500,Buy,233077059
2024-08-20 13:07:04,38950.0,2000,Buy,233077065
2024-08-20 13:07:06,38950.0,700,Buy,233077174
2024-08-20 13:07:06,38950.0,100,Buy,233077175
2024-08-20 13:07:06,38950.0,100,Buy,233077176
2024-08-20 13:07:06,38950.0,100,Buy,233077177
2024-08-20 13:07:06,38950.0,1000,Buy,233077178
2024-08-20 13:07:06,38950.0,1500,Buy,233077179
2024-08-20 13:07:07,38950.0,1000,Sell,233077218
2024-08-20 13:07:09,38950.0,1200,Sell,233077269
2024-08-20 13:07:13,38950.0,1000,Sell,233077453
2024-08-20 13:07:20,38950.0,100,Sell,233077710
2024-08-20 13:07:23,38950.0,1000,Sell,233077853
2024-08-20 13:07:23,39000.0,2700,Buy,233077862
2024-08-20 13:07:23,39000.0,2000,Buy,233077861
2024-08-20 13:07:23,39000.0,300,Buy,233077860
2024-08-20 13:07:25,38950.0,100,Sell,233077918
2024-08-20 13:07:25,38950.0,500,Sell,233077919
2024-08-20 13:07:25,38950.0,100,Sell,233077920
2024-08-20 13:07:25,38950.0,300,Sell,233077921
2024-08-20 13:07:31,39000.0,400,Buy,233078203
2024-08-20 13:07:32,38950.0,1000,Sell,233078250
2024-08-20 13:07:32,38950.0,100,Sell,233078245
2024-08-20 13:07:32,38950.0,200,Sell,233078244
2024-08-20 13:07:35,38950.0,100,Sell,233078401
2024-08-20 13:07:35,38950.0,500,Sell,233078385
2024-08-20 13:07:38,38950.0,300,Sell,233078478
2024-08-20 13:07:38,38950.0,200,Sell,233078479
2024-08-20 13:07:39,39000.0,100,Buy,233078540
2024-08-20 13:07:44,38950.0,1000,Sell,233078737
2024-08-20 13:07:48,38950.0,1000,Sell,233078878
2024-08-20 13:07:56,38950.0,200,Sell,233079417
2024-08-20 13:07:56,38950.0,500,Sell,233079418
2024-08-20 13:07:56,38950.0,200,Sell,233079416
2024-08-20 13:07:56,38950.0,3100,Sell,233079414
2024-08-20 13:07:56,38950.0,1000,Sell,233079415
2024-08-20 13:08:00,39000.0,4000,Buy,233079588
2024-08-20 13:08:00,39000.0,200,Buy,233079571
2024-08-20 13:08:00,39000.0,300,Buy,233079572
2024-08-20 13:08:00,39000.0,200,Buy,233079573
2024-08-20 13:08:00,39000.0,5000,Buy,233079574
2024-08-20 13:08:00,39000.0,100,Buy,233079575
2024-08-20 13:08:00,39000.0,10000,Buy,233079576
2024-08-20 13:08:00,39000.0,300,Buy,233079577
2024-08-20 13:08:00,39000.0,1000,Buy,233079578
2024-08-20 13:08:00,39000.0,100,Buy,233079579
2024-08-20 13:08:00,39000.0,1000,Buy,233079570
2024-08-20 13:08:00,39000.0,300,Buy,233079581
2024-08-20 13:08:00,39000.0,600,Buy,233079582
2024-08-20 13:08:00,39000.0,200,Buy,233079583
2024-08-20 13:08:00,39000.0,5000,Buy,233079584
2024-08-20 13:08:00,39000.0,1000,Buy,233079585
2024-08-20 13:08:00,39000.0,500,Buy,233079586
2024-08-20 13:08:00,39000.0,300,Buy,233079587
2024-08-20 13:08:00,39000.0,1000,Buy,233079589
2024-08-20 13:08:00,39000.0,500,Buy,233079580
2024-08-20 13:08:00,39000.0,900,Buy,233079590
2024-08-20 13:08:00,39000.0,400,Buy,233079567
2024-08-20 13:08:00,39000.0,1800,Buy,233079548
2024-08-20 13:08:00,39000.0,500,Buy,233079549
2024-08-20 13:08:00,39000.0,300,Buy,233079550
2024-08-20 13:08:00,39000.0,1000,Buy,233079551
2024-08-20 13:08:00,39000.0,100,Buy,233079552
2024-08-20 13:08:00,39000.0,100,Buy,233079553
2024-08-20 13:08:00,39000.0,1000,Buy,233079554
2024-08-20 13:08:00,39000.0,1000,Buy,233079555
2024-08-20 13:08:00,39000.0,2500,Buy,233079556
2024-08-20 13:08:00,39000.0,600,Buy,233079557
2024-08-20 13:08:00,39000.0,200,Buy,233079558
2024-08-20 13:08:00,39000.0,3500,Buy,233079559
2024-08-20 13:08:00,39000.0,500,Buy,233079560
2024-08-20 13:08:00,39000.0,1500,Buy,233079561
2024-08-20 13:08:00,39000.0,200,Buy,233079562
2024-08-20 13:08:00,39000.0,100,Buy,233079563
2024-08-20 13:08:00,39000.0,4500,Buy,233079564
2024-08-20 13:08:00,39000.0,100,Buy,233079565
2024-08-20 13:08:00,39000.0,200,Buy,233079566
2024-08-20 13:08:00,39000.0,500,Buy,233079568
2024-08-20 13:08:00,39000.0,100,Buy,233079569
2024-08-20 13:08:00,39000.0,1000,Buy,233079591
2024-08-20 13:08:00,39000.0,3000,Buy,233079592
2024-08-20 13:08:02,39000.0,1000,Sell,233079651
2024-08-20 13:08:04,39050.0,2300,Buy,233079747
2024-08-20 13:08:04,39050.0,2700,Buy,233079746
2024-08-20 13:08:05,39050.0,800,Buy,233079780
2024-08-20 13:08:05,39050.0,700,Buy,233079779
2024-08-20 13:08:10,39050.0,100,Buy,233080005
2024-08-20 13:08:13,39050.0,100,Buy,233080135
2024-08-20 13:08:13,39050.0,1900,Buy,233080136
2024-08-20 13:08:15,39050.0,600,Buy,233080266
2024-08-20 13:08:15,39050.0,100,Buy,233080264
2024-08-20 13:08:15,39050.0,300,Buy,233080265
2024-08-20 13:08:21,39050.0,1400,Buy,233080515
2024-08-20 13:08:21,39050.0,200,Buy,233080516
2024-08-20 13:08:21,39050.0,100,Buy,233080517
2024-08-20 13:08:21,39050.0,100,Buy,233080518
2024-08-20 13:08:21,39050.0,200,Buy,233080519
2024-08-20 13:08:22,39150.0,1000,Buy,233080572
2024-08-20 13:08:22,39150.0,9000,Buy,233080573
2024-08-20 13:08:22,39150.0,3000,Buy,233080574
2024-08-20 13:08:22,39150.0,700,Buy,233080575
2024-08-20 13:08:22,39150.0,500,Buy,233080576
2024-08-20 13:08:22,39150.0,2000,Buy,233080577
2024-08-20 13:08:22,39150.0,1000,Buy,233080580
2024-08-20 13:08:22,39150.0,2000,Buy,233080579
2024-08-20 13:08:22,39150.0,200,Buy,233080571
2024-08-20 13:08:22,39150.0,5000,Buy,233080582
2024-08-20 13:08:22,39150.0,8200,Buy,233080583
2024-08-20 13:08:22,39150.0,100,Buy,233080584
2024-08-20 13:08:22,39150.0,100,Buy,233080578
2024-08-20 13:08:22,39150.0,200,Buy,233080581
2024-08-20 13:08:22,39100.0,1100,Buy,233080570
2024-08-20 13:08:22,39100.0,1700,Buy,233080568
2024-08-20 13:08:22,39050.0,500,Buy,233080556
2024-08-20 13:08:22,39050.0,300,Buy,233080557
2024-08-20 13:08:22,39100.0,200,Buy,233080569
2024-08-20 13:08:22,39100.0,2000,Buy,233080559
2024-08-20 13:08:22,39100.0,100,Buy,233080560
2024-08-20 13:08:22,39100.0,500,Buy,233080561
2024-08-20 13:08:22,39100.0,500,Buy,233080558
2024-08-20 13:08:22,39100.0,1000,Buy,233080563
2024-08-20 13:08:22,39100.0,500,Buy,233080564
2024-08-20 13:08:22,39100.0,100,Buy,233080565
2024-08-20 13:08:22,39100.0,100,Buy,233080566
2024-08-20 13:08:22,39100.0,1000,Buy,233080567
2024-08-20 13:08:22,39100.0,1500,Buy,233080562
2024-08-20 13:08:23,39150.0,100,Sell,233080608
2024-08-20 13:08:24,39150.0,1000,Sell,233080711
2024-08-20 13:08:28,39150.0,1000,Sell,233080873
2024-08-20 13:08:29,39150.0,300,Sell,233080879
2024-08-20 13:08:37,39150.0,2000,Sell,233081196
2024-08-20 13:08:38,39150.0,3000,Buy,233081250
2024-08-20 13:08:38,39000.0,1400,Sell,233081243
2024-08-20 13:08:38,39050.0,1000,Sell,233081242
2024-08-20 13:08:38,39100.0,500,Sell,233081239
2024-08-20 13:08:38,39100.0,100,Sell,233081240
2024-08-20 13:08:38,39050.0,500,Sell,233081241
2024-08-20 13:08:38,39100.0,500,Sell,233081238
2024-08-20 13:08:38,39150.0,2000,Sell,233081237
2024-08-20 13:08:41,39150.0,1000,Sell,233081539
2024-08-20 13:08:45,39150.0,500,Sell,233081707
2024-08-20 13:08:49,39150.0,1400,Sell,233081841
2024-08-20 13:08:49,39150.0,100,Sell,233081842
2024-08-20 13:08:49,39150.0,500,Sell,233081858
2024-08-20 13:08:50,39150.0,400,Sell,233081898
2024-08-20 13:08:52,39150.0,400,Buy,233081998
2024-08-20 13:08:54,39150.0,1000,Buy,233082074
2024-08-20 13:09:01,39000.0,500,Sell,233082357
2024-08-20 13:09:01,39000.0,400,Sell,233082353
2024-08-20 13:09:01,39000.0,600,Sell,233082354
2024-08-20 13:09:03,39100.0,100,Buy,233082416
2024-08-20 13:09:03,39100.0,100,Buy,233082417
2024-08-20 13:09:03,39150.0,800,Buy,233082418
2024-08-20 13:09:03,39150.0,400,Buy,233082422
2024-08-20 13:09:04,39100.0,1000,Buy,233082446
2024-08-20 13:09:04,39150.0,2000,Buy,233082447
2024-08-20 13:09:04,39150.0,1000,Buy,233082448
2024-08-20 13:09:17,39100.0,100,Buy,233083112
2024-08-20 13:09:25,39100.0,600,Buy,233083396
2024-08-20 13:09:37,39100.0,200,Buy,233083878
2024-08-20 13:09:37,39100.0,800,Buy,233083879
2024-08-20 13:09:42,39100.0,200,Buy,233084144
2024-08-20 13:09:42,39100.0,200,Buy,233084146
2024-08-20 13:09:48,39050.0,500,Sell,233084363
2024-08-20 13:09:48,39050.0,100,Sell,233084364
2024-08-20 13:09:54,39050.0,200,Sell,233084624
2024-08-20 13:10:01,39050.0,200,Buy,233084937
2024-08-20 13:10:01,39000.0,1000,Sell,233084928
2024-08-20 13:10:01,39050.0,300,Buy,233084936
2024-08-20 13:10:04,39050.0,100,Buy,233085128
2024-08-20 13:10:04,39050.0,100,Buy,233085127
2024-08-20 13:10:08,39050.0,900,Buy,233085321
2024-08-20 13:10:08,39050.0,100,Buy,233085322
2024-08-20 13:10:10,39000.0,1000,Sell,233085380
2024-08-20 13:10:13,39000.0,3000,Sell,233085523
2024-08-20 13:10:14,39000.0,2000,Sell,233085550
2024-08-20 13:10:16,38950.0,1100,Sell,233085680
2024-08-20 13:10:16,39000.0,1900,Sell,233085679
2024-08-20 13:10:21,39000.0,100,Sell,233085896
2024-08-20 13:10:27,38950.0,100,Sell,233086130
2024-08-20 13:10:33,38950.0,200,Sell,233086511
2024-08-20 13:10:37,38950.0,1000,Sell,233086799
2024-08-20 13:10:39,38950.0,7900,Sell,233086870
2024-08-20 13:10:41,38950.0,800,Sell,233087001
2024-08-20 13:10:41,38950.0,200,Sell,233087002
2024-08-20 13:10:41,38950.0,1800,Sell,233087003
2024-08-20 13:10:41,38950.0,200,Sell,233087000
2024-08-20 13:10:44,38950.0,1000,Sell,233087090
2024-08-20 13:10:44,38950.0,2200,Sell,233087101
2024-08-20 13:10:44,38950.0,100,Sell,233087102
2024-08-20 13:10:47,38950.0,500,Buy,233087343
2024-08-20 13:10:56,38950.0,200,Buy,233087636
2024-08-20 13:11:01,38950.0,100,Sell,233087878
2024-08-20 13:11:05,38950.0,200,Sell,233088048
2024-08-20 13:11:05,38950.0,500,Sell,233088047
2024-08-20 13:11:08,38950.0,2000,Sell,233088227
2024-08-20 13:11:09,38950.0,800,Sell,233088230
2024-08-20 13:11:20,38900.0,5000,Sell,233088729
2024-08-20 13:11:25,38900.0,500,Sell,233088998
2024-08-20 13:11:25,38900.0,100,Sell,233088999
2024-08-20 13:11:26,38950.0,500,Buy,233089009
2024-08-20 13:11:43,38900.0,1500,Sell,233089777
2024-08-20 13:11:45,38950.0,200,Buy,233089864
2024-08-20 13:11:45,38950.0,100,Buy,233089863
2024-08-20 13:11:45,38950.0,700,Buy,233089862
2024-08-20 13:11:51,38950.0,100,Buy,233090162
2024-08-20 13:12:07,38900.0,1200,Sell,233090934
2024-08-20 13:12:11,38900.0,300,Sell,233091086
2024-08-20 13:12:19,38900.0,1900,Sell,233091473
2024-08-20 13:12:19,38900.0,100,Sell,233091474
2024-08-20 13:12:23,38750.0,100,Sell,233091732
2024-08-20 13:12:23,38750.0,2000,Sell,233091733
2024-08-20 13:12:23,38700.0,100,Sell,233091734
2024-08-20 13:12:23,38700.0,100,Sell,233091735
2024-08-20 13:12:23,38700.0,2000,Sell,233091736
2024-08-20 13:12:23,38700.0,100,Sell,233091737
2024-08-20 13:12:23,38700.0,1800,Sell,233091740
2024-08-20 13:12:23,38700.0,300,Sell,233091739
2024-08-20 13:12:23,38700.0,5000,Sell,233091741
2024-08-20 13:12:23,38700.0,1000,Sell,233091744
2024-08-20 13:12:23,38700.0,5000,Sell,233091745
2024-08-20 13:12:23,38700.0,2200,Sell,233091746
2024-08-20 13:12:23,38700.0,100,Sell,233091738
2024-08-20 13:12:23,38800.0,900,Sell,233091729
2024-08-20 13:12:23,38800.0,100,Sell,233091731
2024-08-20 13:12:23,38800.0,100,Sell,233091730
2024-08-20 13:12:23,38900.0,100,Sell,233091714
2024-08-20 13:12:23,38900.0,1000,Sell,233091715
2024-08-20 13:12:23,38900.0,5000,Sell,233091716
2024-08-20 13:12:23,38850.0,5000,Sell,233091718
2024-08-20 13:12:23,38850.0,200,Sell,233091719
2024-08-20 13:12:23,38800.0,2000,Sell,233091720
2024-08-20 13:12:23,38850.0,200,Sell,233091717
2024-08-20 13:12:23,38800.0,100,Sell,233091722
2024-08-20 13:12:23,38800.0,100,Sell,233091723
2024-08-20 13:12:23,38800.0,200,Sell,233091724
2024-08-20 13:12:23,38800.0,700,Sell,233091725
2024-08-20 13:12:23,38800.0,3000,Sell,233091726
2024-08-20 13:12:23,38800.0,300,Sell,233091727
2024-08-20 13:12:23,38800.0,200,Sell,233091721
2024-08-20 13:12:23,38800.0,1000,Sell,233091728
2024-08-20 13:12:26,38900.0,100,Sell,233091831
2024-08-20 13:12:38,38900.0,800,Buy,233092546
2024-08-20 13:12:38,38900.0,200,Buy,233092547
2024-08-20 13:12:51,38900.0,1000,Buy,233093336
2024-08-20 13:12:54,38850.0,200,Sell,233093505
2024-08-20 13:13:00,38900.0,200,Buy,233093752
2024-08-20 13:13:00,38900.0,800,Buy,233093751
2024-08-20 13:13:11,38850.0,800,Sell,233094580
2024-08-20 13:13:11,38850.0,2300,Sell,233094579
2024-08-20 13:13:12,38850.0,100,Sell,233094660
2024-08-20 13:13:13,38850.0,500,Sell,233094726
2024-08-20 13:13:17,38900.0,300,Buy,233094925
2024-08-20 13:13:17,38900.0,200,Buy,233094926
2024-08-20 13:13:17,38900.0,1000,Buy,233094927
2024-08-20 13:13:17,38900.0,500,Buy,233094928
2024-08-20 13:13:25,38850.0,400,Sell,233095616
2024-08-20 13:13:25,38850.0,100,Sell,233095617
2024-08-20 13:13:26,38850.0,900,Sell,233095816
2024-08-20 13:13:26,38850.0,100,Sell,233095817
2024-08-20 13:13:28,38850.0,200,Sell,233096069
2024-08-20 13:13:28,38850.0,200,Sell,233096068
2024-08-20 13:13:40,38850.0,300,Sell,233096838
2024-08-20 13:13:43,38850.0,100,Buy,233096974
2024-08-20 13:13:59,38850.0,200,Sell,233098322
2024-08-20 13:14:01,38850.0,2000,Sell,233098497
2024-08-20 13:14:06,38850.0,1800,Sell,233099085
2024-08-20 13:14:06,38850.0,2600,Sell,233099086
2024-08-20 13:14:18,38800.0,100,Sell,233099926
2024-08-20 13:14:18,38800.0,700,Sell,233099927
2024-08-20 13:14:18,38800.0,400,Sell,233099928
2024-08-20 13:14:18,38800.0,14400,Sell,233099929
2024-08-20 13:14:20,38850.0,500,Buy,233100031
2024-08-20 13:14:20,38850.0,1000,Buy,233100030
2024-08-20 13:14:37,38850.0,500,Sell,233101386
2024-08-20 13:14:41,38850.0,700,Sell,233101655
2024-08-20 13:14:42,38850.0,100,Sell,233101688
2024-08-20 13:15:00,38850.0,700,Sell,233103401
2024-08-20 13:15:14,38900.0,800,Buy,233104408
2024-08-20 13:15:14,38900.0,100,Buy,233104430
2024-08-20 13:15:28,38900.0,500,Buy,233105304
2024-08-20 13:15:28,38900.0,900,Buy,233105303
2024-08-20 13:15:28,38900.0,600,Buy,233105299
2024-08-20 13:15:28,38900.0,2000,Buy,233105301
2024-08-20 13:15:28,38900.0,100,Buy,233105300
2024-08-20 13:15:28,38900.0,900,Buy,233105302
2024-08-20 13:15:30,38900.0,100,Buy,233105423
2024-08-20 13:15:34,38900.0,1400,Buy,233105694
2024-08-20 13:15:34,38900.0,600,Buy,233105695
2024-08-20 13:15:38,38900.0,100,Buy,233105953
2024-08-20 13:15:38,38900.0,500,Buy,233105954
2024-08-20 13:15:38,38900.0,400,Buy,233105952
2024-08-20 13:15:41,38850.0,1000,Sell,233106187
2024-08-20 13:15:49,38900.0,400,Buy,233106771
2024-08-20 13:15:49,38900.0,4600,Buy,233106772
2024-08-20 13:15:49,38850.0,1000,Sell,233106786
2024-08-20 13:15:49,38850.0,300,Sell,233106813
2024-08-20 13:15:52,38900.0,2100,Buy,233107069
2024-08-20 13:15:53,38850.0,400,Sell,233107128
2024-08-20 13:15:53,38850.0,2200,Sell,233107126
2024-08-20 13:15:53,38850.0,700,Sell,233107127
2024-08-20 13:15:54,38900.0,1000,Buy,233107214
2024-08-20 13:16:06,38900.0,100,Buy,233107833
2024-08-20 13:16:09,38850.0,600,Sell,233107993
2024-08-20 13:16:09,38850.0,500,Sell,233107994
2024-08-20 13:16:23,38900.0,100,Buy,233108918
2024-08-20 13:16:30,38850.0,500,Sell,233109247
2024-08-20 13:16:39,38850.0,200,Sell,233109681
2024-08-20 13:16:41,38900.0,600,Buy,233109882
2024-08-20 13:16:41,38900.0,1800,Buy,233109879
2024-08-20 13:16:41,38900.0,1000,Buy,233109880
2024-08-20 13:16:41,38900.0,1000,Buy,233109881
2024-08-20 13:17:02,38900.0,5000,Sell,233110725
2024-08-20 13:17:28,38900.0,600,Sell,233112034
2024-08-20 13:17:28,38900.0,1300,Sell,233112035
2024-08-20 13:17:31,38950.0,800,Buy,233112176
2024-08-20 13:17:31,38950.0,200,Buy,233112177
2024-08-20 13:17:33,38900.0,100,Sell,233112348
2024-08-20 13:17:35,38900.0,2000,Sell,233112493
2024-08-20 13:17:55,38900.0,100,Sell,233113327
2024-08-20 13:18:01,38900.0,10100,Sell,233113612
2024-08-20 13:18:08,38900.0,3500,Sell,233114024
2024-08-20 13:18:17,38900.0,500,Sell,233114399
2024-08-20 13:18:18,38950.0,1000,Buy,233114492
2024-08-20 13:18:21,38950.0,1000,Buy,233114585
2024-08-20 13:18:21,38950.0,300,Buy,233114592
2024-08-20 13:18:21,38950.0,200,Buy,233114591
2024-08-20 13:18:21,38950.0,1400,Buy,233114590
2024-08-20 13:18:21,38950.0,800,Buy,233114584
2024-08-20 13:18:21,38950.0,1000,Buy,233114588
2024-08-20 13:18:21,38950.0,100,Buy,233114587
2024-08-20 13:18:21,38950.0,100,Buy,233114586
2024-08-20 13:18:21,38950.0,500,Buy,233114589
2024-08-20 13:18:29,38950.0,100,Sell,233115092
2024-08-20 13:18:29,38950.0,5000,Sell,233115123
2024-08-20 13:18:45,38950.0,100,Sell,233115849
2024-08-20 13:18:47,38950.0,100,Sell,233115955
2024-08-20 13:18:55,38950.0,500,Sell,233116340
2024-08-20 13:19:07,38950.0,300,Sell,233116947
2024-08-20 13:19:20,38950.0,500,Sell,233117595
2024-08-20 13:19:20,38950.0,500,Sell,233117596
2024-08-20 13:19:20,38950.0,500,Sell,233117597
2024-08-20 13:19:23,38950.0,100,Sell,233117734
2024-08-20 13:19:23,38950.0,100,Sell,233117718
2024-08-20 13:19:27,38950.0,100,Sell,233117885
2024-08-20 13:19:33,38950.0,1000,Sell,233118129
2024-08-20 13:19:36,38950.0,1000,Sell,233118222
2024-08-20 13:19:40,38950.0,1000,Sell,233118416
2024-08-20 13:19:44,38950.0,1000,Sell,233118520
2024-08-20 13:19:52,38950.0,500,Buy,233118846
2024-08-20 13:19:57,38950.0,900,Buy,233119058
2024-08-20 13:19:57,38950.0,100,Buy,233119059
2024-08-20 13:19:57,38950.0,600,Buy,233119060
2024-08-20 13:19:57,38950.0,1300,Buy,233119061
2024-08-20 13:20:01,38950.0,1000,Buy,233119235
2024-08-20 13:20:01,38950.0,400,Sell,233119258
2024-08-20 13:20:04,38950.0,100,Sell,233119356
2024-08-20 13:20:08,38950.0,200,Buy,233119567
2024-08-20 13:20:18,38950.0,800,Sell,233119876
2024-08-20 13:20:31,38950.0,100,Buy,233120401
2024-08-20 13:20:52,38950.0,1400,Buy,233121182
2024-08-20 13:20:53,38950.0,600,Buy,233121202
2024-08-20 13:20:53,38900.0,500,Sell,233121220
2024-08-20 13:21:11,38950.0,200,Buy,233121862
2024-08-20 13:21:23,38950.0,100,Buy,233122194
2024-08-20 13:21:26,38900.0,1000,Sell,233122291
2024-08-20 13:21:32,38950.0,200,Buy,233122543
2024-08-20 13:21:32,38950.0,1800,Buy,233122542
2024-08-20 13:21:33,38950.0,100,Buy,233122578
2024-08-20 13:21:51,38950.0,100,Buy,233123143
2024-08-20 13:21:51,38950.0,600,Buy,233123148
2024-08-20 13:21:51,38950.0,1000,Buy,233123147
2024-08-20 13:21:51,38950.0,500,Buy,233123142
2024-08-20 13:21:51,38950.0,200,Buy,233123145
2024-08-20 13:21:51,38950.0,100,Buy,233123144
2024-08-20 13:21:51,38950.0,100,Buy,233123146
2024-08-20 13:21:52,38950.0,100,Buy,233123168
2024-08-20 13:22:07,38950.0,100,Sell,233123668
2024-08-20 13:22:09,38950.0,300,Sell,233123713
2024-08-20 13:22:09,38950.0,500,Sell,233123714
2024-08-20 13:22:13,38950.0,700,Buy,233123880
2024-08-20 13:22:17,38950.0,500,Buy,233124000
2024-08-20 13:22:19,38950.0,500,Sell,233124052
2024-08-20 13:22:22,38900.0,100,Sell,233124196
2024-08-20 13:22:30,38900.0,500,Sell,233124525
2024-08-20 13:22:35,38900.0,100,Sell,233124793
2024-08-20 13:22:43,38900.0,100,Sell,233125052
2024-08-20 13:22:43,38900.0,100,Sell,233125047
2024-08-20 13:22:43,38900.0,4700,Sell,233125048
2024-08-20 13:22:43,38900.0,200,Sell,233125049
2024-08-20 13:22:43,38900.0,2000,Sell,233125050
2024-08-20 13:22:43,38900.0,1000,Sell,233125051
2024-08-20 13:22:46,38900.0,500,Sell,233125139
2024-08-20 13:22:46,38900.0,400,Sell,233125138
2024-08-20 13:23:26,38900.0,400,Sell,233126364
2024-08-20 13:23:27,38900.0,200,Sell,233126427
2024-08-20 13:23:30,38900.0,3900,Sell,233126492
2024-08-20 13:23:30,38900.0,1100,Sell,233126493
2024-08-20 13:23:38,38900.0,1000,Sell,233126739
2024-08-20 13:23:42,38950.0,100,Buy,233126848
2024-08-20 13:23:42,38950.0,1500,Buy,233126847
2024-08-20 13:23:42,38950.0,100,Buy,233126845
2024-08-20 13:23:42,38950.0,100,Buy,233126846
2024-08-20 13:23:42,38950.0,1000,Buy,233126843
2024-08-20 13:23:42,38950.0,700,Buy,233126842
2024-08-20 13:23:42,38950.0,100,Buy,233126841
2024-08-20 13:23:42,38900.0,200,Sell,233126838
2024-08-20 13:23:42,38950.0,1000,Buy,233126844
2024-08-20 13:23:44,38950.0,500,Sell,233126932
2024-08-20 13:23:47,38950.0,4000,Sell,233127015
2024-08-20 13:23:47,38950.0,3000,Sell,233127016
2024-08-20 13:24:06,39000.0,200,Buy,233127588
2024-08-20 13:24:06,39000.0,100,Buy,233127587
2024-08-20 13:24:06,39000.0,1000,Buy,233127586
2024-08-20 13:24:06,39000.0,200,Buy,233127585
2024-08-20 13:24:06,39000.0,1000,Buy,233127584
2024-08-20 13:24:06,39000.0,100,Buy,233127581
2024-08-20 13:24:06,39000.0,1800,Buy,233127582
2024-08-20 13:24:06,39000.0,300,Buy,233127583
2024-08-20 13:24:06,39000.0,1000,Buy,233127577
2024-08-20 13:24:06,39000.0,1000,Buy,233127580
2024-08-20 13:24:06,39000.0,200,Buy,233127579
2024-08-20 13:24:06,39000.0,100,Buy,233127578
2024-08-20 13:24:12,38950.0,7000,Sell,233127791
2024-08-20 13:24:19,38950.0,900,Sell,233128005
2024-08-20 13:24:19,38950.0,3000,Sell,233128006
2024-08-20 13:24:19,38900.0,1100,Sell,233128007
2024-08-20 13:24:39,38950.0,100,Sell,233128697
2024-08-20 13:24:39,38950.0,900,Sell,233128708
2024-08-20 13:24:39,38950.0,200,Sell,233128709
2024-08-20 13:24:43,39000.0,100,Buy,233128782
2024-08-20 13:24:43,38950.0,100,Buy,233128781
2024-08-20 13:24:48,39000.0,900,Buy,233129006
2024-08-20 13:24:48,38950.0,100,Buy,233129000
2024-08-20 13:24:48,39000.0,600,Buy,233129001
2024-08-20 13:24:48,39000.0,100,Buy,233129002
2024-08-20 13:24:48,39000.0,100,Buy,233129003
2024-08-20 13:24:48,39000.0,100,Buy,233129004
2024-08-20 13:24:48,39000.0,100,Buy,233129005
2024-08-20 13:25:11,39000.0,100,Buy,233129760
2024-08-20 13:25:11,39000.0,100,Buy,233129761
2024-08-20 13:25:16,38900.0,1000,Sell,233129872
2024-08-20 13:25:19,39000.0,800,Buy,233129961
2024-08-20 13:25:19,39000.0,100,Buy,233129962
2024-08-20 13:25:19,39000.0,100,Buy,233129963
2024-08-20 13:25:29,38950.0,100,Sell,233130397
2024-08-20 13:25:39,38950.0,4900,Sell,233130693
2024-08-20 13:25:39,38950.0,100,Sell,233130694
2024-08-20 13:25:44,38950.0,100,Sell,233130817
2024-08-20 13:25:57,38950.0,100,Sell,233131198
2024-08-20 13:25:58,38950.0,100,Sell,233131228
2024-08-20 13:26:23,38950.0,1000,Buy,233132162
2024-08-20 13:26:26,38950.0,500,Buy,233132326
2024-08-20 13:26:38,38900.0,400,Sell,233132691
2024-08-20 13:26:40,38950.0,300,Buy,233132783
2024-08-20 13:26:40,38950.0,900,Buy,233132784
2024-08-20 13:26:49,38950.0,1000,Buy,233133104
2024-08-20 13:26:52,38950.0,700,Buy,233133206
2024-08-20 13:27:07,38950.0,200,Buy,233133643
2024-08-20 13:27:11,38950.0,300,Buy,233133795
2024-08-20 13:27:16,38900.0,200,Sell,233133988
2024-08-20 13:28:04,38900.0,600,Sell,233136637
2024-08-20 13:28:04,38900.0,400,Sell,233136636
2024-08-20 13:28:04,38900.0,4000,Sell,233136635
2024-08-20 13:28:04,38950.0,1000,Buy,233136595
2024-08-20 13:28:07,38900.0,500,Sell,233136831
2024-08-20 13:28:07,38900.0,1000,Sell,233136830
2024-08-20 13:28:07,38900.0,3000,Sell,233136829
2024-08-20 13:28:07,38900.0,700,Sell,233136825
2024-08-20 13:28:07,38900.0,1000,Sell,233136827
2024-08-20 13:28:07,38900.0,500,Sell,233136826
2024-08-20 13:28:07,38900.0,200,Sell,233136828
2024-08-20 13:28:14,38900.0,2000,Sell,233137504
2024-08-20 13:28:29,38900.0,600,Sell,233138229
2024-08-20 13:28:29,38900.0,200,Sell,233138228
2024-08-20 13:28:29,38900.0,1000,Sell,233138227
2024-08-20 13:28:29,38900.0,100,Sell,233138226
2024-08-20 13:28:29,38900.0,7500,Sell,233138225
2024-08-20 13:28:36,38900.0,200,Buy,233138645
2024-08-20 13:28:39,38900.0,1900,Buy,233138831
2024-08-20 13:28:39,38900.0,1100,Buy,233138832
2024-08-20 13:28:42,38900.0,400,Buy,233139054
2024-08-20 13:28:45,38900.0,300,Sell,233139173
2024-08-20 13:28:52,38950.0,500,Buy,233139704
2024-08-20 13:29:03,38900.0,300,Sell,233140313
2024-08-20 13:29:04,38900.0,500,Sell,233140484
2024-08-20 13:29:24,38900.0,100,Sell,233141803
2024-08-20 13:29:57,38900.0,300,Buy,233144026
2024-08-20 13:29:57,38900.0,400,Buy,233144025
2024-08-20 13:29:57,38900.0,300,Buy,233144027
2024-08-20 13:30:05,38900.0,1900,Sell,233144372
2024-08-20 13:30:12,38950.0,100,Buy,233144949
2024-08-20 13:30:16,38950.0,100,Buy,233145214
2024-08-20 13:30:39,38900.0,500,Sell,233146687
2024-08-20 13:30:57,38900.0,100,Sell,233148246
2024-08-20 13:30:57,38900.0,1000,Sell,233148248
2024-08-20 13:31:05,38900.0,2000,Sell,233148717
2024-08-20 13:31:30,38950.0,400,Buy,233150143
2024-08-20 13:31:30,38950.0,8500,Buy,233150142
2024-08-20 13:31:30,38950.0,200,Buy,233150140
2024-08-20 13:31:30,38950.0,900,Buy,233150141
2024-08-20 13:31:31,38950.0,600,Buy,233150161
2024-08-20 13:31:31,38950.0,400,Buy,233150162
2024-08-20 13:31:31,38950.0,500,Buy,233150163
2024-08-20 13:31:31,38950.0,700,Buy,233150164
2024-08-20 13:31:31,38950.0,1000,Buy,233150165
2024-08-20 13:31:31,38950.0,300,Buy,233150166
2024-08-20 13:31:31,38950.0,300,Buy,233150167
2024-08-20 13:31:31,39000.0,900,Buy,233150168
2024-08-20 13:31:45,38950.0,100,Sell,233151135
2024-08-20 13:31:46,39000.0,500,Buy,233151246
2024-08-20 13:31:46,39000.0,100,Buy,233151251
2024-08-20 13:31:46,39000.0,100,Buy,233151250
2024-08-20 13:31:46,39000.0,100,Buy,233151245
2024-08-20 13:31:46,39000.0,300,Buy,233151248
2024-08-20 13:31:46,39000.0,1600,Buy,233151247
2024-08-20 13:31:46,39000.0,300,Buy,233151249
2024-08-20 13:31:58,38950.0,900,Sell,233152128
2024-08-20 13:32:01,39000.0,1000,Buy,233152239
2024-08-20 13:32:02,39000.0,400,Buy,233152302
2024-08-20 13:32:13,39000.0,100,Buy,233153015
2024-08-20 13:32:25,39000.0,2000,Buy,233153852
2024-08-20 13:32:29,39000.0,1000,Buy,233154063
2024-08-20 13:32:29,39000.0,900,Buy,233154062
2024-08-20 13:32:29,39000.0,1000,Buy,233154061
2024-08-20 13:32:29,39000.0,500,Buy,233154060
2024-08-20 13:32:29,39000.0,100,Buy,233154056
2024-08-20 13:32:29,39000.0,1000,Buy,233154058
2024-08-20 13:32:29,39000.0,2000,Buy,233154057
2024-08-20 13:32:29,39000.0,300,Buy,233154055
2024-08-20 13:32:29,39000.0,700,Buy,233154064
2024-08-20 13:32:29,39000.0,900,Buy,233154059
2024-08-20 13:32:29,39000.0,2200,Buy,233154054
2024-08-20 13:32:34,39000.0,2000,Buy,233154496
2024-08-20 13:32:35,39000.0,3300,Buy,233154518
2024-08-20 13:32:36,39000.0,100,Sell,233154608
2024-08-20 13:32:47,39000.0,300,Sell,233155345
2024-08-20 13:32:47,39000.0,2700,Sell,233155346
2024-08-20 13:32:58,39000.0,100,Sell,233156051
2024-08-20 13:33:12,39050.0,100,Buy,233156696
2024-08-20 13:33:12,39050.0,300,Buy,233156697
2024-08-20 13:33:12,39050.0,700,Buy,233156731
2024-08-20 13:33:12,39050.0,500,Buy,233156732
2024-08-20 13:33:12,39050.0,100,Buy,233156733
2024-08-20 13:33:12,39050.0,200,Buy,233156734
2024-08-20 13:33:13,39050.0,1000,Buy,233156778
2024-08-20 13:33:26,39050.0,500,Buy,233157634
2024-08-20 13:33:27,39050.0,1000,Buy,233157701
2024-08-20 13:33:38,39050.0,2300,Buy,233158455
2024-08-20 13:33:38,39050.0,1300,Buy,233158456
2024-08-20 13:33:40,39050.0,1800,Buy,233158605
2024-08-20 13:33:47,39050.0,900,Buy,233159149
2024-08-20 13:33:47,39050.0,100,Buy,233159150
2024-08-20 13:34:10,39050.0,100,Buy,233160455
2024-08-20 13:34:10,39050.0,100,Buy,233160456
2024-08-20 13:34:10,39050.0,500,Buy,233160454
2024-08-20 13:34:10,39050.0,1000,Buy,233160452
2024-08-20 13:34:10,39050.0,900,Buy,233160449
2024-08-20 13:34:10,39050.0,100,Buy,233160450
2024-08-20 13:34:10,39050.0,3000,Buy,233160453
2024-08-20 13:34:10,39050.0,300,Buy,233160451
2024-08-20 13:34:19,39050.0,300,Buy,233160948
2024-08-20 13:34:31,39000.0,1000,Sell,233161603
2024-08-20 13:34:31,39000.0,100,Sell,233161602
2024-08-20 13:34:49,39000.0,500,Sell,233162657
2024-08-20 13:34:49,39000.0,200,Sell,233162658
2024-08-20 13:34:54,39050.0,100,Buy,233162981
2024-08-20 13:34:54,39050.0,2000,Buy,233162983
2024-08-20 13:34:54,39050.0,1300,Buy,233162979
2024-08-20 13:34:54,39050.0,500,Buy,233162978
2024-08-20 13:34:54,39050.0,1000,Buy,233162980
2024-08-20 13:34:54,39050.0,1000,Buy,233162982
2024-08-20 13:35:01,39050.0,100,Sell,233163335
2024-08-20 13:35:01,39000.0,1000,Sell,233163336
2024-08-20 13:35:01,39000.0,1000,Sell,233163337
2024-08-20 13:35:01,39000.0,100,Sell,233163338
2024-08-20 13:35:01,39000.0,1000,Sell,233163339
2024-08-20 13:35:01,39000.0,1000,Sell,233163340
2024-08-20 13:35:01,39000.0,1100,Sell,233163341
2024-08-20 13:35:02,39000.0,1200,Buy,233163435
2024-08-20 13:35:05,39000.0,3000,Sell,233163612
2024-08-20 13:35:09,39050.0,200,Buy,233163832
2024-08-20 13:35:09,39000.0,600,Sell,233163831
2024-08-20 13:35:10,39050.0,1200,Sell,233163911
2024-08-20 13:35:12,39000.0,1500,Sell,233164280
2024-08-20 13:35:19,39050.0,100,Buy,233164965
2024-08-20 13:35:33,39000.0,3700,Sell,233165857
2024-08-20 13:35:33,39000.0,500,Sell,233165858
2024-08-20 13:35:34,39000.0,800,Buy,233165880
2024-08-20 13:35:34,39050.0,2000,Buy,233165881
2024-08-20 13:35:34,39050.0,1000,Buy,233165882
2024-08-20 13:35:35,39050.0,1400,Sell,233165923
2024-08-20 13:35:36,39050.0,700,Sell,233165984
2024-08-20 13:35:36,39050.0,1000,Sell,233165971
2024-08-20 13:35:38,39050.0,100,Sell,233166064
2024-08-20 13:35:39,39050.0,100,Sell,233166180
2024-08-20 13:35:41,39050.0,1000,Buy,233166298
2024-08-20 13:36:12,39050.0,1000,Buy,233168010
2024-08-20 13:36:27,39050.0,2000,Buy,233168812
2024-08-20 13:36:27,39000.0,600,Sell,233168823
2024-08-20 13:36:28,39050.0,900,Buy,233168852
2024-08-20 13:36:28,39050.0,100,Buy,233168853
2024-08-20 13:36:35,39050.0,600,Buy,233169201
2024-08-20 13:36:49,39000.0,600,Sell,233169963
2024-08-20 13:36:49,39000.0,100,Sell,233169985
2024-08-20 13:36:49,39000.0,400,Sell,233169962
2024-08-20 13:36:49,39000.0,400,Sell,233169984
2024-08-20 13:36:51,39000.0,1000,Sell,233170109
2024-08-20 13:36:51,39000.0,400,Sell,233170106
2024-08-20 13:36:51,39000.0,500,Sell,233170107
2024-08-20 13:36:51,39000.0,100,Sell,233170108
2024-08-20 13:37:19,38950.0,100,Sell,233171769
2024-08-20 13:37:27,38950.0,900,Sell,233172383
2024-08-20 13:37:27,38950.0,500,Sell,233172384
2024-08-20 13:37:31,38950.0,500,Sell,233172589
2024-08-20 13:37:33,38950.0,200,Sell,233172711
2024-08-20 13:37:35,38950.0,100,Sell,233172877
2024-08-20 13:37:37,38950.0,300,Buy,233172972
2024-08-20 13:37:38,38950.0,1500,Sell,233173011
2024-08-20 13:37:42,38950.0,1200,Sell,233173221
2024-08-20 13:38:01,38950.0,400,Buy,233174406
2024-08-20 13:38:29,38950.0,500,Buy,233176079
2024-08-20 13:38:41,38950.0,100,Buy,233176714
2024-08-20 13:38:51,38950.0,100,Sell,233177246
2024-08-20 13:39:01,38950.0,800,Sell,233177806
2024-08-20 13:39:01,38950.0,200,Sell,233177805
2024-08-20 13:39:07,38950.0,100,Sell,233178088
2024-08-20 13:39:12,38950.0,100,Sell,233178292
2024-08-20 13:39:25,38950.0,800,Sell,233178871
2024-08-20 13:39:25,38950.0,200,Sell,233178872
2024-08-20 13:39:25,38950.0,1000,Sell,233178873
2024-08-20 13:39:25,38950.0,500,Sell,233178874
2024-08-20 13:39:25,38950.0,300,Sell,233178875
2024-08-20 13:39:25,38950.0,400,Sell,233178876
2024-08-20 13:39:25,38950.0,200,Sell,233178877
2024-08-20 13:40:15,38900.0,200,Sell,233181221
2024-08-20 13:40:15,38900.0,1000,Sell,233181220
2024-08-20 13:40:15,38900.0,500,Sell,233181218
2024-08-20 13:40:15,38950.0,500,Buy,233181209
2024-08-20 13:40:15,38900.0,300,Sell,233181219
2024-08-20 13:40:15,38950.0,4600,Buy,233181210
2024-08-20 13:40:17,38950.0,100,Buy,233181280
2024-08-20 13:40:23,38900.0,200,Sell,233181625
2024-08-20 13:40:26,38900.0,100,Sell,233181742
2024-08-20 13:40:26,38900.0,100,Sell,233181743
2024-08-20 13:40:36,38900.0,100,Sell,233182232
2024-08-20 13:40:39,38900.0,300,Sell,233182378
2024-08-20 13:40:39,38900.0,400,Sell,233182379
2024-08-20 13:40:39,38900.0,1000,Sell,233182377
2024-08-20 13:40:39,38900.0,2000,Sell,233182380
2024-08-20 13:40:39,38900.0,7000,Sell,233182375
2024-08-20 13:40:39,38900.0,1800,Sell,233182372
2024-08-20 13:40:39,38900.0,500,Sell,233182376
2024-08-20 13:40:39,38900.0,500,Sell,233182374
2024-08-20 13:40:39,38900.0,100,Sell,233182373
2024-08-20 13:40:55,38850.0,200,Sell,233183156
2024-08-20 13:40:58,38850.0,800,Sell,233183256
2024-08-20 13:40:58,38900.0,1500,Buy,233183301
2024-08-20 13:40:58,38850.0,200,Sell,233183271
2024-08-20 13:40:58,38850.0,600,Sell,233183270
2024-08-20 13:40:58,38850.0,2400,Sell,233183262
2024-08-20 13:40:58,38850.0,200,Buy,233183300
2024-08-20 13:40:58,38850.0,1000,Sell,233183260
2024-08-20 13:40:58,38850.0,200,Sell,233183259
2024-08-20 13:40:58,38850.0,500,Sell,233183258
2024-08-20 13:40:58,38850.0,1000,Sell,233183257
2024-08-20 13:40:58,38850.0,100,Sell,233183261
2024-08-20 13:41:31,38850.0,1000,Buy,233184683
2024-08-20 13:41:31,38850.0,2000,Buy,233184684
2024-08-20 13:41:34,38800.0,200,Sell,233184792
2024-08-20 13:41:34,38800.0,200,Sell,233184793
2024-08-20 13:42:00,38800.0,500,Sell,233186226
2024-08-20 13:42:00,38800.0,300,Sell,233186225
2024-08-20 13:42:00,38800.0,1500,Sell,233186224
2024-08-20 13:42:00,38800.0,1000,Sell,233186221
2024-08-20 13:42:00,38800.0,200,Sell,233186223
2024-08-20 13:42:00,38800.0,100,Sell,233186222
2024-08-20 13:42:00,38800.0,100,Sell,233186219
2024-08-20 13:42:00,38800.0,2600,Sell,233186218
2024-08-20 13:42:00,38800.0,2000,Sell,233186217
2024-08-20 13:42:00,38800.0,1000,Sell,233186216
2024-08-20 13:42:00,38800.0,100,Sell,233186220
2024-08-20 13:42:06,38800.0,600,Buy,233186424
