time,price,volume,match_type,id
2024-08-23 09:14:36,39700.0,21700,ATO/ATC,234118851
2024-08-23 09:15:06,39600.0,500,Sell,234119585
2024-08-23 09:15:29,39500.0,800,Sell,234119965
2024-08-23 09:15:29,39500.0,500,Sell,234119972
2024-08-23 09:15:29,39600.0,1100,Sell,234119964
2024-08-23 09:15:29,39500.0,1900,Sell,234119966
2024-08-23 09:15:47,39500.0,8000,Sell,234120405
2024-08-23 09:16:18,39650.0,100,Buy,234121265
2024-08-23 09:16:20,39500.0,10000,Sell,234121323
2024-08-23 09:16:22,39500.0,1800,Sell,234121361
2024-08-23 09:16:22,39500.0,1000,Sell,234121362
2024-08-23 09:16:22,39500.0,1000,Sell,234121363
2024-08-23 09:16:22,39500.0,200,Sell,234121364
2024-08-23 09:16:22,39500.0,400,Sell,234121365
2024-08-23 09:16:22,39500.0,200,Sell,234121366
2024-08-23 09:16:22,39500.0,2000,Sell,234121367
2024-08-23 09:16:22,39500.0,200,Sell,234121368
2024-08-23 09:16:22,39500.0,1800,Sell,234121360
2024-08-23 09:16:51,39500.0,300,Sell,234122081
2024-08-23 09:16:51,39500.0,300,Sell,234122079
2024-08-23 09:16:51,39500.0,300,Sell,234122080
2024-08-23 09:16:54,39500.0,1000,Buy,234122104
2024-08-23 09:17:13,39500.0,100,Buy,234122518
2024-08-23 09:17:19,39500.0,100,Buy,234122739
2024-08-23 09:17:40,39500.0,500,Buy,234123373
2024-08-23 09:18:41,39300.0,100,Sell,234125074
2024-08-23 09:18:41,39300.0,100,Sell,234125109
2024-08-23 09:18:41,39300.0,600,Sell,234125076
2024-08-23 09:18:41,39300.0,100,Sell,234125075
2024-08-23 09:18:41,39300.0,200,Sell,234125073
2024-08-23 09:18:41,39300.0,100,Sell,234125070
2024-08-23 09:18:41,39300.0,500,Sell,234125071
2024-08-23 09:18:41,39300.0,200,Sell,234125069
2024-08-23 09:18:41,39300.0,200,Sell,234125068
2024-08-23 09:18:41,39300.0,200,Sell,234125067
2024-08-23 09:18:41,39300.0,200,Sell,234125072
2024-08-23 09:18:42,39300.0,300,Sell,234125115
2024-08-23 09:18:42,39250.0,100,Sell,234125116
2024-08-23 09:18:42,39250.0,100,Sell,234125117
2024-08-23 09:18:58,39250.0,100,Buy,234125529
2024-08-23 09:19:00,39250.0,300,Buy,234125592
2024-08-23 09:19:01,39200.0,1200,Sell,234125634
2024-08-23 09:19:01,39200.0,100,Sell,234125633
2024-08-23 09:19:01,39200.0,1200,Sell,234125632
2024-08-23 09:19:01,39250.0,200,Buy,234125609
2024-08-23 09:19:01,39200.0,1800,Sell,234125608
2024-08-23 09:19:01,39200.0,100,Sell,234125607
2024-08-23 09:19:01,39200.0,300,Sell,234125604
2024-08-23 09:19:01,39200.0,1000,Sell,234125605
2024-08-23 09:19:01,39200.0,100,Sell,234125606
2024-08-23 09:19:01,39200.0,1000,Sell,234125599
2024-08-23 09:19:01,39200.0,200,Sell,234125600
2024-08-23 09:19:01,39200.0,200,Sell,234125603
2024-08-23 09:19:01,39200.0,200,Sell,234125602
2024-08-23 09:19:01,39200.0,100,Sell,234125601
2024-08-23 09:19:08,39100.0,1000,Sell,234125823
2024-08-23 09:19:08,39100.0,1500,Sell,234125824
2024-08-23 09:19:11,39100.0,100,Sell,234125903
2024-08-23 09:19:12,39100.0,200,Sell,234125924
2024-08-23 09:19:20,39100.0,100,Sell,234126155
2024-08-23 09:19:20,39100.0,200,Sell,234126156
2024-08-23 09:19:20,39100.0,200,Sell,234126157
2024-08-23 09:19:20,39100.0,400,Sell,234126158
2024-08-23 09:19:30,39100.0,5000,Sell,234126405
2024-08-23 09:19:32,39100.0,2000,Sell,234126440
2024-08-23 09:19:36,39150.0,300,Buy,234126533
2024-08-23 09:19:39,39150.0,100,Buy,234126625
2024-08-23 09:19:39,39150.0,100,Buy,234126626
2024-08-23 09:19:40,39150.0,100,Buy,234126664
2024-08-23 09:19:45,39150.0,600,Buy,234126731
2024-08-23 09:19:47,39150.0,500,Buy,234126774
2024-08-23 09:19:49,39150.0,300,Buy,234126808
2024-08-23 09:19:49,39150.0,100,Buy,234126828
2024-08-23 09:19:54,39150.0,100,Buy,234126936
2024-08-23 09:19:57,39150.0,300,Buy,234127049
2024-08-23 09:19:57,39100.0,1600,Sell,234127061
2024-08-23 09:19:57,39100.0,100,Sell,234127062
2024-08-23 09:19:57,39100.0,200,Sell,234127063
2024-08-23 09:19:57,39100.0,2100,Sell,234127064
2024-08-23 09:20:03,39150.0,100,Buy,234127198
2024-08-23 09:20:03,39150.0,500,Buy,234127199
2024-08-23 09:20:06,39100.0,3000,Sell,234127272
2024-08-23 09:20:20,39150.0,200,Buy,234127612
2024-08-23 09:20:22,39150.0,200,Buy,234127641
2024-08-23 09:20:26,39150.0,100,Buy,234127745
2024-08-23 09:20:31,39150.0,200,Buy,234127837
2024-08-23 09:20:31,39150.0,300,Buy,234127847
2024-08-23 09:20:32,39150.0,2500,Buy,234127884
2024-08-23 09:20:32,39150.0,2000,Buy,234127885
2024-08-23 09:20:42,39150.0,100,Sell,234128124
2024-08-23 09:20:48,39200.0,3400,Buy,234128268
2024-08-23 09:20:50,39200.0,4100,Buy,234128290
2024-08-23 09:20:50,39200.0,400,Buy,234128291
2024-08-23 09:20:50,39200.0,300,Buy,234128292
2024-08-23 09:20:51,39250.0,400,Buy,234128337
2024-08-23 09:20:51,39350.0,600,Buy,234128338
2024-08-23 09:20:52,39200.0,100,Sell,234128356
2024-08-23 09:21:01,39200.0,400,Sell,234128621
2024-08-23 09:21:01,39200.0,900,Sell,234128620
2024-08-23 09:21:19,39200.0,1400,Sell,234129138
2024-08-23 09:21:19,39200.0,400,Sell,234129139
2024-08-23 09:21:19,39200.0,100,Sell,234129140
2024-08-23 09:21:19,39200.0,400,Sell,234129141
2024-08-23 09:21:19,39200.0,300,Sell,234129142
2024-08-23 09:21:19,39200.0,900,Sell,234129143
2024-08-23 09:21:53,39300.0,100,Sell,234130030
2024-08-23 09:21:53,39300.0,200,Sell,234130031
2024-08-23 09:21:57,39300.0,200,Buy,234130110
2024-08-23 09:21:58,39300.0,500,Buy,234130137
2024-08-23 09:22:01,39300.0,500,Buy,234130201
2024-08-23 09:22:23,39500.0,100,Buy,234130702
2024-08-23 09:22:35,39300.0,500,Sell,234131022
2024-08-23 09:22:35,39300.0,100,Sell,234131023
2024-08-23 09:22:35,39300.0,400,Sell,234131024
2024-08-23 09:22:55,39500.0,100,Buy,234131578
2024-08-23 09:23:13,39500.0,100,Buy,234132012
2024-08-23 09:23:14,39500.0,100,Buy,234132021
2024-08-23 09:23:22,39500.0,100,Buy,234132196
2024-08-23 09:23:26,39400.0,1000,Sell,234132270
2024-08-23 09:24:05,39500.0,200,Buy,234133312
2024-08-23 09:24:15,39500.0,200,Buy,234133582
2024-08-23 09:24:50,39400.0,100,Sell,234134320
2024-08-23 09:24:50,39400.0,100,Sell,234134319
2024-08-23 09:24:50,39400.0,100,Sell,234134318
2024-08-23 09:24:50,39400.0,100,Sell,234134316
2024-08-23 09:24:50,39400.0,100,Sell,234134315
2024-08-23 09:24:50,39400.0,200,Sell,234134317
2024-08-23 09:24:50,39400.0,100,Sell,234134314
2024-08-23 09:24:58,39400.0,1000,Buy,234134529
2024-08-23 09:25:04,39400.0,100,Buy,234134719
2024-08-23 09:25:10,39400.0,800,Buy,234134843
2024-08-23 09:25:15,39400.0,1000,Buy,234134966
2024-08-23 09:25:33,39400.0,1000,Buy,234135409
2024-08-23 09:25:34,39400.0,100,Buy,234135450
2024-08-23 09:25:45,39400.0,800,Buy,234135689
2024-08-23 09:25:45,39400.0,200,Buy,234135688
2024-08-23 09:26:01,39400.0,3000,Buy,234136227
2024-08-23 09:26:05,39400.0,100,Buy,234136338
2024-08-23 09:26:09,39400.0,900,Buy,234136451
2024-08-23 09:26:22,39400.0,300,Buy,234136775
2024-08-23 09:26:24,39400.0,500,Buy,234136845
2024-08-23 09:26:35,39400.0,1000,Buy,234137152
2024-08-23 09:26:38,39400.0,100,Buy,234137221
2024-08-23 09:26:38,39400.0,1000,Buy,234137213
2024-08-23 09:26:40,39400.0,1000,Buy,234137260
2024-08-23 09:26:43,39400.0,200,Buy,234137363
2024-08-23 09:26:45,39400.0,100,Buy,234137393
2024-08-23 09:26:47,39400.0,1000,Buy,234137456
2024-08-23 09:27:05,39450.0,100,Buy,234137995
2024-08-23 09:27:21,39450.0,100,Buy,234138453
2024-08-23 09:27:22,39450.0,100,Buy,234138490
2024-08-23 09:27:27,39450.0,700,Buy,234138618
2024-08-23 09:27:41,39500.0,100,Buy,234139073
2024-08-23 09:27:41,39500.0,800,Buy,234139074
2024-08-23 09:27:48,39500.0,200,Buy,234139304
2024-08-23 09:27:59,39500.0,1800,Buy,234139606
2024-08-23 09:28:00,39500.0,500,Buy,234139627
2024-08-23 09:28:08,39500.0,100,Buy,234139902
2024-08-23 09:28:16,39450.0,200,Sell,234140138
2024-08-23 09:28:26,39500.0,4000,Buy,234140373
2024-08-23 09:28:34,39500.0,100,Buy,234140650
2024-08-23 09:28:38,39500.0,1000,Buy,234140738
2024-08-23 09:28:43,39500.0,400,Buy,234140892
2024-08-23 09:28:43,39500.0,100,Buy,234140895
2024-08-23 09:28:57,39500.0,400,Buy,234141358
2024-08-23 09:28:57,39500.0,200,Buy,234141357
2024-08-23 09:28:57,39500.0,1000,Buy,234141354
2024-08-23 09:28:57,39500.0,400,Buy,234141355
2024-08-23 09:28:57,39500.0,500,Buy,234141356
2024-08-23 09:29:02,39500.0,100,Buy,234141541
2024-08-23 09:29:02,39500.0,100,Buy,234141540
2024-08-23 09:29:08,39500.0,200,Buy,234141739
2024-08-23 09:29:08,39500.0,100,Buy,234141740
2024-08-23 09:29:12,39500.0,200,Sell,234141867
2024-08-23 09:29:12,39500.0,300,Sell,234141868
2024-08-23 09:29:19,39550.0,100,Buy,234142011
2024-08-23 09:29:21,39500.0,1000,Sell,234142042
2024-08-23 09:29:32,39500.0,400,Sell,234142399
2024-08-23 09:29:55,39550.0,100,Buy,234143228
2024-08-23 09:30:02,39550.0,400,Buy,234143449
2024-08-23 09:30:30,39600.0,100,Buy,234144266
2024-08-23 09:30:36,39600.0,100,Buy,234144437
2024-08-23 09:30:36,39600.0,400,Buy,234144438
2024-08-23 09:30:49,39600.0,100,Buy,234144833
2024-08-23 09:30:49,39550.0,200,Sell,234144819
2024-08-23 09:31:01,39600.0,500,Buy,234145255
2024-08-23 09:31:04,39600.0,200,Buy,234145343
2024-08-23 09:31:05,39550.0,300,Sell,234145381
2024-08-23 09:31:09,39600.0,200,Buy,234145465
2024-08-23 09:31:11,39600.0,100,Buy,234145517
2024-08-23 09:31:26,39600.0,800,Buy,234145907
2024-08-23 09:31:28,39600.0,200,Buy,234145969
2024-08-23 09:31:56,39650.0,1000,Buy,234146781
2024-08-23 09:31:56,39650.0,2000,Buy,234146782
2024-08-23 09:31:56,39650.0,300,Buy,234146783
2024-08-23 09:32:00,39650.0,700,Buy,234146885
2024-08-23 09:32:00,39650.0,300,Buy,234146886
2024-08-23 09:32:02,39650.0,400,Buy,234146926
2024-08-23 09:32:02,39650.0,200,Buy,234146927
2024-08-23 09:32:02,39650.0,200,Buy,234146928
2024-08-23 09:32:15,39650.0,1100,Sell,234147276
2024-08-23 09:32:24,39650.0,200,Buy,234147531
2024-08-23 09:32:24,39650.0,400,Buy,234147530
2024-08-23 09:32:32,39650.0,900,Buy,234147720
2024-08-23 09:32:36,39700.0,10000,Buy,234147799
2024-08-23 09:33:26,39700.0,100,Buy,234148985
2024-08-23 09:33:26,39700.0,700,Buy,234148986
2024-08-23 09:33:38,39650.0,1600,Sell,234149307
2024-08-23 09:33:38,39650.0,100,Sell,234149308
2024-08-23 09:33:38,39650.0,2300,Sell,234149309
2024-08-23 09:33:48,39650.0,100,Sell,234149541
2024-08-23 09:33:57,39650.0,1000,Sell,234149715
2024-08-23 09:34:05,39650.0,1600,Sell,234149856
2024-08-23 09:34:05,39650.0,200,Sell,234149857
2024-08-23 09:34:05,39650.0,200,Sell,234149858
2024-08-23 09:34:20,39650.0,400,Buy,234150176
2024-08-23 09:34:23,39650.0,3000,Buy,234150236
2024-08-23 09:34:23,39650.0,2600,Buy,234150235
2024-08-23 09:34:32,39650.0,1400,Buy,234150477
2024-08-23 09:34:32,39650.0,1000,Buy,234150476
2024-08-23 09:34:59,39650.0,900,Sell,234151434
2024-08-23 09:36:04,39650.0,500,Sell,234152885
2024-08-23 09:36:14,39650.0,2700,Sell,234153285
2024-08-23 09:36:29,39650.0,3100,Sell,234153675
2024-08-23 09:36:36,39650.0,900,Sell,234153870
2024-08-23 09:36:54,39650.0,1000,Sell,234154301
2024-08-23 09:37:24,39650.0,1000,Sell,234155128
2024-08-23 09:37:49,39650.0,19200,Sell,234155717
2024-08-23 09:37:49,39650.0,600,Sell,234155716
2024-08-23 09:37:49,39650.0,500,Sell,234155713
2024-08-23 09:37:49,39650.0,1000,Sell,234155714
2024-08-23 09:37:49,39650.0,3600,Sell,234155712
2024-08-23 09:37:49,39650.0,100,Sell,234155715
2024-08-23 09:37:51,39650.0,800,Sell,234155796
2024-08-23 09:37:56,39650.0,100,Buy,234155862
2024-08-23 09:38:20,39600.0,300,Sell,234156448
2024-08-23 09:38:20,39600.0,200,Sell,234156449
2024-08-23 09:38:27,39600.0,9600,Sell,234156556
2024-08-23 09:38:27,39600.0,400,Sell,234156554
2024-08-23 09:38:27,39600.0,1000,Sell,234156555
2024-08-23 09:38:32,39600.0,400,Sell,234156676
2024-08-23 09:38:32,39600.0,100,Sell,234156677
2024-08-23 09:38:32,39600.0,100,Sell,234156678
2024-08-23 09:38:32,39600.0,400,Sell,234156679
2024-08-23 09:38:36,39600.0,100,Sell,234156782
2024-08-23 09:38:38,39600.0,1000,Buy,234156793
2024-08-23 09:39:20,39550.0,1900,Sell,234157644
2024-08-23 09:39:20,39550.0,1700,Sell,234157643
2024-08-23 09:39:20,39550.0,1400,Sell,234157642
2024-08-23 09:40:16,39550.0,300,Sell,234158571
2024-08-23 09:40:22,39550.0,200,Sell,234158691
2024-08-23 09:40:22,39550.0,100,Sell,234158692
2024-08-23 09:40:36,39500.0,500,Sell,234159041
2024-08-23 09:40:36,39500.0,300,Sell,234159040
2024-08-23 09:40:36,39500.0,100,Sell,234159039
2024-08-23 09:40:36,39500.0,1100,Sell,234159042
2024-08-23 09:40:36,39500.0,500,Sell,234159037
2024-08-23 09:40:36,39500.0,400,Sell,234159036
2024-08-23 09:40:36,39500.0,300,Sell,234159035
2024-08-23 09:40:36,39500.0,200,Sell,234159038
2024-08-23 09:40:54,39500.0,1900,Sell,234159325
2024-08-23 09:40:54,39500.0,3100,Sell,234159326
2024-08-23 09:41:07,39500.0,4000,Sell,234159796
2024-08-23 09:41:12,39500.0,3000,Sell,234159914
2024-08-23 09:41:19,39500.0,100,Sell,234160025
2024-08-23 09:41:36,39500.0,500,Sell,234160304
2024-08-23 09:42:57,39500.0,200,Sell,234161754
2024-08-23 09:43:12,39500.0,700,Sell,234162009
2024-08-23 09:43:17,39500.0,900,Sell,234162082
2024-08-23 09:43:17,39500.0,100,Sell,234162081
2024-08-23 09:43:17,39500.0,400,Sell,234162078
2024-08-23 09:43:17,39500.0,500,Sell,234162079
2024-08-23 09:43:17,39500.0,100,Sell,234162080
2024-08-23 09:43:40,39500.0,100,Sell,234162487
2024-08-23 09:43:40,39500.0,100,Sell,234162488
2024-08-23 09:43:41,39500.0,500,Sell,234162504
2024-08-23 09:43:41,39500.0,100,Sell,234162505
2024-08-23 09:43:58,39500.0,400,Buy,234162843
2024-08-23 09:44:27,39500.0,5400,Sell,234163358
2024-08-23 09:44:27,39550.0,700,Sell,234163356
2024-08-23 09:44:27,39500.0,1600,Sell,234163357
2024-08-23 09:45:01,39500.0,100,Buy,234163991
2024-08-23 09:45:14,39500.0,100,Buy,234164269
2024-08-23 09:45:31,39500.0,300,Buy,234164597
2024-08-23 09:45:35,39500.0,800,Buy,234164659
2024-08-23 09:45:36,39500.0,100,Buy,234164668
2024-08-23 09:45:42,39500.0,300,Buy,234164788
2024-08-23 09:46:06,39500.0,5000,Buy,234165133
2024-08-23 09:46:11,39500.0,1100,Buy,234165212
2024-08-23 09:46:14,39500.0,100,Buy,234165233
2024-08-23 09:46:31,39500.0,100,Buy,234165522
2024-08-23 09:46:31,39500.0,100,Buy,234165521
2024-08-23 09:46:38,39500.0,500,Buy,234165643
2024-08-23 09:46:46,39500.0,400,Buy,234165818
2024-08-23 09:46:51,39500.0,300,Buy,234165875
2024-08-23 09:46:59,39500.0,1300,Buy,234166030
2024-08-23 09:46:59,39500.0,100,Buy,234166031
2024-08-23 09:47:39,39500.0,100,Sell,234166722
2024-08-23 09:47:45,39500.0,100,Sell,234166854
2024-08-23 09:47:45,39500.0,200,Sell,234166852
2024-08-23 09:47:45,39500.0,3500,Sell,234166851
2024-08-23 09:47:45,39500.0,700,Sell,234166853
2024-08-23 09:48:02,39500.0,100,Buy,234167207
2024-08-23 09:48:20,39450.0,100,Sell,234167555
2024-08-23 09:48:20,39450.0,100,Sell,234167556
2024-08-23 09:48:22,39500.0,2400,Buy,234167566
2024-08-23 09:48:22,39500.0,600,Buy,234167567
2024-08-23 09:49:22,39500.0,100,Sell,234168583
2024-08-23 09:49:52,39500.0,100,Sell,234169131
2024-08-23 09:50:12,39550.0,200,Buy,234169469
2024-08-23 09:50:43,39550.0,2000,Sell,234170032
2024-08-23 09:52:25,39550.0,100,Sell,234171752
2024-08-23 09:52:32,39600.0,2000,Buy,234171899
2024-08-23 09:52:45,39600.0,200,Buy,234172071
2024-08-23 09:52:45,39600.0,500,Buy,234172072
2024-08-23 09:52:45,39600.0,500,Buy,234172073
2024-08-23 09:53:07,39600.0,100,Buy,234172430
2024-08-23 09:54:43,39600.0,700,Buy,234174263
2024-08-23 09:54:43,39600.0,200,Buy,234174262
2024-08-23 09:55:15,39600.0,100,Buy,234174988
2024-08-23 09:55:15,39600.0,800,Buy,234174986
2024-08-23 09:55:15,39600.0,100,Buy,234174987
2024-08-23 09:56:52,39600.0,100,Buy,234176649
2024-08-23 09:56:52,39600.0,100,Buy,234176648
2024-08-23 09:56:52,39600.0,2400,Buy,234176647
2024-08-23 09:56:52,39600.0,100,Buy,234176642
2024-08-23 09:56:52,39600.0,1800,Buy,234176645
2024-08-23 09:56:52,39600.0,100,Buy,234176644
2024-08-23 09:56:52,39600.0,2000,Buy,234176643
2024-08-23 09:56:52,39600.0,200,Buy,234176646
2024-08-23 09:58:18,39600.0,100,Sell,234178439
2024-08-23 09:58:24,39600.0,5000,Sell,234178539
2024-08-23 09:58:24,39600.0,700,Sell,234178540
2024-08-23 09:58:51,39650.0,6500,Buy,234179121
2024-08-23 09:58:59,39600.0,1100,Sell,234179290
2024-08-23 09:58:59,39600.0,800,Sell,234179287
2024-08-23 09:58:59,39600.0,100,Sell,234179288
2024-08-23 09:58:59,39600.0,1000,Sell,234179289
2024-08-23 09:59:11,39600.0,2000,Sell,234179489
2024-08-23 09:59:24,39600.0,100,Sell,234179917
2024-08-23 09:59:24,39600.0,1900,Sell,234179916
2024-08-23 09:59:24,39600.0,1900,Sell,234179970
2024-08-23 09:59:27,39600.0,100,Buy,234179998
2024-08-23 10:00:30,39550.0,2700,Sell,234181507
2024-08-23 10:00:30,39550.0,300,Sell,234181508
2024-08-23 10:01:08,39550.0,1600,Sell,234182350
2024-08-23 10:01:21,39550.0,3100,Sell,234182609
2024-08-23 10:01:21,39550.0,100,Sell,234182610
2024-08-23 10:01:21,39550.0,4800,Sell,234182619
2024-08-23 10:01:21,39550.0,300,Sell,234182612
2024-08-23 10:01:21,39550.0,3000,Sell,234182613
2024-08-23 10:01:21,39550.0,100,Sell,234182614
2024-08-23 10:01:21,39550.0,2000,Sell,234182615
2024-08-23 10:01:21,39550.0,200,Sell,234182616
2024-08-23 10:01:21,39550.0,3000,Sell,234182617
2024-08-23 10:01:21,39550.0,500,Sell,234182618
2024-08-23 10:01:21,39550.0,400,Sell,234182611
2024-08-23 10:01:44,39550.0,200,Buy,234183127
2024-08-23 10:01:45,39550.0,700,Buy,234183142
2024-08-23 10:03:54,39550.0,1600,Buy,234186826
2024-08-23 10:03:54,39550.0,100,Buy,234186827
2024-08-23 10:03:54,39550.0,1000,Buy,234186828
2024-08-23 10:04:01,39550.0,300,Sell,234187090
2024-08-23 10:04:22,39500.0,400,Sell,234187569
2024-08-23 10:04:22,39500.0,200,Sell,234187568
2024-08-23 10:04:22,39500.0,1000,Sell,234187567
2024-08-23 10:04:22,39500.0,200,Sell,234187566
2024-08-23 10:04:22,39500.0,100,Sell,234187565
2024-08-23 10:04:22,39500.0,100,Sell,234187563
2024-08-23 10:04:22,39500.0,100,Sell,234187562
2024-08-23 10:04:22,39500.0,1800,Sell,234187561
2024-08-23 10:04:22,39500.0,100,Sell,234187564
2024-08-23 10:04:30,39550.0,2000,Buy,234187728
2024-08-23 10:04:47,39500.0,900,Sell,234188112
2024-08-23 10:04:47,39500.0,1000,Sell,234188110
2024-08-23 10:04:47,39500.0,1000,Sell,234188111
2024-08-23 10:04:47,39500.0,500,Sell,234188108
2024-08-23 10:04:47,39500.0,600,Sell,234188107
2024-08-23 10:04:47,39500.0,1000,Sell,234188109
2024-08-23 10:04:53,39550.0,200,Buy,234188202
2024-08-23 10:05:38,39500.0,100,Sell,234189362
2024-08-23 10:05:47,39550.0,1400,Buy,234189504
2024-08-23 10:06:27,39500.0,2000,Sell,234190330
2024-08-23 10:06:27,39500.0,7900,Sell,234190331
2024-08-23 10:06:27,39500.0,100,Sell,234190332
2024-08-23 10:06:49,39500.0,500,Sell,234190791
2024-08-23 10:06:58,39500.0,1300,Sell,234191018
2024-08-23 10:07:18,39500.0,500,Sell,234191430
2024-08-23 10:07:18,39500.0,4000,Sell,234191431
2024-08-23 10:07:18,39500.0,800,Sell,234191432
2024-08-23 10:07:18,39500.0,1600,Sell,234191433
2024-08-23 10:07:18,39500.0,100,Sell,234191429
2024-08-23 10:07:21,39500.0,3400,Sell,234191509
2024-08-23 10:07:21,39500.0,200,Sell,234191510
2024-08-23 10:07:24,39500.0,100,Buy,234191547
2024-08-23 10:09:24,39500.0,700,Buy,234194197
2024-08-23 10:09:24,39500.0,1300,Buy,234194195
2024-08-23 10:09:24,39500.0,1000,Buy,234194196
2024-08-23 10:10:03,39450.0,100,Sell,234195013
2024-08-23 10:10:24,39450.0,700,Sell,234195554
2024-08-23 10:10:24,39450.0,1300,Sell,234195553
2024-08-23 10:10:31,39450.0,500,Sell,234195709
2024-08-23 10:10:31,39450.0,500,Sell,234195710
2024-08-23 10:10:31,39450.0,3000,Sell,234195711
2024-08-23 10:10:31,39450.0,400,Sell,234195712
2024-08-23 10:10:31,39450.0,1000,Sell,234195713
2024-08-23 10:10:31,39450.0,8200,Sell,234195714
2024-08-23 10:10:31,39450.0,100,Sell,234195716
2024-08-23 10:10:31,39450.0,100,Sell,234195717
2024-08-23 10:10:31,39450.0,300,Sell,234195708
2024-08-23 10:10:31,39450.0,300,Sell,234195715
2024-08-23 10:12:09,39450.0,100,Buy,234198204
2024-08-23 10:12:12,39450.0,100,Buy,234198282
2024-08-23 10:12:51,39400.0,100,Sell,234199540
2024-08-23 10:12:51,39400.0,100,Sell,234199541
2024-08-23 10:13:14,39450.0,100,Buy,234200079
2024-08-23 10:13:37,39450.0,100,Buy,234200597
2024-08-23 10:13:47,39450.0,100,Buy,234200899
2024-08-23 10:14:30,39450.0,100,Buy,234201785
2024-08-23 10:14:30,39450.0,600,Buy,234201783
2024-08-23 10:14:30,39450.0,300,Buy,234201784
2024-08-23 10:14:36,39450.0,500,Buy,234201898
2024-08-23 10:14:45,39400.0,200,Sell,234202125
2024-08-23 10:15:09,39450.0,900,Buy,234202629
2024-08-23 10:15:09,39450.0,100,Buy,234202630
2024-08-23 10:16:15,39450.0,200,Buy,234204254
2024-08-23 10:16:38,39400.0,200,Sell,234204784
2024-08-23 10:16:38,39400.0,4100,Sell,234204785
2024-08-23 10:16:38,39400.0,700,Sell,234204783
2024-08-23 10:16:39,39450.0,400,Buy,234204799
2024-08-23 10:16:48,39450.0,500,Buy,234204995
2024-08-23 10:16:55,39450.0,200,Buy,234205199
2024-08-23 10:17:12,39450.0,1900,Buy,234205544
2024-08-23 10:17:12,39450.0,100,Buy,234205543
2024-08-23 10:17:36,39450.0,100,Buy,234205929
2024-08-23 10:17:36,39450.0,900,Buy,234205930
2024-08-23 10:17:43,39450.0,100,Buy,234206027
2024-08-23 10:17:52,39450.0,200,Buy,234206167
2024-08-23 10:17:54,39450.0,700,Sell,234206189
2024-08-23 10:18:05,39450.0,100,Sell,234206369
2024-08-23 10:18:12,39450.0,100,Buy,234206534
2024-08-23 10:18:16,39450.0,100,Buy,234206612
2024-08-23 10:18:27,39450.0,800,Buy,234206766
2024-08-23 10:18:27,39450.0,1000,Buy,234206767
2024-08-23 10:18:32,39450.0,100,Buy,234206855
2024-08-23 10:18:40,39450.0,1000,Buy,234207014
2024-08-23 10:18:57,39450.0,2900,Buy,234207328
2024-08-23 10:18:57,39450.0,2100,Buy,234207329
2024-08-23 10:19:00,39450.0,500,Buy,234207398
2024-08-23 10:19:04,39400.0,2000,Sell,234207463
2024-08-23 10:19:18,39450.0,100,Buy,234207711
2024-08-23 10:19:27,39450.0,1700,Buy,234207923
2024-08-23 10:19:27,39450.0,300,Buy,234207922
2024-08-23 10:19:33,39450.0,300,Buy,234208037
2024-08-23 10:19:33,39450.0,200,Buy,234208038
2024-08-23 10:19:42,39450.0,100,Buy,234208181
2024-08-23 10:20:29,39450.0,100,Sell,234208908
2024-08-23 10:20:29,39450.0,200,Sell,234208909
2024-08-23 10:20:47,39400.0,2000,Sell,234209282
2024-08-23 10:21:15,39400.0,2000,Sell,234209964
2024-08-23 10:21:15,39400.0,1000,Sell,234209966
2024-08-23 10:21:15,39400.0,200,Sell,234209967
2024-08-23 10:21:15,39400.0,200,Sell,234209968
2024-08-23 10:21:15,39400.0,200,Sell,234209969
2024-08-23 10:21:15,39400.0,100,Sell,234209971
2024-08-23 10:21:15,39400.0,500,Sell,234209972
2024-08-23 10:21:15,39400.0,100,Sell,234209973
2024-08-23 10:21:15,39400.0,400,Sell,234209974
2024-08-23 10:21:15,39400.0,600,Sell,234209963
2024-08-23 10:21:15,39400.0,100,Sell,234209970
2024-08-23 10:21:15,39400.0,200,Sell,234209962
2024-08-23 10:21:15,39400.0,500,Sell,234209965
2024-08-23 10:21:15,39400.0,5000,Sell,234209960
2024-08-23 10:21:15,39450.0,800,Buy,234209923
2024-08-23 10:21:15,39450.0,3500,Buy,234209924
2024-08-23 10:21:15,39400.0,500,Sell,234209952
2024-08-23 10:21:15,39400.0,300,Sell,234209953
2024-08-23 10:21:15,39400.0,100,Sell,234209954
2024-08-23 10:21:15,39400.0,1900,Sell,234209951
2024-08-23 10:21:15,39400.0,1000,Sell,234209956
2024-08-23 10:21:15,39400.0,100,Sell,234209957
2024-08-23 10:21:15,39450.0,700,Buy,234209922
2024-08-23 10:21:15,39400.0,1000,Sell,234209958
2024-08-23 10:21:15,39400.0,1000,Sell,234209959
2024-08-23 10:21:15,39400.0,300,Sell,234209955
2024-08-23 10:21:15,39400.0,100,Sell,234209961
2024-08-23 10:21:26,39400.0,1800,Buy,234210166
2024-08-23 10:21:44,39450.0,100,Buy,234210580
2024-08-23 10:22:33,39450.0,300,Buy,234211554
2024-08-23 10:22:45,39450.0,400,Buy,234211785
2024-08-23 10:22:45,39450.0,200,Buy,234211786
2024-08-23 10:23:10,39450.0,100,Buy,234212187
2024-08-23 10:23:10,39450.0,100,Buy,234212186
2024-08-23 10:23:27,39450.0,100,Buy,234212437
2024-08-23 10:23:27,39450.0,300,Buy,234212436
2024-08-23 10:23:40,39450.0,100,Sell,234212681
2024-08-23 10:23:40,39450.0,200,Buy,234212686
2024-08-23 10:25:04,39450.0,300,Sell,234214059
2024-08-23 10:25:04,39450.0,500,Sell,234214060
2024-08-23 10:25:37,39450.0,200,Buy,234214621
2024-08-23 10:27:45,39450.0,600,Buy,234218277
2024-08-23 10:27:46,39450.0,100,Buy,234218298
2024-08-23 10:28:30,39450.0,300,Buy,234219321
2024-08-23 10:28:30,39450.0,100,Buy,234219322
2024-08-23 10:28:30,39450.0,200,Buy,234219323
2024-08-23 10:28:59,39450.0,300,Buy,234219874
2024-08-23 10:28:59,39450.0,200,Buy,234219875
2024-08-23 10:29:02,39450.0,1000,Buy,234219928
2024-08-23 10:29:18,39450.0,200,Buy,234220230
2024-08-23 10:29:58,39450.0,400,Sell,234221006
2024-08-23 10:30:35,39450.0,100,Sell,234221752
2024-08-23 10:30:45,39450.0,100,Sell,234221918
2024-08-23 10:31:24,39450.0,200,Sell,234222729
2024-08-23 10:31:24,39450.0,2000,Sell,234222730
2024-08-23 10:32:23,39450.0,200,Sell,234223776
2024-08-23 10:32:23,39450.0,600,Sell,234223775
2024-08-23 10:32:23,39450.0,1000,Sell,234223772
2024-08-23 10:32:23,39450.0,100,Sell,234223773
2024-08-23 10:32:23,39450.0,100,Sell,234223774
2024-08-23 10:33:37,39450.0,300,Sell,234224956
2024-08-23 10:33:47,39450.0,200,Sell,234225074
2024-08-23 10:34:33,39500.0,1000,Buy,234225743
2024-08-23 10:34:33,39500.0,4000,Buy,234225744
2024-08-23 10:37:15,39450.0,300,Sell,234228287
2024-08-23 10:37:15,39450.0,200,Sell,234228288
2024-08-23 10:37:15,39450.0,200,Sell,234228289
2024-08-23 10:37:15,39450.0,300,Sell,234228290
2024-08-23 10:37:19,39450.0,300,Sell,234228333
2024-08-23 10:37:19,39500.0,500,Buy,234228324
2024-08-23 10:37:19,39450.0,700,Sell,234228332
2024-08-23 10:37:22,39450.0,200,Sell,234228405
2024-08-23 10:38:28,39450.0,100,Sell,234229352
2024-08-23 10:38:35,39500.0,500,Buy,234229460
2024-08-23 10:39:31,39450.0,1400,Sell,234230210
2024-08-23 10:39:31,39450.0,600,Sell,234230211
2024-08-23 10:39:39,39450.0,200,Sell,234230306
2024-08-23 10:39:39,39450.0,200,Sell,234230305
2024-08-23 10:39:39,39450.0,100,Sell,234230303
2024-08-23 10:39:39,39450.0,400,Sell,234230302
2024-08-23 10:39:39,39450.0,100,Sell,234230304
2024-08-23 10:40:06,39450.0,800,Sell,234230663
2024-08-23 10:40:07,39450.0,200,Sell,234230669
2024-08-23 10:40:47,39450.0,500,Sell,234231361
2024-08-23 10:42:29,39450.0,200,Buy,234232687
2024-08-23 10:42:58,39450.0,1000,Buy,234233071
2024-08-23 10:44:08,39450.0,100,Buy,234234019
2024-08-23 10:44:21,39450.0,1000,Buy,234234205
2024-08-23 10:44:36,39450.0,400,Buy,234234375
2024-08-23 10:44:36,39450.0,1100,Buy,234234372
2024-08-23 10:44:36,39450.0,200,Buy,234234373
2024-08-23 10:44:36,39450.0,300,Buy,234234374
2024-08-23 10:45:30,39450.0,500,Buy,234235053
2024-08-23 10:45:38,39400.0,600,Sell,234235195
2024-08-23 10:45:38,39400.0,3000,Sell,234235194
2024-08-23 10:45:38,39400.0,500,Sell,234235193
2024-08-23 10:45:38,39400.0,500,Sell,234235189
2024-08-23 10:45:38,39400.0,100,Sell,234235191
2024-08-23 10:45:38,39400.0,300,Sell,234235188
2024-08-23 10:45:38,39400.0,100,Sell,234235192
2024-08-23 10:45:38,39400.0,100,Sell,234235190
2024-08-23 10:45:40,39400.0,700,Sell,234235227
2024-08-23 10:45:40,39400.0,200,Sell,234235228
2024-08-23 10:45:40,39400.0,800,Sell,234235229
2024-08-23 10:45:40,39400.0,200,Sell,234235230
2024-08-23 10:45:40,39400.0,400,Sell,234235231
2024-08-23 10:45:40,39400.0,500,Sell,234235232
2024-08-23 10:45:40,39400.0,100,Sell,234235233
2024-08-23 10:45:40,39400.0,1000,Sell,234235234
2024-08-23 10:45:40,39400.0,1000,Sell,234235235
2024-08-23 10:45:40,39400.0,500,Sell,234235236
2024-08-23 10:45:40,39400.0,200,Sell,234235237
2024-08-23 10:45:40,39400.0,100,Sell,234235238
2024-08-23 10:45:40,39400.0,500,Sell,234235239
2024-08-23 10:46:07,39400.0,200,Buy,234235580
2024-08-23 10:46:07,39400.0,500,Buy,234235581
2024-08-23 10:46:18,39400.0,100,Sell,234235732
2024-08-23 10:47:17,39400.0,200,Buy,234236975
2024-08-23 10:47:38,39350.0,4400,Sell,234237206
2024-08-23 10:47:38,39350.0,1000,Sell,234237213
2024-08-23 10:47:38,39350.0,100,Sell,234237205
2024-08-23 10:47:38,39350.0,200,Sell,234237204
2024-08-23 10:47:38,39350.0,900,Sell,234237198
2024-08-23 10:47:38,39350.0,100,Sell,234237202
2024-08-23 10:47:38,39350.0,100,Sell,234237201
2024-08-23 10:47:38,39350.0,500,Sell,234237200
2024-08-23 10:47:38,39350.0,1000,Sell,234237199
2024-08-23 10:47:38,39350.0,200,Sell,234237203
2024-08-23 10:48:25,39350.0,200,Sell,234237967
2024-08-23 10:49:03,39350.0,3000,Sell,234238425
2024-08-23 10:49:25,39350.0,1000,Sell,234238712
2024-08-23 10:49:44,39400.0,200,Buy,234238999
2024-08-23 10:49:58,39350.0,4000,Sell,234239147
2024-08-23 10:49:59,39350.0,600,Sell,234239154
2024-08-23 10:50:53,39350.0,1400,Sell,234239819
2024-08-23 10:50:53,39350.0,100,Sell,234239818
2024-08-23 10:50:53,39350.0,800,Sell,234239816
2024-08-23 10:50:53,39350.0,200,Sell,234239817
2024-08-23 10:51:10,39350.0,600,Sell,234240002
2024-08-23 10:51:10,39350.0,1000,Sell,234240003
2024-08-23 10:51:10,39350.0,1000,Sell,234240004
2024-08-23 10:51:10,39350.0,500,Sell,234240005
2024-08-23 10:51:10,39350.0,200,Sell,234240006
2024-08-23 10:51:10,39350.0,100,Sell,234240007
2024-08-23 10:51:10,39350.0,1600,Sell,234240001
2024-08-23 10:51:16,39350.0,100,Sell,234240093
2024-08-23 10:51:16,39350.0,400,Sell,234240092
2024-08-23 10:52:43,39350.0,100,Sell,234241317
2024-08-23 10:52:43,39350.0,100,Sell,234241318
2024-08-23 10:52:43,39350.0,100,Sell,234241319
2024-08-23 10:52:43,39350.0,100,Sell,234241316
2024-08-23 10:52:58,39350.0,900,Sell,234241453
2024-08-23 10:52:58,39350.0,300,Sell,234241454
2024-08-23 10:53:06,39350.0,200,Sell,234241554
2024-08-23 10:53:21,39350.0,200,Sell,234241716
2024-08-23 10:53:40,39350.0,100,Sell,234241911
2024-08-23 10:54:00,39350.0,100,Sell,234242163
2024-08-23 10:54:00,39350.0,200,Sell,234242164
2024-08-23 10:54:00,39350.0,100,Sell,234242165
2024-08-23 10:54:00,39350.0,200,Sell,234242166
2024-08-23 10:54:00,39350.0,300,Sell,234242167
2024-08-23 10:54:00,39350.0,900,Sell,234242162
2024-08-23 10:54:17,39350.0,500,Buy,234242321
2024-08-23 10:55:03,39350.0,2400,Sell,234242896
2024-08-23 10:55:03,39350.0,500,Sell,234242894
2024-08-23 10:55:03,39350.0,100,Sell,234242895
2024-08-23 10:55:11,39350.0,500,Sell,234243045
2024-08-23 10:56:37,39350.0,100,Sell,234244130
2024-08-23 10:56:37,39350.0,200,Sell,234244131
2024-08-23 10:56:41,39350.0,100,Sell,234244158
2024-08-23 10:58:55,39350.0,100,Sell,234246068
2024-08-23 10:58:55,39350.0,100,Sell,234246067
2024-08-23 10:58:55,39350.0,3000,Sell,234246066
2024-08-23 10:58:55,39350.0,1000,Sell,234246065
2024-08-23 10:58:55,39350.0,100,Sell,234246062
2024-08-23 10:58:55,39350.0,500,Sell,234246063
2024-08-23 10:58:55,39350.0,300,Sell,234246064
2024-08-23 10:58:55,39350.0,100,Sell,234246061
2024-08-23 10:58:55,39350.0,300,Sell,234246060
2024-08-23 10:59:59,39350.0,100,Sell,234246824
2024-08-23 10:59:59,39350.0,200,Sell,234246823
2024-08-23 10:59:59,39350.0,100,Sell,234246822
2024-08-23 10:59:59,39350.0,200,Sell,234246818
2024-08-23 10:59:59,39350.0,100,Sell,234246820
2024-08-23 10:59:59,39350.0,100,Sell,234246821
2024-08-23 10:59:59,39350.0,200,Sell,234246819
2024-08-23 11:00:18,39350.0,900,Sell,234247042
2024-08-23 11:00:18,39350.0,1100,Sell,234247043
2024-08-23 11:00:52,39350.0,1900,Sell,234247694
2024-08-23 11:00:52,39350.0,100,Sell,234247695
2024-08-23 11:01:01,39350.0,900,Sell,234247864
2024-08-23 11:01:01,39350.0,100,Sell,234247865
2024-08-23 11:01:01,39350.0,500,Sell,234247866
2024-08-23 11:01:01,39350.0,700,Sell,234247867
2024-08-23 11:01:45,39350.0,300,Buy,234248338
2024-08-23 11:01:45,39350.0,3800,Buy,234248339
2024-08-23 11:01:45,39350.0,900,Buy,234248340
2024-08-23 11:01:58,39350.0,100,Buy,234248511
2024-08-23 11:02:12,39350.0,200,Buy,234248675
2024-08-23 11:02:12,39350.0,100,Buy,234248676
2024-08-23 11:02:19,39350.0,900,Buy,234248757
2024-08-23 11:02:52,39300.0,200,Sell,234249113
2024-08-23 11:04:18,39300.0,100,Sell,234250412
2024-08-23 11:04:32,39300.0,4000,Sell,234250712
2024-08-23 11:04:32,39300.0,500,Sell,234250714
2024-08-23 11:04:32,39300.0,200,Sell,234250715
2024-08-23 11:04:32,39300.0,500,Sell,234250716
2024-08-23 11:04:32,39300.0,200,Sell,234250717
2024-08-23 11:04:32,39300.0,100,Sell,234250718
2024-08-23 11:04:32,39300.0,3000,Sell,234250719
2024-08-23 11:04:32,39300.0,500,Sell,234250720
2024-08-23 11:04:32,39300.0,6700,Sell,234250721
2024-08-23 11:04:35,39300.0,100,Sell,234250764
2024-08-23 11:04:59,39300.0,100,Sell,234251014
2024-08-23 11:05:08,39300.0,2800,Sell,234251128
2024-08-23 11:05:08,39300.0,100,Sell,234251125
2024-08-23 11:05:08,39300.0,500,Sell,234251127
2024-08-23 11:05:08,39300.0,100,Sell,234251126
2024-08-23 11:05:08,39300.0,200,Sell,234251123
2024-08-23 11:05:08,39300.0,6200,Sell,234251122
2024-08-23 11:05:08,39300.0,100,Sell,234251124
2024-08-23 11:05:13,39300.0,200,Sell,234251169
2024-08-23 11:05:13,39300.0,200,Sell,234251170
2024-08-23 11:05:13,39300.0,200,Sell,234251171
2024-08-23 11:05:13,39300.0,200,Sell,234251172
2024-08-23 11:05:18,39300.0,200,Sell,234251239
2024-08-23 11:06:22,39300.0,600,Sell,234252169
2024-08-23 11:06:22,39300.0,400,Sell,234252170
2024-08-23 11:06:24,39300.0,100,Sell,234252203
2024-08-23 11:07:04,39300.0,1500,Sell,234252996
2024-08-23 11:07:04,39300.0,300,Sell,234252995
2024-08-23 11:07:04,39300.0,200,Sell,234252993
2024-08-23 11:07:04,39300.0,100,Sell,234252994
2024-08-23 11:07:04,39300.0,100,Sell,234252991
2024-08-23 11:07:04,39300.0,500,Sell,234252990
2024-08-23 11:07:04,39300.0,200,Sell,234252989
2024-08-23 11:07:04,39300.0,1000,Sell,234252988
2024-08-23 11:07:04,39300.0,800,Sell,234252992
2024-08-23 11:08:40,39300.0,200,Buy,234254976
2024-08-23 11:09:22,39250.0,1000,Sell,234255752
2024-08-23 11:09:22,39250.0,200,Sell,234255753
2024-08-23 11:09:22,39250.0,2000,Sell,234255754
2024-08-23 11:09:22,39250.0,800,Sell,234255755
2024-08-23 11:10:29,39250.0,100,Sell,234256980
2024-08-23 11:10:29,39250.0,100,Sell,234256960
2024-08-23 11:10:29,39250.0,100,Sell,234256979
2024-08-23 11:11:10,39250.0,100,Sell,234257616
2024-08-23 11:11:10,39250.0,100,Sell,234257617
2024-08-23 11:11:18,39250.0,200,Sell,234257771
2024-08-23 11:11:18,39250.0,300,Sell,234257772
2024-08-23 11:11:30,39250.0,100,Sell,234257978
2024-08-23 11:12:12,39250.0,5000,Sell,234258671
2024-08-23 11:12:36,39250.0,100,Sell,234259070
2024-08-23 11:13:01,39250.0,1000,Sell,234259678
2024-08-23 11:13:07,39250.0,7500,Sell,234259762
2024-08-23 11:13:07,39250.0,1700,Sell,234259773
2024-08-23 11:13:07,39250.0,500,Sell,234259772
2024-08-23 11:13:07,39250.0,100,Sell,234259771
2024-08-23 11:13:07,39250.0,100,Sell,234259770
2024-08-23 11:13:07,39250.0,200,Sell,234259769
2024-08-23 11:13:07,39250.0,500,Sell,234259763
2024-08-23 11:13:07,39250.0,400,Sell,234259767
2024-08-23 11:13:07,39250.0,200,Sell,234259764
2024-08-23 11:13:07,39250.0,100,Sell,234259768
2024-08-23 11:13:07,39250.0,200,Sell,234259766
2024-08-23 11:13:07,39250.0,200,Sell,234259765
2024-08-23 11:13:12,39250.0,3000,Sell,234259872
2024-08-23 11:13:17,39250.0,100,Sell,234259914
2024-08-23 11:13:17,39250.0,100,Sell,234259915
2024-08-23 11:13:19,39250.0,1500,Sell,234259963
2024-08-23 11:13:25,39250.0,100,Sell,234260114
2024-08-23 11:13:26,39250.0,800,Sell,234260146
2024-08-23 11:13:26,39250.0,600,Sell,234260147
2024-08-23 11:13:29,39250.0,100,Sell,234260207
2024-08-23 11:13:29,39250.0,300,Sell,234260205
2024-08-23 11:13:29,39250.0,500,Sell,234260206
2024-08-23 11:13:29,39250.0,500,Sell,234260203
2024-08-23 11:13:29,39250.0,400,Sell,234260202
2024-08-23 11:13:29,39250.0,500,Sell,234260204
2024-08-23 11:13:52,39250.0,2700,Buy,234260694
2024-08-23 11:14:09,39250.0,300,Sell,234261062
2024-08-23 11:14:17,39250.0,100,Sell,234261230
2024-08-23 11:14:17,39250.0,2000,Sell,234261231
2024-08-23 11:14:17,39250.0,100,Sell,234261232
2024-08-23 11:14:35,39250.0,500,Buy,234261669
2024-08-23 11:14:41,39250.0,200,Buy,234261754
2024-08-23 11:14:49,39250.0,500,Buy,234261957
2024-08-23 11:15:13,39250.0,500,Sell,234262556
2024-08-23 11:15:13,39250.0,1000,Sell,234262557
2024-08-23 11:15:28,39200.0,200,Sell,234262893
2024-08-23 11:15:28,39200.0,100,Sell,234262892
2024-08-23 11:15:36,39250.0,400,Buy,234263080
2024-08-23 11:16:06,39250.0,600,Sell,234263845
2024-08-23 11:16:28,39200.0,400,Sell,234264714
2024-08-23 11:16:28,39200.0,300,Sell,234264713
2024-08-23 11:16:28,39200.0,300,Sell,234264712
2024-08-23 11:16:43,39200.0,200,Sell,234264995
2024-08-23 11:16:51,39250.0,2000,Buy,234265206
2024-08-23 11:16:59,39200.0,400,Sell,234265445
2024-08-23 11:16:59,39200.0,500,Sell,234265446
2024-08-23 11:16:59,39200.0,100,Sell,234265447
2024-08-23 11:17:07,39250.0,500,Buy,234265602
2024-08-23 11:17:21,39250.0,300,Buy,234265900
2024-08-23 11:17:22,39250.0,100,Buy,234265907
2024-08-23 11:17:43,39250.0,100,Buy,234266359
2024-08-23 11:17:43,39250.0,1500,Buy,234266360
2024-08-23 11:17:59,39250.0,400,Buy,234266711
2024-08-23 11:17:59,39250.0,500,Buy,234266709
2024-08-23 11:17:59,39250.0,100,Buy,234266710
2024-08-23 11:18:03,39250.0,900,Buy,234266797
2024-08-23 11:18:04,39250.0,200,Sell,234266909
2024-08-23 11:18:12,39250.0,100,Sell,234267020
2024-08-23 11:19:29,39250.0,100,Sell,234268591
2024-08-23 11:20:06,39250.0,100,Sell,234269287
2024-08-23 11:20:34,39250.0,600,Sell,234269880
2024-08-23 11:20:34,39250.0,100,Sell,234269879
2024-08-23 11:20:34,39250.0,3000,Sell,234269878
2024-08-23 11:20:34,39250.0,2000,Sell,234269877
2024-08-23 11:20:34,39250.0,500,Sell,234269875
2024-08-23 11:20:34,39250.0,800,Sell,234269874
2024-08-23 11:20:34,39250.0,100,Sell,234269876
2024-08-23 11:20:43,39250.0,300,Buy,234270089
2024-08-23 11:20:52,39250.0,5000,Buy,234270294
2024-08-23 11:21:03,39250.0,1500,Buy,234270517
2024-08-23 11:21:08,39200.0,100,Sell,234270620
2024-08-23 11:21:08,39200.0,300,Sell,234270621
2024-08-23 11:22:11,39200.0,100,Sell,234272368
2024-08-23 11:22:13,39250.0,500,Buy,234272384
2024-08-23 11:22:45,39200.0,100,Sell,234273158
2024-08-23 11:22:45,39200.0,100,Sell,234273159
2024-08-23 11:22:59,39200.0,100,Sell,234273562
2024-08-23 11:22:59,39200.0,3600,Sell,234273583
2024-08-23 11:22:59,39200.0,700,Sell,234273582
2024-08-23 11:22:59,39200.0,1000,Sell,234273581
2024-08-23 11:22:59,39200.0,1000,Sell,234273580
2024-08-23 11:22:59,39200.0,500,Sell,234273579
2024-08-23 11:22:59,39200.0,300,Sell,234273578
2024-08-23 11:22:59,39200.0,200,Sell,234273576
2024-08-23 11:22:59,39200.0,200,Sell,234273575
2024-08-23 11:22:59,39200.0,500,Sell,234273574
2024-08-23 11:22:59,39200.0,500,Sell,234273577
2024-08-23 11:22:59,39200.0,200,Sell,234273572
2024-08-23 11:22:59,39200.0,100,Sell,234273573
2024-08-23 11:22:59,39200.0,300,Sell,234273564
2024-08-23 11:22:59,39200.0,300,Sell,234273565
2024-08-23 11:22:59,39200.0,500,Sell,234273566
2024-08-23 11:22:59,39200.0,500,Sell,234273563
2024-08-23 11:22:59,39200.0,10000,Sell,234273568
2024-08-23 11:22:59,39200.0,1000,Sell,234273569
2024-08-23 11:22:59,39200.0,1000,Sell,234273570
2024-08-23 11:22:59,39200.0,500,Sell,234273571
2024-08-23 11:22:59,39200.0,5000,Sell,234273567
2024-08-23 11:23:03,39200.0,4400,Sell,234273723
2024-08-23 11:23:03,39200.0,200,Sell,234273724
2024-08-23 11:23:03,39200.0,300,Sell,234273725
2024-08-23 11:23:03,39200.0,200,Sell,234273726
2024-08-23 11:23:03,39200.0,100,Sell,234273727
2024-08-23 11:23:03,39200.0,2000,Sell,234273728
2024-08-23 11:23:09,39200.0,200,Sell,234273822
2024-08-23 11:23:09,39200.0,300,Sell,234273819
2024-08-23 11:23:09,39200.0,300,Sell,234273821
2024-08-23 11:23:09,39200.0,600,Sell,234273817
2024-08-23 11:23:09,39200.0,100,Sell,234273818
2024-08-23 11:23:09,39200.0,5000,Sell,234273815
2024-08-23 11:23:09,39200.0,3200,Sell,234273820
2024-08-23 11:23:09,39200.0,600,Sell,234273816
2024-08-23 11:23:17,39200.0,500,Buy,234273961
2024-08-23 11:23:20,39200.0,5000,Buy,234274036
2024-08-23 11:23:24,39100.0,700,Sell,234274246
2024-08-23 11:23:24,39100.0,200,Sell,234274244
2024-08-23 11:23:24,39150.0,100,Sell,234274242
2024-08-23 11:23:24,39150.0,200,Sell,234274241
2024-08-23 11:23:24,39150.0,1000,Sell,234274240
2024-08-23 11:23:24,39150.0,500,Sell,234274239
2024-08-23 11:23:24,39100.0,200,Sell,234274245
2024-08-23 11:23:24,39150.0,500,Sell,234274237
2024-08-23 11:23:24,39150.0,200,Sell,234274238
2024-08-23 11:23:24,39150.0,1000,Sell,234274231
2024-08-23 11:23:24,39150.0,100,Sell,234274232
2024-08-23 11:23:24,39150.0,2000,Sell,234274233
2024-08-23 11:23:24,39150.0,1000,Sell,234274243
2024-08-23 11:23:24,39150.0,1000,Sell,234274234
2024-08-23 11:23:24,39150.0,1000,Sell,234274235
2024-08-23 11:23:24,39150.0,300,Sell,234274236
2024-08-23 11:23:31,39200.0,1000,Buy,234274522
2024-08-23 11:23:58,39150.0,100,Sell,234275201
2024-08-23 11:24:41,39150.0,100,Buy,234276122
2024-08-23 11:24:41,39150.0,300,Sell,234276118
2024-08-23 11:24:41,39150.0,100,Sell,234276117
2024-08-23 11:24:41,39150.0,900,Sell,234276119
2024-08-23 11:24:58,39150.0,100,Sell,234276529
2024-08-23 11:25:08,39150.0,100,Sell,234276710
2024-08-23 11:25:08,39150.0,100,Sell,234276711
2024-08-23 11:25:08,39150.0,100,Sell,234276712
2024-08-23 11:25:08,39150.0,100,Sell,234276713
2024-08-23 11:25:08,39150.0,100,Sell,234276714
2024-08-23 11:25:13,39150.0,200,Buy,234276780
2024-08-23 11:25:25,39200.0,100,Buy,234277082
2024-08-23 11:25:25,39200.0,200,Buy,234277081
2024-08-23 11:25:27,39200.0,300,Buy,234277122
2024-08-23 11:25:27,39200.0,200,Buy,234277121
2024-08-23 11:25:30,39200.0,200,Buy,234277163
2024-08-23 11:25:30,39200.0,2000,Buy,234277164
2024-08-23 11:26:01,39200.0,2000,Sell,234277787
2024-08-23 11:26:08,39200.0,800,Sell,234277900
2024-08-23 11:26:08,39200.0,200,Sell,234277901
2024-08-23 11:26:39,39200.0,300,Buy,234278784
2024-08-23 11:26:44,39200.0,100,Buy,234278923
2024-08-23 11:26:56,39150.0,500,Sell,234279389
2024-08-23 11:26:56,39150.0,200,Sell,234279388
2024-08-23 11:26:56,39150.0,100,Sell,234279387
2024-08-23 11:26:57,39200.0,500,Buy,234279408
2024-08-23 11:26:57,39200.0,100,Buy,234279409
2024-08-23 11:27:09,39150.0,400,Sell,234279691
2024-08-23 11:27:12,39150.0,400,Sell,234279731
2024-08-23 11:27:12,39150.0,100,Sell,234279730
2024-08-23 11:27:12,39150.0,200,Sell,234279729
2024-08-23 11:27:12,39150.0,400,Sell,234279728
2024-08-23 11:27:12,39150.0,500,Sell,234279727
2024-08-23 11:27:12,39150.0,100,Sell,234279726
2024-08-23 11:27:12,39150.0,3200,Sell,234279725
2024-08-23 11:27:20,39150.0,100,Sell,234279891
2024-08-23 11:27:28,39150.0,300,Sell,234280040
2024-08-23 11:27:39,39150.0,100,Sell,234280304
2024-08-23 11:27:43,39150.0,100,Sell,234280373
2024-08-23 11:27:43,39150.0,100,Sell,234280374
2024-08-23 11:27:43,39150.0,300,Sell,234280375
2024-08-23 11:27:43,39150.0,100,Sell,234280376
2024-08-23 11:27:45,39150.0,400,Sell,234280414
2024-08-23 11:28:01,39150.0,500,Buy,234280692
2024-08-23 11:28:04,39150.0,100,Buy,234280724
2024-08-23 11:28:17,39100.0,300,Sell,234281059
2024-08-23 11:28:17,39100.0,500,Sell,234281057
2024-08-23 11:28:17,39100.0,100,Sell,234281056
2024-08-23 11:28:17,39100.0,200,Sell,234281058
2024-08-23 11:28:17,39150.0,500,Sell,234281054
2024-08-23 11:28:17,39150.0,900,Sell,234281052
2024-08-23 11:28:17,39100.0,2300,Sell,234281055
2024-08-23 11:28:17,39150.0,200,Sell,234281053
2024-08-23 11:28:22,39150.0,200,Buy,234281216
2024-08-23 11:28:51,39200.0,500,Buy,234281706
2024-08-23 11:28:51,39200.0,400,Buy,234281707
2024-08-23 11:28:51,39200.0,1000,Buy,234281708
2024-08-23 11:29:06,39150.0,100,Sell,234282212
2024-08-23 11:29:06,39150.0,4900,Sell,234282213
2024-08-23 11:29:20,39150.0,400,Sell,234282576
2024-08-23 11:29:20,39150.0,100,Sell,234282575
2024-08-23 11:29:26,39150.0,100,Buy,234282705
2024-08-23 11:29:26,39150.0,1000,Buy,234282710
2024-08-23 11:29:35,39150.0,300,Buy,234282959
2024-08-23 12:59:36,39100.0,500,Sell,234283079
2024-08-23 12:59:36,39100.0,1000,Sell,234283082
2024-08-23 12:59:36,39100.0,3100,Sell,234283081
2024-08-23 12:59:36,39100.0,4200,Sell,234283080
2024-08-23 12:59:36,39100.0,200,Sell,234283078
2024-08-23 12:59:36,39100.0,100,Sell,234283076
2024-08-23 12:59:36,39100.0,300,Sell,234283075
2024-08-23 12:59:36,39100.0,100,Sell,234283074
2024-08-23 12:59:36,39100.0,100,Sell,234283077
2024-08-23 12:59:37,39100.0,200,Sell,234283437
2024-08-23 12:59:37,39100.0,3000,Sell,234283438
2024-08-23 12:59:37,39100.0,500,Sell,234283439
2024-08-23 12:59:37,39100.0,1000,Sell,234283440
2024-08-23 12:59:37,39100.0,2500,Sell,234283441
2024-08-23 12:59:37,39100.0,300,Sell,234283739
2024-08-23 12:59:37,39100.0,700,Sell,234283741
2024-08-23 12:59:37,39100.0,100,Sell,234283742
2024-08-23 12:59:37,39100.0,2000,Sell,234283743
2024-08-23 12:59:37,39100.0,100,Sell,234283744
2024-08-23 12:59:37,39100.0,400,Sell,234283745
2024-08-23 12:59:37,39100.0,700,Sell,234283436
2024-08-23 12:59:37,39100.0,500,Sell,234283740
2024-08-23 12:59:37,39100.0,1000,Sell,234283435
2024-08-23 12:59:37,39100.0,300,Sell,234283746
2024-08-23 12:59:37,39100.0,200,Sell,234283433
2024-08-23 12:59:37,39100.0,100,Sell,234283432
2024-08-23 12:59:37,39100.0,200,Sell,234283431
2024-08-23 12:59:37,39100.0,300,Sell,234283430
2024-08-23 12:59:37,39100.0,100,Sell,234283387
2024-08-23 12:59:37,39100.0,600,Sell,234283386
2024-08-23 12:59:37,39100.0,500,Sell,234283385
2024-08-23 12:59:37,39100.0,100,Sell,234283384
2024-08-23 12:59:37,39100.0,2300,Sell,234283383
2024-08-23 12:59:37,39100.0,900,Sell,234283382
2024-08-23 12:59:37,39100.0,100,Sell,234283381
2024-08-23 12:59:37,39100.0,400,Sell,234283380
2024-08-23 12:59:37,39100.0,400,Sell,234283379
2024-08-23 12:59:37,39100.0,300,Sell,234283434
2024-08-23 12:59:37,39100.0,1700,Sell,234283378
2024-08-23 12:59:38,39100.0,100,Buy,234284254
2024-08-23 12:59:39,39100.0,200,Buy,234284306
2024-08-23 12:59:41,39050.0,400,Sell,234285116
2024-08-23 12:59:42,39050.0,900,Sell,234285154
2024-08-23 12:59:42,39100.0,100,Buy,234285456
2024-08-23 12:59:44,39050.0,300,Sell,234285765
2024-08-23 12:59:46,39050.0,100,Sell,234285971
2024-08-23 12:59:46,39050.0,300,Sell,234286004
2024-08-23 12:59:46,39050.0,400,Sell,234286017
2024-08-23 12:59:46,39050.0,100,Sell,234286018
2024-08-23 12:59:46,39050.0,200,Sell,234286019
2024-08-23 12:59:49,39050.0,100,Sell,234286648
2024-08-23 12:59:51,39100.0,1200,Buy,234286901
2024-08-23 12:59:57,39050.0,2600,Sell,234287348
2024-08-23 12:59:59,39050.0,800,Sell,234287417
2024-08-23 12:59:59,39050.0,500,Sell,234287416
2024-08-23 12:59:59,39050.0,300,Sell,234287415
2024-08-23 12:59:59,39050.0,400,Sell,234287414
2024-08-23 13:00:01,39050.0,200,Sell,234287553
2024-08-23 13:00:01,39050.0,800,Sell,234287554
2024-08-23 13:00:07,39000.0,1000,Sell,234288293
2024-08-23 13:00:07,39000.0,300,Sell,234288292
2024-08-23 13:00:07,39000.0,100,Sell,234288291
2024-08-23 13:00:07,39000.0,100,Sell,234288290
2024-08-23 13:00:07,39000.0,500,Sell,234288289
2024-08-23 13:00:07,39000.0,30000,Sell,234288288
2024-08-23 13:00:07,39000.0,1500,Sell,234288287
2024-08-23 13:00:07,39000.0,2100,Sell,234288286
2024-08-23 13:00:07,39000.0,200,Sell,234288285
2024-08-23 13:00:07,39000.0,3000,Sell,234288283
2024-08-23 13:00:07,39000.0,14200,Sell,234288271
2024-08-23 13:00:07,39000.0,4000,Sell,234288281
2024-08-23 13:00:07,39000.0,1000,Sell,234288280
2024-08-23 13:00:07,39000.0,100,Sell,234288279
2024-08-23 13:00:07,39000.0,100,Sell,234288278
2024-08-23 13:00:07,39000.0,500,Sell,234288277
2024-08-23 13:00:07,39000.0,5000,Sell,234288276
2024-08-23 13:00:07,39000.0,100,Sell,234288275
2024-08-23 13:00:07,39000.0,1000,Sell,234288294
2024-08-23 13:00:07,39000.0,35800,Sell,234288270
2024-08-23 13:00:07,39000.0,200,Sell,234288269
2024-08-23 13:00:07,39000.0,100,Sell,234288282
2024-08-23 13:00:07,39000.0,200,Sell,234288295
2024-08-23 13:00:07,39000.0,3800,Sell,234288304
2024-08-23 13:00:07,39000.0,300,Sell,234288297
2024-08-23 13:00:07,39000.0,100,Buy,234288363
2024-08-23 13:00:07,39000.0,200,Buy,234288333
2024-08-23 13:00:07,39000.0,200,Sell,234288316
2024-08-23 13:00:07,39000.0,100,Sell,234288315
2024-08-23 13:00:07,39000.0,100,Sell,234288314
2024-08-23 13:00:07,39000.0,1000,Sell,234288313
2024-08-23 13:00:07,39000.0,100,Sell,234288312
2024-08-23 13:00:07,39000.0,100,Sell,234288311
2024-08-23 13:00:07,39000.0,200,Sell,234288310
2024-08-23 13:00:07,39000.0,500,Sell,234288309
2024-08-23 13:00:07,39000.0,500,Sell,234288308
2024-08-23 13:00:07,39000.0,300,Sell,234288307
2024-08-23 13:00:07,39000.0,1000,Sell,234288306
2024-08-23 13:00:07,39000.0,100,Sell,234288305
2024-08-23 13:00:07,39000.0,100,Sell,234288268
2024-08-23 13:00:07,39000.0,500,Sell,234288303
2024-08-23 13:00:07,39000.0,500,Sell,234288302
2024-08-23 13:00:07,39000.0,1000,Sell,234288301
2024-08-23 13:00:07,39000.0,200,Sell,234288300
2024-08-23 13:00:07,39000.0,1000,Sell,234288299
2024-08-23 13:00:07,39000.0,100,Sell,234288298
2024-08-23 13:00:07,39000.0,2300,Sell,234288296
2024-08-23 13:00:07,39000.0,500,Sell,234288267
2024-08-23 13:00:07,39000.0,100,Sell,234288284
2024-08-23 13:00:07,39000.0,1000,Sell,234288265
2024-08-23 13:00:07,39000.0,100,Sell,234288239
2024-08-23 13:00:07,39000.0,2000,Sell,234288238
2024-08-23 13:00:07,39000.0,200,Sell,234288237
2024-08-23 13:00:07,39000.0,1000,Sell,234288236
2024-08-23 13:00:07,39000.0,1000,Sell,234288235
2024-08-23 13:00:07,39000.0,500,Sell,234288234
2024-08-23 13:00:07,39000.0,1000,Sell,234288233
2024-08-23 13:00:07,39000.0,1000,Sell,234288232
2024-08-23 13:00:07,39000.0,100,Sell,234288231
2024-08-23 13:00:07,39000.0,1000,Sell,234288230
2024-08-23 13:00:07,39000.0,100,Sell,234288240
2024-08-23 13:00:07,39000.0,100,Sell,234288229
2024-08-23 13:00:07,39000.0,2000,Sell,234288225
2024-08-23 13:00:07,39000.0,500,Sell,234288224
2024-08-23 13:00:07,39000.0,400,Sell,234288223
2024-08-23 13:00:07,39000.0,1000,Sell,234288222
2024-08-23 13:00:07,39000.0,100,Sell,234288221
2024-08-23 13:00:07,39050.0,900,Sell,234288220
2024-08-23 13:00:07,39050.0,200,Sell,234288219
2024-08-23 13:00:07,39050.0,1000,Sell,234288218
2024-08-23 13:00:07,39000.0,100,Sell,234288266
2024-08-23 13:00:07,39050.0,3200,Sell,234288216
2024-08-23 13:00:07,39000.0,100,Sell,234288228
2024-08-23 13:00:07,39000.0,1600,Sell,234288241
2024-08-23 13:00:07,39050.0,400,Sell,234288217
2024-08-23 13:00:07,39000.0,100,Sell,234288243
2024-08-23 13:00:07,39000.0,400,Sell,234288242
2024-08-23 13:00:07,39000.0,100,Sell,234288263
2024-08-23 13:00:07,39000.0,100,Sell,234288262
2024-08-23 13:00:07,39000.0,500,Sell,234288261
2024-08-23 13:00:07,39000.0,100,Sell,234288260
2024-08-23 13:00:07,39000.0,100,Sell,234288259
2024-08-23 13:00:07,39000.0,300,Sell,234288258
2024-08-23 13:00:07,39000.0,100,Sell,234288256
2024-08-23 13:00:07,39000.0,300,Sell,234288255
2024-08-23 13:00:07,39000.0,300,Sell,234288254
2024-08-23 13:00:07,39000.0,500,Sell,234288257
2024-08-23 13:00:07,39000.0,200,Sell,234288264
2024-08-23 13:00:07,39000.0,100,Sell,234288244
2024-08-23 13:00:07,39000.0,1000,Sell,234288253
2024-08-23 13:00:07,39000.0,1000,Sell,234288246
2024-08-23 13:00:07,39000.0,100,Sell,234288247
2024-08-23 13:00:07,39000.0,100,Sell,234288248
2024-08-23 13:00:07,39000.0,100,Sell,234288245
2024-08-23 13:00:07,39000.0,500,Sell,234288250
2024-08-23 13:00:07,39000.0,100,Sell,234288251
2024-08-23 13:00:07,39000.0,300,Sell,234288252
2024-08-23 13:00:07,39000.0,1000,Sell,234288249
2024-08-23 13:00:14,39000.0,100,Buy,234288639
2024-08-23 13:00:18,38950.0,100,Sell,234288850
2024-08-23 13:00:20,39000.0,200,Buy,234288964
2024-08-23 13:00:26,38900.0,300,Sell,234289187
2024-08-23 13:00:26,38900.0,400,Sell,234289191
2024-08-23 13:00:26,38900.0,300,Sell,234289190
2024-08-23 13:00:26,38900.0,1000,Sell,234289189
2024-08-23 13:00:26,38900.0,500,Sell,234289186
2024-08-23 13:00:26,38900.0,200,Sell,234289188
2024-08-23 13:00:26,38950.0,1000,Sell,234289184
2024-08-23 13:00:26,38950.0,200,Sell,234289183
2024-08-23 13:00:26,38950.0,200,Sell,234289182
2024-08-23 13:00:26,38950.0,100,Sell,234289181
2024-08-23 13:00:26,38950.0,500,Sell,234289180
2024-08-23 13:00:26,38950.0,400,Sell,234289179
2024-08-23 13:00:26,38950.0,200,Sell,234289185
2024-08-23 13:00:30,39000.0,900,Buy,234289295
2024-08-23 13:00:35,38900.0,100,Sell,234289518
2024-08-23 13:00:35,38900.0,2400,Sell,234289519
2024-08-23 13:00:40,38900.0,7000,Sell,234289770
2024-08-23 13:00:42,38900.0,600,Sell,234289809
2024-08-23 13:00:42,38900.0,9000,Sell,234289810
2024-08-23 13:00:42,38900.0,2600,Sell,234289811
2024-08-23 13:00:46,38900.0,600,Sell,234289914
2024-08-23 13:00:48,38900.0,500,Sell,234289977
2024-08-23 13:00:48,38900.0,300,Sell,234289974
2024-08-23 13:00:51,38900.0,1000,Sell,234290100
2024-08-23 13:00:52,38900.0,500,Sell,234290123
2024-08-23 13:00:59,38800.0,200,Sell,234290297
2024-08-23 13:00:59,38800.0,100,Sell,234290292
2024-08-23 13:00:59,38800.0,5000,Sell,234290293
2024-08-23 13:00:59,38800.0,500,Sell,234290294
2024-08-23 13:00:59,38800.0,100,Sell,234290295
2024-08-23 13:00:59,38800.0,1000,Sell,234290296
2024-08-23 13:00:59,38800.0,100,Sell,234290291
2024-08-23 13:00:59,38800.0,300,Sell,234290298
2024-08-23 13:00:59,38750.0,200,Sell,234290309
2024-08-23 13:00:59,38800.0,200,Sell,234290300
2024-08-23 13:00:59,38800.0,1000,Sell,234290301
2024-08-23 13:00:59,38800.0,1000,Sell,234290304
2024-08-23 13:00:59,38800.0,1000,Sell,234290305
2024-08-23 13:00:59,38800.0,10000,Sell,234290306
2024-08-23 13:00:59,38750.0,100,Sell,234290307
2024-08-23 13:00:59,38750.0,500,Sell,234290308
2024-08-23 13:00:59,38800.0,100,Sell,234290299
2024-08-23 13:00:59,38800.0,300,Sell,234290290
2024-08-23 13:00:59,38850.0,400,Sell,234290281
2024-08-23 13:00:59,38800.0,200,Sell,234290288
2024-08-23 13:00:59,38800.0,500,Sell,234290289
2024-08-23 13:00:59,38900.0,4500,Sell,234290270
2024-08-23 13:00:59,38900.0,200,Sell,234290271
2024-08-23 13:00:59,38900.0,200,Sell,234290272
2024-08-23 13:00:59,38900.0,100,Sell,234290274
2024-08-23 13:00:59,38900.0,100,Sell,234290275
2024-08-23 13:00:59,38900.0,100,Sell,234290276
2024-08-23 13:00:59,38850.0,500,Sell,234290277
2024-08-23 13:00:59,38900.0,400,Sell,234290273
2024-08-23 13:00:59,38850.0,200,Sell,234290279
2024-08-23 13:00:59,38800.0,500,Sell,234290286
2024-08-23 13:00:59,38800.0,100,Sell,234290285
2024-08-23 13:00:59,38800.0,500,Sell,234290284
2024-08-23 13:00:59,38850.0,200,Sell,234290278
2024-08-23 13:00:59,38800.0,1000,Sell,234290283
2024-08-23 13:00:59,38850.0,100,Sell,234290282
2024-08-23 13:00:59,38850.0,400,Sell,234290280
2024-08-23 13:00:59,38800.0,500,Sell,234290287
2024-08-23 13:01:08,38900.0,500,Sell,234290658
2024-08-23 13:01:09,38800.0,2300,Buy,234290707
2024-08-23 13:01:12,38800.0,200,Sell,234290823
2024-08-23 13:01:16,38800.0,100,Sell,234290997
2024-08-23 13:01:16,38750.0,11000,Sell,234290998
2024-08-23 13:01:16,38750.0,200,Sell,234290999
2024-08-23 13:01:28,38800.0,200,Sell,234291381
2024-08-23 13:01:28,38800.0,100,Sell,234291382
2024-08-23 13:01:28,38800.0,100,Sell,234291379
2024-08-23 13:01:28,38800.0,100,Sell,234291378
2024-08-23 13:01:28,38800.0,500,Sell,234291380
2024-08-23 13:01:30,38800.0,200,Sell,234291458
2024-08-23 13:01:32,38800.0,200,Sell,234291510
2024-08-23 13:01:32,38800.0,1000,Sell,234291511
2024-08-23 13:01:32,38800.0,900,Sell,234291512
2024-08-23 13:01:32,38800.0,500,Sell,234291513
2024-08-23 13:01:32,38750.0,1100,Sell,234291514
2024-08-23 13:01:32,38750.0,100,Sell,234291515
2024-08-23 13:01:32,38750.0,300,Sell,234291516
2024-08-23 13:01:32,38750.0,2400,Sell,234291517
2024-08-23 13:01:32,38750.0,500,Sell,234291518
2024-08-23 13:01:32,38750.0,1000,Sell,234291519
2024-08-23 13:01:32,38750.0,100,Sell,234291520
2024-08-23 13:01:51,38850.0,300,Sell,234292044
2024-08-23 13:01:53,38900.0,5000,Buy,234292076
2024-08-23 13:01:53,38900.0,700,Buy,234292077
2024-08-23 13:02:09,38850.0,700,Sell,234292558
2024-08-23 13:02:09,38850.0,100,Sell,234292559
2024-08-23 13:02:09,38850.0,100,Buy,234292577
2024-08-23 13:02:18,38850.0,300,Buy,234292794
2024-08-23 13:02:19,38850.0,100,Buy,234292825
2024-08-23 13:02:23,38850.0,200,Buy,234292973
2024-08-23 13:02:24,38850.0,500,Buy,234292981
2024-08-23 13:02:28,38850.0,100,Buy,234293039
2024-08-23 13:02:44,38850.0,500,Buy,234293424
2024-08-23 13:02:45,38850.0,500,Buy,234293459
2024-08-23 13:02:46,38850.0,200,Buy,234293510
2024-08-23 13:02:47,38850.0,100,Buy,234293537
2024-08-23 13:02:49,38800.0,100,Sell,234293578
2024-08-23 13:02:49,38800.0,100,Sell,234293579
2024-08-23 13:02:49,38850.0,200,Buy,234293596
2024-08-23 13:02:53,38850.0,1000,Buy,234293703
2024-08-23 13:02:53,38850.0,200,Buy,234293704
2024-08-23 13:02:54,38850.0,5000,Buy,234293718
2024-08-23 13:02:55,38850.0,5100,Buy,234293737
2024-08-23 13:02:55,38800.0,700,Sell,234293739
2024-08-23 13:02:55,38800.0,200,Sell,234293740
2024-08-23 13:02:55,38800.0,100,Sell,234293741
2024-08-23 13:02:55,38800.0,500,Sell,234293742
2024-08-23 13:02:55,38850.0,100,Buy,234293743
2024-08-23 13:02:56,38850.0,200,Buy,234293759
2024-08-23 13:02:56,38850.0,4800,Buy,234293772
2024-08-23 13:02:56,38850.0,2700,Buy,234293773
2024-08-23 13:02:56,38850.0,5000,Buy,234293774
2024-08-23 13:02:56,38850.0,300,Buy,234293775
2024-08-23 13:02:58,38800.0,5800,Sell,234293830
2024-08-23 13:02:58,38800.0,100,Sell,234293828
2024-08-23 13:02:58,38800.0,200,Sell,234293829
2024-08-23 13:02:58,38800.0,1000,Sell,234293826
2024-08-23 13:02:58,38800.0,1000,Sell,234293827
2024-08-23 13:02:58,38850.0,300,Sell,234293824
2024-08-23 13:02:58,38800.0,500,Sell,234293825
2024-08-23 13:03:16,38850.0,100,Sell,234294410
2024-08-23 13:03:16,38850.0,300,Sell,234294411
2024-08-23 13:03:17,38850.0,700,Sell,234294447
2024-08-23 13:03:17,38850.0,100,Sell,234294448
2024-08-23 13:03:17,38850.0,500,Sell,234294449
2024-08-23 13:03:17,38850.0,200,Sell,234294450
2024-08-23 13:03:17,38850.0,100,Sell,234294451
2024-08-23 13:03:27,38900.0,1000,Buy,234294733
2024-08-23 13:03:31,38900.0,1000,Buy,234294821
2024-08-23 13:03:34,38900.0,100,Buy,234294883
2024-08-23 13:03:35,38900.0,500,Buy,234294901
2024-08-23 13:03:36,38900.0,500,Buy,234294969
2024-08-23 13:03:38,38900.0,100,Buy,234295042
2024-08-23 13:03:38,38900.0,200,Buy,234295041
2024-08-23 13:03:38,38900.0,700,Buy,234295040
2024-08-23 13:03:38,38900.0,100,Buy,234295026
2024-08-23 13:03:38,38900.0,200,Buy,234295023
2024-08-23 13:03:38,38900.0,200,Buy,234295039
2024-08-23 13:03:40,38900.0,1900,Buy,234295092
2024-08-23 13:03:40,38900.0,200,Buy,234295093
2024-08-23 13:03:45,38900.0,100,Sell,234295244
2024-08-23 13:03:50,38900.0,200,Sell,234295368
2024-08-23 13:03:54,38900.0,300,Sell,234295451
2024-08-23 13:04:04,38900.0,300,Sell,234295752
2024-08-23 13:04:04,38900.0,700,Sell,234295753
2024-08-23 13:04:07,39000.0,100,Buy,234295814
2024-08-23 13:04:17,39000.0,100,Buy,234296234
2024-08-23 13:04:25,38900.0,1300,Sell,234296512
2024-08-23 13:04:25,38900.0,100,Sell,234296513
2024-08-23 13:04:25,38900.0,1000,Sell,234296514
2024-08-23 13:04:25,38900.0,1600,Sell,234296515
2024-08-23 13:04:26,39000.0,300,Buy,234296525
2024-08-23 13:04:49,39000.0,3000,Buy,234297279
2024-08-23 13:04:56,38950.0,200,Sell,234297816
2024-08-23 13:04:56,38950.0,100,Sell,234297817
2024-08-23 13:04:58,38950.0,500,Buy,234297858
2024-08-23 13:05:00,38950.0,100,Buy,234297900
2024-08-23 13:05:11,38950.0,100,Buy,234298355
2024-08-23 13:05:11,38950.0,300,Buy,234298356
2024-08-23 13:05:11,38950.0,200,Buy,234298357
2024-08-23 13:05:16,38950.0,900,Buy,234298517
2024-08-23 13:05:18,38950.0,1000,Buy,234298587
2024-08-23 13:05:26,38950.0,500,Buy,234299010
2024-08-23 13:05:27,38950.0,400,Buy,234299023
2024-08-23 13:05:28,38950.0,400,Buy,234299031
2024-08-23 13:05:30,38950.0,600,Sell,234299108
2024-08-23 13:05:30,38950.0,1000,Sell,234299109
2024-08-23 13:05:32,38950.0,1500,Buy,234299205
2024-08-23 13:05:43,38950.0,500,Sell,234299521
2024-08-23 13:05:43,38950.0,500,Sell,234299520
2024-08-23 13:05:46,38950.0,800,Sell,234299668
2024-08-23 13:06:01,39000.0,1000,Buy,234300232
2024-08-23 13:06:03,38950.0,200,Sell,234300313
2024-08-23 13:06:11,38950.0,200,Sell,234300573
2024-08-23 13:06:11,38950.0,200,Sell,234300572
2024-08-23 13:06:11,38950.0,1400,Sell,234300574
2024-08-23 13:06:11,38950.0,1400,Sell,234300570
2024-08-23 13:06:11,39000.0,1000,Buy,234300565
2024-08-23 13:06:11,38950.0,100,Sell,234300571
2024-08-23 13:06:16,38950.0,300,Sell,234300670
2024-08-23 13:06:27,39000.0,5000,Buy,234301113
2024-08-23 13:06:32,39000.0,1000,Buy,234301268
2024-08-23 13:06:34,39000.0,500,Buy,234301316
2024-08-23 13:06:35,39000.0,2500,Buy,234301324
2024-08-23 13:06:42,39000.0,200,Buy,234301583
2024-08-23 13:06:45,39000.0,2000,Buy,234301717
2024-08-23 13:06:49,39000.0,900,Buy,234301832
2024-08-23 13:06:53,39000.0,100,Buy,234301940
2024-08-23 13:06:53,39000.0,1800,Buy,234301939
2024-08-23 13:06:53,39000.0,100,Buy,234301941
2024-08-23 13:06:55,39000.0,700,Buy,234302006
2024-08-23 13:06:55,39000.0,700,Buy,234301991
2024-08-23 13:06:55,39000.0,300,Buy,234302004
2024-08-23 13:06:55,39000.0,1000,Buy,234302005
2024-08-23 13:06:56,39000.0,200,Buy,234302045
2024-08-23 13:06:56,39000.0,300,Buy,234302044
2024-08-23 13:06:57,39000.0,300,Buy,234302063
2024-08-23 13:06:57,39000.0,300,Buy,234302062
2024-08-23 13:07:14,39000.0,400,Sell,234302561
2024-08-23 13:07:32,39100.0,200,Buy,234303067
2024-08-23 13:07:32,39100.0,500,Buy,234303068
2024-08-23 13:07:32,39100.0,200,Buy,234303069
2024-08-23 13:07:32,39100.0,100,Buy,234303070
2024-08-23 13:07:34,39000.0,300,Sell,234303119
2024-08-23 13:07:40,39100.0,300,Buy,234303305
2024-08-23 13:07:40,39100.0,200,Buy,234303306
2024-08-23 13:07:40,39100.0,500,Buy,234303307
2024-08-23 13:07:43,39100.0,500,Buy,234303432
2024-08-23 13:07:43,39100.0,200,Buy,234303433
2024-08-23 13:07:43,39100.0,100,Buy,234303434
2024-08-23 13:07:51,39100.0,3100,Sell,234303689
2024-08-23 13:07:57,39150.0,300,Buy,234303835
2024-08-23 13:08:00,39150.0,300,Buy,234303907
2024-08-23 13:08:03,39100.0,1100,Sell,234303977
2024-08-23 13:08:04,39100.0,100,Buy,234304027
2024-08-23 13:08:12,39100.0,1300,Buy,234304289
2024-08-23 13:08:21,39050.0,100,Sell,234304885
2024-08-23 13:08:21,39050.0,2000,Sell,234304886
2024-08-23 13:08:21,39050.0,1000,Sell,234304887
2024-08-23 13:08:21,39000.0,700,Sell,234304888
2024-08-23 13:08:21,39000.0,100,Sell,234304889
2024-08-23 13:08:21,39000.0,1100,Sell,234304890
2024-08-23 13:08:28,39100.0,5000,Buy,234305089
2024-08-23 13:08:46,39050.0,1700,Sell,234305789
2024-08-23 13:08:49,39100.0,300,Buy,234305948
2024-08-23 13:08:53,39050.0,200,Sell,234306231
2024-08-23 13:08:57,39050.0,100,Sell,234306356
2024-08-23 13:08:57,39050.0,400,Sell,234306357
2024-08-23 13:09:10,39100.0,500,Buy,234306765
2024-08-23 13:09:24,39050.0,500,Sell,234307471
2024-08-23 13:09:24,39050.0,100,Sell,234307470
2024-08-23 13:09:28,39100.0,100,Buy,234307577
2024-08-23 13:09:31,39100.0,100,Buy,234307742
2024-08-23 13:09:34,39050.0,400,Sell,234307860
2024-08-23 13:09:41,39100.0,1000,Buy,234308123
2024-08-23 13:09:41,39100.0,300,Buy,234308124
2024-08-23 13:09:49,39100.0,200,Buy,234308387
2024-08-23 13:09:49,39100.0,100,Buy,234308388
2024-08-23 13:09:49,39100.0,200,Buy,234308390
2024-08-23 13:09:49,39100.0,100,Buy,234308391
2024-08-23 13:09:49,39100.0,100,Buy,234308389
2024-08-23 13:10:01,39100.0,300,Sell,234308797
2024-08-23 13:10:01,39100.0,3500,Sell,234308798
2024-08-23 13:10:01,39100.0,100,Sell,234308799
2024-08-23 13:10:01,39100.0,2900,Sell,234308800
2024-08-23 13:10:06,39100.0,100,Buy,234308986
2024-08-23 13:10:18,39100.0,100,Buy,234309884
2024-08-23 13:10:25,39100.0,500,Buy,234310149
2024-08-23 13:10:27,39100.0,2300,Buy,234310216
2024-08-23 13:10:27,39100.0,500,Buy,234310217
2024-08-23 13:10:27,39100.0,800,Buy,234310218
2024-08-23 13:10:57,39100.0,500,Sell,234311684
2024-08-23 13:11:10,39000.0,6700,Sell,234312260
2024-08-23 13:11:10,39000.0,1000,Sell,234312259
2024-08-23 13:11:10,39000.0,100,Sell,234312258
2024-08-23 13:11:10,39000.0,7400,Sell,234312257
2024-08-23 13:11:10,39050.0,200,Sell,234312256
2024-08-23 13:11:10,39050.0,600,Sell,234312250
2024-08-23 13:11:10,39050.0,4000,Sell,234312253
2024-08-23 13:11:10,39050.0,100,Sell,234312252
2024-08-23 13:11:10,39050.0,500,Sell,234312251
2024-08-23 13:11:10,39050.0,2000,Sell,234312249
2024-08-23 13:11:10,39050.0,1300,Sell,234312255
2024-08-23 13:11:10,39050.0,1000,Sell,234312247
2024-08-23 13:11:10,39050.0,300,Sell,234312248
2024-08-23 13:11:10,39100.0,900,Sell,234312237
2024-08-23 13:11:10,39100.0,800,Sell,234312238
2024-08-23 13:11:10,39100.0,100,Sell,234312239
2024-08-23 13:11:10,39100.0,200,Sell,234312240
2024-08-23 13:11:10,39100.0,100,Sell,234312241
2024-08-23 13:11:10,39050.0,1000,Sell,234312254
2024-08-23 13:11:10,39100.0,1000,Sell,234312243
2024-08-23 13:11:10,39050.0,300,Sell,234312244
2024-08-23 13:11:10,39050.0,100,Sell,234312245
2024-08-23 13:11:10,39100.0,200,Sell,234312242
2024-08-23 13:11:10,39050.0,100,Sell,234312246
2024-08-23 13:11:17,39100.0,100,Buy,234312481
2024-08-23 13:11:25,39100.0,500,Buy,234312810
2024-08-23 13:11:32,39050.0,10000,Sell,234313083
2024-08-23 13:11:39,39100.0,700,Buy,234313284
2024-08-23 13:11:39,39100.0,900,Buy,234313291
2024-08-23 13:11:42,39050.0,1000,Buy,234313395
2024-08-23 13:11:42,39100.0,400,Buy,234313396
2024-08-23 13:11:42,39100.0,1000,Buy,234313397
2024-08-23 13:11:55,39050.0,200,Buy,234313916
2024-08-23 13:11:57,39050.0,100,Buy,234314028
2024-08-23 13:11:58,39050.0,100,Buy,234314038
2024-08-23 13:12:01,39100.0,100,Buy,234314172
2024-08-23 13:12:02,39100.0,1000,Buy,234314192
2024-08-23 13:12:10,39050.0,100,Sell,234314513
2024-08-23 13:12:13,39050.0,200,Sell,234314567
2024-08-23 13:12:13,39050.0,200,Sell,234314568
2024-08-23 13:12:24,39050.0,300,Buy,234314895
2024-08-23 13:12:39,39050.0,500,Sell,234315361
2024-08-23 13:12:42,39200.0,100,Buy,234315451
2024-08-23 13:12:42,39200.0,6600,Buy,234315452
2024-08-23 13:12:42,39200.0,200,Buy,234315454
2024-08-23 13:12:42,39200.0,600,Buy,234315455
2024-08-23 13:12:42,39150.0,600,Buy,234315449
2024-08-23 13:12:42,39200.0,200,Buy,234315453
2024-08-23 13:12:42,39150.0,100,Buy,234315448
2024-08-23 13:12:42,39150.0,1000,Buy,234315450
2024-08-23 13:12:42,39150.0,1000,Buy,234315446
2024-08-23 13:12:42,39150.0,1000,Buy,234315445
2024-08-23 13:12:42,39150.0,5000,Buy,234315444
2024-08-23 13:12:42,39100.0,2900,Buy,234315443
2024-08-23 13:12:42,39100.0,100,Buy,234315442
2024-08-23 13:12:42,39100.0,100,Buy,234315441
2024-08-23 13:12:42,39100.0,300,Buy,234315440
2024-08-23 13:12:42,39150.0,200,Buy,234315447
2024-08-23 13:12:59,39200.0,100,Buy,234315964
2024-08-23 13:13:05,39200.0,100,Buy,234316137
2024-08-23 13:13:24,39200.0,1000,Buy,234316675
2024-08-23 13:13:24,39200.0,200,Buy,234316673
2024-08-23 13:13:24,39200.0,100,Buy,234316674
2024-08-23 13:13:25,39200.0,700,Sell,234316712
2024-08-23 13:13:47,39200.0,700,Buy,234317425
2024-08-23 13:13:52,39200.0,100,Buy,234317619
2024-08-23 13:13:56,39200.0,200,Buy,234317787
2024-08-23 13:13:59,39200.0,1000,Buy,234317881
2024-08-23 13:13:59,39200.0,100,Buy,234317882
2024-08-23 13:13:59,39200.0,100,Buy,234317883
2024-08-23 13:14:17,39250.0,1800,Buy,234318560
2024-08-23 13:14:19,39300.0,100,Buy,234318662
2024-08-23 13:14:19,39300.0,5000,Buy,234318663
2024-08-23 13:14:19,39300.0,1000,Buy,234318661
2024-08-23 13:14:19,39300.0,100,Buy,234318657
2024-08-23 13:14:19,39300.0,100,Buy,234318659
2024-08-23 13:14:19,39300.0,2000,Buy,234318658
2024-08-23 13:14:19,39250.0,300,Buy,234318656
2024-08-23 13:14:19,39300.0,100,Buy,234318660
2024-08-23 13:14:25,39300.0,500,Sell,234318880
2024-08-23 13:14:36,39350.0,200,Buy,234319342
2024-08-23 13:14:40,39300.0,800,Sell,234319505
2024-08-23 13:14:40,39300.0,100,Sell,234319506
2024-08-23 13:14:40,39300.0,200,Sell,234319507
2024-08-23 13:14:43,39350.0,300,Buy,234319592
2024-08-23 13:14:43,39350.0,200,Buy,234319593
2024-08-23 13:14:44,39350.0,200,Buy,234319663
2024-08-23 13:14:55,39350.0,200,Buy,234320013
2024-08-23 13:14:58,39300.0,200,Sell,234320132
2024-08-23 13:14:58,39300.0,100,Sell,234320133
2024-08-23 13:15:04,39300.0,800,Sell,234320336
2024-08-23 13:15:08,39300.0,4100,Sell,234320450
2024-08-23 13:15:08,39300.0,100,Sell,234320451
2024-08-23 13:15:16,39300.0,200,Buy,234320728
2024-08-23 13:15:16,39300.0,1000,Buy,234320723
2024-08-23 13:15:18,39300.0,300,Buy,234320779
2024-08-23 13:15:18,39300.0,200,Buy,234320780
2024-08-23 13:15:20,39300.0,500,Sell,234320862
2024-08-23 13:15:21,39300.0,100,Buy,234320873
2024-08-23 13:15:26,39300.0,200,Buy,234321016
2024-08-23 13:15:26,39300.0,200,Buy,234321015
2024-08-23 13:15:27,39300.0,100,Sell,234321036
2024-08-23 13:15:42,39300.0,3000,Sell,234321421
2024-08-23 13:15:44,39300.0,100,Sell,234321471
2024-08-23 13:15:46,39300.0,1400,Sell,234321542
2024-08-23 13:15:59,39300.0,100,Buy,234321954
2024-08-23 13:16:18,39300.0,200,Buy,234322484
2024-08-23 13:16:53,39300.0,100,Buy,234323483
2024-08-23 13:16:53,39300.0,100,Buy,234323485
2024-08-23 13:16:53,39300.0,400,Buy,234323484
2024-08-23 13:17:22,39250.0,100,Sell,234324230
2024-08-23 13:17:29,39250.0,100,Sell,234324433
2024-08-23 13:17:29,39250.0,4900,Sell,234324434
2024-08-23 13:17:30,39250.0,600,Sell,234324449
2024-08-23 13:17:37,39250.0,1100,Sell,234324599
2024-08-23 13:17:43,39250.0,400,Sell,234324760
2024-08-23 13:17:45,39250.0,1000,Sell,234324828
2024-08-23 13:17:53,39250.0,200,Buy,234324979
2024-08-23 13:18:23,39250.0,100,Buy,234325833
2024-08-23 13:18:35,39200.0,100,Sell,234326125
2024-08-23 13:18:35,39200.0,20000,Sell,234326126
2024-08-23 13:18:35,39200.0,200,Sell,234326127
2024-08-23 13:18:35,39200.0,100,Sell,234326128
2024-08-23 13:18:35,39200.0,300,Sell,234326129
2024-08-23 13:18:35,39200.0,3800,Sell,234326124
2024-08-23 13:18:36,39200.0,500,Buy,234326168
2024-08-23 13:18:39,39200.0,200,Sell,234326272
2024-08-23 13:18:40,39200.0,800,Sell,234326289
2024-08-23 13:18:44,39200.0,100,Sell,234326416
2024-08-23 13:18:51,39200.0,800,Buy,234326581
2024-08-23 13:18:56,39150.0,100,Sell,234326771
2024-08-23 13:18:56,39150.0,100,Sell,234326772
2024-08-23 13:18:57,39200.0,100,Buy,234326781
2024-08-23 13:19:07,39200.0,500,Buy,234327066
2024-08-23 13:19:11,39150.0,200,Sell,234327178
2024-08-23 13:19:15,39100.0,100,Sell,234327303
2024-08-23 13:19:19,39100.0,5000,Sell,234327408
2024-08-23 13:19:19,39100.0,900,Sell,234327405
2024-08-23 13:19:19,39100.0,100,Sell,234327406
2024-08-23 13:19:19,39100.0,200,Sell,234327407
2024-08-23 13:19:26,39050.0,100,Sell,234327635
2024-08-23 13:19:32,39050.0,1000,Sell,234327842
2024-08-23 13:19:34,39050.0,1100,Sell,234327878
2024-08-23 13:19:34,39050.0,8900,Sell,234327879
2024-08-23 13:19:35,39000.0,100,Sell,234327918
2024-08-23 13:19:35,39000.0,500,Sell,234327925
2024-08-23 13:19:35,39000.0,100,Sell,234327924
2024-08-23 13:19:35,39000.0,200,Sell,234327923
2024-08-23 13:19:35,39000.0,200,Sell,234327922
2024-08-23 13:19:35,39000.0,300,Sell,234327921
2024-08-23 13:19:35,39000.0,1000,Sell,234327920
2024-08-23 13:19:35,39000.0,1000,Sell,234327919
2024-08-23 13:19:35,39000.0,300,Sell,234327926
2024-08-23 13:19:35,39000.0,300,Sell,234327916
2024-08-23 13:19:35,39000.0,100,Sell,234327915
2024-08-23 13:19:35,39000.0,2000,Sell,234327914
2024-08-23 13:19:35,39000.0,1000,Sell,234327913
2024-08-23 13:19:35,39000.0,600,Sell,234327912
2024-08-23 13:19:35,39050.0,500,Sell,234327911
2024-08-23 13:19:35,39050.0,100,Sell,234327910
2024-08-23 13:19:35,39050.0,300,Sell,234327909
2024-08-23 13:19:35,39050.0,100,Sell,234327908
2024-08-23 13:19:35,39050.0,1100,Sell,234327907
2024-08-23 13:19:35,39000.0,200,Sell,234327917
2024-08-23 13:19:37,39050.0,500,Sell,234327986
2024-08-23 13:19:40,39000.0,7300,Sell,234328104
2024-08-23 13:19:40,39000.0,500,Sell,234328103
2024-08-23 13:19:40,39000.0,30000,Sell,234328102
2024-08-23 13:19:40,39000.0,500,Sell,234328098
2024-08-23 13:19:40,39000.0,1000,Sell,234328095
2024-08-23 13:19:40,39000.0,500,Sell,234328097
2024-08-23 13:19:40,39000.0,400,Sell,234328093
2024-08-23 13:19:40,39000.0,200,Sell,234328094
2024-08-23 13:19:40,39050.0,600,Sell,234328088
2024-08-23 13:19:40,39050.0,500,Sell,234328089
2024-08-23 13:19:40,39000.0,700,Sell,234328096
2024-08-23 13:19:40,39000.0,500,Sell,234328091
2024-08-23 13:19:40,39000.0,100,Sell,234328090
2024-08-23 13:19:40,39000.0,200,Sell,234328092
2024-08-23 13:19:54,39000.0,2000,Sell,234328493
2024-08-23 13:19:59,39000.0,1900,Sell,234328577
2024-08-23 13:19:59,39000.0,100,Sell,234328578
2024-08-23 13:19:59,39000.0,200,Sell,234328579
2024-08-23 13:19:59,39000.0,500,Sell,234328580
2024-08-23 13:19:59,39000.0,500,Sell,234328581
2024-08-23 13:20:05,39000.0,600,Buy,234328734
2024-08-23 13:20:05,39000.0,400,Buy,234328731
2024-08-23 13:20:12,39000.0,600,Buy,234328898
2024-08-23 13:20:12,39000.0,100,Buy,234328899
2024-08-23 13:20:12,39000.0,100,Buy,234328900
2024-08-23 13:20:12,39000.0,1200,Buy,234328901
2024-08-23 13:20:13,38950.0,2500,Sell,234328923
2024-08-23 13:20:13,38950.0,1100,Sell,234328922
2024-08-23 13:20:14,39000.0,2200,Buy,234328952
2024-08-23 13:20:14,39000.0,1300,Buy,234328951
2024-08-23 13:20:28,39100.0,100,Buy,234329417
2024-08-23 13:20:44,39100.0,2500,Buy,234329893
2024-08-23 13:20:46,39100.0,500,Buy,234329928
2024-08-23 13:20:47,39100.0,300,Buy,234329956
2024-08-23 13:20:47,39100.0,400,Buy,234329989
2024-08-23 13:20:47,39100.0,100,Buy,234329990
2024-08-23 13:20:53,39000.0,300,Sell,234330110
2024-08-23 13:20:53,39100.0,300,Sell,234330108
2024-08-23 13:20:53,39050.0,100,Sell,234330109
2024-08-23 13:21:03,39100.0,200,Sell,234330398
2024-08-23 13:21:03,39100.0,200,Sell,234330399
2024-08-23 13:21:12,39100.0,800,Sell,234330621
2024-08-23 13:21:12,39100.0,100,Sell,234330622
2024-08-23 13:21:19,39100.0,100,Buy,234330863
2024-08-23 13:21:19,39100.0,100,Buy,234330864
2024-08-23 13:21:30,39100.0,500,Sell,234331235
2024-08-23 13:21:30,39100.0,300,Sell,234331233
2024-08-23 13:21:30,39100.0,2500,Sell,234331232
2024-08-23 13:21:30,39100.0,200,Sell,234331234
2024-08-23 13:21:39,39100.0,100,Buy,234331486
2024-08-23 13:21:41,39100.0,400,Buy,234331550
2024-08-23 13:21:41,39100.0,100,Buy,234331551
2024-08-23 13:21:45,39100.0,400,Buy,234331765
2024-08-23 13:21:49,39100.0,300,Buy,234331853
2024-08-23 13:21:54,39100.0,300,Buy,234331920
2024-08-23 13:21:57,39100.0,500,Buy,234331994
2024-08-23 13:22:06,39100.0,100,Buy,234332209
2024-08-23 13:22:14,39100.0,100,Buy,234332433
2024-08-23 13:22:14,39100.0,1400,Buy,234332432
2024-08-23 13:22:22,39100.0,2500,Sell,234332643
2024-08-23 13:22:29,39100.0,1000,Buy,234332917
2024-08-23 13:22:40,39100.0,100,Buy,234333236
2024-08-23 13:22:44,39100.0,100,Buy,234333310
2024-08-23 13:22:44,39100.0,200,Buy,234333311
2024-08-23 13:22:52,39100.0,700,Sell,234333567
2024-08-23 13:22:52,39100.0,100,Sell,234333568
2024-08-23 13:22:52,39100.0,100,Sell,234333569
2024-08-23 13:22:55,39050.0,3300,Sell,234333646
2024-08-23 13:22:55,39100.0,600,Sell,234333644
2024-08-23 13:22:55,39100.0,100,Sell,234333645
2024-08-23 13:23:05,39050.0,500,Sell,234333923
2024-08-23 13:23:10,39050.0,100,Sell,234334029
2024-08-23 13:23:18,39050.0,1000,Sell,234334209
2024-08-23 13:23:19,39100.0,100,Buy,234334273
2024-08-23 13:23:54,39100.0,200,Buy,234335531
2024-08-23 13:23:54,39100.0,500,Buy,234335532
2024-08-23 13:23:54,39100.0,300,Buy,234335533
2024-08-23 13:24:02,39100.0,900,Buy,234335787
2024-08-23 13:24:05,39100.0,2000,Buy,234335876
2024-08-23 13:24:11,39100.0,400,Buy,234336036
2024-08-23 13:24:11,39100.0,600,Buy,234336035
2024-08-23 13:24:17,39050.0,300,Sell,234336281
2024-08-23 13:24:17,39050.0,100,Sell,234336280
2024-08-23 13:24:17,39050.0,1000,Sell,234336279
2024-08-23 13:24:17,39050.0,200,Sell,234336278
2024-08-23 13:24:17,39050.0,2000,Sell,234336277
2024-08-23 13:24:17,39050.0,100,Sell,234336276
2024-08-23 13:24:17,39050.0,200,Sell,234336274
2024-08-23 13:24:17,39100.0,200,Buy,234336271
2024-08-23 13:24:17,39050.0,100,Sell,234336275
2024-08-23 13:24:17,39050.0,900,Sell,234336273
2024-08-23 13:24:17,39050.0,5100,Sell,234336272
2024-08-23 13:24:26,39050.0,100,Sell,234336515
2024-08-23 13:24:29,39100.0,800,Buy,234336615
2024-08-23 13:24:29,39100.0,800,Buy,234336614
2024-08-23 13:24:29,39050.0,100,Sell,234336610
2024-08-23 13:24:29,39050.0,200,Sell,234336612
2024-08-23 13:24:29,39100.0,1400,Buy,234336613
2024-08-23 13:24:29,39050.0,200,Sell,234336611
2024-08-23 13:24:47,39100.0,1000,Buy,234337197
2024-08-23 13:24:59,39100.0,1000,Buy,234337507
2024-08-23 13:25:01,39100.0,2000,Buy,234337549
2024-08-23 13:25:12,39100.0,500,Buy,234337868
2024-08-23 13:25:15,39100.0,700,Buy,234337910
2024-08-23 13:25:15,39100.0,300,Buy,234337911
2024-08-23 13:25:19,39050.0,100,Sell,234338001
2024-08-23 13:25:19,39050.0,100,Sell,234338002
2024-08-23 13:25:19,39050.0,200,Sell,234338003
2024-08-23 13:25:19,39000.0,1600,Sell,234338004
2024-08-23 13:25:19,39100.0,200,Buy,234338011
2024-08-23 13:25:19,39100.0,900,Buy,234338012
2024-08-23 13:25:19,39100.0,100,Buy,234338013
2024-08-23 13:25:19,39100.0,500,Buy,234338014
2024-08-23 13:25:28,39100.0,400,Sell,234338285
2024-08-23 13:25:44,39100.0,100,Sell,234338709
2024-08-23 13:25:44,39100.0,200,Sell,234338710
2024-08-23 13:25:44,39100.0,400,Sell,234338711
2024-08-23 13:25:44,39100.0,300,Sell,234338708
2024-08-23 13:26:01,39100.0,1000,Sell,234339192
2024-08-23 13:26:10,39100.0,600,Sell,234339424
2024-08-23 13:26:10,39100.0,200,Sell,234339425
2024-08-23 13:26:28,39100.0,800,Sell,234339897
2024-08-23 13:26:28,39100.0,400,Sell,234339898
2024-08-23 13:26:28,39100.0,1500,Sell,234339899
2024-08-23 13:26:30,39150.0,100,Buy,234339928
2024-08-23 13:26:30,39150.0,100,Buy,234339929
2024-08-23 13:26:37,39100.0,100,Sell,234340125
2024-08-23 13:26:50,39100.0,400,Sell,234340403
2024-08-23 13:26:50,39100.0,500,Sell,234340404
2024-08-23 13:26:50,39100.0,100,Sell,234340405
2024-08-23 13:26:56,39100.0,1000,Buy,234340533
2024-08-23 13:27:00,39050.0,100,Sell,234340640
2024-08-23 13:27:00,39050.0,2200,Sell,234340641
2024-08-23 13:27:00,39100.0,100,Buy,234340658
2024-08-23 13:27:00,39050.0,200,Sell,234340639
2024-08-23 13:27:42,39050.0,500,Sell,234341683
2024-08-23 13:27:48,39050.0,300,Sell,234341805
2024-08-23 13:27:48,39050.0,200,Sell,234341806
2024-08-23 13:28:07,39050.0,2000,Sell,234342289
2024-08-23 13:28:07,39050.0,500,Sell,234342282
2024-08-23 13:28:07,39050.0,300,Sell,234342280
2024-08-23 13:28:07,39050.0,200,Sell,234342281
2024-08-23 13:28:14,39100.0,600,Buy,234342560
2024-08-23 13:28:35,39050.0,100,Sell,234342998
2024-08-23 13:28:36,39100.0,100,Buy,234343026
2024-08-23 13:28:43,39100.0,500,Buy,234343181
2024-08-23 13:28:54,39050.0,100,Sell,234343542
2024-08-23 13:29:15,39050.0,100,Sell,234344287
2024-08-23 13:29:15,39050.0,300,Sell,234344288
2024-08-23 13:29:15,39050.0,500,Sell,234344285
2024-08-23 13:29:15,39050.0,300,Sell,234344286
2024-08-23 13:29:39,39050.0,200,Sell,234345091
2024-08-23 13:29:39,39050.0,100,Sell,234345092
2024-08-23 13:29:39,39050.0,200,Sell,234345093
2024-08-23 13:29:39,39050.0,500,Sell,234345094
2024-08-23 13:29:48,39050.0,2000,Sell,234345497
2024-08-23 13:29:48,39050.0,7500,Sell,234345504
2024-08-23 13:29:48,39050.0,500,Sell,234345505
2024-08-23 13:29:48,39050.0,1400,Sell,234345506
2024-08-23 13:29:53,39000.0,4300,Sell,234345727
2024-08-23 13:29:53,39000.0,4600,Sell,234345725
2024-08-23 13:29:53,39000.0,1000,Sell,234345726
2024-08-23 13:29:56,39050.0,300,Buy,234345819
2024-08-23 13:30:07,39050.0,100,Buy,234346154
2024-08-23 13:30:08,39050.0,200,Buy,234346200
2024-08-23 13:30:08,39050.0,300,Buy,234346201
2024-08-23 13:30:13,39050.0,100,Buy,234346333
2024-08-23 13:30:23,39050.0,100,Buy,234346825
2024-08-23 13:30:23,39050.0,500,Buy,234346824
2024-08-23 13:30:23,39050.0,600,Buy,234346822
2024-08-23 13:30:23,39050.0,1900,Buy,234346823
2024-08-23 13:30:26,39050.0,200,Buy,234346912
2024-08-23 13:30:30,39050.0,800,Sell,234347150
2024-08-23 13:30:33,39050.0,400,Sell,234347293
2024-08-23 13:30:33,39050.0,100,Sell,234347294
2024-08-23 13:30:33,39050.0,500,Sell,234347295
2024-08-23 13:30:38,39050.0,300,Sell,234347517
2024-08-23 13:30:41,39000.0,1000,Sell,234347650
2024-08-23 13:30:41,39000.0,100,Sell,234347651
2024-08-23 13:30:41,39000.0,200,Sell,234347652
2024-08-23 13:30:41,39000.0,200,Sell,234347653
2024-08-23 13:30:41,39000.0,200,Sell,234347656
2024-08-23 13:30:41,39000.0,2500,Sell,234347655
2024-08-23 13:30:41,39000.0,100,Sell,234347649
2024-08-23 13:30:41,39000.0,1500,Sell,234347657
2024-08-23 13:30:41,39000.0,100,Sell,234347658
2024-08-23 13:30:41,39000.0,500,Sell,234347654
2024-08-23 13:30:41,39000.0,100,Sell,234347648
2024-08-23 13:30:41,39000.0,4000,Sell,234347646
2024-08-23 13:30:41,39000.0,500,Sell,234347645
2024-08-23 13:30:41,39000.0,400,Sell,234347644
2024-08-23 13:30:41,39000.0,1000,Sell,234347643
2024-08-23 13:30:41,39000.0,500,Sell,234347642
2024-08-23 13:30:41,39000.0,4100,Sell,234347641
2024-08-23 13:30:41,39000.0,1000,Sell,234347640
2024-08-23 13:30:41,39000.0,100,Sell,234347639
2024-08-23 13:30:41,39000.0,100,Sell,234347638
2024-08-23 13:30:41,39000.0,1500,Sell,234347637
2024-08-23 13:30:41,39000.0,100,Sell,234347636
2024-08-23 13:30:41,39000.0,700,Sell,234347635
2024-08-23 13:30:41,39000.0,1000,Sell,234347647
2024-08-23 13:30:42,39000.0,1000,Sell,234347666
2024-08-23 13:30:42,39000.0,100,Sell,234347669
2024-08-23 13:30:42,39000.0,100,Sell,234347665
2024-08-23 13:30:42,39000.0,100,Sell,234347668
2024-08-23 13:30:42,39000.0,100,Sell,234347663
2024-08-23 13:30:42,39000.0,100,Sell,234347664
2024-08-23 13:30:42,39000.0,10000,Sell,234347661
2024-08-23 13:30:42,39000.0,100,Sell,234347667
2024-08-23 13:30:42,39000.0,500,Sell,234347662
2024-08-23 13:31:05,39000.0,1800,Buy,234348684
2024-08-23 13:31:08,39000.0,200,Buy,234348802
2024-08-23 13:31:12,39000.0,100,Buy,234349082
2024-08-23 13:31:13,38950.0,5500,Sell,234349167
2024-08-23 13:31:13,38950.0,100,Sell,234349168
2024-08-23 13:31:13,38950.0,100,Sell,234349169
2024-08-23 13:31:13,38950.0,100,Sell,234349170
2024-08-23 13:31:13,38950.0,100,Sell,234349171
2024-08-23 13:31:13,38950.0,300,Sell,234349172
2024-08-23 13:31:13,38950.0,200,Sell,234349173
2024-08-23 13:31:13,38950.0,100,Sell,234349174
2024-08-23 13:31:13,38950.0,100,Sell,234349175
2024-08-23 13:31:13,38950.0,400,Sell,234349176
2024-08-23 13:31:15,38950.0,1000,Sell,234349252
2024-08-23 13:31:20,38950.0,2000,Sell,234349646
2024-08-23 13:31:24,38950.0,500,Sell,234349920
2024-08-23 13:31:27,38950.0,4000,Sell,234350034
2024-08-23 13:31:29,38950.0,5000,Sell,234350117
2024-08-23 13:31:39,38950.0,300,Sell,234350665
2024-08-23 13:31:42,38950.0,2500,Sell,234350827
2024-08-23 13:31:45,38950.0,1000,Sell,234351039
2024-08-23 13:31:45,38950.0,1200,Sell,234351052
2024-08-23 13:31:46,38950.0,600,Sell,234351073
2024-08-23 13:31:47,38950.0,500,Sell,234351250
2024-08-23 13:31:56,39000.0,500,Buy,234351903
2024-08-23 13:32:04,39000.0,500,Buy,234352335
2024-08-23 13:32:06,38950.0,500,Sell,234352400
2024-08-23 13:32:06,38950.0,200,Sell,234352431
2024-08-23 13:32:14,38950.0,1500,Sell,234353013
2024-08-23 13:32:14,38950.0,1000,Sell,234353032
2024-08-23 13:32:32,38950.0,100,Sell,234354237
2024-08-23 13:32:39,38950.0,200,Sell,234354639
2024-08-23 13:32:44,39000.0,100,Buy,234354944
2024-08-23 13:32:50,39000.0,9600,Buy,234355352
2024-08-23 13:32:56,39000.0,2000,Buy,234355733
2024-08-23 13:32:56,39000.0,1000,Buy,234355732
2024-08-23 13:32:56,39000.0,5000,Buy,234355731
2024-08-23 13:32:59,39000.0,2000,Sell,234355837
2024-08-23 13:33:17,39050.0,1000,Buy,234357282
2024-08-23 13:33:17,39000.0,200,Sell,234357290
2024-08-23 13:33:17,39000.0,200,Sell,234357216
2024-08-23 13:33:17,39000.0,800,Sell,234357289
2024-08-23 13:33:18,39000.0,800,Sell,234357309
2024-08-23 13:33:18,39000.0,100,Sell,234357310
2024-08-23 13:33:18,39000.0,100,Sell,234357311
2024-08-23 13:33:18,39000.0,2000,Sell,234357312
2024-08-23 13:33:18,39000.0,500,Sell,234357313
2024-08-23 13:33:18,39000.0,1000,Sell,234357314
2024-08-23 13:33:18,39000.0,500,Sell,234357315
2024-08-23 13:33:20,39050.0,1000,Buy,234357353
2024-08-23 13:33:23,39000.0,500,Sell,234357824
2024-08-23 13:33:23,39000.0,500,Sell,234357825
2024-08-23 13:33:37,39000.0,100,Sell,234358785
2024-08-23 13:33:37,39000.0,500,Sell,234358786
2024-08-23 13:33:37,39000.0,400,Sell,234358787
2024-08-23 13:33:40,39050.0,1000,Buy,234358915
2024-08-23 13:33:44,39050.0,1000,Buy,234359257
2024-08-23 13:33:48,39050.0,100,Buy,234359492
2024-08-23 13:33:49,39050.0,600,Buy,234359601
2024-08-23 13:33:49,39000.0,200,Sell,234359540
2024-08-23 13:34:00,39100.0,200,Buy,234360303
2024-08-23 13:34:01,39100.0,100,Buy,234360433
2024-08-23 13:34:03,39100.0,2000,Buy,234360489
2024-08-23 13:34:03,39100.0,1000,Buy,234360490
2024-08-23 13:34:03,39100.0,2000,Buy,234360491
2024-08-23 13:34:12,39100.0,100,Buy,234360998
2024-08-23 13:34:12,39100.0,1000,Buy,234360999
2024-08-23 13:34:12,39100.0,900,Buy,234361000
2024-08-23 13:34:17,39100.0,1000,Buy,234361288
2024-08-23 13:34:24,39100.0,500,Buy,234361878
2024-08-23 13:34:25,39100.0,600,Buy,234361911
2024-08-23 13:34:26,39100.0,400,Sell,234361981
2024-08-23 13:34:28,39100.0,600,Buy,234362070
2024-08-23 13:34:41,39150.0,1000,Buy,234362802
2024-08-23 13:34:41,39100.0,1000,Sell,234362746
2024-08-23 13:34:47,39150.0,1000,Buy,234363074
2024-08-23 13:34:52,39150.0,600,Buy,234363227
2024-08-23 13:34:53,39150.0,2600,Buy,234363316
2024-08-23 13:34:53,39150.0,400,Buy,234363317
2024-08-23 13:34:56,39150.0,100,Buy,234363391
2024-08-23 13:34:56,39150.0,100,Buy,234363392
2024-08-23 13:35:05,39200.0,200,Buy,234363857
2024-08-23 13:35:05,39200.0,800,Buy,234363858
2024-08-23 13:35:12,39200.0,4200,Buy,234364248
2024-08-23 13:35:19,39250.0,200,Buy,234364604
2024-08-23 13:35:30,39250.0,1800,Buy,234365271
2024-08-23 13:35:30,39250.0,100,Buy,234365272
2024-08-23 13:35:41,39250.0,1000,Sell,234365854
2024-08-23 13:35:45,39250.0,1000,Sell,234366065
2024-08-23 13:35:51,39300.0,1900,Buy,234366400
2024-08-23 13:35:55,39300.0,1700,Buy,234366706
2024-08-23 13:35:55,39300.0,1000,Buy,234366704
2024-08-23 13:35:55,39300.0,500,Buy,234366705
2024-08-23 13:35:55,39300.0,200,Buy,234366702
2024-08-23 13:35:55,39300.0,100,Buy,234366701
2024-08-23 13:35:55,39300.0,500,Buy,234366703
2024-08-23 13:36:09,39350.0,400,Buy,234367451
2024-08-23 13:36:09,39350.0,100,Buy,234367452
2024-08-23 13:36:21,39350.0,100,Buy,234367973
2024-08-23 13:36:25,39300.0,800,Sell,234368214
2024-08-23 13:36:25,39300.0,1200,Sell,234368215
2024-08-23 13:36:34,39300.0,100,Sell,234368677
2024-08-23 13:36:34,39300.0,300,Sell,234368652
2024-08-23 13:36:36,39350.0,100,Buy,234368755
2024-08-23 13:36:39,39350.0,300,Buy,234368879
2024-08-23 13:36:41,39350.0,400,Buy,234368997
2024-08-23 13:36:48,39300.0,100,Sell,234369279
2024-08-23 13:36:51,39350.0,200,Buy,234369442
2024-08-23 13:36:51,39350.0,300,Buy,234369443
2024-08-23 13:36:58,39350.0,1600,Buy,234369741
2024-08-23 13:36:58,39300.0,5700,Buy,234369738
2024-08-23 13:36:58,39350.0,100,Buy,234369740
2024-08-23 13:36:58,39350.0,500,Buy,234369739
2024-08-23 13:36:58,39300.0,1000,Sell,234369729
2024-08-23 13:36:58,39300.0,12300,Sell,234369728
2024-08-23 13:36:58,39300.0,1000,Sell,234369730
2024-08-23 13:37:05,39250.0,1100,Sell,234370161
2024-08-23 13:37:05,39250.0,900,Sell,234370162
2024-08-23 13:37:11,39250.0,300,Sell,234370449
2024-08-23 13:37:11,39250.0,800,Sell,234370450
2024-08-23 13:37:11,39250.0,1000,Sell,234370451
2024-08-23 13:37:11,39250.0,10000,Sell,234370452
2024-08-23 13:37:11,39250.0,500,Sell,234370453
2024-08-23 13:37:13,39250.0,5000,Buy,234370634
2024-08-23 13:37:29,39000.0,1000,Sell,234371574
2024-08-23 13:37:29,39000.0,3000,Sell,234371575
2024-08-23 13:37:29,39000.0,100,Sell,234371576
2024-08-23 13:37:29,39000.0,100,Sell,234371577
2024-08-23 13:37:29,39000.0,12300,Sell,234371583
2024-08-23 13:37:29,39000.0,1000,Sell,234371579
2024-08-23 13:37:29,39000.0,100,Sell,234371580
2024-08-23 13:37:29,39000.0,400,Sell,234371581
2024-08-23 13:37:29,39000.0,1000,Sell,234371582
2024-08-23 13:37:29,39000.0,1400,Sell,234371573
2024-08-23 13:37:29,39000.0,500,Sell,234371578
2024-08-23 13:37:29,39050.0,5000,Sell,234371572
2024-08-23 13:37:29,39100.0,5000,Sell,234371566
2024-08-23 13:37:29,39050.0,100,Sell,234371570
2024-08-23 13:37:29,39050.0,1000,Sell,234371569
2024-08-23 13:37:29,39050.0,1000,Sell,234371568
2024-08-23 13:37:29,39050.0,400,Sell,234371567
2024-08-23 13:37:29,39150.0,200,Sell,234371565
2024-08-23 13:37:29,39150.0,5000,Sell,234371564
2024-08-23 13:37:29,39150.0,2000,Sell,234371563
2024-08-23 13:37:29,39200.0,100,Sell,234371562
2024-08-23 13:37:29,39200.0,2000,Sell,234371561
2024-08-23 13:37:29,39200.0,100,Sell,234371560
2024-08-23 13:37:29,39200.0,200,Sell,234371559
2024-08-23 13:37:29,39200.0,5800,Sell,234371558
2024-08-23 13:37:29,39050.0,1200,Sell,234371571
2024-08-23 13:37:36,39000.0,200,Sell,234371979
2024-08-23 13:37:43,39000.0,1300,Sell,234372378
2024-08-23 13:37:43,39050.0,600,Sell,234372376
2024-08-23 13:37:43,39050.0,100,Sell,234372377
2024-08-23 13:37:51,39050.0,3500,Sell,234372877
2024-08-23 13:37:59,39200.0,5000,Buy,234373184
2024-08-23 13:38:08,39200.0,100,Buy,234373614
2024-08-23 13:38:14,39200.0,100,Sell,234373849
2024-08-23 13:38:15,39200.0,100,Sell,234373890
2024-08-23 13:38:20,39200.0,100,Buy,234374097
2024-08-23 13:38:29,39200.0,100,Buy,234374517
2024-08-23 13:38:33,39200.0,400,Sell,234374660
2024-08-23 13:38:34,39250.0,7000,Buy,234374675
2024-08-23 13:38:35,39250.0,1700,Buy,234374710
2024-08-23 13:38:40,39250.0,1100,Sell,234374869
2024-08-23 13:38:42,39250.0,200,Sell,234374960
2024-08-23 13:38:42,39200.0,1500,Sell,234374961
2024-08-23 13:38:46,39200.0,100,Buy,234375049
2024-08-23 13:38:59,39200.0,2000,Buy,234375694
2024-08-23 13:38:59,39200.0,100,Buy,234375695
2024-08-23 13:39:01,39150.0,500,Sell,234375781
2024-08-23 13:39:01,39150.0,100,Buy,234375816
2024-08-23 13:39:18,39150.0,500,Buy,234376490
2024-08-23 13:39:21,39150.0,1900,Buy,234376589
2024-08-23 13:39:27,39150.0,100,Sell,234376842
2024-08-23 13:39:27,39150.0,100,Sell,234376843
2024-08-23 13:39:28,39200.0,400,Buy,234376911
2024-08-23 13:39:31,39150.0,100,Sell,234376989
2024-08-23 13:39:41,39150.0,100,Buy,234377346
2024-08-23 13:40:07,39150.0,100,Buy,234378456
2024-08-23 13:40:22,39150.0,100,Buy,234379227
2024-08-23 13:40:22,39150.0,300,Buy,234379228
2024-08-23 13:40:23,39150.0,300,Buy,234379245
2024-08-23 13:40:27,39100.0,5000,Sell,234379344
2024-08-23 13:40:27,39100.0,500,Sell,234379345
2024-08-23 13:40:27,39100.0,3000,Sell,234379346
2024-08-23 13:40:27,39100.0,200,Sell,234379347
2024-08-23 13:40:27,39100.0,6800,Sell,234379348
2024-08-23 13:40:27,39150.0,200,Sell,234379343
2024-08-23 13:40:35,39100.0,500,Sell,234379680
2024-08-23 13:40:42,39100.0,1800,Sell,234379952
2024-08-23 13:40:58,39100.0,1000,Buy,234380542
2024-08-23 13:40:58,39100.0,100,Buy,234380541
2024-08-23 13:41:00,39100.0,400,Buy,234380610
2024-08-23 13:41:00,39100.0,100,Buy,234380597
2024-08-23 13:41:01,39100.0,100,Buy,234380640
2024-08-23 13:41:24,39100.0,500,Buy,234381603
2024-08-23 13:41:25,39100.0,100,Buy,234381637
2024-08-23 13:41:27,39100.0,900,Buy,234381679
2024-08-23 13:41:27,39100.0,1100,Buy,234381680
2024-08-23 13:41:33,39100.0,800,Buy,234381902
2024-08-23 13:41:51,39100.0,1500,Sell,234382479
2024-08-23 13:42:10,39200.0,500,Buy,234383096
2024-08-23 13:42:26,39200.0,500,Buy,234383555
2024-08-23 13:42:32,39200.0,200,Buy,234383716
2024-08-23 13:42:35,39200.0,700,Buy,234383834
2024-08-23 13:43:16,39100.0,400,Sell,234385273
2024-08-23 13:43:16,39100.0,100,Sell,234385274
2024-08-23 13:43:16,39100.0,300,Sell,234385275
2024-08-23 13:43:31,39200.0,100,Buy,234385793
2024-08-23 13:44:08,39200.0,100,Buy,234386932
2024-08-23 13:44:30,39200.0,100,Buy,234387639
2024-08-23 13:44:33,39100.0,1000,Sell,234387710
2024-08-23 13:44:52,39150.0,100,Sell,234388265
2024-08-23 13:44:55,39150.0,100,Sell,234388380
2024-08-23 13:45:04,39150.0,100,Sell,234388735
2024-08-23 13:45:13,39150.0,500,Buy,234389008
2024-08-23 13:45:18,39100.0,200,Sell,234389188
2024-08-23 13:45:20,39100.0,700,Sell,234389236
2024-08-23 13:45:20,39100.0,300,Sell,234389237
2024-08-23 13:45:28,39100.0,1000,Sell,234389545
2024-08-23 13:45:29,39100.0,3000,Sell,234389548
2024-08-23 13:45:33,39100.0,400,Sell,234389682
2024-08-23 13:45:35,39100.0,1000,Sell,234389797
2024-08-23 13:45:35,39100.0,3000,Sell,234389798
2024-08-23 13:45:35,39100.0,1600,Sell,234389799
2024-08-23 13:45:36,39100.0,400,Sell,234389847
2024-08-23 13:45:36,39100.0,100,Sell,234389848
2024-08-23 13:45:37,39100.0,1900,Sell,234389864
2024-08-23 13:45:37,39100.0,100,Sell,234389865
2024-08-23 13:45:39,39100.0,900,Sell,234389924
2024-08-23 13:45:59,39100.0,1300,Buy,234390639
2024-08-23 13:46:00,39100.0,100,Buy,234390708
2024-08-23 13:46:23,39100.0,1600,Buy,234391426
2024-08-23 13:46:23,39100.0,400,Buy,234391427
2024-08-23 13:46:30,39100.0,300,Buy,234391588
2024-08-23 13:46:30,39100.0,100,Buy,234391587
2024-08-23 13:46:30,39100.0,600,Buy,234391586
2024-08-23 13:46:30,39050.0,3800,Sell,234391567
2024-08-23 13:46:38,39100.0,600,Sell,234391826
2024-08-23 13:46:38,39100.0,700,Sell,234391828
2024-08-23 13:46:55,39100.0,500,Sell,234392299
2024-08-23 13:46:59,39050.0,5000,Sell,234392541
2024-08-23 13:46:59,39050.0,200,Sell,234392540
2024-08-23 13:46:59,39050.0,100,Sell,234392539
2024-08-23 13:46:59,39050.0,4800,Sell,234392542
2024-08-23 13:46:59,39100.0,200,Sell,234392537
2024-08-23 13:46:59,39100.0,400,Sell,234392536
2024-08-23 13:46:59,39100.0,3100,Sell,234392535
2024-08-23 13:46:59,39050.0,2700,Sell,234392538
2024-08-23 13:47:01,39150.0,100,Buy,234392590
2024-08-23 13:47:01,39150.0,400,Buy,234392591
2024-08-23 13:47:11,39100.0,100,Sell,234392930
2024-08-23 13:47:32,39100.0,400,Sell,234393497
2024-08-23 13:47:32,39100.0,100,Sell,234393498
2024-08-23 13:47:32,39100.0,1400,Sell,234393499
2024-08-23 13:47:32,39100.0,100,Sell,234393500
2024-08-23 13:47:33,39100.0,400,Sell,234393540
2024-08-23 13:47:33,39050.0,3100,Sell,234393541
2024-08-23 13:48:25,39050.0,1200,Sell,234395093
2024-08-23 13:48:25,39050.0,5000,Sell,234395089
2024-08-23 13:48:25,39050.0,1000,Sell,234395090
2024-08-23 13:48:37,39000.0,900,Sell,234395469
2024-08-23 13:48:37,39000.0,400,Sell,234395403
2024-08-23 13:48:37,39000.0,1000,Sell,234395404
2024-08-23 13:48:37,39000.0,300,Sell,234395405
2024-08-23 13:48:37,39000.0,500,Sell,234395406
2024-08-23 13:48:37,39000.0,200,Sell,234395407
2024-08-23 13:48:37,39000.0,200,Sell,234395408
2024-08-23 13:48:37,39000.0,1500,Sell,234395409
2024-08-23 13:48:37,39000.0,1000,Sell,234395402
2024-08-23 13:48:37,39000.0,300,Sell,234395411
2024-08-23 13:48:37,39000.0,1000,Sell,234395412
2024-08-23 13:48:37,39000.0,1000,Sell,234395413
2024-08-23 13:48:37,39000.0,1300,Sell,234395414
2024-08-23 13:48:37,39000.0,700,Sell,234395460
2024-08-23 13:48:37,39000.0,3000,Sell,234395467
2024-08-23 13:48:37,39000.0,500,Sell,234395468
2024-08-23 13:48:37,39000.0,400,Sell,234395410
2024-08-23 13:48:37,39000.0,500,Sell,234395401
2024-08-23 13:48:37,39000.0,16200,Sell,234395391
2024-08-23 13:48:37,39000.0,200,Sell,234395399
2024-08-23 13:48:37,39000.0,300,Sell,234395400
2024-08-23 13:48:37,39050.0,8700,Sell,234395382
2024-08-23 13:48:37,39050.0,10000,Sell,234395383
2024-08-23 13:48:37,39050.0,100,Sell,234395384
2024-08-23 13:48:37,39050.0,5000,Sell,234395385
2024-08-23 13:48:37,39050.0,200,Sell,234395386
2024-08-23 13:48:37,39050.0,2000,Sell,234395387
2024-08-23 13:48:37,39050.0,200,Sell,234395388
2024-08-23 13:48:37,39050.0,100,Sell,234395390
2024-08-23 13:48:37,39050.0,500,Sell,234395389
2024-08-23 13:48:37,39000.0,200,Sell,234395392
2024-08-23 13:48:37,39000.0,100,Sell,234395393
2024-08-23 13:48:37,39000.0,100,Sell,234395394
2024-08-23 13:48:37,39000.0,900,Sell,234395395
2024-08-23 13:48:37,39000.0,100,Sell,234395396
2024-08-23 13:48:37,39000.0,500,Sell,234395397
2024-08-23 13:48:37,39000.0,2000,Sell,234395398
2024-08-23 13:48:40,39100.0,200,Buy,234395526
2024-08-23 13:48:48,39050.0,100,Sell,234395792
2024-08-23 13:49:10,39050.0,200,Sell,234396394
2024-08-23 13:49:10,39050.0,100,Sell,234396395
2024-08-23 13:49:10,39050.0,1200,Sell,234396396
2024-08-23 13:49:25,39050.0,700,Sell,234396982
2024-08-23 13:49:33,39050.0,700,Sell,234397184
2024-08-23 13:49:43,39100.0,1200,Buy,234397562
2024-08-23 13:49:43,39100.0,100,Buy,234397559
2024-08-23 13:49:43,39100.0,600,Buy,234397560
2024-08-23 13:49:43,39100.0,100,Buy,234397561
2024-08-23 13:49:49,39050.0,100,Sell,234397772
2024-08-23 13:49:59,39050.0,1000,Sell,234398184
2024-08-23 13:50:02,39050.0,400,Sell,234398255
2024-08-23 13:50:12,39050.0,100,Sell,234398510
2024-08-23 13:50:16,39050.0,200,Sell,234398657
2024-08-23 13:50:29,39050.0,500,Sell,234399005
2024-08-23 13:50:32,39050.0,1000,Sell,234399081
2024-08-23 13:50:58,39050.0,3000,Sell,234399767
2024-08-23 13:51:04,39100.0,300,Buy,234399908
2024-08-23 13:51:18,39050.0,500,Sell,234400333
2024-08-23 13:51:20,39100.0,500,Buy,234400373
2024-08-23 13:51:33,39050.0,500,Sell,234400798
2024-08-23 13:51:44,39100.0,100,Buy,234401079
2024-08-23 13:51:59,39100.0,100,Buy,234401522
2024-08-23 13:52:06,39100.0,1000,Buy,234401673
2024-08-23 13:52:10,39100.0,100,Buy,234401758
2024-08-23 13:52:11,39100.0,3700,Buy,234401770
2024-08-23 13:52:11,39100.0,400,Buy,234401771
2024-08-23 13:52:11,39100.0,100,Buy,234401772
2024-08-23 13:52:12,39100.0,400,Sell,234401802
2024-08-23 13:52:17,39100.0,400,Sell,234402006
2024-08-23 13:52:17,39100.0,600,Sell,234402007
2024-08-23 13:52:24,39100.0,400,Sell,234402177
2024-08-23 13:52:32,39100.0,100,Buy,234402461
2024-08-23 13:52:34,39100.0,1000,Buy,234402503
2024-08-23 13:52:38,39100.0,18500,Buy,234402656
2024-08-23 13:52:42,39100.0,400,Sell,234402739
2024-08-23 13:52:53,39150.0,400,Buy,234402975
2024-08-23 13:52:59,39150.0,100,Buy,234403231
2024-08-23 13:53:11,39150.0,100,Buy,234403655
2024-08-23 13:53:21,39150.0,100,Buy,234403884
2024-08-23 13:53:44,39100.0,3800,Sell,234404404
2024-08-23 13:54:22,39100.0,100,Sell,234405382
2024-08-23 13:54:46,39100.0,200,Sell,234406070
2024-08-23 13:54:46,39100.0,100,Sell,234406071
2024-08-23 13:54:46,39100.0,400,Sell,234406072
2024-08-23 13:54:46,39100.0,300,Sell,234406073
2024-08-23 13:54:46,39100.0,500,Sell,234406074
2024-08-23 13:54:52,39100.0,2000,Sell,234406206
2024-08-23 13:55:23,39100.0,200,Sell,234407029
2024-08-23 13:55:30,39100.0,100,Sell,234407178
2024-08-23 13:55:30,39100.0,200,Sell,234407177
2024-08-23 13:55:30,39100.0,500,Sell,234407179
2024-08-23 13:56:05,39100.0,2000,Sell,234408097
2024-08-23 13:56:08,39050.0,34000,Sell,234408160
2024-08-23 13:57:01,39050.0,500,Sell,234409458
2024-08-23 13:57:02,39050.0,5600,Sell,234409501
2024-08-23 13:57:02,39050.0,100,Sell,234409502
2024-08-23 13:57:02,39050.0,500,Sell,234409503
2024-08-23 13:57:02,39050.0,100,Sell,234409504
2024-08-23 13:57:02,39050.0,100,Sell,234409505
2024-08-23 13:57:02,39050.0,400,Sell,234409506
2024-08-23 13:57:02,39050.0,200,Sell,234409507
2024-08-23 13:57:02,39050.0,500,Sell,234409508
2024-08-23 13:57:02,39050.0,200,Sell,234409509
2024-08-23 13:57:02,39050.0,500,Sell,234409510
2024-08-23 13:57:02,39050.0,1800,Sell,234409511
2024-08-23 13:57:04,39050.0,200,Sell,234409549
2024-08-23 13:57:04,39050.0,200,Sell,234409546
2024-08-23 13:57:04,39050.0,400,Sell,234409547
2024-08-23 13:57:04,39050.0,200,Sell,234409548
2024-08-23 13:57:08,39000.0,300,Sell,234409689
2024-08-23 13:57:08,39000.0,2000,Sell,234409683
2024-08-23 13:57:08,39000.0,400,Sell,234409688
2024-08-23 13:57:08,39000.0,4000,Sell,234409687
2024-08-23 13:57:08,39000.0,100,Sell,234409686
2024-08-23 13:57:08,39000.0,400,Sell,234409685
2024-08-23 13:57:08,39000.0,1000,Sell,234409684
2024-08-23 13:57:08,39000.0,200,Sell,234409682
2024-08-23 13:57:08,39000.0,2000,Sell,234409674
2024-08-23 13:57:08,39000.0,10000,Sell,234409680
2024-08-23 13:57:08,39000.0,400,Sell,234409679
2024-08-23 13:57:08,39000.0,1000,Sell,234409678
2024-08-23 13:57:08,39000.0,1500,Sell,234409677
2024-08-23 13:57:08,39000.0,200,Sell,234409676
2024-08-23 13:57:08,39000.0,100,Sell,234409675
2024-08-23 13:57:08,39000.0,6000,Sell,234409681
2024-08-23 13:57:08,39000.0,300,Sell,234409673
2024-08-23 13:57:09,39000.0,500,Buy,234409710
2024-08-23 13:57:21,38950.0,400,Sell,234410048
2024-08-23 13:57:22,38950.0,5000,Sell,234410071
2024-08-23 13:57:25,39000.0,1600,Buy,234410149
2024-08-23 13:57:25,39000.0,5900,Buy,234410150
2024-08-23 13:57:26,39000.0,1000,Sell,234410170
2024-08-23 13:57:46,39000.0,100,Sell,234410546
2024-08-23 13:57:48,39000.0,300,Sell,234410638
2024-08-23 13:57:59,39000.0,200,Sell,234410911
2024-08-23 13:58:01,39000.0,100,Sell,234410957
2024-08-23 13:58:15,39000.0,5000,Sell,234411349
2024-08-23 13:58:18,39000.0,800,Sell,234411439
2024-08-23 13:58:18,39000.0,100,Sell,234411440
2024-08-23 13:58:18,39000.0,1000,Sell,234411448
2024-08-23 13:58:18,39000.0,100,Sell,234411442
2024-08-23 13:58:18,39000.0,100,Sell,234411443
2024-08-23 13:58:18,39000.0,500,Sell,234411444
2024-08-23 13:58:18,39000.0,100,Sell,234411445
2024-08-23 13:58:18,39000.0,200,Sell,234411446
2024-08-23 13:58:18,39000.0,500,Sell,234411447
2024-08-23 13:58:18,39000.0,2000,Sell,234411441
2024-08-23 13:58:22,39000.0,500,Buy,234411536
2024-08-23 13:58:25,39000.0,100,Sell,234411585
2024-08-23 13:58:25,39000.0,500,Sell,234411584
2024-08-23 13:58:25,39000.0,100,Sell,234411586
2024-08-23 13:58:31,39000.0,500,Buy,234411765
2024-08-23 13:58:43,39000.0,300,Buy,234412217
2024-08-23 13:58:43,39000.0,1500,Buy,234412220
2024-08-23 13:58:44,39000.0,100,Buy,234412251
2024-08-23 13:58:56,39000.0,500,Buy,234412578
2024-08-23 13:58:56,38950.0,200,Sell,234412575
2024-08-23 13:58:56,38950.0,300,Sell,234412555
2024-08-23 13:58:56,38950.0,500,Sell,234412562
2024-08-23 13:58:56,38950.0,100,Sell,234412561
2024-08-23 13:58:56,38950.0,1000,Sell,234412560
2024-08-23 13:58:56,38950.0,200,Sell,234412559
2024-08-23 13:58:56,38950.0,600,Sell,234412558
2024-08-23 13:58:56,38950.0,500,Sell,234412557
2024-08-23 13:58:56,38950.0,100,Sell,234412556
2024-08-23 13:58:56,38950.0,1000,Sell,234412574
