time,price,volume,match_type,id
2024-08-28 09:14:59,39000.0,1600,ATO/ATC,235229755
2024-08-28 09:15:18,38900.0,100,Sell,235230291
2024-08-28 09:15:30,38950.0,100,Buy,235230498
2024-08-28 09:15:30,39000.0,900,Buy,235230502
2024-08-28 09:15:30,39000.0,500,Buy,235230501
2024-08-28 09:15:30,38950.0,200,Buy,235230497
2024-08-28 09:15:30,39000.0,100,Buy,235230499
2024-08-28 09:15:30,39000.0,200,Buy,235230500
2024-08-28 09:16:16,38700.0,100,Sell,235231591
2024-08-28 09:16:17,38500.0,200,Sell,235231626
2024-08-28 09:16:17,38700.0,300,Sell,235231624
2024-08-28 09:16:17,38600.0,500,Sell,235231625
2024-08-28 09:17:45,38550.0,200,Sell,235233752
2024-08-28 09:17:45,38550.0,1500,Sell,235233751
2024-08-28 09:17:45,38550.0,100,Sell,235233747
2024-08-28 09:17:45,38550.0,1000,Sell,235233749
2024-08-28 09:17:45,38550.0,2000,Sell,235233748
2024-08-28 09:17:45,38550.0,500,Sell,235233750
2024-08-28 09:17:46,38550.0,700,Buy,235233784
2024-08-28 09:19:08,38700.0,500,Sell,235235868
2024-08-28 09:19:39,38700.0,100,Buy,235236630
2024-08-28 09:20:15,38800.0,100,Buy,235237401
2024-08-28 09:20:15,38800.0,2800,Buy,235237402
2024-08-28 09:20:58,38800.0,100,Buy,235238286
2024-08-28 09:22:28,38800.0,100,Buy,235240022
2024-08-28 09:22:28,38800.0,100,Buy,235240023
2024-08-28 09:23:37,38800.0,300,Buy,235241572
2024-08-28 09:24:30,38700.0,900,Sell,235242616
2024-08-28 09:24:48,38650.0,100,Sell,235242945
2024-08-28 09:25:21,38650.0,400,Sell,235243606
2024-08-28 09:25:21,38650.0,200,Sell,235243604
2024-08-28 09:25:21,38650.0,100,Sell,235243605
2024-08-28 09:25:43,38650.0,100,Sell,235244092
2024-08-28 09:26:05,38700.0,200,Buy,235244516
2024-08-28 09:27:38,38700.0,100,Sell,235246250
2024-08-28 09:27:55,38700.0,100,Sell,235246735
2024-08-28 09:27:55,38700.0,400,Sell,235246736
2024-08-28 09:28:35,38700.0,200,Sell,235247615
2024-08-28 09:28:35,38700.0,100,Sell,235247616
2024-08-28 09:28:35,38700.0,500,Sell,235247617
2024-08-28 09:29:05,38650.0,100,Sell,235248311
2024-08-28 09:29:05,38650.0,200,Sell,235248310
2024-08-28 09:29:05,38650.0,700,Sell,235248308
2024-08-28 09:29:05,38650.0,500,Sell,235248307
2024-08-28 09:29:05,38650.0,1200,Sell,235248309
2024-08-28 09:30:01,38600.0,500,Sell,235249608
2024-08-28 09:30:23,38600.0,900,Sell,235250092
2024-08-28 09:30:23,38600.0,500,Sell,235250091
2024-08-28 09:30:23,38600.0,200,Sell,235250090
2024-08-28 09:30:23,38600.0,200,Sell,235250089
2024-08-28 09:30:23,38600.0,100,Sell,235250088
2024-08-28 09:30:23,38600.0,1000,Sell,235250085
2024-08-28 09:30:23,38600.0,100,Sell,235250086
2024-08-28 09:30:23,38600.0,1000,Sell,235250087
2024-08-28 09:30:23,38600.0,700,Sell,235250081
2024-08-28 09:30:23,38600.0,200,Sell,235250083
2024-08-28 09:30:23,38600.0,1200,Sell,235250084
2024-08-28 09:30:23,38600.0,500,Sell,235250082
2024-08-28 09:30:45,38600.0,100,Buy,235250626
2024-08-28 09:30:46,38550.0,100,Sell,235250645
2024-08-28 09:31:41,38600.0,500,Buy,235252021
2024-08-28 09:31:43,38600.0,100,Buy,235252057
2024-08-28 09:31:43,38600.0,200,Buy,235252062
2024-08-28 09:31:57,38650.0,100,Buy,235252359
2024-08-28 09:32:07,38650.0,200,Buy,235252588
2024-08-28 09:32:12,38650.0,1000,Buy,235252665
2024-08-28 09:32:19,38650.0,1000,Buy,235252809
2024-08-28 09:32:29,38650.0,200,Buy,235253045
2024-08-28 09:32:37,38650.0,300,Sell,235253285
2024-08-28 09:33:07,38650.0,100,Sell,235254168
2024-08-28 09:33:13,38650.0,1000,Sell,235254302
2024-08-28 09:33:13,38650.0,200,Sell,235254303
2024-08-28 09:33:13,38650.0,400,Sell,235254300
2024-08-28 09:33:13,38650.0,100,Sell,235254301
2024-08-28 09:33:19,38650.0,100,Buy,235254406
2024-08-28 09:33:32,38650.0,100,Sell,235254667
2024-08-28 09:34:13,38650.0,300,Sell,235255590
2024-08-28 09:35:41,38650.0,100,Sell,235257489
2024-08-28 09:35:41,38650.0,200,Sell,235257490
2024-08-28 09:35:41,38600.0,800,Sell,235257491
2024-08-28 09:35:41,38600.0,100,Sell,235257492
2024-08-28 09:35:41,38600.0,100,Sell,235257493
2024-08-28 09:35:41,38600.0,300,Sell,235257494
2024-08-28 09:35:41,38600.0,1500,Sell,235257495
2024-08-28 09:35:41,38600.0,1000,Sell,235257496
2024-08-28 09:35:41,38600.0,1800,Sell,235257497
2024-08-28 09:35:48,38650.0,200,Sell,235257739
2024-08-28 09:37:05,38650.0,900,Buy,235259227
2024-08-28 09:37:06,38650.0,1400,Buy,235259249
2024-08-28 09:37:26,38600.0,200,Sell,235259747
2024-08-28 09:37:26,38650.0,600,Sell,235259746
2024-08-28 09:37:26,38600.0,600,Sell,235259748
2024-08-28 09:37:57,38600.0,4100,Sell,235260344
2024-08-28 09:37:57,38600.0,200,Sell,235260343
2024-08-28 09:37:57,38600.0,200,Sell,235260340
2024-08-28 09:37:57,38600.0,100,Sell,235260341
2024-08-28 09:37:57,38600.0,400,Sell,235260342
2024-08-28 09:38:01,38600.0,600,Sell,235260429
2024-08-28 09:38:15,38650.0,100,Buy,235260616
2024-08-28 09:38:18,38650.0,100,Buy,235260685
2024-08-28 09:38:30,38650.0,100,Buy,235260882
2024-08-28 09:39:06,38650.0,500,Buy,235261541
2024-08-28 09:39:14,38650.0,2000,Buy,235261682
2024-08-28 09:39:14,38650.0,1000,Buy,235261684
2024-08-28 09:39:22,38650.0,500,Buy,235261853
2024-08-28 09:39:35,38650.0,100,Buy,235262152
2024-08-28 09:39:47,38650.0,900,Buy,235262356
2024-08-28 09:39:57,38600.0,100,Sell,235262550
2024-08-28 09:40:54,38700.0,200,Buy,235263528
2024-08-28 09:40:54,38700.0,100,Buy,235263529
2024-08-28 09:43:39,38700.0,100,Sell,235266476
2024-08-28 09:43:50,38750.0,100,Buy,235266686
2024-08-28 09:43:50,38750.0,1700,Buy,235266685
2024-08-28 09:44:31,38750.0,1000,Sell,235267390
2024-08-28 09:44:43,38750.0,100,Sell,235267550
2024-08-28 09:45:16,38750.0,100,Sell,235268102
2024-08-28 09:45:26,38800.0,400,Buy,235268455
2024-08-28 09:45:26,38800.0,2100,Buy,235268456
2024-08-28 09:46:00,38800.0,200,Buy,235269324
2024-08-28 09:46:32,38750.0,100,Sell,235270017
2024-08-28 09:46:32,38750.0,100,Sell,235270015
2024-08-28 09:46:32,38750.0,400,Sell,235270014
2024-08-28 09:46:32,38750.0,100,Sell,235270016
2024-08-28 09:47:28,38750.0,500,Buy,235271106
2024-08-28 09:47:28,38750.0,200,Buy,235271107
2024-08-28 09:47:28,38750.0,200,Buy,235271108
2024-08-28 09:47:32,38750.0,300,Sell,235271182
2024-08-28 09:47:36,38750.0,200,Sell,235271325
2024-08-28 09:47:50,38750.0,300,Sell,235271686
2024-08-28 09:48:15,38700.0,100,Sell,235272316
2024-08-28 09:48:31,38700.0,100,Sell,235272662
2024-08-28 09:49:11,38750.0,1000,Buy,235273676
2024-08-28 09:49:49,38700.0,400,Sell,235274394
2024-08-28 09:50:27,38750.0,200,Buy,235275130
2024-08-28 09:50:33,38700.0,100,Sell,235275272
2024-08-28 09:50:33,38700.0,100,Sell,235275271
2024-08-28 09:50:35,38750.0,100,Buy,235275336
2024-08-28 09:50:59,38750.0,1200,Buy,235275811
2024-08-28 09:50:59,38750.0,800,Buy,235275812
2024-08-28 09:51:14,38750.0,200,Buy,235276151
2024-08-28 09:51:14,38750.0,2000,Buy,235276152
2024-08-28 09:51:14,38750.0,700,Buy,235276153
2024-08-28 09:51:16,38750.0,1000,Sell,235276215
2024-08-28 09:52:11,38750.0,100,Sell,235277405
2024-08-28 09:52:11,38750.0,1000,Sell,235277406
2024-08-28 09:52:11,38750.0,1000,Sell,235277407
2024-08-28 09:53:12,38700.0,100,Sell,235278620
2024-08-28 09:53:12,38700.0,500,Sell,235278618
2024-08-28 09:53:12,38700.0,200,Sell,235278619
2024-08-28 09:54:02,38700.0,800,Buy,235279835
2024-08-28 09:54:02,38700.0,200,Buy,235279834
2024-08-28 09:54:36,38700.0,600,Sell,235280590
2024-08-28 09:54:46,38700.0,2000,Sell,235280787
2024-08-28 09:55:50,38700.0,1300,Sell,235282100
2024-08-28 09:55:52,38700.0,300,Sell,235282142
2024-08-28 09:56:06,38750.0,100,Buy,235282447
2024-08-28 09:56:06,38750.0,500,Buy,235282448
2024-08-28 09:57:04,38750.0,300,Buy,235283895
2024-08-28 09:57:57,38750.0,700,Sell,235284796
2024-08-28 09:59:44,38750.0,100,Buy,235286928
2024-08-28 10:00:54,38750.0,100,Buy,235288314
2024-08-28 10:02:15,38700.0,600,Sell,235289809
2024-08-28 10:02:15,38700.0,100,Sell,235289810
2024-08-28 10:02:15,38700.0,1000,Sell,235289811
2024-08-28 10:02:15,38700.0,3300,Sell,235289808
2024-08-28 10:02:31,38700.0,400,Sell,235290154
2024-08-28 10:02:31,38700.0,200,Sell,235290155
2024-08-28 10:02:31,38700.0,500,Sell,235290156
2024-08-28 10:02:31,38700.0,100,Sell,235290157
2024-08-28 10:02:59,38700.0,100,Buy,235290914
2024-08-28 10:03:02,38650.0,200,Sell,235290968
2024-08-28 10:03:14,38650.0,1300,Sell,235291125
2024-08-28 10:03:14,38650.0,200,Sell,235291124
2024-08-28 10:03:14,38650.0,800,Sell,235291120
2024-08-28 10:03:14,38650.0,100,Sell,235291122
2024-08-28 10:03:14,38650.0,200,Sell,235291121
2024-08-28 10:03:14,38650.0,100,Sell,235291123
2024-08-28 10:03:32,38650.0,200,Sell,235291492
2024-08-28 10:03:32,38650.0,200,Sell,235291493
2024-08-28 10:03:32,38650.0,600,Sell,235291494
2024-08-28 10:03:35,38650.0,200,Sell,235291566
2024-08-28 10:04:25,38700.0,500,Buy,235292484
2024-08-28 10:04:58,38700.0,4500,Buy,235293009
2024-08-28 10:04:58,38700.0,5500,Buy,235293010
2024-08-28 10:05:11,38650.0,1700,Sell,235293190
2024-08-28 10:05:11,38650.0,1000,Sell,235293189
2024-08-28 10:05:11,38650.0,100,Sell,235293185
2024-08-28 10:05:11,38650.0,2000,Sell,235293187
2024-08-28 10:05:11,38650.0,100,Sell,235293186
2024-08-28 10:05:11,38650.0,100,Sell,235293188
2024-08-28 10:06:29,38650.0,500,Sell,235294630
2024-08-28 10:07:56,38650.0,1000,Sell,235296092
2024-08-28 10:07:56,38650.0,1000,Sell,235296093
2024-08-28 10:08:04,38650.0,200,Sell,235296327
2024-08-28 10:08:04,38650.0,200,Sell,235296325
2024-08-28 10:08:04,38650.0,500,Sell,235296326
2024-08-28 10:08:32,38650.0,500,Buy,235296893
2024-08-28 10:09:00,38650.0,100,Buy,235297478
2024-08-28 10:09:19,38650.0,500,Buy,235297926
2024-08-28 10:09:19,38650.0,2000,Buy,235297927
2024-08-28 10:09:58,38650.0,2500,Sell,235298646
2024-08-28 10:09:58,38650.0,300,Sell,235298649
2024-08-28 10:10:47,38650.0,500,Sell,235299696
2024-08-28 10:10:47,38650.0,200,Sell,235299695
2024-08-28 10:10:47,38650.0,200,Sell,235299693
2024-08-28 10:10:47,38650.0,100,Sell,235299694
2024-08-28 10:10:48,38650.0,200,Sell,235299703
2024-08-28 10:10:57,38650.0,300,Buy,235299843
2024-08-28 10:11:53,38650.0,100,Buy,235300971
2024-08-28 10:12:43,38650.0,100,Sell,235302049
2024-08-28 10:12:52,38650.0,2000,Sell,235302253
2024-08-28 10:13:19,38650.0,100,Sell,235302911
2024-08-28 10:13:19,38650.0,100,Sell,235302910
2024-08-28 10:13:19,38650.0,2800,Sell,235302909
2024-08-28 10:13:43,38650.0,100,Sell,235303473
2024-08-28 10:13:43,38650.0,100,Sell,235303474
2024-08-28 10:14:34,38650.0,200,Sell,235304596
2024-08-28 10:14:35,38650.0,100,Buy,235304604
2024-08-28 10:15:35,38600.0,100,Sell,235305640
2024-08-28 10:16:07,38600.0,400,Sell,235306233
2024-08-28 10:16:07,38600.0,2200,Sell,235306234
2024-08-28 10:16:07,38600.0,6000,Sell,235306235
2024-08-28 10:16:07,38600.0,100,Sell,235306236
2024-08-28 10:16:07,38600.0,1300,Sell,235306237
2024-08-28 10:16:16,38650.0,600,Buy,235306511
2024-08-28 10:17:17,38650.0,500,Buy,235307649
2024-08-28 10:17:18,38650.0,100,Buy,235307689
2024-08-28 10:17:21,38650.0,500,Buy,235307844
2024-08-28 10:17:21,38650.0,500,Buy,235307845
2024-08-28 10:18:24,38650.0,100,Buy,235308870
2024-08-28 10:18:41,38650.0,400,Buy,235309183
2024-08-28 10:18:41,38650.0,4400,Buy,235309182
2024-08-28 10:20:00,38650.0,800,Sell,235310530
2024-08-28 10:20:00,38650.0,200,Sell,235310529
2024-08-28 10:20:07,38650.0,100,Sell,235310633
2024-08-28 10:20:41,38650.0,1000,Sell,235311059
2024-08-28 10:20:41,38650.0,400,Sell,235311060
2024-08-28 10:20:41,38650.0,600,Sell,235311058
2024-08-28 10:21:16,38650.0,100,Sell,235311563
2024-08-28 10:21:34,38650.0,100,Sell,235311827
2024-08-28 10:23:18,38650.0,300,Sell,235313633
2024-08-28 10:23:32,38650.0,100,Sell,235313811
2024-08-28 10:23:32,38650.0,200,Sell,235313812
2024-08-28 10:23:51,38650.0,100,Buy,235314171
2024-08-28 10:25:34,38650.0,100,Buy,235316189
2024-08-28 10:25:50,38650.0,100,Buy,235316414
2024-08-28 10:26:32,38650.0,100,Buy,235317196
2024-08-28 10:26:32,38650.0,100,Buy,235317197
2024-08-28 10:26:46,38650.0,300,Sell,235317412
2024-08-28 10:27:01,38600.0,200,Sell,235317587
2024-08-28 10:27:04,38650.0,300,Buy,235317659
2024-08-28 10:27:19,38650.0,100,Buy,235317881
2024-08-28 10:27:33,38600.0,100,Sell,235318210
2024-08-28 10:27:43,38600.0,100,Sell,235318315
2024-08-28 10:28:52,38600.0,400,Sell,235319405
2024-08-28 10:28:56,38650.0,1000,Buy,235319454
2024-08-28 10:28:57,38650.0,100,Buy,235319476
2024-08-28 10:29:48,38650.0,1200,Buy,235320215
2024-08-28 10:29:48,38650.0,600,Buy,235320216
2024-08-28 10:29:48,38650.0,200,Buy,235320217
2024-08-28 10:30:16,38650.0,1800,Buy,235320736
2024-08-28 10:30:39,38650.0,1000,Sell,235321069
2024-08-28 10:31:49,38650.0,300,Sell,235322079
2024-08-28 10:32:55,38650.0,500,Sell,235323064
2024-08-28 10:33:39,38650.0,1000,Sell,235323641
2024-08-28 10:36:24,38650.0,100,Sell,235326463
2024-08-28 10:36:24,38650.0,400,Sell,235326461
2024-08-28 10:36:24,38650.0,100,Sell,235326462
2024-08-28 10:39:48,38650.0,900,Sell,235330581
2024-08-28 10:39:48,38650.0,1500,Sell,235330582
2024-08-28 10:40:24,38700.0,500,Buy,235331146
2024-08-28 10:40:24,38700.0,200,Buy,235331147
2024-08-28 10:41:07,38700.0,1000,Buy,235331889
2024-08-28 10:41:26,38700.0,1000,Buy,235332253
2024-08-28 10:41:54,38650.0,800,Sell,235332685
2024-08-28 10:41:57,38700.0,1000,Buy,235332722
2024-08-28 10:41:57,38700.0,800,Buy,235332723
2024-08-28 10:41:57,38700.0,100,Buy,235332721
2024-08-28 10:41:57,38700.0,100,Buy,235332718
2024-08-28 10:41:57,38700.0,100,Buy,235332719
2024-08-28 10:41:57,38700.0,100,Buy,235332720
2024-08-28 10:41:57,38700.0,2800,Buy,235332717
2024-08-28 10:42:18,38700.0,100,Buy,235332955
2024-08-28 10:42:18,38700.0,400,Buy,235332956
2024-08-28 10:42:18,38700.0,100,Buy,235332957
2024-08-28 10:42:18,38700.0,100,Buy,235332958
2024-08-28 10:42:34,38750.0,100,Buy,235333142
2024-08-28 10:42:34,38750.0,300,Buy,235333134
2024-08-28 10:42:34,38750.0,5000,Buy,235333135
2024-08-28 10:42:34,38750.0,200,Buy,235333136
2024-08-28 10:42:34,38750.0,100,Buy,235333137
2024-08-28 10:42:34,38750.0,3000,Buy,235333138
2024-08-28 10:42:34,38750.0,200,Buy,235333139
2024-08-28 10:42:34,38750.0,1000,Buy,235333140
2024-08-28 10:42:34,38750.0,100,Buy,235333141
2024-08-28 10:42:35,38700.0,100,Sell,235333152
2024-08-28 10:43:08,38700.0,100,Buy,235333730
2024-08-28 10:43:17,38700.0,500,Buy,235333857
2024-08-28 10:43:57,38750.0,200,Buy,235334561
2024-08-28 10:43:57,38750.0,1000,Buy,235334562
2024-08-28 10:43:57,38750.0,1500,Buy,235334563
2024-08-28 10:43:57,38750.0,300,Buy,235334560
2024-08-28 10:44:07,38750.0,100,Buy,235334708
2024-08-28 10:45:53,38750.0,400,Sell,235335940
2024-08-28 10:45:53,38750.0,600,Sell,235335941
2024-08-28 10:47:13,38750.0,100,Sell,235337223
2024-08-28 10:47:13,38750.0,1400,Sell,235337221
2024-08-28 10:47:13,38750.0,1000,Sell,235337222
2024-08-28 10:47:42,38750.0,500,Buy,235337601
2024-08-28 10:47:42,38750.0,200,Buy,235337602
2024-08-28 10:49:23,38800.0,100,Buy,235339046
2024-08-28 10:49:23,38800.0,500,Buy,235339047
2024-08-28 10:49:23,38800.0,100,Buy,235339048
2024-08-28 10:49:23,38800.0,2000,Buy,235339049
2024-08-28 10:49:23,38800.0,3600,Buy,235339050
2024-08-28 10:49:25,38800.0,4600,Buy,235339074
2024-08-28 10:49:25,38800.0,3000,Buy,235339073
2024-08-28 10:49:25,38800.0,6400,Buy,235339072
2024-08-28 10:49:27,38800.0,300,Buy,235339102
2024-08-28 10:49:32,38800.0,100,Buy,235339148
2024-08-28 10:49:34,38800.0,5000,Buy,235339169
2024-08-28 10:49:34,38800.0,100,Buy,235339170
2024-08-28 10:49:34,38800.0,500,Buy,235339171
2024-08-28 10:49:34,38800.0,1000,Buy,235339172
2024-08-28 10:49:34,38800.0,2000,Buy,235339173
2024-08-28 10:49:54,38850.0,100,Buy,235339382
2024-08-28 10:49:54,38850.0,5000,Buy,235339381
2024-08-28 10:49:54,38850.0,300,Buy,235339380
2024-08-28 10:50:17,38900.0,100,Buy,235339632
2024-08-28 10:50:17,38900.0,100,Buy,235339633
2024-08-28 10:50:20,38850.0,800,Sell,235339662
2024-08-28 10:50:20,38850.0,1200,Sell,235339663
2024-08-28 10:50:37,38900.0,500,Buy,235339910
2024-08-28 10:50:37,38900.0,1700,Buy,235339909
2024-08-28 10:50:37,38900.0,1000,Buy,235339908
2024-08-28 10:50:37,38900.0,200,Buy,235339907
2024-08-28 10:50:37,38900.0,100,Buy,235339905
2024-08-28 10:50:37,38900.0,4700,Buy,235339903
2024-08-28 10:50:37,38900.0,100,Buy,235339906
2024-08-28 10:50:37,38900.0,500,Buy,235339904
2024-08-28 10:51:05,38950.0,100,Buy,235340285
2024-08-28 10:51:05,38950.0,100,Buy,235340283
2024-08-28 10:51:05,38950.0,100,Buy,235340284
2024-08-28 10:51:11,38950.0,100,Buy,235340364
2024-08-28 10:52:00,38950.0,300,Sell,235341271
2024-08-28 10:52:00,38950.0,100,Sell,235341272
2024-08-28 10:52:00,38950.0,1200,Sell,235341273
2024-08-28 10:52:00,38950.0,400,Sell,235341270
2024-08-28 10:52:09,39000.0,3000,Buy,235341401
2024-08-28 10:52:10,39000.0,700,Buy,235341415
2024-08-28 10:52:21,39000.0,4300,Buy,235341637
2024-08-28 10:52:21,39000.0,100,Buy,235341638
2024-08-28 10:52:21,39000.0,500,Buy,235341639
2024-08-28 10:52:21,39000.0,5000,Buy,235341640
2024-08-28 10:52:21,39000.0,100,Buy,235341641
2024-08-28 10:52:33,39000.0,200,Buy,235341823
2024-08-28 10:52:35,39000.0,200,Buy,235341875
2024-08-28 10:52:36,39000.0,300,Buy,235341905
2024-08-28 10:52:41,39000.0,1000,Buy,235341986
2024-08-28 10:52:41,39000.0,100,Buy,235341987
2024-08-28 10:52:47,39000.0,400,Buy,235342066
2024-08-28 10:52:47,39000.0,100,Buy,235342065
2024-08-28 10:52:47,39000.0,100,Buy,235342064
2024-08-28 10:52:47,39000.0,300,Buy,235342063
2024-08-28 10:52:47,39000.0,1000,Buy,235342062
2024-08-28 10:52:47,39000.0,2000,Buy,235342059
2024-08-28 10:52:47,39000.0,1500,Buy,235342060
2024-08-28 10:52:47,39000.0,1500,Buy,235342057
2024-08-28 10:52:47,39000.0,900,Buy,235342056
2024-08-28 10:52:47,39000.0,200,Buy,235342061
2024-08-28 10:52:47,39000.0,2000,Buy,235342058
2024-08-28 10:52:48,39000.0,1100,Buy,235342096
2024-08-28 10:52:50,39000.0,500,Buy,235342127
2024-08-28 10:52:51,39000.0,800,Buy,235342143
2024-08-28 10:52:51,39000.0,100,Buy,235342144
2024-08-28 10:52:51,39000.0,1300,Buy,235342145
2024-08-28 10:52:54,39000.0,1000,Buy,235342171
2024-08-28 10:52:56,39000.0,400,Buy,235342201
2024-08-28 10:52:56,39000.0,2000,Buy,235342206
2024-08-28 10:52:56,39000.0,100,Buy,235342203
2024-08-28 10:52:56,39000.0,400,Buy,235342202
2024-08-28 10:52:56,39000.0,1000,Buy,235342196
2024-08-28 10:52:56,39000.0,100,Buy,235342194
2024-08-28 10:52:56,39000.0,1000,Buy,235342193
2024-08-28 10:52:56,39000.0,100,Buy,235342192
2024-08-28 10:52:56,39000.0,700,Buy,235342191
2024-08-28 10:52:56,39000.0,100,Buy,235342195
2024-08-28 10:52:58,39000.0,2000,Buy,235342231
2024-08-28 10:52:59,39000.0,600,Buy,235342247
2024-08-28 10:53:03,39000.0,1900,Buy,235342304
2024-08-28 10:53:03,39000.0,500,Buy,235342303
2024-08-28 10:53:03,39000.0,500,Buy,235342302
2024-08-28 10:53:03,39000.0,700,Buy,235342301
2024-08-28 10:53:03,39000.0,1000,Buy,235342300
2024-08-28 10:53:03,39000.0,2000,Buy,235342299
2024-08-28 10:53:03,39000.0,100,Buy,235342298
2024-08-28 10:53:03,39000.0,100,Buy,235342297
2024-08-28 10:53:03,39000.0,200,Buy,235342296
2024-08-28 10:53:03,39000.0,300,Buy,235342295
2024-08-28 10:53:03,39000.0,2600,Buy,235342294
2024-08-28 10:53:04,39000.0,100,Buy,235342323
2024-08-28 10:53:05,39000.0,100,Buy,235342347
2024-08-28 10:53:07,39000.0,100,Buy,235342377
2024-08-28 10:53:07,39000.0,200,Buy,235342376
2024-08-28 10:53:07,39000.0,100,Buy,235342375
2024-08-28 10:53:07,39000.0,900,Buy,235342371
2024-08-28 10:53:07,39000.0,3000,Buy,235342373
2024-08-28 10:53:07,39000.0,100,Buy,235342372
2024-08-28 10:53:07,39000.0,500,Buy,235342374
2024-08-28 10:53:20,39000.0,500,Sell,235342584
2024-08-28 10:53:20,39050.0,1000,Buy,235342592
2024-08-28 10:53:20,39050.0,100,Buy,235342593
2024-08-28 10:53:20,39050.0,1000,Buy,235342594
2024-08-28 10:53:20,39050.0,1000,Buy,235342595
2024-08-28 10:53:20,39050.0,500,Buy,235342596
2024-08-28 10:53:23,39050.0,400,Sell,235342632
2024-08-28 10:53:23,39000.0,2600,Sell,235342633
2024-08-28 10:53:31,39050.0,100,Sell,235342837
2024-08-28 10:53:35,39050.0,100,Sell,235342894
2024-08-28 10:53:35,39050.0,400,Sell,235342895
2024-08-28 10:53:38,39100.0,300,Buy,235342926
2024-08-28 10:53:38,39100.0,500,Buy,235342924
2024-08-28 10:53:38,39100.0,100,Buy,235342925
2024-08-28 10:53:38,39100.0,200,Buy,235342922
2024-08-28 10:53:38,39100.0,100,Buy,235342923
2024-08-28 10:53:38,39100.0,100,Buy,235342921
2024-08-28 10:53:42,39100.0,500,Buy,235342996
2024-08-28 10:53:42,39100.0,100,Buy,235342995
2024-08-28 10:53:42,39100.0,1700,Buy,235342991
2024-08-28 10:53:42,39100.0,5000,Buy,235342993
2024-08-28 10:53:42,39100.0,500,Buy,235342992
2024-08-28 10:53:42,39100.0,2200,Buy,235342994
2024-08-28 10:53:53,39100.0,500,Sell,235343151
2024-08-28 10:54:01,39150.0,200,Buy,235343287
2024-08-28 10:54:01,39150.0,100,Buy,235343288
2024-08-28 10:54:01,39150.0,100,Buy,235343289
2024-08-28 10:54:01,39150.0,100,Buy,235343290
2024-08-28 10:54:01,39150.0,1000,Buy,235343291
2024-08-28 10:54:01,39150.0,10000,Buy,235343292
2024-08-28 10:54:01,39150.0,400,Buy,235343293
2024-08-28 10:54:18,39200.0,500,Buy,235343509
2024-08-28 10:54:21,39200.0,500,Buy,235343582
2024-08-28 10:54:21,39200.0,100,Buy,235343583
2024-08-28 10:54:21,39200.0,200,Buy,235343584
2024-08-28 10:54:21,39200.0,200,Buy,235343585
2024-08-28 10:54:25,39200.0,100,Buy,235343640
2024-08-28 10:54:25,39200.0,800,Buy,235343638
2024-08-28 10:54:25,39200.0,200,Buy,235343639
2024-08-28 10:54:26,39200.0,900,Buy,235343650
2024-08-28 10:54:26,39200.0,100,Buy,235343651
2024-08-28 10:54:26,39200.0,100,Buy,235343652
2024-08-28 10:54:26,39200.0,100,Buy,235343653
2024-08-28 10:54:26,39200.0,100,Buy,235343654
2024-08-28 10:54:31,39200.0,500,Sell,235343765
2024-08-28 10:54:49,39200.0,100,Sell,235344007
2024-08-28 10:54:55,39200.0,100,Sell,235344118
2024-08-28 10:54:55,39200.0,1200,Sell,235344117
2024-08-28 10:54:55,39200.0,2000,Sell,235344116
2024-08-28 10:54:55,39200.0,400,Sell,235344115
2024-08-28 10:54:55,39200.0,2100,Sell,235344111
2024-08-28 10:54:55,39200.0,900,Sell,235344113
2024-08-28 10:54:55,39200.0,100,Sell,235344112
2024-08-28 10:54:55,39200.0,3100,Sell,235344110
2024-08-28 10:54:55,39200.0,100,Sell,235344114
2024-08-28 10:55:02,39200.0,400,Buy,235344210
2024-08-28 10:55:02,39200.0,500,Buy,235344209
2024-08-28 10:55:02,39200.0,100,Buy,235344208
2024-08-28 10:55:09,39200.0,1700,Buy,235344341
2024-08-28 10:55:10,39200.0,100,Buy,235344361
2024-08-28 10:55:10,39200.0,100,Buy,235344368
2024-08-28 10:55:10,39200.0,100,Buy,235344367
2024-08-28 10:55:10,39200.0,200,Buy,235344366
2024-08-28 10:55:10,39200.0,1200,Buy,235344360
2024-08-28 10:55:10,39200.0,4000,Buy,235344364
2024-08-28 10:55:10,39200.0,100,Buy,235344363
2024-08-28 10:55:10,39200.0,500,Buy,235344362
2024-08-28 10:55:10,39200.0,100,Buy,235344365
2024-08-28 10:55:16,39200.0,500,Sell,235344445
2024-08-28 10:55:18,39200.0,100,Sell,235344471
2024-08-28 10:55:20,39200.0,500,Sell,235344509
2024-08-28 10:55:26,39200.0,500,Sell,235344599
2024-08-28 10:55:28,39200.0,1000,Buy,235344625
2024-08-28 10:55:28,39200.0,500,Buy,235344626
2024-08-28 10:55:30,39200.0,400,Buy,235344658
2024-08-28 10:55:31,39200.0,300,Buy,235344673
2024-08-28 10:55:31,39200.0,100,Buy,235344672
2024-08-28 10:55:34,39200.0,200,Buy,235344717
2024-08-28 10:55:38,39200.0,100,Buy,235344805
2024-08-28 10:55:38,39200.0,800,Buy,235344804
2024-08-28 10:55:38,39200.0,100,Buy,235344806
2024-08-28 10:55:39,39150.0,200,Sell,235344814
2024-08-28 10:55:41,39200.0,400,Buy,235344832
2024-08-28 10:55:41,39200.0,100,Sell,235344842
2024-08-28 10:55:49,39200.0,900,Buy,235344982
2024-08-28 10:55:54,39200.0,100,Sell,235345103
2024-08-28 10:56:05,39200.0,2000,Buy,235345366
2024-08-28 10:56:05,39200.0,1000,Buy,235345368
2024-08-28 10:56:05,39200.0,200,Buy,235345367
2024-08-28 10:56:08,39200.0,600,Sell,235345416
2024-08-28 10:56:11,39200.0,500,Sell,235345480
2024-08-28 10:56:15,39200.0,100,Sell,235345560
2024-08-28 10:56:25,39250.0,100,Buy,235345676
2024-08-28 10:56:48,39200.0,1000,Sell,235346042
2024-08-28 10:56:48,39200.0,1300,Sell,235346044
2024-08-28 10:56:48,39200.0,200,Sell,235346043
2024-08-28 10:56:48,39200.0,1300,Sell,235346041
2024-08-28 10:56:48,39200.0,100,Sell,235346039
2024-08-28 10:56:48,39200.0,200,Sell,235346040
2024-08-28 10:56:48,39200.0,600,Sell,235346038
2024-08-28 10:56:53,39250.0,7500,Sell,235346127
2024-08-28 10:56:53,39250.0,100,Buy,235346120
2024-08-28 10:56:53,39250.0,2000,Buy,235346118
2024-08-28 10:56:53,39250.0,100,Buy,235346117
2024-08-28 10:56:53,39250.0,500,Buy,235346116
2024-08-28 10:56:53,39250.0,500,Buy,235346115
2024-08-28 10:56:53,39250.0,200,Buy,235346114
2024-08-28 10:56:53,39250.0,5000,Buy,235346113
2024-08-28 10:56:53,39250.0,100,Buy,235346112
2024-08-28 10:56:53,39200.0,100,Buy,235346102
2024-08-28 10:56:53,39250.0,100,Buy,235346110
2024-08-28 10:56:53,39250.0,100,Buy,235346111
2024-08-28 10:56:53,39250.0,100,Buy,235346103
2024-08-28 10:56:53,39250.0,100,Buy,235346104
2024-08-28 10:56:53,39250.0,200,Buy,235346105
2024-08-28 10:56:53,39250.0,500,Buy,235346119
2024-08-28 10:56:53,39250.0,2000,Buy,235346107
2024-08-28 10:56:53,39250.0,500,Buy,235346108
2024-08-28 10:56:53,39250.0,6000,Buy,235346109
2024-08-28 10:56:53,39250.0,100,Buy,235346106
2024-08-28 10:56:56,39250.0,100,Sell,235346161
2024-08-28 10:56:57,39250.0,500,Sell,235346182
2024-08-28 10:56:58,39250.0,1400,Sell,235346184
2024-08-28 10:57:08,39150.0,1000,Sell,235346353
2024-08-28 10:57:13,39150.0,1900,Sell,235346445
2024-08-28 10:57:13,39150.0,100,Sell,235346446
2024-08-28 10:57:21,39150.0,300,Sell,235346524
2024-08-28 10:57:39,39150.0,300,Sell,235346836
2024-08-28 10:57:39,39150.0,1600,Sell,235346835
2024-08-28 10:57:54,39100.0,4000,Sell,235347237
2024-08-28 10:58:16,39100.0,300,Sell,235347751
2024-08-28 10:58:16,39100.0,200,Sell,235347752
2024-08-28 10:58:41,39100.0,600,Buy,235348479
2024-08-28 10:58:41,39100.0,100,Buy,235348480
2024-08-28 10:58:52,39100.0,2600,Sell,235348758
2024-08-28 10:59:09,39000.0,500,Sell,235349225
2024-08-28 10:59:09,39000.0,100,Sell,235349224
2024-08-28 10:59:09,39000.0,5000,Sell,235349223
2024-08-28 10:59:51,39000.0,600,Sell,235350064
2024-08-28 11:00:20,39000.0,500,Sell,235350789
2024-08-28 11:00:27,39000.0,400,Sell,235350964
2024-08-28 11:00:40,39000.0,100,Buy,235351207
2024-08-28 11:01:09,39000.0,300,Buy,235351900
2024-08-28 11:01:53,39000.0,100,Sell,235353221
2024-08-28 11:01:56,39000.0,300,Sell,235353416
2024-08-28 11:01:56,39000.0,100,Sell,235353417
2024-08-28 11:02:13,39000.0,100,Buy,235354435
2024-08-28 11:02:31,39000.0,100,Buy,235355221
2024-08-28 11:02:50,39000.0,100,Buy,235356151
2024-08-28 11:02:50,39000.0,300,Buy,235356152
2024-08-28 11:02:50,39000.0,400,Buy,235356150
2024-08-28 11:03:04,39000.0,1500,Sell,235357012
2024-08-28 11:03:09,38950.0,1000,Sell,235357312
2024-08-28 11:03:25,39000.0,100,Buy,235358289
2024-08-28 11:03:27,39000.0,900,Sell,235358397
2024-08-28 11:03:29,39000.0,3000,Sell,235358575
2024-08-28 11:03:33,39000.0,200,Sell,235358729
2024-08-28 11:03:35,39000.0,1800,Sell,235358848
2024-08-28 11:03:48,39000.0,100,Sell,235359729
2024-08-28 11:04:09,39000.0,2000,Sell,235360876
2024-08-28 11:04:31,38950.0,500,Sell,235362101
2024-08-28 11:04:42,38950.0,100,Sell,235362665
2024-08-28 11:04:57,38950.0,1400,Sell,235363346
2024-08-28 11:04:57,38950.0,4000,Sell,235363347
2024-08-28 11:04:57,38950.0,1000,Sell,235363348
2024-08-28 11:04:57,38950.0,100,Sell,235363349
2024-08-28 11:04:57,38950.0,4500,Sell,235363350
2024-08-28 11:05:20,38900.0,400,Sell,235364512
2024-08-28 11:05:20,38900.0,100,Sell,235364511
2024-08-28 11:05:33,38900.0,3000,Sell,235365239
2024-08-28 11:05:38,38900.0,2700,Sell,235365549
2024-08-28 11:05:40,38900.0,3000,Sell,235365649
2024-08-28 11:05:53,38900.0,900,Sell,235366523
2024-08-28 11:05:53,38900.0,100,Sell,235366524
2024-08-28 11:05:56,38900.0,900,Sell,235366692
2024-08-28 11:06:21,38850.0,1000,Sell,235368182
2024-08-28 11:06:41,38800.0,200,Sell,235369598
2024-08-28 11:06:41,38800.0,1000,Sell,235369597
2024-08-28 11:06:41,38800.0,500,Sell,235369549
2024-08-28 11:06:41,38800.0,4100,Sell,235369548
2024-08-28 11:06:41,38800.0,300,Sell,235369550
2024-08-28 11:06:50,38750.0,200,Sell,235370295
2024-08-28 11:06:50,38750.0,800,Sell,235370296
2024-08-28 11:06:58,38750.0,200,Sell,235370946
2024-08-28 11:06:58,38750.0,200,Sell,235370947
2024-08-28 11:07:17,38750.0,200,Sell,235372516
2024-08-28 11:07:17,38750.0,600,Sell,235372517
2024-08-28 11:07:27,38750.0,100,Buy,235373241
2024-08-28 11:07:39,38750.0,2900,Buy,235374323
2024-08-28 11:07:39,38750.0,100,Buy,235374321
2024-08-28 11:07:39,38750.0,2000,Buy,235374322
2024-08-28 11:07:47,38750.0,100,Buy,235374960
2024-08-28 11:07:49,38650.0,7000,Sell,235375095
2024-08-28 11:07:49,38650.0,1700,Sell,235375099
2024-08-28 11:07:49,38650.0,100,Sell,235375098
2024-08-28 11:07:49,38650.0,100,Sell,235375097
2024-08-28 11:07:49,38650.0,200,Sell,235375096
2024-08-28 11:07:49,38650.0,1000,Sell,235375094
2024-08-28 11:07:49,38650.0,700,Sell,235375092
2024-08-28 11:07:49,38700.0,1000,Sell,235375091
2024-08-28 11:07:49,38700.0,200,Sell,235375090
2024-08-28 11:07:49,38700.0,100,Sell,235375089
2024-08-28 11:07:49,38700.0,1000,Sell,235375088
2024-08-28 11:07:49,38700.0,100,Sell,235375087
2024-08-28 11:07:49,38650.0,1000,Sell,235375093
2024-08-28 11:07:49,38700.0,5800,Sell,235375086
2024-08-28 11:08:01,38700.0,100,Sell,235376240
2024-08-28 11:08:02,38650.0,9000,Sell,235376266
2024-08-28 11:08:02,38650.0,8300,Sell,235376265
2024-08-28 11:08:02,38650.0,200,Sell,235376267
2024-08-28 11:08:02,38650.0,1000,Sell,235376268
2024-08-28 11:08:02,38650.0,400,Sell,235376269
2024-08-28 11:08:03,38650.0,5000,Sell,235376330
2024-08-28 11:08:15,38650.0,200,Sell,235377505
2024-08-28 11:08:16,38650.0,1000,Sell,235377658
2024-08-28 11:08:29,38650.0,100,Sell,235379096
2024-08-28 11:08:29,38650.0,400,Sell,235379095
2024-08-28 11:08:29,38650.0,1000,Sell,235379097
2024-08-28 11:08:29,38650.0,1000,Sell,235379093
2024-08-28 11:08:29,38650.0,200,Sell,235379094
2024-08-28 11:08:29,38650.0,700,Sell,235379092
2024-08-28 11:08:49,38650.0,1000,Buy,235381059
2024-08-28 11:08:49,38650.0,1000,Buy,235381060
2024-08-28 11:08:57,38650.0,100,Buy,235381768
2024-08-28 11:08:58,38650.0,500,Buy,235381870
2024-08-28 11:09:13,38600.0,400,Sell,235383352
2024-08-28 11:09:15,38600.0,200,Sell,235383479
2024-08-28 11:09:17,38650.0,900,Buy,235383915
2024-08-28 11:09:17,38650.0,900,Buy,235383912
2024-08-28 11:09:17,38650.0,1000,Buy,235383913
2024-08-28 11:09:17,38650.0,5000,Buy,235383914
2024-08-28 11:09:27,38650.0,200,Sell,235385033
2024-08-28 11:09:32,38650.0,100,Sell,235385466
2024-08-28 11:09:40,38600.0,100,Sell,235386288
2024-08-28 11:09:45,38600.0,1200,Sell,235386841
2024-08-28 11:09:45,38600.0,200,Sell,235386842
2024-08-28 11:09:45,38600.0,200,Sell,235386843
2024-08-28 11:09:45,38600.0,3300,Sell,235386844
2024-08-28 11:09:45,38600.0,1100,Sell,235386845
2024-08-28 11:09:54,38600.0,400,Sell,235387437
2024-08-28 11:10:10,38600.0,500,Sell,235389515
2024-08-28 11:10:16,38600.0,2200,Sell,235389973
2024-08-28 11:10:16,38600.0,2500,Sell,235389974
2024-08-28 11:10:16,38600.0,300,Sell,235389975
2024-08-28 11:10:16,38600.0,1000,Sell,235389976
2024-08-28 11:10:16,38600.0,3000,Sell,235389972
2024-08-28 11:10:18,38600.0,4400,Sell,235390114
2024-08-28 11:10:18,38600.0,100,Sell,235390113
2024-08-28 11:10:18,38600.0,200,Sell,235390112
2024-08-28 11:10:18,38600.0,500,Sell,235390111
2024-08-28 11:10:18,38600.0,5000,Sell,235390110
2024-08-28 11:10:18,38600.0,100,Sell,235390109
2024-08-28 11:10:18,38600.0,200,Sell,235390107
2024-08-28 11:10:18,38600.0,100,Sell,235390106
2024-08-28 11:10:18,38600.0,1000,Sell,235390105
2024-08-28 11:10:18,38600.0,300,Sell,235390104
2024-08-28 11:10:18,38600.0,100,Sell,235390108
2024-08-28 11:10:31,38600.0,500,Sell,235391532
2024-08-28 11:10:44,38600.0,900,Sell,235392850
2024-08-28 11:10:56,38600.0,200,Sell,235394027
2024-08-28 11:11:00,38600.0,5000,Sell,235394387
2024-08-28 11:11:09,38600.0,600,Sell,235395069
2024-08-28 11:11:18,38600.0,100,Sell,235395763
2024-08-28 11:11:47,38650.0,200,Buy,235398174
2024-08-28 11:11:48,38600.0,10000,Sell,235398260
2024-08-28 11:11:48,38600.0,5300,Sell,235398238
2024-08-28 11:11:49,38600.0,700,Sell,235398406
2024-08-28 11:12:14,38650.0,200,Buy,235399924
2024-08-28 11:12:14,38650.0,200,Buy,235399925
2024-08-28 11:12:31,38650.0,100,Sell,235401032
2024-08-28 11:12:47,38650.0,100,Buy,235401936
2024-08-28 11:13:12,38650.0,300,Buy,235403297
2024-08-28 11:13:12,38650.0,200,Buy,235403298
2024-08-28 11:13:20,38650.0,800,Buy,235403655
2024-08-28 11:13:20,38650.0,100,Buy,235403656
2024-08-28 11:13:20,38650.0,1300,Buy,235403657
2024-08-28 11:13:22,38650.0,100,Buy,235403742
2024-08-28 11:13:37,38650.0,1000,Buy,235404463
2024-08-28 11:13:37,38650.0,600,Buy,235404462
2024-08-28 11:14:07,38700.0,100,Buy,235405765
2024-08-28 11:14:14,38700.0,100,Sell,235406047
2024-08-28 11:14:29,38700.0,800,Buy,235406731
2024-08-28 11:15:39,38800.0,1500,Sell,235409105
2024-08-28 11:15:49,38900.0,100,Buy,235409423
2024-08-28 11:15:54,38900.0,300,Sell,235409608
2024-08-28 11:15:56,38950.0,700,Buy,235409702
2024-08-28 11:15:56,38950.0,100,Buy,235409701
2024-08-28 11:16:50,38900.0,100,Sell,235411529
2024-08-28 11:16:56,38900.0,100,Sell,235411759
2024-08-28 11:17:08,38900.0,100,Sell,235412117
2024-08-28 11:17:46,38800.0,100,Sell,235413230
2024-08-28 11:18:16,38800.0,100,Buy,235414244
2024-08-28 11:18:16,38800.0,2900,Buy,235414245
2024-08-28 11:18:21,38750.0,100,Sell,235414456
2024-08-28 11:18:21,38750.0,100,Sell,235414457
2024-08-28 11:18:30,38700.0,2000,Sell,235414720
2024-08-28 11:18:30,38700.0,500,Sell,235414721
2024-08-28 11:18:44,38800.0,100,Buy,235415208
2024-08-28 11:18:44,38800.0,100,Buy,235415209
2024-08-28 11:18:44,38800.0,600,Buy,235415210
2024-08-28 11:19:17,38750.0,500,Sell,235416256
2024-08-28 11:19:19,38700.0,500,Sell,235416305
2024-08-28 11:19:41,38700.0,700,Sell,235417049
2024-08-28 11:19:41,38700.0,100,Sell,235417048
2024-08-28 11:19:41,38700.0,100,Sell,235417050
2024-08-28 11:19:41,38700.0,200,Sell,235417046
2024-08-28 11:19:41,38700.0,2800,Sell,235417047
2024-08-28 11:19:41,38700.0,100,Sell,235417045
2024-08-28 11:19:52,38700.0,500,Sell,235417341
2024-08-28 11:19:59,38700.0,200,Sell,235417685
2024-08-28 11:22:03,38650.0,100,Sell,235421314
2024-08-28 11:22:25,38650.0,100,Sell,235421888
2024-08-28 11:22:48,38650.0,300,Sell,235422470
2024-08-28 11:23:01,38650.0,100,Sell,235422744
2024-08-28 11:23:26,38700.0,100,Buy,235423337
2024-08-28 11:23:47,38650.0,100,Sell,235423872
2024-08-28 11:24:07,38700.0,500,Buy,235424493
2024-08-28 11:24:20,38700.0,100,Buy,235425067
2024-08-28 11:24:38,38700.0,300,Buy,235425570
2024-08-28 11:24:38,38700.0,3300,Buy,235425569
2024-08-28 11:24:46,38700.0,2000,Sell,235425710
2024-08-28 11:26:54,38700.0,1900,Sell,235428837
2024-08-28 11:26:54,38700.0,500,Sell,235428838
2024-08-28 11:27:16,38700.0,400,Buy,235429287
2024-08-28 11:27:31,38650.0,200,Sell,235429665
2024-08-28 11:27:31,38650.0,700,Sell,235429664
2024-08-28 11:28:45,38650.0,100,Sell,235431633
2024-08-28 11:28:46,38700.0,400,Buy,235431656
2024-08-28 11:28:58,38650.0,700,Sell,235431930
2024-08-28 11:28:58,38650.0,300,Sell,235431931
2024-08-28 11:29:19,38700.0,2200,Buy,235432584
2024-08-28 11:29:19,38700.0,400,Buy,235432585
2024-08-28 11:29:45,38700.0,1000,Buy,235433207
2024-08-28 13:00:06,38700.0,200,Buy,235435799
2024-08-28 13:00:09,38650.0,700,Sell,235436777
2024-08-28 13:00:09,38650.0,100,Sell,235436776
2024-08-28 13:00:09,38650.0,300,Sell,235436775
2024-08-28 13:00:09,38650.0,100,Sell,235436773
2024-08-28 13:00:09,38650.0,2200,Sell,235436772
2024-08-28 13:00:09,38650.0,100,Sell,235436774
2024-08-28 13:00:10,38700.0,100,Buy,235436898
2024-08-28 13:00:10,38700.0,300,Buy,235436899
2024-08-28 13:00:10,38700.0,700,Buy,235436900
2024-08-28 13:00:10,38700.0,200,Buy,235437027
2024-08-28 13:00:10,38700.0,100,Buy,235437028
2024-08-28 13:00:10,38700.0,300,Buy,235437029
2024-08-28 13:00:10,38700.0,100,Buy,235437030
2024-08-28 13:00:11,38650.0,1000,Sell,235437288
2024-08-28 13:00:12,38700.0,600,Buy,235437658
2024-08-28 13:00:32,38650.0,300,Sell,235439380
2024-08-28 13:00:32,38650.0,100,Sell,235439379
2024-08-28 13:00:32,38650.0,3300,Sell,235439375
2024-08-28 13:00:32,38650.0,100,Sell,235439377
2024-08-28 13:00:32,38650.0,100,Sell,235439378
2024-08-28 13:00:32,38650.0,100,Sell,235439376
2024-08-28 13:00:36,38650.0,1800,Sell,235439791
2024-08-28 13:00:36,38650.0,300,Sell,235439790
2024-08-28 13:00:36,38650.0,700,Sell,235439787
2024-08-28 13:00:36,38650.0,100,Sell,235439788
2024-08-28 13:00:36,38650.0,100,Sell,235439789
2024-08-28 13:00:41,38700.0,1000,Buy,235440084
2024-08-28 13:00:41,38700.0,500,Buy,235440085
2024-08-28 13:00:41,38700.0,200,Buy,235440086
2024-08-28 13:00:41,38700.0,800,Buy,235440088
2024-08-28 13:00:41,38700.0,500,Buy,235440089
2024-08-28 13:00:41,38700.0,100,Buy,235440087
2024-08-28 13:00:51,38700.0,600,Buy,235440402
2024-08-28 13:00:57,38700.0,600,Sell,235440587
2024-08-28 13:00:57,38700.0,200,Sell,235440588
2024-08-28 13:00:57,38700.0,2200,Sell,235440589
2024-08-28 13:01:54,38700.0,2000,Sell,235442213
2024-08-28 13:02:02,38700.0,2000,Sell,235442402
2024-08-28 13:02:03,38700.0,2400,Sell,235442427
2024-08-28 13:02:09,38700.0,1000,Sell,235442558
2024-08-28 13:02:09,38700.0,1400,Sell,235442556
2024-08-28 13:02:09,38700.0,600,Sell,235442557
2024-08-28 13:02:29,38700.0,600,Buy,235443064
2024-08-28 13:02:44,38700.0,100,Buy,235443467
2024-08-28 13:02:51,38700.0,2800,Buy,235443763
2024-08-28 13:02:57,38700.0,200,Buy,235443940
2024-08-28 13:03:13,38700.0,200,Buy,235444512
2024-08-28 13:03:20,38650.0,300,Sell,235444713
2024-08-28 13:03:21,38700.0,300,Buy,235444765
2024-08-28 13:03:50,38700.0,200,Buy,235445657
2024-08-28 13:03:50,38700.0,600,Buy,235445658
2024-08-28 13:03:50,38700.0,200,Buy,235445659
2024-08-28 13:03:58,38700.0,300,Buy,235445827
2024-08-28 13:04:00,38700.0,800,Buy,235445889
2024-08-28 13:04:00,38700.0,1200,Buy,235445888
2024-08-28 13:04:02,38700.0,100,Buy,235445971
2024-08-28 13:04:03,38700.0,100,Buy,235446018
2024-08-28 13:04:19,38700.0,100,Buy,235446414
2024-08-28 13:04:22,38700.0,200,Buy,235446486
2024-08-28 13:04:28,38700.0,200,Sell,235446661
2024-08-28 13:04:32,38700.0,3000,Sell,235446731
2024-08-28 13:05:09,38700.0,200,Sell,235447759
2024-08-28 13:05:12,38700.0,500,Sell,235447843
2024-08-28 13:05:14,38700.0,900,Sell,235447939
2024-08-28 13:05:14,38700.0,200,Sell,235447940
2024-08-28 13:05:14,38700.0,100,Sell,235447941
2024-08-28 13:05:47,38650.0,500,Sell,235448929
2024-08-28 13:05:52,38700.0,1000,Buy,235449075
2024-08-28 13:06:06,38700.0,2800,Buy,235449455
2024-08-28 13:06:06,38700.0,500,Buy,235449456
2024-08-28 13:06:06,38700.0,100,Buy,235449457
2024-08-28 13:06:06,38700.0,5000,Buy,235449458
2024-08-28 13:06:06,38700.0,300,Buy,235449459
2024-08-28 13:06:22,38750.0,100,Buy,235449937
2024-08-28 13:06:22,38750.0,1000,Buy,235449936
2024-08-28 13:06:22,38750.0,200,Buy,235449934
2024-08-28 13:06:22,38750.0,10000,Buy,235449933
2024-08-28 13:06:22,38750.0,100,Buy,235449935
2024-08-28 13:06:26,38750.0,1500,Sell,235450045
2024-08-28 13:06:31,38750.0,1800,Sell,235450166
2024-08-28 13:06:40,38750.0,3300,Sell,235450386
2024-08-28 13:06:40,38750.0,100,Sell,235450387
2024-08-28 13:06:40,38750.0,700,Sell,235450388
2024-08-28 13:07:01,38750.0,900,Buy,235450868
2024-08-28 13:07:01,38750.0,100,Buy,235450869
2024-08-28 13:07:05,38750.0,900,Buy,235450968
2024-08-28 13:07:49,38750.0,2100,Sell,235451996
2024-08-28 13:07:49,38750.0,2900,Sell,235451997
2024-08-28 13:07:58,38750.0,200,Sell,235452188
2024-08-28 13:08:04,38750.0,500,Sell,235452375
2024-08-28 13:08:53,38750.0,1000,Buy,235453632
2024-08-28 13:09:25,38750.0,500,Buy,235454455
2024-08-28 13:09:29,38750.0,2000,Buy,235454536
2024-08-28 13:09:43,38750.0,1000,Buy,235454872
2024-08-28 13:10:18,38750.0,1000,Buy,235455726
2024-08-28 13:10:19,38750.0,500,Buy,235455823
2024-08-28 13:10:33,38750.0,500,Sell,235456209
2024-08-28 13:11:10,38750.0,1000,Buy,235457064
2024-08-28 13:11:31,38750.0,200,Buy,235457541
2024-08-28 13:12:20,38750.0,100,Buy,235458683
2024-08-28 13:12:20,38750.0,1300,Buy,235458682
2024-08-28 13:12:20,38750.0,600,Buy,235458684
2024-08-28 13:12:24,38750.0,400,Buy,235458761
2024-08-28 13:12:24,38750.0,1000,Buy,235458762
2024-08-28 13:13:17,38750.0,600,Sell,235460104
2024-08-28 13:13:18,38750.0,500,Sell,235460140
2024-08-28 13:14:01,38750.0,600,Sell,235461224
2024-08-28 13:14:01,38750.0,2000,Sell,235461225
2024-08-28 13:14:16,38750.0,500,Buy,235461596
2024-08-28 13:14:22,38750.0,600,Buy,235461738
2024-08-28 13:14:22,38800.0,500,Buy,235461739
2024-08-28 13:14:22,38800.0,100,Buy,235461740
2024-08-28 13:14:22,38800.0,3400,Buy,235461741
2024-08-28 13:15:40,38800.0,1600,Buy,235463764
2024-08-28 13:15:40,38800.0,5000,Buy,235463765
2024-08-28 13:15:40,38800.0,400,Buy,235463766
2024-08-28 13:15:40,38800.0,100,Buy,235463767
2024-08-28 13:15:40,38800.0,2900,Buy,235463768
2024-08-28 13:15:49,38800.0,1000,Buy,235463971
2024-08-28 13:16:09,38800.0,1100,Buy,235464467
2024-08-28 13:16:36,38800.0,300,Sell,235465030
2024-08-28 13:17:01,38800.0,1300,Sell,235465656
2024-08-28 13:17:01,38800.0,1600,Sell,235465660
2024-08-28 13:17:01,38800.0,200,Sell,235465659
2024-08-28 13:17:01,38800.0,400,Sell,235465655
2024-08-28 13:17:01,38800.0,1000,Sell,235465657
2024-08-28 13:17:01,38800.0,500,Sell,235465658
2024-08-28 13:17:13,38800.0,200,Sell,235465987
2024-08-28 13:17:23,38800.0,300,Buy,235466218
2024-08-28 13:18:15,38800.0,500,Sell,235467538
2024-08-28 13:18:29,38800.0,2000,Sell,235467854
2024-08-28 13:18:39,38800.0,500,Sell,235468056
2024-08-28 13:18:45,38800.0,600,Sell,235468178
2024-08-28 13:18:49,38800.0,100,Sell,235468261
2024-08-28 13:18:49,38800.0,400,Sell,235468262
2024-08-28 13:19:16,38800.0,100,Sell,235468817
2024-08-28 13:19:29,38800.0,100,Sell,235469066
2024-08-28 13:19:32,38800.0,500,Sell,235469123
2024-08-28 13:19:39,38800.0,200,Sell,235469220
2024-08-28 13:19:41,38800.0,1400,Sell,235469273
2024-08-28 13:19:52,38800.0,100,Sell,235469497
2024-08-28 13:19:52,38800.0,100,Sell,235469501
2024-08-28 13:19:52,38800.0,200,Sell,235469500
2024-08-28 13:19:52,38800.0,300,Sell,235469496
2024-08-28 13:19:52,38800.0,400,Sell,235469498
2024-08-28 13:19:52,38800.0,1600,Sell,235469499
2024-08-28 13:20:29,38750.0,600,Sell,235470278
2024-08-28 13:21:09,38750.0,300,Sell,235471107
2024-08-28 13:21:41,38750.0,200,Sell,235471815
2024-08-28 13:23:09,38800.0,2300,Buy,235473647
2024-08-28 13:23:09,38800.0,200,Buy,235473649
2024-08-28 13:23:09,38800.0,7100,Buy,235473650
2024-08-28 13:25:53,38800.0,300,Buy,235477579
2024-08-28 13:25:59,38800.0,2000,Buy,235477767
2024-08-28 13:26:02,38800.0,600,Buy,235477869
2024-08-28 13:26:02,38800.0,1000,Buy,235477871
2024-08-28 13:26:02,38800.0,100,Buy,235477872
2024-08-28 13:26:02,38800.0,200,Buy,235477873
2024-08-28 13:26:02,38800.0,100,Buy,235477874
2024-08-28 13:26:02,38800.0,2000,Buy,235477875
2024-08-28 13:26:05,38800.0,1000,Buy,235477956
2024-08-28 13:26:05,38800.0,100,Buy,235477970
2024-08-28 13:26:07,38800.0,200,Buy,235478001
2024-08-28 13:26:07,38800.0,1000,Buy,235478014
2024-08-28 13:26:15,38800.0,700,Buy,235478272
2024-08-28 13:26:15,38800.0,1000,Buy,235478273
2024-08-28 13:26:15,38800.0,1000,Buy,235478274
2024-08-28 13:26:15,38800.0,500,Buy,235478275
2024-08-28 13:26:15,38800.0,1000,Buy,235478276
2024-08-28 13:26:15,38800.0,100,Buy,235478277
2024-08-28 13:26:23,38800.0,100,Sell,235478471
2024-08-28 13:26:47,38850.0,2000,Buy,235479427
2024-08-28 13:26:50,38800.0,1100,Sell,235479523
2024-08-28 13:26:59,38850.0,1000,Buy,235479954
2024-08-28 13:27:22,38850.0,600,Buy,235481109
2024-08-28 13:27:27,38850.0,100,Buy,235481301
2024-08-28 13:27:30,38850.0,500,Buy,235481430
2024-08-28 13:27:41,38850.0,800,Buy,235481880
2024-08-28 13:27:41,38850.0,400,Buy,235481881
2024-08-28 13:27:46,38850.0,400,Buy,235482131
2024-08-28 13:27:46,38850.0,600,Buy,235482130
2024-08-28 13:27:50,38850.0,100,Buy,235482260
2024-08-28 13:27:51,38850.0,100,Buy,235482300
2024-08-28 13:28:00,38850.0,400,Buy,235482660
2024-08-28 13:28:38,38850.0,1000,Buy,235484551
2024-08-28 13:28:43,38850.0,100,Buy,235484868
2024-08-28 13:28:55,38850.0,2900,Buy,235485487
2024-08-28 13:28:55,38850.0,100,Buy,235485488
2024-08-28 13:29:03,38850.0,900,Buy,235485789
2024-08-28 13:29:03,38850.0,100,Buy,235485790
2024-08-28 13:29:03,38850.0,100,Buy,235485791
2024-08-28 13:29:03,38850.0,200,Buy,235485792
2024-08-28 13:29:07,38850.0,100,Buy,235486032
2024-08-28 13:29:26,38850.0,900,Buy,235486914
2024-08-28 13:30:04,38800.0,700,Sell,235489227
2024-08-28 13:30:04,38800.0,1300,Sell,235489228
2024-08-28 13:30:22,38850.0,5000,Buy,235489953
2024-08-28 13:30:22,38850.0,100,Buy,235489954
2024-08-28 13:30:37,38850.0,400,Buy,235490659
2024-08-28 13:30:57,38850.0,900,Buy,235491442
2024-08-28 13:30:59,38850.0,100,Sell,235491502
2024-08-28 13:31:12,38850.0,1600,Sell,235492117
2024-08-28 13:31:12,38850.0,400,Sell,235492118
2024-08-28 13:31:29,38900.0,500,Buy,235492553
2024-08-28 13:31:29,38900.0,200,Buy,235492554
2024-08-28 13:31:33,38900.0,2800,Buy,235492687
2024-08-28 13:31:33,38900.0,2200,Buy,235492688
2024-08-28 13:31:48,38900.0,1200,Buy,235493310
2024-08-28 13:31:48,38900.0,600,Buy,235493311
2024-08-28 13:31:59,38850.0,4600,Sell,235493674
2024-08-28 13:31:59,38850.0,1700,Sell,235493675
2024-08-28 13:32:01,38900.0,100,Buy,235493756
2024-08-28 13:32:23,38850.0,100,Sell,235494408
2024-08-28 13:32:23,38850.0,2000,Sell,235494407
2024-08-28 13:32:50,38850.0,100,Buy,235495330
2024-08-28 13:32:50,38850.0,2000,Buy,235495331
2024-08-28 13:32:50,38850.0,900,Buy,235495332
2024-08-28 13:33:24,38800.0,100,Sell,235496465
2024-08-28 13:33:34,38800.0,100,Sell,235496859
2024-08-28 13:33:34,38800.0,1300,Sell,235496861
2024-08-28 13:33:34,38800.0,200,Sell,235496857
2024-08-28 13:33:34,38800.0,300,Sell,235496858
2024-08-28 13:33:34,38800.0,400,Sell,235496860
2024-08-28 13:33:34,38800.0,3600,Sell,235496856
2024-08-28 13:33:37,38800.0,200,Sell,235496946
2024-08-28 13:33:44,38800.0,200,Sell,235497220
2024-08-28 13:33:44,38800.0,3500,Sell,235497219
2024-08-28 13:33:45,38800.0,200,Sell,235497254
2024-08-28 13:33:47,38800.0,100,Sell,235497286
2024-08-28 13:34:13,38800.0,100,Sell,235498197
2024-08-28 13:34:31,38800.0,100,Buy,235498894
2024-08-28 13:35:33,38800.0,100,Buy,235500435
2024-08-28 13:35:33,38800.0,200,Buy,235500432
2024-08-28 13:35:33,38800.0,1000,Buy,235500433
2024-08-28 13:35:33,38800.0,200,Buy,235500434
2024-08-28 13:35:39,38750.0,1000,Sell,235500532
2024-08-28 13:35:39,38750.0,1000,Sell,235500533
2024-08-28 13:36:53,38750.0,500,Sell,235502625
2024-08-28 13:36:53,38750.0,100,Sell,235502621
2024-08-28 13:36:53,38750.0,200,Sell,235502622
2024-08-28 13:36:53,38750.0,100,Sell,235502623
2024-08-28 13:36:53,38750.0,100,Sell,235502624
2024-08-28 13:37:19,38750.0,100,Sell,235503337
2024-08-28 13:37:36,38750.0,3000,Sell,235503713
2024-08-28 13:37:36,38750.0,400,Sell,235503712
2024-08-28 13:37:36,38750.0,400,Sell,235503714
2024-08-28 13:38:57,38750.0,500,Sell,235505445
2024-08-28 13:40:36,38750.0,100,Sell,235507358
2024-08-28 13:41:43,38750.0,1000,Sell,235508693
2024-08-28 13:42:02,38800.0,100,Buy,235509129
2024-08-28 13:42:25,38800.0,700,Buy,235509604
2024-08-28 13:42:58,38750.0,1000,Sell,235510178
2024-08-28 13:43:05,38800.0,1000,Buy,235510312
2024-08-28 13:43:12,38800.0,5000,Buy,235510457
2024-08-28 13:43:16,38800.0,100,Buy,235510579
2024-08-28 13:43:16,38800.0,1000,Buy,235510580
2024-08-28 13:43:16,38800.0,1000,Buy,235510581
2024-08-28 13:43:16,38800.0,900,Buy,235510578
2024-08-28 13:43:19,38800.0,1000,Buy,235510634
2024-08-28 13:43:19,38800.0,500,Buy,235510635
2024-08-28 13:43:19,38800.0,3500,Buy,235510636
2024-08-28 13:43:22,38800.0,200,Buy,235510715
2024-08-28 13:43:22,38800.0,200,Buy,235510741
2024-08-28 13:43:23,38800.0,1100,Buy,235510794
2024-08-28 13:43:33,38800.0,100,Sell,235511061
2024-08-28 13:44:05,38800.0,2000,Sell,235511563
2024-08-28 13:44:11,38800.0,500,Sell,235511753
2024-08-28 13:44:47,38800.0,500,Sell,235512443
2024-08-28 13:44:52,38800.0,400,Sell,235512560
2024-08-28 13:44:52,38800.0,600,Sell,235512559
2024-08-28 13:45:00,38800.0,500,Sell,235512757
2024-08-28 13:45:06,38800.0,100,Sell,235512953
2024-08-28 13:45:10,38800.0,900,Buy,235513078
2024-08-28 13:45:17,38800.0,100,Sell,235513266
2024-08-28 13:46:30,38750.0,1000,Sell,235514871
2024-08-28 13:46:31,38800.0,100,Buy,235514887
2024-08-28 13:46:31,38800.0,200,Buy,235514888
2024-08-28 13:46:35,38800.0,100,Buy,235514977
2024-08-28 13:47:47,38750.0,1000,Sell,235516730
2024-08-28 13:50:31,38750.0,2000,Sell,235521008
2024-08-28 13:50:40,38750.0,200,Sell,235521270
2024-08-28 13:51:02,38800.0,700,Buy,235521963
2024-08-28 13:51:02,38800.0,300,Buy,235521964
2024-08-28 13:52:01,38800.0,2000,Buy,235524174
2024-08-28 13:52:09,38800.0,500,Buy,235524434
2024-08-28 13:52:09,38800.0,200,Buy,235524435
2024-08-28 13:52:09,38800.0,600,Buy,235524436
2024-08-28 13:52:09,38800.0,200,Buy,235524437
2024-08-28 13:53:58,38800.0,100,Sell,235528022
2024-08-28 13:54:10,38850.0,100,Buy,235528306
2024-08-28 13:54:10,38850.0,100,Buy,235528307
2024-08-28 13:54:19,38850.0,4300,Buy,235528538
2024-08-28 13:54:19,38850.0,3000,Buy,235528539
2024-08-28 13:54:19,38850.0,1000,Buy,235528540
2024-08-28 13:54:19,38850.0,700,Buy,235528541
2024-08-28 13:54:20,38850.0,100,Sell,235528557
2024-08-28 13:55:18,38850.0,200,Sell,235530091
2024-08-28 13:56:40,38850.0,100,Sell,235532173
2024-08-28 13:56:45,38850.0,600,Sell,235532417
2024-08-28 13:56:45,38850.0,1400,Sell,235532418
2024-08-28 13:57:03,38850.0,100,Sell,235532943
2024-08-28 13:57:04,38850.0,100,Sell,235532961
2024-08-28 13:57:04,38850.0,400,Sell,235532960
2024-08-28 13:57:05,38850.0,100,Sell,235533005
2024-08-28 13:57:42,38850.0,400,Buy,235534234
2024-08-28 13:57:42,38850.0,900,Buy,235534235
2024-08-28 13:57:42,38850.0,700,Buy,235534236
2024-08-28 13:57:48,38800.0,300,Sell,235534438
2024-08-28 13:57:48,38800.0,1000,Sell,235534437
2024-08-28 13:57:48,38800.0,100,Sell,235534436
2024-08-28 13:57:48,38800.0,200,Sell,235534433
2024-08-28 13:57:48,38800.0,1000,Sell,235534434
2024-08-28 13:57:48,38800.0,1000,Sell,235534435
2024-08-28 13:57:48,38800.0,3400,Sell,235534432
2024-08-28 13:57:53,38800.0,100,Sell,235534575
2024-08-28 13:57:53,38800.0,100,Sell,235534576
2024-08-28 13:57:53,38800.0,2800,Sell,235534577
2024-08-28 13:57:53,38800.0,200,Sell,235534604
2024-08-28 13:57:53,38800.0,100,Sell,235534605
2024-08-28 13:57:53,38800.0,500,Sell,235534574
2024-08-28 13:58:06,38800.0,200,Buy,235534866
2024-08-28 13:58:06,38800.0,100,Buy,235534867
2024-08-28 13:58:20,38800.0,600,Buy,235535313
2024-08-28 13:59:04,38750.0,200,Sell,235536487
2024-08-28 13:59:16,38750.0,300,Sell,235536937
2024-08-28 13:59:22,38800.0,100,Buy,235537072
2024-08-28 13:59:42,38750.0,15000,Sell,235537514
2024-08-28 13:59:49,38750.0,6800,Sell,235537693
2024-08-28 14:00:18,38750.0,500,Sell,235538603
2024-08-28 14:00:35,38750.0,3200,Sell,235539393
2024-08-28 14:00:45,38750.0,5700,Sell,235539690
2024-08-28 14:00:48,38750.0,5000,Sell,235539756
2024-08-28 14:00:52,38750.0,500,Sell,235539951
2024-08-28 14:00:52,38750.0,200,Sell,235539950
2024-08-28 14:00:52,38750.0,100,Sell,235539949
2024-08-28 14:00:52,38750.0,200,Sell,235539948
2024-08-28 14:00:52,38750.0,100,Sell,235539947
2024-08-28 14:00:52,38750.0,300,Sell,235539946
2024-08-28 14:00:52,38750.0,1300,Sell,235539952
2024-08-28 14:00:52,38750.0,1400,Sell,235539943
2024-08-28 14:00:52,38750.0,100,Sell,235539942
2024-08-28 14:00:52,38750.0,14200,Sell,235539941
2024-08-28 14:00:52,38750.0,1000,Sell,235539878
2024-08-28 14:00:52,38750.0,8000,Sell,235539869
2024-08-28 14:00:52,38750.0,9300,Sell,235539861
2024-08-28 14:00:52,38750.0,200,Sell,235539944
2024-08-28 14:00:52,38750.0,500,Sell,235539945
2024-08-28 14:00:54,38750.0,800,Sell,235540047
2024-08-28 14:00:55,38750.0,5000,Sell,235540060
2024-08-28 14:00:55,38750.0,100,Sell,235540066
2024-08-28 14:00:55,38750.0,100,Sell,235540065
2024-08-28 14:00:55,38750.0,100,Sell,235540064
2024-08-28 14:00:55,38750.0,2900,Sell,235540059
2024-08-28 14:00:55,38750.0,100,Sell,235540062
2024-08-28 14:00:55,38750.0,500,Sell,235540061
2024-08-28 14:00:55,38750.0,300,Sell,235540063
2024-08-28 14:01:10,38700.0,100,Sell,235540547
2024-08-28 14:01:10,38700.0,300,Sell,235540548
2024-08-28 14:01:10,38700.0,100,Sell,235540549
2024-08-28 14:01:10,38700.0,100,Sell,235540550
2024-08-28 14:01:10,38700.0,100,Sell,235540551
2024-08-28 14:01:16,38700.0,100,Sell,235540780
2024-08-28 14:01:16,38700.0,300,Sell,235540781
2024-08-28 14:01:16,38700.0,700,Sell,235540782
2024-08-28 14:01:16,38700.0,100,Sell,235540783
2024-08-28 14:01:29,38700.0,400,Sell,235541218
2024-08-28 14:01:35,38700.0,900,Sell,235541389
2024-08-28 14:01:35,38700.0,100,Sell,235541387
2024-08-28 14:01:35,38700.0,500,Sell,235541388
2024-08-28 14:01:38,38700.0,2800,Sell,235541565
2024-08-28 14:01:44,38700.0,1300,Sell,235541930
2024-08-28 14:01:44,38700.0,100,Sell,235541931
2024-08-28 14:01:44,38700.0,600,Sell,235541932
2024-08-28 14:01:49,38700.0,2400,Sell,235542161
2024-08-28 14:01:49,38700.0,100,Sell,235542162
2024-08-28 14:01:49,38700.0,100,Sell,235542163
2024-08-28 14:01:49,38700.0,1000,Sell,235542164
2024-08-28 14:01:49,38700.0,200,Sell,235542165
2024-08-28 14:01:55,38650.0,100,Sell,235542342
2024-08-28 14:01:55,38650.0,100,Sell,235542345
2024-08-28 14:01:55,38650.0,1000,Sell,235542344
2024-08-28 14:01:55,38650.0,1000,Sell,235542343
2024-08-28 14:01:55,38650.0,500,Sell,235542337
2024-08-28 14:01:55,38650.0,5000,Sell,235542346
2024-08-28 14:01:55,38650.0,100,Sell,235542335
2024-08-28 14:01:55,38650.0,200,Sell,235542334
2024-08-28 14:01:55,38650.0,100,Sell,235542333
2024-08-28 14:01:55,38650.0,500,Sell,235542332
2024-08-28 14:01:55,38650.0,3000,Sell,235542336
2024-08-28 14:01:55,38650.0,100,Sell,235542331
2024-08-28 14:01:58,38700.0,200,Buy,235542451
2024-08-28 14:02:23,38650.0,100,Buy,235543102
2024-08-28 14:02:26,38650.0,100,Buy,235543177
2024-08-28 14:02:44,38650.0,100,Buy,235543778
2024-08-28 14:02:49,38650.0,700,Buy,235543924
2024-08-28 14:02:54,38650.0,300,Sell,235544039
2024-08-28 14:02:54,38600.0,200,Sell,235544040
2024-08-28 14:02:54,38600.0,100,Sell,235544041
2024-08-28 14:02:55,38600.0,1500,Sell,235544076
2024-08-28 14:02:55,38600.0,100,Sell,235544075
2024-08-28 14:02:55,38600.0,9000,Sell,235544074
2024-08-28 14:02:55,38600.0,100,Sell,235544073
2024-08-28 14:02:55,38600.0,100,Sell,235544072
2024-08-28 14:02:55,38600.0,100,Sell,235544071
2024-08-28 14:02:55,38600.0,100,Sell,235544070
2024-08-28 14:02:55,38600.0,200,Sell,235544069
2024-08-28 14:02:55,38600.0,300,Sell,235544068
2024-08-28 14:02:55,38600.0,100,Sell,235544066
2024-08-28 14:02:55,38600.0,100,Sell,235544067
2024-08-28 14:02:55,38600.0,500,Sell,235544064
2024-08-28 14:02:55,38600.0,400,Sell,235544054
2024-08-28 14:02:55,38600.0,500,Sell,235544065
2024-08-28 14:02:55,38600.0,100,Sell,235544056
2024-08-28 14:02:55,38600.0,1000,Sell,235544057
2024-08-28 14:02:55,38600.0,100,Sell,235544058
2024-08-28 14:02:55,38600.0,200,Sell,235544055
2024-08-28 14:02:55,38600.0,5000,Sell,235544060
2024-08-28 14:02:55,38600.0,100,Sell,235544061
2024-08-28 14:02:55,38600.0,100,Sell,235544062
2024-08-28 14:02:55,38600.0,200,Sell,235544059
2024-08-28 14:02:55,38600.0,100,Sell,235544063
2024-08-28 14:03:29,38600.0,200,Sell,235545127
2024-08-28 14:03:52,38650.0,500,Sell,235545668
2024-08-28 14:04:10,38600.0,600,Sell,235546289
2024-08-28 14:04:16,38650.0,2000,Sell,235546563
2024-08-28 14:04:31,38650.0,1000,Buy,235547001
2024-08-28 14:04:44,38650.0,200,Buy,235547342
2024-08-28 14:04:44,38650.0,2300,Buy,235547340
2024-08-28 14:04:44,38650.0,1000,Buy,235547341
2024-08-28 14:05:42,38700.0,500,Buy,235549055
2024-08-28 14:05:42,38700.0,1000,Buy,235549053
2024-08-28 14:05:42,38700.0,1000,Buy,235549054
2024-08-28 14:05:46,38700.0,100,Sell,235549225
2024-08-28 14:05:56,38750.0,400,Buy,235549520
2024-08-28 14:05:56,38750.0,200,Buy,235549518
2024-08-28 14:05:56,38750.0,100,Buy,235549519
2024-08-28 14:06:07,38750.0,500,Buy,235549813
2024-08-28 14:06:09,38750.0,100,Buy,235549842
2024-08-28 14:06:43,38800.0,100,Buy,235550667
2024-08-28 14:06:43,38800.0,400,Buy,235550668
2024-08-28 14:06:48,38750.0,900,Sell,235550870
2024-08-28 14:06:48,38750.0,100,Sell,235550871
2024-08-28 14:06:58,38750.0,1000,Buy,235551133
2024-08-28 14:07:27,38750.0,300,Sell,235551718
2024-08-28 14:07:40,38750.0,2000,Sell,235551995
2024-08-28 14:07:51,38750.0,500,Sell,235552215
2024-08-28 14:08:10,38750.0,300,Sell,235552885
2024-08-28 14:08:24,38800.0,200,Buy,235553262
2024-08-28 14:08:25,38750.0,900,Sell,235553309
2024-08-28 14:08:25,38750.0,100,Sell,235553310
2024-08-28 14:08:25,38750.0,1000,Sell,235553311
2024-08-28 14:09:00,38750.0,500,Sell,235554232
2024-08-28 14:09:12,38750.0,100,Sell,235554593
2024-08-28 14:11:06,38750.0,500,Sell,235557526
2024-08-28 14:11:25,38750.0,1000,Sell,235557989
2024-08-28 14:11:26,38800.0,200,Buy,235557999
2024-08-28 14:11:50,38800.0,500,Buy,235558604
2024-08-28 14:11:50,38800.0,500,Buy,235558603
2024-08-28 14:11:50,38800.0,600,Buy,235558602
2024-08-28 14:11:50,38800.0,100,Buy,235558601
2024-08-28 14:11:50,38800.0,100,Buy,235558600
2024-08-28 14:11:50,38800.0,100,Buy,235558598
2024-08-28 14:11:50,38800.0,1000,Buy,235558597
2024-08-28 14:11:50,38800.0,100,Buy,235558596
2024-08-28 14:11:50,38800.0,1200,Buy,235558595
2024-08-28 14:11:50,38800.0,800,Buy,235558599
2024-08-28 14:12:11,38750.0,1900,Sell,235559032
2024-08-28 14:12:11,38750.0,3100,Sell,235559033
2024-08-28 14:12:41,38750.0,1000,Sell,235559812
2024-08-28 14:12:57,38750.0,100,Sell,235560158
2024-08-28 14:13:48,38750.0,100,Sell,235561452
2024-08-28 14:13:48,38750.0,700,Sell,235561446
2024-08-28 14:13:48,38750.0,800,Sell,235561445
2024-08-28 14:14:01,38800.0,1400,Buy,235561841
2024-08-28 14:14:01,38800.0,500,Buy,235561839
2024-08-28 14:14:01,38800.0,100,Buy,235561840
2024-08-28 14:14:02,38750.0,200,Sell,235561890
2024-08-28 14:14:02,38750.0,1800,Sell,235561891
2024-08-28 14:15:42,38750.0,300,Sell,235564482
2024-08-28 14:15:53,38800.0,100,Buy,235564778
2024-08-28 14:16:08,38800.0,100,Buy,235565218
2024-08-28 14:16:08,38800.0,1000,Buy,235565219
2024-08-28 14:16:08,38800.0,500,Buy,235565216
2024-08-28 14:16:08,38800.0,1500,Buy,235565215
2024-08-28 14:16:08,38800.0,5000,Buy,235565217
2024-08-28 14:16:40,38800.0,100,Sell,235566261
2024-08-28 14:17:02,38800.0,10500,Sell,235566797
2024-08-28 14:17:02,38800.0,500,Sell,235566798
2024-08-28 14:17:14,38800.0,1500,Sell,235567163
2024-08-28 14:17:14,38800.0,500,Sell,235567164
2024-08-28 14:17:14,38800.0,1500,Sell,235567170
2024-08-28 14:17:14,38800.0,500,Sell,235567171
2024-08-28 14:17:21,38800.0,1100,Sell,235567349
2024-08-28 14:17:21,38800.0,200,Sell,235567348
2024-08-28 14:17:27,38800.0,400,Sell,235567517
2024-08-28 14:17:57,38800.0,500,Sell,235568730
2024-08-28 14:18:17,38800.0,500,Buy,235569250
2024-08-28 14:18:24,38800.0,500,Sell,235569406
2024-08-28 14:18:36,38800.0,100,Sell,235569765
2024-08-28 14:18:55,38800.0,500,Sell,235570270
2024-08-28 14:19:08,38800.0,400,Sell,235570597
2024-08-28 14:19:13,38800.0,1000,Sell,235570674
2024-08-28 14:19:13,38800.0,500,Sell,235570675
2024-08-28 14:19:13,38800.0,400,Sell,235570672
2024-08-28 14:19:13,38800.0,100,Sell,235570673
2024-08-28 14:19:21,38800.0,100,Sell,235570920
2024-08-28 14:19:23,38800.0,100,Sell,235570970
2024-08-28 14:19:23,38800.0,2800,Sell,235570979
2024-08-28 14:19:23,38800.0,100,Sell,235570980
2024-08-28 14:19:23,38800.0,100,Sell,235570981
2024-08-28 14:20:33,38750.0,1100,Sell,235573836
2024-08-28 14:21:19,38750.0,600,Sell,235575467
2024-08-28 14:21:48,38800.0,2500,Buy,235576263
2024-08-28 14:21:48,38800.0,1000,Buy,235576264
2024-08-28 14:21:51,38750.0,100,Sell,235576356
2024-08-28 14:22:12,38750.0,1000,Sell,235576977
2024-08-28 14:22:30,38750.0,100,Sell,235577536
2024-08-28 14:22:30,38800.0,2000,Buy,235577524
2024-08-28 14:22:30,38800.0,2600,Buy,235577525
2024-08-28 14:22:30,38800.0,1400,Buy,235577526
2024-08-28 14:22:38,38750.0,500,Sell,235577804
2024-08-28 14:23:12,38750.0,200,Sell,235578952
2024-08-28 14:23:56,38750.0,6000,Sell,235580666
2024-08-28 14:24:11,38750.0,1000,Sell,235581214
2024-08-28 14:24:33,38750.0,1400,Sell,235581979
2024-08-28 14:24:35,38750.0,1900,Sell,235582113
2024-08-28 14:24:47,38750.0,100,Sell,235582622
2024-08-28 14:24:53,38800.0,5900,Buy,235582924
2024-08-28 14:24:53,38800.0,500,Buy,235582925
2024-08-28 14:24:53,38800.0,2600,Buy,235582917
2024-08-28 14:24:56,38750.0,1500,Sell,235582996
2024-08-28 14:24:58,38750.0,5000,Sell,235583076
2024-08-28 14:25:06,38750.0,100,Sell,235583458
2024-08-28 14:25:13,38800.0,100,Buy,235583729
2024-08-28 14:25:36,38800.0,2000,Sell,235584539
2024-08-28 14:25:36,38800.0,200,Sell,235584548
2024-08-28 14:25:45,38800.0,700,Sell,235584826
2024-08-28 14:25:56,38800.0,200,Sell,235585212
2024-08-28 14:26:00,38800.0,300,Sell,235585309
2024-08-28 14:26:00,38800.0,5000,Sell,235585353
2024-08-28 14:26:08,38800.0,500,Sell,235585619
2024-08-28 14:26:18,38800.0,500,Sell,235586039
2024-08-28 14:26:18,38800.0,1500,Sell,235586040
2024-08-28 14:26:21,38800.0,100,Sell,235586174
2024-08-28 14:26:29,38800.0,1000,Sell,235586605
2024-08-28 14:26:44,38800.0,100,Sell,235587292
2024-08-28 14:26:54,38800.0,2200,Sell,235587682
2024-08-28 14:27:07,38800.0,100,Sell,235588251
2024-08-28 14:27:10,38800.0,1000,Sell,235588376
2024-08-28 14:27:37,38800.0,1000,Sell,235589562
2024-08-28 14:27:46,38800.0,1000,Sell,235589976
2024-08-28 14:27:48,38800.0,200,Sell,235590022
2024-08-28 14:27:48,38800.0,1000,Sell,235590033
2024-08-28 14:27:58,38800.0,800,Sell,235590412
2024-08-28 14:27:58,38800.0,1000,Sell,235590411
2024-08-28 14:27:58,38800.0,200,Sell,235590410
2024-08-28 14:27:58,38800.0,600,Sell,235590409
2024-08-28 14:27:58,38800.0,600,Sell,235590407
2024-08-28 14:27:58,38800.0,100,Sell,235590406
2024-08-28 14:27:58,38800.0,200,Sell,235590404
2024-08-28 14:27:58,38800.0,100,Sell,235590408
2024-08-28 14:27:58,38800.0,2000,Sell,235590405
2024-08-28 14:28:03,38800.0,200,Sell,235590598
2024-08-28 14:28:23,38800.0,100,Buy,235591556
2024-08-28 14:28:26,38800.0,2000,Buy,235591679
2024-08-28 14:28:32,38800.0,500,Buy,235591898
2024-08-28 14:28:37,38750.0,600,Sell,235592136
2024-08-28 14:28:37,38750.0,100,Sell,235592135
2024-08-28 14:28:37,38750.0,200,Sell,235592134
2024-08-28 14:28:37,38750.0,300,Sell,235592133
2024-08-28 14:28:37,38750.0,8800,Sell,235592132
2024-08-28 14:28:37,38800.0,1000,Buy,235592106
2024-08-28 14:28:37,38800.0,100,Buy,235592105
2024-08-28 14:28:37,38800.0,200,Buy,235592103
2024-08-28 14:28:37,38800.0,400,Buy,235592102
2024-08-28 14:28:37,38800.0,100,Buy,235592107
2024-08-28 14:28:37,38800.0,200,Buy,235592104
2024-08-28 14:28:45,38800.0,900,Buy,235592457
2024-08-28 14:28:53,38800.0,500,Sell,235592789
2024-08-28 14:29:01,38800.0,100,Sell,235593119
2024-08-28 14:29:06,38800.0,1000,Sell,235593415
2024-08-28 14:29:19,38800.0,700,Sell,235594221
2024-08-28 14:29:19,38800.0,1000,Sell,235594222
2024-08-28 14:29:19,38800.0,3300,Sell,235594223
2024-08-28 14:29:21,38800.0,1000,Sell,235594300
2024-08-28 14:29:47,38800.0,200,Sell,235595454
2024-08-28 14:29:47,38800.0,700,Sell,235595451
2024-08-28 14:29:47,38850.0,2000,Buy,235595445
2024-08-28 14:29:47,38850.0,100,Buy,235595444
2024-08-28 14:29:47,38850.0,100,Buy,235595443
2024-08-28 14:29:47,38850.0,100,Buy,235595440
2024-08-28 14:29:47,38850.0,300,Buy,235595441
2024-08-28 14:29:47,38850.0,5000,Buy,235595439
2024-08-28 14:29:47,38850.0,200,Buy,235595438
2024-08-28 14:29:47,38850.0,2000,Buy,235595437
2024-08-28 14:29:47,38850.0,200,Buy,235595442
2024-08-28 14:44:57,38750.0,81100,ATO/ATC,235596647
