time,price,volume,match_type,id
2024-08-16 09:14:37,37800.0,219100,ATO/ATC,231987680
2024-08-16 09:14:47,37850.0,100,Sell,231987999
2024-08-16 09:14:49,37800.0,2500,Sell,231988028
2024-08-16 09:14:49,38000.0,200,Buy,231988021
2024-08-16 09:14:49,37800.0,2500,Sell,231988029
2024-08-16 09:14:50,38000.0,500,Buy,231988032
2024-08-16 09:14:52,38000.0,100,Buy,231988052
2024-08-16 09:14:52,38000.0,800,Buy,231988051
2024-08-16 09:14:52,38000.0,100,Buy,231988053
2024-08-16 09:14:57,38000.0,2400,Buy,231988127
2024-08-16 09:14:57,38000.0,2000,Buy,231988126
2024-08-16 09:14:57,38000.0,200,Buy,231988115
2024-08-16 09:14:57,38000.0,1000,Buy,231988123
2024-08-16 09:14:57,38000.0,1000,Buy,231988124
2024-08-16 09:14:58,38000.0,200,Buy,231988132
2024-08-16 09:14:59,38000.0,200,Buy,231988146
2024-08-16 09:15:00,38000.0,1500,Buy,231988159
2024-08-16 09:15:00,38000.0,500,Buy,231988158
2024-08-16 09:15:01,38000.0,1000,Buy,231988170
2024-08-16 09:15:02,38000.0,2500,Sell,231988185
2024-08-16 09:15:02,38000.0,1000,Sell,231988186
2024-08-16 09:15:02,38000.0,1000,Sell,231988187
2024-08-16 09:15:02,38000.0,1000,Sell,231988188
2024-08-16 09:15:02,38000.0,2500,Buy,231988189
2024-08-16 09:15:09,38050.0,100,Sell,231988285
2024-08-16 09:15:12,38450.0,200,Buy,231988329
2024-08-16 09:15:14,38050.0,700,Sell,231988348
2024-08-16 09:15:18,38450.0,200,Buy,231988416
2024-08-16 09:15:20,38100.0,1000,Sell,231988471
2024-08-16 09:15:20,38100.0,300,Sell,231988472
2024-08-16 09:15:20,38100.0,1000,Sell,231988473
2024-08-16 09:15:20,38100.0,100,Buy,231988474
2024-08-16 09:15:20,38100.0,200,Sell,231988470
2024-08-16 09:15:21,38100.0,200,Buy,231988496
2024-08-16 09:15:24,38100.0,100,Buy,231988531
2024-08-16 09:15:24,38100.0,400,Buy,231988533
2024-08-16 09:15:25,38100.0,1000,Buy,231988539
2024-08-16 09:15:26,38100.0,1400,Buy,231988553
2024-08-16 09:15:28,38100.0,300,Sell,231988595
2024-08-16 09:15:28,38100.0,600,Sell,231988594
2024-08-16 09:15:29,38100.0,2000,Sell,231988603
2024-08-16 09:15:29,38100.0,200,Sell,231988600
2024-08-16 09:15:29,38100.0,100,Sell,231988601
2024-08-16 09:15:29,38100.0,100,Sell,231988602
2024-08-16 09:15:30,38100.0,100,Sell,231988635
2024-08-16 09:15:30,38100.0,100,Sell,231988636
2024-08-16 09:15:30,38100.0,1000,Sell,231988637
2024-08-16 09:15:30,38100.0,500,Sell,231988638
2024-08-16 09:15:31,38100.0,300,Buy,231988655
2024-08-16 09:15:31,38100.0,100,Buy,231988657
2024-08-16 09:15:34,38100.0,1500,Sell,231988710
2024-08-16 09:15:34,38100.0,600,Sell,231988709
2024-08-16 09:15:37,38200.0,1500,Buy,231988755
2024-08-16 09:15:37,38450.0,500,Buy,231988756
2024-08-16 09:15:44,38400.0,300,Buy,231988857
2024-08-16 09:15:44,38400.0,200,Buy,231988858
2024-08-16 09:15:45,38400.0,100,Buy,231988889
2024-08-16 09:15:47,38400.0,400,Buy,231988926
2024-08-16 09:15:47,38400.0,100,Buy,231988927
2024-08-16 09:15:47,38400.0,500,Buy,231988928
2024-08-16 09:15:49,38350.0,100,Buy,231988955
2024-08-16 09:15:49,38200.0,100,Sell,231988962
2024-08-16 09:15:49,38200.0,200,Sell,231988963
2024-08-16 09:15:55,38200.0,1000,Sell,231989083
2024-08-16 09:15:55,38200.0,300,Sell,231989082
2024-08-16 09:15:55,38200.0,200,Sell,231989081
2024-08-16 09:15:57,38200.0,200,Buy,231989108
2024-08-16 09:15:58,38200.0,100,Buy,231989125
2024-08-16 09:15:59,38200.0,1100,Buy,231989149
2024-08-16 09:15:59,38200.0,1000,Buy,231989150
2024-08-16 09:15:59,38450.0,2900,Buy,231989151
2024-08-16 09:16:04,38400.0,100,Sell,231989270
2024-08-16 09:16:04,38400.0,100,Sell,231989271
2024-08-16 09:16:08,38350.0,300,Buy,231989351
2024-08-16 09:16:09,38150.0,1000,Sell,231989359
2024-08-16 09:16:09,38200.0,300,Sell,231989358
2024-08-16 09:16:09,38200.0,100,Sell,231989355
2024-08-16 09:16:09,38200.0,200,Sell,231989354
2024-08-16 09:16:09,38200.0,200,Sell,231989356
2024-08-16 09:16:09,38200.0,200,Sell,231989357
2024-08-16 09:16:10,38350.0,500,Buy,231989404
2024-08-16 09:16:12,38200.0,200,Sell,231989432
2024-08-16 09:16:12,38200.0,500,Sell,231989433
2024-08-16 09:16:12,38350.0,900,Buy,231989435
2024-08-16 09:16:12,38400.0,4900,Buy,231989436
2024-08-16 09:16:12,38400.0,100,Buy,231989437
2024-08-16 09:16:12,38400.0,1400,Buy,231989438
2024-08-16 09:16:12,38400.0,1000,Buy,231989439
2024-08-16 09:16:13,38400.0,1400,Sell,231989455
2024-08-16 09:16:14,38200.0,100,Sell,231989477
2024-08-16 09:16:14,38400.0,300,Sell,231989472
2024-08-16 09:16:14,38200.0,200,Sell,231989476
2024-08-16 09:16:15,38150.0,500,Sell,231989494
2024-08-16 09:16:15,38150.0,1000,Sell,231989495
2024-08-16 09:16:15,38150.0,100,Sell,231989496
2024-08-16 09:16:15,38150.0,1000,Sell,231989497
2024-08-16 09:16:15,38150.0,3000,Sell,231989498
2024-08-16 09:16:15,38150.0,700,Sell,231989499
2024-08-16 09:16:15,38150.0,100,Sell,231989500
2024-08-16 09:16:15,38150.0,500,Sell,231989501
2024-08-16 09:16:15,38150.0,200,Sell,231989502
2024-08-16 09:16:15,38150.0,2900,Sell,231989503
2024-08-16 09:16:16,38200.0,200,Buy,231989521
2024-08-16 09:16:17,38150.0,12800,Sell,231989524
2024-08-16 09:16:19,38200.0,500,Buy,231989553
2024-08-16 09:16:19,38200.0,1000,Buy,231989554
2024-08-16 09:16:20,38200.0,400,Buy,231989556
2024-08-16 09:16:20,38400.0,100,Buy,231989557
2024-08-16 09:16:21,38200.0,1400,Sell,231989566
2024-08-16 09:16:22,38200.0,3600,Sell,231989594
2024-08-16 09:16:22,38200.0,100,Sell,231989595
2024-08-16 09:16:22,38400.0,100,Buy,231989600
2024-08-16 09:16:22,38400.0,100,Buy,231989601
2024-08-16 09:16:22,38350.0,1000,Buy,231989603
2024-08-16 09:16:24,38200.0,100,Sell,231989650
2024-08-16 09:16:25,38200.0,900,Buy,231989662
2024-08-16 09:16:26,38200.0,100,Sell,231989683
2024-08-16 09:16:26,38200.0,200,Buy,231989691
2024-08-16 09:16:29,38150.0,1500,Sell,231989760
2024-08-16 09:16:29,38150.0,800,Sell,231989767
2024-08-16 09:16:31,38350.0,1000,Buy,231989830
2024-08-16 09:16:33,38200.0,500,Sell,231989886
2024-08-16 09:16:33,38150.0,1900,Sell,231989888
2024-08-16 09:16:33,38200.0,100,Sell,231989885
2024-08-16 09:16:33,38200.0,2000,Sell,231989887
2024-08-16 09:16:34,38200.0,200,Buy,231989906
2024-08-16 09:16:35,38150.0,3600,Sell,231989911
2024-08-16 09:16:35,38150.0,100,Sell,231989912
2024-08-16 09:16:35,38150.0,200,Sell,231989913
2024-08-16 09:16:35,38150.0,200,Sell,231989914
2024-08-16 09:16:35,38150.0,500,Sell,231989915
2024-08-16 09:16:35,38150.0,200,Sell,231989916
2024-08-16 09:16:35,38150.0,100,Sell,231989917
2024-08-16 09:16:35,38200.0,100,Buy,231989932
2024-08-16 09:16:37,38200.0,1000,Buy,231989994
2024-08-16 09:16:40,38200.0,700,Buy,231990048
2024-08-16 09:16:41,38200.0,100,Buy,231990086
2024-08-16 09:16:42,38150.0,100,Sell,231990106
2024-08-16 09:16:43,38200.0,100,Buy,231990115
2024-08-16 09:16:45,38200.0,2800,Buy,231990166
2024-08-16 09:16:45,38200.0,100,Buy,231990170
2024-08-16 09:16:46,38200.0,900,Buy,231990179
2024-08-16 09:16:46,38200.0,100,Buy,231990180
2024-08-16 09:16:47,38200.0,500,Buy,231990191
2024-08-16 09:16:47,38200.0,100,Buy,231990205
2024-08-16 09:16:48,38150.0,200,Sell,231990218
2024-08-16 09:16:49,38200.0,200,Buy,231990238
2024-08-16 09:16:49,38200.0,100,Buy,231990237
2024-08-16 09:16:50,38150.0,800,Sell,231990276
2024-08-16 09:16:50,38200.0,100,Sell,231990269
2024-08-16 09:16:50,38200.0,200,Sell,231990275
2024-08-16 09:16:59,38350.0,3000,Buy,231990487
2024-08-16 09:16:59,38350.0,1000,Buy,231990488
2024-08-16 09:16:59,38400.0,600,Buy,231990489
2024-08-16 09:16:59,38400.0,400,Buy,231990490
2024-08-16 09:17:07,38250.0,1000,Sell,231990661
2024-08-16 09:17:12,38200.0,100,Sell,231990737
2024-08-16 09:17:12,38200.0,2900,Sell,231990738
2024-08-16 09:17:14,38200.0,1900,Sell,231990790
2024-08-16 09:17:19,38350.0,1000,Buy,231990862
2024-08-16 09:17:20,38350.0,2000,Buy,231990878
2024-08-16 09:17:22,38200.0,200,Sell,231990954
2024-08-16 09:17:23,38200.0,1000,Sell,231990972
2024-08-16 09:17:26,38350.0,100,Buy,231991019
2024-08-16 09:17:26,38350.0,200,Buy,231991031
2024-08-16 09:17:26,38200.0,1000,Sell,231991032
2024-08-16 09:17:28,38350.0,1700,Buy,231991076
2024-08-16 09:17:28,38350.0,100,Buy,231991077
2024-08-16 09:17:33,38350.0,3200,Sell,231991212
2024-08-16 09:17:33,38350.0,1000,Sell,231991213
2024-08-16 09:17:33,38350.0,300,Sell,231991214
2024-08-16 09:17:37,38350.0,100,Buy,231991292
2024-08-16 09:17:38,38350.0,400,Buy,231991312
2024-08-16 09:17:38,38250.0,100,Sell,231991309
2024-08-16 09:17:38,38250.0,100,Sell,231991310
2024-08-16 09:17:39,38400.0,200,Buy,231991324
2024-08-16 09:17:39,38400.0,500,Buy,231991325
2024-08-16 09:17:39,38400.0,1200,Buy,231991326
2024-08-16 09:17:39,38400.0,2000,Buy,231991327
2024-08-16 09:17:39,38400.0,1100,Buy,231991328
2024-08-16 09:17:46,38350.0,1200,Sell,231991621
2024-08-16 09:17:46,38350.0,200,Sell,231991622
2024-08-16 09:17:46,38350.0,1600,Sell,231991623
2024-08-16 09:17:47,38400.0,500,Buy,231991637
2024-08-16 09:17:47,38400.0,200,Buy,231991638
2024-08-16 09:17:47,38400.0,100,Buy,231991639
2024-08-16 09:17:47,38400.0,500,Buy,231991640
2024-08-16 09:17:47,38400.0,100,Buy,231991641
2024-08-16 09:17:49,38350.0,100,Sell,231991695
2024-08-16 09:17:49,38400.0,100,Sell,231991693
2024-08-16 09:17:49,38350.0,100,Sell,231991694
2024-08-16 09:17:50,38450.0,1600,Buy,231991704
2024-08-16 09:17:50,38450.0,1000,Buy,231991705
2024-08-16 09:17:50,38450.0,5000,Buy,231991706
2024-08-16 09:17:50,38450.0,300,Buy,231991707
2024-08-16 09:17:50,38450.0,2900,Buy,231991708
2024-08-16 09:17:50,38450.0,2500,Buy,231991709
2024-08-16 09:17:56,38450.0,1000,Buy,231991882
2024-08-16 09:18:00,38450.0,100,Buy,231991954
2024-08-16 09:18:01,38400.0,200,Sell,231991971
2024-08-16 09:18:01,38400.0,300,Sell,231991972
2024-08-16 09:18:02,38400.0,4700,Sell,231992000
2024-08-16 09:18:02,38400.0,200,Sell,231991998
2024-08-16 09:18:02,38400.0,100,Sell,231991999
2024-08-16 09:18:04,38400.0,100,Sell,231992040
2024-08-16 09:18:05,38450.0,1400,Buy,231992068
2024-08-16 09:18:05,38450.0,100,Buy,231992069
2024-08-16 09:18:05,38450.0,100,Buy,231992070
2024-08-16 09:18:05,38450.0,200,Buy,231992071
2024-08-16 09:18:06,38500.0,100,Buy,231992102
2024-08-16 09:18:06,38500.0,900,Buy,231992103
2024-08-16 09:18:08,38450.0,700,Sell,231992146
2024-08-16 09:18:09,38500.0,100,Buy,231992180
2024-08-16 09:18:16,38500.0,1500,Buy,231992294
2024-08-16 09:18:16,38500.0,100,Buy,231992295
2024-08-16 09:18:16,38500.0,100,Buy,231992296
2024-08-16 09:18:17,38500.0,100,Sell,231992302
2024-08-16 09:18:20,38550.0,100,Buy,231992388
2024-08-16 09:18:25,38500.0,1000,Sell,231992488
2024-08-16 09:18:26,38500.0,200,Sell,231992507
2024-08-16 09:18:26,38500.0,100,Sell,231992508
2024-08-16 09:18:27,38550.0,100,Buy,231992534
2024-08-16 09:18:30,38550.0,1000,Sell,231992590
2024-08-16 09:18:33,38600.0,500,Buy,231992651
2024-08-16 09:18:33,38600.0,100,Buy,231992652
2024-08-16 09:18:33,38600.0,400,Buy,231992653
2024-08-16 09:18:34,38600.0,200,Buy,231992677
2024-08-16 09:18:43,38600.0,1000,Buy,231992877
2024-08-16 09:18:43,38600.0,1000,Buy,231992876
2024-08-16 09:18:43,38600.0,400,Buy,231992860
2024-08-16 09:18:44,38600.0,1000,Buy,231992895
2024-08-16 09:18:45,38600.0,200,Sell,231992917
2024-08-16 09:18:48,38600.0,100,Sell,231992966
2024-08-16 09:18:54,38650.0,600,Buy,231993063
2024-08-16 09:18:54,38650.0,4400,Buy,231993071
2024-08-16 09:18:54,38650.0,100,Buy,231993062
2024-08-16 09:18:59,38650.0,600,Sell,231993144
2024-08-16 09:18:59,38650.0,400,Sell,231993145
2024-08-16 09:19:05,38750.0,200,Buy,231993256
2024-08-16 09:19:13,38650.0,100,Sell,231993379
2024-08-16 09:19:13,38650.0,100,Sell,231993380
2024-08-16 09:19:14,38750.0,3000,Buy,231993401
2024-08-16 09:19:22,38750.0,1500,Buy,231993552
2024-08-16 09:19:28,38700.0,1000,Sell,231993669
2024-08-16 09:19:28,38650.0,1200,Sell,231993670
2024-08-16 09:19:32,38750.0,300,Buy,231993737
2024-08-16 09:19:35,38750.0,500,Buy,231993791
2024-08-16 09:19:36,38750.0,100,Buy,231993809
2024-08-16 09:19:36,38750.0,500,Buy,231993807
2024-08-16 09:19:36,38750.0,100,Buy,231993808
2024-08-16 09:19:40,38750.0,1400,Sell,231993885
2024-08-16 09:19:40,38750.0,400,Sell,231993896
2024-08-16 09:19:40,38750.0,200,Sell,231993897
2024-08-16 09:19:47,38750.0,1000,Buy,231994025
2024-08-16 09:19:47,38750.0,1000,Buy,231994026
2024-08-16 09:19:50,38750.0,600,Sell,231994084
2024-08-16 09:19:51,38750.0,100,Buy,231994119
2024-08-16 09:19:53,38650.0,500,Sell,231994146
2024-08-16 09:19:53,38650.0,8900,Sell,231994148
2024-08-16 09:19:53,38650.0,100,Sell,231994147
2024-08-16 09:19:53,38650.0,1000,Sell,231994145
2024-08-16 09:19:53,38650.0,100,Sell,231994144
2024-08-16 09:19:53,38650.0,100,Sell,231994143
2024-08-16 09:19:53,38650.0,1000,Sell,231994142
2024-08-16 09:19:53,38650.0,700,Sell,231994141
2024-08-16 09:19:53,38650.0,700,Sell,231994140
2024-08-16 09:19:54,38750.0,1200,Buy,231994171
2024-08-16 09:19:54,38750.0,100,Buy,231994172
2024-08-16 09:19:54,38750.0,700,Buy,231994173
2024-08-16 09:19:55,38750.0,1300,Buy,231994214
2024-08-16 09:19:56,38750.0,700,Sell,231994229
2024-08-16 09:19:57,38700.0,100,Buy,231994254
2024-08-16 09:20:06,38650.0,1100,Sell,231994516
2024-08-16 09:20:06,38600.0,400,Sell,231994517
2024-08-16 09:20:11,38650.0,200,Buy,231994602
2024-08-16 09:20:17,38650.0,500,Buy,231994745
2024-08-16 09:20:18,38600.0,300,Sell,231994785
2024-08-16 09:20:18,38600.0,500,Sell,231994786
2024-08-16 09:20:18,38600.0,200,Sell,231994787
2024-08-16 09:20:18,38600.0,1000,Sell,231994788
2024-08-16 09:20:18,38600.0,500,Sell,231994789
2024-08-16 09:20:18,38600.0,1000,Sell,231994790
2024-08-16 09:20:18,38600.0,100,Sell,231994784
2024-08-16 09:20:26,38600.0,100,Buy,231994960
2024-08-16 09:20:28,38600.0,100,Buy,231995008
2024-08-16 09:20:33,38550.0,1000,Sell,231995084
2024-08-16 09:20:33,38550.0,300,Sell,231995083
2024-08-16 09:20:33,38550.0,2000,Sell,231995082
2024-08-16 09:20:33,38550.0,200,Sell,231995078
2024-08-16 09:20:33,38550.0,200,Sell,231995080
2024-08-16 09:20:33,38550.0,900,Sell,231995081
2024-08-16 09:20:33,38550.0,200,Sell,231995077
2024-08-16 09:20:33,38550.0,200,Sell,231995079
2024-08-16 09:20:36,38500.0,1000,Sell,231995164
2024-08-16 09:20:36,38500.0,100,Sell,231995165
2024-08-16 09:20:36,38500.0,100,Sell,231995166
2024-08-16 09:20:36,38500.0,1000,Sell,231995167
2024-08-16 09:20:36,38500.0,100,Sell,231995168
2024-08-16 09:20:36,38450.0,700,Sell,231995169
2024-08-16 09:20:38,38450.0,100,Sell,231995230
2024-08-16 09:20:41,38450.0,1000,Sell,231995299
2024-08-16 09:20:48,38450.0,300,Sell,231995405
2024-08-16 09:20:49,38450.0,100,Sell,231995438
2024-08-16 09:20:49,38500.0,1000,Sell,231995436
2024-08-16 09:20:49,38450.0,1200,Sell,231995437
2024-08-16 09:20:55,38450.0,700,Buy,231995552
2024-08-16 09:20:55,38450.0,100,Buy,231995553
2024-08-16 09:20:55,38450.0,200,Buy,231995554
2024-08-16 09:20:55,38450.0,100,Buy,231995566
2024-08-16 09:20:56,38400.0,100,Sell,231995577
2024-08-16 09:20:59,38450.0,700,Buy,231995636
2024-08-16 09:20:59,38450.0,1300,Buy,231995637
2024-08-16 09:21:01,38400.0,100,Sell,231995649
2024-08-16 09:21:01,38400.0,100,Sell,231995650
2024-08-16 09:21:03,38450.0,3000,Sell,231995703
2024-08-16 09:21:03,38450.0,400,Buy,231995695
2024-08-16 09:21:03,38400.0,1900,Buy,231995694
2024-08-16 09:21:03,38400.0,800,Buy,231995693
2024-08-16 09:21:04,38450.0,2000,Sell,231995726
2024-08-16 09:21:04,38450.0,2600,Sell,231995725
2024-08-16 09:21:06,38400.0,300,Buy,231995751
2024-08-16 09:21:08,38350.0,1000,Sell,231995789
2024-08-16 09:21:08,38350.0,100,Sell,231995790
2024-08-16 09:21:08,38350.0,1800,Sell,231995791
2024-08-16 09:21:08,38350.0,100,Sell,231995792
2024-08-16 09:21:08,38300.0,2000,Sell,231995793
2024-08-16 09:21:14,38450.0,100,Buy,231995919
2024-08-16 09:21:24,38400.0,500,Buy,231996106
2024-08-16 09:21:30,38300.0,500,Sell,231996189
2024-08-16 09:21:30,38300.0,200,Sell,231996188
2024-08-16 09:21:30,38300.0,100,Sell,231996187
2024-08-16 09:21:31,38300.0,500,Sell,231996199
2024-08-16 09:21:31,38300.0,100,Sell,231996200
2024-08-16 09:21:47,38300.0,200,Sell,231996484
2024-08-16 09:21:47,38300.0,100,Sell,231996485
2024-08-16 09:21:47,38300.0,700,Sell,231996486
2024-08-16 09:21:48,38300.0,1300,Sell,231996502
2024-08-16 09:21:48,38300.0,500,Sell,231996503
2024-08-16 09:21:48,38300.0,200,Sell,231996504
2024-08-16 09:21:49,38300.0,1000,Buy,231996526
2024-08-16 09:21:56,38400.0,400,Sell,231996651
2024-08-16 09:21:56,38300.0,100,Sell,231996654
2024-08-16 09:21:56,38400.0,100,Buy,231996647
2024-08-16 09:21:56,38300.0,4000,Sell,231996652
2024-08-16 09:21:56,38300.0,100,Sell,231996653
2024-08-16 09:22:00,38300.0,100,Buy,231996791
2024-08-16 09:22:03,38250.0,300,Sell,231996838
2024-08-16 09:22:03,38300.0,100,Buy,231996840
2024-08-16 09:22:04,38300.0,1400,Buy,231996843
2024-08-16 09:22:07,38300.0,500,Buy,231996909
2024-08-16 09:22:08,38300.0,100,Buy,231996930
2024-08-16 09:22:09,38300.0,300,Buy,231996949
2024-08-16 09:22:12,38250.0,700,Sell,231996985
2024-08-16 09:22:12,38250.0,4000,Sell,231996986
2024-08-16 09:22:12,38250.0,15300,Sell,231996987
2024-08-16 09:22:15,38300.0,100,Buy,231997029
2024-08-16 09:22:15,38250.0,3400,Sell,231997035
2024-08-16 09:22:17,38300.0,2900,Buy,231997062
2024-08-16 09:22:17,38300.0,100,Buy,231997061
2024-08-16 09:22:19,38250.0,700,Sell,231997079
2024-08-16 09:22:21,38250.0,600,Sell,231997099
2024-08-16 09:22:21,38250.0,100,Sell,231997100
2024-08-16 09:22:21,38250.0,100,Sell,231997101
2024-08-16 09:22:21,38250.0,100,Sell,231997102
2024-08-16 09:22:21,38250.0,100,Sell,231997103
2024-08-16 09:22:31,38250.0,100,Sell,231997280
2024-08-16 09:22:31,38250.0,100,Sell,231997279
2024-08-16 09:22:31,38250.0,100,Sell,231997278
2024-08-16 09:22:31,38250.0,100,Sell,231997277
2024-08-16 09:22:31,38250.0,100,Sell,231997275
2024-08-16 09:22:31,38250.0,200,Sell,231997272
2024-08-16 09:22:31,38250.0,2000,Sell,231997276
2024-08-16 09:22:31,38250.0,300,Sell,231997274
2024-08-16 09:22:31,38250.0,1000,Sell,231997273
2024-08-16 09:22:32,38250.0,100,Buy,231997289
2024-08-16 09:22:33,38250.0,100,Buy,231997303
2024-08-16 09:22:38,38250.0,100,Buy,231997379
2024-08-16 09:22:42,38250.0,100,Buy,231997429
2024-08-16 09:22:42,38250.0,600,Buy,231997430
2024-08-16 09:22:42,38250.0,1400,Buy,231997431
2024-08-16 09:22:43,38200.0,2800,Sell,231997445
2024-08-16 09:22:46,38250.0,200,Buy,231997489
2024-08-16 09:22:47,38200.0,6400,Sell,231997494
2024-08-16 09:22:47,38250.0,3000,Buy,231997499
2024-08-16 09:22:51,38250.0,100,Buy,231997539
2024-08-16 09:22:54,38250.0,100,Buy,231997583
2024-08-16 09:22:54,38250.0,200,Buy,231997589
2024-08-16 09:22:54,38250.0,100,Buy,231997590
2024-08-16 09:22:58,38250.0,100,Buy,231997636
2024-08-16 09:22:58,38200.0,1000,Sell,231997640
2024-08-16 09:23:00,38250.0,200,Buy,231997666
2024-08-16 09:23:03,38250.0,100,Buy,231997712
2024-08-16 09:23:06,38250.0,600,Buy,231997762
2024-08-16 09:23:08,38250.0,100,Buy,231997787
2024-08-16 09:23:09,38250.0,7000,Buy,231997804
2024-08-16 09:23:09,38250.0,100,Buy,231997803
2024-08-16 09:23:09,38250.0,200,Buy,231997801
2024-08-16 09:23:09,38250.0,300,Buy,231997802
2024-08-16 09:23:11,38300.0,100,Buy,231997817
2024-08-16 09:23:20,38250.0,2200,Sell,231997977
2024-08-16 09:23:20,38250.0,200,Sell,231997978
2024-08-16 09:23:20,38250.0,100,Sell,231997979
2024-08-16 09:23:20,38200.0,2500,Sell,231997980
2024-08-16 09:23:37,38250.0,100,Sell,231998324
2024-08-16 09:23:37,38250.0,2000,Sell,231998325
2024-08-16 09:23:39,38250.0,1300,Buy,231998382
2024-08-16 09:23:42,38250.0,500,Buy,231998419
2024-08-16 09:23:43,38250.0,100,Buy,231998440
2024-08-16 09:23:53,38250.0,100,Buy,231998623
2024-08-16 09:23:59,38250.0,900,Buy,231998770
2024-08-16 09:23:59,38250.0,1000,Buy,231998771
2024-08-16 09:23:59,38250.0,100,Buy,231998772
2024-08-16 09:23:59,38250.0,500,Buy,231998773
2024-08-16 09:24:00,38200.0,100,Sell,231998798
2024-08-16 09:24:02,38200.0,3700,Sell,231998831
2024-08-16 09:24:02,38200.0,2900,Sell,231998830
2024-08-16 09:24:02,38200.0,100,Sell,231998828
2024-08-16 09:24:02,38200.0,1000,Sell,231998827
2024-08-16 09:24:02,38200.0,1000,Sell,231998829
2024-08-16 09:24:02,38200.0,200,Sell,231998825
2024-08-16 09:24:02,38200.0,100,Sell,231998824
2024-08-16 09:24:02,38200.0,800,Sell,231998823
2024-08-16 09:24:02,38200.0,200,Sell,231998814
2024-08-16 09:24:02,38200.0,800,Sell,231998813
2024-08-16 09:24:02,38200.0,200,Sell,231998826
2024-08-16 09:24:03,38200.0,100,Sell,231998833
2024-08-16 09:24:04,38200.0,400,Sell,231998863
2024-08-16 09:24:04,38200.0,300,Sell,231998862
2024-08-16 09:24:04,38200.0,100,Sell,231998861
2024-08-16 09:24:04,38200.0,100,Sell,231998860
2024-08-16 09:24:04,38200.0,1000,Sell,231998859
2024-08-16 09:24:04,38200.0,1000,Sell,231998858
2024-08-16 09:24:04,38200.0,100,Sell,231998857
2024-08-16 09:24:04,38200.0,100,Sell,231998855
2024-08-16 09:24:04,38200.0,500,Sell,231998854
2024-08-16 09:24:04,38200.0,100,Sell,231998853
2024-08-16 09:24:04,38200.0,200,Sell,231998852
2024-08-16 09:24:04,38200.0,100,Sell,231998851
2024-08-16 09:24:04,38200.0,100,Sell,231998850
2024-08-16 09:24:04,38200.0,1200,Sell,231998849
2024-08-16 09:24:04,38200.0,1000,Sell,231998856
2024-08-16 09:24:12,38200.0,600,Sell,231998991
2024-08-16 09:24:12,38200.0,100,Sell,231998992
2024-08-16 09:24:12,38200.0,100,Sell,231998993
2024-08-16 09:24:12,38200.0,100,Sell,231998994
2024-08-16 09:24:12,38200.0,100,Sell,231998995
2024-08-16 09:24:14,38200.0,100,Buy,231999018
2024-08-16 09:24:14,38150.0,2500,Sell,231999030
2024-08-16 09:24:22,38200.0,100,Buy,231999160
2024-08-16 09:24:22,38200.0,3900,Buy,231999159
2024-08-16 09:24:23,38200.0,1000,Buy,231999169
2024-08-16 09:24:28,38200.0,100,Buy,231999308
2024-08-16 09:24:42,38200.0,100,Buy,231999565
2024-08-16 09:24:42,38200.0,3800,Buy,231999562
2024-08-16 09:24:42,38200.0,700,Buy,231999563
2024-08-16 09:24:42,38200.0,300,Buy,231999564
2024-08-16 09:24:44,38250.0,200,Buy,231999627
2024-08-16 09:24:44,38250.0,4500,Buy,231999626
2024-08-16 09:24:44,38250.0,300,Buy,231999628
2024-08-16 09:24:49,38250.0,400,Buy,231999708
2024-08-16 09:24:49,38250.0,600,Buy,231999709
2024-08-16 09:24:50,38250.0,300,Buy,231999729
2024-08-16 09:24:58,38250.0,100,Buy,231999848
2024-08-16 09:24:58,38250.0,200,Buy,231999849
2024-08-16 09:24:58,38250.0,700,Buy,231999850
2024-08-16 09:24:58,38250.0,300,Buy,231999856
2024-08-16 09:24:58,38250.0,200,Buy,231999857
2024-08-16 09:24:58,38250.0,200,Buy,231999858
2024-08-16 09:24:58,38250.0,1000,Buy,231999859
2024-08-16 09:24:59,38250.0,100,Sell,231999868
2024-08-16 09:24:59,38250.0,300,Sell,231999867
2024-08-16 09:25:00,38250.0,1000,Buy,231999896
2024-08-16 09:25:02,38250.0,300,Buy,231999950
2024-08-16 09:25:02,38250.0,500,Buy,231999956
2024-08-16 09:25:07,38250.0,1700,Buy,232000006
2024-08-16 09:25:08,38250.0,1100,Buy,232000020
2024-08-16 09:25:08,38250.0,600,Buy,232000021
2024-08-16 09:25:08,38250.0,300,Buy,232000022
2024-08-16 09:25:09,38250.0,700,Buy,232000040
2024-08-16 09:25:09,38250.0,2300,Buy,232000041
2024-08-16 09:25:17,38300.0,1000,Buy,232000192
2024-08-16 09:25:17,38300.0,400,Buy,232000194
2024-08-16 09:25:17,38300.0,200,Buy,232000193
2024-08-16 09:25:17,38300.0,900,Buy,232000190
2024-08-16 09:25:17,38300.0,2500,Buy,232000191
2024-08-16 09:25:25,38300.0,600,Buy,232000312
2024-08-16 09:25:27,38250.0,100,Sell,232000365
2024-08-16 09:25:27,38250.0,1000,Sell,232000366
2024-08-16 09:25:27,38250.0,100,Sell,232000367
2024-08-16 09:25:29,38250.0,1000,Buy,232000396
2024-08-16 09:25:34,38250.0,200,Buy,232000479
2024-08-16 09:25:43,38250.0,900,Buy,232000599
2024-08-16 09:25:46,38250.0,500,Buy,232000668
2024-08-16 09:25:47,38250.0,1000,Buy,232000686
2024-08-16 09:25:51,38200.0,200,Sell,232000734
2024-08-16 09:25:51,38200.0,200,Sell,232000733
2024-08-16 09:25:51,38200.0,200,Sell,232000732
2024-08-16 09:25:51,38200.0,1000,Sell,232000731
2024-08-16 09:25:51,38200.0,400,Sell,232000728
2024-08-16 09:25:51,38200.0,100,Sell,232000729
2024-08-16 09:25:51,38200.0,100,Sell,232000727
2024-08-16 09:25:51,38200.0,5100,Sell,232000726
2024-08-16 09:25:51,38200.0,200,Sell,232000730
2024-08-16 09:25:52,38250.0,100,Buy,232000754
2024-08-16 09:25:57,38250.0,100,Buy,232000829
2024-08-16 09:25:57,38250.0,200,Buy,232000830
2024-08-16 09:25:57,38250.0,200,Buy,232000831
2024-08-16 09:26:02,38250.0,200,Buy,232000908
2024-08-16 09:26:03,38250.0,100,Buy,232000944
2024-08-16 09:26:18,38250.0,100,Buy,232001183
2024-08-16 09:26:19,38200.0,100,Sell,232001194
2024-08-16 09:26:19,38200.0,300,Sell,232001193
2024-08-16 09:26:19,38200.0,200,Sell,232001195
2024-08-16 09:26:21,38250.0,400,Buy,232001208
2024-08-16 09:26:21,38250.0,100,Buy,232001209
2024-08-16 09:26:22,38100.0,2000,Sell,232001274
2024-08-16 09:26:22,38150.0,600,Sell,232001271
2024-08-16 09:26:22,38150.0,200,Sell,232001270
2024-08-16 09:26:22,38150.0,200,Sell,232001269
2024-08-16 09:26:22,38150.0,100,Sell,232001268
2024-08-16 09:26:22,38150.0,500,Sell,232001267
2024-08-16 09:26:22,38150.0,100,Sell,232001266
2024-08-16 09:26:22,38150.0,100,Sell,232001265
2024-08-16 09:26:22,38150.0,1000,Sell,232001264
2024-08-16 09:26:22,38150.0,200,Sell,232001263
2024-08-16 09:26:22,38150.0,100,Sell,232001262
2024-08-16 09:26:22,38100.0,1000,Sell,232001273
2024-08-16 09:26:22,38150.0,100,Sell,232001260
2024-08-16 09:26:22,38150.0,200,Sell,232001261
2024-08-16 09:26:22,38200.0,100,Sell,232001250
2024-08-16 09:26:22,38200.0,500,Sell,232001251
2024-08-16 09:26:22,38200.0,500,Sell,232001252
2024-08-16 09:26:22,38150.0,1500,Sell,232001253
2024-08-16 09:26:22,38100.0,100,Sell,232001272
2024-08-16 09:26:22,38150.0,1000,Sell,232001255
2024-08-16 09:26:22,38150.0,1000,Sell,232001256
2024-08-16 09:26:22,38150.0,2000,Sell,232001254
2024-08-16 09:26:22,38150.0,1000,Sell,232001257
2024-08-16 09:26:22,38150.0,800,Sell,232001258
2024-08-16 09:26:22,38150.0,100,Sell,232001259
2024-08-16 09:26:27,38200.0,100,Buy,232001370
2024-08-16 09:26:37,38150.0,100,Sell,232001556
2024-08-16 09:26:37,38100.0,400,Sell,232001557
2024-08-16 09:26:51,38100.0,1500,Sell,232001782
2024-08-16 09:26:51,38100.0,100,Sell,232001781
2024-08-16 09:26:51,38100.0,100,Sell,232001780
2024-08-16 09:26:51,38100.0,600,Sell,232001778
2024-08-16 09:26:51,38150.0,100,Sell,232001777
2024-08-16 09:26:51,38100.0,100,Sell,232001779
2024-08-16 09:26:53,38100.0,500,Sell,232001797
2024-08-16 09:26:58,38100.0,300,Sell,232001856
2024-08-16 09:26:58,38100.0,5000,Sell,232001857
2024-08-16 09:26:58,38100.0,2000,Sell,232001858
2024-08-16 09:26:58,38100.0,100,Sell,232001859
2024-08-16 09:26:58,38100.0,300,Sell,232001861
2024-08-16 09:26:58,38100.0,100,Sell,232001862
2024-08-16 09:26:58,38100.0,100,Sell,232001863
2024-08-16 09:26:58,38100.0,5000,Sell,232001864
2024-08-16 09:26:58,38100.0,500,Sell,232001865
2024-08-16 09:26:58,38100.0,300,Sell,232001855
2024-08-16 09:26:58,38100.0,500,Sell,232001860
2024-08-16 09:27:02,38100.0,100,Sell,232001906
2024-08-16 09:27:02,38100.0,100,Sell,232001908
2024-08-16 09:27:02,38100.0,500,Sell,232001907
2024-08-16 09:27:02,38100.0,500,Sell,232001905
2024-08-16 09:27:02,38100.0,2000,Sell,232001903
2024-08-16 09:27:02,38100.0,100,Sell,232001902
2024-08-16 09:27:02,38100.0,1000,Sell,232001904
2024-08-16 09:27:12,38100.0,100,Sell,232002053
2024-08-16 09:27:12,38100.0,100,Sell,232002054
2024-08-16 09:27:12,38100.0,100,Sell,232002055
2024-08-16 09:27:19,38100.0,100,Buy,232002178
2024-08-16 09:27:20,38050.0,500,Sell,232002189
2024-08-16 09:27:20,38050.0,500,Sell,232002190
2024-08-16 09:27:20,38050.0,200,Sell,232002191
2024-08-16 09:27:20,38050.0,200,Sell,232002192
2024-08-16 09:27:20,38050.0,800,Sell,232002193
2024-08-16 09:27:20,38100.0,100,Buy,232002194
2024-08-16 09:27:23,38100.0,200,Buy,232002238
2024-08-16 09:27:26,38100.0,200,Buy,232002265
2024-08-16 09:27:30,38100.0,100,Buy,232002505
2024-08-16 09:27:30,38100.0,300,Buy,232002506
2024-08-16 09:27:30,38100.0,100,Buy,232002500
2024-08-16 09:27:31,38100.0,500,Buy,232002507
2024-08-16 09:27:33,38050.0,2200,Sell,232002521
2024-08-16 09:27:33,38050.0,5000,Sell,232002522
2024-08-16 09:27:33,38050.0,100,Sell,232002523
2024-08-16 09:27:33,38050.0,200,Sell,232002524
2024-08-16 09:27:33,38050.0,500,Sell,232002525
2024-08-16 09:27:33,38100.0,1000,Buy,232002536
2024-08-16 09:27:35,38050.0,500,Sell,232002561
2024-08-16 09:27:40,38050.0,100,Sell,232002600
2024-08-16 09:27:40,38050.0,100,Sell,232002599
2024-08-16 09:27:40,38050.0,400,Sell,232002598
2024-08-16 09:27:40,38050.0,3000,Sell,232002597
2024-08-16 09:27:41,38000.0,1000,Sell,232002619
2024-08-16 09:27:46,38050.0,900,Buy,232002685
2024-08-16 09:27:47,38000.0,600,Sell,232002698
2024-08-16 09:27:48,38000.0,500,Sell,232002749
2024-08-16 09:27:50,38050.0,300,Buy,232002772
2024-08-16 09:27:53,38050.0,100,Buy,232002819
2024-08-16 09:27:55,38050.0,1000,Buy,232002853
2024-08-16 09:28:02,38000.0,400,Sell,232002943
2024-08-16 09:28:02,38000.0,600,Sell,232002944
2024-08-16 09:28:06,38050.0,200,Buy,232003026
2024-08-16 09:28:07,38050.0,100,Buy,232003055
2024-08-16 09:28:07,38050.0,100,Buy,232003054
2024-08-16 09:28:07,38050.0,100,Buy,232003053
2024-08-16 09:28:07,38050.0,2900,Buy,232003052
2024-08-16 09:28:10,38050.0,900,Sell,232003099
2024-08-16 09:28:11,38050.0,300,Sell,232003106
2024-08-16 09:28:11,38050.0,1000,Sell,232003117
2024-08-16 09:28:12,38000.0,1600,Sell,232003154
2024-08-16 09:28:12,38000.0,1000,Sell,232003153
2024-08-16 09:28:12,38000.0,100,Sell,232003152
2024-08-16 09:28:12,38000.0,1000,Sell,232003151
2024-08-16 09:28:12,38000.0,1000,Sell,232003150
2024-08-16 09:28:12,38000.0,1000,Sell,232003149
2024-08-16 09:28:12,38000.0,3000,Sell,232003148
2024-08-16 09:28:12,38000.0,100,Sell,232003147
2024-08-16 09:28:12,38000.0,500,Sell,232003146
2024-08-16 09:28:12,38000.0,500,Sell,232003143
2024-08-16 09:28:12,38000.0,100,Sell,232003144
2024-08-16 09:28:12,38000.0,600,Sell,232003142
2024-08-16 09:28:12,38000.0,500,Sell,232003141
2024-08-16 09:28:12,38000.0,200,Sell,232003140
2024-08-16 09:28:12,38000.0,2000,Sell,232003139
2024-08-16 09:28:12,38000.0,200,Sell,232003138
2024-08-16 09:28:12,38050.0,1000,Sell,232003137
2024-08-16 09:28:12,38050.0,4600,Sell,232003136
2024-08-16 09:28:12,38000.0,1000,Sell,232003145
2024-08-16 09:28:16,38000.0,600,Sell,232003202
2024-08-16 09:28:21,38000.0,1500,Sell,232003291
2024-08-16 09:28:21,38000.0,500,Sell,232003285
2024-08-16 09:28:21,38000.0,2000,Sell,232003289
2024-08-16 09:28:21,38000.0,200,Sell,232003288
2024-08-16 09:28:21,38000.0,200,Sell,232003287
2024-08-16 09:28:21,38000.0,10000,Sell,232003286
2024-08-16 09:28:21,38000.0,2500,Sell,232003292
2024-08-16 09:28:21,38000.0,500,Sell,232003284
2024-08-16 09:28:21,38000.0,5000,Sell,232003290
2024-08-16 09:28:21,38000.0,100,Sell,232003282
2024-08-16 09:28:21,38000.0,1000,Sell,232003281
2024-08-16 09:28:21,38000.0,100,Sell,232003280
2024-08-16 09:28:21,38000.0,100,Sell,232003279
2024-08-16 09:28:21,38000.0,300,Sell,232003278
2024-08-16 09:28:21,38000.0,500,Sell,232003277
2024-08-16 09:28:21,38000.0,2000,Sell,232003276
2024-08-16 09:28:21,38000.0,100,Sell,232003275
2024-08-16 09:28:21,38000.0,2400,Sell,232003274
2024-08-16 09:28:21,38000.0,1000,Sell,232003283
2024-08-16 09:28:22,38000.0,100,Sell,232003316
2024-08-16 09:28:22,38000.0,100,Sell,232003315
2024-08-16 09:28:22,38000.0,100,Sell,232003314
2024-08-16 09:28:22,38000.0,200,Sell,232003313
2024-08-16 09:28:22,38000.0,1000,Sell,232003312
2024-08-16 09:28:22,38000.0,300,Sell,232003307
2024-08-16 09:28:22,38000.0,1000,Sell,232003306
2024-08-16 09:28:22,38000.0,100,Sell,232003304
2024-08-16 09:28:22,38000.0,100,Sell,232003303
2024-08-16 09:28:22,38000.0,500,Sell,232003302
2024-08-16 09:28:22,38000.0,100,Sell,232003301
2024-08-16 09:28:22,38000.0,1000,Sell,232003300
2024-08-16 09:28:22,38000.0,1000,Sell,232003305
2024-08-16 09:28:23,38050.0,200,Buy,232003341
2024-08-16 09:28:23,38050.0,800,Buy,232003342
2024-08-16 09:28:29,38000.0,300,Sell,232003508
2024-08-16 09:28:29,38000.0,400,Sell,232003507
2024-08-16 09:28:29,38000.0,100,Sell,232003506
2024-08-16 09:28:29,38000.0,200,Sell,232003505
2024-08-16 09:28:29,38000.0,100,Sell,232003504
2024-08-16 09:28:29,38000.0,100,Sell,232003503
2024-08-16 09:28:29,38000.0,300,Sell,232003502
2024-08-16 09:28:29,38000.0,1000,Sell,232003501
2024-08-16 09:28:29,38000.0,100,Sell,232003499
2024-08-16 09:28:29,38050.0,100,Buy,232003490
2024-08-16 09:28:29,38000.0,900,Sell,232003495
2024-08-16 09:28:29,38000.0,100,Sell,232003500
2024-08-16 09:28:29,38000.0,500,Sell,232003497
2024-08-16 09:28:29,38000.0,100,Sell,232003496
2024-08-16 09:28:29,38000.0,200,Sell,232003498
2024-08-16 09:28:31,38000.0,100,Buy,232003526
2024-08-16 09:28:34,37950.0,400,Sell,232003559
2024-08-16 09:28:34,37950.0,500,Sell,232003560
2024-08-16 09:28:34,37950.0,200,Sell,232003561
2024-08-16 09:28:34,37950.0,100,Sell,232003562
2024-08-16 09:28:34,37950.0,100,Sell,232003563
2024-08-16 09:28:34,37950.0,1700,Sell,232003564
2024-08-16 09:28:34,37950.0,1300,Sell,232003565
2024-08-16 09:28:34,37950.0,2000,Sell,232003558
2024-08-16 09:28:35,38000.0,1000,Buy,232003577
2024-08-16 09:28:38,37900.0,2800,Sell,232003635
2024-08-16 09:28:38,37900.0,1500,Sell,232003634
2024-08-16 09:28:38,37900.0,3000,Sell,232003633
2024-08-16 09:28:38,37900.0,100,Sell,232003632
2024-08-16 09:28:38,37900.0,200,Sell,232003630
2024-08-16 09:28:38,37900.0,400,Sell,232003629
2024-08-16 09:28:38,37900.0,1000,Sell,232003628
2024-08-16 09:28:38,37900.0,5000,Sell,232003631
2024-08-16 09:28:39,37900.0,1000,Sell,232003649
2024-08-16 09:28:43,37950.0,500,Buy,232003723
2024-08-16 09:28:44,37950.0,900,Buy,232003753
2024-08-16 09:28:44,38000.0,100,Buy,232003754
2024-08-16 09:28:46,37850.0,100,Sell,232003782
2024-08-16 09:28:46,37850.0,500,Sell,232003781
2024-08-16 09:28:46,37900.0,200,Sell,232003778
2024-08-16 09:28:46,37900.0,100,Sell,232003777
2024-08-16 09:28:46,37900.0,100,Sell,232003776
2024-08-16 09:28:46,37900.0,200,Sell,232003774
2024-08-16 09:28:46,37900.0,100,Sell,232003773
2024-08-16 09:28:46,37900.0,200,Sell,232003772
2024-08-16 09:28:46,37900.0,100,Sell,232003775
2024-08-16 09:28:48,37900.0,100,Buy,232003800
2024-08-16 09:28:53,37850.0,500,Sell,232003867
2024-08-16 09:28:53,37900.0,100,Buy,232003870
2024-08-16 09:28:54,37900.0,200,Buy,232003874
2024-08-16 09:28:54,37850.0,1000,Sell,232003973
2024-08-16 09:28:55,37850.0,1200,Sell,232003991
2024-08-16 09:28:57,37850.0,1000,Sell,232004006
2024-08-16 09:28:57,37850.0,1300,Sell,232004015
2024-08-16 09:28:57,37850.0,200,Sell,232004016
2024-08-16 09:29:00,37850.0,3000,Sell,232004052
2024-08-16 09:29:00,37850.0,3000,Sell,232004051
2024-08-16 09:29:00,37850.0,800,Sell,232004047
2024-08-16 09:29:00,37850.0,10000,Sell,232004049
2024-08-16 09:29:00,37850.0,100,Sell,232004048
2024-08-16 09:29:00,37850.0,300,Sell,232004050
2024-08-16 09:29:03,37850.0,500,Buy,232004072
2024-08-16 09:29:03,37850.0,1000,Buy,232004083
2024-08-16 09:29:04,37850.0,200,Buy,232004094
2024-08-16 09:29:04,37850.0,500,Buy,232004095
2024-08-16 09:29:06,37800.0,13200,Sell,232004139
2024-08-16 09:29:06,37800.0,100,Sell,232004138
2024-08-16 09:29:06,37800.0,1000,Sell,232004135
2024-08-16 09:29:06,37800.0,100,Sell,232004136
2024-08-16 09:29:06,37800.0,100,Sell,232004137
2024-08-16 09:29:06,37800.0,2000,Sell,232004134
2024-08-16 09:29:07,37850.0,100,Buy,232004160
2024-08-16 09:29:07,37850.0,200,Buy,232004159
2024-08-16 09:29:08,37850.0,300,Buy,232004164
2024-08-16 09:29:10,37800.0,5000,Sell,232004209
2024-08-16 09:29:11,37800.0,300,Sell,232004239
2024-08-16 09:29:12,37850.0,200,Buy,232004268
2024-08-16 09:29:15,37850.0,500,Buy,232004293
2024-08-16 09:29:15,37850.0,100,Buy,232004294
2024-08-16 09:29:15,37800.0,500,Sell,232004304
2024-08-16 09:29:15,37800.0,200,Sell,232004307
2024-08-16 09:29:19,37800.0,6000,Sell,232004382
2024-08-16 09:29:19,37800.0,100,Sell,232004383
2024-08-16 09:29:19,37800.0,700,Sell,232004384
2024-08-16 09:29:19,37850.0,100,Buy,232004395
2024-08-16 09:29:19,37800.0,100,Sell,232004386
2024-08-16 09:29:19,37800.0,100,Sell,232004387
2024-08-16 09:29:19,37800.0,100,Sell,232004380
2024-08-16 09:29:19,37800.0,800,Sell,232004385
2024-08-16 09:29:19,37800.0,1000,Sell,232004378
2024-08-16 09:29:19,37800.0,100,Sell,232004381
2024-08-16 09:29:19,37800.0,2000,Sell,232004376
2024-08-16 09:29:19,37800.0,400,Sell,232004377
2024-08-16 09:29:19,37800.0,30800,Sell,232004367
2024-08-16 09:29:19,37800.0,200,Sell,232004368
2024-08-16 09:29:19,37800.0,100,Sell,232004369
2024-08-16 09:29:19,37800.0,100,Sell,232004370
2024-08-16 09:29:19,37800.0,2000,Sell,232004379
2024-08-16 09:29:19,37800.0,200,Sell,232004372
2024-08-16 09:29:19,37800.0,4000,Sell,232004373
2024-08-16 09:29:19,37800.0,1000,Sell,232004374
2024-08-16 09:29:19,37800.0,200,Sell,232004375
2024-08-16 09:29:19,37800.0,1000,Sell,232004371
2024-08-16 09:29:20,37800.0,700,Sell,232004412
2024-08-16 09:29:20,37800.0,3000,Sell,232004411
2024-08-16 09:29:20,37800.0,100,Sell,232004410
2024-08-16 09:29:20,37800.0,100,Sell,232004409
2024-08-16 09:29:20,37800.0,200,Sell,232004408
2024-08-16 09:29:22,37800.0,200,Sell,232004426
2024-08-16 09:29:24,37800.0,4000,Sell,232004450
2024-08-16 09:29:24,37800.0,1900,Sell,232004454
2024-08-16 09:29:24,37800.0,400,Sell,232004469
2024-08-16 09:29:24,37800.0,2000,Sell,232004470
2024-08-16 09:29:26,37800.0,800,Sell,232004487
2024-08-16 09:29:26,37800.0,200,Sell,232004488
2024-08-16 09:29:26,37800.0,1000,Sell,232004492
2024-08-16 09:29:27,37850.0,800,Buy,232004528
2024-08-16 09:29:27,37850.0,200,Buy,232004529
2024-08-16 09:29:28,37800.0,100,Sell,232004540
2024-08-16 09:29:29,37800.0,100,Sell,232004549
2024-08-16 09:29:29,37750.0,500,Buy,232004564
2024-08-16 09:29:29,37750.0,500,Sell,232004563
2024-08-16 09:29:29,37750.0,3000,Sell,232004562
2024-08-16 09:29:29,37750.0,1000,Sell,232004561
2024-08-16 09:29:29,37750.0,300,Sell,232004560
2024-08-16 09:29:29,37750.0,100,Sell,232004559
2024-08-16 09:29:29,37800.0,700,Sell,232004548
2024-08-16 09:29:29,37750.0,100,Sell,232004557
2024-08-16 09:29:29,37800.0,100,Sell,232004554
2024-08-16 09:29:29,37800.0,100,Sell,232004553
2024-08-16 09:29:29,37800.0,300,Sell,232004552
2024-08-16 09:29:29,37800.0,300,Sell,232004551
2024-08-16 09:29:29,37800.0,100,Sell,232004550
2024-08-16 09:29:29,37750.0,100,Sell,232004558
2024-08-16 09:29:32,37700.0,100,Sell,232004624
2024-08-16 09:29:32,37700.0,900,Sell,232004623
2024-08-16 09:29:32,37700.0,400,Sell,232004622
2024-08-16 09:29:32,37700.0,500,Sell,232004621
2024-08-16 09:29:32,37700.0,1900,Sell,232004608
2024-08-16 09:29:32,37700.0,1100,Sell,232004619
2024-08-16 09:29:32,37700.0,100,Sell,232004607
2024-08-16 09:29:32,37700.0,100,Sell,232004606
2024-08-16 09:29:32,37700.0,5000,Sell,232004605
2024-08-16 09:29:32,37700.0,1000,Sell,232004620
2024-08-16 09:29:37,37700.0,800,Sell,232004715
2024-08-16 09:29:37,37700.0,800,Sell,232004703
2024-08-16 09:29:37,37700.0,3000,Sell,232004701
2024-08-16 09:29:37,37700.0,900,Sell,232004700
2024-08-16 09:29:37,37750.0,200,Buy,232004696
2024-08-16 09:29:37,37700.0,300,Sell,232004702
2024-08-16 09:29:41,37700.0,200,Sell,232004767
2024-08-16 09:29:41,37700.0,100,Sell,232004768
2024-08-16 09:29:43,37700.0,300,Buy,232004787
2024-08-16 09:29:43,37700.0,300,Buy,232004788
2024-08-16 09:29:43,37700.0,100,Buy,232004789
2024-08-16 09:29:44,37500.0,100,Sell,232004819
2024-08-16 09:29:44,37550.0,300,Sell,232004818
2024-08-16 09:29:44,37550.0,1000,Sell,232004817
2024-08-16 09:29:44,37550.0,500,Sell,232004816
2024-08-16 09:29:44,37600.0,1000,Sell,232004815
2024-08-16 09:29:44,37600.0,5400,Sell,232004814
2024-08-16 09:29:44,37600.0,1000,Sell,232004810
2024-08-16 09:29:44,37600.0,100,Sell,232004809
2024-08-16 09:29:44,37500.0,2400,Sell,232004820
2024-08-16 09:29:44,37600.0,2000,Sell,232004807
2024-08-16 09:29:44,37600.0,300,Sell,232004806
2024-08-16 09:29:44,37650.0,300,Sell,232004804
2024-08-16 09:29:44,37650.0,1100,Sell,232004803
2024-08-16 09:29:44,37650.0,100,Sell,232004802
2024-08-16 09:29:44,37650.0,1000,Sell,232004801
2024-08-16 09:29:44,37650.0,100,Sell,232004800
2024-08-16 09:29:44,37600.0,300,Sell,232004808
2024-08-16 09:29:44,37650.0,500,Sell,232004805
2024-08-16 09:29:51,37500.0,1800,Sell,232004929
2024-08-16 09:29:51,37500.0,500,Sell,232004914
2024-08-16 09:29:53,37500.0,200,Sell,232004961
2024-08-16 09:29:53,37600.0,500,Buy,232004962
2024-08-16 09:29:53,37700.0,200,Buy,232004963
2024-08-16 09:29:53,37700.0,1000,Buy,232004964
2024-08-16 09:29:53,37700.0,300,Buy,232004965
2024-08-16 09:29:53,37700.0,100,Buy,232004966
2024-08-16 09:29:55,37500.0,100,Sell,232004989
2024-08-16 09:29:55,37500.0,1900,Sell,232004990
2024-08-16 09:29:58,37500.0,500,Sell,232005056
2024-08-16 09:29:58,37500.0,3000,Sell,232005057
2024-08-16 09:29:58,37500.0,300,Sell,232005058
2024-08-16 09:29:58,37500.0,200,Sell,232005059
2024-08-16 09:29:58,37500.0,3000,Sell,232005063
2024-08-16 09:29:58,37500.0,100,Sell,232005062
2024-08-16 09:29:58,37500.0,100,Sell,232005055
2024-08-16 09:29:58,37500.0,200,Sell,232005064
2024-08-16 09:29:58,37500.0,3000,Sell,232005061
2024-08-16 09:29:58,37500.0,1100,Sell,232005054
2024-08-16 09:29:58,37500.0,1000,Sell,232005060
2024-08-16 09:29:58,37500.0,200,Sell,232005052
2024-08-16 09:29:58,37500.0,100,Sell,232005040
2024-08-16 09:29:58,37500.0,100,Sell,232005041
2024-08-16 09:29:58,37500.0,3300,Sell,232005045
2024-08-16 09:29:58,37500.0,500,Sell,232005046
2024-08-16 09:29:58,37500.0,200,Sell,232005042
2024-08-16 09:29:58,37500.0,1000,Sell,232005048
2024-08-16 09:29:58,37500.0,1000,Sell,232005049
2024-08-16 09:29:58,37500.0,1000,Sell,232005050
2024-08-16 09:29:58,37500.0,200,Sell,232005051
2024-08-16 09:29:58,37500.0,100,Sell,232005047
2024-08-16 09:29:58,37500.0,200,Sell,232005053
2024-08-16 09:29:59,37500.0,1000,Sell,232005088
2024-08-16 09:29:59,37500.0,6100,Sell,232005092
2024-08-16 09:29:59,37500.0,200,Sell,232005091
2024-08-16 09:29:59,37500.0,300,Sell,232005090
2024-08-16 09:29:59,37500.0,200,Sell,232005089
2024-08-16 09:29:59,37500.0,500,Sell,232005087
2024-08-16 09:29:59,37500.0,100,Sell,232005085
2024-08-16 09:29:59,37500.0,1000,Sell,232005084
2024-08-16 09:29:59,37500.0,300,Sell,232005083
2024-08-16 09:29:59,37550.0,100,Sell,232005082
2024-08-16 09:29:59,37500.0,200,Sell,232005086
2024-08-16 09:30:00,37500.0,5000,Sell,232005102
2024-08-16 09:30:02,37500.0,600,Sell,232005150
2024-08-16 09:30:03,37600.0,100,Sell,232005156
2024-08-16 09:30:03,37500.0,400,Sell,232005157
2024-08-16 09:30:03,37500.0,10500,Sell,232005163
2024-08-16 09:30:03,37650.0,1000,Buy,232005164
2024-08-16 09:30:03,37500.0,2200,Sell,232005165
2024-08-16 09:30:03,37500.0,9300,Sell,232005168
2024-08-16 09:30:04,37500.0,500,Sell,232005179
2024-08-16 09:30:07,37600.0,500,Sell,232005204
2024-08-16 09:30:07,37500.0,1500,Sell,232005205
2024-08-16 09:30:09,37500.0,500,Sell,232005229
2024-08-16 09:30:09,37600.0,1000,Sell,232005228
2024-08-16 09:30:12,37500.0,300,Sell,232005261
2024-08-16 09:30:12,37550.0,2000,Sell,232005259
2024-08-16 09:30:12,37500.0,1000,Sell,232005260
2024-08-16 09:30:15,37500.0,300,Sell,232005312
2024-08-16 09:30:21,37550.0,800,Sell,232005389
2024-08-16 09:30:21,37550.0,200,Sell,232005398
2024-08-16 09:30:21,37550.0,700,Sell,232005388
2024-08-16 09:30:24,37550.0,100,Buy,232005419
2024-08-16 09:30:24,37550.0,500,Buy,232005425
2024-08-16 09:30:24,37550.0,900,Buy,232005431
2024-08-16 09:30:24,37550.0,100,Buy,232005432
2024-08-16 09:30:24,37500.0,600,Sell,232005433
2024-08-16 09:30:26,37550.0,100,Buy,232005459
2024-08-16 09:30:27,37550.0,500,Buy,232005474
2024-08-16 09:30:27,37550.0,1300,Buy,232005475
2024-08-16 09:30:28,37500.0,1500,Sell,232005491
2024-08-16 09:30:28,37500.0,100,Sell,232005490
2024-08-16 09:30:28,37500.0,2000,Sell,232005489
2024-08-16 09:30:28,37500.0,100,Sell,232005488
2024-08-16 09:30:28,37500.0,600,Sell,232005487
2024-08-16 09:30:28,37500.0,1200,Sell,232005486
2024-08-16 09:30:28,37550.0,1000,Buy,232005480
2024-08-16 09:30:29,37500.0,2700,Sell,232005524
2024-08-16 09:30:29,37500.0,300,Sell,232005523
2024-08-16 09:30:29,37500.0,100,Sell,232005522
2024-08-16 09:30:29,37500.0,100,Sell,232005521
2024-08-16 09:30:29,37500.0,200,Sell,232005520
2024-08-16 09:30:29,37500.0,200,Sell,232005519
2024-08-16 09:30:29,37500.0,200,Sell,232005518
2024-08-16 09:30:29,37500.0,100,Sell,232005517
2024-08-16 09:30:29,37500.0,1300,Sell,232005516
2024-08-16 09:30:29,37500.0,200,Sell,232005511
2024-08-16 09:30:29,37500.0,1000,Sell,232005514
2024-08-16 09:30:29,37500.0,100,Sell,232005513
2024-08-16 09:30:29,37500.0,1000,Sell,232005512
2024-08-16 09:30:29,37500.0,400,Sell,232005506
2024-08-16 09:30:29,37500.0,100,Sell,232005510
2024-08-16 09:30:29,37500.0,200,Sell,232005509
2024-08-16 09:30:29,37500.0,1000,Sell,232005508
2024-08-16 09:30:29,37500.0,100,Sell,232005507
2024-08-16 09:30:29,37500.0,300,Sell,232005515
2024-08-16 09:30:32,37500.0,1700,Buy,232005559
2024-08-16 09:30:32,37500.0,1000,Buy,232005562
2024-08-16 09:30:33,37350.0,200,Sell,232005594
2024-08-16 09:30:33,37400.0,500,Sell,232005582
2024-08-16 09:30:33,37400.0,1000,Sell,232005586
2024-08-16 09:30:33,37400.0,200,Sell,232005585
2024-08-16 09:30:33,37400.0,100,Sell,232005584
2024-08-16 09:30:33,37400.0,1000,Sell,232005583
2024-08-16 09:30:33,37400.0,100,Sell,232005581
2024-08-16 09:30:33,37350.0,400,Sell,232005588
2024-08-16 09:30:33,37400.0,300,Sell,232005579
2024-08-16 09:30:33,37400.0,500,Sell,232005580
2024-08-16 09:30:33,37500.0,100,Buy,232005573
2024-08-16 09:30:33,37450.0,600,Sell,232005574
2024-08-16 09:30:33,37400.0,3100,Sell,232005587
2024-08-16 09:30:33,37400.0,300,Sell,232005578
2024-08-16 09:30:33,37450.0,500,Sell,232005576
2024-08-16 09:30:33,37450.0,100,Sell,232005577
2024-08-16 09:30:33,37450.0,100,Sell,232005575
2024-08-16 09:30:35,37450.0,100,Sell,232005631
2024-08-16 09:30:36,37500.0,100,Buy,232005646
2024-08-16 09:30:36,37500.0,100,Buy,232005647
2024-08-16 09:30:36,37500.0,800,Buy,232005648
2024-08-16 09:30:38,37500.0,100,Buy,232005663
2024-08-16 09:30:39,37450.0,800,Sell,232005683
2024-08-16 09:30:40,37500.0,100,Buy,232005688
2024-08-16 09:30:40,37500.0,100,Buy,232005689
2024-08-16 09:30:41,37500.0,100,Buy,232005729
2024-08-16 09:30:42,37500.0,100,Buy,232005734
2024-08-16 09:30:42,37450.0,300,Sell,232005733
2024-08-16 09:30:44,37500.0,100,Buy,232005769
2024-08-16 09:30:49,37500.0,500,Buy,232005820
2024-08-16 09:30:51,37450.0,100,Sell,232005851
2024-08-16 09:30:53,37450.0,700,Sell,232005872
2024-08-16 09:30:53,37450.0,100,Sell,232005873
2024-08-16 09:30:53,37450.0,1000,Sell,232005874
2024-08-16 09:30:53,37450.0,100,Sell,232005875
2024-08-16 09:30:53,37450.0,1000,Buy,232005876
2024-08-16 09:30:55,37450.0,500,Buy,232005920
2024-08-16 09:30:56,37400.0,900,Sell,232005932
2024-08-16 09:30:56,37400.0,100,Sell,232005931
2024-08-16 09:30:57,37500.0,8400,Buy,232005944
2024-08-16 09:30:57,37500.0,200,Buy,232005943
2024-08-16 09:30:57,37500.0,100,Buy,232005942
2024-08-16 09:30:57,37500.0,2200,Buy,232005940
2024-08-16 09:30:57,37500.0,500,Buy,232005939
2024-08-16 09:30:57,37450.0,1600,Buy,232005938
2024-08-16 09:30:57,37500.0,2000,Buy,232005941
2024-08-16 09:31:00,37450.0,100,Buy,232005982
2024-08-16 09:31:00,37450.0,5900,Buy,232005993
2024-08-16 09:31:00,37450.0,400,Buy,232005994
2024-08-16 09:31:00,37450.0,500,Buy,232006002
2024-08-16 09:31:01,37450.0,2700,Buy,232006029
2024-08-16 09:31:01,37400.0,1000,Sell,232006022
2024-08-16 09:31:01,37400.0,1400,Sell,232006014
2024-08-16 09:31:01,37450.0,100,Buy,232006028
2024-08-16 09:31:01,37400.0,100,Sell,232006012
2024-08-16 09:31:01,37400.0,100,Sell,232006011
2024-08-16 09:31:01,37400.0,1100,Sell,232006010
2024-08-16 09:31:01,37400.0,100,Sell,232006013
2024-08-16 09:31:02,37400.0,500,Sell,232006030
2024-08-16 09:31:03,37450.0,1200,Buy,232006044
2024-08-16 09:31:03,37450.0,300,Buy,232006045
2024-08-16 09:31:04,37450.0,500,Buy,232006060
2024-08-16 09:31:06,37450.0,500,Buy,232006087
2024-08-16 09:31:06,37500.0,500,Buy,232006088
2024-08-16 09:31:07,37400.0,500,Sell,232006112
2024-08-16 09:31:08,37450.0,100,Buy,232006123
2024-08-16 09:31:08,37450.0,2800,Buy,232006124
2024-08-16 09:31:08,37450.0,100,Buy,232006125
2024-08-16 09:31:09,37400.0,500,Sell,232006147
2024-08-16 09:31:09,37400.0,1000,Sell,232006145
2024-08-16 09:31:09,37400.0,100,Sell,232006146
2024-08-16 09:31:10,37400.0,1400,Buy,232006153
2024-08-16 09:31:11,37450.0,300,Buy,232006157
2024-08-16 09:31:11,37450.0,200,Buy,232006158
2024-08-16 09:31:12,37350.0,1800,Sell,232006172
2024-08-16 09:31:12,37350.0,100,Sell,232006173
2024-08-16 09:31:12,37350.0,200,Sell,232006174
2024-08-16 09:31:12,37350.0,500,Sell,232006175
2024-08-16 09:31:12,37350.0,200,Sell,232006176
2024-08-16 09:31:12,37350.0,100,Sell,232006177
2024-08-16 09:31:12,37450.0,800,Buy,232006188
2024-08-16 09:31:14,37400.0,100,Buy,232006203
2024-08-16 09:31:15,37400.0,400,Sell,232006205
2024-08-16 09:31:16,37450.0,200,Buy,232006217
2024-08-16 09:31:16,37400.0,100,Buy,232006215
2024-08-16 09:31:16,37450.0,200,Buy,232006216
2024-08-16 09:31:17,37450.0,6300,Buy,232006235
2024-08-16 09:31:24,37450.0,100,Buy,232006332
2024-08-16 09:31:24,37450.0,100,Buy,232006337
2024-08-16 09:31:26,37400.0,600,Sell,232006373
2024-08-16 09:31:27,37450.0,100,Buy,232006386
2024-08-16 09:31:29,37350.0,2000,Sell,232006423
2024-08-16 09:31:29,37350.0,500,Sell,232006422
2024-08-16 09:31:29,37350.0,3100,Sell,232006421
2024-08-16 09:31:29,37350.0,1900,Sell,232006420
2024-08-16 09:31:29,37400.0,1000,Sell,232006419
2024-08-16 09:31:29,37400.0,300,Sell,232006418
2024-08-16 09:31:29,37400.0,1000,Sell,232006416
2024-08-16 09:31:29,37400.0,1400,Sell,232006411
2024-08-16 09:31:29,37400.0,800,Sell,232006412
2024-08-16 09:31:29,37400.0,100,Sell,232006417
2024-08-16 09:31:29,37400.0,400,Sell,232006414
2024-08-16 09:31:29,37400.0,2000,Sell,232006415
2024-08-16 09:31:29,37400.0,100,Sell,232006413
2024-08-16 09:31:30,37350.0,2000,Buy,232006425
2024-08-16 09:31:31,37350.0,600,Buy,232006438
2024-08-16 09:31:31,37350.0,2800,Buy,232006439
2024-08-16 09:31:31,37400.0,900,Buy,232006440
2024-08-16 09:31:31,37450.0,400,Buy,232006441
2024-08-16 09:31:31,37450.0,2700,Buy,232006442
2024-08-16 09:31:31,37450.0,3200,Buy,232006443
2024-08-16 09:31:35,37450.0,1800,Buy,232006490
2024-08-16 09:31:35,37450.0,4500,Buy,232006491
2024-08-16 09:31:36,37450.0,1500,Buy,232006503
2024-08-16 09:31:36,37450.0,1200,Buy,232006504
2024-08-16 09:31:36,37450.0,5000,Buy,232006505
2024-08-16 09:31:36,37450.0,4900,Buy,232006506
2024-08-16 09:31:36,37400.0,500,Sell,232006500
2024-08-16 09:31:37,37400.0,500,Sell,232006517
2024-08-16 09:31:37,37400.0,500,Sell,232006518
2024-08-16 09:31:37,37400.0,200,Sell,232006519
2024-08-16 09:31:37,37400.0,200,Sell,232006520
2024-08-16 09:31:37,37400.0,600,Sell,232006521
2024-08-16 09:31:42,37400.0,300,Sell,232006619
2024-08-16 09:31:42,37400.0,1700,Sell,232006620
2024-08-16 09:31:42,37400.0,600,Sell,232006612
2024-08-16 09:31:42,37400.0,500,Sell,232006610
2024-08-16 09:31:42,37400.0,500,Sell,232006611
2024-08-16 09:31:44,37400.0,300,Sell,232006634
2024-08-16 09:31:44,37400.0,1000,Sell,232006635
2024-08-16 09:31:44,37350.0,100,Sell,232006650
2024-08-16 09:31:44,37350.0,500,Sell,232006651
2024-08-16 09:31:44,37350.0,200,Sell,232006652
2024-08-16 09:31:44,37350.0,100,Sell,232006653
2024-08-16 09:31:44,37350.0,100,Sell,232006654
2024-08-16 09:31:44,37450.0,300,Buy,232006632
2024-08-16 09:31:45,37400.0,500,Buy,232006660
2024-08-16 09:31:45,37400.0,100,Buy,232006662
2024-08-16 09:31:45,37400.0,100,Buy,232006663
2024-08-16 09:31:46,37400.0,500,Buy,232006688
2024-08-16 09:31:47,37350.0,900,Sell,232006699
2024-08-16 09:31:47,37350.0,100,Sell,232006698
2024-08-16 09:31:48,37400.0,600,Buy,232006725
2024-08-16 09:31:51,37400.0,200,Buy,232006760
2024-08-16 09:31:55,37400.0,100,Buy,232006803
2024-08-16 09:31:56,37400.0,100,Buy,232006817
2024-08-16 09:31:57,37350.0,700,Sell,232006842
2024-08-16 09:31:57,37400.0,100,Buy,232006843
2024-08-16 09:31:59,37400.0,300,Buy,232006861
2024-08-16 09:32:02,37400.0,300,Buy,232006902
2024-08-16 09:32:04,37400.0,100,Buy,232006907
2024-08-16 09:32:04,37400.0,100,Buy,232006917
2024-08-16 09:32:04,37350.0,1400,Sell,232006919
2024-08-16 09:32:06,37400.0,1000,Buy,232006946
2024-08-16 09:32:08,37350.0,900,Sell,232006974
2024-08-16 09:32:08,37350.0,500,Sell,232006973
2024-08-16 09:32:09,37350.0,100,Sell,232006986
2024-08-16 09:32:10,37350.0,5000,Sell,232007002
2024-08-16 09:32:11,37350.0,100,Sell,232007012
2024-08-16 09:32:15,37350.0,300,Sell,232007066
2024-08-16 09:32:17,37350.0,300,Sell,232007080
2024-08-16 09:32:19,37350.0,600,Sell,232007219
2024-08-16 09:32:19,37350.0,1000,Sell,232007224
2024-08-16 09:32:20,37350.0,100,Buy,232007253
2024-08-16 09:32:20,37350.0,100,Sell,232007244
2024-08-16 09:32:20,37350.0,500,Sell,232007243
2024-08-16 09:32:20,37350.0,600,Sell,232007242
2024-08-16 09:32:20,37350.0,2000,Sell,232007241
2024-08-16 09:32:20,37350.0,5000,Sell,232007240
2024-08-16 09:32:20,37350.0,1900,Sell,232007237
2024-08-16 09:32:20,37350.0,8100,Sell,232007238
2024-08-16 09:32:20,37350.0,100,Sell,232007236
2024-08-16 09:32:20,37350.0,300,Sell,232007235
2024-08-16 09:32:20,37350.0,1000,Sell,232007234
2024-08-16 09:32:20,37350.0,1700,Sell,232007233
2024-08-16 09:32:20,37350.0,500,Sell,232007239
2024-08-16 09:32:21,37350.0,100,Buy,232007259
2024-08-16 09:32:23,37350.0,2000,Buy,232007361
2024-08-16 09:32:24,37350.0,600,Buy,232007383
2024-08-16 09:32:26,37350.0,500,Buy,232007409
2024-08-16 09:32:26,37350.0,100,Buy,232007402
2024-08-16 09:32:26,37350.0,300,Buy,232007407
2024-08-16 09:32:26,37350.0,200,Buy,232007408
2024-08-16 09:32:27,37350.0,1000,Buy,232007412
2024-08-16 09:32:28,37350.0,200,Buy,232007423
2024-08-16 09:32:28,37350.0,500,Buy,232007424
2024-08-16 09:32:31,37350.0,4800,Buy,232007451
2024-08-16 09:32:31,37350.0,200,Buy,232007452
2024-08-16 09:32:31,37300.0,400,Sell,232007456
2024-08-16 09:32:31,37300.0,500,Sell,232007457
2024-08-16 09:32:34,37350.0,300,Buy,232007504
2024-08-16 09:32:35,37350.0,100,Buy,232007511
2024-08-16 09:32:35,37350.0,500,Buy,232007523
2024-08-16 09:32:37,37350.0,400,Buy,232007547
2024-08-16 09:32:37,37350.0,200,Buy,232007548
2024-08-16 09:32:37,37350.0,300,Buy,232007549
2024-08-16 09:32:37,37350.0,100,Buy,232007550
2024-08-16 09:32:38,37350.0,100,Buy,232007569
2024-08-16 09:32:38,37300.0,100,Sell,232007562
2024-08-16 09:32:38,37350.0,1000,Buy,232007566
2024-08-16 09:32:41,37300.0,500,Sell,232007612
2024-08-16 09:32:43,37350.0,100,Buy,232007659
2024-08-16 09:32:44,37300.0,1300,Sell,232007682
2024-08-16 09:32:45,37350.0,100,Buy,232007697
2024-08-16 09:32:46,37300.0,1000,Sell,232007702
2024-08-16 09:32:47,37350.0,500,Buy,232007720
2024-08-16 09:32:47,37350.0,100,Buy,232007722
2024-08-16 09:32:48,37350.0,100,Buy,232007754
2024-08-16 09:32:48,37350.0,6800,Buy,232007829
2024-08-16 09:32:49,37350.0,100,Buy,232007842
2024-08-16 09:32:49,37350.0,200,Buy,232007843
2024-08-16 09:32:49,37350.0,500,Buy,232007844
2024-08-16 09:32:49,37350.0,700,Buy,232007845
2024-08-16 09:32:49,37350.0,1000,Buy,232007846
2024-08-16 09:32:49,37350.0,100,Buy,232007847
2024-08-16 09:32:50,37350.0,700,Buy,232007856
2024-08-16 09:32:50,37350.0,500,Buy,232007857
2024-08-16 09:32:52,37350.0,400,Sell,232007869
2024-08-16 09:32:52,37400.0,13600,Buy,232007883
2024-08-16 09:32:53,37350.0,8400,Sell,232007902
2024-08-16 09:32:53,37350.0,4000,Sell,232007903
2024-08-16 09:32:53,37350.0,500,Sell,232007904
2024-08-16 09:32:53,37300.0,900,Sell,232007905
2024-08-16 09:32:53,37300.0,500,Sell,232007906
2024-08-16 09:32:53,37300.0,11800,Sell,232007907
2024-08-16 09:32:54,37350.0,100,Sell,232007933
2024-08-16 09:32:54,37350.0,100,Sell,232007934
2024-08-16 09:32:55,37350.0,4200,Sell,232007939
2024-08-16 09:32:55,37350.0,300,Sell,232007949
2024-08-16 09:32:56,37350.0,2800,Sell,232007953
2024-08-16 09:32:56,37350.0,5000,Sell,232007954
2024-08-16 09:32:56,37350.0,300,Sell,232007955
2024-08-16 09:32:57,37350.0,6100,Buy,232007974
2024-08-16 09:32:58,37350.0,1000,Buy,232007989
2024-08-16 09:32:58,37350.0,1000,Buy,232007997
2024-08-16 09:32:58,37350.0,1000,Buy,232007986
2024-08-16 09:33:01,37350.0,100,Buy,232008094
2024-08-16 09:33:01,37300.0,100,Sell,232008059
2024-08-16 09:33:01,37350.0,500,Buy,232008093
2024-08-16 09:33:01,37300.0,100,Sell,232008066
2024-08-16 09:33:01,37300.0,1000,Sell,232008065
2024-08-16 09:33:01,37300.0,1000,Sell,232008064
2024-08-16 09:33:01,37300.0,200,Sell,232008063
2024-08-16 09:33:01,37300.0,1800,Sell,232008062
2024-08-16 09:33:01,37300.0,2000,Sell,232008061
2024-08-16 09:33:01,37300.0,5300,Sell,232008060
2024-08-16 09:33:01,37300.0,100,Sell,232008058
2024-08-16 09:33:01,37350.0,100,Buy,232008047
2024-08-16 09:33:01,37300.0,100,Sell,232008056
2024-08-16 09:33:01,37300.0,500,Sell,232008057
2024-08-16 09:33:01,37300.0,7200,Sell,232008048
2024-08-16 09:33:01,37300.0,100,Sell,232008049
2024-08-16 09:33:01,37300.0,500,Sell,232008050
2024-08-16 09:33:01,37300.0,1000,Sell,232008046
2024-08-16 09:33:01,37300.0,100,Sell,232008052
2024-08-16 09:33:01,37300.0,100,Sell,232008053
2024-08-16 09:33:01,37300.0,1000,Sell,232008054
2024-08-16 09:33:01,37300.0,300,Sell,232008051
2024-08-16 09:33:01,37300.0,1000,Sell,232008055
2024-08-16 09:33:02,37300.0,400,Sell,232008108
2024-08-16 09:33:02,37300.0,500,Sell,232008109
2024-08-16 09:33:02,37300.0,100,Sell,232008110
2024-08-16 09:33:02,37300.0,100,Sell,232008111
2024-08-16 09:33:02,37300.0,1000,Sell,232008112
2024-08-16 09:33:02,37300.0,100,Sell,232008113
2024-08-16 09:33:02,37300.0,400,Sell,232008114
2024-08-16 09:33:02,37300.0,1000,Sell,232008115
2024-08-16 09:33:02,37300.0,400,Sell,232008116
2024-08-16 09:33:03,37350.0,100,Buy,232008130
2024-08-16 09:33:05,37350.0,2000,Buy,232008167
2024-08-16 09:33:05,37350.0,900,Sell,232008169
2024-08-16 09:33:05,37350.0,13000,Buy,232008165
2024-08-16 09:33:05,37350.0,3000,Buy,232008166
2024-08-16 09:33:06,37350.0,300,Sell,232008182
2024-08-16 09:33:10,37350.0,800,Sell,232008256
2024-08-16 09:33:10,37350.0,100,Sell,232008257
2024-08-16 09:33:10,37350.0,6100,Sell,232008258
2024-08-16 09:33:11,37350.0,2300,Buy,232008281
2024-08-16 09:33:14,37350.0,2700,Sell,232008344
2024-08-16 09:33:14,37350.0,2300,Sell,232008345
2024-08-16 09:33:16,37350.0,1000,Sell,232008381
2024-08-16 09:33:16,37400.0,1200,Buy,232008371
2024-08-16 09:33:16,37400.0,1000,Buy,232008369
2024-08-16 09:33:16,37400.0,100,Buy,232008368
2024-08-16 09:33:16,37400.0,200,Buy,232008370
2024-08-16 09:33:21,37400.0,300,Buy,232008456
2024-08-16 09:33:21,37400.0,200,Buy,232008457
2024-08-16 09:33:21,37400.0,700,Buy,232008458
2024-08-16 09:33:23,37350.0,1000,Sell,232008513
2024-08-16 09:33:24,37350.0,2300,Sell,232008523
2024-08-16 09:33:24,37350.0,2000,Sell,232008521
2024-08-16 09:33:24,37350.0,100,Sell,232008520
2024-08-16 09:33:24,37350.0,100,Sell,232008522
2024-08-16 09:33:25,37400.0,100,Buy,232008532
2024-08-16 09:33:26,37400.0,100,Buy,232008547
2024-08-16 09:33:26,37400.0,300,Buy,232008548
2024-08-16 09:33:26,37400.0,300,Buy,232008549
2024-08-16 09:33:26,37400.0,500,Buy,232008550
2024-08-16 09:33:26,37400.0,1700,Buy,232008551
2024-08-16 09:33:26,37400.0,100,Buy,232008554
2024-08-16 09:33:27,37400.0,500,Buy,232008595
2024-08-16 09:33:28,37350.0,400,Sell,232008665
2024-08-16 09:33:28,37400.0,200,Buy,232008672
2024-08-16 09:33:28,37400.0,300,Buy,232008673
2024-08-16 09:33:31,37400.0,100,Buy,232008714
2024-08-16 09:33:32,37400.0,100,Buy,232008734
2024-08-16 09:33:32,37400.0,500,Buy,232008735
2024-08-16 09:33:32,37400.0,300,Buy,232008729
2024-08-16 09:33:33,37400.0,1000,Buy,232008745
2024-08-16 09:33:33,37400.0,1000,Buy,232008746
2024-08-16 09:33:33,37400.0,1500,Buy,232008747
2024-08-16 09:33:35,37400.0,200,Buy,232008803
2024-08-16 09:33:36,37400.0,300,Buy,232008805
2024-08-16 09:33:36,37400.0,500,Buy,232008806
2024-08-16 09:33:40,37400.0,1400,Sell,232008864
2024-08-16 09:33:42,37450.0,100,Buy,232008905
2024-08-16 09:33:42,37450.0,2000,Buy,232008920
2024-08-16 09:33:43,37450.0,900,Buy,232008928
2024-08-16 09:33:43,37450.0,400,Buy,232008931
2024-08-16 09:33:44,37400.0,400,Sell,232008936
2024-08-16 09:33:44,37450.0,200,Buy,232008943
2024-08-16 09:33:45,37450.0,100,Buy,232008949
2024-08-16 09:33:45,37450.0,1000,Buy,232008950
2024-08-16 09:33:46,37400.0,400,Sell,232008968
2024-08-16 09:33:46,37400.0,100,Sell,232008969
2024-08-16 09:33:46,37450.0,300,Buy,232008970
2024-08-16 09:33:46,37450.0,700,Buy,232008971
2024-08-16 09:33:47,37450.0,200,Buy,232008974
2024-08-16 09:33:47,37450.0,100,Buy,232008976
2024-08-16 09:33:48,37450.0,100,Buy,232008988
2024-08-16 09:33:48,37450.0,1000,Buy,232008987
2024-08-16 09:33:48,37450.0,1000,Buy,232008986
2024-08-16 09:33:49,37450.0,200,Buy,232008996
2024-08-16 09:33:49,37450.0,700,Buy,232008997
2024-08-16 09:33:53,37450.0,100,Sell,232009040
2024-08-16 09:33:55,37500.0,100,Buy,232009073
2024-08-16 09:33:55,37500.0,200,Buy,232009074
2024-08-16 09:33:56,37500.0,500,Buy,232009101
2024-08-16 09:33:57,37500.0,100,Buy,232009120
2024-08-16 09:33:58,37500.0,200,Buy,232009137
2024-08-16 09:33:58,37500.0,800,Buy,232009138
2024-08-16 09:33:59,37500.0,200,Buy,232009155
2024-08-16 09:33:59,37500.0,700,Buy,232009156
2024-08-16 09:33:59,37500.0,300,Buy,232009153
2024-08-16 09:33:59,37500.0,100,Buy,232009154
2024-08-16 09:33:59,37500.0,4200,Buy,232009152
2024-08-16 09:34:01,37550.0,100,Buy,232009176
2024-08-16 09:34:01,37700.0,200,Buy,232009177
2024-08-16 09:34:01,37700.0,100,Buy,232009178
2024-08-16 09:34:13,37550.0,100,Sell,232009554
2024-08-16 09:34:13,37550.0,900,Sell,232009555
2024-08-16 09:34:13,37550.0,100,Sell,232009557
2024-08-16 09:34:28,37700.0,300,Buy,232009844
2024-08-16 09:34:30,37600.0,100,Sell,232009890
2024-08-16 09:34:33,37550.0,300,Sell,232009965
2024-08-16 09:34:33,37550.0,3000,Sell,232009964
2024-08-16 09:34:33,37550.0,5000,Sell,232009963
2024-08-16 09:34:33,37550.0,1000,Sell,232009962
2024-08-16 09:34:33,37600.0,5300,Sell,232009960
2024-08-16 09:34:33,37600.0,1000,Sell,232009958
2024-08-16 09:34:33,37650.0,5300,Sell,232009957
2024-08-16 09:34:33,37650.0,1000,Sell,232009956
2024-08-16 09:34:33,37550.0,100,Sell,232009961
2024-08-16 09:34:33,37600.0,1000,Sell,232009959
2024-08-16 09:34:37,37700.0,600,Buy,232010056
2024-08-16 09:34:37,37700.0,400,Buy,232010057
2024-08-16 09:34:41,37650.0,100,Buy,232010172
2024-08-16 09:34:42,37650.0,200,Buy,232010192
2024-08-16 09:34:46,37650.0,200,Buy,232010317
2024-08-16 09:34:46,37600.0,100,Sell,232010318
2024-08-16 09:34:47,37650.0,100,Buy,232010328
2024-08-16 09:34:48,37600.0,200,Sell,232010391
2024-08-16 09:34:49,37650.0,300,Buy,232010401
2024-08-16 09:34:52,37650.0,100,Buy,232010443
2024-08-16 09:34:53,37650.0,400,Sell,232010451
2024-08-16 09:34:56,37650.0,100,Buy,232010538
2024-08-16 09:34:56,37650.0,400,Buy,232010539
2024-08-16 09:34:58,37650.0,100,Buy,232010582
2024-08-16 09:35:09,37700.0,600,Buy,232010804
2024-08-16 09:35:09,37700.0,1400,Buy,232010805
2024-08-16 09:35:11,37650.0,900,Sell,232010826
2024-08-16 09:35:11,37650.0,100,Sell,232010827
2024-08-16 09:35:14,37650.0,1900,Sell,232010875
2024-08-16 09:35:14,37650.0,500,Sell,232010876
2024-08-16 09:35:14,37650.0,100,Sell,232010877
2024-08-16 09:35:18,37650.0,100,Buy,232010950
2024-08-16 09:35:19,37600.0,200,Sell,232010975
2024-08-16 09:35:19,37600.0,700,Sell,232010973
2024-08-16 09:35:19,37600.0,100,Sell,232010974
2024-08-16 09:35:22,37600.0,300,Sell,232011034
2024-08-16 09:35:27,37600.0,1500,Sell,232011108
2024-08-16 09:35:31,37600.0,200,Sell,232011370
2024-08-16 09:35:31,37600.0,100,Sell,232011371
2024-08-16 09:35:31,37600.0,800,Sell,232011372
2024-08-16 09:35:37,37600.0,200,Buy,232011477
2024-08-16 09:35:41,37600.0,300,Buy,232011575
2024-08-16 09:35:43,37600.0,1000,Buy,232011628
2024-08-16 09:35:51,37550.0,100,Sell,232011789
2024-08-16 09:35:52,37550.0,500,Sell,232011812
2024-08-16 09:35:52,37550.0,400,Sell,232011813
2024-08-16 09:35:52,37550.0,600,Sell,232011811
2024-08-16 09:35:52,37600.0,400,Buy,232011804
2024-08-16 09:35:52,37600.0,200,Buy,232011806
2024-08-16 09:35:52,37600.0,100,Buy,232011805
2024-08-16 09:35:57,37600.0,100,Buy,232011976
2024-08-16 09:35:57,37600.0,200,Buy,232011977
2024-08-16 09:36:01,37600.0,4000,Buy,232012075
2024-08-16 09:36:01,37600.0,100,Buy,232012073
2024-08-16 09:36:01,37600.0,900,Buy,232012074
2024-08-16 09:36:02,37550.0,600,Sell,232012097
2024-08-16 09:36:02,37550.0,300,Sell,232012098
2024-08-16 09:36:02,37600.0,100,Buy,232012135
2024-08-16 09:36:03,37600.0,100,Buy,232012164
2024-08-16 09:36:07,37600.0,300,Buy,232012231
2024-08-16 09:36:07,37600.0,900,Buy,232012236
2024-08-16 09:36:08,37600.0,200,Buy,232012298
2024-08-16 09:36:08,37550.0,300,Sell,232012299
2024-08-16 09:36:11,37600.0,100,Buy,232012389
2024-08-16 09:36:12,37600.0,2000,Buy,232012413
2024-08-16 09:36:13,37600.0,100,Buy,232012416
2024-08-16 09:36:14,37600.0,2000,Buy,232012439
2024-08-16 09:36:14,37600.0,1000,Buy,232012447
2024-08-16 09:36:15,37600.0,100,Buy,232012463
2024-08-16 09:36:16,37600.0,1000,Buy,232012490
2024-08-16 09:36:16,37600.0,500,Buy,232012521
2024-08-16 09:36:16,37600.0,200,Buy,232012522
2024-08-16 09:36:16,37600.0,1000,Buy,232012523
2024-08-16 09:36:16,37600.0,300,Buy,232012524
2024-08-16 09:36:20,37650.0,100,Buy,232012576
2024-08-16 09:36:24,37600.0,500,Sell,232012678
2024-08-16 09:36:24,37600.0,100,Sell,232012677
2024-08-16 09:36:34,37600.0,700,Sell,232012903
2024-08-16 09:36:35,37600.0,900,Sell,232012922
2024-08-16 09:36:43,37600.0,500,Sell,232013103
2024-08-16 09:36:46,37650.0,400,Buy,232013185
2024-08-16 09:36:46,37650.0,100,Buy,232013186
2024-08-16 09:36:48,37600.0,500,Sell,232013249
2024-08-16 09:36:52,37650.0,300,Buy,232013375
2024-08-16 09:36:52,37650.0,200,Buy,232013376
2024-08-16 09:36:56,37650.0,500,Sell,232013458
2024-08-16 09:36:58,37650.0,300,Sell,232013527
2024-08-16 09:36:59,37650.0,600,Sell,232013546
2024-08-16 09:37:03,37700.0,500,Buy,232013682
2024-08-16 09:37:03,37650.0,100,Sell,232013643
2024-08-16 09:37:03,37650.0,2300,Sell,232013663
2024-08-16 09:37:04,37700.0,4600,Buy,232013695
2024-08-16 09:37:04,37700.0,100,Buy,232013696
2024-08-16 09:37:04,37700.0,700,Buy,232013697
2024-08-16 09:37:04,37700.0,200,Buy,232013706
2024-08-16 09:37:06,37700.0,1100,Buy,232013736
2024-08-16 09:37:06,37700.0,2000,Buy,232013737
2024-08-16 09:37:06,37700.0,1100,Buy,232013738
2024-08-16 09:37:07,37700.0,100,Buy,232013782
2024-08-16 09:37:07,37700.0,100,Buy,232013783
2024-08-16 09:37:07,37700.0,5000,Buy,232013784
2024-08-16 09:37:07,37700.0,1000,Buy,232013785
2024-08-16 09:37:13,37700.0,500,Sell,232013973
2024-08-16 09:37:13,37750.0,400,Buy,232013926
2024-08-16 09:37:16,37700.0,300,Sell,232014070
2024-08-16 09:37:23,37700.0,600,Sell,232014267
2024-08-16 09:37:23,37700.0,500,Sell,232014269
2024-08-16 09:37:27,37700.0,400,Sell,232014389
2024-08-16 09:37:31,37800.0,100,Buy,232014489
2024-08-16 09:37:31,37800.0,100,Buy,232014490
2024-08-16 09:37:31,37800.0,100,Buy,232014488
2024-08-16 09:37:32,37750.0,100,Sell,232014561
2024-08-16 09:37:32,37750.0,6300,Sell,232014562
2024-08-16 09:37:32,37700.0,1500,Sell,232014563
2024-08-16 09:37:32,37700.0,2100,Sell,232014564
2024-08-16 09:37:34,37850.0,500,Buy,232014587
2024-08-16 09:37:34,37900.0,500,Buy,232014588
2024-08-16 09:37:35,37700.0,500,Sell,232014600
2024-08-16 09:37:43,37800.0,500,Sell,232014837
2024-08-16 09:37:48,37800.0,300,Sell,232014985
2024-08-16 09:37:53,37800.0,2100,Sell,232015189
2024-08-16 09:37:53,37800.0,600,Sell,232015188
2024-08-16 09:37:54,37900.0,4500,Buy,232015209
2024-08-16 09:37:54,37900.0,100,Buy,232015210
2024-08-16 09:37:54,37900.0,3000,Buy,232015211
2024-08-16 09:37:56,37900.0,400,Sell,232015280
2024-08-16 09:37:56,37900.0,1600,Sell,232015283
2024-08-16 09:37:56,37800.0,500,Sell,232015284
2024-08-16 09:37:56,37800.0,500,Sell,232015285
2024-08-16 09:37:56,37800.0,500,Sell,232015286
2024-08-16 09:38:00,37800.0,500,Buy,232015443
2024-08-16 09:38:00,37800.0,300,Buy,232015444
2024-08-16 09:38:02,37800.0,100,Sell,232015500
2024-08-16 09:38:02,37800.0,200,Sell,232015499
2024-08-16 09:38:03,37800.0,3000,Sell,232015517
2024-08-16 09:38:03,37800.0,100,Sell,232015518
2024-08-16 09:38:05,37800.0,5000,Buy,232015585
2024-08-16 09:38:08,37800.0,10000,Buy,232015675
2024-08-16 09:38:08,37800.0,2000,Buy,232015679
2024-08-16 09:38:08,37800.0,400,Buy,232015680
2024-08-16 09:38:08,37800.0,1000,Buy,232015704
2024-08-16 09:38:13,37800.0,30000,Buy,232015784
2024-08-16 09:38:13,37750.0,2000,Sell,232015794
2024-08-16 09:38:14,37750.0,1600,Buy,232015871
2024-08-16 09:38:14,37750.0,100,Buy,232015880
2024-08-16 09:38:15,37800.0,1200,Sell,232015898
2024-08-16 09:38:15,37750.0,800,Buy,232015888
2024-08-16 09:38:15,37800.0,1000,Buy,232015889
2024-08-16 09:38:16,37800.0,300,Sell,232015923
2024-08-16 09:38:16,37750.0,2800,Buy,232015915
2024-08-16 09:38:17,37800.0,200,Buy,232015948
2024-08-16 09:38:17,37800.0,200,Buy,232015949
2024-08-16 09:38:22,37800.0,100,Sell,232016059
2024-08-16 09:38:22,37800.0,200,Sell,232016062
2024-08-16 09:38:23,37900.0,1000,Buy,232016150
2024-08-16 09:38:27,37800.0,700,Sell,232016336
2024-08-16 09:38:27,37800.0,1000,Sell,232016337
2024-08-16 09:38:32,37800.0,400,Buy,232016452
2024-08-16 09:38:32,37800.0,500,Buy,232016453
2024-08-16 09:38:33,37800.0,1400,Buy,232016510
2024-08-16 09:38:41,37800.0,600,Sell,232016722
2024-08-16 09:38:42,37800.0,1500,Sell,232016739
2024-08-16 09:38:46,37800.0,500,Sell,232016935
2024-08-16 09:38:46,37800.0,200,Sell,232016934
2024-08-16 09:38:46,37800.0,100,Sell,232016933
2024-08-16 09:38:46,37850.0,500,Sell,232016929
2024-08-16 09:38:46,37800.0,11100,Sell,232016931
2024-08-16 09:38:46,37800.0,3100,Sell,232016932
2024-08-16 09:38:46,37850.0,500,Sell,232016930
2024-08-16 09:38:52,37800.0,600,Sell,232017169
2024-08-16 09:38:53,37800.0,100,Sell,232017202
2024-08-16 09:39:00,37800.0,1200,Sell,232017452
2024-08-16 09:39:00,37800.0,500,Sell,232017451
2024-08-16 09:39:00,37800.0,500,Sell,232017450
2024-08-16 09:39:00,37800.0,5900,Sell,232017449
2024-08-16 09:39:00,37800.0,1000,Sell,232017448
2024-08-16 09:39:00,37800.0,1000,Sell,232017447
2024-08-16 09:39:00,37800.0,1000,Sell,232017446
2024-08-16 09:39:00,37800.0,100,Sell,232017445
2024-08-16 09:39:00,37800.0,4200,Sell,232017443
2024-08-16 09:39:00,37800.0,1300,Sell,232017453
2024-08-16 09:39:00,37800.0,200,Sell,232017441
2024-08-16 09:39:00,37800.0,400,Sell,232017440
2024-08-16 09:39:00,37800.0,100,Sell,232017439
2024-08-16 09:39:00,37800.0,200,Sell,232017438
2024-08-16 09:39:00,37800.0,1800,Sell,232017437
2024-08-16 09:39:00,37850.0,2000,Sell,232017436
2024-08-16 09:39:00,37850.0,500,Sell,232017435
2024-08-16 09:39:00,37800.0,100,Sell,232017444
2024-08-16 09:39:00,37800.0,500,Sell,232017442
2024-08-16 09:39:10,37850.0,100,Buy,232017801
2024-08-16 09:39:10,37900.0,200,Buy,232017802
2024-08-16 09:39:11,37800.0,200,Sell,232017838
2024-08-16 09:39:11,37800.0,500,Sell,232017839
2024-08-16 09:39:14,37800.0,100,Sell,232017946
2024-08-16 09:39:14,37800.0,200,Sell,232017947
2024-08-16 09:39:23,37800.0,300,Sell,232018347
2024-08-16 09:39:23,37800.0,500,Sell,232018348
2024-08-16 09:39:23,37800.0,600,Sell,232018349
2024-08-16 09:39:23,37800.0,100,Sell,232018350
2024-08-16 09:39:26,37800.0,100,Sell,232018516
2024-08-16 09:39:26,37800.0,300,Sell,232018517
2024-08-16 09:39:26,37850.0,1000,Buy,232018552
2024-08-16 09:39:47,37800.0,200,Sell,232019702
2024-08-16 09:39:47,37800.0,2300,Sell,232019703
2024-08-16 09:39:52,37850.0,3000,Buy,232019967
2024-08-16 09:39:56,37850.0,100,Buy,232020161
2024-08-16 09:39:58,37850.0,200,Buy,232020226
2024-08-16 09:39:58,37850.0,100,Buy,232020237
2024-08-16 09:40:09,37850.0,2000,Sell,232020741
2024-08-16 09:40:16,37850.0,100,Sell,232021124
2024-08-16 09:40:20,37850.0,100,Sell,232021313
2024-08-16 09:40:25,37850.0,1900,Sell,232021597
2024-08-16 09:40:25,37850.0,100,Sell,232021598
2024-08-16 09:40:25,37850.0,100,Sell,232021599
2024-08-16 09:40:25,37850.0,3000,Sell,232021600
2024-08-16 09:40:31,37900.0,2500,Buy,232021903
2024-08-16 09:40:31,37900.0,500,Buy,232021902
2024-08-16 09:40:31,37900.0,200,Buy,232021901
2024-08-16 09:40:31,37900.0,800,Buy,232021899
2024-08-16 09:40:31,37900.0,4000,Buy,232021900
2024-08-16 09:40:36,37900.0,2500,Buy,232022122
2024-08-16 09:40:52,38000.0,500,Buy,232022971
2024-08-16 09:40:55,38000.0,400,Buy,232023142
2024-08-16 09:40:59,38000.0,500,Buy,232023331
2024-08-16 09:41:02,38000.0,100,Buy,232023414
2024-08-16 09:41:02,38000.0,400,Buy,232023415
2024-08-16 09:41:05,38000.0,200,Buy,232023563
2024-08-16 09:41:05,38000.0,5000,Buy,232023560
2024-08-16 09:41:05,38000.0,100,Buy,232023559
2024-08-16 09:41:05,38000.0,600,Buy,232023562
2024-08-16 09:41:05,38000.0,100,Buy,232023557
2024-08-16 09:41:05,38000.0,100,Buy,232023556
2024-08-16 09:41:05,38000.0,1600,Buy,232023555
2024-08-16 09:41:05,38000.0,100,Buy,232023558
2024-08-16 09:41:05,38000.0,7200,Buy,232023561
2024-08-16 09:41:06,38000.0,1000,Buy,232023612
2024-08-16 09:41:14,38100.0,100,Buy,232023911
2024-08-16 09:41:16,38100.0,100,Buy,232023979
2024-08-16 09:41:20,38100.0,200,Buy,232024183
2024-08-16 09:41:20,38100.0,300,Buy,232024184
2024-08-16 09:41:23,38100.0,200,Buy,232024298
2024-08-16 09:41:26,38100.0,200,Buy,232024399
2024-08-16 09:41:27,38100.0,300,Buy,232024449
2024-08-16 09:41:27,38100.0,100,Buy,232024450
2024-08-16 09:41:27,38200.0,600,Buy,232024451
2024-08-16 09:41:34,38200.0,200,Buy,232024785
2024-08-16 09:41:35,38200.0,100,Buy,232024822
2024-08-16 09:41:36,38200.0,200,Buy,232024852
2024-08-16 09:41:36,38200.0,1000,Buy,232024853
2024-08-16 09:41:36,38200.0,100,Buy,232024851
2024-08-16 09:41:38,38250.0,100,Buy,232024948
2024-08-16 09:41:40,38250.0,100,Buy,232024991
2024-08-16 09:41:40,38250.0,100,Buy,232024992
2024-08-16 09:41:40,38250.0,800,Buy,232024993
2024-08-16 09:41:44,38250.0,300,Buy,232025191
2024-08-16 09:41:46,38300.0,500,Buy,232025292
2024-08-16 09:41:46,38300.0,500,Buy,232025293
2024-08-16 09:41:52,38300.0,200,Buy,232025506
2024-08-16 09:41:52,38300.0,100,Buy,232025507
2024-08-16 09:41:52,38300.0,500,Buy,232025504
2024-08-16 09:41:52,38300.0,300,Buy,232025505
2024-08-16 09:41:59,38300.0,200,Sell,232025713
2024-08-16 09:41:59,38400.0,400,Buy,232025737
2024-08-16 09:41:59,38400.0,100,Buy,232025738
2024-08-16 09:42:00,38300.0,100,Sell,232025763
2024-08-16 09:42:02,38400.0,500,Buy,232025878
2024-08-16 09:42:02,38400.0,200,Buy,232025879
2024-08-16 09:42:03,38500.0,1800,Buy,232025959
2024-08-16 09:42:03,38500.0,1000,Buy,232025955
2024-08-16 09:42:03,38500.0,2000,Buy,232025958
2024-08-16 09:42:03,38500.0,100,Buy,232025957
2024-08-16 09:42:03,38500.0,5000,Buy,232025956
2024-08-16 09:42:03,38500.0,1000,Buy,232025954
2024-08-16 09:42:03,38400.0,1000,Buy,232025948
2024-08-16 09:42:03,38500.0,300,Buy,232025952
2024-08-16 09:42:03,38400.0,2800,Buy,232025947
2024-08-16 09:42:03,38500.0,1000,Buy,232025949
2024-08-16 09:42:03,38500.0,1000,Buy,232025953
2024-08-16 09:42:03,38500.0,2500,Buy,232025951
2024-08-16 09:42:03,38500.0,500,Buy,232025950
2024-08-16 09:42:08,38500.0,1700,Buy,232026188
2024-08-16 09:42:10,38500.0,100,Sell,232026264
2024-08-16 09:42:11,38500.0,200,Sell,232026364
2024-08-16 09:42:13,38500.0,1000,Sell,232026435
2024-08-16 09:42:13,38500.0,200,Sell,232026436
2024-08-16 09:42:19,38500.0,100,Sell,232026740
2024-08-16 09:42:20,38500.0,1700,Sell,232026784
2024-08-16 09:42:20,38500.0,500,Sell,232026794
2024-08-16 09:42:20,38500.0,100,Sell,232026795
2024-08-16 09:42:20,38500.0,100,Buy,232026819
2024-08-16 09:42:20,38550.0,300,Buy,232026820
2024-08-16 09:42:20,38550.0,600,Buy,232026821
2024-08-16 09:42:20,38550.0,500,Buy,232026835
2024-08-16 09:42:21,38500.0,100,Buy,232026853
2024-08-16 09:42:26,38450.0,200,Buy,232027120
2024-08-16 09:42:31,38450.0,100,Buy,232027383
2024-08-16 09:42:34,38450.0,900,Buy,232027499
2024-08-16 09:42:34,38450.0,100,Buy,232027500
2024-08-16 09:42:36,38450.0,700,Sell,232027563
2024-08-16 09:42:36,38450.0,100,Sell,232027564
2024-08-16 09:42:37,38300.0,2000,Sell,232027612
2024-08-16 09:42:37,38300.0,100,Sell,232027613
2024-08-16 09:42:37,38300.0,300,Sell,232027614
2024-08-16 09:42:37,38450.0,100,Buy,232027630
2024-08-16 09:42:41,38500.0,200,Buy,232027833
2024-08-16 09:42:41,38450.0,1000,Buy,232027832
2024-08-16 09:42:41,38450.0,500,Buy,232027830
2024-08-16 09:42:41,38450.0,3600,Buy,232027829
2024-08-16 09:42:41,38450.0,300,Buy,232027831
2024-08-16 09:42:42,38500.0,4000,Buy,232027849
2024-08-16 09:42:42,38500.0,1000,Sell,232027863
2024-08-16 09:42:44,38400.0,200,Sell,232027885
2024-08-16 09:42:45,38250.0,4000,Sell,232027915
2024-08-16 09:42:54,38450.0,3000,Buy,232028336
2024-08-16 09:42:54,38500.0,100,Buy,232028337
2024-08-16 09:42:55,38500.0,16900,Sell,232028346
2024-08-16 09:42:56,38200.0,900,Buy,232028412
2024-08-16 09:42:56,38200.0,3000,Sell,232028410
2024-08-16 09:42:56,38200.0,100,Sell,232028411
2024-08-16 09:42:59,38450.0,100,Sell,232028535
2024-08-16 09:43:05,38450.0,100,Sell,232028743
2024-08-16 09:43:05,38450.0,400,Sell,232028758
2024-08-16 09:43:05,38450.0,3000,Sell,232028759
2024-08-16 09:43:11,38300.0,200,Buy,232028949
2024-08-16 09:43:11,38300.0,800,Buy,232028950
2024-08-16 09:43:14,38200.0,200,Sell,232029059
2024-08-16 09:43:19,38200.0,500,Sell,232029251
2024-08-16 09:43:19,38300.0,100,Buy,232029288
2024-08-16 09:43:19,38300.0,1100,Buy,232029289
2024-08-16 09:43:20,38300.0,800,Sell,232029334
2024-08-16 09:43:20,38200.0,500,Sell,232029335
2024-08-16 09:43:29,38200.0,100,Sell,232029688
2024-08-16 09:43:29,38100.0,700,Sell,232029689
2024-08-16 09:43:35,38100.0,200,Buy,232029974
2024-08-16 09:43:35,38450.0,900,Buy,232029987
2024-08-16 09:43:35,38450.0,100,Buy,232029984
2024-08-16 09:43:35,38450.0,7800,Buy,232029983
2024-08-16 09:43:35,38450.0,200,Buy,232029982
2024-08-16 09:43:35,38450.0,1000,Buy,232029981
2024-08-16 09:43:35,38450.0,100,Buy,232029986
2024-08-16 09:43:35,38400.0,4000,Buy,232029979
2024-08-16 09:43:35,38400.0,200,Buy,232029980
2024-08-16 09:43:35,38300.0,100,Buy,232029975
2024-08-16 09:43:35,38300.0,5000,Buy,232029976
2024-08-16 09:43:35,38450.0,100,Buy,232029985
2024-08-16 09:43:35,38300.0,100,Buy,232029977
2024-08-16 09:43:35,38350.0,200,Buy,232029978
2024-08-16 09:43:42,38100.0,1000,Sell,232030316
2024-08-16 09:43:42,38050.0,100,Sell,232030317
2024-08-16 09:43:42,38000.0,1000,Sell,232030319
2024-08-16 09:43:42,38000.0,1000,Sell,232030320
2024-08-16 09:43:42,38000.0,200,Sell,232030321
2024-08-16 09:43:42,38000.0,700,Sell,232030318
2024-08-16 09:43:48,37950.0,500,Sell,232030567
2024-08-16 09:43:48,38000.0,400,Sell,232030566
2024-08-16 09:43:48,38000.0,1000,Sell,232030565
2024-08-16 09:43:48,38000.0,200,Sell,232030558
2024-08-16 09:43:48,38000.0,500,Sell,232030557
2024-08-16 09:43:48,38000.0,100,Sell,232030555
2024-08-16 09:43:48,38050.0,1000,Sell,232030554
2024-08-16 09:43:48,38050.0,100,Sell,232030553
2024-08-16 09:43:48,38000.0,100,Sell,232030556
2024-08-16 09:43:58,38000.0,100,Buy,232030967
2024-08-16 09:44:00,38000.0,500,Buy,232031045
2024-08-16 09:44:00,38000.0,100,Buy,232031046
2024-08-16 09:44:04,38000.0,400,Sell,232031133
2024-08-16 09:44:04,37950.0,500,Sell,232031134
2024-08-16 09:44:04,37950.0,2000,Sell,232031135
2024-08-16 09:44:04,37950.0,100,Sell,232031136
2024-08-16 09:44:04,37950.0,100,Sell,232031137
2024-08-16 09:44:04,37950.0,200,Sell,232031138
2024-08-16 09:44:06,37950.0,700,Buy,232031232
2024-08-16 09:44:18,38000.0,2000,Sell,232031695
2024-08-16 09:44:18,38000.0,500,Sell,232031696
2024-08-16 09:44:18,37950.0,100,Sell,232031697
2024-08-16 09:44:18,37950.0,2400,Sell,232031698
2024-08-16 09:44:18,38000.0,300,Sell,232031688
2024-08-16 09:44:32,38050.0,400,Sell,232032148
2024-08-16 09:44:32,38000.0,100,Sell,232032149
2024-08-16 09:44:32,38000.0,300,Sell,232032161
2024-08-16 09:44:36,38000.0,100,Sell,232032332
2024-08-16 09:44:36,38000.0,1000,Sell,232032333
2024-08-16 09:44:42,38000.0,200,Buy,232032566
2024-08-16 09:44:52,38000.0,100,Buy,232032847
2024-08-16 09:44:53,38000.0,500,Buy,232032889
2024-08-16 09:45:01,38000.0,300,Buy,232033109
2024-08-16 09:45:01,38000.0,20000,Buy,232033098
2024-08-16 09:45:01,38000.0,1000,Buy,232033103
2024-08-16 09:45:02,37950.0,800,Sell,232033153
2024-08-16 09:45:02,37950.0,1800,Sell,232033169
2024-08-16 09:45:02,37950.0,100,Sell,232033170
2024-08-16 09:45:02,37950.0,4000,Sell,232033171
2024-08-16 09:45:02,37950.0,100,Sell,232033172
2024-08-16 09:45:05,38000.0,1000,Buy,232033248
2024-08-16 09:45:09,38000.0,1000,Buy,232033371
2024-08-16 09:45:13,38000.0,500,Buy,232033499
2024-08-16 09:45:14,38000.0,100,Buy,232033515
2024-08-16 09:45:15,38000.0,2000,Buy,232033582
2024-08-16 09:45:17,38000.0,200,Buy,232033655
2024-08-16 09:45:17,38000.0,2200,Buy,232033638
2024-08-16 09:45:17,38000.0,2800,Buy,232033639
2024-08-16 09:45:21,38000.0,100,Buy,232033770
2024-08-16 09:45:28,38000.0,300,Sell,232033972
2024-08-16 09:45:30,38000.0,100,Sell,232034017
2024-08-16 09:45:30,38000.0,100,Sell,232034018
2024-08-16 09:45:33,38000.0,100,Buy,232034096
2024-08-16 09:45:40,38000.0,500,Buy,232034270
2024-08-16 09:45:40,38000.0,2000,Buy,232034273
2024-08-16 09:45:44,38000.0,300,Buy,232034401
2024-08-16 09:45:44,38000.0,3300,Buy,232034402
2024-08-16 09:45:44,38000.0,1700,Buy,232034399
2024-08-16 09:45:44,38000.0,600,Buy,232034400
2024-08-16 09:45:46,38000.0,100,Sell,232034437
2024-08-16 09:45:48,38000.0,600,Sell,232034491
2024-08-16 09:45:51,38000.0,100,Sell,232034548
2024-08-16 09:46:01,38100.0,200,Buy,232034810
2024-08-16 09:46:09,38000.0,1000,Sell,232035008
2024-08-16 09:46:12,38000.0,1000,Sell,232035060
2024-08-16 09:46:15,38050.0,100,Buy,232035134
2024-08-16 09:46:16,38000.0,100,Sell,232035185
2024-08-16 09:46:26,38050.0,900,Buy,232035431
2024-08-16 09:46:36,38050.0,100,Sell,232035709
2024-08-16 09:46:38,38100.0,4000,Buy,232035798
2024-08-16 09:46:38,38100.0,1700,Buy,232035799
2024-08-16 09:46:43,38100.0,100,Sell,232035915
2024-08-16 09:46:43,38100.0,2000,Sell,232035932
2024-08-16 09:46:52,38200.0,1000,Buy,232036139
2024-08-16 09:46:52,38200.0,100,Buy,232036140
2024-08-16 09:46:52,38200.0,4000,Buy,232036141
2024-08-16 09:46:52,38200.0,2000,Buy,232036142
2024-08-16 09:46:52,38200.0,1000,Buy,232036143
2024-08-16 09:46:52,38200.0,1900,Buy,232036144
2024-08-16 09:47:14,38150.0,100,Buy,232036698
2024-08-16 09:47:23,38400.0,2400,Buy,232036904
2024-08-16 09:47:23,38400.0,100,Buy,232036903
2024-08-16 09:47:23,38400.0,600,Buy,232036902
2024-08-16 09:47:23,38400.0,500,Buy,232036901
2024-08-16 09:47:23,38300.0,100,Buy,232036900
2024-08-16 09:47:23,38300.0,100,Buy,232036898
2024-08-16 09:47:23,38300.0,100,Buy,232036897
2024-08-16 09:47:23,38250.0,13600,Buy,232036896
2024-08-16 09:47:23,38250.0,1000,Buy,232036895
2024-08-16 09:47:23,38250.0,1000,Buy,232036894
2024-08-16 09:47:23,38250.0,100,Buy,232036893
2024-08-16 09:47:23,38300.0,400,Buy,232036899
2024-08-16 09:47:24,38150.0,100,Sell,232036909
2024-08-16 09:47:29,38150.0,100,Sell,232036990
2024-08-16 09:47:30,38200.0,100,Buy,232037026
2024-08-16 09:47:31,38200.0,1900,Sell,232037046
2024-08-16 09:47:34,38150.0,200,Sell,232037125
2024-08-16 09:47:34,38150.0,200,Sell,232037126
2024-08-16 09:47:37,38150.0,1000,Sell,232037219
2024-08-16 09:47:46,38200.0,100,Buy,232037455
2024-08-16 09:47:50,38300.0,200,Buy,232037587
2024-08-16 09:47:58,38300.0,2000,Buy,232037760
2024-08-16 09:48:04,38150.0,100,Sell,232037905
2024-08-16 09:48:04,38150.0,700,Sell,232037906
2024-08-16 09:48:12,38150.0,300,Sell,232038123
2024-08-16 09:48:12,38150.0,100,Sell,232038124
2024-08-16 09:48:12,38150.0,1000,Sell,232038125
2024-08-16 09:48:12,38100.0,600,Sell,232038126
2024-08-16 09:48:19,38150.0,100,Sell,232038253
2024-08-16 09:48:25,38150.0,600,Sell,232038411
2024-08-16 09:48:33,38150.0,300,Sell,232038566
2024-08-16 09:48:33,38100.0,200,Sell,232038567
2024-08-16 09:48:46,38150.0,100,Sell,232038888
2024-08-16 09:48:46,38150.0,100,Sell,232038886
2024-08-16 09:48:46,38150.0,500,Sell,232038887
2024-08-16 09:48:54,38100.0,1400,Sell,232039123
2024-08-16 09:48:54,38100.0,500,Sell,232039124
2024-08-16 09:48:54,38100.0,100,Sell,232039125
2024-08-16 09:48:54,38100.0,10000,Sell,232039126
2024-08-16 09:48:54,38100.0,800,Sell,232039127
2024-08-16 09:48:54,38100.0,100,Sell,232039128
2024-08-16 09:48:54,38100.0,1000,Sell,232039129
2024-08-16 09:48:55,38100.0,1000,Sell,232039136
2024-08-16 09:48:59,38100.0,200,Buy,232039224
2024-08-16 09:49:01,38050.0,2000,Sell,232039254
2024-08-16 09:49:01,38050.0,500,Sell,232039253
2024-08-16 09:49:01,38050.0,1000,Sell,232039252
2024-08-16 09:49:01,38050.0,100,Sell,232039250
2024-08-16 09:49:01,38050.0,100,Sell,232039251
2024-08-16 09:49:06,38100.0,1800,Buy,232039324
2024-08-16 09:49:06,38100.0,5500,Buy,232039325
2024-08-16 09:49:06,38100.0,3900,Buy,232039326
2024-08-16 09:49:06,38100.0,4100,Buy,232039350
2024-08-16 09:49:09,38000.0,2600,Sell,232039443
2024-08-16 09:49:09,38100.0,100,Sell,232039442
2024-08-16 09:49:09,38000.0,100,Sell,232039438
2024-08-16 09:49:09,38000.0,200,Sell,232039437
2024-08-16 09:49:09,38000.0,1000,Sell,232039436
2024-08-16 09:49:09,38000.0,500,Sell,232039435
2024-08-16 09:49:09,38000.0,200,Sell,232039433
2024-08-16 09:49:09,38100.0,900,Sell,232039430
2024-08-16 09:49:09,38000.0,100,Sell,232039434
2024-08-16 09:49:09,38000.0,100,Sell,232039432
2024-08-16 09:49:09,38000.0,200,Sell,232039431
2024-08-16 09:49:25,38000.0,1100,Sell,232039846
2024-08-16 09:49:25,38000.0,100,Sell,232039853
2024-08-16 09:49:25,38000.0,700,Sell,232039851
2024-08-16 09:49:25,38000.0,100,Sell,232039850
2024-08-16 09:49:25,38000.0,400,Sell,232039845
2024-08-16 09:49:25,38000.0,1400,Sell,232039848
2024-08-16 09:49:25,38000.0,200,Sell,232039849
2024-08-16 09:49:25,38000.0,100,Sell,232039847
2024-08-16 09:49:31,38000.0,1100,Sell,232040066
2024-08-16 09:49:31,38000.0,1200,Sell,232040064
2024-08-16 09:49:31,38000.0,1700,Sell,232040065
2024-08-16 09:49:32,38000.0,200,Sell,232040071
2024-08-16 09:49:32,38000.0,1300,Sell,232040072
2024-08-16 09:49:32,38000.0,1000,Sell,232040073
2024-08-16 09:49:35,38000.0,300,Sell,232040147
2024-08-16 09:49:35,38000.0,700,Sell,232040148
2024-08-16 09:49:35,38000.0,800,Sell,232040149
2024-08-16 09:49:36,38050.0,200,Sell,232040185
2024-08-16 09:49:41,38000.0,100,Sell,232040285
2024-08-16 09:49:41,38000.0,1000,Sell,232040284
2024-08-16 09:49:41,38000.0,400,Sell,232040283
2024-08-16 09:49:41,38000.0,100,Sell,232040282
2024-08-16 09:49:41,38000.0,3800,Sell,232040268
2024-08-16 09:49:41,38000.0,200,Sell,232040267
2024-08-16 09:49:41,38000.0,1200,Sell,232040280
2024-08-16 09:49:42,38000.0,100,Buy,232040332
2024-08-16 09:49:47,38000.0,100,Buy,232040437
2024-08-16 09:49:50,38000.0,1000,Buy,232040533
2024-08-16 09:49:59,38000.0,1000,Buy,232040721
2024-08-16 09:50:00,38000.0,600,Buy,232040759
2024-08-16 09:50:04,38000.0,200,Buy,232040835
2024-08-16 09:50:05,37950.0,100,Sell,232040889
2024-08-16 09:50:05,37950.0,1000,Sell,232040888
2024-08-16 09:50:05,37950.0,900,Sell,232040887
2024-08-16 09:50:09,38000.0,7000,Buy,232040994
2024-08-16 09:50:24,38000.0,300,Buy,232041380
2024-08-16 09:50:24,38000.0,200,Buy,232041381
2024-08-16 09:50:24,38000.0,1500,Buy,232041377
2024-08-16 09:50:26,38000.0,100,Buy,232041440
2024-08-16 09:50:29,38000.0,100,Buy,232041517
2024-08-16 09:50:31,38000.0,100,Buy,232041559
2024-08-16 09:50:32,38000.0,2200,Buy,232041598
2024-08-16 09:50:32,38000.0,200,Buy,232041599
2024-08-16 09:50:32,38000.0,100,Buy,232041600
2024-08-16 09:50:42,38050.0,800,Sell,232041824
2024-08-16 09:50:58,38000.0,100,Sell,232042175
2024-08-16 09:50:58,38000.0,200,Sell,232042174
2024-08-16 09:50:58,38050.0,6700,Sell,232042173
2024-08-16 09:51:01,38000.0,100,Buy,232042244
2024-08-16 09:51:01,38000.0,400,Buy,232042245
2024-08-16 09:51:12,38000.0,600,Sell,232042514
2024-08-16 09:51:12,38000.0,4000,Sell,232042519
2024-08-16 09:51:12,38000.0,100,Sell,232042520
2024-08-16 09:51:12,38000.0,100,Sell,232042521
2024-08-16 09:51:14,38000.0,200,Buy,232042550
2024-08-16 09:51:14,38000.0,800,Buy,232042551
2024-08-16 09:51:15,38000.0,100,Buy,232042573
2024-08-16 09:51:36,38000.0,100,Buy,232043044
2024-08-16 09:51:48,37950.0,1000,Sell,232043319
2024-08-16 09:51:48,37950.0,1400,Sell,232043325
2024-08-16 09:51:48,37950.0,1000,Sell,232043324
2024-08-16 09:51:48,37950.0,300,Sell,232043323
2024-08-16 09:51:48,37950.0,900,Sell,232043318
2024-08-16 09:51:48,37950.0,8200,Sell,232043321
2024-08-16 09:51:48,37950.0,200,Sell,232043320
2024-08-16 09:51:48,37950.0,2000,Sell,232043322
2024-08-16 09:51:49,37950.0,600,Sell,232043342
2024-08-16 09:51:49,37950.0,500,Sell,232043343
2024-08-16 09:51:49,37950.0,300,Sell,232043344
2024-08-16 09:51:49,37950.0,600,Sell,232043345
2024-08-16 09:51:55,37950.0,400,Sell,232043466
2024-08-16 09:51:55,37950.0,200,Sell,232043467
2024-08-16 09:51:56,37950.0,100,Buy,232043501
2024-08-16 09:51:56,37950.0,100,Buy,232043536
2024-08-16 09:52:04,37900.0,10000,Sell,232043721
2024-08-16 09:52:04,37900.0,3100,Sell,232043732
2024-08-16 09:52:04,37900.0,1000,Sell,232043723
2024-08-16 09:52:04,37900.0,100,Sell,232043724
2024-08-16 09:52:04,37900.0,200,Sell,232043725
2024-08-16 09:52:04,37900.0,1400,Sell,232043726
2024-08-16 09:52:04,37900.0,100,Sell,232043727
2024-08-16 09:52:04,37900.0,100,Sell,232043728
2024-08-16 09:52:04,37900.0,100,Sell,232043729
2024-08-16 09:52:04,37900.0,200,Sell,232043730
2024-08-16 09:52:04,37900.0,200,Sell,232043731
2024-08-16 09:52:04,37900.0,100,Sell,232043722
2024-08-16 09:52:05,37950.0,100,Buy,232043751
2024-08-16 09:52:06,37950.0,200,Buy,232043792
2024-08-16 09:52:06,37950.0,1800,Buy,232043793
2024-08-16 09:52:06,37950.0,200,Buy,232043782
2024-08-16 09:52:15,37950.0,1900,Sell,232043949
2024-08-16 09:52:15,37900.0,1900,Sell,232043952
2024-08-16 09:52:15,37900.0,600,Sell,232043953
2024-08-16 09:52:15,37900.0,1600,Sell,232043954
2024-08-16 09:52:31,37900.0,100,Sell,232044414
2024-08-16 09:52:31,37900.0,100,Sell,232044412
2024-08-16 09:52:31,37900.0,100,Sell,232044411
2024-08-16 09:52:31,37900.0,100,Sell,232044413
2024-08-16 09:52:31,37900.0,2900,Sell,232044409
2024-08-16 09:52:31,37900.0,100,Sell,232044408
2024-08-16 09:52:31,37900.0,400,Sell,232044407
2024-08-16 09:52:31,37900.0,100,Sell,232044410
2024-08-16 09:52:38,37900.0,1000,Buy,232044598
2024-08-16 09:52:49,37900.0,100,Buy,232044875
2024-08-16 09:52:49,37900.0,300,Buy,232044876
2024-08-16 09:52:52,37850.0,300,Sell,232044954
2024-08-16 09:52:53,37900.0,400,Buy,232045002
2024-08-16 09:52:58,37900.0,100,Buy,232045115
2024-08-16 09:52:58,37850.0,600,Sell,232045116
2024-08-16 09:52:58,37850.0,500,Sell,232045117
2024-08-16 09:52:58,37850.0,500,Sell,232045118
2024-08-16 09:52:58,37850.0,100,Sell,232045119
2024-08-16 09:52:58,37850.0,300,Sell,232045120
2024-08-16 09:53:00,37900.0,100,Buy,232045188
2024-08-16 09:53:01,37900.0,200,Buy,232045221
2024-08-16 09:53:01,37900.0,100,Buy,232045220
2024-08-16 09:53:09,37850.0,1000,Sell,232045387
2024-08-16 09:53:09,37800.0,200,Sell,232045415
2024-08-16 09:53:09,37800.0,5000,Sell,232045414
2024-08-16 09:53:09,37850.0,700,Sell,232045386
2024-08-16 09:53:09,37800.0,100,Sell,232045411
2024-08-16 09:53:09,37800.0,100,Sell,232045410
2024-08-16 09:53:09,37800.0,2000,Sell,232045409
2024-08-16 09:53:09,37800.0,1000,Sell,232045408
2024-08-16 09:53:09,37800.0,200,Sell,232045407
2024-08-16 09:53:09,37800.0,500,Sell,232045406
2024-08-16 09:53:09,37800.0,500,Sell,232045405
2024-08-16 09:53:09,37800.0,100,Sell,232045404
2024-08-16 09:53:09,37800.0,2000,Sell,232045403
2024-08-16 09:53:09,37800.0,2000,Sell,232045402
2024-08-16 09:53:09,37800.0,500,Sell,232045413
2024-08-16 09:53:09,37800.0,100,Sell,232045400
2024-08-16 09:53:09,37800.0,100,Sell,232045401
2024-08-16 09:53:09,37850.0,100,Sell,232045388
2024-08-16 09:53:09,37850.0,5000,Sell,232045389
2024-08-16 09:53:09,37850.0,100,Sell,232045390
2024-08-16 09:53:09,37850.0,100,Sell,232045391
2024-08-16 09:53:09,37850.0,100,Sell,232045392
2024-08-16 09:53:09,37800.0,300,Sell,232045412
2024-08-16 09:53:09,37800.0,2400,Sell,232045394
2024-08-16 09:53:09,37800.0,2000,Sell,232045395
2024-08-16 09:53:09,37850.0,600,Sell,232045393
2024-08-16 09:53:09,37800.0,100,Sell,232045396
2024-08-16 09:53:09,37800.0,100,Sell,232045397
2024-08-16 09:53:09,37800.0,2000,Sell,232045398
2024-08-16 09:53:09,37800.0,200,Sell,232045399
2024-08-16 09:53:14,37800.0,100,Buy,232045510
2024-08-16 09:53:20,37800.0,100,Buy,232045682
2024-08-16 09:53:22,37750.0,100,Sell,232045737
2024-08-16 09:53:22,37750.0,4600,Sell,232045738
2024-08-16 09:53:22,37750.0,100,Sell,232045739
2024-08-16 09:53:23,37750.0,100,Buy,232045754
2024-08-16 09:53:26,37700.0,500,Sell,232045834
2024-08-16 09:53:26,37700.0,100,Sell,232045833
2024-08-16 09:53:26,37700.0,1900,Sell,232045838
2024-08-16 09:53:26,37700.0,100,Sell,232045836
2024-08-16 09:53:26,37700.0,100,Sell,232045835
2024-08-16 09:53:26,37700.0,100,Sell,232045837
2024-08-16 09:53:32,37700.0,100,Sell,232045967
2024-08-16 09:53:32,37700.0,100,Sell,232045968
2024-08-16 09:53:32,37700.0,100,Sell,232045969
2024-08-16 09:53:32,37700.0,400,Sell,232045971
2024-08-16 09:53:32,37700.0,100,Sell,232045972
2024-08-16 09:53:32,37700.0,100,Buy,232046001
2024-08-16 09:53:32,37700.0,400,Sell,232045970
2024-08-16 09:53:34,37700.0,400,Buy,232046111
2024-08-16 09:53:35,37700.0,100,Buy,232046115
2024-08-16 09:53:38,37650.0,2000,Sell,232046180
2024-08-16 09:53:38,37650.0,100,Sell,232046178
2024-08-16 09:53:38,37650.0,100,Sell,232046179
2024-08-16 09:53:39,37700.0,200,Buy,232046215
2024-08-16 09:53:41,37700.0,700,Buy,232046260
2024-08-16 09:53:41,37700.0,200,Buy,232046263
2024-08-16 09:53:41,37700.0,8000,Buy,232046259
2024-08-16 09:53:41,37700.0,900,Buy,232046261
2024-08-16 09:53:41,37700.0,500,Buy,232046262
2024-08-16 09:53:47,37700.0,100,Sell,232046397
2024-08-16 09:53:49,37750.0,100,Buy,232046432
2024-08-16 09:53:50,37700.0,1300,Sell,232046460
2024-08-16 09:53:50,37750.0,200,Buy,232046468
2024-08-16 09:54:03,37750.0,1600,Sell,232046808
2024-08-16 09:54:03,37750.0,100,Sell,232046809
2024-08-16 09:54:04,37750.0,100,Buy,232046841
2024-08-16 09:54:07,37750.0,1600,Sell,232046932
2024-08-16 09:54:07,37750.0,100,Buy,232046933
2024-08-16 09:54:15,37750.0,100,Buy,232047177
2024-08-16 09:54:15,37750.0,100,Buy,232047176
2024-08-16 09:54:15,37750.0,3000,Buy,232047174
2024-08-16 09:54:16,37700.0,300,Sell,232047195
2024-08-16 09:54:19,37750.0,100,Buy,232047249
2024-08-16 09:54:33,37750.0,100,Sell,232047638
2024-08-16 09:54:33,37750.0,500,Sell,232047639
2024-08-16 09:54:33,37750.0,100,Sell,232047640
2024-08-16 09:54:37,37800.0,2700,Buy,232047708
2024-08-16 09:54:37,37800.0,500,Buy,232047709
2024-08-16 09:54:37,37800.0,1800,Buy,232047710
2024-08-16 09:54:38,37750.0,300,Sell,232047730
2024-08-16 09:54:38,37800.0,1200,Buy,232047759
2024-08-16 09:54:42,37800.0,5000,Sell,232047839
2024-08-16 09:55:16,37850.0,100,Buy,232048723
2024-08-16 09:55:20,37850.0,100,Buy,232048799
2024-08-16 09:55:21,37850.0,100,Buy,232048815
2024-08-16 09:55:22,37850.0,200,Buy,232048848
2024-08-16 09:55:23,37850.0,100,Sell,232048888
2024-08-16 09:55:29,37850.0,200,Sell,232049017
2024-08-16 09:55:29,37850.0,100,Sell,232049018
2024-08-16 09:55:29,37850.0,100,Sell,232049019
2024-08-16 09:55:29,37800.0,1600,Sell,232049020
2024-08-16 09:55:33,37900.0,500,Buy,232049091
2024-08-16 09:55:35,37850.0,100,Sell,232049128
2024-08-16 09:55:35,37850.0,200,Sell,232049129
2024-08-16 09:55:42,37850.0,100,Sell,232049247
2024-08-16 09:55:42,37850.0,100,Sell,232049246
2024-08-16 09:55:42,37850.0,1800,Sell,232049240
2024-08-16 09:56:07,37800.0,1200,Sell,232049642
2024-08-16 09:56:10,37800.0,200,Sell,232049696
2024-08-16 09:56:19,37850.0,100,Buy,232049826
2024-08-16 09:56:19,37850.0,100,Buy,232049827
2024-08-16 09:56:19,37850.0,100,Buy,232049828
2024-08-16 09:56:21,37850.0,200,Sell,232049859
2024-08-16 09:56:24,37850.0,500,Sell,232049905
2024-08-16 09:56:25,37850.0,100,Buy,232049925
2024-08-16 09:56:29,37800.0,400,Sell,232050049
2024-08-16 09:56:29,37800.0,5000,Sell,232050048
2024-08-16 09:56:29,37800.0,400,Sell,232050047
2024-08-16 09:56:29,37800.0,500,Sell,232050043
2024-08-16 09:56:29,37800.0,200,Sell,232050045
2024-08-16 09:56:29,37800.0,100,Sell,232050046
2024-08-16 09:56:29,37800.0,800,Sell,232050042
2024-08-16 09:56:29,37800.0,600,Sell,232050044
2024-08-16 09:56:31,37900.0,400,Buy,232050097
2024-08-16 09:56:31,37850.0,1400,Buy,232050094
2024-08-16 09:56:31,37900.0,200,Buy,232050095
2024-08-16 09:56:31,37900.0,2200,Buy,232050096
2024-08-16 09:56:46,37900.0,100,Buy,232050342
2024-08-16 09:56:46,37900.0,100,Buy,232050343
2024-08-16 09:56:46,37900.0,100,Buy,232050344
2024-08-16 09:56:47,37950.0,100,Buy,232050357
2024-08-16 09:56:49,37900.0,100,Sell,232050374
2024-08-16 09:56:50,37950.0,100,Buy,232050412
2024-08-16 09:56:50,37950.0,100,Buy,232050413
2024-08-16 09:56:50,37950.0,100,Buy,232050410
2024-08-16 09:56:50,37850.0,200,Buy,232050409
2024-08-16 09:56:50,37950.0,400,Buy,232050411
2024-08-16 09:56:59,37800.0,600,Sell,232050572
2024-08-16 09:57:14,37950.0,200,Sell,232050887
2024-08-16 09:57:32,37950.0,100,Buy,232051268
2024-08-16 09:57:34,37900.0,100,Sell,232051341
2024-08-16 09:57:36,37950.0,100,Buy,232051368
2024-08-16 09:57:37,37900.0,100,Sell,232051373
2024-08-16 09:57:47,37850.0,100,Sell,232051553
2024-08-16 09:57:56,37850.0,100,Sell,232051680
2024-08-16 09:58:10,37850.0,100,Sell,232051896
2024-08-16 09:58:10,37850.0,100,Sell,232051897
2024-08-16 09:58:10,37850.0,100,Sell,232051894
2024-08-16 09:58:10,37850.0,500,Sell,232051895
2024-08-16 09:58:12,37850.0,300,Sell,232051938
2024-08-16 09:58:14,37850.0,700,Sell,232051974
2024-08-16 09:58:14,37850.0,200,Sell,232051975
2024-08-16 09:58:15,37800.0,100,Sell,232051982
2024-08-16 09:58:21,37800.0,3600,Sell,232052117
2024-08-16 09:58:21,37800.0,900,Sell,232052116
2024-08-16 09:58:21,37800.0,200,Sell,232052115
2024-08-16 09:58:21,37800.0,1000,Sell,232052114
2024-08-16 09:58:21,37800.0,1000,Sell,232052113
2024-08-16 09:58:21,37800.0,100,Sell,232052112
2024-08-16 09:58:21,37800.0,500,Sell,232052111
2024-08-16 09:58:21,37800.0,100,Sell,232052110
2024-08-16 09:58:21,37800.0,200,Sell,232052108
2024-08-16 09:58:21,37800.0,100,Sell,232052107
2024-08-16 09:58:21,37800.0,1000,Sell,232052106
2024-08-16 09:58:21,37800.0,500,Sell,232052105
2024-08-16 09:58:21,37800.0,100,Sell,232052104
2024-08-16 09:58:21,37800.0,100,Sell,232052103
2024-08-16 09:58:21,37800.0,100,Sell,232052102
2024-08-16 09:58:21,37800.0,400,Sell,232052101
2024-08-16 09:58:21,37800.0,100,Sell,232052109
2024-08-16 09:58:22,37850.0,100,Buy,232052143
2024-08-16 09:58:24,37850.0,100,Buy,232052183
2024-08-16 09:58:27,37800.0,1000,Sell,232052213
2024-08-16 09:58:28,37800.0,100,Sell,232052226
2024-08-16 09:58:28,37800.0,5700,Sell,232052225
2024-08-16 09:58:40,37800.0,100,Buy,232052477
2024-08-16 09:58:40,37800.0,200,Buy,232052478
2024-08-16 09:58:48,37800.0,200,Buy,232052685
2024-08-16 09:58:48,37800.0,1200,Buy,232052686
2024-08-16 09:58:58,37800.0,300,Sell,232052835
2024-08-16 09:58:58,37750.0,1700,Sell,232052836
2024-08-16 09:58:59,37800.0,700,Buy,232052861
2024-08-16 09:59:08,37750.0,100,Sell,232053058
2024-08-16 09:59:10,37750.0,2000,Sell,232053073
2024-08-16 09:59:12,37800.0,400,Buy,232053105
2024-08-16 09:59:14,37750.0,100,Sell,232053123
2024-08-16 09:59:20,37750.0,100,Sell,232053225
2024-08-16 09:59:21,37750.0,300,Sell,232053245
2024-08-16 09:59:21,37750.0,1000,Sell,232053244
2024-08-16 09:59:21,37750.0,100,Sell,232053243
2024-08-16 09:59:21,37750.0,2000,Sell,232053242
2024-08-16 09:59:21,37750.0,100,Sell,232053241
2024-08-16 09:59:21,37750.0,100,Sell,232053235
2024-08-16 09:59:21,37750.0,200,Sell,232053239
2024-08-16 09:59:21,37750.0,1000,Sell,232053238
2024-08-16 09:59:21,37750.0,500,Sell,232053237
2024-08-16 09:59:21,37750.0,1500,Sell,232053236
2024-08-16 09:59:21,37750.0,500,Sell,232053240
2024-08-16 09:59:21,37750.0,600,Sell,232053234
2024-08-16 09:59:23,37750.0,100,Sell,232053272
2024-08-16 09:59:26,37750.0,100,Sell,232053484
2024-08-16 09:59:28,37750.0,800,Sell,232053515
2024-08-16 10:00:01,37750.0,500,Buy,232054227
2024-08-16 10:00:02,37750.0,200,Buy,232054236
2024-08-16 10:00:07,37750.0,800,Buy,232054325
2024-08-16 10:00:07,37750.0,100,Buy,232054326
2024-08-16 10:00:07,37750.0,100,Buy,232054327
2024-08-16 10:00:07,37750.0,500,Buy,232054330
2024-08-16 10:00:13,37750.0,200,Buy,232054525
2024-08-16 10:00:15,37750.0,200,Buy,232054564
2024-08-16 10:00:17,37750.0,100,Buy,232054614
2024-08-16 10:00:22,37700.0,5100,Sell,232054749
2024-08-16 10:00:22,37700.0,100,Sell,232054748
2024-08-16 10:00:22,37700.0,100,Sell,232054747
2024-08-16 10:00:22,37700.0,400,Sell,232054746
2024-08-16 10:00:22,37700.0,100,Sell,232054743
2024-08-16 10:00:22,37700.0,100,Sell,232054744
2024-08-16 10:00:22,37700.0,100,Sell,232054742
2024-08-16 10:00:22,37700.0,8000,Sell,232054741
2024-08-16 10:00:22,37700.0,1000,Sell,232054745
2024-08-16 10:00:29,37700.0,100,Sell,232054888
2024-08-16 10:00:35,37700.0,100,Sell,232055045
2024-08-16 10:00:36,37700.0,100,Sell,232055081
2024-08-16 10:00:36,37700.0,300,Sell,232055079
2024-08-16 10:00:36,37700.0,10100,Sell,232055078
2024-08-16 10:00:36,37700.0,100,Sell,232055082
2024-08-16 10:00:36,37700.0,1100,Sell,232055076
2024-08-16 10:00:36,37700.0,100,Sell,232055077
2024-08-16 10:00:36,37700.0,500,Sell,232055073
2024-08-16 10:00:36,37700.0,100,Sell,232055080
2024-08-16 10:00:36,37700.0,300,Sell,232055075
2024-08-16 10:00:36,37700.0,500,Sell,232055074
2024-08-16 10:00:37,37700.0,500,Buy,232055134
