time,price,volume,match_type,id
2024-08-15 09:14:38,40800.0,15600,ATO/ATC,231691165
2024-08-15 09:15:04,40700.0,100,Buy,231691700
2024-08-15 09:15:12,40700.0,100,Buy,231691815
2024-08-15 09:15:15,40700.0,400,Buy,231691960
2024-08-15 09:15:18,40700.0,500,Buy,231691996
2024-08-15 09:15:22,40700.0,1000,Buy,231692054
2024-08-15 09:15:25,40700.0,800,Buy,231692135
2024-08-15 09:15:37,40650.0,100,Buy,231692302
2024-08-15 09:15:41,40650.0,900,Buy,231692375
2024-08-15 09:15:43,40650.0,100,Sell,231692396
2024-08-15 09:15:44,40650.0,400,Buy,231692407
2024-08-15 09:16:05,40650.0,100,Sell,231692636
2024-08-15 09:16:05,40650.0,200,Sell,231692637
2024-08-15 09:16:05,40650.0,100,Sell,231692638
2024-08-15 09:16:05,40650.0,200,Sell,231692639
2024-08-15 09:16:06,40650.0,500,Buy,231692687
2024-08-15 09:16:08,40650.0,200,Buy,231692701
2024-08-15 09:16:14,40650.0,400,Buy,231692785
2024-08-15 09:16:14,40650.0,100,Buy,231692786
2024-08-15 09:16:17,40650.0,300,Buy,231692818
2024-08-15 09:16:17,40650.0,200,Buy,231692817
2024-08-15 09:16:19,40650.0,200,Buy,231692839
2024-08-15 09:16:23,40600.0,100,Sell,231692905
2024-08-15 09:16:23,40600.0,1000,Sell,231692906
2024-08-15 09:16:24,40600.0,200,Sell,231692917
2024-08-15 09:16:24,40600.0,100,Sell,231692918
2024-08-15 09:16:26,40600.0,500,Buy,231692958
2024-08-15 09:16:33,40600.0,100,Buy,231693030
2024-08-15 09:16:33,40600.0,100,Buy,231693048
2024-08-15 09:16:34,40600.0,100,Buy,231693051
2024-08-15 09:16:40,40550.0,3000,Sell,231693151
2024-08-15 09:16:52,40550.0,500,Sell,231693316
2024-08-15 09:16:53,40550.0,200,Buy,231693322
2024-08-15 09:16:56,40550.0,500,Buy,231693375
2024-08-15 09:17:00,40500.0,500,Sell,231693494
2024-08-15 09:17:00,40500.0,2000,Sell,231693495
2024-08-15 09:17:02,40500.0,1000,Sell,231693555
2024-08-15 09:17:03,40500.0,100,Sell,231693577
2024-08-15 09:17:03,40500.0,1000,Sell,231693576
2024-08-15 09:17:03,40500.0,5500,Sell,231693579
2024-08-15 09:17:03,40500.0,3000,Sell,231693574
2024-08-15 09:17:03,40500.0,2000,Sell,231693570
2024-08-15 09:17:03,40500.0,3000,Sell,231693569
2024-08-15 09:17:03,40500.0,100,Sell,231693575
2024-08-15 09:17:03,40500.0,300,Sell,231693578
2024-08-15 09:17:06,40550.0,100,Buy,231693645
2024-08-15 09:17:07,40500.0,1500,Sell,231693657
2024-08-15 09:17:08,40550.0,1700,Buy,231693689
2024-08-15 09:17:08,40550.0,300,Buy,231693690
2024-08-15 09:17:11,40500.0,100,Sell,231693735
2024-08-15 09:17:15,40500.0,200,Sell,231693805
2024-08-15 09:17:15,40500.0,100,Sell,231693806
2024-08-15 09:17:15,40500.0,100,Sell,231693807
2024-08-15 09:17:16,40500.0,900,Sell,231693821
2024-08-15 09:17:17,40500.0,100,Buy,231693850
2024-08-15 09:17:20,40500.0,400,Sell,231693979
2024-08-15 09:17:21,40550.0,300,Buy,231693997
2024-08-15 09:17:25,40500.0,100,Buy,231694088
2024-08-15 09:17:30,40500.0,100,Buy,231694220
2024-08-15 09:17:30,40300.0,100,Sell,231694244
2024-08-15 09:17:30,40300.0,1000,Sell,231694245
2024-08-15 09:17:30,40250.0,100,Sell,231694246
2024-08-15 09:17:30,40150.0,300,Sell,231694247
2024-08-15 09:17:31,40150.0,200,Sell,231694295
2024-08-15 09:17:32,40100.0,800,Sell,231694301
2024-08-15 09:17:33,40200.0,100,Buy,231694358
2024-08-15 09:17:36,40300.0,100,Sell,231694387
2024-08-15 09:17:40,40100.0,500,Sell,231694438
2024-08-15 09:17:40,40100.0,4200,Sell,231694437
2024-08-15 09:17:40,40150.0,300,Sell,231694436
2024-08-15 09:17:47,40300.0,300,Sell,231694613
2024-08-15 09:17:53,40300.0,100,Buy,231694684
2024-08-15 09:17:55,40300.0,100,Buy,231694722
2024-08-15 09:18:00,40150.0,100,Sell,231694797
2024-08-15 09:18:04,40150.0,300,Buy,231694870
2024-08-15 09:18:07,40150.0,100,Buy,231694921
2024-08-15 09:18:07,40100.0,200,Sell,231694963
2024-08-15 09:18:08,40150.0,1200,Buy,231694988
2024-08-15 09:18:08,40100.0,700,Sell,231694987
2024-08-15 09:18:08,40100.0,1300,Sell,231694986
2024-08-15 09:18:14,40100.0,100,Sell,231695054
2024-08-15 09:18:16,40100.0,200,Sell,231695086
2024-08-15 09:18:16,40100.0,800,Sell,231695087
2024-08-15 09:18:19,40000.0,500,Sell,231695141
2024-08-15 09:18:19,40000.0,2000,Sell,231695142
2024-08-15 09:18:19,40000.0,100,Sell,231695143
2024-08-15 09:18:19,40000.0,100,Sell,231695144
2024-08-15 09:18:19,40000.0,100,Sell,231695145
2024-08-15 09:18:19,40000.0,100,Sell,231695146
2024-08-15 09:18:19,40000.0,1100,Sell,231695147
2024-08-15 09:18:19,40000.0,100,Sell,231695140
2024-08-15 09:18:19,39750.0,200,Sell,231695151
2024-08-15 09:18:19,39500.0,100,Sell,231695152
2024-08-15 09:18:19,39500.0,1200,Sell,231695153
2024-08-15 09:18:19,39500.0,4000,Sell,231695154
2024-08-15 09:18:19,39500.0,100,Sell,231695155
2024-08-15 09:18:19,40050.0,500,Sell,231695157
2024-08-15 09:18:19,40050.0,500,Sell,231695158
2024-08-15 09:18:19,40000.0,500,Buy,231695165
2024-08-15 09:18:19,39800.0,100,Sell,231695150
2024-08-15 09:18:19,40000.0,200,Sell,231695139
2024-08-15 09:18:19,39800.0,100,Sell,231695149
2024-08-15 09:18:19,40000.0,100,Sell,231695137
2024-08-15 09:18:19,40000.0,700,Sell,231695138
2024-08-15 09:18:19,40100.0,200,Sell,231695120
2024-08-15 09:18:19,40100.0,200,Sell,231695121
2024-08-15 09:18:19,40100.0,200,Sell,231695122
2024-08-15 09:18:19,40050.0,100,Sell,231695123
2024-08-15 09:18:19,40050.0,1000,Sell,231695124
2024-08-15 09:18:19,40000.0,100,Sell,231695125
2024-08-15 09:18:19,40000.0,100,Sell,231695126
2024-08-15 09:18:19,40000.0,8400,Sell,231695127
2024-08-15 09:18:19,39950.0,3000,Sell,231695148
2024-08-15 09:18:19,40000.0,100,Sell,231695129
2024-08-15 09:18:19,40000.0,1000,Sell,231695135
2024-08-15 09:18:19,40000.0,200,Sell,231695134
2024-08-15 09:18:19,40000.0,100,Sell,231695133
2024-08-15 09:18:19,40000.0,300,Sell,231695136
2024-08-15 09:18:19,40000.0,100,Sell,231695131
2024-08-15 09:18:19,40000.0,500,Sell,231695130
2024-08-15 09:18:19,40000.0,100,Sell,231695128
2024-08-15 09:18:19,40000.0,100,Sell,231695132
2024-08-15 09:18:20,40050.0,100,Sell,231695167
2024-08-15 09:18:21,40050.0,100,Sell,231695201
2024-08-15 09:18:25,40050.0,200,Sell,231695254
2024-08-15 09:18:25,40050.0,1100,Sell,231695262
2024-08-15 09:18:25,40050.0,100,Sell,231695263
2024-08-15 09:18:30,40050.0,800,Buy,231695320
2024-08-15 09:18:30,40050.0,500,Buy,231695321
2024-08-15 09:18:30,40050.0,500,Buy,231695322
2024-08-15 09:18:33,40050.0,200,Sell,231695366
2024-08-15 09:18:33,40050.0,300,Sell,231695367
2024-08-15 09:18:35,40050.0,1700,Sell,231695418
2024-08-15 09:18:35,40000.0,500,Sell,231695419
2024-08-15 09:18:35,40000.0,200,Sell,231695420
2024-08-15 09:18:39,40000.0,500,Buy,231695486
2024-08-15 09:18:39,40000.0,1500,Buy,231695487
2024-08-15 09:18:45,39500.0,1000,Sell,231695614
2024-08-15 09:18:45,39500.0,500,Sell,231695613
2024-08-15 09:18:45,39500.0,100,Sell,231695612
2024-08-15 09:18:45,39500.0,2000,Sell,231695611
2024-08-15 09:18:45,39500.0,4900,Sell,231695607
2024-08-15 09:18:45,39500.0,100,Sell,231695609
2024-08-15 09:18:45,39500.0,1000,Sell,231695610
2024-08-15 09:18:45,39900.0,100,Sell,231695605
2024-08-15 09:18:45,39500.0,1000,Sell,231695608
2024-08-15 09:18:45,39550.0,500,Sell,231695606
2024-08-15 09:18:48,40000.0,200,Buy,231695667
2024-08-15 09:18:51,39650.0,200,Sell,231695721
2024-08-15 09:18:51,39500.0,1800,Sell,231695722
2024-08-15 09:18:52,40000.0,500,Buy,231695737
2024-08-15 09:18:52,39400.0,100,Sell,231695763
2024-08-15 09:18:52,39500.0,200,Sell,231695762
2024-08-15 09:18:57,39350.0,200,Sell,231695820
2024-08-15 09:18:57,39350.0,1000,Sell,231695821
2024-08-15 09:18:57,39300.0,300,Sell,231695822
2024-08-15 09:18:57,39300.0,100,Sell,231695823
2024-08-15 09:19:02,39300.0,1000,Buy,231695915
2024-08-15 09:19:03,39300.0,300,Buy,231695938
2024-08-15 09:19:04,39300.0,100,Buy,231695954
2024-08-15 09:19:06,39300.0,100,Buy,231695994
2024-08-15 09:19:07,39300.0,500,Sell,231696007
2024-08-15 09:19:07,39300.0,400,Sell,231696008
2024-08-15 09:19:07,39300.0,100,Sell,231696009
2024-08-15 09:19:07,39300.0,100,Sell,231696006
2024-08-15 09:19:09,39300.0,200,Sell,231696043
2024-08-15 09:19:10,39300.0,200,Buy,231696071
2024-08-15 09:19:10,39250.0,100,Sell,231696070
2024-08-15 09:19:10,39300.0,300,Sell,231696055
2024-08-15 09:19:10,39300.0,500,Sell,231696057
2024-08-15 09:19:10,39300.0,500,Sell,231696056
2024-08-15 09:19:10,39250.0,300,Sell,231696069
2024-08-15 09:19:12,39250.0,1900,Sell,231696105
2024-08-15 09:19:12,39250.0,1000,Sell,231696106
2024-08-15 09:19:12,39250.0,1000,Sell,231696107
2024-08-15 09:19:12,39200.0,3000,Sell,231696108
2024-08-15 09:19:12,39200.0,3100,Sell,231696109
2024-08-15 09:19:12,39300.0,200,Buy,231696113
2024-08-15 09:19:12,39300.0,100,Buy,231696118
2024-08-15 09:19:13,39200.0,400,Sell,231696129
2024-08-15 09:19:13,39200.0,200,Sell,231696128
2024-08-15 09:19:14,39300.0,400,Buy,231696138
2024-08-15 09:19:14,39300.0,5000,Buy,231696139
2024-08-15 09:19:14,39200.0,2000,Sell,231696145
2024-08-15 09:19:23,39200.0,2000,Sell,231696290
2024-08-15 09:19:23,39250.0,200,Buy,231696303
2024-08-15 09:19:24,39250.0,300,Buy,231696311
2024-08-15 09:19:28,39300.0,1000,Buy,231696375
2024-08-15 09:19:30,39300.0,3800,Sell,231696441
2024-08-15 09:19:30,39300.0,200,Buy,231696430
2024-08-15 09:19:30,39250.0,1000,Sell,231696442
2024-08-15 09:19:30,39300.0,15500,Buy,231696428
2024-08-15 09:19:30,39250.0,1600,Sell,231696424
2024-08-15 09:19:30,39250.0,200,Sell,231696423
2024-08-15 09:19:30,39300.0,500,Buy,231696429
2024-08-15 09:19:32,39250.0,800,Sell,231696477
2024-08-15 09:19:33,39250.0,600,Sell,231696493
2024-08-15 09:19:33,39250.0,400,Sell,231696494
2024-08-15 09:19:38,39300.0,500,Sell,231696572
2024-08-15 09:19:39,39300.0,200,Sell,231696596
2024-08-15 09:19:44,39500.0,1000,Buy,231696682
2024-08-15 09:19:48,39500.0,300,Buy,231696731
2024-08-15 09:19:48,39900.0,300,Buy,231696732
2024-08-15 09:19:48,40000.0,3900,Buy,231696733
2024-08-15 09:19:48,40000.0,1700,Buy,231696745
2024-08-15 09:19:51,39650.0,100,Sell,231696770
2024-08-15 09:19:52,40000.0,600,Buy,231696793
2024-08-15 09:19:52,39950.0,200,Buy,231696792
2024-08-15 09:19:57,40000.0,400,Buy,231696972
2024-08-15 09:19:57,40000.0,500,Buy,231696973
2024-08-15 09:19:57,40000.0,100,Buy,231696974
2024-08-15 09:19:59,39650.0,1400,Sell,231696999
2024-08-15 09:19:59,39650.0,1000,Sell,231697000
2024-08-15 09:19:59,39550.0,1400,Sell,231697001
2024-08-15 09:19:59,39550.0,700,Sell,231697002
2024-08-15 09:20:01,39900.0,2100,Buy,231697039
2024-08-15 09:20:01,39900.0,1400,Buy,231697040
2024-08-15 09:20:01,39900.0,200,Buy,231697041
2024-08-15 09:20:02,40000.0,300,Buy,231697077
2024-08-15 09:20:02,40000.0,500,Buy,231697076
2024-08-15 09:20:02,39900.0,1200,Buy,231697075
2024-08-15 09:20:16,39950.0,700,Buy,231697400
2024-08-15 09:20:16,39950.0,300,Buy,231697399
2024-08-15 09:20:20,39950.0,100,Sell,231697497
2024-08-15 09:20:25,39900.0,100,Buy,231697598
2024-08-15 09:20:25,39900.0,100,Buy,231697599
2024-08-15 09:20:39,39950.0,100,Buy,231697872
2024-08-15 09:20:44,39950.0,1300,Buy,231697961
2024-08-15 09:20:44,39950.0,500,Buy,231697962
2024-08-15 09:20:44,39950.0,1600,Buy,231697963
2024-08-15 09:20:44,39950.0,100,Buy,231697964
2024-08-15 09:20:50,39950.0,1400,Sell,231698040
2024-08-15 09:20:51,39950.0,1000,Sell,231698088
2024-08-15 09:20:55,40000.0,200,Buy,231698162
2024-08-15 09:20:55,40000.0,200,Buy,231698161
2024-08-15 09:20:56,39950.0,100,Sell,231698183
2024-08-15 09:20:56,39950.0,1800,Sell,231698184
2024-08-15 09:20:59,39900.0,500,Sell,231698271
2024-08-15 09:20:59,39900.0,200,Sell,231698272
2024-08-15 09:20:59,39900.0,1800,Sell,231698273
2024-08-15 09:21:00,39900.0,100,Sell,231698300
2024-08-15 09:21:01,39950.0,100,Buy,231698302
2024-08-15 09:21:21,39950.0,100,Buy,231698659
2024-08-15 09:21:22,39950.0,600,Buy,231698680
2024-08-15 09:21:23,39950.0,200,Buy,231698683
2024-08-15 09:21:41,39950.0,100,Buy,231699027
2024-08-15 09:21:58,39900.0,4700,Sell,231699337
2024-08-15 09:21:58,39950.0,100,Buy,231699334
2024-08-15 09:21:58,39900.0,200,Sell,231699335
2024-08-15 09:21:58,39900.0,100,Sell,231699336
2024-08-15 09:21:59,39900.0,300,Sell,231699357
2024-08-15 09:22:01,39850.0,800,Sell,231699383
2024-08-15 09:22:08,39900.0,1000,Sell,231699491
2024-08-15 09:22:22,39800.0,100,Sell,231699704
2024-08-15 09:22:22,39800.0,1000,Sell,231699705
2024-08-15 09:22:22,39800.0,100,Sell,231699706
2024-08-15 09:22:29,39750.0,200,Sell,231699839
2024-08-15 09:22:29,39750.0,100,Sell,231699837
2024-08-15 09:22:29,39750.0,900,Sell,231699838
2024-08-15 09:22:30,39700.0,1000,Sell,231699860
2024-08-15 09:22:30,39700.0,1000,Sell,231699861
2024-08-15 09:22:30,39700.0,1000,Sell,231699862
2024-08-15 09:22:30,39650.0,100,Sell,231699863
2024-08-15 09:22:30,39650.0,400,Sell,231699864
2024-08-15 09:22:30,39650.0,300,Sell,231699865
2024-08-15 09:22:30,39650.0,500,Sell,231699866
2024-08-15 09:22:30,39600.0,1000,Sell,231699867
2024-08-15 09:22:30,39600.0,2700,Sell,231699868
2024-08-15 09:22:33,39600.0,400,Sell,231699938
2024-08-15 09:22:38,39600.0,300,Sell,231700018
2024-08-15 09:22:48,39600.0,300,Sell,231700116
2024-08-15 09:22:49,39600.0,300,Sell,231700124
2024-08-15 09:22:55,39600.0,1500,Sell,231700201
2024-08-15 09:22:57,39600.0,500,Sell,231700231
2024-08-15 09:22:58,39600.0,500,Sell,231700239
2024-08-15 09:23:02,39600.0,300,Buy,231700293
2024-08-15 09:23:06,39600.0,500,Sell,231700356
2024-08-15 09:23:10,39700.0,1000,Buy,231700421
2024-08-15 09:23:22,39800.0,1000,Buy,231700652
2024-08-15 09:23:24,39800.0,100,Sell,231700686
2024-08-15 09:23:26,39800.0,1000,Sell,231700710
2024-08-15 09:23:26,39800.0,1800,Sell,231700709
2024-08-15 09:23:28,39800.0,500,Buy,231700749
2024-08-15 09:23:28,39850.0,300,Buy,231700750
2024-08-15 09:23:28,39800.0,2200,Buy,231700748
2024-08-15 09:23:33,39850.0,2700,Buy,231700806
2024-08-15 09:23:33,39850.0,300,Buy,231700807
2024-08-15 09:23:41,39850.0,200,Buy,231700958
2024-08-15 09:23:43,39850.0,500,Buy,231700970
2024-08-15 09:23:43,39850.0,100,Buy,231700971
2024-08-15 09:23:49,39900.0,1000,Buy,231701072
2024-08-15 09:23:49,39900.0,500,Buy,231701073
2024-08-15 09:23:49,39900.0,100,Buy,231701074
2024-08-15 09:23:57,39900.0,100,Sell,231701202
2024-08-15 09:24:38,39900.0,3000,Sell,231701958
2024-08-15 09:24:40,39900.0,100,Sell,231701992
2024-08-15 09:24:40,39900.0,100,Sell,231701995
2024-08-15 09:24:45,39900.0,100,Sell,231702084
2024-08-15 09:24:45,39900.0,1000,Sell,231702085
2024-08-15 09:24:45,39900.0,100,Sell,231702086
2024-08-15 09:24:55,39850.0,100,Sell,231702322
2024-08-15 09:25:05,39850.0,100,Sell,231702482
2024-08-15 09:25:08,39900.0,2000,Buy,231702521
2024-08-15 09:25:09,39850.0,400,Sell,231702524
2024-08-15 09:25:13,39900.0,500,Sell,231702584
2024-08-15 09:25:13,39900.0,1600,Sell,231702574
2024-08-15 09:25:13,39900.0,1500,Buy,231702572
2024-08-15 09:25:13,39900.0,100,Buy,231702573
2024-08-15 09:25:19,39950.0,200,Buy,231702675
2024-08-15 09:25:19,39950.0,100,Buy,231702676
2024-08-15 09:25:19,39950.0,500,Buy,231702677
2024-08-15 09:25:19,39950.0,700,Buy,231702678
2024-08-15 09:25:19,39950.0,100,Buy,231702679
2024-08-15 09:25:19,39950.0,500,Buy,231702680
2024-08-15 09:25:19,39950.0,1200,Buy,231702681
2024-08-15 09:25:20,39900.0,500,Sell,231702710
2024-08-15 09:25:25,40000.0,200,Buy,231702772
2024-08-15 09:25:25,40000.0,400,Buy,231702774
2024-08-15 09:25:25,40000.0,2500,Buy,231702770
2024-08-15 09:25:25,40000.0,500,Buy,231702773
2024-08-15 09:25:25,40000.0,2000,Buy,231702769
2024-08-15 09:25:25,40000.0,100,Buy,231702771
2024-08-15 09:25:25,40000.0,1000,Buy,231702767
2024-08-15 09:25:25,39950.0,1000,Buy,231702763
2024-08-15 09:25:25,39950.0,3000,Buy,231702764
2024-08-15 09:25:25,40000.0,500,Buy,231702768
2024-08-15 09:25:25,39950.0,4600,Buy,231702762
2024-08-15 09:25:25,40000.0,1400,Buy,231702766
2024-08-15 09:25:25,40000.0,2800,Buy,231702765
2024-08-15 09:25:26,40000.0,100,Buy,231702784
2024-08-15 09:25:26,40000.0,300,Buy,231702785
2024-08-15 09:25:42,40000.0,500,Sell,231703039
2024-08-15 09:25:46,40100.0,100,Buy,231703087
2024-08-15 09:25:46,40100.0,400,Buy,231703088
2024-08-15 09:25:47,40100.0,800,Buy,231703104
2024-08-15 09:25:47,40100.0,1000,Buy,231703103
2024-08-15 09:25:47,40100.0,600,Buy,231703102
2024-08-15 09:25:48,40000.0,300,Sell,231703115
2024-08-15 09:25:57,40100.0,800,Sell,231703293
2024-08-15 09:26:06,40200.0,100,Buy,231703428
2024-08-15 09:26:09,40200.0,1900,Buy,231703477
2024-08-15 09:26:15,40250.0,100,Buy,231703563
2024-08-15 09:26:15,40250.0,300,Buy,231703564
2024-08-15 09:26:17,40250.0,200,Buy,231703586
2024-08-15 09:26:22,40300.0,200,Buy,231703669
2024-08-15 09:26:22,40300.0,300,Buy,231703670
2024-08-15 09:26:23,40300.0,700,Buy,231703678
2024-08-15 09:26:27,40350.0,100,Buy,231703739
2024-08-15 09:26:32,40500.0,100,Buy,231703804
2024-08-15 09:26:32,40450.0,100,Buy,231703802
2024-08-15 09:26:32,40500.0,100,Buy,231703803
2024-08-15 09:26:36,40500.0,100,Buy,231703876
2024-08-15 09:26:38,40500.0,300,Buy,231703899
2024-08-15 09:26:38,40500.0,8900,Buy,231703900
2024-08-15 09:26:46,40400.0,700,Sell,231704024
2024-08-15 09:26:49,40500.0,300,Buy,231704064
2024-08-15 09:27:06,40400.0,500,Sell,231704355
2024-08-15 09:27:12,40350.0,1000,Sell,231704455
2024-08-15 09:27:12,40350.0,2000,Sell,231704456
2024-08-15 09:27:19,40300.0,500,Sell,231704570
2024-08-15 09:27:19,40300.0,1000,Sell,231704571
2024-08-15 09:27:28,40200.0,300,Sell,231704696
2024-08-15 09:27:31,40250.0,400,Sell,231704733
2024-08-15 09:27:31,40200.0,2600,Sell,231704734
2024-08-15 09:27:41,40200.0,200,Sell,231704843
2024-08-15 09:27:43,40200.0,100,Buy,231704883
2024-08-15 09:27:43,40200.0,100,Buy,231704884
2024-08-15 09:27:43,40200.0,700,Buy,231704885
2024-08-15 09:27:43,40200.0,200,Buy,231704882
2024-08-15 09:27:56,40200.0,200,Buy,231705042
2024-08-15 09:27:58,40100.0,100,Sell,231705069
2024-08-15 09:28:01,40200.0,500,Buy,231705102
2024-08-15 09:28:05,40200.0,300,Buy,231705166
2024-08-15 09:28:11,40200.0,200,Buy,231705251
2024-08-15 09:28:16,40100.0,100,Sell,231705299
2024-08-15 09:28:23,40000.0,700,Sell,231705418
2024-08-15 09:28:23,40000.0,200,Sell,231705417
2024-08-15 09:28:23,40000.0,100,Sell,231705416
2024-08-15 09:28:23,40000.0,500,Sell,231705414
2024-08-15 09:28:23,40000.0,500,Sell,231705413
2024-08-15 09:28:23,40000.0,100,Sell,231705415
2024-08-15 09:28:23,40000.0,200,Sell,231705412
2024-08-15 09:28:31,40000.0,100,Buy,231705532
2024-08-15 09:28:34,40000.0,100,Buy,231705581
2024-08-15 09:28:34,40000.0,1500,Buy,231705583
2024-08-15 09:28:35,40000.0,100,Sell,231705598
2024-08-15 09:28:43,40000.0,500,Buy,231705740
2024-08-15 09:28:46,40000.0,100,Buy,231705779
2024-08-15 09:28:54,40000.0,100,Buy,231705927
2024-08-15 09:28:54,40000.0,200,Buy,231705928
2024-08-15 09:29:08,40000.0,100,Buy,231706098
2024-08-15 09:29:21,40000.0,1000,Buy,231706300
2024-08-15 09:29:21,40000.0,4500,Buy,231706299
2024-08-15 09:29:21,40000.0,1000,Buy,231706298
2024-08-15 09:29:21,40000.0,300,Buy,231706295
2024-08-15 09:29:21,40000.0,1000,Buy,231706296
2024-08-15 09:29:21,40000.0,500,Buy,231706293
2024-08-15 09:29:21,40000.0,300,Buy,231706297
2024-08-15 09:29:21,40000.0,500,Buy,231706294
2024-08-15 09:29:26,39950.0,500,Sell,231706375
2024-08-15 09:29:26,39950.0,100,Sell,231706376
2024-08-15 09:29:26,39950.0,1000,Sell,231706377
2024-08-15 09:29:26,39950.0,900,Sell,231706378
2024-08-15 09:29:34,40150.0,200,Buy,231706501
2024-08-15 09:29:38,39900.0,4000,Sell,231706536
2024-08-15 09:29:38,40000.0,200,Sell,231706535
2024-08-15 09:30:08,40150.0,1000,Buy,231707070
2024-08-15 09:30:38,40000.0,1000,Sell,231707606
2024-08-15 09:30:59,40000.0,1000,Sell,231707926
2024-08-15 09:31:03,39950.0,100,Sell,231707969
2024-08-15 09:31:03,39950.0,1000,Sell,231707970
2024-08-15 09:31:37,40000.0,300,Buy,231708367
2024-08-15 09:31:39,40000.0,700,Buy,231708382
2024-08-15 09:31:39,40000.0,300,Buy,231708383
2024-08-15 09:31:50,39950.0,2400,Sell,231708530
2024-08-15 09:31:50,39950.0,300,Sell,231708531
2024-08-15 09:31:50,39950.0,100,Sell,231708532
2024-08-15 09:31:50,39950.0,200,Sell,231708533
2024-08-15 09:32:05,39950.0,500,Sell,231708773
2024-08-15 09:32:06,39950.0,100,Sell,231708782
2024-08-15 09:32:06,39950.0,300,Sell,231708781
2024-08-15 09:32:20,40000.0,100,Buy,231709064
2024-08-15 09:32:20,40000.0,900,Buy,231709065
2024-08-15 09:32:20,40000.0,2000,Buy,231709066
2024-08-15 09:32:20,40000.0,200,Buy,231709067
2024-08-15 09:32:20,40000.0,300,Buy,231709068
2024-08-15 09:32:33,40000.0,200,Buy,231709224
2024-08-15 09:32:33,40000.0,100,Buy,231709225
2024-08-15 09:32:36,39950.0,2000,Sell,231709256
2024-08-15 09:32:37,39900.0,200,Sell,231709284
2024-08-15 09:32:37,39900.0,200,Sell,231709285
2024-08-15 09:32:37,39900.0,100,Sell,231709281
2024-08-15 09:32:37,39900.0,1000,Sell,231709287
2024-08-15 09:32:37,39900.0,1000,Sell,231709288
2024-08-15 09:32:37,39900.0,100,Sell,231709286
2024-08-15 09:32:37,39900.0,100,Sell,231709280
2024-08-15 09:32:37,39900.0,500,Sell,231709283
2024-08-15 09:32:37,39900.0,100,Sell,231709278
2024-08-15 09:32:37,39900.0,2000,Sell,231709279
2024-08-15 09:32:37,39900.0,2800,Sell,231709272
2024-08-15 09:32:37,39900.0,300,Sell,231709273
2024-08-15 09:32:37,39900.0,300,Sell,231709274
2024-08-15 09:32:37,39900.0,500,Sell,231709282
2024-08-15 09:32:37,39900.0,100,Sell,231709276
2024-08-15 09:32:37,39900.0,1000,Sell,231709275
2024-08-15 09:32:37,39900.0,1000,Sell,231709277
2024-08-15 09:32:55,39900.0,100,Buy,231709523
2024-08-15 09:33:17,39950.0,2000,Buy,231709751
2024-08-15 09:33:17,39950.0,8000,Buy,231709750
2024-08-15 09:33:25,39900.0,200,Sell,231709836
2024-08-15 09:33:26,39900.0,100,Sell,231709846
2024-08-15 09:33:40,39900.0,500,Sell,231710025
2024-08-15 09:34:27,40000.0,100,Buy,231710876
2024-08-15 09:34:27,40000.0,3000,Buy,231710877
2024-08-15 09:34:27,40000.0,200,Buy,231710878
2024-08-15 09:34:27,40000.0,1700,Buy,231710879
2024-08-15 09:34:34,39950.0,400,Sell,231710948
2024-08-15 09:34:45,40000.0,200,Buy,231711140
2024-08-15 09:34:45,40000.0,300,Buy,231711138
2024-08-15 09:34:45,40000.0,500,Buy,231711139
2024-08-15 09:34:50,39950.0,600,Sell,231711226
2024-08-15 09:34:50,39950.0,200,Sell,231711227
2024-08-15 09:34:50,39950.0,100,Sell,231711228
2024-08-15 09:34:51,39900.0,200,Sell,231711253
2024-08-15 09:34:51,39900.0,500,Sell,231711256
2024-08-15 09:34:51,39900.0,200,Sell,231711255
2024-08-15 09:34:51,39900.0,100,Sell,231711252
2024-08-15 09:34:51,39900.0,100,Sell,231711254
2024-08-15 09:34:51,39900.0,100,Sell,231711250
2024-08-15 09:34:51,39900.0,500,Sell,231711249
2024-08-15 09:34:51,39900.0,200,Sell,231711246
2024-08-15 09:34:51,39900.0,100,Sell,231711248
2024-08-15 09:34:51,39900.0,1000,Sell,231711247
2024-08-15 09:34:51,39900.0,100,Sell,231711251
2024-08-15 09:35:01,39900.0,500,Buy,231711473
2024-08-15 09:35:16,39900.0,200,Buy,231711718
2024-08-15 09:35:29,39900.0,300,Buy,231711917
2024-08-15 09:35:29,39900.0,700,Buy,231711918
2024-08-15 09:35:32,39900.0,300,Buy,231711958
2024-08-15 09:35:32,39900.0,500,Buy,231711959
2024-08-15 09:35:32,39900.0,700,Buy,231711960
2024-08-15 09:35:37,39900.0,300,Buy,231712043
2024-08-15 09:35:40,39900.0,1000,Buy,231712098
2024-08-15 09:35:42,39850.0,800,Sell,231712109
2024-08-15 09:35:49,39850.0,1200,Sell,231712272
2024-08-15 09:35:54,39850.0,100,Sell,231712437
2024-08-15 09:35:59,39850.0,1700,Sell,231712546
2024-08-15 09:35:59,39850.0,100,Sell,231712547
2024-08-15 09:35:59,39850.0,100,Sell,231712548
2024-08-15 09:35:59,39850.0,100,Sell,231712549
2024-08-15 09:35:59,39850.0,100,Sell,231712550
2024-08-15 09:35:59,39850.0,5000,Sell,231712551
2024-08-15 09:36:02,39800.0,100,Sell,231712648
2024-08-15 09:36:02,39800.0,100,Sell,231712647
2024-08-15 09:36:02,39800.0,3000,Sell,231712650
2024-08-15 09:36:02,39800.0,1000,Sell,231712645
2024-08-15 09:36:02,39800.0,500,Sell,231712646
2024-08-15 09:36:02,39800.0,500,Sell,231712643
2024-08-15 09:36:02,39800.0,100,Sell,231712649
2024-08-15 09:36:02,39800.0,1000,Sell,231712644
2024-08-15 09:36:03,39850.0,300,Buy,231712658
2024-08-15 09:36:12,39800.0,100,Buy,231712806
2024-08-15 09:36:28,39800.0,600,Buy,231713116
2024-08-15 09:36:28,39800.0,300,Buy,231713117
2024-08-15 09:36:28,39800.0,100,Buy,231713118
2024-08-15 09:36:55,39800.0,1900,Buy,231713647
2024-08-15 09:36:55,39800.0,100,Buy,231713648
2024-08-15 09:37:02,39800.0,400,Buy,231713786
2024-08-15 09:37:02,39800.0,100,Buy,231713787
2024-08-15 09:37:06,39800.0,700,Buy,231713859
2024-08-15 09:37:12,39800.0,100,Buy,231713933
2024-08-15 09:37:26,39750.0,100,Sell,231714159
2024-08-15 09:37:26,39750.0,100,Sell,231714163
2024-08-15 09:37:39,39700.0,1800,Sell,231714374
2024-08-15 09:37:39,39700.0,1000,Sell,231714372
2024-08-15 09:37:39,39700.0,200,Sell,231714369
2024-08-15 09:37:39,39700.0,100,Sell,231714370
2024-08-15 09:37:39,39700.0,500,Sell,231714368
2024-08-15 09:37:39,39700.0,100,Sell,231714373
2024-08-15 09:37:39,39700.0,500,Sell,231714366
2024-08-15 09:37:39,39700.0,1200,Sell,231714367
2024-08-15 09:37:39,39750.0,100,Sell,231714361
2024-08-15 09:37:39,39750.0,400,Sell,231714362
2024-08-15 09:37:39,39700.0,400,Sell,231714371
2024-08-15 09:37:39,39700.0,100,Sell,231714364
2024-08-15 09:37:39,39700.0,1000,Sell,231714365
2024-08-15 09:37:39,39750.0,2600,Sell,231714363
2024-08-15 09:37:54,39750.0,100,Sell,231714666
2024-08-15 09:37:54,39750.0,100,Sell,231714667
2024-08-15 09:37:54,39750.0,1800,Sell,231714668
2024-08-15 09:37:55,39750.0,200,Sell,231714671
2024-08-15 09:37:55,39700.0,200,Sell,231714683
2024-08-15 09:37:55,39700.0,100,Sell,231714684
2024-08-15 09:37:55,39700.0,100,Sell,231714685
2024-08-15 09:37:55,39700.0,100,Sell,231714686
2024-08-15 09:38:02,39750.0,100,Buy,231714785
2024-08-15 09:38:02,39800.0,2700,Buy,231714787
2024-08-15 09:38:02,39700.0,1500,Buy,231714783
2024-08-15 09:38:02,39750.0,100,Buy,231714784
2024-08-15 09:38:02,39800.0,100,Buy,231714786
2024-08-15 09:38:14,39800.0,800,Buy,231714946
2024-08-15 09:38:42,39850.0,300,Buy,231715477
2024-08-15 09:38:43,39850.0,2300,Buy,231715535
2024-08-15 09:38:43,39850.0,4500,Buy,231715536
2024-08-15 09:38:44,39850.0,500,Buy,231715543
2024-08-15 09:38:50,39850.0,200,Buy,231715736
2024-08-15 09:38:51,39950.0,3300,Buy,231715765
2024-08-15 09:38:59,39950.0,800,Buy,231715870
2024-08-15 09:38:59,39950.0,5000,Buy,231715881
2024-08-15 09:38:59,39950.0,100,Buy,231715882
2024-08-15 09:39:07,40000.0,3000,Buy,231715964
2024-08-15 09:39:07,40000.0,300,Buy,231715963
2024-08-15 09:39:09,40000.0,100,Buy,231715993
2024-08-15 09:39:09,40000.0,1900,Buy,231715992
2024-08-15 09:39:09,40000.0,6600,Buy,231715988
2024-08-15 09:39:09,40000.0,500,Buy,231715990
2024-08-15 09:39:09,40000.0,400,Buy,231715991
2024-08-15 09:39:09,40000.0,1000,Buy,231715989
2024-08-15 09:39:22,40000.0,1600,Sell,231716359
2024-08-15 09:39:50,40000.0,100,Buy,231716866
2024-08-15 09:39:58,40000.0,200,Buy,231717014
2024-08-15 09:40:00,40000.0,2500,Buy,231717033
2024-08-15 09:40:01,40000.0,500,Buy,231717035
2024-08-15 09:40:04,40000.0,100,Buy,231717113
2024-08-15 09:40:04,40000.0,1400,Buy,231717114
2024-08-15 09:40:04,40000.0,100,Buy,231717115
2024-08-15 09:40:04,40000.0,800,Buy,231717116
2024-08-15 09:40:07,40000.0,100,Buy,231717204
2024-08-15 09:40:09,40000.0,100,Buy,231717243
2024-08-15 09:40:16,40000.0,600,Sell,231717400
2024-08-15 09:40:16,40000.0,100,Buy,231717388
2024-08-15 09:40:16,40000.0,800,Buy,231717387
2024-08-15 09:40:28,40000.0,2500,Buy,231717600
2024-08-15 09:40:52,40000.0,300,Buy,231718008
2024-08-15 09:40:57,40000.0,900,Buy,231718084
2024-08-15 09:40:57,40000.0,5000,Buy,231718085
2024-08-15 09:40:57,40000.0,2800,Buy,231718086
2024-08-15 09:41:01,40000.0,200,Buy,231718136
2024-08-15 09:41:01,40000.0,1800,Buy,231718137
2024-08-15 09:41:22,39950.0,500,Sell,231718620
2024-08-15 09:41:22,39950.0,100,Sell,231718619
2024-08-15 09:41:22,39950.0,2000,Sell,231718617
2024-08-15 09:41:22,39950.0,400,Sell,231718618
2024-08-15 09:41:34,40000.0,100,Buy,231718833
2024-08-15 09:41:34,40000.0,800,Buy,231718832
2024-08-15 09:41:36,40000.0,300,Buy,231718894
2024-08-15 09:41:39,39950.0,500,Sell,231718959
2024-08-15 09:41:40,39950.0,500,Buy,231718989
2024-08-15 09:41:52,39950.0,100,Buy,231719254
2024-08-15 09:42:05,39950.0,4100,Buy,231719485
2024-08-15 09:42:14,39950.0,700,Sell,231719627
2024-08-15 09:42:15,39950.0,2500,Sell,231719640
2024-08-15 09:42:23,39950.0,2100,Sell,231719764
2024-08-15 09:42:34,39900.0,1000,Sell,231719966
2024-08-15 09:42:34,39900.0,6000,Sell,231719965
2024-08-15 09:42:46,39900.0,200,Sell,231720189
2024-08-15 09:42:57,39950.0,200,Buy,231720392
2024-08-15 09:43:00,39950.0,700,Buy,231720428
2024-08-15 09:43:26,40000.0,100,Buy,231720902
2024-08-15 09:43:54,40000.0,500,Buy,231721236
2024-08-15 09:43:57,39950.0,100,Sell,231721282
2024-08-15 09:43:57,39950.0,400,Sell,231721283
2024-08-15 09:44:01,40000.0,100,Buy,231721336
2024-08-15 09:44:04,39950.0,100,Sell,231721371
2024-08-15 09:44:26,39950.0,200,Sell,231721688
2024-08-15 09:44:37,39950.0,100,Sell,231721846
2024-08-15 09:44:37,39950.0,100,Buy,231721855
2024-08-15 09:44:37,39950.0,300,Sell,231721845
2024-08-15 09:44:37,39950.0,500,Sell,231721847
2024-08-15 09:44:37,39950.0,300,Sell,231721848
2024-08-15 09:45:01,39900.0,1500,Sell,231722293
2024-08-15 09:45:01,39900.0,200,Sell,231722294
2024-08-15 09:45:03,39950.0,200,Buy,231722333
2024-08-15 09:45:03,39950.0,1000,Buy,231722334
2024-08-15 09:45:03,39950.0,500,Buy,231722335
2024-08-15 09:45:22,39950.0,100,Buy,231722558
2024-08-15 09:45:23,39950.0,100,Buy,231722575
2024-08-15 09:45:37,39950.0,4200,Buy,231722737
2024-08-15 09:45:37,39950.0,800,Buy,231722736
2024-08-15 09:46:06,39950.0,100,Sell,231723200
2024-08-15 09:46:06,39950.0,300,Sell,231723201
2024-08-15 09:46:39,39950.0,500,Buy,231723749
2024-08-15 09:46:44,39950.0,600,Buy,231723804
2024-08-15 09:46:52,39950.0,100,Sell,231723949
2024-08-15 09:46:56,39950.0,300,Sell,231723997
2024-08-15 09:46:56,39950.0,200,Sell,231723998
2024-08-15 09:46:58,39950.0,100,Buy,231724034
2024-08-15 09:47:13,39950.0,100,Buy,231724248
2024-08-15 09:47:24,39950.0,100,Buy,231724401
2024-08-15 09:47:27,39950.0,200,Buy,231724429
2024-08-15 09:47:27,39950.0,300,Buy,231724430
2024-08-15 09:47:55,39950.0,500,Buy,231724848
2024-08-15 09:47:55,39950.0,500,Buy,231724849
2024-08-15 09:47:59,39950.0,300,Buy,231724900
2024-08-15 09:48:06,39950.0,4700,Buy,231725018
2024-08-15 09:48:06,39950.0,2300,Buy,231725019
2024-08-15 09:48:09,39950.0,700,Buy,231725055
2024-08-15 09:48:34,39950.0,300,Sell,231725512
2024-08-15 09:48:34,39950.0,100,Sell,231725513
2024-08-15 09:48:34,39950.0,1000,Buy,231725514
2024-08-15 09:48:36,39950.0,100,Buy,231725542
2024-08-15 09:48:37,39950.0,200,Buy,231725591
2024-08-15 09:48:43,40000.0,9000,Buy,231725666
2024-08-15 09:48:43,40000.0,1000,Buy,231725665
2024-08-15 09:48:43,40000.0,3000,Buy,231725664
2024-08-15 09:48:43,40000.0,1900,Buy,231725662
2024-08-15 09:48:43,40000.0,100,Buy,231725663
2024-08-15 09:49:03,40000.0,100,Buy,231726086
2024-08-15 09:49:08,40000.0,900,Buy,231726172
2024-08-15 09:49:08,40000.0,100,Buy,231726173
2024-08-15 09:49:13,40000.0,100,Buy,231726279
2024-08-15 09:49:20,40000.0,500,Buy,231726394
2024-08-15 09:49:20,40000.0,200,Buy,231726395
2024-08-15 09:49:20,40000.0,300,Buy,231726396
2024-08-15 09:49:22,40000.0,1700,Buy,231726423
2024-08-15 09:49:22,40000.0,8300,Buy,231726424
2024-08-15 09:49:37,40000.0,1000,Buy,231726749
2024-08-15 09:49:37,40000.0,100,Buy,231726758
2024-08-15 09:49:43,40000.0,600,Buy,231726914
2024-08-15 09:49:56,40000.0,400,Sell,231727132
2024-08-15 09:49:56,40000.0,200,Sell,231727133
2024-08-15 09:50:28,40000.0,2800,Sell,231727670
2024-08-15 09:50:38,40000.0,1000,Buy,231727805
2024-08-15 09:50:42,40000.0,1000,Buy,231727870
2024-08-15 09:51:19,40000.0,500,Buy,231728616
2024-08-15 09:51:21,40000.0,100,Buy,231728721
2024-08-15 09:51:22,40000.0,400,Buy,231728732
2024-08-15 09:51:22,40000.0,100,Buy,231728733
2024-08-15 09:51:27,40000.0,100,Buy,231728822
2024-08-15 09:51:34,40000.0,100,Buy,231728977
2024-08-15 09:51:35,40000.0,800,Buy,231728998
2024-08-15 09:51:38,40000.0,200,Sell,231729112
2024-08-15 09:51:38,40000.0,200,Sell,231729113
2024-08-15 09:51:40,40000.0,100,Buy,231729172
2024-08-15 09:51:41,40000.0,300,Buy,231729200
2024-08-15 09:51:42,40000.0,100,Buy,231729223
2024-08-15 09:51:42,39950.0,500,Sell,231729219
2024-08-15 09:51:42,39950.0,2000,Sell,231729218
2024-08-15 09:51:42,39950.0,500,Sell,231729215
2024-08-15 09:51:42,39950.0,1000,Sell,231729216
2024-08-15 09:51:42,39950.0,4800,Sell,231729214
2024-08-15 09:51:42,39950.0,600,Sell,231729217
2024-08-15 09:51:43,40000.0,300,Buy,231729229
2024-08-15 09:52:04,40000.0,500,Buy,231729573
2024-08-15 09:52:29,39950.0,1200,Buy,231729969
2024-08-15 09:53:05,39900.0,1000,Sell,231730593
2024-08-15 09:53:05,39900.0,100,Sell,231730595
2024-08-15 09:53:05,39900.0,1000,Sell,231730594
2024-08-15 09:53:05,39900.0,100,Sell,231730592
2024-08-15 09:53:05,39900.0,1000,Sell,231730591
2024-08-15 09:53:05,39900.0,2000,Sell,231730590
2024-08-15 09:53:05,39900.0,300,Sell,231730589
2024-08-15 09:53:05,39900.0,100,Sell,231730588
2024-08-15 09:53:05,39900.0,1000,Sell,231730587
2024-08-15 09:53:06,39900.0,1000,Buy,231730603
2024-08-15 09:53:20,39900.0,100,Buy,231730820
2024-08-15 09:53:21,39850.0,100,Sell,231730849
2024-08-15 09:53:21,39850.0,1000,Sell,231730850
2024-08-15 09:53:21,39850.0,1000,Sell,231730851
2024-08-15 09:53:21,39850.0,200,Sell,231730852
2024-08-15 09:53:21,39850.0,100,Sell,231730853
2024-08-15 09:53:21,39850.0,1600,Sell,231730854
2024-08-15 09:53:22,39850.0,2000,Sell,231730869
2024-08-15 09:53:22,39850.0,500,Sell,231730867
2024-08-15 09:53:22,39850.0,1400,Sell,231730866
2024-08-15 09:53:22,39850.0,2000,Sell,231730868
2024-08-15 09:53:28,39800.0,2000,Sell,231730941
2024-08-15 09:53:28,39800.0,200,Sell,231730942
2024-08-15 09:53:28,39800.0,500,Sell,231730943
2024-08-15 09:53:30,39850.0,4000,Buy,231730970
2024-08-15 09:53:32,39800.0,1300,Sell,231731000
2024-08-15 09:53:32,39800.0,800,Sell,231731003
2024-08-15 09:53:32,39800.0,1000,Sell,231731002
2024-08-15 09:53:32,39800.0,400,Sell,231731001
2024-08-15 09:53:32,39800.0,2000,Sell,231730999
2024-08-15 09:53:32,39800.0,100,Sell,231730995
2024-08-15 09:53:32,39800.0,500,Sell,231730997
2024-08-15 09:53:32,39800.0,300,Sell,231730998
2024-08-15 09:53:32,39800.0,5000,Sell,231730992
2024-08-15 09:53:32,39800.0,100,Sell,231730994
2024-08-15 09:53:32,39800.0,500,Sell,231730993
2024-08-15 09:53:32,39800.0,2000,Sell,231730996
2024-08-15 09:53:34,39800.0,1200,Sell,231731025
2024-08-15 09:53:34,39800.0,1800,Sell,231731026
2024-08-15 09:53:35,39800.0,1200,Sell,231731043
2024-08-15 09:53:45,39800.0,200,Buy,231731153
2024-08-15 09:53:47,39750.0,500,Sell,231731194
2024-08-15 09:53:47,39750.0,500,Sell,231731195
2024-08-15 09:53:48,39750.0,800,Sell,231731203
2024-08-15 09:53:50,39750.0,600,Sell,231731230
2024-08-15 09:53:53,39700.0,7600,Sell,231731273
2024-08-15 09:53:57,39700.0,500,Sell,231731316
2024-08-15 09:53:58,39700.0,100,Sell,231731326
2024-08-15 09:53:58,39700.0,200,Sell,231731327
2024-08-15 09:53:58,39700.0,100,Sell,231731328
2024-08-15 09:53:58,39700.0,100,Sell,231731329
2024-08-15 09:53:58,39700.0,200,Sell,231731330
2024-08-15 09:53:58,39700.0,400,Sell,231731325
2024-08-15 09:54:26,39650.0,100,Sell,231731710
2024-08-15 09:54:26,39650.0,300,Sell,231731711
2024-08-15 09:54:33,39650.0,500,Buy,231731791
2024-08-15 09:54:37,39600.0,1300,Sell,231731851
2024-08-15 09:54:37,39600.0,600,Sell,231731850
2024-08-15 09:54:37,39600.0,100,Sell,231731849
2024-08-15 09:54:38,39600.0,700,Sell,231731880
2024-08-15 09:54:38,39600.0,100,Sell,231731881
2024-08-15 09:54:38,39600.0,1000,Sell,231731882
2024-08-15 09:54:38,39600.0,700,Sell,231731883
2024-08-15 09:54:38,39600.0,100,Sell,231731884
2024-08-15 09:54:38,39600.0,500,Sell,231731885
2024-08-15 09:54:38,39600.0,1800,Sell,231731886
2024-08-15 09:54:40,39650.0,100,Buy,231731906
2024-08-15 09:54:40,39650.0,200,Buy,231731907
2024-08-15 09:54:44,39650.0,100,Buy,231731983
2024-08-15 09:54:49,39650.0,1000,Buy,231732048
2024-08-15 09:54:49,39650.0,200,Buy,231732046
2024-08-15 09:54:49,39650.0,500,Buy,231732047
2024-08-15 09:54:52,39650.0,1000,Sell,231732068
2024-08-15 09:54:53,39650.0,300,Sell,231732103
2024-08-15 09:54:53,39650.0,100,Sell,231732104
2024-08-15 09:54:54,39650.0,400,Buy,231732120
2024-08-15 09:55:02,39650.0,500,Buy,231732248
2024-08-15 09:55:02,39700.0,500,Buy,231732249
2024-08-15 09:55:02,39750.0,1400,Buy,231732250
2024-08-15 09:55:40,39750.0,900,Sell,231732836
2024-08-15 09:55:40,39750.0,500,Sell,231732835
2024-08-15 09:55:40,39750.0,600,Sell,231732834
2024-08-15 09:55:56,39800.0,500,Buy,231733074
2024-08-15 09:56:06,39800.0,100,Buy,231733205
2024-08-15 09:56:12,39800.0,900,Buy,231733266
2024-08-15 09:56:16,39800.0,500,Sell,231733321
2024-08-15 09:56:38,39900.0,500,Buy,231733613
2024-08-15 09:56:49,39800.0,600,Sell,231733797
2024-08-15 09:56:49,39800.0,300,Sell,231733798
2024-08-15 09:56:49,39800.0,1200,Sell,231733799
2024-08-15 09:56:49,39800.0,100,Sell,231733800
2024-08-15 09:56:49,39800.0,1000,Sell,231733801
2024-08-15 09:56:58,39800.0,100,Buy,231733898
2024-08-15 09:57:08,39800.0,2200,Buy,231734065
2024-08-15 09:57:36,39800.0,200,Sell,231734658
2024-08-15 09:57:43,39800.0,600,Sell,231734743
2024-08-15 09:58:24,39800.0,100,Buy,231735394
2024-08-15 09:58:44,39800.0,1500,Buy,231735719
2024-08-15 09:58:50,39750.0,100,Sell,231735780
2024-08-15 09:58:50,39750.0,200,Sell,231735781
2024-08-15 09:58:50,39750.0,200,Sell,231735782
2024-08-15 09:59:04,39750.0,200,Buy,231735989
2024-08-15 09:59:08,39750.0,800,Buy,231736033
2024-08-15 09:59:08,39750.0,500,Buy,231736034
2024-08-15 09:59:57,39750.0,100,Sell,231736737
2024-08-15 10:00:10,39800.0,5000,Buy,231736890
2024-08-15 10:00:16,39800.0,300,Buy,231736976
2024-08-15 10:00:20,39800.0,500,Sell,231737039
2024-08-15 10:00:51,39850.0,900,Sell,231737402
2024-08-15 10:00:58,39850.0,100,Sell,231737478
2024-08-15 10:01:16,39850.0,200,Sell,231737731
2024-08-15 10:02:06,39850.0,4000,Buy,231738367
2024-08-15 10:02:06,39850.0,600,Buy,231738368
2024-08-15 10:02:19,39800.0,200,Sell,231738506
2024-08-15 10:02:19,39800.0,500,Sell,231738507
2024-08-15 10:02:19,39800.0,1000,Sell,231738508
2024-08-15 10:02:19,39800.0,200,Sell,231738509
2024-08-15 10:02:19,39800.0,500,Sell,231738510
2024-08-15 10:02:32,39750.0,1000,Sell,231738807
2024-08-15 10:02:43,39800.0,600,Buy,231738926
2024-08-15 10:03:12,39750.0,200,Sell,231739525
2024-08-15 10:03:13,39750.0,900,Sell,231739555
2024-08-15 10:03:13,39750.0,1000,Sell,231739556
2024-08-15 10:03:13,39750.0,2300,Sell,231739557
2024-08-15 10:03:13,39750.0,100,Sell,231739558
2024-08-15 10:03:13,39750.0,200,Sell,231739554
2024-08-15 10:03:28,39750.0,800,Buy,231739878
2024-08-15 10:03:28,39750.0,1100,Buy,231739879
2024-08-15 10:03:30,39750.0,100,Sell,231739891
2024-08-15 10:03:44,39700.0,3000,Sell,231740139
2024-08-15 10:03:44,39700.0,100,Sell,231740138
2024-08-15 10:03:44,39700.0,100,Sell,231740136
2024-08-15 10:03:44,39700.0,200,Sell,231740137
2024-08-15 10:03:44,39700.0,300,Sell,231740134
2024-08-15 10:03:44,39700.0,1800,Sell,231740133
2024-08-15 10:03:44,39700.0,200,Sell,231740132
2024-08-15 10:03:44,39700.0,200,Sell,231740131
2024-08-15 10:03:44,39700.0,100,Sell,231740135
2024-08-15 10:03:45,39700.0,2000,Sell,231740174
2024-08-15 10:03:54,39700.0,200,Sell,231740323
2024-08-15 10:03:54,39700.0,200,Sell,231740324
2024-08-15 10:04:08,39650.0,100,Sell,231740587
2024-08-15 10:04:08,39650.0,500,Sell,231740588
2024-08-15 10:04:08,39650.0,100,Sell,231740589
2024-08-15 10:04:08,39650.0,200,Sell,231740590
2024-08-15 10:04:08,39650.0,100,Sell,231740591
2024-08-15 10:04:12,39700.0,200,Buy,231740658
2024-08-15 10:04:13,39700.0,300,Buy,231740667
2024-08-15 10:04:20,39700.0,500,Buy,231740753
2024-08-15 10:04:30,39650.0,100,Sell,231740887
2024-08-15 10:04:30,39650.0,800,Sell,231740888
2024-08-15 10:04:30,39700.0,100,Buy,231740889
2024-08-15 10:04:35,39700.0,1900,Buy,231740961
2024-08-15 10:04:35,39700.0,2000,Buy,231740962
2024-08-15 10:04:38,39700.0,100,Sell,231740987
2024-08-15 10:04:42,39700.0,500,Sell,231741075
2024-08-15 10:04:54,39700.0,200,Buy,231741379
2024-08-15 10:05:12,39700.0,100,Sell,231741735
2024-08-15 10:05:13,39700.0,100,Sell,231741739
2024-08-15 10:05:43,39700.0,100,Sell,231742398
2024-08-15 10:05:43,39700.0,100,Sell,231742399
2024-08-15 10:05:43,39700.0,800,Sell,231742396
2024-08-15 10:05:43,39700.0,1000,Sell,231742397
2024-08-15 10:05:50,39700.0,100,Sell,231742582
2024-08-15 10:06:00,39650.0,1200,Sell,231742790
2024-08-15 10:06:00,39650.0,7700,Sell,231742791
2024-08-15 10:06:10,39650.0,300,Sell,231742970
2024-08-15 10:06:12,39650.0,100,Sell,231742994
2024-08-15 10:06:12,39650.0,2000,Sell,231742995
2024-08-15 10:06:12,39650.0,1000,Sell,231742996
2024-08-15 10:06:12,39650.0,200,Sell,231742997
2024-08-15 10:06:12,39600.0,300,Sell,231742998
2024-08-15 10:06:12,39600.0,100,Sell,231742999
2024-08-15 10:06:12,39600.0,600,Sell,231743000
2024-08-15 10:06:12,39600.0,1600,Sell,231743001
2024-08-15 10:06:13,39700.0,300,Buy,231743011
2024-08-15 10:06:13,39700.0,900,Buy,231743010
2024-08-15 10:06:22,39700.0,3800,Sell,231743173
2024-08-15 10:06:28,39600.0,300,Sell,231743270
2024-08-15 10:06:39,39650.0,3400,Buy,231743445
2024-08-15 10:06:47,39600.0,200,Sell,231743587
2024-08-15 10:07:10,39600.0,300,Sell,231743903
2024-08-15 10:07:12,39600.0,200,Sell,231743953
2024-08-15 10:07:35,39650.0,500,Buy,231744562
2024-08-15 10:07:39,39600.0,400,Sell,231744640
2024-08-15 10:07:39,39600.0,200,Sell,231744641
2024-08-15 10:07:44,39650.0,200,Buy,231744822
2024-08-15 10:07:53,39650.0,300,Sell,231744956
2024-08-15 10:07:57,39650.0,100,Buy,231745094
2024-08-15 10:07:58,39650.0,100,Buy,231745132
2024-08-15 10:08:14,39650.0,300,Sell,231745368
2024-08-15 10:08:14,39700.0,300,Buy,231745363
2024-08-15 10:08:15,39650.0,200,Buy,231745387
2024-08-15 10:08:28,39650.0,500,Buy,231745652
2024-08-15 10:08:28,39650.0,9500,Buy,231745651
2024-08-15 10:08:39,39650.0,100,Buy,231745820
2024-08-15 10:08:40,39650.0,500,Buy,231745822
2024-08-15 10:08:41,39650.0,200,Buy,231745835
2024-08-15 10:08:49,39650.0,800,Sell,231745984
2024-08-15 10:08:49,39650.0,100,Sell,231745985
2024-08-15 10:09:30,39700.0,200,Buy,231746644
2024-08-15 10:09:30,39700.0,1000,Buy,231746645
2024-08-15 10:09:30,39700.0,100,Buy,231746646
2024-08-15 10:09:30,39700.0,1700,Buy,231746647
2024-08-15 10:09:36,39700.0,300,Buy,231746748
2024-08-15 10:10:11,39750.0,100,Buy,231747215
2024-08-15 10:10:24,39750.0,100,Buy,231747385
2024-08-15 10:10:42,39750.0,300,Buy,231747564
2024-08-15 10:10:42,39750.0,500,Buy,231747566
2024-08-15 10:10:53,39750.0,100,Buy,231747736
2024-08-15 10:11:27,39700.0,100,Sell,231748122
2024-08-15 10:11:49,39700.0,100,Sell,231748478
2024-08-15 10:11:49,39700.0,100,Sell,231748479
2024-08-15 10:11:49,39700.0,9000,Sell,231748480
2024-08-15 10:11:49,39700.0,2500,Sell,231748481
2024-08-15 10:11:49,39700.0,100,Sell,231748482
2024-08-15 10:11:56,39650.0,4000,Sell,231748561
2024-08-15 10:11:56,39650.0,100,Sell,231748558
2024-08-15 10:11:56,39650.0,500,Sell,231748557
2024-08-15 10:11:56,39650.0,300,Sell,231748560
2024-08-15 10:11:56,39650.0,1000,Sell,231748555
2024-08-15 10:11:56,39650.0,300,Sell,231748556
2024-08-15 10:11:56,39700.0,100,Buy,231748546
2024-08-15 10:11:56,39650.0,100,Sell,231748559
2024-08-15 10:11:56,39650.0,100,Sell,231748554
2024-08-15 10:11:58,39700.0,1000,Buy,231748581
2024-08-15 10:12:37,39650.0,5000,Sell,231749183
2024-08-15 10:12:37,39600.0,100,Sell,231749187
2024-08-15 10:12:42,39600.0,200,Sell,231749256
2024-08-15 10:12:42,39600.0,200,Sell,231749254
2024-08-15 10:12:42,39600.0,500,Sell,231749253
2024-08-15 10:12:42,39600.0,700,Sell,231749257
2024-08-15 10:12:42,39600.0,100,Sell,231749251
2024-08-15 10:12:42,39600.0,300,Sell,231749250
2024-08-15 10:12:42,39600.0,400,Sell,231749249
2024-08-15 10:12:42,39600.0,100,Sell,231749252
2024-08-15 10:12:42,39600.0,500,Sell,231749255
2024-08-15 10:12:51,39600.0,100,Sell,231749317
2024-08-15 10:12:51,39600.0,100,Sell,231749327
2024-08-15 10:12:52,39650.0,200,Buy,231749343
2024-08-15 10:12:53,39600.0,500,Sell,231749345
2024-08-15 10:13:01,39650.0,500,Buy,231749497
2024-08-15 10:13:04,39600.0,400,Sell,231749553
2024-08-15 10:13:27,39600.0,100,Sell,231749877
2024-08-15 10:13:27,39600.0,100,Sell,231749880
2024-08-15 10:13:27,39600.0,100,Sell,231749879
2024-08-15 10:13:27,39600.0,600,Sell,231749878
2024-08-15 10:13:27,39600.0,1000,Sell,231749876
2024-08-15 10:13:27,39600.0,2000,Sell,231749875
2024-08-15 10:13:27,39600.0,200,Sell,231749869
2024-08-15 10:13:27,39600.0,1000,Sell,231749870
2024-08-15 10:13:27,39600.0,500,Sell,231749874
2024-08-15 10:13:27,39600.0,500,Sell,231749872
2024-08-15 10:13:27,39600.0,300,Sell,231749873
2024-08-15 10:13:27,39600.0,5000,Sell,231749871
2024-08-15 10:13:28,39600.0,100,Sell,231749922
2024-08-15 10:13:56,39550.0,500,Sell,231750334
2024-08-15 10:14:02,39600.0,100,Buy,231750399
2024-08-15 10:14:02,39600.0,200,Buy,231750400
2024-08-15 10:14:03,39550.0,5000,Sell,231750412
2024-08-15 10:14:09,39600.0,100,Buy,231750570
2024-08-15 10:14:10,39600.0,200,Buy,231750580
2024-08-15 10:14:42,39550.0,1300,Sell,231751057
2024-08-15 10:15:11,39550.0,100,Sell,231751474
2024-08-15 10:15:16,39550.0,400,Sell,231751540
2024-08-15 10:15:16,39550.0,3600,Sell,231751539
2024-08-15 10:15:17,39600.0,500,Buy,231751548
2024-08-15 10:15:19,39550.0,100,Sell,231751569
2024-08-15 10:15:19,39550.0,900,Sell,231751570
2024-08-15 10:15:27,39550.0,1400,Sell,231751640
2024-08-15 10:15:27,39550.0,3600,Sell,231751641
2024-08-15 10:15:35,39550.0,500,Sell,231751828
2024-08-15 10:15:39,39550.0,100,Sell,231751904
2024-08-15 10:15:39,39550.0,100,Sell,231751907
2024-08-15 10:15:39,39550.0,1000,Sell,231751906
2024-08-15 10:15:39,39550.0,100,Sell,231751905
2024-08-15 10:15:39,39550.0,300,Sell,231751903
2024-08-15 10:15:39,39550.0,200,Sell,231751901
2024-08-15 10:15:39,39550.0,100,Sell,231751900
2024-08-15 10:15:39,39550.0,600,Sell,231751899
2024-08-15 10:15:39,39550.0,100,Sell,231751902
2024-08-15 10:15:41,39550.0,2400,Buy,231751931
2024-08-15 10:15:41,39550.0,900,Buy,231751932
2024-08-15 10:15:41,39550.0,1000,Buy,231751933
2024-08-15 10:15:44,39550.0,700,Sell,231751990
2024-08-15 10:16:01,39500.0,400,Sell,231752263
2024-08-15 10:16:01,39500.0,500,Sell,231752262
2024-08-15 10:16:17,39500.0,500,Sell,231752652
2024-08-15 10:16:17,39500.0,800,Sell,231752653
2024-08-15 10:16:17,39500.0,100,Sell,231752654
2024-08-15 10:16:17,39500.0,500,Sell,231752655
2024-08-15 10:16:17,39500.0,1000,Sell,231752656
2024-08-15 10:16:17,39500.0,600,Sell,231752657
2024-08-15 10:16:17,39500.0,500,Sell,231752658
2024-08-15 10:16:17,39500.0,100,Sell,231752663
2024-08-15 10:16:17,39500.0,100,Sell,231752660
2024-08-15 10:16:17,39500.0,200,Sell,231752661
2024-08-15 10:16:17,39500.0,200,Sell,231752662
2024-08-15 10:16:17,39500.0,100,Sell,231752664
2024-08-15 10:16:17,39500.0,100,Sell,231752665
2024-08-15 10:16:17,39500.0,3100,Sell,231752666
2024-08-15 10:16:17,39500.0,100,Sell,231752659
2024-08-15 10:16:17,39500.0,500,Sell,231752651
2024-08-15 10:16:17,39500.0,200,Sell,231752649
2024-08-15 10:16:17,39500.0,500,Sell,231752648
2024-08-15 10:16:17,39500.0,100,Sell,231752633
2024-08-15 10:16:17,39500.0,200,Sell,231752634
2024-08-15 10:16:17,39500.0,200,Sell,231752635
2024-08-15 10:16:17,39500.0,500,Sell,231752636
2024-08-15 10:16:17,39500.0,100,Sell,231752637
2024-08-15 10:16:17,39500.0,100,Sell,231752638
2024-08-15 10:16:17,39500.0,400,Sell,231752640
2024-08-15 10:16:17,39500.0,500,Sell,231752639
2024-08-15 10:16:17,39500.0,3000,Sell,231752642
2024-08-15 10:16:17,39500.0,500,Sell,231752643
2024-08-15 10:16:17,39500.0,100,Sell,231752644
2024-08-15 10:16:17,39500.0,300,Sell,231752645
2024-08-15 10:16:17,39500.0,200,Sell,231752646
2024-08-15 10:16:17,39500.0,1000,Sell,231752647
2024-08-15 10:16:17,39500.0,100,Sell,231752641
2024-08-15 10:16:17,39500.0,500,Sell,231752650
2024-08-15 10:16:18,39500.0,300,Sell,231752682
2024-08-15 10:16:18,39500.0,1900,Sell,231752681
2024-08-15 10:16:27,39400.0,100,Sell,231752760
2024-08-15 10:16:27,39400.0,300,Sell,231752759
2024-08-15 10:16:27,39500.0,300,Sell,231752758
2024-08-15 10:16:35,39500.0,200,Sell,231752885
2024-08-15 10:16:35,39500.0,800,Sell,231752888
2024-08-15 10:16:36,39500.0,1200,Sell,231752902
2024-08-15 10:16:45,39500.0,100,Buy,231753051
2024-08-15 10:16:53,39500.0,100,Buy,231753205
2024-08-15 10:17:06,39300.0,100,Sell,231753399
2024-08-15 10:17:06,39300.0,1000,Sell,231753400
2024-08-15 10:17:06,39300.0,100,Sell,231753401
2024-08-15 10:17:06,39300.0,400,Sell,231753402
2024-08-15 10:17:06,39300.0,700,Sell,231753403
2024-08-15 10:17:06,39300.0,100,Sell,231753404
2024-08-15 10:17:06,39300.0,200,Sell,231753405
2024-08-15 10:17:06,39300.0,100,Sell,231753409
2024-08-15 10:17:06,39300.0,200,Sell,231753407
2024-08-15 10:17:06,39300.0,500,Sell,231753410
2024-08-15 10:17:06,39300.0,500,Sell,231753411
2024-08-15 10:17:06,39300.0,500,Sell,231753412
2024-08-15 10:17:06,39300.0,2000,Sell,231753413
2024-08-15 10:17:06,39300.0,500,Sell,231753406
2024-08-15 10:17:06,39350.0,200,Sell,231753398
2024-08-15 10:17:06,39300.0,200,Sell,231753408
2024-08-15 10:17:06,39350.0,100,Sell,231753396
2024-08-15 10:17:06,39350.0,5500,Sell,231753397
2024-08-15 10:17:06,39400.0,7000,Sell,231753382
2024-08-15 10:17:06,39400.0,500,Sell,231753383
2024-08-15 10:17:06,39400.0,500,Sell,231753385
2024-08-15 10:17:06,39400.0,500,Sell,231753386
2024-08-15 10:17:06,39400.0,100,Sell,231753387
2024-08-15 10:17:06,39400.0,300,Sell,231753388
2024-08-15 10:17:06,39400.0,500,Sell,231753384
2024-08-15 10:17:06,39400.0,2000,Sell,231753390
2024-08-15 10:17:06,39400.0,100,Sell,231753391
2024-08-15 10:17:06,39350.0,1000,Sell,231753392
2024-08-15 10:17:06,39350.0,300,Sell,231753395
2024-08-15 10:17:06,39350.0,500,Sell,231753393
2024-08-15 10:17:06,39350.0,500,Sell,231753394
2024-08-15 10:17:06,39400.0,100,Sell,231753389
2024-08-15 10:17:20,39500.0,100,Buy,231753598
2024-08-15 10:17:45,39450.0,100,Buy,231754022
2024-08-15 10:17:48,39400.0,800,Sell,231754049
2024-08-15 10:17:48,39400.0,200,Sell,231754047
2024-08-15 10:17:48,39400.0,1000,Sell,231754048
2024-08-15 10:17:55,39400.0,100,Sell,231754175
2024-08-15 10:17:57,39300.0,3000,Sell,231754209
2024-08-15 10:17:57,39300.0,200,Sell,231754211
2024-08-15 10:17:57,39300.0,2000,Sell,231754210
2024-08-15 10:17:57,39350.0,200,Sell,231754208
2024-08-15 10:17:57,39300.0,5300,Sell,231754212
2024-08-15 10:17:57,39350.0,800,Sell,231754206
2024-08-15 10:17:57,39350.0,100,Sell,231754205
2024-08-15 10:17:57,39350.0,2000,Sell,231754204
2024-08-15 10:17:57,39350.0,800,Sell,231754203
2024-08-15 10:17:57,39400.0,100,Sell,231754202
2024-08-15 10:17:57,39350.0,500,Sell,231754207
2024-08-15 10:18:01,39350.0,1000,Sell,231754266
2024-08-15 10:18:04,39350.0,2500,Sell,231754307
2024-08-15 10:18:10,39350.0,1000,Sell,231754406
2024-08-15 10:18:21,39350.0,500,Sell,231754559
2024-08-15 10:18:22,39350.0,1000,Sell,231754568
2024-08-15 10:18:22,39350.0,1000,Sell,231754569
2024-08-15 10:18:22,39350.0,1000,Sell,231754570
2024-08-15 10:18:22,39350.0,400,Sell,231754571
2024-08-15 10:18:22,39350.0,100,Sell,231754572
2024-08-15 10:18:22,39300.0,1500,Sell,231754573
2024-08-15 10:18:31,39350.0,500,Buy,231754725
2024-08-15 10:18:31,39300.0,200,Sell,231754708
2024-08-15 10:18:31,39300.0,300,Sell,231754709
2024-08-15 10:18:33,39350.0,500,Sell,231754751
2024-08-15 10:18:38,39300.0,500,Sell,231754810
2024-08-15 10:18:38,39300.0,500,Sell,231754809
2024-08-15 10:18:38,39300.0,500,Sell,231754808
2024-08-15 10:18:38,39300.0,8000,Sell,231754811
2024-08-15 10:18:38,39300.0,200,Sell,231754806
2024-08-15 10:18:38,39350.0,300,Sell,231754805
2024-08-15 10:18:38,39350.0,7000,Sell,231754804
2024-08-15 10:18:38,39300.0,3000,Sell,231754807
2024-08-15 10:18:42,39350.0,200,Buy,231754863
2024-08-15 10:18:43,39350.0,200,Buy,231754880
2024-08-15 10:18:46,39300.0,2000,Sell,231754919
2024-08-15 10:18:46,39300.0,1000,Sell,231754920
2024-08-15 10:18:46,39300.0,100,Sell,231754921
2024-08-15 10:18:46,39300.0,500,Sell,231754922
2024-08-15 10:18:46,39300.0,100,Sell,231754923
2024-08-15 10:18:46,39300.0,1300,Sell,231754924
2024-08-15 10:18:52,39350.0,600,Buy,231755012
2024-08-15 10:18:52,39350.0,400,Buy,231755013
2024-08-15 10:18:54,39350.0,500,Buy,231755051
2024-08-15 10:18:55,39300.0,100,Sell,231755110
2024-08-15 10:18:55,39300.0,100,Sell,231755111
2024-08-15 10:18:55,39300.0,600,Sell,231755112
2024-08-15 10:18:55,39300.0,1200,Sell,231755109
2024-08-15 10:18:56,39250.0,200,Buy,231755147
2024-08-15 10:18:56,39250.0,200,Sell,231755145
2024-08-15 10:18:56,39250.0,500,Sell,231755144
2024-08-15 10:18:56,39250.0,3500,Sell,231755143
2024-08-15 10:18:56,39250.0,100,Sell,231755142
2024-08-15 10:18:56,39250.0,5000,Sell,231755140
2024-08-15 10:18:56,39250.0,100,Sell,231755139
2024-08-15 10:18:56,39250.0,100,Sell,231755138
2024-08-15 10:18:56,39250.0,100,Sell,231755136
2024-08-15 10:18:56,39250.0,300,Sell,231755134
2024-08-15 10:18:56,39250.0,500,Sell,231755133
2024-08-15 10:18:56,39250.0,4600,Sell,231755132
2024-08-15 10:18:56,39300.0,200,Sell,231755131
2024-08-15 10:18:56,39300.0,400,Sell,231755130
2024-08-15 10:18:56,39300.0,500,Sell,231755129
2024-08-15 10:18:56,39300.0,400,Sell,231755128
2024-08-15 10:18:56,39250.0,100,Sell,231755137
2024-08-15 10:18:56,39250.0,800,Sell,231755135
2024-08-15 10:18:58,39250.0,100,Buy,231755170
2024-08-15 10:19:02,39250.0,1000,Buy,231755269
2024-08-15 10:19:04,39200.0,200,Sell,231755301
2024-08-15 10:19:04,39200.0,300,Sell,231755300
2024-08-15 10:19:05,39250.0,1000,Buy,231755324
2024-08-15 10:19:05,39250.0,100,Buy,231755325
2024-08-15 10:19:11,39200.0,2400,Sell,231755396
2024-08-15 10:19:11,39200.0,600,Sell,231755397
2024-08-15 10:19:12,39250.0,2500,Buy,231755434
2024-08-15 10:19:16,39200.0,300,Sell,231755520
2024-08-15 10:19:16,39200.0,100,Sell,231755521
2024-08-15 10:19:16,39200.0,1300,Sell,231755522
2024-08-15 10:19:16,39200.0,300,Sell,231755523
2024-08-15 10:19:16,39200.0,200,Sell,231755525
2024-08-15 10:19:16,39200.0,200,Sell,231755526
2024-08-15 10:19:16,39200.0,500,Sell,231755527
2024-08-15 10:19:16,39200.0,200,Sell,231755530
2024-08-15 10:19:16,39200.0,100,Sell,231755529
2024-08-15 10:19:16,39200.0,100,Sell,231755531
2024-08-15 10:19:16,39200.0,300,Sell,231755532
2024-08-15 10:19:16,39200.0,500,Sell,231755533
2024-08-15 10:19:16,39200.0,400,Buy,231755537
2024-08-15 10:19:16,39200.0,2000,Sell,231755519
2024-08-15 10:19:16,39200.0,100,Sell,231755528
2024-08-15 10:19:16,39200.0,100,Sell,231755518
2024-08-15 10:19:16,39200.0,100,Sell,231755524
2024-08-15 10:19:16,39200.0,800,Sell,231755516
2024-08-15 10:19:16,39200.0,2000,Sell,231755517
2024-08-15 10:19:16,39200.0,300,Sell,231755502
2024-08-15 10:19:16,39200.0,2000,Sell,231755503
2024-08-15 10:19:16,39200.0,100,Sell,231755504
2024-08-15 10:19:16,39200.0,100,Sell,231755505
2024-08-15 10:19:16,39200.0,5000,Sell,231755506
2024-08-15 10:19:16,39200.0,1000,Sell,231755507
2024-08-15 10:19:16,39200.0,500,Sell,231755508
2024-08-15 10:19:16,39200.0,500,Sell,231755501
2024-08-15 10:19:16,39200.0,1000,Sell,231755510
2024-08-15 10:19:16,39200.0,700,Sell,231755500
2024-08-15 10:19:16,39200.0,200,Sell,231755511
2024-08-15 10:19:16,39200.0,200,Sell,231755512
2024-08-15 10:19:16,39200.0,500,Sell,231755513
2024-08-15 10:19:16,39200.0,1000,Sell,231755514
2024-08-15 10:19:16,39200.0,100,Sell,231755515
2024-08-15 10:19:16,39200.0,1000,Sell,231755509
2024-08-15 10:19:21,39200.0,300,Buy,231755616
2024-08-15 10:19:23,39200.0,100,Buy,231755648
2024-08-15 10:19:25,39200.0,100,Buy,231755774
2024-08-15 10:19:25,39150.0,100,Sell,231755764
2024-08-15 10:19:25,39150.0,200,Sell,231755763
2024-08-15 10:19:25,39150.0,100,Sell,231755761
2024-08-15 10:19:25,39150.0,200,Sell,231755762
2024-08-15 10:19:28,39150.0,200,Sell,231755857
2024-08-15 10:19:34,39150.0,700,Sell,231755943
2024-08-15 10:19:34,39150.0,100,Sell,231755944
2024-08-15 10:19:34,39150.0,300,Sell,231755945
2024-08-15 10:19:37,39200.0,100,Buy,231756012
2024-08-15 10:19:38,39150.0,2000,Sell,231756032
2024-08-15 10:19:39,39150.0,100,Sell,231756034
2024-08-15 10:19:41,39150.0,200,Buy,231756112
2024-08-15 10:19:41,39150.0,100,Sell,231756100
2024-08-15 10:19:41,39150.0,500,Sell,231756101
2024-08-15 10:19:44,39150.0,1800,Buy,231756151
2024-08-15 10:19:44,39150.0,2800,Buy,231756158
2024-08-15 10:19:44,39150.0,400,Buy,231756159
2024-08-15 10:19:48,39150.0,200,Buy,231756197
2024-08-15 10:19:49,39150.0,200,Buy,231756215
2024-08-15 10:19:49,39100.0,1000,Sell,231756216
2024-08-15 10:19:49,39100.0,3000,Sell,231756217
2024-08-15 10:19:49,39100.0,100,Sell,231756218
2024-08-15 10:19:49,39100.0,900,Sell,231756219
2024-08-15 10:19:52,39150.0,200,Buy,231756270
2024-08-15 10:19:53,39100.0,500,Sell,231756285
2024-08-15 10:19:53,39100.0,200,Sell,231756284
2024-08-15 10:19:53,39100.0,3000,Sell,231756283
2024-08-15 10:19:53,39100.0,300,Sell,231756282
2024-08-15 10:19:53,39100.0,1000,Sell,231756280
2024-08-15 10:19:53,39100.0,8000,Sell,231756279
2024-08-15 10:19:53,39100.0,100,Sell,231756278
2024-08-15 10:19:53,39100.0,100,Sell,231756277
2024-08-15 10:19:53,39100.0,1600,Sell,231756276
2024-08-15 10:19:53,39100.0,500,Sell,231756281
2024-08-15 10:20:01,39050.0,500,Sell,231756434
2024-08-15 10:20:01,39050.0,200,Sell,231756435
2024-08-15 10:20:03,39000.0,200,Sell,231756486
2024-08-15 10:20:03,39000.0,500,Sell,231756482
2024-08-15 10:20:03,39000.0,1000,Sell,231756485
2024-08-15 10:20:03,39000.0,100,Sell,231756484
2024-08-15 10:20:03,39000.0,100,Sell,231756483
2024-08-15 10:20:03,39000.0,2000,Sell,231756481
2024-08-15 10:20:03,39050.0,2000,Sell,231756475
2024-08-15 10:20:03,39000.0,300,Sell,231756479
2024-08-15 10:20:03,39050.0,1800,Sell,231756474
2024-08-15 10:20:03,39000.0,100,Sell,231756476
2024-08-15 10:20:03,39000.0,5000,Sell,231756480
2024-08-15 10:20:03,39000.0,200,Sell,231756478
2024-08-15 10:20:03,39000.0,100,Sell,231756477
2024-08-15 10:20:04,39000.0,100,Sell,231756510
2024-08-15 10:20:04,39000.0,1000,Sell,231756511
2024-08-15 10:20:04,39000.0,200,Sell,231756512
2024-08-15 10:20:04,39000.0,300,Sell,231756513
2024-08-15 10:20:04,39000.0,500,Sell,231756514
2024-08-15 10:20:04,39000.0,2000,Sell,231756515
2024-08-15 10:20:04,39000.0,100,Sell,231756516
2024-08-15 10:20:04,39000.0,500,Sell,231756517
2024-08-15 10:20:04,39000.0,100,Sell,231756518
2024-08-15 10:20:04,39000.0,100,Sell,231756520
2024-08-15 10:20:04,39000.0,17000,Sell,231756521
2024-08-15 10:20:04,39000.0,200,Sell,231756522
2024-08-15 10:20:04,39000.0,100,Sell,231756523
2024-08-15 10:20:04,39000.0,100,Sell,231756524
2024-08-15 10:20:04,39000.0,6000,Sell,231756525
2024-08-15 10:20:04,39000.0,100,Sell,231756532
2024-08-15 10:20:04,39000.0,3000,Sell,231756536
2024-08-15 10:20:04,39000.0,500,Sell,231756519
2024-08-15 10:20:04,39000.0,1000,Sell,231756508
2024-08-15 10:20:04,39000.0,100,Sell,231756509
2024-08-15 10:20:04,39000.0,100,Sell,231756506
2024-08-15 10:20:04,39000.0,100,Sell,231756487
2024-08-15 10:20:04,39000.0,500,Sell,231756488
2024-08-15 10:20:04,39000.0,300,Sell,231756489
2024-08-15 10:20:04,39000.0,100,Sell,231756490
2024-08-15 10:20:04,39000.0,1000,Sell,231756491
2024-08-15 10:20:04,39000.0,100,Sell,231756492
2024-08-15 10:20:04,39000.0,200,Sell,231756493
2024-08-15 10:20:04,39000.0,500,Sell,231756495
2024-08-15 10:20:04,39000.0,500,Sell,231756496
2024-08-15 10:20:04,39000.0,200,Sell,231756494
2024-08-15 10:20:04,39000.0,1000,Sell,231756498
2024-08-15 10:20:04,39000.0,500,Sell,231756499
2024-08-15 10:20:04,39000.0,100,Sell,231756500
2024-08-15 10:20:04,39000.0,500,Sell,231756501
2024-08-15 10:20:04,39000.0,100,Sell,231756502
2024-08-15 10:20:04,39000.0,500,Sell,231756503
2024-08-15 10:20:04,39000.0,1000,Sell,231756504
2024-08-15 10:20:04,39000.0,1200,Sell,231756505
2024-08-15 10:20:04,39000.0,1000,Sell,231756497
2024-08-15 10:20:04,39000.0,1000,Sell,231756507
2024-08-15 10:20:06,39050.0,100,Sell,231756558
2024-08-15 10:20:06,39000.0,400,Sell,231756559
2024-08-15 10:20:10,39000.0,300,Sell,231756721
2024-08-15 10:20:10,39000.0,3000,Sell,231756718
2024-08-15 10:20:11,39000.0,1000,Sell,231756755
2024-08-15 10:20:14,39000.0,7700,Sell,231756805
2024-08-15 10:20:15,39050.0,200,Buy,231756812
2024-08-15 10:20:16,39000.0,1000,Sell,231756826
2024-08-15 10:20:16,39000.0,9700,Sell,231756837
2024-08-15 10:20:17,39000.0,500,Sell,231756873
2024-08-15 10:20:18,39050.0,300,Buy,231756879
2024-08-15 10:20:19,39000.0,4100,Sell,231756895
2024-08-15 10:20:21,39000.0,600,Sell,231756972
2024-08-15 10:20:23,39000.0,30000,Sell,231756997
2024-08-15 10:20:23,39000.0,11600,Sell,231757001
2024-08-15 10:20:25,39050.0,100,Buy,231757044
2024-08-15 10:20:27,39050.0,400,Buy,231757106
2024-08-15 10:20:27,39050.0,100,Buy,231757107
2024-08-15 10:20:28,39000.0,1000,Sell,231757182
2024-08-15 10:20:28,39000.0,200,Sell,231757183
2024-08-15 10:20:28,39000.0,500,Sell,231757184
2024-08-15 10:20:28,39000.0,300,Sell,231757185
2024-08-15 10:20:28,39000.0,800,Sell,231757186
2024-08-15 10:20:28,39050.0,200,Buy,231757187
2024-08-15 10:20:29,39050.0,500,Sell,231757192
2024-08-15 10:20:30,39000.0,700,Sell,231757204
2024-08-15 10:20:30,39000.0,2000,Sell,231757202
2024-08-15 10:20:30,39000.0,100,Sell,231757203
2024-08-15 10:20:30,39000.0,200,Sell,231757200
2024-08-15 10:20:30,39000.0,700,Sell,231757196
2024-08-15 10:20:30,39050.0,300,Sell,231757195
2024-08-15 10:20:30,39000.0,2000,Sell,231757201
2024-08-15 10:20:31,39000.0,100,Sell,231757228
2024-08-15 10:20:32,39000.0,2600,Sell,231757247
2024-08-15 10:20:32,39000.0,1000,Sell,231757246
2024-08-15 10:20:32,39000.0,1000,Sell,231757244
2024-08-15 10:20:32,39000.0,500,Sell,231757243
2024-08-15 10:20:32,39000.0,3000,Sell,231757242
2024-08-15 10:20:32,39000.0,1000,Sell,231757245
2024-08-15 10:20:32,39000.0,100,Sell,231757240
2024-08-15 10:20:32,39000.0,100,Sell,231757239
2024-08-15 10:20:32,39000.0,200,Sell,231757238
2024-08-15 10:20:32,39050.0,400,Sell,231757237
2024-08-15 10:20:32,39050.0,100,Sell,231757235
2024-08-15 10:20:32,39000.0,100,Sell,231757241
2024-08-15 10:20:34,39050.0,300,Sell,231757295
2024-08-15 10:20:36,39050.0,200,Sell,231757331
2024-08-15 10:20:36,39000.0,300,Sell,231757332
2024-08-15 10:20:42,39000.0,100,Sell,231757449
2024-08-15 10:20:42,39000.0,100,Sell,231757448
2024-08-15 10:20:42,39000.0,100,Sell,231757447
2024-08-15 10:20:42,39000.0,100,Sell,231757446
2024-08-15 10:20:42,39000.0,100,Sell,231757445
2024-08-15 10:20:42,39000.0,2000,Sell,231757444
2024-08-15 10:20:42,39000.0,500,Sell,231757441
2024-08-15 10:20:42,39000.0,100,Sell,231757443
2024-08-15 10:20:42,39000.0,200,Sell,231757442
2024-08-15 10:20:42,39050.0,200,Sell,231757433
2024-08-15 10:20:42,39050.0,100,Sell,231757434
2024-08-15 10:20:42,39000.0,100,Sell,231757435
2024-08-15 10:20:42,39000.0,100,Sell,231757440
2024-08-15 10:20:42,39000.0,400,Sell,231757437
2024-08-15 10:20:42,39000.0,100,Sell,231757439
2024-08-15 10:20:42,39000.0,500,Sell,231757436
2024-08-15 10:20:42,39000.0,200,Sell,231757438
2024-08-15 10:20:46,39000.0,400,Sell,231757524
2024-08-15 10:20:48,39050.0,100,Buy,231757577
2024-08-15 10:20:51,39050.0,5500,Buy,231757644
2024-08-15 10:20:51,39000.0,700,Sell,231757638
2024-08-15 10:20:51,39000.0,200,Sell,231757637
2024-08-15 10:20:51,39000.0,500,Sell,231757632
2024-08-15 10:20:51,39000.0,500,Sell,231757635
2024-08-15 10:20:51,39000.0,100,Sell,231757634
2024-08-15 10:20:51,39000.0,400,Sell,231757633
2024-08-15 10:20:51,39000.0,100,Sell,231757636
2024-08-15 10:20:57,39050.0,400,Sell,231757807
2024-08-15 10:20:57,39050.0,2600,Sell,231757808
2024-08-15 10:20:58,39050.0,2900,Sell,231757930
2024-08-15 10:20:58,39100.0,100,Sell,231757928
2024-08-15 10:20:58,39100.0,100,Buy,231757911
2024-08-15 10:20:58,39050.0,2000,Sell,231757929
2024-08-15 10:21:00,39100.0,1000,Buy,231757990
2024-08-15 10:21:01,39050.0,900,Sell,231758011
2024-08-15 10:21:03,39200.0,200,Buy,231758063
2024-08-15 10:21:08,39200.0,100,Buy,231758185
2024-08-15 10:21:10,39200.0,100,Buy,231758231
2024-08-15 10:21:10,39200.0,900,Buy,231758232
2024-08-15 10:21:11,39050.0,100,Sell,231758253
2024-08-15 10:21:11,39000.0,300,Sell,231758255
2024-08-15 10:21:11,39000.0,100,Sell,231758254
2024-08-15 10:21:11,39050.0,100,Sell,231758252
2024-08-15 10:21:11,39100.0,200,Sell,231758250
2024-08-15 10:21:11,39100.0,200,Sell,231758251
2024-08-15 10:21:11,39100.0,200,Sell,231758249
2024-08-15 10:21:13,39050.0,5000,Buy,231758272
2024-08-15 10:21:15,39150.0,100,Sell,231758352
2024-08-15 10:21:21,39150.0,200,Sell,231758471
2024-08-15 10:21:21,39100.0,500,Sell,231758472
2024-08-15 10:21:23,39100.0,300,Buy,231758532
2024-08-15 10:21:23,39100.0,100,Buy,231758533
2024-08-15 10:21:32,39100.0,500,Sell,231758764
2024-08-15 10:21:33,39100.0,500,Sell,231758780
2024-08-15 10:21:34,39100.0,500,Buy,231758795
2024-08-15 10:21:36,39100.0,200,Buy,231758834
2024-08-15 10:21:36,39100.0,500,Buy,231758833
2024-08-15 10:21:57,39150.0,300,Buy,231759199
2024-08-15 10:21:57,39150.0,4000,Buy,231759206
2024-08-15 10:22:04,39150.0,100,Sell,231759328
2024-08-15 10:22:16,39200.0,100,Buy,231759634
2024-08-15 10:22:17,39200.0,200,Buy,231759644
2024-08-15 10:22:18,39200.0,1300,Buy,231759673
2024-08-15 10:22:18,39200.0,3300,Buy,231759674
2024-08-15 10:22:18,39200.0,2300,Buy,231759692
2024-08-15 10:22:20,39200.0,1600,Sell,231759757
2024-08-15 10:22:26,39200.0,100,Buy,231759917
2024-08-15 10:22:27,39200.0,400,Buy,231759930
2024-08-15 10:22:28,39200.0,300,Buy,231759959
2024-08-15 10:22:28,39200.0,100,Buy,231759960
2024-08-15 10:22:34,39200.0,3800,Buy,231760125
2024-08-15 10:22:36,39200.0,100,Buy,231760206
2024-08-15 10:22:37,39200.0,100,Buy,231760222
2024-08-15 10:22:38,39200.0,1000,Buy,231760259
2024-08-15 10:22:40,39200.0,200,Buy,231760381
2024-08-15 10:22:43,39200.0,1000,Buy,231760554
2024-08-15 10:22:48,39200.0,100,Buy,231760686
2024-08-15 10:22:48,39200.0,300,Buy,231760687
2024-08-15 10:22:49,39200.0,100,Buy,231760744
2024-08-15 10:22:49,39200.0,100,Buy,231760714
2024-08-15 10:22:49,39200.0,500,Buy,231760712
2024-08-15 10:22:49,39200.0,300,Buy,231760743
2024-08-15 10:22:50,39200.0,100,Sell,231760765
2024-08-15 10:23:01,39200.0,500,Sell,231761101
2024-08-15 10:23:01,39200.0,500,Sell,231761102
2024-08-15 10:23:18,39200.0,200,Buy,231761504
2024-08-15 10:23:29,39150.0,100,Sell,231761849
2024-08-15 10:23:53,39150.0,500,Sell,231762399
2024-08-15 10:23:53,39150.0,100,Sell,231762398
2024-08-15 10:23:53,39150.0,5000,Sell,231762400
2024-08-15 10:23:53,39150.0,500,Sell,231762396
2024-08-15 10:23:53,39150.0,1000,Sell,231762395
2024-08-15 10:23:53,39150.0,400,Sell,231762397
2024-08-15 10:23:53,39150.0,400,Sell,231762394
2024-08-15 10:23:59,39150.0,100,Buy,231762576
2024-08-15 10:24:02,39100.0,100,Sell,231762636
2024-08-15 10:24:02,39100.0,100,Sell,231762637
2024-08-15 10:24:02,39100.0,1700,Sell,231762638
2024-08-15 10:24:02,39100.0,100,Sell,231762635
2024-08-15 10:24:06,39100.0,100,Sell,231762730
2024-08-15 10:24:06,39100.0,1000,Sell,231762729
2024-08-15 10:24:06,39100.0,100,Sell,231762727
2024-08-15 10:24:06,39100.0,200,Sell,231762728
2024-08-15 10:24:06,39100.0,100,Sell,231762725
2024-08-15 10:24:06,39100.0,300,Sell,231762724
2024-08-15 10:24:06,39100.0,4300,Sell,231762723
2024-08-15 10:24:06,39100.0,500,Sell,231762726
2024-08-15 10:24:08,39150.0,500,Buy,231762785
2024-08-15 10:24:18,39100.0,500,Buy,231763005
2024-08-15 10:24:19,39100.0,500,Sell,231763017
2024-08-15 10:24:31,39100.0,200,Sell,231763253
2024-08-15 10:24:31,39100.0,200,Sell,231763254
2024-08-15 10:24:31,39100.0,100,Sell,231763255
2024-08-15 10:24:33,39150.0,2000,Buy,231763306
2024-08-15 10:24:48,39150.0,100,Buy,231763607
2024-08-15 10:24:49,39150.0,500,Buy,231763634
2024-08-15 10:24:51,39150.0,100,Buy,231763694
2024-08-15 10:24:52,39150.0,100,Buy,231763704
2024-08-15 10:24:54,39150.0,100,Buy,231763774
2024-08-15 10:25:05,39150.0,700,Buy,231764003
2024-08-15 10:25:44,39100.0,100,Sell,231764827
2024-08-15 10:25:44,39100.0,1600,Sell,231764828
2024-08-15 10:25:51,39100.0,300,Buy,231764994
2024-08-15 10:25:53,39100.0,500,Sell,231765036
2024-08-15 10:26:01,39150.0,100,Buy,231765171
2024-08-15 10:26:09,39150.0,100,Buy,231765349
2024-08-15 10:26:09,39150.0,1200,Buy,231765351
2024-08-15 10:26:09,39150.0,2000,Buy,231765352
2024-08-15 10:26:09,39150.0,400,Buy,231765353
2024-08-15 10:26:09,39150.0,1400,Buy,231765354
2024-08-15 10:26:10,39100.0,200,Sell,231765374
2024-08-15 10:26:10,39100.0,900,Sell,231765375
2024-08-15 10:26:14,39150.0,100,Buy,231765461
2024-08-15 10:26:15,39100.0,100,Sell,231765503
2024-08-15 10:26:15,39100.0,3000,Sell,231765502
2024-08-15 10:26:15,39100.0,100,Sell,231765499
2024-08-15 10:26:15,39100.0,500,Sell,231765500
2024-08-15 10:26:15,39100.0,200,Sell,231765501
2024-08-15 10:26:15,39100.0,100,Sell,231765498
2024-08-15 10:26:16,39150.0,1000,Buy,231765504
2024-08-15 10:26:16,39150.0,100,Buy,231765505
2024-08-15 10:26:16,39150.0,5900,Buy,231765506
2024-08-15 10:26:26,39200.0,2000,Buy,231765800
2024-08-15 10:26:27,39200.0,7500,Buy,231765821
2024-08-15 10:26:28,39200.0,2000,Buy,231765846
2024-08-15 10:26:32,39200.0,2200,Buy,231765902
2024-08-15 10:26:33,39200.0,5000,Buy,231765965
2024-08-15 10:26:34,39200.0,1700,Buy,231765985
2024-08-15 10:26:34,39200.0,100,Buy,231765983
2024-08-15 10:26:34,39200.0,200,Buy,231765984
2024-08-15 10:26:35,39200.0,5000,Buy,231766011
2024-08-15 10:26:35,39200.0,1000,Buy,231766012
2024-08-15 10:27:05,39350.0,200,Buy,231766692
2024-08-15 10:27:06,39300.0,800,Sell,231766714
2024-08-15 10:27:12,39350.0,700,Buy,231766814
2024-08-15 10:27:14,39350.0,500,Buy,231766865
2024-08-15 10:27:22,39350.0,100,Buy,231766992
2024-08-15 10:27:27,39350.0,100,Buy,231767110
2024-08-15 10:27:27,39350.0,100,Buy,231767108
2024-08-15 10:27:27,39350.0,100,Buy,231767109
2024-08-15 10:27:35,39350.0,300,Sell,231767292
2024-08-15 10:28:06,39400.0,200,Sell,231767875
2024-08-15 10:28:06,39350.0,200,Sell,231767876
2024-08-15 10:28:06,39350.0,300,Sell,231767877
2024-08-15 10:28:09,39350.0,100,Buy,231767919
2024-08-15 10:28:20,39350.0,200,Buy,231768142
2024-08-15 10:28:20,39350.0,100,Buy,231768143
2024-08-15 10:28:31,39350.0,400,Buy,231768395
2024-08-15 10:28:31,39350.0,1600,Buy,231768396
2024-08-15 10:28:37,39350.0,200,Buy,231768562
2024-08-15 10:28:43,39350.0,200,Buy,231768677
2024-08-15 10:29:01,39350.0,1500,Sell,231769106
2024-08-15 10:29:01,39350.0,1800,Sell,231769104
2024-08-15 10:29:01,39350.0,900,Sell,231769105
2024-08-15 10:29:22,39350.0,1100,Buy,231769543
2024-08-15 10:29:32,39450.0,100,Buy,231769754
2024-08-15 10:29:38,39450.0,400,Buy,231769888
2024-08-15 10:29:38,39450.0,100,Buy,231769889
2024-08-15 10:29:38,39500.0,100,Buy,231769890
2024-08-15 10:29:38,39500.0,300,Buy,231769891
2024-08-15 10:29:38,39500.0,400,Buy,231769892
2024-08-15 10:29:38,39500.0,5700,Buy,231769893
2024-08-15 10:29:42,39350.0,200,Sell,231769955
2024-08-15 10:29:54,39350.0,7000,Sell,231770095
2024-08-15 10:29:54,39350.0,3000,Sell,231770096
2024-08-15 10:31:10,39400.0,100,Buy,231771450
2024-08-15 10:32:12,39500.0,100,Buy,231772657
2024-08-15 10:32:25,39450.0,1700,Sell,231772857
2024-08-15 10:32:25,39450.0,2500,Sell,231772858
2024-08-15 10:32:49,39450.0,200,Buy,231773249
2024-08-15 10:32:55,39450.0,100,Buy,231773333
2024-08-15 10:33:04,39450.0,200,Buy,231773442
2024-08-15 10:33:12,39150.0,400,Sell,231773585
2024-08-15 10:33:12,39200.0,1000,Sell,231773584
2024-08-15 10:33:12,39200.0,2000,Sell,231773583
2024-08-15 10:33:12,39250.0,3000,Sell,231773582
2024-08-15 10:33:12,39300.0,1000,Sell,231773581
2024-08-15 10:33:12,39300.0,400,Sell,231773580
2024-08-15 10:33:12,39300.0,2000,Sell,231773579
2024-08-15 10:33:12,39300.0,1000,Sell,231773577
2024-08-15 10:33:12,39350.0,100,Sell,231773576
2024-08-15 10:33:12,39350.0,100,Sell,231773575
2024-08-15 10:33:12,39350.0,100,Sell,231773574
2024-08-15 10:33:12,39350.0,100,Sell,231773573
2024-08-15 10:33:12,39350.0,200,Sell,231773572
2024-08-15 10:33:12,39400.0,500,Sell,231773571
2024-08-15 10:33:12,39300.0,100,Sell,231773578
2024-08-15 10:33:38,39350.0,100,Sell,231774026
2024-08-15 10:33:39,39350.0,100,Sell,231774038
2024-08-15 10:34:14,39250.0,400,Sell,231774460
2024-08-15 10:34:25,39350.0,200,Buy,231774662
2024-08-15 10:34:26,39250.0,600,Sell,231774667
2024-08-15 10:34:26,39250.0,400,Sell,231774668
2024-08-15 10:34:45,39300.0,200,Buy,231775014
2024-08-15 10:34:50,39250.0,700,Sell,231775088
2024-08-15 10:34:50,39250.0,100,Sell,231775087
2024-08-15 10:34:53,39300.0,300,Buy,231775127
2024-08-15 10:35:04,39300.0,100,Buy,231775359
2024-08-15 10:35:09,39300.0,100,Buy,231775454
2024-08-15 10:35:09,39300.0,500,Buy,231775455
2024-08-15 10:35:12,39300.0,400,Sell,231775490
2024-08-15 10:35:23,39300.0,1500,Buy,231775665
2024-08-15 10:35:31,39300.0,100,Buy,231775755
2024-08-15 10:35:42,39300.0,100,Buy,231775971
2024-08-15 10:35:43,39300.0,200,Buy,231775990
2024-08-15 10:35:47,39200.0,100,Sell,231776037
2024-08-15 10:35:47,39200.0,2900,Sell,231776038
2024-08-15 10:36:12,39300.0,200,Buy,231776445
2024-08-15 10:36:12,39300.0,800,Buy,231776446
2024-08-15 10:36:32,39300.0,2000,Buy,231776675
2024-08-15 10:36:33,39200.0,2100,Sell,231776685
2024-08-15 10:36:33,39200.0,200,Sell,231776686
2024-08-15 10:36:33,39200.0,2700,Sell,231776687
2024-08-15 10:36:43,39200.0,500,Sell,231776863
2024-08-15 10:36:59,39150.0,1400,Sell,231777055
2024-08-15 10:36:59,39150.0,100,Sell,231777054
2024-08-15 10:36:59,39150.0,100,Sell,231777053
2024-08-15 10:36:59,39150.0,1500,Sell,231777052
2024-08-15 10:36:59,39150.0,300,Sell,231777051
2024-08-15 10:36:59,39200.0,200,Sell,231777049
2024-08-15 10:36:59,39200.0,100,Sell,231777048
2024-08-15 10:36:59,39200.0,100,Sell,231777047
2024-08-15 10:36:59,39200.0,300,Sell,231777046
2024-08-15 10:36:59,39200.0,3300,Sell,231777045
2024-08-15 10:36:59,39150.0,2600,Sell,231777050
2024-08-15 10:37:10,39150.0,300,Sell,231777209
2024-08-15 10:37:14,39150.0,800,Sell,231777252
2024-08-15 10:37:24,39250.0,1400,Buy,231777387
2024-08-15 10:37:33,39400.0,300,Buy,231777519
2024-08-15 10:37:33,39450.0,2000,Buy,231777522
2024-08-15 10:37:33,39400.0,1000,Buy,231777520
2024-08-15 10:37:33,39350.0,100,Buy,231777518
2024-08-15 10:37:33,39400.0,2000,Buy,231777521
2024-08-15 10:37:33,39300.0,1000,Buy,231777516
2024-08-15 10:37:33,39300.0,2000,Buy,231777515
2024-08-15 10:37:33,39300.0,400,Buy,231777514
2024-08-15 10:37:33,39250.0,900,Buy,231777513
2024-08-15 10:37:33,39350.0,300,Buy,231777517
2024-08-15 10:38:28,39300.0,1000,Sell,231778352
2024-08-15 10:38:36,39450.0,100,Buy,231778448
2024-08-15 10:38:36,39450.0,100,Buy,231778449
2024-08-15 10:38:44,39300.0,1000,Sell,231778545
2024-08-15 10:38:48,39400.0,200,Buy,231778590
2024-08-15 10:39:42,39350.0,1000,Buy,231779189
2024-08-15 10:39:51,39350.0,400,Buy,231779318
2024-08-15 10:39:51,39350.0,100,Buy,231779319
2024-08-15 10:39:52,39350.0,500,Buy,231779322
2024-08-15 10:40:50,39350.0,500,Buy,231780100
2024-08-15 10:41:02,39350.0,300,Buy,231780247
2024-08-15 10:41:16,39350.0,100,Sell,231780467
2024-08-15 10:41:36,39350.0,1000,Buy,231780724
2024-08-15 10:41:39,39350.0,100,Sell,231780754
2024-08-15 10:42:51,39300.0,800,Sell,231781616
2024-08-15 10:43:00,39300.0,200,Sell,231781761
2024-08-15 10:43:32,39300.0,300,Buy,231782133
2024-08-15 10:43:32,39300.0,200,Buy,231782134
2024-08-15 10:44:07,39250.0,1000,Sell,231782611
2024-08-15 10:44:12,39250.0,1700,Sell,231782661
2024-08-15 10:44:13,39250.0,300,Sell,231782663
2024-08-15 10:44:13,39250.0,500,Sell,231782664
2024-08-15 10:44:13,39250.0,2200,Sell,231782665
2024-08-15 10:44:13,39250.0,100,Sell,231782666
2024-08-15 10:45:26,39200.0,600,Sell,231783576
2024-08-15 10:45:26,39200.0,500,Sell,231783575
2024-08-15 10:45:26,39200.0,1000,Sell,231783574
2024-08-15 10:45:26,39200.0,200,Sell,231783573
2024-08-15 10:45:49,39200.0,300,Buy,231783925
2024-08-15 10:46:01,39200.0,500,Sell,231784103
2024-08-15 10:46:17,39200.0,200,Sell,231784305
2024-08-15 10:46:17,39200.0,100,Sell,231784306
2024-08-15 10:46:25,39200.0,100,Buy,231784445
2024-08-15 10:46:36,39200.0,100,Buy,231784563
2024-08-15 10:46:41,39200.0,1000,Buy,231784602
2024-08-15 10:47:02,39200.0,500,Buy,231784802
2024-08-15 10:47:02,39200.0,200,Buy,231784803
2024-08-15 10:47:42,39250.0,500,Buy,231785285
2024-08-15 10:47:52,39250.0,400,Buy,231785393
2024-08-15 10:48:06,39250.0,1100,Buy,231785525
2024-08-15 10:48:06,39250.0,400,Buy,231785523
2024-08-15 10:48:06,39250.0,500,Buy,231785524
2024-08-15 10:48:39,39250.0,500,Buy,231785957
2024-08-15 10:48:39,39250.0,1900,Buy,231785958
2024-08-15 10:48:58,39250.0,500,Sell,231786130
2024-08-15 10:49:31,39250.0,100,Sell,231786420
2024-08-15 10:49:31,39250.0,100,Sell,231786421
2024-08-15 10:49:31,39250.0,200,Sell,231786422
2024-08-15 10:49:31,39250.0,100,Sell,231786423
2024-08-15 10:49:36,39200.0,300,Sell,231786468
2024-08-15 10:49:36,39200.0,1000,Sell,231786469
2024-08-15 10:49:36,39200.0,200,Sell,231786470
2024-08-15 10:49:36,39200.0,100,Sell,231786471
2024-08-15 10:49:36,39200.0,100,Sell,231786472
2024-08-15 10:49:50,39200.0,800,Buy,231786591
2024-08-15 10:49:57,39200.0,1500,Buy,231786746
2024-08-15 10:50:04,39200.0,1000,Buy,231786810
2024-08-15 10:50:12,39200.0,100,Buy,231786926
2024-08-15 10:51:29,39200.0,100,Sell,231787997
2024-08-15 10:52:22,39200.0,300,Buy,231788629
2024-08-15 10:52:22,39200.0,100,Buy,231788630
2024-08-15 10:52:34,39200.0,2000,Buy,231788814
2024-08-15 10:52:34,39200.0,2400,Buy,231788815
2024-08-15 10:52:35,39200.0,900,Sell,231788841
2024-08-15 10:52:53,39200.0,1200,Sell,231789122
2024-08-15 10:52:53,39150.0,800,Sell,231789123
2024-08-15 10:53:54,39200.0,500,Sell,231789933
2024-08-15 10:54:08,39200.0,400,Sell,231790095
2024-08-15 10:54:08,39200.0,300,Sell,231790096
2024-08-15 10:54:11,39200.0,500,Sell,231790124
2024-08-15 10:54:25,39200.0,200,Sell,231790338
2024-08-15 10:54:56,39200.0,500,Sell,231790700
2024-08-15 10:54:56,39200.0,200,Sell,231790714
2024-08-15 10:54:57,39200.0,100,Sell,231790715
2024-08-15 10:55:13,39150.0,200,Sell,231790973
2024-08-15 10:55:18,39150.0,100,Sell,231791031
2024-08-15 10:57:01,39150.0,2400,Sell,231792647
2024-08-15 10:57:01,39150.0,1500,Sell,231792646
2024-08-15 10:57:01,39150.0,100,Sell,231792645
2024-08-15 10:57:01,39150.0,200,Sell,231792643
2024-08-15 10:57:01,39150.0,100,Sell,231792644
2024-08-15 10:57:01,39150.0,400,Sell,231792642
2024-08-15 10:57:01,39150.0,100,Sell,231792638
2024-08-15 10:57:01,39150.0,100,Sell,231792640
2024-08-15 10:57:01,39150.0,900,Sell,231792635
2024-08-15 10:57:01,39150.0,1000,Sell,231792636
2024-08-15 10:57:01,39150.0,1000,Sell,231792641
2024-08-15 10:57:01,39150.0,1000,Sell,231792639
2024-08-15 10:57:01,39150.0,400,Sell,231792637
2024-08-15 10:57:02,39150.0,800,Sell,231792658
2024-08-15 10:57:14,39100.0,200,Sell,231792799
2024-08-15 10:57:14,39100.0,800,Sell,231792800
2024-08-15 10:57:34,39150.0,1000,Sell,231793064
2024-08-15 10:57:34,39100.0,2000,Sell,231793065
2024-08-15 10:57:41,39100.0,200,Sell,231793220
2024-08-15 10:57:41,39100.0,400,Sell,231793221
2024-08-15 10:58:05,39100.0,300,Sell,231793574
2024-08-15 10:58:05,39100.0,600,Sell,231793572
2024-08-15 10:58:05,39100.0,100,Sell,231793573
2024-08-15 10:58:36,39200.0,1000,Sell,231794066
2024-08-15 10:59:08,39150.0,300,Sell,231794571
2024-08-15 10:59:08,39100.0,200,Sell,231794572
2024-08-15 10:59:08,39100.0,200,Sell,231794573
2024-08-15 10:59:08,39100.0,500,Sell,231794574
2024-08-15 10:59:08,39100.0,500,Sell,231794575
2024-08-15 10:59:08,39100.0,100,Sell,231794576
2024-08-15 10:59:08,39100.0,200,Sell,231794577
2024-08-15 10:59:18,39200.0,1000,Sell,231794754
2024-08-15 10:59:49,39150.0,2000,Sell,231795270
2024-08-15 11:00:00,39100.0,800,Sell,231795413
2024-08-15 11:00:00,39100.0,200,Sell,231795412
2024-08-15 11:00:25,39150.0,100,Buy,231795722
2024-08-15 11:00:40,39150.0,100,Buy,231795859
2024-08-15 11:00:45,39150.0,100,Buy,231795941
2024-08-15 11:01:26,39200.0,200,Buy,231796537
2024-08-15 11:01:50,39200.0,100,Buy,231796913
2024-08-15 11:02:08,39200.0,200,Buy,231797202
2024-08-15 11:02:08,39200.0,1000,Buy,231797203
2024-08-15 11:02:25,39200.0,4200,Buy,231797543
2024-08-15 11:03:08,39250.0,500,Buy,231798243
2024-08-15 11:03:23,39250.0,2300,Buy,231798556
2024-08-15 11:03:23,39250.0,800,Buy,231798557
2024-08-15 11:03:31,39250.0,1000,Buy,231798749
2024-08-15 11:03:50,39250.0,200,Buy,231799148
2024-08-15 11:04:10,39200.0,100,Sell,231799462
2024-08-15 11:04:20,39200.0,500,Sell,231799564
2024-08-15 11:04:29,39250.0,100,Buy,231799663
2024-08-15 11:04:33,39200.0,1400,Sell,231799715
2024-08-15 11:04:33,39200.0,500,Sell,231799716
2024-08-15 11:04:33,39200.0,500,Sell,231799717
2024-08-15 11:04:33,39200.0,600,Sell,231799718
2024-08-15 11:05:21,39200.0,200,Sell,231800729
2024-08-15 11:05:22,39200.0,100,Sell,231800779
2024-08-15 11:05:22,39200.0,500,Sell,231800780
2024-08-15 11:05:39,39200.0,100,Sell,231801032
2024-08-15 11:05:49,39200.0,1900,Sell,231801163
2024-08-15 11:06:53,39250.0,100,Buy,231802010
2024-08-15 11:06:54,39200.0,100,Sell,231802015
2024-08-15 11:07:03,39200.0,100,Buy,231802234
2024-08-15 11:07:27,39200.0,200,Buy,231802542
2024-08-15 11:07:47,39200.0,100,Buy,231802796
2024-08-15 11:08:27,39150.0,100,Sell,231803491
2024-08-15 11:08:30,39150.0,200,Sell,231803528
2024-08-15 11:08:30,39150.0,200,Sell,231803527
2024-08-15 11:08:30,39150.0,200,Sell,231803529
2024-08-15 11:08:30,39150.0,1700,Sell,231803525
2024-08-15 11:08:30,39150.0,200,Sell,231803524
2024-08-15 11:08:30,39150.0,100,Sell,231803523
2024-08-15 11:08:30,39150.0,1000,Sell,231803526
2024-08-15 11:08:31,39150.0,1200,Sell,231803551
2024-08-15 11:08:31,39150.0,200,Sell,231803552
2024-08-15 11:08:31,39150.0,100,Sell,231803553
2024-08-15 11:08:31,39150.0,100,Sell,231803554
2024-08-15 11:08:31,39150.0,100,Sell,231803555
2024-08-15 11:08:39,39150.0,300,Sell,231803628
2024-08-15 11:09:39,39150.0,100,Sell,231804456
2024-08-15 11:09:44,39100.0,100,Sell,231804516
2024-08-15 11:09:44,39100.0,2000,Sell,231804518
2024-08-15 11:09:44,39100.0,2200,Sell,231804515
2024-08-15 11:09:44,39100.0,200,Sell,231804517
2024-08-15 11:09:44,39150.0,100,Sell,231804513
2024-08-15 11:09:44,39150.0,100,Sell,231804512
2024-08-15 11:09:44,39150.0,100,Sell,231804511
2024-08-15 11:09:44,39150.0,100,Sell,231804510
2024-08-15 11:09:44,39150.0,100,Sell,231804514
2024-08-15 11:10:07,39100.0,1800,Sell,231804845
2024-08-15 11:10:07,39100.0,1000,Sell,231804846
2024-08-15 11:10:07,39100.0,200,Sell,231804847
2024-08-15 11:10:24,39100.0,1000,Sell,231805133
2024-08-15 11:10:24,39100.0,4000,Sell,231805134
2024-08-15 11:10:25,39100.0,300,Sell,231805149
2024-08-15 11:10:25,39150.0,2000,Buy,231805150
2024-08-15 11:10:25,39150.0,2400,Buy,231805151
2024-08-15 11:10:41,39150.0,200,Buy,231805392
2024-08-15 11:10:44,39150.0,100,Buy,231805428
2024-08-15 11:10:48,39150.0,300,Buy,231805464
2024-08-15 11:10:58,39150.0,100,Buy,231805561
2024-08-15 11:10:58,39150.0,900,Buy,231805568
2024-08-15 11:10:58,39150.0,100,Buy,231805569
2024-08-15 11:11:12,39150.0,100,Sell,231805694
2024-08-15 11:11:45,39150.0,100,Sell,231806084
2024-08-15 11:11:58,39150.0,300,Sell,231806255
2024-08-15 11:11:58,39150.0,1000,Sell,231806256
2024-08-15 11:11:58,39150.0,500,Sell,231806257
2024-08-15 11:11:58,39150.0,100,Sell,231806258
2024-08-15 11:13:55,39150.0,100,Buy,231808099
2024-08-15 11:14:06,39150.0,500,Buy,231808378
2024-08-15 11:14:55,39100.0,300,Sell,231809053
2024-08-15 11:15:30,39100.0,5400,Sell,231809377
2024-08-15 11:15:30,39100.0,2900,Sell,231809379
2024-08-15 11:15:30,39100.0,500,Sell,231809389
2024-08-15 11:15:30,39100.0,3000,Sell,231809388
2024-08-15 11:15:30,39100.0,1000,Sell,231809387
2024-08-15 11:15:30,39100.0,500,Sell,231809386
2024-08-15 11:15:30,39100.0,10000,Sell,231809385
2024-08-15 11:15:30,39100.0,200,Sell,231809378
2024-08-15 11:15:30,39100.0,200,Sell,231809383
2024-08-15 11:15:30,39100.0,500,Sell,231809380
2024-08-15 11:15:30,39100.0,100,Sell,231809384
2024-08-15 11:15:30,39100.0,100,Sell,231809382
2024-08-15 11:15:30,39100.0,100,Sell,231809381
2024-08-15 11:15:31,39100.0,1000,Sell,231809415
2024-08-15 11:15:31,39100.0,100,Sell,231809416
2024-08-15 11:15:31,39100.0,500,Sell,231809414
2024-08-15 11:15:52,39050.0,200,Sell,231809797
2024-08-15 11:15:52,39050.0,300,Sell,231809796
2024-08-15 11:15:52,39050.0,1000,Sell,231809795
2024-08-15 11:15:52,39050.0,500,Sell,231809794
2024-08-15 11:15:52,39050.0,1000,Sell,231809793
2024-08-15 11:15:52,39050.0,300,Sell,231809792
2024-08-15 11:15:52,39050.0,1000,Sell,231809790
2024-08-15 11:15:52,39050.0,1000,Sell,231809789
2024-08-15 11:15:52,39050.0,100,Sell,231809788
2024-08-15 11:15:52,39050.0,2000,Sell,231809787
2024-08-15 11:15:52,39050.0,100,Sell,231809786
2024-08-15 11:15:52,39050.0,300,Sell,231809785
2024-08-15 11:15:52,39050.0,1000,Sell,231809791
2024-08-15 11:15:53,39050.0,2400,Sell,231809814
2024-08-15 11:15:53,39050.0,500,Sell,231809813
2024-08-15 11:15:53,39050.0,100,Sell,231809812
2024-08-15 11:15:53,39050.0,300,Sell,231809811
2024-08-15 11:15:53,39050.0,200,Sell,231809810
2024-08-15 11:15:53,39050.0,100,Sell,231809808
2024-08-15 11:15:53,39050.0,100,Sell,231809807
2024-08-15 11:15:53,39050.0,100,Sell,231809806
2024-08-15 11:15:53,39050.0,800,Sell,231809805
2024-08-15 11:15:53,39050.0,100,Sell,231809809
2024-08-15 11:15:58,39050.0,100,Sell,231809855
2024-08-15 11:16:00,39050.0,1000,Sell,231809876
2024-08-15 11:16:14,39050.0,200,Sell,231810085
2024-08-15 11:16:14,39050.0,2000,Sell,231810086
2024-08-15 11:16:23,39050.0,200,Buy,231810253
2024-08-15 11:16:43,39050.0,200,Buy,231810698
2024-08-15 11:17:02,39000.0,500,Sell,231811036
2024-08-15 11:17:03,39000.0,100,Sell,231811042
2024-08-15 11:17:07,39050.0,500,Buy,231811117
2024-08-15 11:17:11,39050.0,1400,Buy,231811154
2024-08-15 11:17:26,39050.0,200,Buy,231811869
2024-08-15 11:17:29,39050.0,200,Buy,231811905
2024-08-15 11:17:33,39050.0,100,Buy,231812121
2024-08-15 11:17:37,39050.0,100,Buy,231812282
2024-08-15 11:17:38,39050.0,4900,Buy,231812291
2024-08-15 11:17:38,39050.0,100,Buy,231812292
2024-08-15 11:17:49,39000.0,1400,Sell,231812553
2024-08-15 11:17:49,39000.0,100,Sell,231812554
2024-08-15 11:17:49,39000.0,700,Sell,231812555
2024-08-15 11:17:49,39000.0,2300,Sell,231812556
2024-08-15 11:17:53,39000.0,500,Sell,231812591
2024-08-15 11:17:54,39050.0,100,Buy,231812617
2024-08-15 11:18:15,39000.0,3200,Sell,231812928
2024-08-15 11:18:15,39000.0,100,Sell,231812929
2024-08-15 11:18:15,39000.0,1000,Sell,231812930
2024-08-15 11:18:15,39000.0,1000,Sell,231812931
2024-08-15 11:18:15,39000.0,100,Sell,231812932
2024-08-15 11:18:15,39000.0,300,Sell,231812933
2024-08-15 11:18:29,39000.0,300,Sell,231813138
2024-08-15 11:18:29,39000.0,200,Sell,231813139
2024-08-15 11:18:32,39000.0,1000,Sell,231813210
2024-08-15 11:18:32,39000.0,100,Sell,231813211
2024-08-15 11:18:32,39000.0,600,Sell,231813212
2024-08-15 11:18:32,39000.0,500,Sell,231813213
2024-08-15 11:18:32,39000.0,1000,Sell,231813214
2024-08-15 11:18:32,39000.0,100,Sell,231813219
2024-08-15 11:18:32,39000.0,1000,Sell,231813216
2024-08-15 11:18:32,39000.0,100,Sell,231813217
2024-08-15 11:18:32,39000.0,100,Sell,231813218
2024-08-15 11:18:32,39000.0,1000,Sell,231813220
2024-08-15 11:18:32,39000.0,100,Sell,231813221
2024-08-15 11:18:32,39000.0,100,Sell,231813215
2024-08-15 11:18:32,39000.0,500,Sell,231813208
2024-08-15 11:18:32,39000.0,500,Sell,231813209
2024-08-15 11:18:32,39000.0,500,Sell,231813206
2024-08-15 11:18:32,39000.0,100,Sell,231813207
2024-08-15 11:18:32,39000.0,100,Sell,231813194
2024-08-15 11:18:32,39000.0,100,Sell,231813195
2024-08-15 11:18:32,39000.0,500,Sell,231813196
2024-08-15 11:18:32,39000.0,1000,Sell,231813197
2024-08-15 11:18:32,39000.0,1000,Sell,231813198
2024-08-15 11:18:32,39000.0,1800,Sell,231813193
2024-08-15 11:18:32,39000.0,100,Sell,231813200
2024-08-15 11:18:32,39000.0,300,Sell,231813201
2024-08-15 11:18:32,39000.0,500,Sell,231813202
2024-08-15 11:18:32,39000.0,700,Sell,231813203
2024-08-15 11:18:32,39000.0,500,Sell,231813204
2024-08-15 11:18:32,39000.0,1000,Sell,231813205
2024-08-15 11:18:32,39000.0,100,Sell,231813199
2024-08-15 11:18:33,39000.0,500,Sell,231813229
2024-08-15 11:18:33,39000.0,4500,Sell,231813230
2024-08-15 11:18:33,39000.0,1000,Sell,231813227
2024-08-15 11:18:33,39000.0,500,Sell,231813228
2024-08-15 11:18:35,39000.0,1500,Sell,231813274
2024-08-15 11:18:35,39000.0,2900,Sell,231813275
2024-08-15 11:18:36,39000.0,2100,Sell,231813290
2024-08-15 11:18:36,39000.0,4400,Sell,231813291
2024-08-15 11:18:38,39000.0,700,Sell,231813354
2024-08-15 11:18:39,39000.0,300,Sell,231813374
2024-08-15 11:18:39,39000.0,100,Sell,231813372
2024-08-15 11:18:39,39000.0,1000,Sell,231813371
2024-08-15 11:18:39,39000.0,100,Sell,231813373
2024-08-15 11:18:39,39000.0,800,Sell,231813369
2024-08-15 11:18:39,39000.0,5000,Sell,231813368
2024-08-15 11:18:39,39000.0,4900,Sell,231813367
2024-08-15 11:18:39,39000.0,1000,Sell,231813370
2024-08-15 11:18:42,39000.0,700,Sell,231813481
2024-08-15 11:18:42,39000.0,1800,Sell,231813482
2024-08-15 11:18:44,39000.0,200,Sell,231813535
2024-08-15 11:18:44,39000.0,2000,Sell,231813536
2024-08-15 11:18:44,39000.0,2800,Sell,231813537
2024-08-15 11:18:45,39000.0,100,Sell,231813563
2024-08-15 11:18:45,39000.0,2700,Sell,231813556
2024-08-15 11:18:45,39000.0,100,Sell,231813555
2024-08-15 11:18:45,39000.0,100,Sell,231813554
2024-08-15 11:18:45,39000.0,100,Sell,231813553
2024-08-15 11:18:45,39000.0,1000,Sell,231813551
2024-08-15 11:18:45,39000.0,200,Sell,231813550
2024-08-15 11:18:45,39000.0,100,Sell,231813549
2024-08-15 11:18:45,39000.0,100,Sell,231813548
2024-08-15 11:18:45,39000.0,300,Sell,231813547
2024-08-15 11:18:45,39000.0,200,Sell,231813546
2024-08-15 11:18:45,39000.0,100,Sell,231813552
2024-08-15 11:18:47,39000.0,200,Sell,231813608
2024-08-15 11:18:47,39000.0,600,Sell,231813613
2024-08-15 11:18:47,39000.0,1000,Sell,231813612
2024-08-15 11:18:47,39000.0,1000,Sell,231813611
2024-08-15 11:18:47,39000.0,100,Sell,231813610
2024-08-15 11:18:47,39000.0,100,Sell,231813609
2024-08-15 11:18:47,39000.0,3000,Sell,231813607
2024-08-15 11:18:47,39000.0,1000,Sell,231813606
2024-08-15 11:18:47,39000.0,100,Sell,231813604
2024-08-15 11:18:47,39000.0,100,Sell,231813603
2024-08-15 11:18:47,39000.0,900,Sell,231813602
2024-08-15 11:18:47,39000.0,200,Sell,231813601
2024-08-15 11:18:47,39000.0,200,Sell,231813600
2024-08-15 11:18:47,39000.0,100,Sell,231813599
2024-08-15 11:18:47,39000.0,200,Sell,231813598
2024-08-15 11:18:47,39000.0,200,Sell,231813597
2024-08-15 11:18:47,39000.0,1000,Sell,231813605
2024-08-15 11:18:48,39000.0,100,Sell,231813633
2024-08-15 11:18:57,38950.0,100,Sell,231813762
2024-08-15 11:18:57,38950.0,300,Sell,231813763
2024-08-15 11:18:57,38950.0,500,Sell,231813764
2024-08-15 11:18:58,38950.0,500,Sell,231813804
2024-08-15 11:18:59,38950.0,100,Sell,231813858
2024-08-15 11:18:59,38950.0,1500,Sell,231813841
2024-08-15 11:18:59,38950.0,600,Sell,231813842
2024-08-15 11:19:10,38950.0,300,Sell,231814013
2024-08-15 11:19:10,38950.0,100,Sell,231814014
2024-08-15 11:19:10,38950.0,200,Sell,231814015
2024-08-15 11:19:10,38950.0,200,Sell,231814016
2024-08-15 11:19:20,38850.0,100,Sell,231814262
2024-08-15 11:19:20,38850.0,400,Sell,231814263
2024-08-15 11:19:20,38850.0,100,Sell,231814264
2024-08-15 11:19:20,38850.0,500,Sell,231814265
2024-08-15 11:19:20,38900.0,100,Sell,231814249
2024-08-15 11:19:20,38800.0,100,Sell,231814267
2024-08-15 11:19:20,38800.0,100,Sell,231814268
2024-08-15 11:19:20,38800.0,1800,Sell,231814269
2024-08-15 11:19:20,38800.0,100,Sell,231814266
2024-08-15 11:19:20,38900.0,500,Sell,231814248
2024-08-15 11:19:20,38900.0,500,Sell,231814240
2024-08-15 11:19:20,38900.0,1000,Sell,231814246
2024-08-15 11:19:20,38900.0,200,Sell,231814237
2024-08-15 11:19:20,38900.0,100,Sell,231814238
2024-08-15 11:19:20,38900.0,100,Sell,231814239
2024-08-15 11:19:20,38900.0,100,Sell,231814241
2024-08-15 11:19:20,38900.0,2000,Sell,231814247
2024-08-15 11:19:20,38900.0,300,Sell,231814243
2024-08-15 11:19:20,38900.0,100,Sell,231814244
2024-08-15 11:19:20,38900.0,800,Sell,231814245
2024-08-15 11:19:20,38900.0,5000,Sell,231814242
2024-08-15 11:19:43,38800.0,200,Sell,231814626
2024-08-15 11:19:44,38800.0,600,Sell,231814630
2024-08-15 11:19:50,38800.0,200,Sell,231814835
2024-08-15 11:19:50,38800.0,800,Sell,231814834
2024-08-15 11:19:50,38800.0,400,Sell,231814823
2024-08-15 11:19:50,38800.0,200,Sell,231814824
2024-08-15 11:19:50,38800.0,400,Sell,231814822
2024-08-15 11:20:01,38800.0,200,Sell,231815078
2024-08-15 11:20:01,38800.0,4800,Sell,231815073
2024-08-15 11:20:01,38800.0,100,Sell,231815074
2024-08-15 11:20:01,38800.0,500,Sell,231815075
2024-08-15 11:20:01,38800.0,2200,Sell,231815076
2024-08-15 11:20:01,38800.0,100,Sell,231815077
2024-08-15 11:20:04,38800.0,500,Buy,231815102
2024-08-15 11:20:24,38800.0,400,Buy,231815532
2024-08-15 11:20:38,38750.0,400,Sell,231815782
2024-08-15 11:20:38,38750.0,100,Sell,231815783
2024-08-15 11:20:38,38750.0,100,Sell,231815784
2024-08-15 11:20:38,38750.0,100,Sell,231815785
2024-08-15 11:20:38,38750.0,200,Sell,231815786
2024-08-15 11:20:38,38750.0,1000,Sell,231815787
2024-08-15 11:20:38,38750.0,200,Sell,231815788
2024-08-15 11:20:40,38750.0,100,Buy,231815814
2024-08-15 11:20:44,38750.0,300,Buy,231815850
2024-08-15 11:20:55,38800.0,100,Buy,231816051
2024-08-15 11:21:01,38750.0,100,Sell,231816229
2024-08-15 11:21:01,38750.0,1200,Sell,231816216
2024-08-15 11:21:01,38750.0,100,Sell,231816217
2024-08-15 11:21:01,38750.0,700,Sell,231816218
2024-08-15 11:21:02,38800.0,200,Buy,231816238
2024-08-15 11:21:02,38800.0,500,Buy,231816271
2024-08-15 11:21:06,38750.0,200,Sell,231816453
2024-08-15 11:21:06,38750.0,200,Sell,231816454
2024-08-15 11:21:09,38800.0,200,Buy,231816500
2024-08-15 11:21:20,38750.0,100,Sell,231816694
2024-08-15 11:21:20,38750.0,100,Sell,231816695
2024-08-15 11:21:20,38750.0,1000,Sell,231816693
2024-08-15 11:21:20,38750.0,1800,Sell,231816692
2024-08-15 11:21:21,38800.0,200,Buy,231816702
2024-08-15 11:21:21,38800.0,800,Buy,231816703
2024-08-15 11:21:47,38800.0,300,Buy,231817184
2024-08-15 11:21:47,38800.0,700,Buy,231817185
2024-08-15 11:21:52,38800.0,200,Buy,231817280
2024-08-15 11:21:53,38800.0,100,Buy,231817312
2024-08-15 11:21:53,38800.0,2700,Buy,231817313
2024-08-15 11:21:53,38800.0,100,Buy,231817314
2024-08-15 11:21:53,38800.0,100,Buy,231817315
2024-08-15 11:22:01,38750.0,1000,Sell,231817501
2024-08-15 11:22:01,38750.0,100,Sell,231817499
2024-08-15 11:22:01,38750.0,100,Sell,231817500
2024-08-15 11:22:12,38750.0,300,Buy,231817660
2024-08-15 11:22:15,38750.0,400,Buy,231817764
2024-08-15 11:22:22,38750.0,200,Buy,231817936
2024-08-15 11:22:22,38700.0,1000,Sell,231817913
2024-08-15 11:22:22,38700.0,100,Sell,231817915
2024-08-15 11:22:22,38700.0,200,Sell,231817914
2024-08-15 11:22:22,38700.0,1000,Sell,231817912
2024-08-15 11:22:22,38700.0,600,Sell,231817916
2024-08-15 11:22:22,38700.0,1000,Sell,231817910
2024-08-15 11:22:22,38700.0,100,Sell,231817909
2024-08-15 11:22:22,38700.0,100,Sell,231817908
2024-08-15 11:22:22,38700.0,500,Sell,231817907
2024-08-15 11:22:22,38700.0,300,Sell,231817906
2024-08-15 11:22:22,38700.0,100,Sell,231817911
2024-08-15 11:22:29,38700.0,500,Sell,231818086
2024-08-15 11:22:31,38700.0,3900,Sell,231818101
2024-08-15 11:22:31,38700.0,2100,Buy,231818108
2024-08-15 11:22:34,38750.0,2000,Buy,231818224
2024-08-15 11:22:37,38700.0,500,Sell,231818308
2024-08-15 11:22:38,38700.0,10000,Sell,231818321
2024-08-15 11:22:52,38750.0,5000,Buy,231818623
2024-08-15 11:22:58,38750.0,900,Buy,231818737
2024-08-15 11:22:58,38750.0,100,Buy,231818738
2024-08-15 11:23:00,38700.0,200,Sell,231818757
2024-08-15 11:23:04,38700.0,200,Sell,231818820
2024-08-15 11:23:05,38700.0,200,Sell,231818828
2024-08-15 11:23:05,38700.0,800,Sell,231818829
2024-08-15 11:23:08,38750.0,2000,Buy,231818930
2024-08-15 11:23:09,38750.0,100,Sell,231818945
2024-08-15 11:23:09,38700.0,400,Sell,231818946
2024-08-15 11:23:18,38750.0,200,Sell,231819069
2024-08-15 11:23:18,38750.0,1000,Sell,231819070
2024-08-15 11:23:29,38700.0,1200,Sell,231819269
2024-08-15 11:23:30,38750.0,200,Sell,231819275
2024-08-15 11:23:37,38750.0,500,Sell,231819382
2024-08-15 11:23:38,38750.0,300,Sell,231819402
2024-08-15 11:23:44,38700.0,100,Sell,231819491
2024-08-15 11:23:44,38700.0,100,Sell,231819492
2024-08-15 11:23:44,38700.0,2600,Sell,231819489
2024-08-15 11:23:44,38700.0,200,Sell,231819490
2024-08-15 11:24:25,38750.0,100,Buy,231820577
2024-08-15 11:24:28,38700.0,200,Sell,231820703
2024-08-15 11:24:28,38700.0,500,Sell,231820704
2024-08-15 11:24:28,38700.0,200,Sell,231820705
2024-08-15 11:24:28,38700.0,800,Sell,231820706
2024-08-15 11:24:32,38750.0,100,Buy,231820769
2024-08-15 11:24:43,38750.0,300,Buy,231820944
2024-08-15 11:24:49,38750.0,200,Sell,231821038
2024-08-15 11:24:49,38750.0,800,Sell,231821039
2024-08-15 11:25:04,38750.0,100,Sell,231821406
2024-08-15 11:25:04,38750.0,200,Sell,231821405
2024-08-15 11:25:27,38750.0,200,Sell,231821846
2024-08-15 11:25:27,38750.0,200,Sell,231821847
2024-08-15 11:25:34,38750.0,500,Sell,231821993
2024-08-15 11:25:50,38750.0,300,Sell,231822286
2024-08-15 11:25:50,38750.0,100,Sell,231822287
2024-08-15 11:25:50,38750.0,300,Sell,231822288
2024-08-15 11:26:11,38750.0,500,Sell,231822591
2024-08-15 11:26:21,38750.0,100,Sell,231822760
2024-08-15 11:26:21,38750.0,200,Sell,231822759
2024-08-15 11:26:21,38750.0,100,Sell,231822758
2024-08-15 11:26:21,38750.0,100,Sell,231822761
2024-08-15 11:26:21,38750.0,800,Sell,231822756
2024-08-15 11:26:21,38750.0,100,Sell,231822757
2024-08-15 11:26:21,38750.0,200,Sell,231822755
2024-08-15 11:26:21,38750.0,200,Sell,231822754
2024-08-15 11:26:29,38700.0,200,Sell,231822863
2024-08-15 11:26:29,38700.0,100,Sell,231822864
2024-08-15 11:26:29,38700.0,200,Sell,231822865
2024-08-15 11:26:29,38700.0,300,Sell,231822866
2024-08-15 11:26:29,38700.0,200,Sell,231822867
2024-08-15 11:26:29,38750.0,1000,Buy,231822872
2024-08-15 11:26:31,38750.0,1400,Buy,231822900
2024-08-15 11:26:31,38750.0,100,Buy,231822901
2024-08-15 11:26:35,38750.0,200,Buy,231822940
2024-08-15 11:26:41,38750.0,100,Buy,231823059
2024-08-15 11:26:43,38750.0,500,Buy,231823138
2024-08-15 11:26:53,38750.0,100,Buy,231823286
2024-08-15 11:26:58,38700.0,500,Sell,231823431
2024-08-15 11:26:58,38700.0,100,Sell,231823432
2024-08-15 11:26:58,38700.0,100,Sell,231823430
2024-08-15 11:26:58,38700.0,200,Sell,231823428
2024-08-15 11:26:58,38700.0,200,Sell,231823427
2024-08-15 11:26:58,38700.0,300,Sell,231823426
2024-08-15 11:26:58,38700.0,2500,Sell,231823429
2024-08-15 11:27:24,38700.0,200,Sell,231824004
2024-08-15 11:27:24,38700.0,400,Sell,231824005
2024-08-15 11:27:24,38700.0,100,Sell,231824006
2024-08-15 11:27:24,38700.0,100,Sell,231824007
2024-08-15 11:27:24,38700.0,200,Sell,231824008
2024-08-15 11:27:33,38700.0,200,Buy,231824255
2024-08-15 11:27:43,38700.0,100,Buy,231824373
2024-08-15 11:27:44,38700.0,100,Buy,231824392
2024-08-15 11:27:47,38650.0,400,Sell,231824424
2024-08-15 11:27:47,38650.0,300,Sell,231824423
2024-08-15 11:27:50,38650.0,100,Sell,231824481
2024-08-15 11:27:50,38650.0,100,Sell,231824482
2024-08-15 11:27:50,38650.0,200,Sell,231824483
2024-08-15 11:27:50,38650.0,5000,Sell,231824484
2024-08-15 11:27:50,38650.0,500,Sell,231824485
2024-08-15 11:27:50,38650.0,100,Sell,231824486
2024-08-15 11:27:50,38650.0,600,Sell,231824480
2024-08-15 11:27:59,38650.0,200,Buy,231824607
2024-08-15 11:28:06,38600.0,500,Sell,231824722
2024-08-15 11:28:06,38600.0,300,Sell,231824723
2024-08-15 11:28:07,38600.0,200,Sell,231824740
2024-08-15 11:28:19,38600.0,500,Sell,231824937
2024-08-15 11:28:19,38600.0,100,Sell,231824938
2024-08-15 11:28:19,38600.0,100,Sell,231824939
2024-08-15 11:28:20,38600.0,1000,Sell,231824951
2024-08-15 11:28:20,38600.0,2000,Sell,231824950
2024-08-15 11:28:20,38600.0,1300,Sell,231824952
2024-08-15 11:28:20,38600.0,300,Sell,231824948
2024-08-15 11:28:20,38600.0,500,Sell,231824949
2024-08-15 11:28:20,38600.0,900,Sell,231824947
2024-08-15 11:28:21,38600.0,500,Sell,231824963
2024-08-15 11:28:22,38600.0,100,Sell,231824994
2024-08-15 11:28:25,38650.0,100,Buy,231825034
2024-08-15 11:28:29,38600.0,1800,Sell,231825092
2024-08-15 11:28:31,38600.0,2000,Sell,231825142
2024-08-15 11:28:31,38600.0,100,Sell,231825140
2024-08-15 11:28:31,38600.0,200,Sell,231825141
2024-08-15 11:28:31,38600.0,400,Sell,231825138
2024-08-15 11:28:31,38600.0,300,Sell,231825137
2024-08-15 11:28:31,38600.0,200,Sell,231825139
2024-08-15 11:28:41,38600.0,1000,Buy,231825402
2024-08-15 11:28:41,38600.0,100,Buy,231825392
2024-08-15 11:28:46,38600.0,200,Buy,231825491
2024-08-15 11:28:47,38600.0,2000,Buy,231825502
2024-08-15 11:28:48,38600.0,100,Buy,231825544
2024-08-15 11:28:50,38600.0,100,Buy,231825563
2024-08-15 11:28:50,38550.0,500,Sell,231825564
2024-08-15 11:28:50,38550.0,100,Sell,231825565
2024-08-15 11:28:52,38600.0,1800,Buy,231825590
2024-08-15 11:28:54,38550.0,100,Sell,231825626
2024-08-15 11:28:54,38550.0,500,Sell,231825625
2024-08-15 11:29:01,38600.0,200,Buy,231825750
2024-08-15 11:29:02,38600.0,600,Buy,231825758
2024-08-15 11:29:02,38600.0,600,Buy,231825759
2024-08-15 11:29:04,38600.0,1000,Buy,231825783
2024-08-15 11:29:05,38600.0,1000,Buy,231825802
2024-08-15 11:29:17,38650.0,200,Buy,231826056
2024-08-15 11:29:35,38600.0,100,Sell,231826558
2024-08-15 11:29:37,38650.0,100,Buy,231826594
2024-08-15 12:59:38,38650.0,2000,Buy,231826931
2024-08-15 12:59:38,38550.0,3200,Sell,231826930
