time,price,volume,match_type,id
2024-08-27 09:14:37,38200.0,11800,ATO/ATC,234885159
2024-08-27 09:15:05,38200.0,900,Sell,234885864
2024-08-27 09:15:34,38200.0,400,Buy,234886321
2024-08-27 09:15:34,38200.0,100,Buy,234886320
2024-08-27 09:15:40,38200.0,100,Buy,234886437
2024-08-27 09:15:45,38200.0,500,Buy,234886554
2024-08-27 09:16:05,38200.0,100,Sell,234886883
2024-08-27 09:16:08,38200.0,100,Buy,234886939
2024-08-27 09:16:14,38200.0,800,Buy,234887028
2024-08-27 09:16:24,38200.0,1500,Sell,234887246
2024-08-27 09:16:31,38200.0,500,Sell,234887417
2024-08-27 09:16:34,38200.0,100,Sell,234887473
2024-08-27 09:16:35,38200.0,1000,Sell,234887494
2024-08-27 09:16:59,38200.0,1000,Sell,234888005
2024-08-27 09:17:03,38200.0,100,Sell,234888046
2024-08-27 09:17:03,38200.0,400,Sell,234888047
2024-08-27 09:17:09,38200.0,300,Sell,234888223
2024-08-27 09:17:09,38200.0,700,Sell,234888222
2024-08-27 09:17:53,38300.0,100,Buy,234889135
2024-08-27 09:18:14,38300.0,200,Buy,234889649
2024-08-27 09:18:25,38300.0,200,Buy,234889886
2024-08-27 09:18:43,38300.0,500,Buy,234890290
2024-08-27 09:18:43,38300.0,1000,Buy,234890291
2024-08-27 09:19:00,38350.0,100,Buy,234890606
2024-08-27 09:19:08,38350.0,300,Buy,234890749
2024-08-27 09:19:08,38350.0,200,Buy,234890750
2024-08-27 09:19:11,38350.0,200,Buy,234890800
2024-08-27 09:19:12,38350.0,1300,Buy,234890820
2024-08-27 09:19:18,38400.0,400,Buy,234891024
2024-08-27 09:19:18,38400.0,100,Buy,234891023
2024-08-27 09:19:18,38400.0,100,Buy,234891021
2024-08-27 09:19:18,38400.0,900,Buy,234891022
2024-08-27 09:19:22,38400.0,100,Buy,234891106
2024-08-27 09:19:36,38500.0,100,Buy,234891442
2024-08-27 09:19:36,38500.0,100,Buy,234891451
2024-08-27 09:19:36,38400.0,200,Sell,234891454
2024-08-27 09:19:36,38400.0,200,Sell,234891455
2024-08-27 09:19:43,38400.0,600,Buy,234891611
2024-08-27 09:19:43,38500.0,1900,Buy,234891612
2024-08-27 09:19:43,38500.0,1000,Buy,234891613
2024-08-27 09:19:43,38500.0,1700,Buy,234891614
2024-08-27 09:19:43,38500.0,2800,Buy,234891615
2024-08-27 09:19:49,38500.0,2000,Buy,234891741
2024-08-27 09:19:56,38500.0,100,Buy,234891880
2024-08-27 09:20:02,38500.0,100,Buy,234892032
2024-08-27 09:20:10,38500.0,100,Sell,234892193
2024-08-27 09:20:13,38500.0,800,Sell,234892278
2024-08-27 09:20:13,38500.0,2000,Sell,234892279
2024-08-27 09:20:13,38500.0,500,Sell,234892280
2024-08-27 09:20:13,38450.0,700,Sell,234892281
2024-08-27 09:20:34,38550.0,500,Buy,234892761
2024-08-27 09:20:34,38550.0,100,Buy,234892762
2024-08-27 09:20:35,38500.0,100,Sell,234892784
2024-08-27 09:20:38,38550.0,100,Buy,234892825
2024-08-27 09:20:46,38550.0,100,Buy,234892954
2024-08-27 09:20:55,38600.0,100,Buy,234893126
2024-08-27 09:20:57,38650.0,2000,Buy,234893185
2024-08-27 09:21:07,38650.0,500,Sell,234893426
2024-08-27 09:21:08,38650.0,100,Sell,234893447
2024-08-27 09:21:08,38650.0,500,Sell,234893446
2024-08-27 09:21:12,38650.0,5000,Buy,234893553
2024-08-27 09:21:14,38650.0,1000,Buy,234893613
2024-08-27 09:21:14,38650.0,1000,Buy,234893634
2024-08-27 09:21:18,38650.0,2400,Buy,234893740
2024-08-27 09:21:18,38750.0,100,Buy,234893741
2024-08-27 09:21:18,38750.0,100,Buy,234893742
2024-08-27 09:21:19,38750.0,500,Sell,234893767
2024-08-27 09:21:26,38750.0,100,Sell,234893943
2024-08-27 09:21:32,38800.0,2000,Buy,234894055
2024-08-27 09:21:33,38750.0,100,Sell,234894095
2024-08-27 09:21:40,38750.0,500,Sell,234894213
2024-08-27 09:21:40,38800.0,100,Buy,234894219
2024-08-27 09:21:40,38800.0,1900,Buy,234894220
2024-08-27 09:21:43,38750.0,2000,Sell,234894350
2024-08-27 09:21:47,38800.0,400,Buy,234894454
2024-08-27 09:21:51,38800.0,200,Buy,234894529
2024-08-27 09:21:54,38800.0,100,Buy,234894623
2024-08-27 09:21:54,38800.0,400,Buy,234894624
2024-08-27 09:21:54,38800.0,2500,Buy,234894622
2024-08-27 09:21:59,38800.0,300,Buy,234894757
2024-08-27 09:22:00,38800.0,2800,Buy,234894787
2024-08-27 09:22:09,38850.0,100,Buy,234895026
2024-08-27 09:22:09,38850.0,100,Buy,234895027
2024-08-27 09:22:11,38800.0,200,Sell,234895081
2024-08-27 09:22:11,38800.0,500,Sell,234895082
2024-08-27 09:22:11,38800.0,2000,Sell,234895083
2024-08-27 09:22:11,38800.0,300,Sell,234895084
2024-08-27 09:22:16,38850.0,200,Buy,234895183
2024-08-27 09:22:31,38900.0,100,Buy,234895571
2024-08-27 09:22:31,38950.0,100,Buy,234895572
2024-08-27 09:22:31,38900.0,200,Buy,234895570
2024-08-27 09:22:31,38900.0,100,Buy,234895565
2024-08-27 09:22:31,38900.0,100,Buy,234895568
2024-08-27 09:22:31,38900.0,200,Buy,234895567
2024-08-27 09:22:31,38900.0,100,Buy,234895566
2024-08-27 09:22:31,38900.0,100,Buy,234895569
2024-08-27 09:22:40,38900.0,200,Sell,234895810
2024-08-27 09:22:43,38900.0,400,Sell,234895870
2024-08-27 09:22:43,38850.0,100,Sell,234895871
2024-08-27 09:22:45,38950.0,100,Buy,234895911
2024-08-27 09:22:49,38900.0,1000,Buy,234895958
2024-08-27 09:22:55,38900.0,1500,Buy,234896081
2024-08-27 09:22:55,38900.0,2000,Buy,234896082
2024-08-27 09:22:55,38900.0,1500,Buy,234896083
2024-08-27 09:23:03,38900.0,100,Buy,234896262
2024-08-27 09:23:04,38850.0,400,Sell,234896286
2024-08-27 09:23:04,38850.0,1000,Sell,234896287
2024-08-27 09:23:04,38850.0,100,Sell,234896288
2024-08-27 09:23:04,38850.0,700,Sell,234896285
2024-08-27 09:23:13,38800.0,900,Buy,234896557
2024-08-27 09:23:13,38850.0,3800,Buy,234896558
2024-08-27 09:23:13,38750.0,300,Sell,234896589
2024-08-27 09:23:13,38750.0,100,Sell,234896590
2024-08-27 09:23:13,38750.0,2100,Sell,234896591
2024-08-27 09:23:20,38750.0,100,Sell,234896748
2024-08-27 09:23:23,38850.0,100,Buy,234896841
2024-08-27 09:23:23,38850.0,3500,Buy,234896839
2024-08-27 09:23:23,38850.0,1000,Buy,234896840
2024-08-27 09:23:26,38750.0,100,Sell,234896909
2024-08-27 09:23:29,38800.0,2900,Buy,234896956
2024-08-27 09:23:37,38800.0,100,Buy,234897201
2024-08-27 09:23:37,38800.0,600,Buy,234897202
2024-08-27 09:23:40,38800.0,200,Buy,234897267
2024-08-27 09:23:43,38750.0,100,Sell,234897374
2024-08-27 09:23:44,38800.0,200,Buy,234897387
2024-08-27 09:23:45,38800.0,500,Buy,234897409
2024-08-27 09:23:53,38800.0,300,Buy,234897578
2024-08-27 09:23:53,38800.0,100,Buy,234897579
2024-08-27 09:23:53,38800.0,100,Buy,234897580
2024-08-27 09:23:56,38800.0,1000,Buy,234897636
2024-08-27 09:24:15,38750.0,200,Sell,234898120
2024-08-27 09:24:15,38750.0,1000,Sell,234898119
2024-08-27 09:24:16,38750.0,2000,Sell,234898169
2024-08-27 09:24:19,38750.0,1200,Sell,234898247
2024-08-27 09:24:21,38750.0,1600,Sell,234898296
2024-08-27 09:24:21,38750.0,1100,Sell,234898297
2024-08-27 09:24:24,38750.0,1100,Buy,234898358
2024-08-27 09:24:25,38750.0,200,Buy,234898368
2024-08-27 09:24:30,38750.0,100,Buy,234898485
2024-08-27 09:24:35,38750.0,900,Buy,234898547
2024-08-27 09:24:35,38750.0,500,Buy,234898548
2024-08-27 09:24:35,38750.0,500,Buy,234898549
2024-08-27 09:24:40,38750.0,8100,Sell,234898638
2024-08-27 09:24:55,38750.0,400,Buy,234899028
2024-08-27 09:24:55,38750.0,100,Buy,234899038
2024-08-27 09:24:55,38750.0,600,Buy,234899026
2024-08-27 09:24:55,38750.0,2000,Buy,234899027
2024-08-27 09:25:22,38700.0,500,Sell,234899601
2024-08-27 09:25:23,38700.0,1500,Sell,234899630
2024-08-27 09:25:23,38600.0,300,Sell,234899631
2024-08-27 09:25:27,38600.0,3000,Buy,234899700
2024-08-27 09:25:40,38600.0,200,Buy,234899958
2024-08-27 09:25:45,38550.0,100,Sell,234900058
2024-08-27 09:25:45,38600.0,100,Buy,234900070
2024-08-27 09:25:48,38600.0,300,Buy,234900134
2024-08-27 09:25:51,38600.0,200,Buy,234900179
2024-08-27 09:25:52,38600.0,1000,Buy,234900214
2024-08-27 09:25:56,38600.0,100,Buy,234900267
2024-08-27 09:25:57,38600.0,5000,Buy,234900289
2024-08-27 09:25:57,38600.0,1200,Buy,234900288
2024-08-27 09:25:57,38600.0,2300,Buy,234900287
2024-08-27 09:26:05,38600.0,300,Sell,234900475
2024-08-27 09:26:14,38600.0,500,Buy,234900678
2024-08-27 09:26:14,38600.0,200,Buy,234900679
2024-08-27 09:26:15,38600.0,800,Sell,234900746
2024-08-27 09:26:15,38550.0,200,Sell,234900747
2024-08-27 09:26:52,38600.0,400,Sell,234901637
2024-08-27 09:27:13,38600.0,100,Sell,234902044
2024-08-27 09:27:26,38600.0,2900,Buy,234902400
2024-08-27 09:27:40,38600.0,200,Sell,234902689
2024-08-27 09:27:55,38600.0,100,Sell,234903173
2024-08-27 09:28:01,38700.0,100,Buy,234903378
2024-08-27 09:28:01,38700.0,5000,Buy,234903379
2024-08-27 09:28:01,38700.0,500,Buy,234903377
2024-08-27 09:28:01,38650.0,100,Buy,234903374
2024-08-27 09:28:01,38650.0,300,Buy,234903375
2024-08-27 09:28:01,38650.0,200,Buy,234903373
2024-08-27 09:28:01,38650.0,500,Buy,234903376
2024-08-27 09:28:22,38750.0,3000,Buy,234903831
2024-08-27 09:28:22,38750.0,500,Buy,234903830
2024-08-27 09:28:22,38750.0,2000,Buy,234903832
2024-08-27 09:28:22,38750.0,300,Buy,234903828
2024-08-27 09:28:22,38750.0,200,Buy,234903827
2024-08-27 09:28:22,38750.0,500,Buy,234903826
2024-08-27 09:28:22,38750.0,200,Buy,234903829
2024-08-27 09:28:34,38800.0,1700,Buy,234904170
2024-08-27 09:28:34,38800.0,1000,Buy,234904177
2024-08-27 09:28:34,38800.0,4500,Buy,234904176
2024-08-27 09:28:34,38800.0,3000,Buy,234904174
2024-08-27 09:28:34,38800.0,400,Buy,234904173
2024-08-27 09:28:34,38800.0,100,Buy,234904172
2024-08-27 09:28:34,38800.0,500,Buy,234904171
2024-08-27 09:28:34,38800.0,100,Buy,234904169
2024-08-27 09:28:34,38800.0,500,Buy,234904175
2024-08-27 09:28:34,38800.0,2000,Buy,234904167
2024-08-27 09:28:34,38800.0,100,Buy,234904166
2024-08-27 09:28:34,38800.0,100,Buy,234904165
2024-08-27 09:28:34,38800.0,10000,Buy,234904164
2024-08-27 09:28:34,38800.0,500,Buy,234904163
2024-08-27 09:28:34,38800.0,300,Buy,234904162
2024-08-27 09:28:34,38800.0,2000,Buy,234904161
2024-08-27 09:28:34,38800.0,100,Buy,234904160
2024-08-27 09:28:34,38800.0,100,Buy,234904159
2024-08-27 09:28:34,38800.0,200,Buy,234904168
2024-08-27 09:28:48,38850.0,2200,Buy,234904777
2024-08-27 09:28:48,38850.0,100,Buy,234904774
2024-08-27 09:28:48,38850.0,3000,Buy,234904775
2024-08-27 09:28:48,38850.0,100,Buy,234904776
2024-08-27 09:28:51,38850.0,300,Buy,234904861
2024-08-27 09:29:01,38850.0,200,Buy,234905299
2024-08-27 09:29:10,38850.0,1000,Buy,234905530
2024-08-27 09:29:12,38850.0,1000,Buy,234905577
2024-08-27 09:29:12,38850.0,300,Buy,234905576
2024-08-27 09:29:12,38850.0,1500,Buy,234905567
2024-08-27 09:29:12,38850.0,100,Buy,234905574
2024-08-27 09:29:12,38850.0,1000,Buy,234905575
2024-08-27 09:29:17,38850.0,300,Sell,234905828
2024-08-27 09:29:29,38850.0,200,Sell,234906202
2024-08-27 09:29:29,38850.0,400,Sell,234906203
2024-08-27 09:29:29,38850.0,500,Sell,234906204
2024-08-27 09:29:29,38850.0,500,Sell,234906205
2024-08-27 09:29:32,38850.0,500,Buy,234906316
2024-08-27 09:29:46,38850.0,900,Buy,234906666
2024-08-27 09:29:46,38850.0,700,Buy,234906667
2024-08-27 09:29:46,38850.0,2000,Buy,234906668
2024-08-27 09:29:56,38850.0,800,Sell,234907061
2024-08-27 09:30:03,38850.0,500,Sell,234907285
2024-08-27 09:30:03,38850.0,200,Sell,234907262
2024-08-27 09:30:03,38850.0,400,Sell,234907284
2024-08-27 09:30:11,38850.0,1100,Buy,234907536
2024-08-27 09:30:18,38850.0,200,Sell,234907817
2024-08-27 09:30:22,38850.0,1000,Sell,234908016
2024-08-27 09:30:26,38850.0,200,Sell,234908178
2024-08-27 09:30:29,38850.0,700,Sell,234908253
2024-08-27 09:30:29,38850.0,100,Sell,234908254
2024-08-27 09:30:45,38800.0,100,Sell,234908958
2024-08-27 09:30:48,38850.0,1200,Buy,234909045
2024-08-27 09:30:48,38850.0,500,Buy,234909046
2024-08-27 09:30:48,38850.0,2000,Buy,234909047
2024-08-27 09:30:48,38850.0,100,Buy,234909048
2024-08-27 09:30:49,38850.0,1200,Sell,234909055
2024-08-27 09:30:49,38800.0,1400,Sell,234909056
2024-08-27 09:30:58,38850.0,200,Buy,234909419
2024-08-27 09:30:58,38850.0,600,Sell,234909420
2024-08-27 09:31:08,38800.0,100,Sell,234909795
2024-08-27 09:31:19,38800.0,100,Sell,234910060
2024-08-27 09:31:43,38800.0,600,Sell,234910949
2024-08-27 09:31:46,38850.0,1400,Buy,234911043
2024-08-27 09:31:46,38850.0,1500,Buy,234911044
2024-08-27 09:31:46,38850.0,1600,Buy,234911045
2024-08-27 09:31:59,38800.0,500,Sell,234911461
2024-08-27 09:32:10,38850.0,100,Buy,234911787
2024-08-27 09:32:10,38850.0,200,Buy,234911786
2024-08-27 09:32:10,38850.0,2000,Buy,234911788
2024-08-27 09:32:10,38850.0,200,Buy,234911784
2024-08-27 09:32:10,38850.0,400,Buy,234911783
2024-08-27 09:32:10,38850.0,100,Buy,234911785
2024-08-27 09:32:32,38800.0,5000,Sell,234912427
2024-08-27 09:32:40,38800.0,3000,Sell,234912696
2024-08-27 09:32:44,38800.0,300,Sell,234912796
2024-08-27 09:32:44,38800.0,200,Sell,234912797
2024-08-27 09:32:44,38800.0,500,Sell,234912798
2024-08-27 09:32:44,38800.0,100,Sell,234912799
2024-08-27 09:32:44,38800.0,1600,Sell,234912800
2024-08-27 09:32:44,38800.0,1300,Sell,234912801
2024-08-27 09:32:49,38800.0,3000,Sell,234912974
2024-08-27 09:32:51,38800.0,200,Sell,234913028
2024-08-27 09:32:54,38800.0,300,Sell,234913106
2024-08-27 09:33:02,38800.0,300,Sell,234913358
2024-08-27 09:33:02,38800.0,200,Sell,234913337
2024-08-27 09:33:02,38800.0,300,Sell,234913338
2024-08-27 09:33:03,38800.0,1800,Sell,234913387
2024-08-27 09:33:40,38800.0,3000,Buy,234914305
2024-08-27 09:33:43,38700.0,3300,Sell,234914369
2024-08-27 09:33:43,38700.0,700,Sell,234914370
2024-08-27 09:33:43,38700.0,200,Sell,234914371
2024-08-27 09:33:43,38700.0,1000,Sell,234914372
2024-08-27 09:34:38,38600.0,200,Sell,234916073
2024-08-27 09:34:38,38600.0,100,Sell,234916074
2024-08-27 09:34:38,38600.0,1000,Sell,234916075
2024-08-27 09:34:38,38600.0,700,Sell,234916076
2024-08-27 09:34:41,38700.0,3000,Buy,234916205
2024-08-27 09:34:41,38700.0,500,Buy,234916206
2024-08-27 09:34:41,38700.0,800,Buy,234916203
2024-08-27 09:34:41,38700.0,1000,Buy,234916204
2024-08-27 09:34:42,38700.0,3000,Sell,234916222
2024-08-27 09:34:56,38750.0,100,Buy,234916618
2024-08-27 09:35:05,38750.0,100,Sell,234916943
2024-08-27 09:35:10,38750.0,1000,Buy,234917190
2024-08-27 09:35:11,38750.0,500,Sell,234917196
2024-08-27 09:35:17,38750.0,1500,Sell,234917389
2024-08-27 09:35:52,38750.0,500,Buy,234918279
2024-08-27 09:35:56,38750.0,1000,Buy,234918416
2024-08-27 09:36:06,38700.0,100,Sell,234918691
2024-08-27 09:36:17,38700.0,1600,Sell,234918981
2024-08-27 09:36:17,38700.0,1400,Sell,234918982
2024-08-27 09:36:30,38700.0,500,Sell,234919340
2024-08-27 09:36:42,38700.0,200,Sell,234919639
2024-08-27 09:36:44,38700.0,200,Sell,234919709
2024-08-27 09:36:48,38700.0,500,Sell,234919798
2024-08-27 09:36:53,38700.0,100,Sell,234919898
2024-08-27 09:37:30,38700.0,500,Sell,234921066
2024-08-27 09:37:38,38700.0,500,Sell,234921236
2024-08-27 09:37:42,38700.0,300,Sell,234921446
2024-08-27 09:37:44,38700.0,800,Sell,234921502
2024-08-27 09:37:44,38700.0,100,Sell,234921503
2024-08-27 09:37:44,38700.0,100,Sell,234921504
2024-08-27 09:37:44,38700.0,1000,Sell,234921505
2024-08-27 09:37:47,38750.0,800,Buy,234921602
2024-08-27 09:37:48,38700.0,200,Sell,234921612
2024-08-27 09:38:29,38600.0,500,Sell,234923057
2024-08-27 09:38:29,38600.0,100,Sell,234923056
2024-08-27 09:38:29,38600.0,100,Sell,234923053
2024-08-27 09:38:29,38600.0,1000,Sell,234923054
2024-08-27 09:38:29,38600.0,1300,Sell,234923052
2024-08-27 09:38:29,38600.0,4300,Sell,234923055
2024-08-27 09:38:36,38600.0,200,Buy,234923277
2024-08-27 09:38:36,38650.0,100,Buy,234923278
2024-08-27 09:38:36,38700.0,200,Buy,234923279
2024-08-27 09:39:13,38700.0,100,Buy,234924306
2024-08-27 09:39:27,38650.0,100,Sell,234924693
2024-08-27 09:39:34,38650.0,500,Sell,234924876
2024-08-27 09:39:46,38700.0,500,Buy,234925152
2024-08-27 09:40:13,38650.0,100,Sell,234925969
2024-08-27 09:40:13,38650.0,400,Sell,234925970
2024-08-27 09:40:30,38650.0,400,Buy,234926401
2024-08-27 09:40:30,38650.0,600,Buy,234926397
2024-08-27 09:40:38,38600.0,500,Sell,234926592
2024-08-27 09:40:38,38600.0,2500,Sell,234926593
2024-08-27 09:40:38,38650.0,200,Buy,234926606
2024-08-27 09:40:41,38650.0,200,Buy,234926679
2024-08-27 09:41:05,38650.0,500,Buy,234927334
2024-08-27 09:41:09,38650.0,600,Buy,234927468
2024-08-27 09:41:09,38650.0,100,Buy,234927469
2024-08-27 09:41:16,38650.0,300,Buy,234927618
2024-08-27 09:41:20,38650.0,200,Buy,234927706
2024-08-27 09:41:24,38650.0,100,Buy,234927831
2024-08-27 09:41:32,38650.0,100,Buy,234928056
2024-08-27 09:41:34,38650.0,200,Buy,234928104
2024-08-27 09:41:42,38650.0,1300,Buy,234928346
2024-08-27 09:42:05,38650.0,300,Sell,234929391
2024-08-27 09:42:21,38750.0,8000,Buy,234929951
2024-08-27 09:42:21,38750.0,1000,Buy,234929950
2024-08-27 09:42:21,38750.0,1000,Buy,234929949
2024-08-27 09:42:21,38750.0,1200,Buy,234929948
2024-08-27 09:42:21,38700.0,200,Buy,234929947
2024-08-27 09:42:21,38700.0,200,Buy,234929941
2024-08-27 09:42:21,38700.0,2000,Buy,234929945
2024-08-27 09:42:21,38700.0,200,Buy,234929942
2024-08-27 09:42:21,38700.0,100,Buy,234929946
2024-08-27 09:42:21,38700.0,100,Buy,234929944
2024-08-27 09:42:21,38700.0,6000,Buy,234929943
2024-08-27 09:42:27,38650.0,100,Sell,234930124
2024-08-27 09:42:33,38750.0,300,Buy,234930337
2024-08-27 09:42:41,38750.0,700,Buy,234930755
2024-08-27 09:42:41,38750.0,100,Buy,234930756
2024-08-27 09:42:41,38750.0,100,Buy,234930757
2024-08-27 09:42:49,38750.0,500,Sell,234931001
2024-08-27 09:43:03,38800.0,200,Buy,234931553
2024-08-27 09:43:03,38800.0,800,Buy,234931544
2024-08-27 09:43:03,38800.0,200,Buy,234931543
2024-08-27 09:43:03,38800.0,200,Buy,234931542
2024-08-27 09:43:03,38800.0,3000,Buy,234931538
2024-08-27 09:43:03,38800.0,100,Buy,234931540
2024-08-27 09:43:03,38800.0,1000,Buy,234931539
2024-08-27 09:43:03,38800.0,300,Buy,234931554
2024-08-27 09:43:03,38800.0,100,Buy,234931541
2024-08-27 09:43:03,38800.0,100,Buy,234931537
2024-08-27 09:43:05,38800.0,700,Buy,234931624
2024-08-27 09:43:15,38800.0,400,Buy,234932041
2024-08-27 09:43:20,38800.0,600,Buy,234932153
2024-08-27 09:43:20,38850.0,1100,Buy,234932169
2024-08-27 09:43:20,38850.0,2000,Buy,234932166
2024-08-27 09:43:20,38850.0,900,Buy,234932164
2024-08-27 09:43:20,38850.0,2000,Buy,234932163
2024-08-27 09:43:20,38850.0,500,Buy,234932162
2024-08-27 09:43:20,38850.0,100,Buy,234932161
2024-08-27 09:43:20,38850.0,200,Buy,234932165
2024-08-27 09:43:20,38800.0,100,Buy,234932159
2024-08-27 09:43:20,38850.0,1000,Buy,234932160
2024-08-27 09:43:20,38800.0,300,Buy,234932155
2024-08-27 09:43:20,38800.0,200,Buy,234932154
2024-08-27 09:43:20,38800.0,300,Buy,234932157
2024-08-27 09:43:20,38800.0,500,Buy,234932158
2024-08-27 09:43:20,38800.0,200,Buy,234932156
2024-08-27 09:43:24,38800.0,100,Buy,234932236
2024-08-27 09:43:26,38850.0,100,Buy,234932287
2024-08-27 09:43:33,38800.0,100,Sell,234932485
2024-08-27 09:43:35,38800.0,500,Sell,234932576
2024-08-27 09:43:48,38800.0,400,Sell,234932889
2024-08-27 09:43:48,38800.0,1000,Sell,234932890
2024-08-27 09:43:48,38800.0,1000,Sell,234932891
2024-08-27 09:43:48,38800.0,2000,Sell,234932892
2024-08-27 09:43:48,38800.0,600,Sell,234932893
2024-08-27 09:44:14,38800.0,1000,Sell,234933579
2024-08-27 09:44:15,38800.0,100,Sell,234933593
2024-08-27 09:44:31,38800.0,100,Sell,234933980
2024-08-27 09:44:33,38800.0,300,Sell,234934026
2024-08-27 09:44:33,38800.0,3400,Sell,234934023
2024-08-27 09:44:33,38800.0,300,Sell,234934024
2024-08-27 09:44:33,38800.0,1000,Sell,234934025
2024-08-27 09:45:05,38850.0,1800,Buy,234934721
2024-08-27 09:45:05,38850.0,100,Buy,234934722
2024-08-27 09:45:05,38850.0,100,Buy,234934723
2024-08-27 09:45:05,38850.0,1000,Buy,234934724
2024-08-27 09:45:05,38850.0,1000,Buy,234934725
2024-08-27 09:45:05,38850.0,200,Buy,234934726
2024-08-27 09:45:06,38850.0,500,Buy,234934757
2024-08-27 09:45:06,38850.0,1500,Buy,234934758
2024-08-27 09:45:06,38850.0,100,Buy,234934759
2024-08-27 09:45:26,38900.0,300,Buy,234935265
2024-08-27 09:45:26,38900.0,700,Buy,234935264
2024-08-27 09:45:26,38900.0,500,Buy,234935263
2024-08-27 09:45:26,38900.0,200,Buy,234935262
2024-08-27 09:45:26,38900.0,300,Buy,234935261
2024-08-27 09:45:26,38900.0,1000,Buy,234935255
2024-08-27 09:45:26,38900.0,2100,Buy,234935259
2024-08-27 09:45:26,38900.0,200,Buy,234935258
2024-08-27 09:45:26,38900.0,100,Buy,234935257
2024-08-27 09:45:26,38900.0,3000,Buy,234935256
2024-08-27 09:45:26,38900.0,100,Buy,234935266
2024-08-27 09:45:26,38900.0,500,Buy,234935260
2024-08-27 09:45:26,38900.0,400,Buy,234935254
2024-08-27 09:45:33,38900.0,5000,Sell,234935456
2024-08-27 09:46:03,38900.0,200,Sell,234936271
2024-08-27 09:46:11,38950.0,300,Buy,234936383
2024-08-27 09:46:11,38950.0,1000,Buy,234936384
2024-08-27 09:46:11,38950.0,4100,Buy,234936385
2024-08-27 09:46:16,38950.0,500,Buy,234936489
2024-08-27 09:46:31,38950.0,200,Buy,234936845
2024-08-27 09:46:43,38950.0,200,Buy,234937108
2024-08-27 09:46:43,38950.0,1200,Buy,234937109
2024-08-27 09:46:43,38950.0,100,Buy,234937110
2024-08-27 09:46:43,38950.0,300,Buy,234937111
2024-08-27 09:46:43,38950.0,200,Buy,234937112
2024-08-27 09:46:49,38950.0,500,Buy,234937265
2024-08-27 09:46:49,38950.0,2000,Buy,234937264
2024-08-27 09:46:49,38950.0,100,Buy,234937263
2024-08-27 09:46:49,38950.0,500,Buy,234937260
2024-08-27 09:46:49,38950.0,5000,Buy,234937261
2024-08-27 09:46:49,38950.0,5000,Buy,234937259
2024-08-27 09:46:49,38950.0,800,Buy,234937258
2024-08-27 09:46:49,38950.0,300,Buy,234937262
2024-08-27 09:47:08,39000.0,100,Buy,234937653
2024-08-27 09:47:08,39000.0,100,Buy,234937654
2024-08-27 09:47:08,39000.0,500,Buy,234937655
2024-08-27 09:47:09,38950.0,1000,Sell,234937663
2024-08-27 09:47:10,39000.0,100,Buy,234937711
2024-08-27 09:47:17,39000.0,100,Buy,234937863
2024-08-27 09:47:21,39000.0,100,Buy,234937947
2024-08-27 09:47:21,39000.0,400,Buy,234937948
2024-08-27 09:47:21,39000.0,100,Buy,234937945
2024-08-27 09:47:21,39000.0,3000,Buy,234937946
2024-08-27 09:47:21,39000.0,1300,Buy,234937944
2024-08-27 09:47:25,39000.0,1100,Buy,234938023
2024-08-27 09:47:25,39000.0,100,Buy,234938022
2024-08-27 09:47:25,39000.0,200,Buy,234938021
2024-08-27 09:47:25,39000.0,100,Buy,234938020
2024-08-27 09:47:25,39000.0,1000,Buy,234938019
2024-08-27 09:47:25,39000.0,200,Buy,234938013
2024-08-27 09:47:25,39000.0,100,Buy,234938017
2024-08-27 09:47:25,39000.0,100,Buy,234938014
2024-08-27 09:47:25,39000.0,200,Buy,234938018
2024-08-27 09:47:25,39000.0,500,Buy,234938016
2024-08-27 09:47:25,39000.0,100,Buy,234938015
2024-08-27 09:47:26,39000.0,2000,Buy,234938038
2024-08-27 09:47:26,39000.0,2000,Buy,234938049
2024-08-27 09:47:26,39000.0,100,Buy,234938048
2024-08-27 09:47:26,39000.0,1000,Buy,234938047
2024-08-27 09:47:26,39000.0,2000,Buy,234938046
2024-08-27 09:47:26,39000.0,500,Buy,234938045
2024-08-27 09:47:26,39000.0,1900,Buy,234938037
2024-08-27 09:47:26,39000.0,300,Buy,234938043
2024-08-27 09:47:26,39000.0,1000,Buy,234938042
2024-08-27 09:47:26,39000.0,200,Buy,234938041
2024-08-27 09:47:26,39000.0,1400,Buy,234938040
2024-08-27 09:47:26,39000.0,2000,Buy,234938039
2024-08-27 09:47:26,39000.0,200,Buy,234938044
2024-08-27 09:47:35,39000.0,200,Sell,234938236
2024-08-27 09:47:39,39050.0,500,Buy,234938283
2024-08-27 09:47:39,39050.0,100,Buy,234938280
2024-08-27 09:47:39,39050.0,100,Buy,234938281
2024-08-27 09:47:39,39050.0,1000,Buy,234938282
2024-08-27 09:47:40,39050.0,1000,Sell,234938294
2024-08-27 09:47:48,39100.0,100,Buy,234938445
2024-08-27 09:47:48,39100.0,100,Buy,234938446
2024-08-27 09:47:48,39100.0,100,Buy,234938447
2024-08-27 09:47:48,39100.0,100,Buy,234938448
2024-08-27 09:47:48,39100.0,200,Buy,234938449
2024-08-27 09:47:49,39100.0,200,Sell,234938484
2024-08-27 09:47:59,39150.0,500,Buy,234938703
2024-08-27 09:47:59,39150.0,100,Buy,234938704
2024-08-27 09:48:11,39200.0,100,Buy,234939031
2024-08-27 09:48:16,39200.0,2000,Buy,234939145
2024-08-27 09:48:18,39200.0,100,Buy,234939190
2024-08-27 09:48:18,39200.0,200,Buy,234939191
2024-08-27 09:48:18,39200.0,2000,Buy,234939192
2024-08-27 09:48:18,39200.0,2000,Buy,234939193
2024-08-27 09:48:18,39200.0,400,Buy,234939194
2024-08-27 09:48:18,39200.0,100,Buy,234939207
2024-08-27 09:48:18,39200.0,500,Buy,234939208
2024-08-27 09:48:18,39200.0,500,Buy,234939209
2024-08-27 09:48:18,39200.0,1500,Buy,234939210
2024-08-27 09:48:18,39200.0,1200,Buy,234939211
2024-08-27 09:48:18,39200.0,2900,Buy,234939189
2024-08-27 09:48:28,39250.0,500,Buy,234939398
2024-08-27 09:48:28,39200.0,1500,Sell,234939399
2024-08-27 09:48:30,39250.0,200,Buy,234939434
2024-08-27 09:48:30,39250.0,100,Buy,234939433
2024-08-27 09:48:30,39250.0,200,Buy,234939430
2024-08-27 09:48:30,39250.0,2000,Buy,234939431
2024-08-27 09:48:30,39250.0,100,Buy,234939432
2024-08-27 09:48:31,39250.0,200,Sell,234939460
2024-08-27 09:48:32,39250.0,100,Sell,234939473
2024-08-27 09:48:35,39250.0,200,Sell,234939522
2024-08-27 09:48:35,39300.0,200,Buy,234939523
2024-08-27 09:48:40,39300.0,800,Buy,234939617
2024-08-27 09:48:40,39300.0,1000,Buy,234939615
2024-08-27 09:48:40,39300.0,2000,Buy,234939616
2024-08-27 09:48:40,39300.0,4000,Buy,234939614
2024-08-27 09:48:40,39250.0,100,Sell,234939603
2024-08-27 09:48:40,39300.0,100,Buy,234939612
2024-08-27 09:48:40,39300.0,100,Buy,234939613
2024-08-27 09:48:40,39250.0,800,Sell,234939602
2024-08-27 09:48:40,39300.0,1800,Buy,234939611
2024-08-27 09:48:40,39200.0,100,Sell,234939604
2024-08-27 09:48:43,39300.0,200,Buy,234939701
2024-08-27 09:48:43,39300.0,100,Buy,234939702
2024-08-27 09:48:44,39300.0,400,Buy,234939708
2024-08-27 09:48:47,39300.0,100,Buy,234939770
2024-08-27 09:48:52,39300.0,2000,Buy,234939858
2024-08-27 09:48:53,39250.0,100,Sell,234939955
2024-08-27 09:48:54,39300.0,200,Buy,234939977
2024-08-27 09:48:55,39300.0,600,Buy,234939997
2024-08-27 09:49:02,39300.0,100,Buy,234940094
2024-08-27 09:49:02,39300.0,100,Buy,234940093
2024-08-27 09:49:02,39300.0,3000,Buy,234940091
2024-08-27 09:49:02,39300.0,100,Buy,234940090
2024-08-27 09:49:02,39300.0,1600,Buy,234940089
2024-08-27 09:49:02,39300.0,100,Buy,234940092
2024-08-27 09:49:06,39300.0,300,Buy,234940214
2024-08-27 09:49:06,39300.0,100,Buy,234940213
2024-08-27 09:49:06,39300.0,100,Buy,234940215
2024-08-27 09:49:06,39300.0,100,Buy,234940211
2024-08-27 09:49:06,39300.0,200,Buy,234940210
2024-08-27 09:49:06,39300.0,200,Buy,234940212
2024-08-27 09:49:17,39350.0,1400,Buy,234940423
2024-08-27 09:49:17,39350.0,5000,Buy,234940422
2024-08-27 09:49:17,39350.0,100,Buy,234940418
2024-08-27 09:49:17,39350.0,1200,Buy,234940420
2024-08-27 09:49:17,39350.0,100,Buy,234940419
2024-08-27 09:49:17,39350.0,200,Buy,234940421
2024-08-27 09:49:23,39350.0,600,Buy,234940531
2024-08-27 09:49:23,39350.0,1000,Buy,234940532
2024-08-27 09:49:36,39400.0,1100,Buy,234940779
2024-08-27 09:49:36,39400.0,100,Buy,234940777
2024-08-27 09:49:36,39400.0,100,Buy,234940778
2024-08-27 09:49:36,39400.0,100,Buy,234940775
2024-08-27 09:49:36,39400.0,1000,Buy,234940774
2024-08-27 09:49:36,39400.0,100,Buy,234940773
2024-08-27 09:49:36,39400.0,500,Buy,234940776
2024-08-27 09:49:44,39400.0,900,Buy,234940886
2024-08-27 09:49:44,39400.0,100,Buy,234940887
2024-08-27 09:49:44,39400.0,200,Buy,234940888
2024-08-27 09:49:45,39400.0,200,Sell,234940900
2024-08-27 09:49:47,39400.0,2000,Sell,234940915
2024-08-27 09:49:50,39400.0,2000,Sell,234940971
2024-08-27 09:49:52,39400.0,100,Sell,234940988
2024-08-27 09:49:53,39400.0,300,Sell,234941006
2024-08-27 09:49:53,39400.0,200,Sell,234941005
2024-08-27 09:49:58,39400.0,700,Sell,234941103
2024-08-27 09:49:58,39400.0,200,Sell,234941117
2024-08-27 09:49:58,39400.0,100,Sell,234941118
2024-08-27 09:49:59,39450.0,900,Buy,234941137
2024-08-27 09:49:59,39450.0,100,Buy,234941136
2024-08-27 09:49:59,39450.0,100,Buy,234941133
2024-08-27 09:49:59,39450.0,500,Buy,234941134
2024-08-27 09:49:59,39450.0,2000,Buy,234941135
2024-08-27 09:50:01,39400.0,100,Sell,234941164
2024-08-27 09:50:09,39400.0,100,Sell,234941335
2024-08-27 09:50:13,39400.0,5700,Sell,234941448
2024-08-27 09:50:13,39400.0,1000,Sell,234941449
2024-08-27 09:50:13,39400.0,3300,Sell,234941450
2024-08-27 09:50:15,39400.0,1700,Sell,234941462
2024-08-27 09:50:15,39400.0,100,Sell,234941464
2024-08-27 09:50:22,39350.0,200,Sell,234941571
2024-08-27 09:50:22,39350.0,100,Sell,234941572
2024-08-27 09:50:28,39400.0,500,Buy,234941678
2024-08-27 09:50:28,39400.0,300,Buy,234941676
2024-08-27 09:50:28,39400.0,1000,Buy,234941677
2024-08-27 09:50:28,39400.0,1200,Buy,234941675
2024-08-27 09:50:33,39350.0,300,Sell,234941793
2024-08-27 09:50:33,39350.0,100,Sell,234941810
2024-08-27 09:50:35,39350.0,100,Sell,234941826
2024-08-27 09:50:35,39400.0,400,Buy,234941829
2024-08-27 09:50:43,39350.0,200,Sell,234942016
2024-08-27 09:50:43,39350.0,200,Sell,234942019
2024-08-27 09:50:54,39250.0,1000,Sell,234942295
2024-08-27 09:50:57,39250.0,200,Sell,234942320
2024-08-27 09:51:00,39250.0,2100,Sell,234942448
2024-08-27 09:51:08,39200.0,3300,Sell,234942569
2024-08-27 09:51:11,39200.0,200,Buy,234942622
2024-08-27 09:51:11,39200.0,400,Buy,234942625
2024-08-27 09:51:18,39150.0,400,Sell,234942769
2024-08-27 09:51:18,39150.0,300,Sell,234942770
2024-08-27 09:51:20,39150.0,700,Sell,234942799
2024-08-27 09:51:20,39100.0,300,Sell,234942800
2024-08-27 09:51:31,39100.0,100,Sell,234943027
2024-08-27 09:51:35,39200.0,500,Buy,234943102
2024-08-27 09:51:35,39100.0,100,Sell,234943110
2024-08-27 09:51:37,39100.0,200,Buy,234943140
2024-08-27 09:51:37,39100.0,300,Buy,234943141
2024-08-27 09:51:41,39100.0,1000,Sell,234943191
2024-08-27 09:51:43,39100.0,300,Sell,234943245
2024-08-27 09:51:44,39100.0,100,Sell,234943250
2024-08-27 09:51:45,39100.0,100,Sell,234943279
2024-08-27 09:51:47,39100.0,400,Buy,234943323
2024-08-27 09:51:51,39100.0,1100,Sell,234943392
2024-08-27 09:51:51,39100.0,1900,Sell,234943393
2024-08-27 09:52:05,39100.0,100,Sell,234943622
2024-08-27 09:52:06,39100.0,200,Sell,234943633
2024-08-27 09:52:22,39150.0,3300,Buy,234943921
2024-08-27 09:52:26,39150.0,500,Sell,234944019
2024-08-27 09:52:49,39150.0,500,Buy,234944518
2024-08-27 09:52:50,39100.0,100,Sell,234944526
2024-08-27 09:53:01,39100.0,200,Sell,234944717
2024-08-27 09:53:15,39100.0,500,Sell,234945143
2024-08-27 09:53:19,39100.0,400,Sell,234945214
2024-08-27 09:53:24,39150.0,500,Buy,234945333
2024-08-27 09:53:25,39150.0,2300,Buy,234945337
2024-08-27 09:53:25,39150.0,200,Buy,234945338
2024-08-27 09:53:25,39150.0,500,Buy,234945336
2024-08-27 09:53:26,39100.0,1000,Sell,234945349
2024-08-27 09:53:26,39150.0,300,Buy,234945362
2024-08-27 09:53:26,39150.0,100,Buy,234945363
2024-08-27 09:53:48,39150.0,1300,Sell,234945802
2024-08-27 09:53:48,39150.0,2600,Sell,234945803
2024-08-27 09:54:03,39100.0,400,Sell,234946099
2024-08-27 09:54:09,39100.0,100,Sell,234946197
2024-08-27 09:54:13,39150.0,100,Buy,234946281
2024-08-27 09:54:13,39150.0,1000,Buy,234946280
2024-08-27 09:54:13,39100.0,200,Sell,234946278
2024-08-27 09:54:13,39150.0,1100,Buy,234946279
2024-08-27 09:54:14,39150.0,100,Sell,234946315
2024-08-27 09:54:47,39150.0,100,Sell,234946897
2024-08-27 09:54:50,39150.0,1400,Sell,234946960
2024-08-27 09:54:50,39150.0,500,Sell,234946961
2024-08-27 09:54:50,39150.0,200,Sell,234946962
2024-08-27 09:54:50,39150.0,100,Sell,234946963
2024-08-27 09:54:53,39150.0,7300,Sell,234947002
2024-08-27 09:54:58,39150.0,500,Buy,234947052
2024-08-27 09:55:14,39150.0,200,Buy,234947344
2024-08-27 09:55:57,39100.0,1700,Sell,234948219
2024-08-27 09:55:57,39100.0,300,Sell,234948218
2024-08-27 09:55:57,39100.0,1000,Sell,234948217
2024-08-27 09:56:04,39100.0,3300,Sell,234948329
2024-08-27 09:56:07,39150.0,1000,Buy,234948375
2024-08-27 09:56:11,39100.0,5000,Sell,234948445
2024-08-27 09:56:25,39100.0,1100,Sell,234948824
2024-08-27 09:56:25,39100.0,3900,Sell,234948825
2024-08-27 09:56:36,39100.0,1100,Sell,234949013
2024-08-27 09:56:36,39100.0,3900,Sell,234949014
2024-08-27 09:56:41,39100.0,1100,Sell,234949072
2024-08-27 09:56:41,39100.0,1000,Sell,234949073
2024-08-27 09:56:41,39100.0,600,Sell,234949074
2024-08-27 09:56:45,39100.0,400,Sell,234949136
2024-08-27 09:57:22,39100.0,3900,Buy,234949774
2024-08-27 09:57:24,39100.0,100,Buy,234949821
2024-08-27 09:57:24,39100.0,400,Buy,234949822
2024-08-27 09:57:24,39100.0,700,Buy,234949820
2024-08-27 09:57:25,39100.0,500,Buy,234949845
2024-08-27 09:57:29,39100.0,400,Buy,234949990
2024-08-27 09:57:35,39100.0,500,Buy,234950120
2024-08-27 09:57:42,39100.0,200,Buy,234950220
2024-08-27 09:57:42,39100.0,100,Buy,234950221
2024-08-27 09:57:42,39100.0,100,Buy,234950222
2024-08-27 09:57:47,39100.0,1600,Sell,234950271
2024-08-27 09:57:47,39100.0,100,Sell,234950272
2024-08-27 09:57:51,39100.0,100,Buy,234950330
2024-08-27 09:57:53,39100.0,200,Buy,234950354
2024-08-27 09:58:08,39100.0,100,Buy,234950601
2024-08-27 09:58:09,39100.0,700,Sell,234950608
2024-08-27 09:58:12,39100.0,100,Sell,234950658
2024-08-27 09:58:23,39100.0,100,Sell,234950827
2024-08-27 09:58:40,39100.0,1700,Buy,234951050
2024-08-27 09:58:42,39100.0,200,Buy,234951060
2024-08-27 09:58:51,39100.0,1000,Buy,234951224
2024-08-27 09:59:48,39100.0,300,Buy,234952047
2024-08-27 09:59:53,39100.0,1000,Buy,234952107
2024-08-27 09:59:53,39100.0,1000,Buy,234952108
2024-08-27 09:59:53,39100.0,100,Buy,234952109
2024-08-27 09:59:53,39100.0,200,Buy,234952110
2024-08-27 09:59:53,39100.0,1500,Buy,234952111
2024-08-27 09:59:53,39100.0,1200,Buy,234952106
2024-08-27 10:00:28,39100.0,1000,Buy,234952878
2024-08-27 10:00:33,39100.0,500,Buy,234952933
2024-08-27 10:01:22,39100.0,2500,Buy,234953663
2024-08-27 10:01:22,39100.0,500,Buy,234953664
2024-08-27 10:01:36,39100.0,100,Buy,234953905
2024-08-27 10:01:36,39100.0,100,Buy,234953904
2024-08-27 10:01:36,39100.0,100,Buy,234953903
2024-08-27 10:01:40,39100.0,100,Buy,234953994
2024-08-27 10:01:45,39100.0,100,Buy,234954068
2024-08-27 10:01:45,39100.0,100,Buy,234954069
2024-08-27 10:01:45,39100.0,100,Buy,234954070
2024-08-27 10:01:45,39100.0,2000,Buy,234954071
2024-08-27 10:01:45,39100.0,200,Buy,234954072
2024-08-27 10:02:45,39050.0,1000,Sell,234955060
2024-08-27 10:02:45,39050.0,1900,Sell,234955061
2024-08-27 10:02:45,39050.0,100,Sell,234955062
2024-08-27 10:02:49,39050.0,100,Sell,234955128
2024-08-27 10:02:56,39100.0,1000,Buy,234955233
2024-08-27 10:03:57,39050.0,200,Sell,234956166
2024-08-27 10:04:02,39050.0,500,Sell,234956224
2024-08-27 10:04:11,39050.0,200,Sell,234956382
2024-08-27 10:04:19,39050.0,1000,Sell,234956545
2024-08-27 10:04:21,39050.0,2500,Sell,234956604
2024-08-27 10:04:32,39000.0,100,Sell,234956795
2024-08-27 10:04:32,39000.0,2200,Sell,234956794
2024-08-27 10:04:32,39000.0,200,Sell,234956793
2024-08-27 10:04:32,39000.0,6500,Sell,234956792
2024-08-27 10:04:32,39000.0,4600,Sell,234956791
2024-08-27 10:04:32,39000.0,200,Sell,234956790
2024-08-27 10:04:32,39050.0,200,Sell,234956788
2024-08-27 10:04:32,39050.0,3000,Sell,234956787
2024-08-27 10:04:32,39050.0,300,Sell,234956786
2024-08-27 10:04:32,39050.0,2000,Sell,234956785
2024-08-27 10:04:32,39050.0,300,Sell,234956784
2024-08-27 10:04:32,39000.0,15200,Sell,234956789
2024-08-27 10:05:21,39000.0,100,Buy,234957537
2024-08-27 10:05:33,38950.0,4100,Sell,234957723
2024-08-27 10:05:42,39000.0,200,Buy,234957859
2024-08-27 10:05:51,39000.0,200,Buy,234958033
2024-08-27 10:05:51,39000.0,1000,Buy,234958032
2024-08-27 10:05:51,39000.0,1000,Buy,234958034
2024-08-27 10:05:51,39000.0,300,Buy,234958030
2024-08-27 10:05:51,39000.0,500,Buy,234958029
2024-08-27 10:05:51,39000.0,100,Buy,234958031
2024-08-27 10:05:51,39000.0,4900,Buy,234958028
2024-08-27 10:06:01,39000.0,100,Sell,234958288
2024-08-27 10:06:06,39000.0,100,Sell,234958343
2024-08-27 10:06:18,39000.0,100,Sell,234958482
2024-08-27 10:06:20,39050.0,200,Buy,234958524
2024-08-27 10:06:24,39000.0,1700,Sell,234958595
2024-08-27 10:06:24,39000.0,300,Sell,234958596
2024-08-27 10:06:48,39000.0,700,Sell,234959494
2024-08-27 10:06:48,38950.0,1300,Sell,234959495
2024-08-27 10:07:04,38950.0,100,Sell,234959811
2024-08-27 10:07:27,39050.0,200,Buy,234960228
2024-08-27 10:08:05,38950.0,100,Sell,234961004
2024-08-27 10:08:05,38950.0,1300,Sell,234961005
2024-08-27 10:08:05,38950.0,9300,Sell,234961002
2024-08-27 10:08:05,38950.0,10000,Sell,234961003
2024-08-27 10:08:29,38950.0,100,Sell,234961559
2024-08-27 10:09:02,38950.0,100,Sell,234962220
2024-08-27 10:09:20,39000.0,1000,Buy,234962472
2024-08-27 10:09:54,39000.0,800,Buy,234963434
2024-08-27 10:09:54,39000.0,100,Buy,234963435
2024-08-27 10:09:54,39000.0,9100,Buy,234963436
2024-08-27 10:10:58,39000.0,900,Buy,234965010
2024-08-27 10:10:58,39000.0,100,Buy,234965020
2024-08-27 10:10:58,39000.0,100,Buy,234965024
2024-08-27 10:10:58,39000.0,100,Buy,234965025
2024-08-27 10:11:31,39000.0,700,Buy,234965976
2024-08-27 10:12:07,39000.0,400,Buy,234967246
2024-08-27 10:12:07,39000.0,100,Buy,234967247
2024-08-27 10:12:20,39000.0,1000,Sell,234967475
2024-08-27 10:12:45,39050.0,1000,Buy,234968224
2024-08-27 10:13:14,39050.0,800,Buy,234969058
2024-08-27 10:13:14,39050.0,100,Buy,234969060
2024-08-27 10:13:14,39050.0,300,Buy,234969061
2024-08-27 10:13:14,39050.0,100,Buy,234969062
2024-08-27 10:13:37,39050.0,600,Sell,234969885
2024-08-27 10:13:59,39050.0,4400,Buy,234970727
2024-08-27 10:13:59,39050.0,600,Buy,234970728
2024-08-27 10:14:03,39050.0,1000,Buy,234970813
2024-08-27 10:14:38,39050.0,1000,Buy,234971970
2024-08-27 10:14:49,39050.0,700,Buy,234972360
2024-08-27 10:14:51,39050.0,1000,Buy,234972459
2024-08-27 10:14:51,39050.0,100,Buy,234972454
2024-08-27 10:15:00,39000.0,900,Sell,234972659
2024-08-27 10:15:15,39000.0,100,Sell,234973183
2024-08-27 10:16:32,39000.0,200,Sell,234976044
2024-08-27 10:16:32,39000.0,100,Sell,234976045
2024-08-27 10:16:32,39000.0,500,Sell,234976046
2024-08-27 10:16:32,39000.0,7000,Sell,234976047
2024-08-27 10:16:32,39000.0,300,Sell,234976048
2024-08-27 10:16:32,39000.0,1900,Sell,234976049
2024-08-27 10:16:40,39000.0,1100,Sell,234976322
2024-08-27 10:16:40,39000.0,100,Sell,234976323
2024-08-27 10:16:40,39000.0,500,Sell,234976324
2024-08-27 10:17:44,38950.0,1000,Sell,234978216
2024-08-27 10:18:04,38950.0,200,Sell,234978991
2024-08-27 10:18:31,38900.0,300,Sell,234979971
2024-08-27 10:18:31,38950.0,100,Sell,234979970
2024-08-27 10:18:31,38900.0,300,Sell,234979975
2024-08-27 10:18:31,38900.0,200,Sell,234979972
2024-08-27 10:18:31,38900.0,100,Sell,234979973
2024-08-27 10:18:31,38900.0,1000,Sell,234979974
2024-08-27 10:18:37,38900.0,1700,Sell,234980069
2024-08-27 10:18:58,38900.0,300,Buy,234980633
2024-08-27 10:18:58,38900.0,400,Buy,234980634
2024-08-27 10:19:15,38900.0,1000,Buy,234981229
2024-08-27 10:19:18,38900.0,1800,Buy,234981265
2024-08-27 10:19:38,38900.0,500,Buy,234981740
2024-08-27 10:19:50,38900.0,700,Buy,234982133
2024-08-27 10:20:17,38900.0,600,Buy,234983079
2024-08-27 10:20:38,38900.0,200,Buy,234983746
2024-08-27 10:20:47,38900.0,100,Buy,234983960
2024-08-27 10:21:23,38900.0,100,Buy,234984867
2024-08-27 10:21:41,38800.0,500,Sell,234985405
2024-08-27 10:21:41,38800.0,2000,Sell,234985404
2024-08-27 10:21:41,38800.0,200,Sell,234985403
2024-08-27 10:21:41,38800.0,800,Sell,234985402
2024-08-27 10:21:41,38800.0,200,Sell,234985401
2024-08-27 10:21:41,38850.0,100,Sell,234985396
2024-08-27 10:21:41,38850.0,100,Sell,234985399
2024-08-27 10:21:41,38850.0,100,Sell,234985398
2024-08-27 10:21:41,38850.0,200,Sell,234985397
2024-08-27 10:21:41,38850.0,500,Sell,234985394
2024-08-27 10:21:41,38800.0,200,Sell,234985400
2024-08-27 10:21:41,38850.0,100,Sell,234985395
2024-08-27 10:21:42,38900.0,300,Buy,234985426
2024-08-27 10:21:52,38800.0,100,Sell,234985777
2024-08-27 10:21:52,38800.0,400,Sell,234985776
2024-08-27 10:22:18,38800.0,100,Sell,234986388
2024-08-27 10:22:18,38800.0,100,Sell,234986389
2024-08-27 10:22:23,38800.0,100,Buy,234986472
2024-08-27 10:22:26,38750.0,200,Sell,234986542
2024-08-27 10:22:26,38750.0,100,Sell,234986543
2024-08-27 10:22:26,38750.0,300,Sell,234986544
2024-08-27 10:22:26,38750.0,500,Sell,234986545
2024-08-27 10:22:26,38750.0,400,Sell,234986546
2024-08-27 10:22:38,38800.0,200,Buy,234986815
2024-08-27 10:23:04,38750.0,500,Sell,234987468
2024-08-27 10:23:04,38850.0,100,Buy,234987475
2024-08-27 10:23:04,38850.0,200,Buy,234987476
2024-08-27 10:23:08,38850.0,100,Buy,234987549
2024-08-27 10:23:20,38850.0,400,Sell,234987845
2024-08-27 10:23:32,38850.0,100,Buy,234988137
2024-08-27 10:23:33,38850.0,300,Buy,234988152
2024-08-27 10:23:44,38800.0,1900,Sell,234988411
2024-08-27 10:23:59,38800.0,200,Sell,234988826
2024-08-27 10:23:59,38800.0,100,Sell,234988827
2024-08-27 10:23:59,38800.0,1000,Sell,234988828
2024-08-27 10:23:59,38800.0,500,Sell,234988829
2024-08-27 10:24:47,38800.0,100,Buy,234989842
2024-08-27 10:25:08,38750.0,300,Sell,234990259
2024-08-27 10:25:37,38750.0,1000,Sell,234990824
2024-08-27 10:25:44,38700.0,200,Sell,234991053
2024-08-27 10:25:44,38700.0,400,Sell,234991052
2024-08-27 10:25:44,38700.0,300,Sell,234991051
2024-08-27 10:25:44,38700.0,200,Sell,234991050
2024-08-27 10:25:44,38750.0,100,Sell,234991046
2024-08-27 10:25:44,38700.0,100,Sell,234991048
2024-08-27 10:25:44,38700.0,2000,Sell,234991049
2024-08-27 10:25:44,38750.0,100,Sell,234991044
2024-08-27 10:25:44,38750.0,500,Sell,234991045
2024-08-27 10:25:44,38750.0,300,Sell,234991047
2024-08-27 10:25:50,38700.0,200,Buy,234991203
2024-08-27 10:25:52,38700.0,300,Buy,234991246
2024-08-27 10:25:55,38700.0,300,Buy,234991280
2024-08-27 10:26:04,38700.0,200,Sell,234991457
2024-08-27 10:26:48,38750.0,3800,Sell,234992184
2024-08-27 10:26:49,38800.0,100,Buy,234992207
2024-08-27 10:26:49,38800.0,300,Buy,234992208
2024-08-27 10:26:49,38750.0,2200,Sell,234992212
2024-08-27 10:26:57,38700.0,2800,Buy,234992408
2024-08-27 10:27:25,38750.0,100,Buy,234993061
2024-08-27 10:27:34,38750.0,400,Buy,234993195
2024-08-27 10:27:34,38750.0,100,Buy,234993200
2024-08-27 10:27:38,38750.0,400,Sell,234993274
2024-08-27 10:27:38,38700.0,100,Sell,234993275
2024-08-27 10:27:38,38700.0,100,Sell,234993276
2024-08-27 10:27:47,38700.0,1400,Buy,234993559
2024-08-27 10:28:11,38700.0,600,Sell,234994009
2024-08-27 10:28:11,38700.0,2700,Sell,234994010
2024-08-27 10:28:36,38700.0,100,Sell,234994340
2024-08-27 10:30:01,38800.0,100,Buy,234996109
2024-08-27 10:30:01,38800.0,1100,Buy,234996110
2024-08-27 10:30:01,38800.0,800,Buy,234996111
2024-08-27 10:30:08,38800.0,1000,Buy,234996262
2024-08-27 10:30:17,38800.0,1000,Buy,234996512
2024-08-27 10:30:17,38800.0,100,Buy,234996513
2024-08-27 10:30:17,38800.0,300,Buy,234996514
2024-08-27 10:30:17,38800.0,200,Buy,234996515
2024-08-27 10:30:17,38850.0,200,Buy,234996516
2024-08-27 10:30:17,38850.0,500,Buy,234996517
2024-08-27 10:30:17,38850.0,2000,Buy,234996518
2024-08-27 10:30:17,38800.0,200,Buy,234996511
2024-08-27 10:31:10,38850.0,1500,Sell,234997522
2024-08-27 10:31:39,38850.0,500,Sell,234998041
2024-08-27 10:31:42,38850.0,2000,Sell,234998105
2024-08-27 10:31:44,38900.0,100,Buy,234998153
2024-08-27 10:31:45,38850.0,1500,Sell,234998207
2024-08-27 10:31:45,38850.0,100,Sell,234998208
2024-08-27 10:32:00,38800.0,100,Sell,234998427
2024-08-27 10:32:00,38800.0,100,Sell,234998428
2024-08-27 10:32:05,38800.0,800,Buy,234998489
2024-08-27 10:32:34,38800.0,200,Sell,234999072
2024-08-27 10:32:34,38750.0,1800,Sell,234999073
2024-08-27 10:32:43,38750.0,100,Sell,234999441
2024-08-27 10:32:58,38750.0,100,Sell,234999796
2024-08-27 10:33:42,38750.0,100,Sell,235000572
2024-08-27 10:33:42,38750.0,500,Sell,235000573
2024-08-27 10:33:42,38750.0,100,Sell,235000574
2024-08-27 10:33:42,38750.0,100,Sell,235000576
2024-08-27 10:33:42,38750.0,1000,Sell,235000575
2024-08-27 10:33:42,38750.0,200,Sell,235000577
2024-08-27 10:34:11,38750.0,500,Sell,235000905
2024-08-27 10:35:01,38800.0,400,Sell,235001824
2024-08-27 10:37:20,38800.0,100,Sell,235004417
2024-08-27 10:37:20,38800.0,100,Sell,235004418
2024-08-27 10:37:25,38800.0,100,Sell,235004469
2024-08-27 10:37:25,38800.0,100,Sell,235004470
2024-08-27 10:37:37,38800.0,200,Buy,235004674
2024-08-27 10:37:50,38800.0,900,Buy,235004890
2024-08-27 10:38:23,38850.0,2000,Buy,235005377
2024-08-27 10:38:23,38850.0,100,Buy,235005378
2024-08-27 10:38:23,38850.0,100,Buy,235005379
2024-08-27 10:38:23,38850.0,100,Buy,235005380
2024-08-27 10:38:23,38850.0,100,Buy,235005381
2024-08-27 10:39:10,38900.0,500,Buy,235006154
2024-08-27 10:39:35,38900.0,500,Buy,235006528
2024-08-27 10:39:42,38900.0,1900,Buy,235006648
2024-08-27 10:39:42,38900.0,100,Buy,235006649
2024-08-27 10:39:47,38900.0,100,Buy,235006787
2024-08-27 10:39:52,38900.0,500,Buy,235006859
2024-08-27 10:39:55,38900.0,1300,Buy,235006941
2024-08-27 10:39:56,38900.0,8200,Buy,235006962
2024-08-27 10:39:56,38900.0,800,Buy,235006964
2024-08-27 10:39:56,38900.0,200,Buy,235006965
2024-08-27 10:40:08,38950.0,1800,Buy,235007170
2024-08-27 10:40:08,38950.0,200,Buy,235007171
2024-08-27 10:40:21,38950.0,1700,Sell,235007402
2024-08-27 10:40:21,38950.0,300,Sell,235007403
2024-08-27 10:40:29,39000.0,1000,Buy,235007507
2024-08-27 10:40:29,39000.0,1000,Buy,235007506
2024-08-27 10:40:29,39000.0,200,Buy,235007505
2024-08-27 10:40:29,39000.0,100,Buy,235007504
2024-08-27 10:40:29,39000.0,2000,Buy,235007502
2024-08-27 10:40:29,39000.0,100,Buy,235007500
2024-08-27 10:40:29,39000.0,1300,Buy,235007503
2024-08-27 10:40:29,39000.0,100,Buy,235007501
2024-08-27 10:40:40,39000.0,5000,Sell,235007655
2024-08-27 10:41:04,39000.0,100,Sell,235008401
2024-08-27 10:41:17,39000.0,500,Sell,235008531
2024-08-27 10:41:26,39000.0,6600,Sell,235008743
2024-08-27 10:41:43,38900.0,100,Sell,235008991
2024-08-27 10:42:02,38900.0,500,Sell,235009271
2024-08-27 10:42:49,38900.0,2000,Sell,235010266
2024-08-27 10:43:02,38900.0,500,Sell,235010553
2024-08-27 10:43:03,38900.0,200,Sell,235010577
2024-08-27 10:43:03,38900.0,2800,Sell,235010576
2024-08-27 10:43:24,38900.0,100,Sell,235011006
2024-08-27 10:43:55,38900.0,100,Sell,235011915
2024-08-27 10:44:35,38850.0,600,Sell,235013160
2024-08-27 10:44:35,38850.0,9400,Sell,235013161
2024-08-27 10:44:42,38850.0,600,Sell,235013327
2024-08-27 10:44:42,38800.0,500,Sell,235013328
2024-08-27 10:45:48,38800.0,4100,Sell,235015421
2024-08-27 10:45:48,38800.0,200,Sell,235015422
2024-08-27 10:45:48,38800.0,200,Sell,235015423
2024-08-27 10:45:48,38800.0,2000,Sell,235015424
2024-08-27 10:45:48,38800.0,3500,Sell,235015425
2024-08-27 10:45:57,38800.0,1000,Sell,235015887
2024-08-27 10:46:01,38800.0,500,Sell,235015987
2024-08-27 10:46:01,38800.0,500,Sell,235015986
2024-08-27 10:46:01,38800.0,100,Sell,235015988
2024-08-27 10:46:06,38750.0,100,Sell,235016111
2024-08-27 10:46:23,38750.0,100,Sell,235016629
2024-08-27 10:46:30,38750.0,2000,Sell,235016833
2024-08-27 10:46:51,38750.0,500,Sell,235017551
2024-08-27 10:46:56,38750.0,1300,Sell,235017705
2024-08-27 10:46:56,38750.0,100,Sell,235017706
2024-08-27 10:46:56,38750.0,100,Sell,235017707
2024-08-27 10:46:56,38750.0,500,Sell,235017708
2024-08-27 10:46:59,38750.0,1000,Sell,235017838
2024-08-27 10:47:01,38750.0,800,Sell,235017945
2024-08-27 10:47:02,38750.0,100,Sell,235017948
2024-08-27 10:47:13,38750.0,4100,Sell,235018322
2024-08-27 10:47:13,38750.0,300,Sell,235018321
2024-08-27 10:47:13,38750.0,600,Sell,235018320
2024-08-27 10:47:24,38750.0,100,Sell,235018852
2024-08-27 10:47:27,38750.0,200,Sell,235018976
2024-08-27 10:47:29,38750.0,600,Sell,235019066
2024-08-27 10:47:29,38750.0,400,Sell,235019067
2024-08-27 10:47:37,38750.0,100,Sell,235019342
2024-08-27 10:47:50,38750.0,1200,Buy,235019785
2024-08-27 10:47:55,38750.0,200,Buy,235019918
2024-08-27 10:48:02,38750.0,100,Sell,235020114
2024-08-27 10:48:06,38700.0,8400,Sell,235020217
2024-08-27 10:48:06,38750.0,400,Sell,235020215
2024-08-27 10:48:06,38700.0,100,Sell,235020216
2024-08-27 10:48:14,38750.0,200,Buy,235020612
2024-08-27 10:48:16,38700.0,20000,Sell,235020764
2024-08-27 10:48:41,38750.0,100,Buy,235021606
2024-08-27 10:49:00,38750.0,300,Buy,235022173
2024-08-27 10:49:00,38750.0,100,Buy,235022174
2024-08-27 10:49:36,38750.0,500,Sell,235023494
2024-08-27 10:49:51,38800.0,100,Buy,235023980
2024-08-27 10:50:29,38750.0,100,Sell,235025077
2024-08-27 10:50:52,38750.0,1000,Sell,235025719
2024-08-27 10:50:53,38800.0,100,Buy,235025730
2024-08-27 10:51:26,38800.0,100,Buy,235026702
2024-08-27 10:51:26,38800.0,100,Buy,235026703
2024-08-27 10:52:25,38800.0,100,Buy,235028155
2024-08-27 10:52:25,38800.0,900,Buy,235028156
2024-08-27 10:53:06,38800.0,300,Buy,235029006
2024-08-27 10:53:06,38800.0,1000,Buy,235029007
2024-08-27 10:53:06,38800.0,900,Buy,235029008
2024-08-27 10:53:24,38800.0,100,Buy,235029427
2024-08-27 10:53:42,38800.0,200,Buy,235029726
2024-08-27 10:53:42,38800.0,200,Buy,235029727
2024-08-27 10:54:03,38800.0,800,Buy,235030144
2024-08-27 10:54:03,38800.0,1000,Buy,235030145
2024-08-27 10:54:34,38850.0,100,Buy,235030655
2024-08-27 10:54:34,38850.0,100,Buy,235030656
2024-08-27 10:54:34,38850.0,100,Buy,235030657
2024-08-27 10:54:52,38800.0,100,Sell,235030953
2024-08-27 10:58:11,38800.0,800,Sell,235033897
2024-08-27 10:58:11,38800.0,1900,Sell,235033896
2024-08-27 10:58:40,38800.0,200,Sell,235034304
2024-08-27 10:58:40,38800.0,200,Sell,235034305
2024-08-27 10:59:08,38800.0,500,Buy,235034676
2024-08-27 10:59:08,38800.0,600,Buy,235034674
2024-08-27 10:59:08,38800.0,500,Buy,235034675
2024-08-27 10:59:09,38800.0,500,Sell,235034700
2024-08-27 10:59:15,38800.0,100,Sell,235034801
2024-08-27 11:00:16,38800.0,100,Sell,235035605
2024-08-27 11:00:25,38800.0,2000,Sell,235035728
2024-08-27 11:00:27,38800.0,400,Sell,235035756
2024-08-27 11:01:21,38800.0,300,Sell,235036391
2024-08-27 11:01:21,38800.0,200,Sell,235036392
2024-08-27 11:02:24,38800.0,100,Sell,235037430
2024-08-27 11:03:38,38800.0,100,Sell,235038511
2024-08-27 11:03:52,38800.0,100,Sell,235038732
2024-08-27 11:04:43,38800.0,300,Sell,235039567
2024-08-27 11:05:41,38800.0,100,Sell,235040627
2024-08-27 11:05:56,38800.0,100,Sell,235040988
2024-08-27 11:06:02,38800.0,100,Sell,235041096
2024-08-27 11:06:08,38800.0,200,Sell,235041190
2024-08-27 11:06:08,38800.0,3000,Sell,235041191
2024-08-27 11:06:08,38800.0,1800,Sell,235041192
2024-08-27 11:06:09,38800.0,100,Sell,235041199
2024-08-27 11:06:17,38800.0,100,Sell,235041354
2024-08-27 11:07:15,38800.0,2000,Sell,235042548
2024-08-27 11:07:15,38800.0,4000,Sell,235042549
2024-08-27 11:07:36,38850.0,100,Buy,235042989
2024-08-27 11:07:49,38800.0,1000,Sell,235043274
2024-08-27 11:08:01,38750.0,100,Sell,235043480
2024-08-27 11:08:42,38750.0,2100,Sell,235044201
2024-08-27 11:08:42,38750.0,900,Sell,235044200
2024-08-27 11:09:10,38750.0,100,Sell,235044654
2024-08-27 11:10:16,38750.0,100,Sell,235046177
2024-08-27 11:10:16,38750.0,800,Sell,235046176
2024-08-27 11:10:29,38750.0,100,Sell,235046523
2024-08-27 11:10:37,38750.0,300,Sell,235046716
2024-08-27 11:10:42,38750.0,500,Sell,235046762
2024-08-27 11:11:07,38750.0,300,Sell,235047678
2024-08-27 11:11:07,38750.0,200,Sell,235047679
2024-08-27 11:11:07,38750.0,1000,Sell,235047680
2024-08-27 11:11:07,38750.0,100,Sell,235047681
2024-08-27 11:12:24,38700.0,100,Sell,235049614
2024-08-27 11:12:28,38700.0,1000,Sell,235049700
2024-08-27 11:12:54,38700.0,800,Sell,235050334
2024-08-27 11:12:54,38700.0,200,Sell,235050333
2024-08-27 11:12:54,38700.0,500,Sell,235050332
2024-08-27 11:12:55,38700.0,500,Sell,235050384
2024-08-27 11:13:28,38700.0,200,Sell,235051043
2024-08-27 11:13:52,38700.0,3000,Sell,235051645
2024-08-27 11:13:58,38700.0,4000,Sell,235051729
2024-08-27 11:14:02,38700.0,2100,Sell,235051808
2024-08-27 11:14:10,38700.0,500,Sell,235051990
2024-08-27 11:14:22,38700.0,600,Sell,235052184
2024-08-27 11:14:27,38700.0,500,Sell,235052311
2024-08-27 11:14:28,38700.0,200,Sell,235052361
2024-08-27 11:14:28,38700.0,200,Sell,235052360
2024-08-27 11:14:28,38700.0,600,Sell,235052358
2024-08-27 11:14:28,38700.0,400,Sell,235052357
2024-08-27 11:14:28,38700.0,200,Sell,235052359
2024-08-27 11:14:28,38700.0,2800,Sell,235052356
2024-08-27 11:15:18,38700.0,5000,Buy,235053337
2024-08-27 11:15:21,38700.0,600,Buy,235053433
2024-08-27 11:15:21,38700.0,200,Buy,235053434
2024-08-27 11:15:47,38700.0,200,Sell,235054000
2024-08-27 11:15:52,38700.0,300,Buy,235054111
2024-08-27 11:16:01,38700.0,600,Sell,235054276
2024-08-27 11:16:05,38750.0,100,Buy,235054368
2024-08-27 11:16:05,38750.0,1000,Buy,235054367
2024-08-27 11:16:05,38750.0,500,Buy,235054369
2024-08-27 11:16:05,38750.0,200,Buy,235054365
2024-08-27 11:16:05,38750.0,400,Buy,235054364
2024-08-27 11:16:05,38750.0,800,Buy,235054366
2024-08-27 11:16:16,38750.0,1000,Sell,235054678
2024-08-27 11:16:43,38750.0,100,Sell,235055257
2024-08-27 11:16:44,38750.0,100,Sell,235055276
2024-08-27 11:16:47,38750.0,100,Sell,235055323
2024-08-27 11:18:12,38800.0,1000,Buy,235056820
2024-08-27 11:18:12,38800.0,1000,Buy,235056821
2024-08-27 11:18:12,38800.0,1000,Buy,235056822
2024-08-27 11:18:12,38800.0,600,Buy,235056823
2024-08-27 11:18:17,38800.0,1400,Buy,235056917
2024-08-27 11:18:25,38800.0,200,Sell,235057076
2024-08-27 11:19:44,38750.0,700,Sell,235058419
2024-08-27 11:19:44,38750.0,700,Sell,235058418
2024-08-27 11:20:10,38750.0,100,Buy,235058786
2024-08-27 11:20:31,38750.0,200,Sell,235059033
2024-08-27 11:20:32,38750.0,4800,Sell,235059066
2024-08-27 11:20:32,38700.0,1400,Sell,235059067
2024-08-27 11:20:32,38700.0,5000,Sell,235059068
2024-08-27 11:20:32,38700.0,200,Sell,235059069
2024-08-27 11:20:32,38700.0,200,Sell,235059070
2024-08-27 11:20:44,38700.0,1000,Buy,235059209
2024-08-27 11:20:53,38650.0,200,Sell,235059356
2024-08-27 11:21:06,38700.0,1400,Buy,235059543
2024-08-27 11:21:10,38700.0,100,Sell,235059611
2024-08-27 11:21:15,38800.0,200,Buy,235059691
2024-08-27 11:21:15,38800.0,1600,Buy,235059692
2024-08-27 11:21:15,38800.0,400,Buy,235059689
2024-08-27 11:21:15,38800.0,200,Buy,235059690
2024-08-27 11:21:29,38800.0,100,Sell,235059963
2024-08-27 11:21:50,38800.0,500,Sell,235060290
2024-08-27 11:22:27,38800.0,400,Sell,235060813
2024-08-27 11:22:47,38800.0,1600,Sell,235061090
2024-08-27 11:22:47,38700.0,3400,Sell,235061091
2024-08-27 11:23:30,38700.0,100,Sell,235061601
2024-08-27 11:23:30,38700.0,500,Sell,235061602
2024-08-27 11:23:30,38700.0,500,Sell,235061603
2024-08-27 11:24:24,38800.0,500,Buy,235062252
2024-08-27 11:24:24,38800.0,300,Buy,235062253
2024-08-27 11:24:41,38800.0,2200,Sell,235062500
2024-08-27 11:25:33,38700.0,100,Sell,235063205
2024-08-27 11:27:48,38700.0,100,Sell,235065259
2024-08-27 11:27:48,38700.0,200,Sell,235065264
2024-08-27 11:27:48,38700.0,100,Sell,235065263
2024-08-27 11:27:48,38700.0,4400,Sell,235065258
2024-08-27 11:27:48,38700.0,300,Sell,235065261
2024-08-27 11:27:48,38700.0,1000,Sell,235065262
2024-08-27 11:27:48,38700.0,500,Sell,235065260
2024-08-27 11:28:03,38700.0,3000,Buy,235065526
2024-08-27 11:28:12,38700.0,1200,Buy,235065717
2024-08-27 11:28:21,38700.0,4000,Buy,235065977
2024-08-27 11:28:43,38700.0,200,Sell,235066374
2024-08-27 11:29:09,38700.0,700,Sell,235066810
2024-08-27 12:59:39,38700.0,1300,Sell,235067828
2024-08-27 12:59:40,38700.0,100,Sell,235068471
2024-08-27 12:59:43,38700.0,200,Sell,235069924
2024-08-27 12:59:48,38700.0,200,Sell,235070575
2024-08-27 12:59:57,38700.0,600,Sell,235071482
2024-08-27 12:59:57,38700.0,200,Sell,235071513
2024-08-27 13:00:00,38700.0,1000,Sell,235071764
2024-08-27 13:00:19,38700.0,100,Sell,235072538
2024-08-27 13:01:18,38700.0,100,Sell,235074007
2024-08-27 13:01:30,38700.0,100,Sell,235074333
2024-08-27 13:01:30,38700.0,200,Sell,235074334
2024-08-27 13:01:30,38700.0,100,Sell,235074335
2024-08-27 13:01:30,38700.0,100,Sell,235074336
2024-08-27 13:01:30,38700.0,200,Sell,235074337
2024-08-27 13:01:30,38700.0,1300,Sell,235074332
2024-08-27 13:01:49,38700.0,1000,Sell,235074815
2024-08-27 13:01:57,38700.0,100,Sell,235074934
2024-08-27 13:01:57,38700.0,1400,Sell,235074935
2024-08-27 13:02:15,38700.0,300,Sell,235075403
2024-08-27 13:02:18,38700.0,100,Sell,235075524
2024-08-27 13:02:18,38700.0,100,Sell,235075523
2024-08-27 13:02:18,38700.0,1000,Sell,235075483
2024-08-27 13:02:18,38700.0,300,Sell,235075522
2024-08-27 13:02:54,38700.0,100,Sell,235076531
2024-08-27 13:02:54,38700.0,100,Sell,235076530
2024-08-27 13:03:02,38700.0,400,Sell,235076711
2024-08-27 13:03:02,38700.0,600,Sell,235076712
2024-08-27 13:03:15,38800.0,1000,Buy,235077143
2024-08-27 13:03:15,38800.0,600,Buy,235077144
2024-08-27 13:03:15,38800.0,1000,Buy,235077145
2024-08-27 13:03:15,38800.0,200,Buy,235077146
2024-08-27 13:03:15,38800.0,600,Buy,235077147
2024-08-27 13:03:15,38800.0,600,Buy,235077148
2024-08-27 13:04:03,38800.0,2000,Buy,235078418
2024-08-27 13:04:17,38800.0,1000,Buy,235078707
2024-08-27 13:04:17,38750.0,1000,Buy,235078706
2024-08-27 13:04:22,38700.0,100,Sell,235078806
2024-08-27 13:04:36,38800.0,1400,Buy,235079138
2024-08-27 13:04:36,38800.0,300,Buy,235079139
2024-08-27 13:04:41,38800.0,1000,Buy,235079250
2024-08-27 13:04:47,38800.0,700,Buy,235079353
2024-08-27 13:05:52,38750.0,200,Sell,235081206
2024-08-27 13:05:52,38750.0,800,Sell,235081207
2024-08-27 13:06:06,38750.0,200,Sell,235081615
2024-08-27 13:06:06,38750.0,100,Sell,235081616
2024-08-27 13:06:30,38750.0,500,Buy,235082370
2024-08-27 13:06:34,38700.0,2600,Sell,235082475
2024-08-27 13:06:34,38700.0,1300,Sell,235082474
2024-08-27 13:06:38,38700.0,400,Sell,235082572
2024-08-27 13:06:38,38700.0,100,Sell,235082573
2024-08-27 13:06:44,38750.0,2000,Buy,235082681
2024-08-27 13:06:45,38700.0,2000,Sell,235082714
2024-08-27 13:06:45,38700.0,100,Sell,235082715
2024-08-27 13:06:45,38700.0,1000,Sell,235082716
2024-08-27 13:06:45,38700.0,400,Sell,235082717
2024-08-27 13:06:45,38700.0,500,Sell,235082713
2024-08-27 13:06:48,38750.0,200,Buy,235082820
2024-08-27 13:06:48,38750.0,100,Buy,235082821
2024-08-27 13:06:48,38750.0,900,Buy,235082822
2024-08-27 13:06:52,38750.0,500,Buy,235082901
2024-08-27 13:07:36,38750.0,1500,Sell,235084015
2024-08-27 13:07:44,38750.0,900,Buy,235084195
2024-08-27 13:07:52,38750.0,100,Buy,235084459
2024-08-27 13:07:52,38750.0,2000,Buy,235084458
2024-08-27 13:07:52,38750.0,600,Buy,235084457
2024-08-27 13:07:53,38750.0,100,Sell,235084471
2024-08-27 13:07:55,38750.0,800,Buy,235084575
2024-08-27 13:07:56,38750.0,600,Sell,235084616
2024-08-27 13:07:57,38750.0,200,Sell,235084656
2024-08-27 13:08:26,38750.0,400,Sell,235085588
2024-08-27 13:08:26,38750.0,100,Sell,235085589
2024-08-27 13:08:26,38750.0,1900,Sell,235085590
2024-08-27 13:08:32,38750.0,1700,Buy,235085929
2024-08-27 13:08:34,38750.0,900,Buy,235085976
2024-08-27 13:08:41,38750.0,100,Sell,235086127
2024-08-27 13:08:44,38800.0,1000,Buy,235086264
2024-08-27 13:08:48,38750.0,100,Sell,235086384
2024-08-27 13:08:59,38800.0,100,Buy,235087117
2024-08-27 13:08:59,38800.0,300,Buy,235087118
2024-08-27 13:08:59,38800.0,300,Buy,235087116
2024-08-27 13:09:19,38750.0,100,Sell,235087783
2024-08-27 13:09:19,38750.0,100,Sell,235087784
2024-08-27 13:09:29,38750.0,100,Sell,235088186
2024-08-27 13:10:04,38750.0,200,Sell,235089479
2024-08-27 13:10:24,38750.0,1000,Sell,235090308
2024-08-27 13:10:24,38750.0,100,Sell,235090310
2024-08-27 13:10:24,38750.0,100,Sell,235090306
2024-08-27 13:10:24,38750.0,100,Sell,235090305
2024-08-27 13:10:24,38750.0,100,Sell,235090307
2024-08-27 13:10:24,38750.0,1000,Sell,235090309
2024-08-27 13:10:26,38750.0,400,Buy,235090401
2024-08-27 13:10:43,38700.0,5000,Sell,235091191
2024-08-27 13:10:43,38700.0,1000,Sell,235091192
2024-08-27 13:10:50,38750.0,2000,Buy,235091408
2024-08-27 13:10:50,38800.0,1200,Buy,235091409
2024-08-27 13:10:50,38800.0,100,Buy,235091410
2024-08-27 13:10:50,38800.0,100,Buy,235091411
2024-08-27 13:10:50,38800.0,100,Buy,235091412
2024-08-27 13:10:50,38800.0,200,Buy,235091413
2024-08-27 13:10:50,38800.0,800,Buy,235091414
2024-08-27 13:11:18,38800.0,100,Buy,235092534
2024-08-27 13:11:23,38800.0,1000,Buy,235092684
2024-08-27 13:11:29,38800.0,100,Buy,235092903
2024-08-27 13:11:29,38800.0,100,Buy,235092902
2024-08-27 13:11:30,38800.0,100,Buy,235092930
2024-08-27 13:11:30,38800.0,400,Buy,235092929
2024-08-27 13:11:37,38800.0,100,Buy,235093133
2024-08-27 13:11:37,38800.0,200,Buy,235093134
2024-08-27 13:11:37,38800.0,2000,Buy,235093135
2024-08-27 13:11:42,38800.0,200,Sell,235093298
2024-08-27 13:12:05,38800.0,100,Sell,235094052
2024-08-27 13:12:43,38850.0,500,Buy,235095103
2024-08-27 13:12:43,38850.0,200,Buy,235095102
2024-08-27 13:12:43,38850.0,200,Buy,235095099
2024-08-27 13:12:43,38850.0,600,Buy,235095101
2024-08-27 13:12:43,38850.0,1500,Buy,235095097
2024-08-27 13:12:43,38850.0,1000,Buy,235095096
2024-08-27 13:12:43,38850.0,500,Buy,235095095
2024-08-27 13:12:43,38850.0,6800,Buy,235095094
2024-08-27 13:12:43,38850.0,100,Buy,235095098
2024-08-27 13:12:43,38850.0,1000,Buy,235095100
2024-08-27 13:12:53,38850.0,1000,Sell,235095350
2024-08-27 13:12:56,38850.0,1000,Sell,235095452
2024-08-27 13:13:13,38900.0,700,Buy,235095896
2024-08-27 13:13:14,38850.0,3100,Sell,235095947
2024-08-27 13:13:14,38850.0,200,Sell,235095948
2024-08-27 13:13:35,38800.0,100,Sell,235096546
2024-08-27 13:13:35,38850.0,1700,Buy,235096533
2024-08-27 13:13:35,38850.0,100,Buy,235096534
2024-08-27 13:13:35,38850.0,300,Buy,235096535
2024-08-27 13:13:35,38850.0,900,Sell,235096545
2024-08-27 13:14:00,38850.0,100,Buy,235097253
2024-08-27 13:14:53,38850.0,100,Buy,235098509
2024-08-27 13:14:53,38850.0,100,Buy,235098510
2024-08-27 13:14:53,38850.0,300,Buy,235098503
2024-08-27 13:15:01,38800.0,1200,Sell,235098699
2024-08-27 13:15:01,38800.0,1800,Sell,235098700
2024-08-27 13:15:01,38800.0,1000,Sell,235098701
2024-08-27 13:15:01,38800.0,600,Sell,235098702
2024-08-27 13:15:01,38800.0,100,Sell,235098703
2024-08-27 13:15:01,38800.0,100,Sell,235098704
2024-08-27 13:15:01,38800.0,2700,Sell,235098705
2024-08-27 13:15:01,38800.0,200,Sell,235098706
2024-08-27 13:15:13,38800.0,800,Buy,235098975
2024-08-27 13:15:24,38800.0,600,Sell,235099319
2024-08-27 13:15:30,38800.0,3500,Sell,235099453
2024-08-27 13:15:30,38800.0,200,Sell,235099452
2024-08-27 13:16:02,38800.0,2000,Buy,235100366
2024-08-27 13:16:41,38750.0,5000,Sell,235101348
2024-08-27 13:16:46,38750.0,5000,Sell,235101488
2024-08-27 13:16:46,38750.0,1800,Sell,235101489
2024-08-27 13:16:50,38750.0,200,Sell,235101600
2024-08-27 13:16:50,38750.0,100,Sell,235101601
2024-08-27 13:16:50,38750.0,700,Sell,235101602
2024-08-27 13:17:40,38750.0,100,Sell,235102802
2024-08-27 13:17:59,38750.0,2000,Sell,235103303
2024-08-27 13:18:41,38700.0,900,Sell,235104320
2024-08-27 13:18:41,38700.0,1000,Sell,235104319
2024-08-27 13:18:41,38750.0,5000,Sell,235104318
2024-08-27 13:18:41,38750.0,1700,Sell,235104316
2024-08-27 13:18:41,38750.0,200,Sell,235104315
2024-08-27 13:18:41,38750.0,300,Sell,235104317
2024-08-27 13:18:41,38750.0,2900,Sell,235104314
2024-08-27 13:18:46,38800.0,1000,Buy,235104461
2024-08-27 13:18:46,38800.0,1200,Buy,235104462
2024-08-27 13:18:51,38700.0,3300,Sell,235104640
2024-08-27 13:18:51,38700.0,100,Sell,235104639
2024-08-27 13:18:51,38700.0,300,Sell,235104636
2024-08-27 13:18:51,38700.0,100,Sell,235104635
2024-08-27 13:18:51,38700.0,500,Sell,235104638
2024-08-27 13:18:51,38700.0,100,Sell,235104633
2024-08-27 13:18:51,38700.0,100,Sell,235104632
2024-08-27 13:18:51,38700.0,5000,Sell,235104631
2024-08-27 13:18:51,38700.0,200,Sell,235104630
2024-08-27 13:18:51,38700.0,100,Sell,235104629
2024-08-27 13:18:51,38700.0,2000,Sell,235104634
2024-08-27 13:18:51,38700.0,200,Sell,235104637
2024-08-27 13:19:02,38800.0,200,Buy,235104925
2024-08-27 13:19:17,38750.0,3300,Sell,235105278
2024-08-27 13:19:32,38750.0,100,Sell,235105630
2024-08-27 13:19:52,38800.0,2100,Buy,235106054
2024-08-27 13:19:52,38800.0,1500,Buy,235106055
2024-08-27 13:19:52,38800.0,100,Buy,235106056
2024-08-27 13:19:52,38800.0,1500,Buy,235106057
2024-08-27 13:20:06,38800.0,100,Buy,235106446
2024-08-27 13:20:15,38800.0,400,Buy,235106622
2024-08-27 13:20:19,38800.0,1500,Buy,235106732
2024-08-27 13:20:19,38800.0,100,Buy,235106731
2024-08-27 13:20:29,38800.0,200,Sell,235106953
2024-08-27 13:20:36,38800.0,1500,Sell,235107224
2024-08-27 13:20:36,38800.0,1500,Sell,235107225
2024-08-27 13:20:51,38850.0,100,Buy,235107743
2024-08-27 13:20:51,38850.0,1800,Buy,235107744
2024-08-27 13:20:57,38850.0,200,Buy,235107958
2024-08-27 13:21:08,38850.0,1000,Buy,235108369
2024-08-27 13:21:08,38850.0,100,Buy,235108368
2024-08-27 13:21:08,38850.0,200,Buy,235108370
2024-08-27 13:21:08,38850.0,100,Buy,235108366
2024-08-27 13:21:08,38850.0,100,Buy,235108365
2024-08-27 13:21:08,38850.0,1000,Buy,235108364
2024-08-27 13:21:08,38850.0,500,Buy,235108367
2024-08-27 13:21:34,38850.0,1400,Sell,235108999
2024-08-27 13:21:34,38850.0,500,Sell,235109000
2024-08-27 13:21:34,38850.0,300,Sell,235109001
2024-08-27 13:21:37,38850.0,100,Buy,235109080
2024-08-27 13:21:42,38850.0,1000,Buy,235109231
2024-08-27 13:21:59,38850.0,100,Buy,235109636
2024-08-27 13:22:06,38800.0,100,Sell,235109865
2024-08-27 13:22:18,38800.0,3000,Sell,235110247
2024-08-27 13:22:29,38800.0,100,Sell,235110604
2024-08-27 13:22:31,38800.0,300,Sell,235110639
2024-08-27 13:22:46,38800.0,400,Sell,235111017
2024-08-27 13:22:46,38800.0,300,Sell,235111016
2024-08-27 13:22:46,38800.0,500,Sell,235111015
2024-08-27 13:22:46,38800.0,500,Sell,235111013
2024-08-27 13:22:46,38800.0,300,Sell,235111014
2024-08-27 13:23:02,38800.0,700,Sell,235111514
2024-08-27 13:23:02,38800.0,100,Sell,235111513
2024-08-27 13:23:04,38800.0,1200,Sell,235111543
2024-08-27 13:23:09,38800.0,300,Buy,235111664
2024-08-27 13:23:09,38750.0,1000,Sell,235111671
2024-08-27 13:23:14,38800.0,1000,Buy,235111811
2024-08-27 13:23:45,38800.0,200,Buy,235112607
2024-08-27 13:24:18,38800.0,800,Buy,235113536
2024-08-27 13:24:18,38800.0,1000,Buy,235113537
2024-08-27 13:24:18,38800.0,1000,Buy,235113538
2024-08-27 13:24:18,38800.0,300,Buy,235113539
2024-08-27 13:24:18,38800.0,1100,Buy,235113540
2024-08-27 13:24:30,38800.0,600,Sell,235113824
2024-08-27 13:25:20,38800.0,200,Sell,235114916
2024-08-27 13:25:20,38800.0,100,Sell,235114920
2024-08-27 13:25:33,38800.0,1900,Buy,235115179
2024-08-27 13:26:09,38800.0,1000,Buy,235115929
2024-08-27 13:26:32,38750.0,100,Sell,235116398
2024-08-27 13:26:45,38750.0,100,Sell,235116701
2024-08-27 13:27:04,38750.0,100,Sell,235117147
2024-08-27 13:27:25,38800.0,1500,Buy,235117658
2024-08-27 13:28:39,38750.0,300,Sell,235119323
2024-08-27 13:28:39,38750.0,200,Sell,235119324
2024-08-27 13:29:35,38800.0,200,Buy,235120613
2024-08-27 13:29:35,38750.0,1000,Sell,235120614
2024-08-27 13:30:06,38800.0,2000,Buy,235121487
2024-08-27 13:30:06,38800.0,1000,Buy,235121486
2024-08-27 13:30:06,38800.0,200,Buy,235121485
2024-08-27 13:30:06,38800.0,500,Buy,235121484
2024-08-27 13:30:06,38800.0,700,Buy,235121482
2024-08-27 13:30:06,38800.0,300,Buy,235121481
2024-08-27 13:30:06,38800.0,300,Buy,235121480
2024-08-27 13:30:06,38800.0,2000,Buy,235121483
2024-08-27 13:30:33,38800.0,500,Buy,235122150
2024-08-27 13:30:58,38750.0,100,Sell,235122686
2024-08-27 13:32:04,38750.0,500,Sell,235124036
2024-08-27 13:32:10,38800.0,400,Buy,235124210
2024-08-27 13:32:10,38800.0,700,Buy,235124211
2024-08-27 13:32:10,38800.0,900,Buy,235124212
2024-08-27 13:32:23,38800.0,200,Buy,235124508
2024-08-27 13:32:27,38800.0,400,Buy,235124580
2024-08-27 13:32:27,38800.0,900,Buy,235124578
2024-08-27 13:32:27,38800.0,100,Buy,235124579
2024-08-27 13:34:05,38800.0,500,Sell,235127041
2024-08-27 13:34:09,38800.0,100,Sell,235127145
2024-08-27 13:34:15,38800.0,100,Sell,235127287
2024-08-27 13:34:47,38750.0,400,Sell,235128293
2024-08-27 13:34:48,38800.0,100,Buy,235128333
2024-08-27 13:34:50,38750.0,1000,Sell,235128444
2024-08-27 13:35:24,38750.0,100,Sell,235129535
2024-08-27 13:35:43,38800.0,200,Buy,235130148
2024-08-27 13:35:53,38800.0,100,Buy,235130580
2024-08-27 13:36:18,38800.0,300,Buy,235131547
2024-08-27 13:36:31,38800.0,200,Buy,235132075
2024-08-27 13:36:39,38800.0,2000,Buy,235132367
2024-08-27 13:36:52,38750.0,500,Sell,235132764
2024-08-27 13:37:40,38750.0,5000,Sell,235134334
2024-08-27 13:37:40,38750.0,1200,Sell,235134344
2024-08-27 13:37:40,38750.0,100,Sell,235134343
2024-08-27 13:37:40,38750.0,100,Sell,235134342
2024-08-27 13:37:40,38750.0,5000,Sell,235134341
2024-08-27 13:37:40,38750.0,400,Sell,235134340
2024-08-27 13:37:40,38750.0,1200,Sell,235134333
2024-08-27 13:37:40,38750.0,700,Sell,235134338
2024-08-27 13:37:40,38750.0,100,Sell,235134335
2024-08-27 13:37:40,38750.0,600,Sell,235134339
2024-08-27 13:37:40,38750.0,500,Sell,235134337
2024-08-27 13:37:40,38750.0,100,Sell,235134336
2024-08-27 13:37:48,38750.0,300,Sell,235134584
2024-08-27 13:37:48,38750.0,1000,Sell,235134585
2024-08-27 13:37:48,38750.0,100,Sell,235134586
2024-08-27 13:38:05,38750.0,200,Buy,235135082
2024-08-27 13:38:21,38750.0,400,Buy,235135544
2024-08-27 13:39:19,38750.0,100,Buy,235137468
2024-08-27 13:39:22,38750.0,700,Buy,235137542
2024-08-27 13:39:29,38700.0,1000,Sell,235137796
2024-08-27 13:39:29,38750.0,100,Buy,235137803
2024-08-27 13:39:42,38700.0,3000,Sell,235138243
2024-08-27 13:39:50,38700.0,100,Sell,235138486
2024-08-27 13:39:55,38700.0,100,Sell,235138619
2024-08-27 13:40:14,38700.0,500,Sell,235139237
2024-08-27 13:40:14,38700.0,2500,Sell,235139236
2024-08-27 13:40:28,38700.0,200,Sell,235139663
2024-08-27 13:40:28,38700.0,300,Sell,235139662
2024-08-27 13:40:36,38700.0,300,Sell,235139887
2024-08-27 13:40:36,38700.0,200,Sell,235139891
2024-08-27 13:40:36,38700.0,1100,Sell,235139889
2024-08-27 13:40:36,38700.0,400,Sell,235139888
2024-08-27 13:40:36,38700.0,1000,Sell,235139890
2024-08-27 13:40:41,38700.0,100,Sell,235140052
2024-08-27 13:41:13,38700.0,100,Sell,235141133
2024-08-27 13:41:13,38700.0,500,Sell,235141134
2024-08-27 13:41:13,38700.0,200,Sell,235141135
2024-08-27 13:41:18,38700.0,1200,Buy,235141339
2024-08-27 13:41:40,38700.0,500,Buy,235142055
2024-08-27 13:41:40,38700.0,100,Buy,235142056
2024-08-27 13:41:55,38700.0,200,Buy,235142473
2024-08-27 13:41:55,38700.0,200,Buy,235142474
2024-08-27 13:42:19,38700.0,900,Buy,235143175
2024-08-27 13:42:19,38700.0,500,Buy,235143176
2024-08-27 13:42:19,38700.0,2500,Buy,235143174
2024-08-27 13:43:18,38750.0,600,Buy,235144728
2024-08-27 13:43:24,38750.0,500,Buy,235144826
2024-08-27 13:43:30,38800.0,700,Buy,235144993
2024-08-27 13:44:16,38750.0,100,Sell,235146155
2024-08-27 13:45:09,38750.0,400,Sell,235147626
2024-08-27 13:45:09,38750.0,500,Sell,235147627
2024-08-27 13:45:09,38750.0,700,Sell,235147628
2024-08-27 13:45:20,38800.0,400,Buy,235147924
2024-08-27 13:45:29,38750.0,300,Sell,235148202
2024-08-27 13:45:29,38750.0,100,Sell,235148201
2024-08-27 13:45:29,38750.0,200,Sell,235148200
2024-08-27 13:45:30,38800.0,400,Buy,235148275
2024-08-27 13:45:38,38750.0,1000,Sell,235148502
2024-08-27 13:45:38,38750.0,400,Sell,235148503
2024-08-27 13:45:38,38750.0,1000,Sell,235148504
2024-08-27 13:45:38,38750.0,300,Sell,235148505
2024-08-27 13:45:38,38750.0,700,Sell,235148501
2024-08-27 13:46:04,38750.0,500,Buy,235149175
2024-08-27 13:46:19,38750.0,5000,Buy,235149718
2024-08-27 13:46:33,38750.0,400,Buy,235150134
2024-08-27 13:46:46,38750.0,5000,Buy,235150576
2024-08-27 13:46:47,38750.0,200,Buy,235150586
2024-08-27 13:47:08,38750.0,300,Buy,235151347
2024-08-27 13:47:22,38750.0,700,Buy,235151659
2024-08-27 13:47:22,38750.0,1000,Buy,235151658
2024-08-27 13:47:22,38750.0,100,Buy,235151657
2024-08-27 13:47:22,38750.0,200,Buy,235151656
2024-08-27 13:47:34,38750.0,300,Buy,235151947
2024-08-27 13:47:43,38750.0,200,Buy,235152155
2024-08-27 13:48:12,38750.0,200,Buy,235152834
2024-08-27 13:48:27,38750.0,200,Buy,235153137
2024-08-27 13:48:29,38750.0,400,Buy,235153193
2024-08-27 13:48:30,38750.0,200,Sell,235153210
2024-08-27 13:48:42,38750.0,400,Buy,235153411
2024-08-27 13:48:42,38750.0,100,Sell,235153417
2024-08-27 13:49:05,38750.0,500,Sell,235153896
2024-08-27 13:49:53,38750.0,100,Sell,235154949
2024-08-27 13:50:33,38750.0,3000,Sell,235155981
2024-08-27 13:50:37,38750.0,2000,Sell,235156075
2024-08-27 13:50:46,38750.0,700,Sell,235156230
2024-08-27 13:50:51,38750.0,500,Sell,235156320
2024-08-27 13:50:56,38750.0,400,Sell,235156409
2024-08-27 13:50:57,38750.0,400,Sell,235156420
2024-08-27 13:50:59,38750.0,1900,Sell,235156465
2024-08-27 13:50:59,38750.0,100,Sell,235156466
2024-08-27 13:51:01,38750.0,100,Sell,235156494
2024-08-27 13:52:04,38750.0,300,Buy,235158046
2024-08-27 13:52:04,38750.0,300,Buy,235158047
2024-08-27 13:52:19,38750.0,100,Buy,235158349
2024-08-27 13:52:24,38750.0,100,Buy,235158412
2024-08-27 13:52:24,38750.0,100,Buy,235158413
2024-08-27 13:52:42,38750.0,1900,Buy,235158754
2024-08-27 13:52:42,38750.0,100,Buy,235158755
2024-08-27 13:53:04,38750.0,200,Buy,235159232
2024-08-27 13:53:08,38700.0,100,Sell,235159344
2024-08-27 13:53:30,38750.0,400,Buy,235159679
2024-08-27 13:53:30,38750.0,600,Buy,235159680
2024-08-27 13:54:31,38750.0,2800,Buy,235161229
2024-08-27 13:54:31,38750.0,900,Buy,235161230
2024-08-27 13:54:36,38750.0,4100,Buy,235161293
2024-08-27 13:54:36,38750.0,500,Buy,235161294
2024-08-27 13:54:36,38750.0,100,Buy,235161295
2024-08-27 13:54:36,38750.0,1000,Buy,235161296
2024-08-27 13:54:38,38700.0,100,Sell,235161336
2024-08-27 13:54:38,38700.0,5600,Sell,235161337
2024-08-27 13:54:38,38750.0,1300,Sell,235161334
2024-08-27 13:54:38,38700.0,3000,Sell,235161335
2024-08-27 13:54:54,38700.0,100,Sell,235161663
2024-08-27 13:55:34,38700.0,1000,Sell,235162465
2024-08-27 13:55:56,38700.0,2000,Sell,235162953
2024-08-27 13:55:58,38700.0,3000,Sell,235163012
2024-08-27 13:56:01,38700.0,1000,Sell,235163073
2024-08-27 13:56:03,38700.0,200,Sell,235163124
2024-08-27 13:56:03,38700.0,500,Sell,235163123
2024-08-27 13:56:03,38700.0,8200,Sell,235163122
2024-08-27 13:56:03,38700.0,100,Sell,235163121
2024-08-27 13:56:03,38700.0,100,Sell,235163120
2024-08-27 13:56:03,38700.0,100,Sell,235163119
2024-08-27 13:56:03,38700.0,300,Sell,235163118
2024-08-27 13:56:03,38700.0,100,Sell,235163115
2024-08-27 13:56:03,38700.0,300,Sell,235163114
2024-08-27 13:56:03,38700.0,600,Sell,235163113
2024-08-27 13:56:03,38700.0,100,Sell,235163112
2024-08-27 13:56:03,38700.0,300,Sell,235163111
2024-08-27 13:56:03,38700.0,500,Sell,235163110
2024-08-27 13:56:03,38700.0,3300,Sell,235163109
2024-08-27 13:56:03,38700.0,1700,Sell,235163116
2024-08-27 13:56:03,38700.0,3600,Sell,235163117
2024-08-27 13:56:21,38700.0,200,Sell,235163495
2024-08-27 13:56:21,38700.0,300,Sell,235163496
2024-08-27 13:56:22,38700.0,200,Buy,235163509
2024-08-27 13:56:25,38700.0,300,Buy,235163545
2024-08-27 13:56:36,38700.0,100,Sell,235163748
2024-08-27 13:57:34,38700.0,100,Sell,235164859
2024-08-27 13:57:34,38700.0,100,Buy,235164855
2024-08-27 13:57:34,38700.0,100,Buy,235164854
2024-08-27 13:58:07,38750.0,100,Buy,235165523
2024-08-27 13:58:48,38750.0,100,Buy,235166320
2024-08-27 13:58:48,38750.0,400,Buy,235166321
2024-08-27 13:58:53,38750.0,100,Buy,235166407
2024-08-27 13:59:40,38800.0,100,Buy,235167530
2024-08-27 14:00:41,38800.0,100,Buy,235169240
2024-08-27 14:00:55,38800.0,700,Buy,235169649
2024-08-27 14:01:27,38800.0,200,Buy,235170787
2024-08-27 14:01:55,38800.0,100,Buy,235171636
2024-08-27 14:01:59,38800.0,500,Buy,235171749
2024-08-27 14:02:00,38750.0,100,Sell,235171766
2024-08-27 14:02:49,38750.0,100,Sell,235173169
2024-08-27 14:02:49,38750.0,100,Sell,235173168
2024-08-27 14:02:49,38750.0,100,Sell,235173167
2024-08-27 14:02:49,38750.0,400,Sell,235173165
2024-08-27 14:02:49,38750.0,2000,Sell,235173166
2024-08-27 14:02:57,38750.0,500,Buy,235173382
2024-08-27 14:03:00,38750.0,3000,Buy,235173444
2024-08-27 14:03:13,38750.0,500,Buy,235173791
2024-08-27 14:03:22,38750.0,1000,Buy,235174019
2024-08-27 14:03:23,38750.0,1500,Buy,235174086
2024-08-27 14:03:29,38750.0,200,Buy,235174278
2024-08-27 14:03:30,38750.0,500,Buy,235174317
2024-08-27 14:03:31,38750.0,100,Buy,235174372
2024-08-27 14:03:35,38750.0,500,Buy,235174455
2024-08-27 14:03:35,38750.0,300,Buy,235174456
2024-08-27 14:04:46,38800.0,1000,Buy,235177065
2024-08-27 14:04:53,38800.0,100,Buy,235177313
2024-08-27 14:05:00,38750.0,1000,Sell,235177545
2024-08-27 14:05:00,38750.0,200,Sell,235177544
2024-08-27 14:05:00,38750.0,800,Sell,235177546
2024-08-27 14:05:08,38750.0,100,Sell,235177843
2024-08-27 14:05:33,38750.0,100,Sell,235178400
2024-08-27 14:05:33,38750.0,300,Sell,235178399
2024-08-27 14:05:33,38750.0,100,Sell,235178401
2024-08-27 14:06:26,38750.0,100,Sell,235179860
2024-08-27 14:08:13,38800.0,200,Buy,235183073
2024-08-27 14:08:13,38800.0,200,Buy,235183074
2024-08-27 14:08:13,38800.0,400,Buy,235183075
2024-08-27 14:08:13,38800.0,100,Buy,235183076
2024-08-27 14:08:23,38800.0,300,Buy,235183346
2024-08-27 14:08:43,38800.0,500,Buy,235183964
2024-08-27 14:09:07,38800.0,200,Buy,235184590
2024-08-27 14:09:25,38750.0,600,Sell,235185028
2024-08-27 14:09:25,38750.0,300,Sell,235185026
2024-08-27 14:09:25,38750.0,100,Sell,235185027
2024-08-27 14:09:30,38750.0,200,Sell,235185193
2024-08-27 14:09:30,38750.0,100,Sell,235185194
2024-08-27 14:09:48,38750.0,1000,Sell,235185585
2024-08-27 14:09:50,38750.0,100,Sell,235185615
2024-08-27 14:10:10,38750.0,100,Sell,235186088
2024-08-27 14:10:23,38750.0,200,Sell,235186399
2024-08-27 14:10:42,38800.0,300,Buy,235186906
2024-08-27 14:10:52,38750.0,100,Sell,235187091
2024-08-27 14:11:24,38750.0,1200,Sell,235188129
2024-08-27 14:11:24,38750.0,100,Sell,235188128
2024-08-27 14:11:24,38750.0,2900,Sell,235188127
2024-08-27 14:11:24,38750.0,300,Sell,235188125
2024-08-27 14:11:24,38750.0,1000,Sell,235188126
2024-08-27 14:11:24,38750.0,1500,Sell,235188124
2024-08-27 14:11:32,38750.0,200,Sell,235188340
2024-08-27 14:11:46,38750.0,4700,Sell,235188684
2024-08-27 14:11:46,38750.0,2600,Sell,235188683
2024-08-27 14:11:46,38750.0,2400,Sell,235188677
2024-08-27 14:11:46,38750.0,500,Sell,235188676
2024-08-27 14:11:46,38750.0,100,Sell,235188685
2024-08-27 14:11:46,38750.0,3000,Sell,235188674
2024-08-27 14:11:46,38750.0,300,Sell,235188673
2024-08-27 14:11:46,38750.0,100,Sell,235188672
2024-08-27 14:11:46,38750.0,3600,Sell,235188671
2024-08-27 14:11:46,38750.0,100,Sell,235188675
2024-08-27 14:12:15,38750.0,1500,Buy,235189466
2024-08-27 14:13:03,38700.0,400,Sell,235190878
2024-08-27 14:13:03,38700.0,600,Sell,235190879
2024-08-27 14:13:08,38700.0,1600,Sell,235191040
2024-08-27 14:13:18,38700.0,5000,Sell,235191314
2024-08-27 14:13:21,38750.0,5000,Buy,235191414
2024-08-27 14:13:31,38700.0,2000,Sell,235191676
2024-08-27 14:13:36,38700.0,800,Sell,235191786
2024-08-27 14:13:36,38700.0,100,Sell,235191787
2024-08-27 14:13:36,38700.0,100,Sell,235191788
2024-08-27 14:13:37,38700.0,3000,Sell,235191808
2024-08-27 14:13:41,38700.0,100,Sell,235191993
2024-08-27 14:13:41,38700.0,100,Sell,235191992
2024-08-27 14:13:41,38700.0,100,Sell,235191990
2024-08-27 14:13:41,38700.0,100,Sell,235191991
2024-08-27 14:14:57,38700.0,600,Buy,235195066
2024-08-27 14:14:57,38700.0,300,Buy,235195067
2024-08-27 14:15:18,38700.0,100,Sell,235195578
2024-08-27 14:15:53,38700.0,200,Sell,235196813
2024-08-27 14:16:06,38700.0,10000,Sell,235197169
2024-08-27 14:16:37,38700.0,200,Sell,235198056
2024-08-27 14:17:14,38700.0,1200,Sell,235199449
2024-08-27 14:17:14,38700.0,1300,Sell,235199448
2024-08-27 14:17:14,38700.0,300,Sell,235199447
2024-08-27 14:17:14,38700.0,500,Sell,235199450
2024-08-27 14:17:14,38700.0,200,Sell,235199445
2024-08-27 14:17:14,38700.0,700,Sell,235199444
2024-08-27 14:17:14,38700.0,500,Sell,235199446
2024-08-27 14:17:14,38700.0,10600,Sell,235199443
2024-08-27 14:17:21,38700.0,100,Buy,235199762
2024-08-27 14:17:28,38700.0,200,Buy,235199951
2024-08-27 14:17:42,38700.0,300,Buy,235200376
2024-08-27 14:17:44,38650.0,400,Sell,235200514
2024-08-27 14:17:44,38650.0,100,Sell,235200515
2024-08-27 14:17:44,38650.0,4700,Sell,235200516
2024-08-27 14:18:10,38600.0,200,Sell,235201314
2024-08-27 14:18:10,38600.0,500,Sell,235201315
2024-08-27 14:18:10,38600.0,100,Sell,235201316
2024-08-27 14:18:10,38600.0,100,Sell,235201320
2024-08-27 14:18:10,38600.0,300,Sell,235201318
2024-08-27 14:18:10,38600.0,500,Sell,235201319
2024-08-27 14:18:10,38600.0,100,Sell,235201313
2024-08-27 14:18:10,38600.0,700,Sell,235201317
2024-08-27 14:18:10,38600.0,100,Sell,235201312
2024-08-27 14:18:10,38650.0,300,Sell,235201308
2024-08-27 14:18:10,38600.0,100,Sell,235201310
2024-08-27 14:18:10,38650.0,300,Sell,235201309
2024-08-27 14:18:10,38650.0,300,Sell,235201307
2024-08-27 14:18:10,38650.0,2000,Sell,235201306
2024-08-27 14:18:10,38650.0,100,Sell,235201305
2024-08-27 14:18:10,38650.0,100,Sell,235201304
2024-08-27 14:18:10,38650.0,100,Sell,235201303
2024-08-27 14:18:10,38650.0,300,Sell,235201302
2024-08-27 14:18:10,38600.0,2800,Sell,235201311
2024-08-27 14:18:11,38600.0,300,Sell,235201333
2024-08-27 14:18:11,38600.0,600,Sell,235201334
2024-08-27 14:18:55,38600.0,2700,Sell,235202600
2024-08-27 14:18:55,38600.0,3000,Sell,235202598
2024-08-27 14:18:55,38600.0,1500,Sell,235202597
2024-08-27 14:18:55,38600.0,2000,Sell,235202599
2024-08-27 14:18:57,38650.0,100,Buy,235202653
2024-08-27 14:19:08,38650.0,600,Sell,235202957
2024-08-27 14:19:14,38650.0,1200,Sell,235203066
2024-08-27 14:19:14,38650.0,100,Sell,235203068
2024-08-27 14:19:21,38650.0,500,Sell,235203209
2024-08-27 14:19:34,38650.0,300,Buy,235203521
2024-08-27 14:19:37,38600.0,500,Sell,235203604
2024-08-27 14:19:37,38600.0,100,Sell,235203605
2024-08-27 14:19:37,38600.0,400,Sell,235203606
2024-08-27 14:19:44,38650.0,100,Buy,235203732
2024-08-27 14:19:56,38650.0,1300,Buy,235204097
2024-08-27 14:19:59,38650.0,500,Buy,235204199
2024-08-27 14:20:03,38650.0,200,Buy,235204335
2024-08-27 14:20:03,38650.0,400,Buy,235204334
2024-08-27 14:20:03,38650.0,100,Buy,235204336
2024-08-27 14:20:27,38650.0,1800,Sell,235204872
2024-08-27 14:20:36,38650.0,5000,Sell,235205098
2024-08-27 14:20:40,38650.0,2500,Sell,235205190
2024-08-27 14:20:40,38650.0,500,Sell,235205196
2024-08-27 14:20:46,38650.0,1200,Sell,235205370
2024-08-27 14:20:46,38650.0,200,Sell,235205371
2024-08-27 14:20:50,38650.0,200,Sell,235205551
2024-08-27 14:20:50,38650.0,200,Sell,235205552
2024-08-27 14:20:50,38650.0,100,Sell,235205549
2024-08-27 14:20:50,38650.0,800,Sell,235205548
2024-08-27 14:20:50,38650.0,500,Sell,235205550
2024-08-27 14:20:54,38650.0,100,Buy,235205729
2024-08-27 14:21:03,38650.0,100,Buy,235206072
2024-08-27 14:21:16,38600.0,100,Sell,235206527
2024-08-27 14:21:16,38600.0,100,Sell,235206531
2024-08-27 14:21:16,38600.0,800,Sell,235206532
2024-08-27 14:21:21,38600.0,300,Sell,235206713
2024-08-27 14:21:23,38600.0,100,Sell,235206755
2024-08-27 14:21:25,38600.0,800,Sell,235206815
2024-08-27 14:21:26,38600.0,300,Buy,235206856
2024-08-27 14:21:32,38600.0,200,Buy,235207083
2024-08-27 14:21:35,38600.0,300,Buy,235207139
2024-08-27 14:21:47,38600.0,1000,Buy,235207443
2024-08-27 14:21:52,38600.0,200,Buy,235207602
2024-08-27 14:21:59,38600.0,1000,Buy,235207830
2024-08-27 14:21:59,38600.0,100,Buy,235207829
2024-08-27 14:22:05,38600.0,100,Buy,235208005
2024-08-27 14:22:07,38600.0,200,Buy,235208185
2024-08-27 14:22:14,38600.0,100,Buy,235208413
2024-08-27 14:22:19,38600.0,100,Buy,235208561
2024-08-27 14:22:22,38600.0,100,Buy,235208687
2024-08-27 14:22:22,38600.0,100,Buy,235208688
2024-08-27 14:22:35,38550.0,100,Sell,235209115
2024-08-27 14:22:35,38550.0,300,Sell,235209114
2024-08-27 14:22:35,38550.0,3200,Sell,235209117
2024-08-27 14:22:35,38550.0,1000,Sell,235209112
2024-08-27 14:22:35,38550.0,100,Sell,235209111
2024-08-27 14:22:35,38550.0,200,Sell,235209110
2024-08-27 14:22:35,38550.0,5000,Sell,235209113
2024-08-27 14:22:35,38550.0,100,Sell,235209116
2024-08-27 14:22:36,38550.0,300,Sell,235209150
2024-08-27 14:22:50,38600.0,100,Buy,235209811
2024-08-27 14:23:08,38600.0,100,Buy,235210450
2024-08-27 14:23:08,38600.0,9900,Buy,235210451
2024-08-27 14:23:09,38600.0,2100,Buy,235210466
2024-08-27 14:23:09,38600.0,600,Buy,235210467
2024-08-27 14:23:23,38650.0,2000,Buy,235211150
2024-08-27 14:23:40,38650.0,2000,Buy,235211864
2024-08-27 14:23:48,38650.0,100,Buy,235212173
2024-08-27 14:24:09,38600.0,200,Sell,235212972
2024-08-27 14:24:46,38650.0,100,Buy,235214527
2024-08-27 14:24:46,38650.0,900,Buy,235214526
2024-08-27 14:24:46,38650.0,3000,Buy,235214513
2024-08-27 14:24:54,38650.0,100,Buy,235214789
2024-08-27 14:24:54,38650.0,100,Buy,235214790
2024-08-27 14:25:44,38650.0,300,Sell,235216715
2024-08-27 14:25:44,38650.0,200,Sell,235216716
2024-08-27 14:25:44,38650.0,500,Sell,235216717
2024-08-27 14:26:09,38700.0,200,Buy,235217676
2024-08-27 14:26:18,38700.0,1000,Buy,235218052
2024-08-27 14:26:28,38700.0,2000,Buy,235218468
2024-08-27 14:26:40,38700.0,900,Buy,235218899
2024-08-27 14:26:40,38700.0,200,Buy,235218900
2024-08-27 14:26:40,38700.0,900,Buy,235218901
2024-08-27 14:26:41,38700.0,100,Buy,235218980
2024-08-27 14:26:41,38700.0,300,Buy,235218983
2024-08-27 14:26:42,38700.0,200,Buy,235219012
2024-08-27 14:26:42,38700.0,700,Buy,235219011
2024-08-27 14:26:46,38700.0,300,Buy,235219138
2024-08-27 14:26:46,38700.0,100,Buy,235219139
2024-08-27 14:26:46,38700.0,200,Buy,235219140
2024-08-27 14:26:46,38700.0,100,Buy,235219141
2024-08-27 14:27:41,38750.0,6100,Buy,235221137
2024-08-27 14:27:41,38750.0,600,Buy,235221138
2024-08-27 14:27:41,38750.0,100,Buy,235221139
2024-08-27 14:27:41,38750.0,100,Buy,235221140
2024-08-27 14:27:41,38750.0,100,Buy,235221141
2024-08-27 14:27:41,38750.0,100,Buy,235221142
2024-08-27 14:27:53,38750.0,200,Sell,235221675
2024-08-27 14:28:05,38750.0,5700,Sell,235222215
2024-08-27 14:28:05,38750.0,1300,Sell,235222216
2024-08-27 14:28:23,38750.0,3800,Sell,235222948
2024-08-27 14:28:23,38750.0,500,Sell,235222949
2024-08-27 14:28:26,38750.0,400,Buy,235223033
2024-08-27 14:28:26,38750.0,100,Sell,235223094
2024-08-27 14:28:30,38750.0,600,Sell,235223202
2024-08-27 14:28:31,38750.0,400,Sell,235223218
2024-08-27 14:28:41,38750.0,100,Sell,235223661
2024-08-27 14:28:44,38750.0,100,Sell,235223730
2024-08-27 14:28:46,38750.0,200,Sell,235223814
2024-08-27 14:28:57,38750.0,300,Buy,235224407
2024-08-27 14:28:57,38750.0,100,Buy,235224408
2024-08-27 14:28:59,38750.0,500,Sell,235224532
2024-08-27 14:29:02,38750.0,2000,Buy,235224654
2024-08-27 14:29:10,38750.0,4000,Buy,235225033
2024-08-27 14:29:11,38700.0,300,Sell,235225074
2024-08-27 14:29:11,38700.0,500,Sell,235225075
2024-08-27 14:29:17,38750.0,100,Buy,235225340
2024-08-27 14:29:19,38750.0,3400,Buy,235225448
2024-08-27 14:29:19,38750.0,100,Buy,235225449
2024-08-27 14:29:19,38750.0,100,Buy,235225450
2024-08-27 14:29:19,38750.0,100,Buy,235225451
2024-08-27 14:29:22,38750.0,100,Sell,235225570
2024-08-27 14:29:26,38750.0,1200,Sell,235225726
2024-08-27 14:29:33,38750.0,500,Buy,235225973
2024-08-27 14:44:37,38750.0,56700,ATO/ATC,235226849
