time,price,volume,match_type,id
2024-08-21 09:14:37,38600.0,21500,ATO/ATC,233327083
2024-08-21 09:14:39,38600.0,21300,Sell,233327367
2024-08-21 09:14:39,38600.0,200,Sell,233327366
2024-08-21 09:14:39,38600.0,100,Sell,233327365
2024-08-21 09:14:39,38600.0,100,Sell,233327364
2024-08-21 09:14:39,38600.0,500,Sell,233327363
2024-08-21 09:14:39,38600.0,100,Sell,233327362
2024-08-21 09:14:39,38700.0,400,Buy,233327354
2024-08-21 09:14:39,38600.0,100,Sell,233327360
2024-08-21 09:14:39,38700.0,200,Buy,233327355
2024-08-21 09:14:39,38700.0,100,Buy,233327356
2024-08-21 09:14:39,38600.0,500,Sell,233327361
2024-08-21 09:14:39,38700.0,500,Sell,233327358
2024-08-21 09:14:39,38700.0,300,Buy,233327357
2024-08-21 09:14:39,38600.0,400,Sell,233327359
2024-08-21 09:14:46,38600.0,600,Sell,233327653
2024-08-21 09:14:46,38600.0,3200,Sell,233327652
2024-08-21 09:14:46,38600.0,2000,Sell,233327651
2024-08-21 09:14:46,38600.0,700,Sell,233327649
2024-08-21 09:14:46,38600.0,1000,Sell,233327648
2024-08-21 09:14:46,38600.0,1000,Sell,233327647
2024-08-21 09:14:46,38600.0,2000,Sell,233327633
2024-08-21 09:14:46,38600.0,1000,Sell,233327645
2024-08-21 09:14:46,38600.0,600,Sell,233327644
2024-08-21 09:14:46,38600.0,200,Sell,233327643
2024-08-21 09:14:46,38600.0,100,Sell,233327642
2024-08-21 09:14:46,38600.0,10000,Sell,233327641
2024-08-21 09:14:46,38600.0,6700,Sell,233327640
2024-08-21 09:14:46,38600.0,500,Sell,233327646
2024-08-21 09:14:46,38600.0,100,Sell,233327650
2024-08-21 09:14:48,38600.0,300,Buy,233327731
2024-08-21 09:14:51,38600.0,1000,Buy,233327800
2024-08-21 09:14:51,38600.0,100,Buy,233327824
2024-08-21 09:14:56,38600.0,200,Buy,233327935
2024-08-21 09:14:57,38600.0,600,Buy,233327970
2024-08-21 09:15:04,38600.0,100,Buy,233328210
2024-08-21 09:15:20,38600.0,1000,Sell,233328655
2024-08-21 09:15:34,38800.0,5000,Buy,233329111
2024-08-21 09:15:35,38700.0,100,Sell,233329143
2024-08-21 09:15:35,38700.0,100,Sell,233329144
2024-08-21 09:15:35,38700.0,100,Sell,233329142
2024-08-21 09:15:48,38800.0,100,Buy,233329665
2024-08-21 09:15:55,38800.0,200,Buy,233329964
2024-08-21 09:16:00,38700.0,500,Sell,233330182
2024-08-21 09:16:01,38700.0,100,Sell,233330224
2024-08-21 09:16:02,38700.0,4600,Sell,233330234
2024-08-21 09:16:08,38800.0,500,Buy,233330461
2024-08-21 09:16:12,38800.0,200,Buy,233330614
2024-08-21 09:16:12,38800.0,1800,Buy,233330615
2024-08-21 09:16:16,38900.0,100,Buy,233330826
2024-08-21 09:16:16,38900.0,500,Buy,233330827
2024-08-21 09:16:33,38700.0,100,Sell,233331450
2024-08-21 09:17:04,38750.0,100,Sell,233332804
2024-08-21 09:17:06,38750.0,300,Sell,233332879
2024-08-21 09:17:06,38750.0,500,Sell,233332880
2024-08-21 09:17:06,38750.0,500,Sell,233332881
2024-08-21 09:17:06,38700.0,1700,Sell,233332882
2024-08-21 09:17:09,38700.0,500,Sell,233333010
2024-08-21 09:17:09,38700.0,100,Sell,233333011
2024-08-21 09:17:09,38700.0,200,Sell,233333009
2024-08-21 09:17:09,38700.0,2700,Sell,233333005
2024-08-21 09:17:09,38700.0,200,Sell,233333007
2024-08-21 09:17:09,38700.0,500,Sell,233333008
2024-08-21 09:17:09,38700.0,800,Sell,233333006
2024-08-21 09:17:26,38750.0,300,Sell,233333749
2024-08-21 09:17:31,38700.0,400,Sell,233333935
2024-08-21 09:17:31,38700.0,400,Sell,233333936
2024-08-21 09:17:31,38700.0,500,Sell,233333937
2024-08-21 09:17:31,38700.0,300,Sell,233333938
2024-08-21 09:17:35,38700.0,100,Sell,233334101
2024-08-21 09:17:36,38700.0,400,Sell,233334140
2024-08-21 09:17:45,38700.0,200,Sell,233334611
2024-08-21 09:17:46,38700.0,100,Sell,233334614
2024-08-21 09:17:48,38700.0,100,Sell,233334705
2024-08-21 09:17:51,38700.0,9800,Sell,233334826
2024-08-21 09:17:51,38700.0,100,Sell,233334827
2024-08-21 09:17:51,38700.0,100,Sell,233334828
2024-08-21 09:17:53,38700.0,900,Sell,233334862
2024-08-21 09:17:53,38700.0,2000,Sell,233334863
2024-08-21 09:17:54,38700.0,1200,Sell,233334918
2024-08-21 09:17:56,38700.0,200,Sell,233334972
2024-08-21 09:18:07,38700.0,600,Sell,233335442
2024-08-21 09:18:08,38650.0,100,Sell,233335462
2024-08-21 09:18:14,38650.0,900,Sell,233335629
2024-08-21 09:18:14,38650.0,2200,Sell,233335630
2024-08-21 09:18:14,38650.0,500,Sell,233335631
2024-08-21 09:18:14,38650.0,9400,Sell,233335632
2024-08-21 09:18:15,38700.0,400,Buy,233335674
2024-08-21 09:18:15,38750.0,100,Buy,233335675
2024-08-21 09:18:17,38650.0,600,Sell,233335781
2024-08-21 09:18:22,38600.0,200,Sell,233335972
2024-08-21 09:18:22,38600.0,4000,Sell,233335973
2024-08-21 09:18:22,38600.0,600,Sell,233335974
2024-08-21 09:18:22,38600.0,3300,Sell,233335975
2024-08-21 09:18:22,38600.0,500,Sell,233335979
2024-08-21 09:18:22,38600.0,800,Sell,233335977
2024-08-21 09:18:22,38600.0,100,Sell,233335978
2024-08-21 09:18:22,38600.0,100,Sell,233335971
2024-08-21 09:18:22,38600.0,100,Sell,233335976
2024-08-21 09:18:22,38600.0,200,Sell,233335970
2024-08-21 09:18:22,38600.0,800,Sell,233335966
2024-08-21 09:18:22,38600.0,700,Sell,233335968
2024-08-21 09:18:22,38600.0,500,Sell,233335967
2024-08-21 09:18:22,38600.0,500,Sell,233335959
2024-08-21 09:18:22,38600.0,100,Sell,233335965
2024-08-21 09:18:22,38600.0,1000,Sell,233335964
2024-08-21 09:18:22,38600.0,100,Sell,233335963
2024-08-21 09:18:22,38600.0,100,Sell,233335962
2024-08-21 09:18:22,38600.0,400,Sell,233335961
2024-08-21 09:18:22,38600.0,500,Sell,233335960
2024-08-21 09:18:22,38600.0,1000,Sell,233335969
2024-08-21 09:18:31,38600.0,100,Buy,233336303
2024-08-21 09:18:32,38550.0,500,Sell,233336366
2024-08-21 09:18:32,38550.0,5000,Sell,233336365
2024-08-21 09:18:32,38550.0,200,Sell,233336364
2024-08-21 09:18:32,38550.0,2000,Sell,233336363
2024-08-21 09:18:32,38550.0,100,Sell,233336362
2024-08-21 09:18:32,38550.0,100,Sell,233336361
2024-08-21 09:18:32,38550.0,200,Sell,233336360
2024-08-21 09:18:32,38550.0,100,Sell,233336359
2024-08-21 09:18:32,38550.0,1500,Sell,233336358
2024-08-21 09:18:32,38550.0,200,Sell,233336357
2024-08-21 09:18:34,38500.0,100,Sell,233336420
2024-08-21 09:18:34,38500.0,100,Sell,233336421
2024-08-21 09:18:34,38500.0,1700,Sell,233336422
2024-08-21 09:18:35,38500.0,600,Sell,233336481
2024-08-21 09:18:35,38500.0,300,Sell,233336479
2024-08-21 09:18:35,38500.0,100,Sell,233336444
2024-08-21 09:18:35,38500.0,100,Sell,233336443
2024-08-21 09:18:35,38500.0,100,Sell,233336442
2024-08-21 09:18:35,38500.0,100,Sell,233336441
2024-08-21 09:18:35,38500.0,200,Sell,233336440
2024-08-21 09:18:35,38500.0,100,Sell,233336480
2024-08-21 09:18:35,38500.0,2000,Sell,233336434
2024-08-21 09:18:35,38500.0,1000,Sell,233336433
2024-08-21 09:18:35,38500.0,500,Sell,233336432
2024-08-21 09:18:35,38500.0,1500,Sell,233336431
2024-08-21 09:18:35,38500.0,2500,Sell,233336430
2024-08-21 09:18:35,38500.0,200,Sell,233336429
2024-08-21 09:18:35,38500.0,100,Sell,233336428
2024-08-21 09:18:35,38500.0,4300,Sell,233336427
2024-08-21 09:18:35,38500.0,200,Sell,233336435
2024-08-21 09:18:37,38500.0,100,Buy,233336564
2024-08-21 09:18:37,38500.0,700,Sell,233336546
2024-08-21 09:18:37,38500.0,1000,Sell,233336545
2024-08-21 09:18:37,38500.0,200,Sell,233336544
2024-08-21 09:18:37,38500.0,1000,Sell,233336542
2024-08-21 09:18:37,38500.0,4000,Sell,233336541
2024-08-21 09:18:37,38500.0,100,Sell,233336543
2024-08-21 09:18:39,38450.0,100,Sell,233336623
2024-08-21 09:18:39,38450.0,100,Sell,233336636
2024-08-21 09:18:39,38400.0,1400,Sell,233336637
2024-08-21 09:18:40,38400.0,200,Sell,233336658
2024-08-21 09:18:49,38400.0,100,Sell,233337107
2024-08-21 09:18:49,38400.0,200,Sell,233337106
2024-08-21 09:18:49,38400.0,1000,Sell,233337105
2024-08-21 09:18:49,38400.0,100,Sell,233337104
2024-08-21 09:18:49,38400.0,1000,Sell,233337101
2024-08-21 09:18:49,38400.0,100,Sell,233337102
2024-08-21 09:18:49,38400.0,1400,Sell,233337100
2024-08-21 09:18:49,38500.0,200,Buy,233337087
2024-08-21 09:18:49,38500.0,1000,Buy,233337086
2024-08-21 09:18:49,38400.0,700,Sell,233337103
2024-08-21 09:19:02,38400.0,100,Sell,233337651
2024-08-21 09:19:02,38400.0,300,Sell,233337652
2024-08-21 09:19:02,38550.0,100,Buy,233337662
2024-08-21 09:19:10,38400.0,100,Sell,233338060
2024-08-21 09:19:22,38550.0,300,Buy,233338521
2024-08-21 09:19:28,38400.0,300,Sell,233338733
2024-08-21 09:19:28,38400.0,100,Sell,233338734
2024-08-21 09:19:28,38400.0,1000,Sell,233338735
2024-08-21 09:19:28,38400.0,200,Sell,233338736
2024-08-21 09:19:28,38350.0,200,Sell,233338742
2024-08-21 09:19:28,38400.0,7000,Sell,233338738
2024-08-21 09:19:28,38400.0,100,Sell,233338739
2024-08-21 09:19:28,38400.0,500,Sell,233338732
2024-08-21 09:19:28,38350.0,1000,Sell,233338743
2024-08-21 09:19:28,38400.0,100,Sell,233338737
2024-08-21 09:19:28,38400.0,100,Sell,233338729
2024-08-21 09:19:28,38350.0,3000,Sell,233338741
2024-08-21 09:19:28,38400.0,1000,Sell,233338727
2024-08-21 09:19:28,38400.0,3000,Sell,233338728
2024-08-21 09:19:28,38550.0,100,Buy,233338712
2024-08-21 09:19:28,38450.0,100,Sell,233338717
2024-08-21 09:19:28,38450.0,200,Sell,233338718
2024-08-21 09:19:28,38450.0,500,Sell,233338719
2024-08-21 09:19:28,38400.0,600,Sell,233338720
2024-08-21 09:19:28,38350.0,100,Sell,233338740
2024-08-21 09:19:28,38400.0,100,Sell,233338722
2024-08-21 09:19:28,38400.0,100,Sell,233338725
2024-08-21 09:19:28,38400.0,1200,Sell,233338724
2024-08-21 09:19:28,38400.0,500,Sell,233338726
2024-08-21 09:19:28,38400.0,100,Sell,233338721
2024-08-21 09:19:28,38400.0,1100,Sell,233338723
2024-08-21 09:19:29,38350.0,1000,Sell,233338745
2024-08-21 09:19:29,38550.0,1300,Buy,233338781
2024-08-21 09:19:29,38350.0,100,Buy,233338780
2024-08-21 09:19:29,38350.0,100,Sell,233338750
2024-08-21 09:19:29,38550.0,700,Buy,233338782
2024-08-21 09:19:29,38350.0,200,Sell,233338748
2024-08-21 09:19:29,38350.0,1200,Sell,233338747
2024-08-21 09:19:29,38350.0,100,Sell,233338746
2024-08-21 09:19:29,38350.0,10000,Sell,233338749
2024-08-21 09:19:29,38350.0,100,Sell,233338744
2024-08-21 09:19:39,38400.0,200,Sell,233339146
2024-08-21 09:19:39,38400.0,100,Sell,233339147
2024-08-21 09:19:39,38400.0,2000,Sell,233339148
2024-08-21 09:19:39,38400.0,200,Sell,233339149
2024-08-21 09:19:40,38400.0,100,Sell,233339194
2024-08-21 09:19:41,38400.0,200,Sell,233339212
2024-08-21 09:19:51,38400.0,400,Sell,233339618
2024-08-21 09:19:56,38500.0,600,Buy,233339824
2024-08-21 09:19:57,38500.0,200,Buy,233339881
2024-08-21 09:19:57,38450.0,8100,Sell,233339871
2024-08-21 09:20:07,38500.0,100,Buy,233340242
2024-08-21 09:20:08,38500.0,100,Buy,233340253
2024-08-21 09:20:11,38450.0,100,Sell,233340369
2024-08-21 09:20:12,38500.0,100,Buy,233340442
2024-08-21 09:20:23,38500.0,200,Buy,233340800
2024-08-21 09:20:24,38450.0,3500,Sell,233340814
2024-08-21 09:20:24,38450.0,200,Sell,233340815
2024-08-21 09:20:24,38400.0,1300,Sell,233340817
2024-08-21 09:20:24,38400.0,400,Sell,233340818
2024-08-21 09:20:24,38400.0,1000,Sell,233340819
2024-08-21 09:20:24,38400.0,1000,Sell,233340820
2024-08-21 09:20:24,38400.0,2200,Sell,233340821
2024-08-21 09:20:24,38450.0,400,Sell,233340816
2024-08-21 09:20:25,38500.0,500,Buy,233340902
2024-08-21 09:20:26,38500.0,100,Buy,233340939
2024-08-21 09:20:26,38500.0,100,Buy,233340914
2024-08-21 09:20:34,38500.0,400,Buy,233341274
2024-08-21 09:20:34,38500.0,400,Buy,233341273
2024-08-21 09:20:41,38450.0,100,Sell,233341620
2024-08-21 09:20:44,38500.0,100,Buy,233341811
2024-08-21 09:20:48,38500.0,1000,Buy,233341947
2024-08-21 09:20:48,38500.0,1000,Buy,233341946
2024-08-21 09:20:50,38500.0,2000,Buy,233342033
2024-08-21 09:20:50,38500.0,100,Buy,233342034
2024-08-21 09:20:50,38500.0,2900,Sell,233342036
2024-08-21 09:20:50,38450.0,100,Sell,233342037
2024-08-21 09:20:50,38450.0,500,Sell,233342038
2024-08-21 09:20:50,38400.0,11500,Sell,233342039
2024-08-21 09:20:54,38500.0,100,Buy,233342174
2024-08-21 09:20:57,38450.0,200,Buy,233342304
2024-08-21 09:20:59,38450.0,800,Buy,233342400
2024-08-21 09:21:05,38400.0,600,Sell,233342608
2024-08-21 09:21:05,38400.0,100,Sell,233342606
2024-08-21 09:21:05,38400.0,1000,Sell,233342605
2024-08-21 09:21:05,38450.0,200,Buy,233342654
2024-08-21 09:21:05,38400.0,100,Sell,233342603
2024-08-21 09:21:05,38400.0,1000,Sell,233342604
2024-08-21 09:21:05,38400.0,300,Sell,233342600
2024-08-21 09:21:05,38400.0,100,Sell,233342607
2024-08-21 09:21:05,38400.0,100,Sell,233342602
2024-08-21 09:21:05,38400.0,700,Sell,233342601
2024-08-21 09:21:06,38450.0,1300,Buy,233342733
2024-08-21 09:21:14,38450.0,100,Sell,233343094
2024-08-21 09:21:14,38450.0,100,Sell,233343107
2024-08-21 09:21:29,38400.0,400,Sell,233343895
2024-08-21 09:21:29,38400.0,1800,Sell,233343901
2024-08-21 09:21:29,38400.0,1500,Sell,233343900
2024-08-21 09:21:29,38400.0,300,Sell,233343899
2024-08-21 09:21:29,38400.0,200,Sell,233343898
2024-08-21 09:21:29,38400.0,200,Sell,233343897
2024-08-21 09:21:29,38450.0,100,Sell,233343893
2024-08-21 09:21:29,38450.0,100,Sell,233343894
2024-08-21 09:21:29,38450.0,100,Sell,233343892
2024-08-21 09:21:29,38450.0,200,Sell,233343891
2024-08-21 09:21:29,38450.0,100,Sell,233343890
2024-08-21 09:21:29,38400.0,100,Sell,233343896
2024-08-21 09:21:33,38500.0,200,Buy,233344009
2024-08-21 09:21:45,38450.0,100,Sell,233344575
2024-08-21 09:21:46,38400.0,3200,Sell,233344605
2024-08-21 09:21:46,38400.0,200,Sell,233344604
2024-08-21 09:21:46,38450.0,400,Sell,233344602
2024-08-21 09:21:46,38400.0,200,Sell,233344603
2024-08-21 09:22:00,38500.0,400,Buy,233345249
2024-08-21 09:22:01,38450.0,100,Sell,233345273
2024-08-21 09:22:05,38450.0,100,Sell,233345468
2024-08-21 09:22:08,38450.0,100,Sell,233345549
2024-08-21 09:22:08,38400.0,6400,Sell,233345552
2024-08-21 09:22:08,38450.0,2800,Sell,233345548
2024-08-21 09:22:08,38450.0,500,Sell,233345550
2024-08-21 09:22:08,38450.0,200,Sell,233345551
2024-08-21 09:22:15,38450.0,100,Sell,233345891
2024-08-21 09:22:23,38500.0,100,Buy,233346276
2024-08-21 09:22:24,38450.0,1100,Sell,233346304
2024-08-21 09:22:30,38450.0,200,Sell,233346521
2024-08-21 09:22:30,38450.0,100,Sell,233346519
2024-08-21 09:22:30,38450.0,13800,Sell,233346520
2024-08-21 09:22:30,38450.0,200,Sell,233346517
2024-08-21 09:22:30,38450.0,4900,Sell,233346516
2024-08-21 09:22:30,38450.0,500,Sell,233346518
2024-08-21 09:22:31,38450.0,300,Buy,233346529
2024-08-21 09:22:31,38500.0,100,Buy,233346539
2024-08-21 09:22:42,38500.0,100,Buy,233346893
2024-08-21 09:22:42,38500.0,2500,Buy,233346894
2024-08-21 09:22:42,38500.0,600,Buy,233346895
2024-08-21 09:22:43,38450.0,2000,Buy,233346932
2024-08-21 09:22:43,38450.0,100,Sell,233346927
2024-08-21 09:22:43,38450.0,300,Sell,233346928
2024-08-21 09:22:43,38450.0,700,Sell,233346925
2024-08-21 09:22:43,38450.0,5000,Sell,233346926
2024-08-21 09:22:43,38500.0,6800,Sell,233346924
2024-08-21 09:22:47,38400.0,100,Sell,233347068
2024-08-21 09:22:48,38450.0,100,Buy,233347099
2024-08-21 09:23:03,38400.0,600,Sell,233347788
2024-08-21 09:23:03,38400.0,1000,Sell,233347787
2024-08-21 09:23:03,38400.0,200,Sell,233347786
2024-08-21 09:23:03,38400.0,1000,Sell,233347785
2024-08-21 09:23:03,38400.0,100,Sell,233347784
2024-08-21 09:23:03,38450.0,100,Sell,233347782
2024-08-21 09:23:03,38450.0,100,Sell,233347781
2024-08-21 09:23:03,38450.0,200,Sell,233347780
2024-08-21 09:23:03,38450.0,900,Sell,233347779
2024-08-21 09:23:03,38500.0,2000,Sell,233347778
2024-08-21 09:23:03,38400.0,300,Sell,233347783
2024-08-21 09:23:14,38500.0,700,Sell,233348307
2024-08-21 09:23:14,38500.0,200,Sell,233348310
2024-08-21 09:23:18,38500.0,100,Sell,233348390
2024-08-21 09:23:32,38500.0,500,Sell,233348958
2024-08-21 09:23:39,38500.0,100,Buy,233349231
2024-08-21 09:23:40,38500.0,200,Buy,233349261
2024-08-21 09:23:42,38500.0,200,Buy,233349302
2024-08-21 09:23:42,38500.0,3000,Buy,233349303
2024-08-21 09:23:42,38500.0,2000,Buy,233349304
2024-08-21 09:23:44,38500.0,4800,Sell,233349397
2024-08-21 09:23:44,38450.0,200,Sell,233349398
2024-08-21 09:23:50,38500.0,100,Sell,233349603
2024-08-21 09:24:09,38550.0,200,Buy,233350499
2024-08-21 09:24:10,38500.0,100,Sell,233350514
2024-08-21 09:24:10,38500.0,100,Sell,233350515
2024-08-21 09:24:10,38500.0,300,Sell,233350516
2024-08-21 09:24:20,38500.0,100,Sell,233350925
2024-08-21 09:24:22,38550.0,100,Buy,233351012
2024-08-21 09:24:22,38550.0,200,Buy,233351013
2024-08-21 09:24:22,38550.0,600,Buy,233351014
2024-08-21 09:24:22,38550.0,100,Buy,233351011
2024-08-21 09:24:26,38550.0,1000,Buy,233351245
2024-08-21 09:24:32,38550.0,100,Buy,233351470
2024-08-21 09:24:33,38550.0,100,Buy,233351543
2024-08-21 09:24:39,38550.0,400,Buy,233351821
2024-08-21 09:24:43,38550.0,700,Buy,233352019
2024-08-21 09:24:43,38550.0,500,Buy,233352026
2024-08-21 09:24:43,38550.0,200,Buy,233352016
2024-08-21 09:24:43,38550.0,300,Buy,233352018
2024-08-21 09:24:44,38550.0,4800,Buy,233352076
2024-08-21 09:24:46,38550.0,900,Sell,233352178
2024-08-21 09:24:52,38550.0,100,Sell,233352448
2024-08-21 09:24:55,38600.0,300,Buy,233352577
2024-08-21 09:24:55,38600.0,100,Buy,233352578
2024-08-21 09:25:09,38600.0,100,Sell,233353222
2024-08-21 09:25:11,38650.0,200,Buy,233353364
2024-08-21 09:25:17,38600.0,100,Sell,233353568
2024-08-21 09:25:17,38650.0,100,Buy,233353589
2024-08-21 09:25:19,38650.0,100,Buy,233353650
2024-08-21 09:25:19,38650.0,100,Buy,233353649
2024-08-21 09:25:23,38600.0,100,Sell,233353839
2024-08-21 09:25:33,38600.0,800,Sell,233354300
2024-08-21 09:25:33,38600.0,100,Sell,233354301
2024-08-21 09:25:33,38600.0,100,Sell,233354302
2024-08-21 09:25:35,38600.0,100,Sell,233354445
2024-08-21 09:25:42,38600.0,1000,Sell,233354722
2024-08-21 09:25:42,38600.0,400,Sell,233354723
2024-08-21 09:25:43,38550.0,4200,Sell,233354771
2024-08-21 09:25:43,38550.0,200,Sell,233354772
2024-08-21 09:25:43,38550.0,1000,Sell,233354773
2024-08-21 09:25:45,38600.0,600,Buy,233354826
2024-08-21 09:25:52,38600.0,200,Sell,233355097
2024-08-21 09:25:52,38600.0,200,Sell,233355096
2024-08-21 09:25:53,38600.0,1100,Buy,233355151
2024-08-21 09:25:54,38600.0,900,Sell,233355165
2024-08-21 09:25:55,38500.0,100,Sell,233355232
2024-08-21 09:26:10,38700.0,100,Buy,233355884
2024-08-21 09:26:10,38700.0,500,Buy,233355885
2024-08-21 09:26:23,38600.0,5000,Buy,233356398
2024-08-21 09:26:25,38600.0,100,Sell,233356512
2024-08-21 09:26:48,38600.0,500,Sell,233357482
2024-08-21 09:26:49,38700.0,300,Buy,233357565
2024-08-21 09:26:49,38700.0,200,Buy,233357566
2024-08-21 09:26:52,38700.0,300,Buy,233357645
2024-08-21 09:26:52,38700.0,700,Buy,233357646
2024-08-21 09:26:58,38600.0,100,Sell,233357865
2024-08-21 09:27:12,38600.0,200,Sell,233358388
2024-08-21 09:27:12,38600.0,100,Sell,233358387
2024-08-21 09:27:12,38600.0,200,Sell,233358389
2024-08-21 09:27:12,38600.0,100,Sell,233358385
2024-08-21 09:27:12,38600.0,4300,Sell,233358384
2024-08-21 09:27:12,38600.0,2000,Sell,233358386
2024-08-21 09:27:12,38650.0,100,Sell,233358383
2024-08-21 09:27:14,38700.0,1000,Buy,233358490
2024-08-21 09:27:14,38600.0,100,Sell,233358476
2024-08-21 09:27:14,38600.0,500,Sell,233358477
2024-08-21 09:27:14,38600.0,100,Sell,233358478
2024-08-21 09:27:17,38700.0,100,Buy,233358606
2024-08-21 09:27:19,38700.0,300,Buy,233358721
2024-08-21 09:27:25,38600.0,100,Sell,233358922
2024-08-21 09:27:25,38600.0,400,Sell,233358924
2024-08-21 09:27:25,38600.0,1500,Sell,233358923
2024-08-21 09:27:28,38600.0,600,Sell,233359017
2024-08-21 09:27:28,38600.0,100,Sell,233359018
2024-08-21 09:27:30,38550.0,100,Sell,233359098
2024-08-21 09:27:31,38600.0,300,Buy,233359171
2024-08-21 09:27:31,38600.0,700,Sell,233359175
2024-08-21 09:27:40,38700.0,1000,Buy,233359602
2024-08-21 09:27:40,38650.0,100,Buy,233359600
2024-08-21 09:27:40,38700.0,3600,Buy,233359601
2024-08-21 09:27:41,38700.0,1300,Sell,233359655
2024-08-21 09:27:41,38600.0,5000,Sell,233359656
2024-08-21 09:27:47,38600.0,500,Buy,233359926
2024-08-21 09:27:47,38600.0,200,Buy,233359945
2024-08-21 09:27:54,38600.0,4800,Sell,233360293
2024-08-21 09:27:54,38600.0,200,Sell,233360294
2024-08-21 09:27:59,38600.0,4800,Sell,233360603
2024-08-21 09:28:01,38550.0,100,Sell,233360714
2024-08-21 09:28:04,38600.0,200,Buy,233360884
2024-08-21 09:28:14,38600.0,400,Buy,233361300
2024-08-21 09:28:14,38700.0,500,Buy,233361301
2024-08-21 09:28:14,38750.0,100,Buy,233361302
2024-08-21 09:28:32,38700.0,100,Buy,233362015
2024-08-21 09:28:32,38700.0,200,Buy,233362038
2024-08-21 09:28:33,38700.0,1000,Buy,233362136
2024-08-21 09:28:33,38600.0,100,Sell,233362140
2024-08-21 09:28:44,38700.0,500,Buy,233362572
2024-08-21 09:28:45,38700.0,100,Buy,233362646
2024-08-21 09:28:48,38500.0,200,Sell,233362814
2024-08-21 09:28:48,38500.0,5000,Sell,233362820
2024-08-21 09:28:48,38500.0,1000,Sell,233362815
2024-08-21 09:28:48,38500.0,100,Sell,233362816
2024-08-21 09:28:48,38500.0,500,Sell,233362817
2024-08-21 09:28:48,38500.0,100,Sell,233362818
2024-08-21 09:28:48,38500.0,300,Sell,233362819
2024-08-21 09:28:48,38500.0,1400,Sell,233362821
2024-08-21 09:28:48,38500.0,5000,Sell,233362831
2024-08-21 09:28:48,38500.0,300,Sell,233362824
2024-08-21 09:28:48,38500.0,100,Sell,233362825
2024-08-21 09:28:48,38500.0,1000,Sell,233362826
2024-08-21 09:28:48,38500.0,200,Sell,233362827
2024-08-21 09:28:48,38500.0,300,Sell,233362828
2024-08-21 09:28:48,38500.0,100,Sell,233362829
2024-08-21 09:28:48,38500.0,3000,Sell,233362830
2024-08-21 09:28:48,38500.0,5400,Sell,233362832
2024-08-21 09:28:48,38500.0,200,Sell,233362813
2024-08-21 09:28:48,38500.0,3000,Sell,233362812
2024-08-21 09:28:48,38500.0,300,Sell,233362823
2024-08-21 09:28:48,38500.0,500,Sell,233362810
2024-08-21 09:28:48,38500.0,100,Sell,233362811
2024-08-21 09:28:48,38600.0,700,Sell,233362791
2024-08-21 09:28:48,38600.0,200,Sell,233362792
2024-08-21 09:28:48,38600.0,500,Sell,233362793
2024-08-21 09:28:48,38600.0,300,Sell,233362794
2024-08-21 09:28:48,38600.0,500,Sell,233362795
2024-08-21 09:28:48,38600.0,3000,Sell,233362796
2024-08-21 09:28:48,38600.0,900,Sell,233362797
2024-08-21 09:28:48,38600.0,200,Sell,233362798
2024-08-21 09:28:48,38550.0,9800,Sell,233362799
2024-08-21 09:28:48,38500.0,5000,Sell,233362822
2024-08-21 09:28:48,38550.0,200,Sell,233362800
2024-08-21 09:28:48,38550.0,1000,Sell,233362808
2024-08-21 09:28:48,38550.0,2000,Sell,233362807
2024-08-21 09:28:48,38550.0,200,Sell,233362806
2024-08-21 09:28:48,38550.0,1000,Sell,233362805
2024-08-21 09:28:48,38500.0,500,Sell,233362809
2024-08-21 09:28:48,38550.0,500,Sell,233362803
2024-08-21 09:28:48,38550.0,500,Sell,233362802
2024-08-21 09:28:48,38550.0,200,Sell,233362801
2024-08-21 09:28:48,38550.0,500,Sell,233362804
2024-08-21 09:29:05,38500.0,100,Sell,233363655
2024-08-21 09:29:18,38700.0,900,Buy,233364387
2024-08-21 09:29:18,38700.0,100,Buy,233364386
2024-08-21 09:29:19,38700.0,500,Buy,233364435
2024-08-21 09:29:19,38700.0,500,Buy,233364436
2024-08-21 09:29:21,38550.0,600,Sell,233364576
2024-08-21 09:29:30,38600.0,1000,Buy,233365065
2024-08-21 09:29:33,38600.0,100,Sell,233365263
2024-08-21 09:29:33,38550.0,1400,Sell,233365264
2024-08-21 09:29:37,38700.0,100,Sell,233365460
2024-08-21 09:29:37,38700.0,1500,Buy,233365411
2024-08-21 09:29:37,38700.0,900,Buy,233365412
2024-08-21 09:29:44,38700.0,7500,Sell,233365718
2024-08-21 09:29:44,38700.0,100,Buy,233365735
2024-08-21 09:29:53,38700.0,200,Buy,233366255
2024-08-21 09:29:54,38700.0,200,Buy,233366307
2024-08-21 09:29:54,38700.0,100,Buy,233366308
2024-08-21 09:30:01,38600.0,300,Sell,233366667
2024-08-21 09:30:01,38600.0,500,Sell,233366668
2024-08-21 09:30:01,38600.0,2000,Sell,233366669
2024-08-21 09:30:01,38600.0,200,Sell,233366670
2024-08-21 09:30:01,38600.0,3200,Sell,233366671
2024-08-21 09:30:01,38600.0,300,Sell,233366672
2024-08-21 09:30:08,38600.0,1000,Buy,233367063
2024-08-21 09:30:10,38550.0,100,Sell,233367132
2024-08-21 09:30:12,38600.0,200,Buy,233367210
2024-08-21 09:30:13,38600.0,300,Buy,233367258
2024-08-21 09:30:13,38700.0,200,Buy,233367259
2024-08-21 09:30:20,38550.0,500,Sell,233367629
2024-08-21 09:30:41,38550.0,4400,Sell,233368686
2024-08-21 09:30:41,38550.0,2900,Sell,233368689
2024-08-21 09:30:41,38550.0,400,Sell,233368688
2024-08-21 09:30:41,38550.0,1000,Sell,233368687
2024-08-21 09:30:41,38600.0,100,Sell,233368685
2024-08-21 09:30:41,38600.0,500,Sell,233368683
2024-08-21 09:30:41,38600.0,200,Sell,233368681
2024-08-21 09:30:41,38600.0,200,Sell,233368684
2024-08-21 09:30:41,38600.0,300,Sell,233368682
2024-08-21 09:30:47,38600.0,100,Buy,233368977
2024-08-21 09:31:07,38650.0,400,Buy,233369813
2024-08-21 09:31:09,38650.0,500,Buy,233369971
2024-08-21 09:31:11,38650.0,100,Buy,233370049
2024-08-21 09:31:12,38600.0,100,Sell,233370100
2024-08-21 09:31:12,38650.0,1000,Buy,233370130
2024-08-21 09:31:12,38650.0,1600,Buy,233370131
2024-08-21 09:31:14,38600.0,800,Sell,233370216
2024-08-21 09:31:14,38600.0,200,Sell,233370217
2024-08-21 09:31:19,38650.0,100,Buy,233370577
2024-08-21 09:31:19,38650.0,1300,Buy,233370581
2024-08-21 09:31:43,38650.0,100,Sell,233371635
2024-08-21 09:31:43,38650.0,1000,Sell,233371656
2024-08-21 09:31:46,38700.0,2200,Buy,233371801
2024-08-21 09:31:51,38650.0,2200,Sell,233372068
2024-08-21 09:31:53,38700.0,3100,Buy,233372133
2024-08-21 09:31:53,38700.0,1100,Buy,233372131
2024-08-21 09:31:53,38700.0,800,Buy,233372132
2024-08-21 09:32:06,38700.0,1400,Buy,233372762
2024-08-21 09:32:07,38700.0,500,Buy,233372833
2024-08-21 09:32:07,38700.0,4500,Buy,233372834
2024-08-21 09:32:10,38700.0,100,Buy,233372919
2024-08-21 09:32:14,38650.0,100,Sell,233373231
2024-08-21 09:32:34,38700.0,400,Buy,233374313
2024-08-21 09:32:34,38700.0,100,Buy,233374314
2024-08-21 09:32:41,38700.0,1400,Sell,233374800
2024-08-21 09:32:46,38700.0,100,Sell,233375058
2024-08-21 09:32:47,38700.0,3000,Sell,233375102
2024-08-21 09:32:58,38650.0,300,Sell,233375582
2024-08-21 09:32:58,38650.0,100,Sell,233375581
2024-08-21 09:32:58,38650.0,100,Sell,233375580
2024-08-21 09:32:58,38650.0,100,Sell,233375579
2024-08-21 09:32:58,38650.0,1000,Sell,233375578
2024-08-21 09:32:58,38650.0,200,Sell,233375577
2024-08-21 09:32:58,38650.0,1000,Sell,233375576
2024-08-21 09:32:58,38650.0,600,Sell,233375575
2024-08-21 09:32:58,38650.0,2800,Buy,233375583
2024-08-21 09:32:58,38650.0,100,Sell,233375574
2024-08-21 09:32:58,38650.0,100,Sell,233375573
2024-08-21 09:32:58,38650.0,300,Sell,233375571
2024-08-21 09:32:58,38700.0,500,Sell,233375561
2024-08-21 09:32:58,38700.0,100,Sell,233375562
2024-08-21 09:32:58,38650.0,300,Sell,233375563
2024-08-21 09:32:58,38650.0,400,Sell,233375564
2024-08-21 09:32:58,38650.0,1000,Sell,233375565
2024-08-21 09:32:58,38650.0,200,Sell,233375572
2024-08-21 09:32:58,38650.0,200,Sell,233375567
2024-08-21 09:32:58,38650.0,100,Sell,233375570
2024-08-21 09:32:58,38650.0,100,Sell,233375566
2024-08-21 09:32:58,38650.0,300,Sell,233375568
2024-08-21 09:32:58,38650.0,100,Sell,233375569
2024-08-21 09:32:59,38750.0,100,Buy,233375609
2024-08-21 09:32:59,38750.0,1200,Buy,233375610
2024-08-21 09:32:59,38750.0,2000,Buy,233375611
2024-08-21 09:32:59,38750.0,100,Buy,233375612
2024-08-21 09:32:59,38750.0,600,Sell,233375614
2024-08-21 09:32:59,38750.0,900,Buy,233375613
2024-08-21 09:33:17,38750.0,100,Sell,233376529
2024-08-21 09:33:18,38750.0,100,Sell,233376569
2024-08-21 09:33:18,38750.0,5000,Sell,233376570
2024-08-21 09:33:18,38750.0,500,Sell,233376571
2024-08-21 09:33:20,38750.0,900,Buy,233376647
2024-08-21 09:33:41,38800.0,1600,Buy,233377734
2024-08-21 09:33:41,38800.0,100,Buy,233377733
2024-08-21 09:33:47,38750.0,100,Sell,233377931
2024-08-21 09:33:53,38800.0,200,Buy,233378074
2024-08-21 09:33:53,38800.0,900,Buy,233378075
2024-08-21 09:33:53,38800.0,2000,Buy,233378076
2024-08-21 09:33:53,38800.0,1400,Buy,233378073
2024-08-21 09:33:54,38800.0,500,Sell,233378123
2024-08-21 09:33:55,38750.0,400,Sell,233378163
2024-08-21 09:33:55,38750.0,300,Sell,233378164
2024-08-21 09:33:55,38750.0,1000,Sell,233378165
2024-08-21 09:34:10,38800.0,200,Buy,233378652
2024-08-21 09:34:10,38800.0,800,Buy,233378653
2024-08-21 09:34:10,38800.0,400,Buy,233378654
2024-08-21 09:34:10,38800.0,1800,Buy,233378655
2024-08-21 09:34:11,38800.0,800,Sell,233378718
2024-08-21 09:34:12,38800.0,1000,Sell,233378759
2024-08-21 09:34:19,38750.0,100,Sell,233378956
2024-08-21 09:34:21,38750.0,1000,Sell,233379023
2024-08-21 09:34:21,38750.0,100,Sell,233379022
2024-08-21 09:34:21,38750.0,5000,Sell,233379020
2024-08-21 09:34:21,38750.0,400,Sell,233379019
2024-08-21 09:34:21,38750.0,100,Sell,233379021
2024-08-21 09:34:24,38750.0,2000,Buy,233379120
2024-08-21 09:34:25,38750.0,300,Buy,233379129
2024-08-21 09:34:34,38750.0,300,Buy,233379402
2024-08-21 09:34:35,38750.0,200,Buy,233379479
2024-08-21 09:34:49,38700.0,100,Sell,233379932
2024-08-21 09:34:52,38700.0,19900,Sell,233380041
2024-08-21 09:34:52,38700.0,100,Sell,233380042
2024-08-21 09:34:53,38700.0,100,Buy,233380073
2024-08-21 09:34:53,38700.0,200,Sell,233380066
2024-08-21 09:34:53,38700.0,500,Sell,233380064
2024-08-21 09:34:53,38700.0,1000,Sell,233380063
2024-08-21 09:34:53,38700.0,900,Sell,233380062
2024-08-21 09:34:53,38700.0,2800,Sell,233380065
2024-08-21 09:35:10,38650.0,100,Sell,233380803
2024-08-21 09:35:10,38650.0,500,Sell,233380804
2024-08-21 09:35:10,38650.0,7800,Sell,233380805
2024-08-21 09:35:18,38650.0,1300,Sell,233381081
2024-08-21 09:35:20,38650.0,100,Sell,233381187
2024-08-21 09:35:22,38650.0,800,Sell,233381303
2024-08-21 09:35:22,38650.0,3000,Sell,233381304
2024-08-21 09:35:23,38650.0,500,Sell,233381328
2024-08-21 09:35:23,38650.0,500,Sell,233381326
2024-08-21 09:35:23,38650.0,100,Sell,233381327
2024-08-21 09:35:29,38650.0,200,Buy,233381545
2024-08-21 09:35:34,38650.0,100,Buy,233381718
2024-08-21 09:35:35,38650.0,200,Buy,233381749
2024-08-21 09:35:35,38650.0,300,Buy,233381776
2024-08-21 09:35:45,38600.0,400,Sell,233382106
2024-08-21 09:35:48,38650.0,300,Buy,233382206
2024-08-21 09:35:48,38650.0,200,Buy,233382207
2024-08-21 09:35:48,38650.0,800,Buy,233382208
2024-08-21 09:35:49,38650.0,600,Sell,233382251
2024-08-21 09:35:52,38650.0,100,Sell,233382362
2024-08-21 09:36:12,38700.0,500,Buy,233383007
2024-08-21 09:36:15,38650.0,1000,Sell,233383154
2024-08-21 09:36:15,38650.0,300,Sell,233383155
2024-08-21 09:36:20,38600.0,300,Sell,233383373
2024-08-21 09:36:20,38600.0,3000,Sell,233383372
2024-08-21 09:36:20,38600.0,1000,Sell,233383371
2024-08-21 09:36:20,38600.0,200,Sell,233383370
2024-08-21 09:36:20,38600.0,100,Sell,233383369
2024-08-21 09:36:20,38600.0,500,Sell,233383368
2024-08-21 09:36:20,38600.0,3000,Sell,233383367
2024-08-21 09:36:20,38600.0,200,Sell,233383365
2024-08-21 09:36:20,38600.0,19600,Sell,233383360
2024-08-21 09:36:20,38600.0,100,Sell,233383361
2024-08-21 09:36:20,38600.0,1500,Sell,233383366
2024-08-21 09:36:20,38600.0,300,Sell,233383363
2024-08-21 09:36:20,38600.0,100,Sell,233383364
2024-08-21 09:36:20,38600.0,100,Sell,233383362
2024-08-21 09:36:21,38600.0,700,Sell,233383396
2024-08-21 09:36:21,38600.0,1000,Sell,233383397
2024-08-21 09:36:21,38600.0,1500,Sell,233383398
2024-08-21 09:36:21,38600.0,500,Sell,233383399
2024-08-21 09:36:21,38600.0,1000,Sell,233383400
2024-08-21 09:36:21,38600.0,100,Sell,233383401
2024-08-21 09:36:21,38600.0,1000,Sell,233383402
2024-08-21 09:36:21,38600.0,200,Sell,233383403
2024-08-21 09:36:21,38600.0,100,Sell,233383404
2024-08-21 09:36:21,38600.0,100,Sell,233383405
2024-08-21 09:36:21,38600.0,500,Sell,233383406
2024-08-21 09:36:21,38600.0,100,Sell,233383407
2024-08-21 09:36:23,38600.0,100,Sell,233383503
2024-08-21 09:36:25,38600.0,100,Sell,233383549
2024-08-21 09:36:25,38600.0,800,Sell,233383547
2024-08-21 09:36:25,38600.0,500,Sell,233383548
2024-08-21 09:36:31,38650.0,800,Sell,233383759
2024-08-21 09:36:32,38650.0,200,Sell,233383773
2024-08-21 09:36:54,38600.0,100,Sell,233384350
2024-08-21 09:37:02,38650.0,400,Sell,233384571
2024-08-21 09:37:09,38650.0,100,Sell,233384766
2024-08-21 09:37:09,38600.0,100,Sell,233384767
2024-08-21 09:37:26,38600.0,100,Sell,233385314
2024-08-21 09:37:29,38600.0,1700,Sell,233385402
2024-08-21 09:37:29,38600.0,100,Sell,233385403
2024-08-21 09:37:29,38600.0,200,Sell,233385404
2024-08-21 09:37:38,38600.0,300,Sell,233385664
2024-08-21 09:37:38,38600.0,800,Sell,233385661
2024-08-21 09:37:38,38600.0,100,Sell,233385662
2024-08-21 09:37:38,38600.0,800,Sell,233385663
2024-08-21 09:37:58,38600.0,100,Sell,233386432
2024-08-21 09:38:05,38600.0,100,Sell,233386629
2024-08-21 09:38:27,38650.0,200,Buy,233387341
2024-08-21 09:38:29,38600.0,300,Sell,233387390
2024-08-21 09:38:29,38600.0,700,Sell,233387391
2024-08-21 09:38:30,38600.0,100,Sell,233387417
2024-08-21 09:38:43,38600.0,1000,Sell,233387743
2024-08-21 09:38:47,38600.0,500,Sell,233387815
2024-08-21 09:38:50,38650.0,300,Buy,233387892
2024-08-21 09:38:50,38650.0,2400,Buy,233387893
2024-08-21 09:38:50,38650.0,5000,Buy,233387894
2024-08-21 09:38:50,38650.0,500,Buy,233387895
2024-08-21 09:38:50,38600.0,1000,Sell,233387886
2024-08-21 09:38:51,38650.0,1800,Sell,233387919
2024-08-21 09:39:03,38600.0,100,Sell,233388171
2024-08-21 09:39:26,38650.0,2500,Buy,233388798
2024-08-21 09:39:33,38650.0,100,Sell,233388989
2024-08-21 09:39:34,38650.0,6700,Sell,233389021
2024-08-21 09:39:36,38650.0,700,Sell,233389076
2024-08-21 09:39:36,38650.0,3300,Sell,233389077
2024-08-21 09:39:37,38650.0,500,Sell,233389100
2024-08-21 09:39:47,38550.0,300,Sell,233389360
2024-08-21 09:39:47,38550.0,100,Sell,233389359
2024-08-21 09:39:47,38550.0,300,Sell,233389358
2024-08-21 09:39:47,38550.0,300,Sell,233389357
2024-08-21 09:39:47,38550.0,1600,Sell,233389355
2024-08-21 09:39:47,38600.0,100,Sell,233389354
2024-08-21 09:39:47,38550.0,1000,Sell,233389356
2024-08-21 09:39:47,38600.0,500,Sell,233389352
2024-08-21 09:39:47,38600.0,2000,Sell,233389351
2024-08-21 09:39:47,38600.0,400,Sell,233389350
2024-08-21 09:39:47,38600.0,100,Sell,233389349
2024-08-21 09:39:47,38600.0,100,Sell,233389348
2024-08-21 09:39:47,38600.0,5200,Sell,233389347
2024-08-21 09:39:47,38600.0,500,Sell,233389353
2024-08-21 09:39:58,38500.0,500,Sell,233389701
2024-08-21 09:39:58,38500.0,100,Sell,233389702
2024-08-21 09:39:58,38500.0,1000,Sell,233389703
2024-08-21 09:39:58,38500.0,3000,Sell,233389704
2024-08-21 09:39:58,38500.0,100,Sell,233389705
2024-08-21 09:39:58,38500.0,500,Sell,233389700
2024-08-21 09:39:58,38500.0,600,Sell,233389706
2024-08-21 09:39:58,38500.0,500,Sell,233389709
2024-08-21 09:39:58,38500.0,200,Sell,233389708
2024-08-21 09:39:58,38500.0,300,Sell,233389710
2024-08-21 09:39:58,38500.0,100,Sell,233389711
2024-08-21 09:39:58,38500.0,200,Sell,233389712
2024-08-21 09:39:58,38500.0,200,Sell,233389713
2024-08-21 09:39:58,38500.0,300,Sell,233389714
2024-08-21 09:39:58,38500.0,200,Sell,233389707
2024-08-21 09:39:58,38500.0,2000,Sell,233389699
2024-08-21 09:39:58,38550.0,100,Sell,233389690
2024-08-21 09:39:58,38550.0,500,Sell,233389697
2024-08-21 09:39:58,38500.0,100,Sell,233389698
2024-08-21 09:39:58,38550.0,300,Sell,233389681
2024-08-21 09:39:58,38550.0,1000,Sell,233389682
2024-08-21 09:39:58,38550.0,100,Sell,233389683
2024-08-21 09:39:58,38550.0,200,Sell,233389684
2024-08-21 09:39:58,38550.0,1000,Sell,233389685
2024-08-21 09:39:58,38550.0,200,Sell,233389686
2024-08-21 09:39:58,38550.0,200,Sell,233389687
2024-08-21 09:39:58,38550.0,1000,Sell,233389688
2024-08-21 09:39:58,38550.0,2000,Sell,233389689
2024-08-21 09:39:58,38550.0,400,Sell,233389695
2024-08-21 09:39:58,38550.0,500,Sell,233389694
2024-08-21 09:39:58,38550.0,1000,Sell,233389696
2024-08-21 09:39:58,38550.0,100,Sell,233389692
2024-08-21 09:39:58,38550.0,500,Sell,233389693
2024-08-21 09:39:58,38550.0,1000,Sell,233389691
2024-08-21 09:40:04,38500.0,100,Sell,233389899
2024-08-21 09:40:34,38500.0,100,Sell,233390584
2024-08-21 09:40:35,38500.0,400,Sell,233390627
2024-08-21 09:40:35,38500.0,1400,Sell,233390668
2024-08-21 09:40:38,38500.0,600,Sell,233390737
2024-08-21 09:40:38,38500.0,2000,Sell,233390738
2024-08-21 09:40:38,38500.0,300,Sell,233390739
2024-08-21 09:40:38,38500.0,6000,Sell,233390740
2024-08-21 09:40:38,38500.0,2000,Sell,233390741
2024-08-21 09:40:38,38500.0,6700,Sell,233390742
2024-08-21 09:40:45,38500.0,100,Sell,233390935
2024-08-21 09:41:07,38550.0,100,Sell,233391470
2024-08-21 09:41:07,38550.0,800,Sell,233391478
2024-08-21 09:41:07,38500.0,1200,Sell,233391479
2024-08-21 09:41:07,38500.0,1200,Sell,233391480
2024-08-21 09:41:10,38600.0,800,Buy,233391556
2024-08-21 09:41:23,38500.0,200,Sell,233391897
2024-08-21 09:41:23,38500.0,300,Sell,233391898
2024-08-21 09:41:23,38500.0,800,Sell,233391895
2024-08-21 09:41:23,38500.0,100,Sell,233391896
2024-08-21 09:41:23,38550.0,100,Sell,233391894
2024-08-21 09:41:38,38550.0,100,Sell,233392330
2024-08-21 09:41:44,38550.0,400,Sell,233392483
2024-08-21 09:41:49,38550.0,200,Buy,233392599
2024-08-21 09:41:52,38550.0,500,Buy,233392650
2024-08-21 09:42:10,38500.0,100,Sell,233393198
2024-08-21 09:42:18,38550.0,100,Buy,233393353
2024-08-21 09:42:18,38550.0,700,Sell,233393356
2024-08-21 09:42:18,38550.0,1900,Buy,233393351
2024-08-21 09:42:18,38550.0,300,Buy,233393352
2024-08-21 09:42:21,38500.0,100,Sell,233393418
2024-08-21 09:42:22,38550.0,200,Buy,233393445
2024-08-21 09:42:23,38550.0,500,Buy,233393454
2024-08-21 09:42:34,38500.0,1000,Sell,233393826
2024-08-21 09:42:42,38550.0,100,Sell,233394049
2024-08-21 09:42:44,38550.0,500,Sell,233394082
2024-08-21 09:42:46,38550.0,1400,Buy,233394126
2024-08-21 09:43:03,38550.0,300,Buy,233394550
2024-08-21 09:43:04,38550.0,1000,Buy,233394553
2024-08-21 09:43:13,38550.0,500,Buy,233394836
2024-08-21 09:43:13,38550.0,1600,Buy,233394833
2024-08-21 09:43:14,38500.0,100,Sell,233394858
2024-08-21 09:43:27,38550.0,100,Buy,233395225
2024-08-21 09:43:29,38500.0,300,Sell,233395329
2024-08-21 09:43:31,38550.0,4200,Buy,233395370
2024-08-21 09:43:31,38550.0,100,Buy,233395371
2024-08-21 09:43:38,38550.0,700,Sell,233395572
2024-08-21 09:43:38,38550.0,100,Sell,233395573
2024-08-21 09:43:39,38550.0,200,Buy,233395646
2024-08-21 09:43:44,38550.0,200,Buy,233395723
2024-08-21 09:43:47,38500.0,100,Sell,233395782
2024-08-21 09:43:56,38500.0,200,Sell,233395983
2024-08-21 09:43:57,38500.0,100,Sell,233396027
2024-08-21 09:44:07,38550.0,2000,Buy,233396332
2024-08-21 09:44:09,38550.0,1800,Buy,233396368
2024-08-21 09:44:09,38550.0,2000,Buy,233396369
2024-08-21 09:44:20,38550.0,100,Sell,233396706
2024-08-21 09:44:36,38550.0,400,Sell,233397143
2024-08-21 09:44:50,38550.0,100,Sell,233397589
2024-08-21 09:44:50,38550.0,700,Sell,233397580
2024-08-21 09:44:50,38550.0,300,Sell,233397581
2024-08-21 09:45:05,38550.0,500,Sell,233397971
2024-08-21 09:45:08,38550.0,1000,Sell,233398007
2024-08-21 09:45:21,38550.0,100,Sell,233398348
2024-08-21 09:45:37,38600.0,2000,Buy,233398802
2024-08-21 09:45:53,38550.0,100,Sell,233399183
2024-08-21 09:45:54,38600.0,2000,Buy,233399220
2024-08-21 09:45:56,38550.0,1000,Sell,233399289
2024-08-21 09:46:03,38600.0,3700,Buy,233399511
2024-08-21 09:46:03,38600.0,100,Buy,233399510
2024-08-21 09:46:03,38600.0,4200,Buy,233399508
2024-08-21 09:46:03,38600.0,2000,Buy,233399509
2024-08-21 09:46:07,38600.0,300,Buy,233399596
2024-08-21 09:46:07,38600.0,1000,Buy,233399597
2024-08-21 09:46:07,38600.0,700,Buy,233399598
2024-08-21 09:46:12,38550.0,1000,Sell,233399733
2024-08-21 09:46:18,38550.0,1000,Sell,233399891
2024-08-21 09:46:26,38550.0,100,Sell,233400111
2024-08-21 09:46:38,38600.0,2000,Buy,233400425
2024-08-21 09:46:47,38600.0,1000,Buy,233400698
2024-08-21 09:46:54,38600.0,500,Buy,233400912
2024-08-21 09:46:57,38600.0,200,Buy,233401008
2024-08-21 09:46:59,38550.0,100,Sell,233401061
2024-08-21 09:47:12,38550.0,500,Sell,233401374
2024-08-21 09:47:31,38550.0,100,Sell,233401756
2024-08-21 09:47:42,38600.0,500,Buy,233402011
2024-08-21 09:48:02,38550.0,1000,Sell,233402487
2024-08-21 09:48:02,38550.0,100,Sell,233402493
2024-08-21 09:48:05,38600.0,100,Buy,233402584
2024-08-21 09:48:17,38600.0,200,Buy,233402922
2024-08-21 09:48:17,38600.0,300,Buy,233402923
2024-08-21 09:48:17,38600.0,2000,Buy,233402924
2024-08-21 09:48:30,38600.0,1000,Sell,233403266
2024-08-21 09:48:35,38600.0,100,Sell,233403453
2024-08-21 09:48:36,38600.0,1400,Sell,233403469
2024-08-21 09:48:36,38650.0,200,Buy,233403458
2024-08-21 09:49:07,38600.0,100,Sell,233404201
2024-08-21 09:49:08,38600.0,200,Sell,233404246
2024-08-21 09:49:08,38600.0,100,Sell,233404241
2024-08-21 09:49:08,38600.0,2000,Sell,233404242
2024-08-21 09:49:08,38600.0,400,Sell,233404243
2024-08-21 09:49:08,38600.0,100,Sell,233404244
2024-08-21 09:49:08,38600.0,100,Sell,233404245
2024-08-21 09:49:30,38600.0,100,Buy,233404695
2024-08-21 09:49:35,38600.0,200,Buy,233404798
2024-08-21 09:49:35,38600.0,800,Buy,233404797
2024-08-21 09:49:35,38600.0,700,Buy,233404799
2024-08-21 09:49:40,38600.0,100,Sell,233404885
2024-08-21 09:49:47,38600.0,1000,Sell,233405059
2024-08-21 09:50:12,38600.0,100,Sell,233405617
2024-08-21 09:50:20,38650.0,2000,Buy,233405848
2024-08-21 09:50:43,38600.0,100,Sell,233406348
2024-08-21 09:50:53,38600.0,2000,Sell,233406617
2024-08-21 09:50:53,38600.0,500,Sell,233406619
2024-08-21 09:50:53,38600.0,200,Sell,233406620
2024-08-21 09:50:53,38600.0,300,Sell,233406621
2024-08-21 09:50:53,38600.0,400,Sell,233406622
2024-08-21 09:50:53,38600.0,100,Sell,233406618
2024-08-21 09:51:04,38600.0,100,Sell,233406946
2024-08-21 09:51:16,38600.0,100,Sell,233407162
2024-08-21 09:51:17,38600.0,5000,Sell,233407203
2024-08-21 09:51:47,38600.0,100,Sell,233407950
2024-08-21 09:52:20,38600.0,100,Sell,233408721
2024-08-21 09:52:22,38650.0,1200,Buy,233408777
2024-08-21 09:52:22,38650.0,800,Buy,233408776
2024-08-21 09:52:27,38600.0,1000,Sell,233408873
2024-08-21 09:52:27,38600.0,4200,Sell,233408872
2024-08-21 09:52:27,38600.0,800,Sell,233408874
2024-08-21 09:52:29,38600.0,1200,Sell,233408912
2024-08-21 09:52:29,38600.0,4000,Sell,233408913
2024-08-21 09:52:29,38600.0,900,Sell,233408914
2024-08-21 09:52:29,38600.0,200,Sell,233408915
2024-08-21 09:52:29,38600.0,2700,Sell,233408916
2024-08-21 09:52:31,38600.0,300,Sell,233408952
2024-08-21 09:52:49,38600.0,1800,Sell,233409605
2024-08-21 09:52:49,38600.0,100,Sell,233409604
2024-08-21 09:52:49,38600.0,1000,Sell,233409603
2024-08-21 09:52:49,38600.0,700,Sell,233409600
2024-08-21 09:52:49,38600.0,500,Sell,233409601
2024-08-21 09:52:49,38600.0,1000,Sell,233409598
2024-08-21 09:52:49,38600.0,600,Sell,233409602
2024-08-21 09:52:49,38600.0,100,Sell,233409599
2024-08-21 09:52:52,38600.0,100,Sell,233409656
2024-08-21 09:52:56,38600.0,1400,Sell,233409774
2024-08-21 09:52:56,38600.0,500,Sell,233409773
2024-08-21 09:52:56,38600.0,100,Sell,233409772
2024-08-21 09:53:14,38600.0,2500,Sell,233410190
2024-08-21 09:53:23,38600.0,800,Sell,233410438
2024-08-21 09:53:24,38600.0,100,Sell,233410472
2024-08-21 09:53:25,38600.0,500,Sell,233410492
2024-08-21 09:53:30,38600.0,700,Sell,233410577
2024-08-21 09:53:30,38600.0,300,Sell,233410578
2024-08-21 09:53:30,38600.0,100,Sell,233410579
2024-08-21 09:53:32,38600.0,1000,Buy,233410605
2024-08-21 09:53:33,38650.0,100,Buy,233410632
2024-08-21 09:53:55,38600.0,100,Sell,233411181
2024-08-21 09:54:00,38600.0,200,Sell,233411317
2024-08-21 09:54:16,38600.0,2000,Sell,233411671
2024-08-21 09:54:25,38600.0,100,Sell,233411937
2024-08-21 09:54:27,38600.0,100,Sell,233411993
2024-08-21 09:54:55,38600.0,500,Sell,233412597
2024-08-21 09:54:58,38600.0,700,Sell,233412654
2024-08-21 09:54:58,38600.0,1000,Sell,233412655
2024-08-21 09:54:58,38600.0,100,Sell,233412648
2024-08-21 09:54:58,38600.0,1500,Sell,233412638
2024-08-21 09:54:58,38600.0,200,Sell,233412639
2024-08-21 09:54:58,38600.0,500,Sell,233412637
2024-08-21 09:55:28,38550.0,100,Sell,233413426
2024-08-21 09:56:00,38550.0,100,Sell,233414204
2024-08-21 09:56:22,38550.0,300,Sell,233414835
2024-08-21 09:56:22,38550.0,100,Sell,233414836
2024-08-21 09:56:22,38550.0,1000,Sell,233414837
2024-08-21 09:56:22,38550.0,100,Sell,233414838
2024-08-21 09:56:22,38550.0,500,Sell,233414840
2024-08-21 09:56:22,38550.0,500,Sell,233414841
2024-08-21 09:56:22,38550.0,1000,Sell,233414842
2024-08-21 09:56:22,38550.0,200,Sell,233414843
2024-08-21 09:56:22,38550.0,500,Sell,233414844
2024-08-21 09:56:22,38550.0,300,Sell,233414845
2024-08-21 09:56:22,38550.0,500,Sell,233414839
2024-08-21 09:56:32,38550.0,100,Sell,233415102
2024-08-21 09:57:03,38550.0,100,Sell,233415837
2024-08-21 09:57:03,38550.0,200,Sell,233415846
2024-08-21 09:57:16,38600.0,100,Buy,233416249
2024-08-21 09:57:23,38550.0,700,Sell,233416445
2024-08-21 09:57:33,38550.0,100,Sell,233416806
2024-08-21 09:57:36,38600.0,100,Buy,233416881
2024-08-21 09:57:55,38600.0,100,Buy,233417451
2024-08-21 09:57:59,38600.0,200,Buy,233417620
2024-08-21 09:58:06,38550.0,100,Sell,233417887
2024-08-21 09:58:17,38550.0,100,Sell,233418210
2024-08-21 09:58:24,38600.0,2000,Buy,233418427
2024-08-21 09:58:38,38550.0,100,Sell,233418765
2024-08-21 09:58:38,38600.0,100,Buy,233418770
2024-08-21 09:58:58,38600.0,200,Buy,233419280
2024-08-21 09:59:01,38600.0,2900,Buy,233419355
2024-08-21 09:59:01,38600.0,1600,Buy,233419357
2024-08-21 09:59:01,38600.0,100,Buy,233419354
2024-08-21 09:59:01,38600.0,400,Buy,233419356
2024-08-21 09:59:01,38600.0,2900,Buy,233419352
2024-08-21 09:59:01,38600.0,400,Buy,233419351
2024-08-21 09:59:01,38600.0,1100,Buy,233419349
2024-08-21 09:59:01,38600.0,500,Buy,233419350
2024-08-21 09:59:01,38600.0,100,Buy,233419353
2024-08-21 09:59:10,38600.0,100,Sell,233419586
2024-08-21 09:59:19,38600.0,400,Sell,233419881
2024-08-21 09:59:19,38600.0,600,Sell,233419882
2024-08-21 09:59:19,38600.0,1000,Sell,233419883
2024-08-21 09:59:19,38600.0,500,Sell,233419884
2024-08-21 09:59:20,38600.0,100,Buy,233419921
2024-08-21 09:59:28,38600.0,500,Sell,233420343
2024-08-21 09:59:32,38600.0,500,Sell,233420473
2024-08-21 09:59:36,38600.0,900,Sell,233420630
2024-08-21 09:59:36,38600.0,100,Sell,233420631
2024-08-21 09:59:41,38600.0,100,Sell,233420776
2024-08-21 10:00:13,38600.0,100,Sell,233421686
2024-08-21 10:00:33,38600.0,1600,Sell,233422208
2024-08-21 10:00:33,38600.0,400,Sell,233422209
2024-08-21 10:00:44,38600.0,100,Sell,233422477
2024-08-21 10:00:45,38600.0,300,Sell,233422513
2024-08-21 10:00:45,38600.0,100,Sell,233422512
2024-08-21 10:00:45,38600.0,1000,Sell,233422509
2024-08-21 10:00:45,38600.0,500,Sell,233422510
2024-08-21 10:00:45,38600.0,500,Sell,233422508
2024-08-21 10:00:45,38600.0,100,Sell,233422511
2024-08-21 10:00:50,38600.0,200,Sell,233422700
2024-08-21 10:00:50,38600.0,500,Sell,233422701
2024-08-21 10:00:50,38600.0,200,Sell,233422702
2024-08-21 10:01:16,38550.0,100,Sell,233423326
2024-08-21 10:01:28,38600.0,400,Buy,233423795
2024-08-21 10:01:36,38550.0,2600,Sell,233424015
2024-08-21 10:01:36,38550.0,500,Sell,233424014
2024-08-21 10:01:36,38550.0,100,Sell,233424007
2024-08-21 10:01:48,38550.0,100,Sell,233424421
2024-08-21 10:01:50,38550.0,200,Sell,233424510
2024-08-21 10:01:50,38550.0,100,Sell,233424514
2024-08-21 10:01:50,38550.0,200,Sell,233424513
2024-08-21 10:01:50,38550.0,100,Sell,233424512
2024-08-21 10:01:50,38550.0,500,Sell,233424511
2024-08-21 10:01:50,38550.0,1000,Sell,233424509
2024-08-21 10:01:50,38550.0,100,Sell,233424515
2024-08-21 10:01:50,38550.0,100,Sell,233424507
2024-08-21 10:01:50,38550.0,2300,Sell,233424502
2024-08-21 10:01:50,38550.0,1000,Sell,233424503
2024-08-21 10:01:50,38550.0,300,Sell,233424508
2024-08-21 10:01:50,38550.0,1000,Sell,233424505
2024-08-21 10:01:50,38550.0,3000,Sell,233424506
2024-08-21 10:01:50,38550.0,100,Sell,233424504
2024-08-21 10:01:57,38550.0,600,Sell,233424703
2024-08-21 10:01:57,38550.0,2100,Sell,233424702
2024-08-21 10:01:57,38550.0,1000,Sell,233424701
2024-08-21 10:01:57,38550.0,1000,Sell,233424700
2024-08-21 10:01:57,38550.0,500,Sell,233424699
2024-08-21 10:01:57,38550.0,500,Sell,233424698
2024-08-21 10:01:57,38550.0,500,Sell,233424697
2024-08-21 10:01:57,38550.0,100,Sell,233424694
2024-08-21 10:01:57,38550.0,300,Sell,233424693
2024-08-21 10:01:57,38550.0,300,Sell,233424692
2024-08-21 10:01:57,38550.0,500,Sell,233424691
2024-08-21 10:01:57,38550.0,3000,Sell,233424690
2024-08-21 10:01:57,38550.0,100,Sell,233424696
2024-08-21 10:01:57,38550.0,200,Sell,233424695
2024-08-21 10:02:18,38550.0,200,Sell,233425240
2024-08-21 10:02:18,38550.0,700,Sell,233425241
2024-08-21 10:02:19,38550.0,100,Sell,233425278
2024-08-21 10:02:52,38550.0,100,Sell,233426135
2024-08-21 10:03:07,38600.0,100,Buy,233426628
2024-08-21 10:03:22,38550.0,100,Sell,233427062
2024-08-21 10:03:22,38550.0,100,Sell,233427063
2024-08-21 10:03:22,38550.0,200,Sell,233427064
2024-08-21 10:03:22,38550.0,100,Sell,233427065
2024-08-21 10:03:22,38550.0,100,Sell,233427096
2024-08-21 10:03:24,38600.0,600,Buy,233427143
2024-08-21 10:03:30,38600.0,3900,Buy,233427341
2024-08-21 10:03:30,38600.0,100,Buy,233427342
2024-08-21 10:03:47,38600.0,100,Buy,233427849
2024-08-21 10:03:47,38600.0,100,Buy,233427850
2024-08-21 10:03:54,38550.0,100,Sell,233428074
2024-08-21 10:04:07,38550.0,500,Sell,233428456
2024-08-21 10:04:12,38550.0,1000,Sell,233428602
2024-08-21 10:04:12,38550.0,100,Sell,233428603
2024-08-21 10:04:12,38550.0,100,Sell,233428604
2024-08-21 10:04:12,38550.0,1200,Sell,233428601
2024-08-21 10:04:25,38550.0,100,Sell,233429056
2024-08-21 10:04:27,38550.0,500,Sell,233429102
2024-08-21 10:04:55,38600.0,100,Sell,233430134
2024-08-21 10:04:58,38550.0,200,Sell,233430213
2024-08-21 10:04:58,38550.0,500,Sell,233430214
2024-08-21 10:04:58,38550.0,1000,Sell,233430212
2024-08-21 10:04:58,38600.0,1900,Sell,233430207
2024-08-21 10:04:58,38550.0,1000,Sell,233430210
2024-08-21 10:04:58,38550.0,600,Sell,233430209
2024-08-21 10:04:58,38550.0,8300,Sell,233430208
2024-08-21 10:04:58,38550.0,2000,Sell,233430211
2024-08-21 10:05:09,38600.0,200,Sell,233430743
2024-08-21 10:05:10,38600.0,200,Buy,233430779
2024-08-21 10:05:23,38550.0,4500,Sell,233431227
2024-08-21 10:05:23,38550.0,100,Sell,233431228
2024-08-21 10:05:23,38550.0,100,Sell,233431229
2024-08-21 10:05:23,38550.0,300,Sell,233431230
2024-08-21 10:05:24,38550.0,1100,Sell,233431297
2024-08-21 10:05:24,38550.0,100,Sell,233431296
2024-08-21 10:05:24,38550.0,100,Sell,233431295
2024-08-21 10:05:24,38550.0,1000,Sell,233431292
2024-08-21 10:05:24,38550.0,3000,Sell,233431293
2024-08-21 10:05:24,38550.0,4100,Sell,233431291
2024-08-21 10:05:24,38550.0,1000,Sell,233431294
2024-08-21 10:05:26,38550.0,100,Sell,233431349
2024-08-21 10:05:27,38550.0,300,Sell,233431367
2024-08-21 10:05:28,38550.0,500,Sell,233431399
2024-08-21 10:05:33,38550.0,1000,Sell,233431552
2024-08-21 10:05:33,38550.0,2000,Sell,233431549
2024-08-21 10:05:33,38550.0,500,Sell,233431551
2024-08-21 10:05:47,38550.0,500,Buy,233432271
2024-08-21 10:05:47,38600.0,500,Buy,233432272
2024-08-21 10:05:53,38550.0,300,Buy,233432577
2024-08-21 10:05:56,38550.0,500,Buy,233432761
2024-08-21 10:05:56,38500.0,100,Sell,233432762
2024-08-21 10:05:59,38550.0,200,Buy,233432847
2024-08-21 10:06:12,38550.0,500,Sell,233433362
2024-08-21 10:06:26,38550.0,200,Sell,233433884
2024-08-21 10:06:29,38550.0,100,Sell,233434001
2024-08-21 10:06:51,38550.0,500,Sell,233434841
2024-08-21 10:06:51,38550.0,100,Sell,233434842
2024-08-21 10:06:51,38550.0,100,Sell,233434843
2024-08-21 10:06:51,38550.0,1000,Sell,233434844
2024-08-21 10:06:51,38550.0,1000,Sell,233434845
2024-08-21 10:06:51,38550.0,1000,Sell,233434846
2024-08-21 10:06:51,38550.0,1000,Sell,233434840
2024-08-21 10:07:01,38500.0,100,Sell,233435236
2024-08-21 10:07:31,38550.0,1000,Buy,233436135
2024-08-21 10:07:34,38500.0,100,Sell,233436241
2024-08-21 10:07:35,38500.0,300,Sell,233436297
2024-08-21 10:07:42,38500.0,100,Sell,233436538
2024-08-21 10:07:46,38500.0,100,Sell,233436746
2024-08-21 10:07:46,38500.0,100,Sell,233436745
2024-08-21 10:07:52,38550.0,4300,Buy,233436872
2024-08-21 10:07:52,38550.0,700,Buy,233436874
2024-08-21 10:07:58,38550.0,500,Buy,233437052
2024-08-21 10:07:59,38550.0,100,Buy,233437072
2024-08-21 10:07:59,38550.0,2600,Buy,233437071
2024-08-21 10:08:05,38550.0,100,Sell,233437248
2024-08-21 10:08:33,38600.0,100,Buy,233438325
2024-08-21 10:08:33,38600.0,1000,Buy,233438326
2024-08-21 10:08:33,38600.0,500,Buy,233438327
2024-08-21 10:08:33,38600.0,200,Buy,233438328
2024-08-21 10:08:33,38600.0,200,Buy,233438329
2024-08-21 10:08:33,38600.0,100,Buy,233438330
2024-08-21 10:08:33,38600.0,3600,Buy,233438332
2024-08-21 10:08:33,38600.0,300,Buy,233438331
2024-08-21 10:08:36,38550.0,100,Sell,233438419
2024-08-21 10:08:38,38600.0,200,Buy,233438468
2024-08-21 10:09:07,38550.0,100,Sell,233439560
2024-08-21 10:09:16,38600.0,1200,Buy,233439821
2024-08-21 10:09:16,38600.0,200,Buy,233439822
2024-08-21 10:09:19,38600.0,2000,Sell,233439900
2024-08-21 10:09:33,38650.0,2000,Buy,233440409
2024-08-21 10:09:35,38600.0,500,Sell,233440465
2024-08-21 10:09:38,38600.0,100,Sell,233440552
2024-08-21 10:09:50,38600.0,1100,Sell,233440921
2024-08-21 10:09:50,38600.0,900,Sell,233440922
2024-08-21 10:10:00,38600.0,100,Sell,233441190
2024-08-21 10:10:00,38600.0,500,Sell,233441191
2024-08-21 10:10:00,38600.0,100,Sell,233441192
2024-08-21 10:10:00,38600.0,100,Sell,233441193
2024-08-21 10:10:00,38600.0,1000,Sell,233441194
2024-08-21 10:10:09,38550.0,100,Sell,233441531
2024-08-21 10:10:42,38550.0,100,Sell,233442484
2024-08-21 10:11:06,38600.0,1000,Buy,233443251
2024-08-21 10:11:06,38550.0,200,Sell,233443235
2024-08-21 10:11:15,38550.0,100,Sell,233443676
2024-08-21 10:11:19,38550.0,500,Sell,233443878
2024-08-21 10:11:22,38600.0,200,Buy,233443942
2024-08-21 10:11:24,38600.0,1000,Buy,233444022
2024-08-21 10:11:24,38600.0,200,Buy,233444021
2024-08-21 10:11:24,38600.0,1200,Buy,233444023
2024-08-21 10:11:24,38600.0,500,Buy,233444019
2024-08-21 10:11:24,38600.0,2000,Buy,233444020
2024-08-21 10:11:24,38600.0,100,Buy,233444018
2024-08-21 10:11:40,38550.0,200,Sell,233444745
2024-08-21 10:11:40,38550.0,100,Sell,233444744
2024-08-21 10:11:40,38550.0,1000,Sell,233444743
2024-08-21 10:11:40,38550.0,200,Sell,233444742
2024-08-21 10:11:40,38550.0,100,Sell,233444741
2024-08-21 10:11:40,38550.0,500,Sell,233444740
2024-08-21 10:11:40,38550.0,100,Sell,233444739
2024-08-21 10:11:40,38550.0,1000,Sell,233444731
2024-08-21 10:11:40,38550.0,100,Sell,233444737
2024-08-21 10:11:40,38550.0,500,Sell,233444736
2024-08-21 10:11:40,38550.0,200,Sell,233444735
2024-08-21 10:11:40,38550.0,500,Sell,233444734
2024-08-21 10:11:40,38550.0,100,Sell,233444733
2024-08-21 10:11:40,38550.0,200,Sell,233444732
2024-08-21 10:11:40,38550.0,200,Sell,233444738
2024-08-21 10:11:43,38500.0,2400,Sell,233444812
2024-08-21 10:11:43,38550.0,2000,Sell,233444810
2024-08-21 10:11:43,38550.0,200,Sell,233444809
2024-08-21 10:11:43,38550.0,2000,Sell,233444808
2024-08-21 10:11:43,38550.0,1000,Sell,233444811
2024-08-21 10:11:43,38550.0,400,Sell,233444806
2024-08-21 10:11:43,38550.0,500,Sell,233444807
2024-08-21 10:11:43,38600.0,500,Buy,233444802
2024-08-21 10:11:43,38550.0,500,Sell,233444805
2024-08-21 10:11:43,38550.0,500,Sell,233444804
2024-08-21 10:11:43,38550.0,500,Sell,233444803
2024-08-21 10:11:47,38550.0,100,Sell,233444944
2024-08-21 10:11:52,38550.0,900,Sell,233445069
2024-08-21 10:11:52,38550.0,100,Sell,233445070
2024-08-21 10:12:03,38550.0,100,Buy,233445405
2024-08-21 10:12:04,38550.0,400,Buy,233445433
2024-08-21 10:12:09,38550.0,100,Sell,233445559
2024-08-21 10:12:19,38550.0,100,Sell,233445764
2024-08-21 10:12:25,38600.0,1300,Buy,233445918
2024-08-21 10:12:25,38600.0,700,Buy,233445919
2024-08-21 10:12:50,38550.0,100,Sell,233446571
2024-08-21 10:12:55,38600.0,1600,Buy,233446667
2024-08-21 10:12:55,38600.0,300,Buy,233446665
2024-08-21 10:12:55,38600.0,100,Buy,233446666
2024-08-21 10:13:04,38600.0,100,Buy,233446950
2024-08-21 10:13:04,38600.0,100,Buy,233446949
2024-08-21 10:13:04,38600.0,400,Buy,233446939
2024-08-21 10:13:04,38600.0,600,Buy,233446940
2024-08-21 10:13:08,38600.0,100,Sell,233447042
2024-08-21 10:13:08,38600.0,400,Buy,233447052
2024-08-21 10:13:08,38650.0,100,Buy,233447053
2024-08-21 10:13:21,38600.0,100,Sell,233447437
2024-08-21 10:13:43,38650.0,500,Buy,233447903
2024-08-21 10:13:48,38650.0,1000,Buy,233447979
2024-08-21 10:13:52,38600.0,100,Sell,233448048
2024-08-21 10:14:14,38600.0,300,Sell,233448568
2024-08-21 10:14:23,38600.0,100,Sell,233448876
2024-08-21 10:14:49,38600.0,1000,Sell,233449546
2024-08-21 10:14:49,38600.0,100,Sell,233449545
2024-08-21 10:14:49,38600.0,600,Sell,233449541
2024-08-21 10:14:49,38600.0,100,Sell,233449543
2024-08-21 10:14:49,38600.0,100,Sell,233449542
2024-08-21 10:14:49,38600.0,2000,Sell,233449544
2024-08-21 10:14:54,38600.0,100,Sell,233449647
2024-08-21 10:14:57,38650.0,1500,Buy,233449705
2024-08-21 10:15:04,38650.0,100,Buy,233449874
2024-08-21 10:15:24,38600.0,100,Sell,233450306
2024-08-21 10:15:32,38600.0,400,Sell,233450532
2024-08-21 10:15:32,38600.0,500,Sell,233450530
2024-08-21 10:15:32,38600.0,100,Sell,233450529
2024-08-21 10:15:32,38600.0,1000,Sell,233450531
2024-08-21 10:15:56,38600.0,100,Sell,233451231
2024-08-21 10:16:28,38600.0,100,Sell,233452048
2024-08-21 10:16:59,38600.0,100,Sell,233452829
2024-08-21 10:17:15,38600.0,100,Sell,233453367
2024-08-21 10:17:27,38650.0,4800,Buy,233453683
2024-08-21 10:17:27,38650.0,200,Buy,233453684
2024-08-21 10:17:29,38600.0,100,Sell,233453755
2024-08-21 10:17:36,38650.0,200,Buy,233453948
2024-08-21 10:17:42,38650.0,500,Buy,233454093
2024-08-21 10:17:49,38650.0,100,Buy,233454264
2024-08-21 10:17:59,38600.0,100,Sell,233454464
2024-08-21 10:18:11,38600.0,3000,Sell,233454733
2024-08-21 10:18:14,38650.0,100,Buy,233454798
2024-08-21 10:18:32,38600.0,100,Sell,233455307
2024-08-21 10:18:37,38650.0,500,Buy,233455437
2024-08-21 10:18:45,38650.0,100,Buy,233455665
2024-08-21 10:18:53,38650.0,2100,Buy,233455958
2024-08-21 10:18:53,38650.0,2700,Buy,233455959
2024-08-21 10:18:53,38650.0,100,Buy,233455957
2024-08-21 10:18:53,38650.0,600,Buy,233455953
2024-08-21 10:18:53,38650.0,100,Buy,233455955
2024-08-21 10:18:53,38650.0,5000,Buy,233455954
2024-08-21 10:18:53,38650.0,3300,Buy,233455952
2024-08-21 10:18:53,38650.0,2100,Buy,233455956
2024-08-21 10:19:02,38650.0,100,Sell,233456156
2024-08-21 10:19:08,38700.0,100,Buy,233456396
2024-08-21 10:19:17,38700.0,100,Buy,233456688
2024-08-21 10:19:32,38650.0,100,Sell,233457057
2024-08-21 10:19:34,38700.0,500,Buy,233457080
2024-08-21 10:19:49,38700.0,300,Buy,233457456
2024-08-21 10:19:55,38700.0,1000,Buy,233457628
2024-08-21 10:19:55,38700.0,1000,Buy,233457610
2024-08-21 10:20:01,38650.0,300,Sell,233457797
2024-08-21 10:20:04,38700.0,3000,Buy,233457858
2024-08-21 10:20:05,38650.0,100,Sell,233457876
2024-08-21 10:20:17,38650.0,300,Sell,233458116
2024-08-21 10:20:17,38650.0,100,Sell,233458114
2024-08-21 10:20:17,38650.0,5000,Sell,233458115
2024-08-21 10:20:17,38650.0,200,Sell,233458112
2024-08-21 10:20:17,38650.0,900,Sell,233458111
2024-08-21 10:20:17,38650.0,3400,Sell,233458110
2024-08-21 10:20:17,38650.0,100,Sell,233458113
2024-08-21 10:20:36,38650.0,100,Sell,233458603
2024-08-21 10:20:45,38650.0,600,Sell,233458927
2024-08-21 10:20:45,38650.0,300,Sell,233458928
2024-08-21 10:20:54,38700.0,800,Buy,233459239
2024-08-21 10:20:54,38700.0,100,Buy,233459240
2024-08-21 10:20:54,38700.0,400,Buy,233459241
2024-08-21 10:21:01,38650.0,800,Sell,233459383
2024-08-21 10:21:01,38650.0,700,Sell,233459382
2024-08-21 10:21:07,38650.0,100,Sell,233459544
2024-08-21 10:21:09,38650.0,100,Sell,233459587
2024-08-21 10:21:20,38700.0,100,Buy,233459820
2024-08-21 10:21:35,38700.0,700,Buy,233460171
2024-08-21 10:21:40,38650.0,100,Sell,233460260
2024-08-21 10:21:52,38700.0,100,Buy,233460577
2024-08-21 10:22:11,38650.0,100,Sell,233461196
2024-08-21 10:22:24,38700.0,100,Buy,233461490
2024-08-21 10:22:42,38650.0,100,Sell,233461840
2024-08-21 10:23:13,38700.0,100,Buy,233462533
2024-08-21 10:23:14,38650.0,200,Sell,233462549
2024-08-21 10:23:15,38650.0,100,Sell,233462570
2024-08-21 10:23:30,38700.0,100,Buy,233462923
2024-08-21 10:23:31,38700.0,200,Buy,233462946
2024-08-21 10:23:42,38600.0,200,Sell,233463225
2024-08-21 10:23:42,38600.0,1000,Sell,233463224
2024-08-21 10:23:42,38600.0,500,Sell,233463223
2024-08-21 10:23:42,38600.0,200,Sell,233463221
2024-08-21 10:23:42,38600.0,6600,Sell,233463220
2024-08-21 10:23:42,38650.0,4000,Sell,233463217
2024-08-21 10:23:42,38650.0,2000,Sell,233463216
2024-08-21 10:23:42,38600.0,600,Sell,233463222
2024-08-21 10:23:42,38650.0,10000,Sell,233463214
2024-08-21 10:23:42,38650.0,1000,Sell,233463215
2024-08-21 10:23:42,38650.0,300,Sell,233463208
2024-08-21 10:23:42,38650.0,500,Sell,233463209
2024-08-21 10:23:42,38650.0,300,Sell,233463210
2024-08-21 10:23:42,38650.0,200,Sell,233463207
2024-08-21 10:23:42,38650.0,300,Sell,233463211
2024-08-21 10:23:42,38650.0,2200,Sell,233463212
2024-08-21 10:23:42,38650.0,100,Sell,233463213
2024-08-21 10:23:47,38600.0,100,Sell,233463330
2024-08-21 10:24:00,38700.0,100,Buy,233463658
2024-08-21 10:24:05,38600.0,2000,Sell,233463786
2024-08-21 10:24:05,38600.0,1000,Sell,233463787
2024-08-21 10:24:05,38600.0,100,Sell,233463788
2024-08-21 10:24:05,38600.0,100,Sell,233463789
2024-08-21 10:24:05,38550.0,500,Sell,233463790
2024-08-21 10:24:05,38550.0,2000,Sell,233463791
2024-08-21 10:24:05,38550.0,500,Sell,233463792
2024-08-21 10:24:05,38550.0,2000,Sell,233463793
2024-08-21 10:24:05,38550.0,500,Sell,233463794
2024-08-21 10:24:05,38550.0,5000,Sell,233463795
2024-08-21 10:24:05,38550.0,74300,Sell,233463806
2024-08-21 10:24:05,38550.0,100,Sell,233463797
2024-08-21 10:24:05,38550.0,100,Sell,233463798
2024-08-21 10:24:05,38550.0,500,Sell,233463799
2024-08-21 10:24:05,38550.0,700,Sell,233463800
2024-08-21 10:24:05,38550.0,100,Sell,233463801
2024-08-21 10:24:05,38550.0,500,Sell,233463802
2024-08-21 10:24:05,38550.0,600,Sell,233463803
2024-08-21 10:24:05,38550.0,100,Sell,233463804
2024-08-21 10:24:05,38550.0,500,Sell,233463805
2024-08-21 10:24:05,38600.0,1000,Sell,233463785
2024-08-21 10:24:05,38550.0,2000,Sell,233463796
2024-08-21 10:24:05,38600.0,300,Sell,233463784
2024-08-21 10:24:05,38600.0,500,Sell,233463781
2024-08-21 10:24:05,38600.0,100,Sell,233463782
2024-08-21 10:24:05,38600.0,200,Sell,233463760
2024-08-21 10:24:05,38600.0,500,Sell,233463761
2024-08-21 10:24:05,38600.0,100,Sell,233463783
2024-08-21 10:24:05,38600.0,100,Sell,233463763
2024-08-21 10:24:05,38600.0,100,Sell,233463764
2024-08-21 10:24:05,38600.0,100,Sell,233463765
2024-08-21 10:24:05,38600.0,100,Sell,233463766
2024-08-21 10:24:05,38600.0,1000,Sell,233463767
2024-08-21 10:24:05,38600.0,500,Sell,233463768
2024-08-21 10:24:05,38600.0,200,Sell,233463769
2024-08-21 10:24:05,38600.0,200,Sell,233463762
2024-08-21 10:24:05,38600.0,900,Sell,233463771
2024-08-21 10:24:05,38600.0,100,Sell,233463772
2024-08-21 10:24:05,38600.0,400,Sell,233463773
2024-08-21 10:24:05,38600.0,4000,Sell,233463774
2024-08-21 10:24:05,38600.0,100,Sell,233463775
2024-08-21 10:24:05,38600.0,2000,Sell,233463776
2024-08-21 10:24:05,38600.0,9500,Sell,233463777
2024-08-21 10:24:05,38600.0,200,Sell,233463778
2024-08-21 10:24:05,38600.0,100,Sell,233463779
2024-08-21 10:24:05,38600.0,100,Sell,233463780
2024-08-21 10:24:05,38600.0,400,Sell,233463770
2024-08-21 10:24:18,38550.0,100,Sell,233464141
2024-08-21 10:24:30,38650.0,100,Buy,233464368
2024-08-21 10:24:49,38600.0,100,Sell,233464868
2024-08-21 10:25:07,38650.0,400,Buy,233465280
2024-08-21 10:25:07,38650.0,100,Buy,233465279
2024-08-21 10:25:07,38650.0,300,Buy,233465275
2024-08-21 10:25:07,38650.0,1200,Buy,233465277
2024-08-21 10:25:07,38650.0,1600,Buy,233465276
2024-08-21 10:25:07,38650.0,100,Buy,233465278
2024-08-21 10:25:20,38650.0,100,Sell,233465818
2024-08-21 10:25:39,38650.0,200,Sell,233466312
2024-08-21 10:25:50,38600.0,100,Sell,233466593
2024-08-21 10:25:52,38650.0,100,Buy,233466657
2024-08-21 10:26:13,38600.0,500,Sell,233467228
2024-08-21 10:26:23,38600.0,100,Sell,233467553
2024-08-21 10:26:35,38650.0,100,Buy,233467967
2024-08-21 10:26:38,38650.0,600,Buy,233468172
2024-08-21 10:26:38,38650.0,1900,Buy,233468169
2024-08-21 10:26:38,38650.0,100,Buy,233468170
2024-08-21 10:26:38,38650.0,600,Buy,233468171
2024-08-21 10:26:54,38650.0,100,Sell,233468579
2024-08-21 10:26:55,38650.0,700,Sell,233468616
2024-08-21 10:27:09,38700.0,100,Buy,233469036
2024-08-21 10:27:13,38650.0,1500,Sell,233469125
2024-08-21 10:27:24,38650.0,500,Sell,233469470
2024-08-21 10:27:25,38600.0,100,Sell,233469492
2024-08-21 10:27:32,38650.0,100,Buy,233469810
2024-08-21 10:27:46,38600.0,1000,Sell,233470155
2024-08-21 10:27:53,38650.0,100,Buy,233470300
2024-08-21 10:27:56,38600.0,100,Sell,233470369
2024-08-21 10:28:14,38650.0,100,Buy,233470756
2024-08-21 10:28:27,38600.0,100,Sell,233471061
2024-08-21 10:28:42,38650.0,100,Buy,233471586
2024-08-21 10:28:45,38650.0,500,Buy,233471754
2024-08-21 10:28:45,38650.0,100,Buy,233471755
2024-08-21 10:28:45,38650.0,300,Buy,233471756
2024-08-21 10:28:45,38650.0,2000,Buy,233471757
2024-08-21 10:28:46,38650.0,100,Sell,233471832
2024-08-21 10:28:58,38600.0,100,Sell,233472312
2024-08-21 10:29:05,38650.0,300,Buy,233472606
2024-08-21 10:29:17,38650.0,300,Buy,233473014
2024-08-21 10:29:17,38650.0,1600,Buy,233473013
2024-08-21 10:29:17,38650.0,100,Buy,233473015
2024-08-21 10:29:18,38650.0,900,Buy,233473039
2024-08-21 10:29:23,38650.0,100,Sell,233473136
2024-08-21 10:29:23,38650.0,600,Sell,233473137
2024-08-21 10:29:28,38600.0,100,Sell,233473326
2024-08-21 10:29:29,38600.0,1200,Sell,233473331
2024-08-21 10:29:31,38650.0,300,Buy,233473545
2024-08-21 10:30:00,38600.0,100,Sell,233474435
2024-08-21 10:30:05,38600.0,1000,Sell,233474585
2024-08-21 10:30:06,38600.0,1000,Sell,233474629
2024-08-21 10:30:06,38600.0,700,Sell,233474630
2024-08-21 10:30:06,38600.0,200,Sell,233474631
2024-08-21 10:30:06,38600.0,1000,Sell,233474632
2024-08-21 10:30:06,38600.0,500,Sell,233474633
2024-08-21 10:30:06,38600.0,700,Sell,233474634
2024-08-21 10:30:06,38600.0,500,Sell,233474628
2024-08-21 10:30:26,38650.0,100,Buy,233475341
2024-08-21 10:30:26,38650.0,500,Buy,233475342
2024-08-21 10:30:27,38650.0,100,Buy,233475367
2024-08-21 10:30:33,38600.0,100,Sell,233475590
2024-08-21 10:30:34,38600.0,200,Sell,233475624
2024-08-21 10:30:34,38600.0,500,Sell,233475623
2024-08-21 10:30:34,38600.0,100,Sell,233475622
2024-08-21 10:30:34,38600.0,200,Sell,233475617
2024-08-21 10:30:34,38600.0,300,Sell,233475620
2024-08-21 10:30:34,38600.0,2000,Sell,233475619
2024-08-21 10:30:34,38600.0,100,Sell,233475618
2024-08-21 10:30:34,38600.0,100,Sell,233475621
2024-08-21 10:30:39,38600.0,100,Sell,233475740
2024-08-21 10:30:47,38600.0,2400,Sell,233476013
2024-08-21 10:30:47,38600.0,2200,Sell,233476014
2024-08-21 10:30:50,38600.0,1300,Sell,233476123
2024-08-21 10:30:50,38650.0,100,Buy,233476167
2024-08-21 10:30:54,38600.0,1800,Sell,233476366
2024-08-21 10:31:03,38550.0,100,Sell,233476707
2024-08-21 10:31:10,38600.0,100,Buy,233476961
2024-08-21 10:31:20,38600.0,3100,Buy,233477341
2024-08-21 10:31:20,38600.0,1000,Buy,233477342
2024-08-21 10:31:23,38600.0,100,Sell,233477510
2024-08-21 10:31:23,38600.0,2000,Sell,233477500
2024-08-21 10:31:34,38600.0,200,Sell,233478080
2024-08-21 10:31:35,38600.0,100,Sell,233478146
2024-08-21 10:31:35,38600.0,100,Sell,233478147
2024-08-21 10:31:35,38600.0,3600,Sell,233478145
2024-08-21 10:32:02,38600.0,100,Buy,233479189
2024-08-21 10:32:07,38550.0,100,Sell,233479345
2024-08-21 10:32:20,38600.0,1000,Buy,233480016
2024-08-21 10:32:22,38550.0,400,Sell,233480074
2024-08-21 10:32:27,38550.0,1000,Sell,233480360
2024-08-21 10:32:39,38550.0,100,Sell,233480959
2024-08-21 10:33:10,38550.0,100,Sell,233482333
2024-08-21 10:33:24,38600.0,2600,Buy,233482866
2024-08-21 10:33:24,38600.0,400,Buy,233482867
2024-08-21 10:33:42,38550.0,100,Sell,233483601
2024-08-21 10:33:53,38550.0,5000,Sell,233484127
2024-08-21 10:33:56,38550.0,2200,Sell,233484275
2024-08-21 10:33:56,38550.0,500,Sell,233484276
2024-08-21 10:34:12,38550.0,100,Sell,233485053
2024-08-21 10:34:28,38550.0,1000,Sell,233485818
2024-08-21 10:34:28,38600.0,1000,Buy,233485831
2024-08-21 10:34:43,38600.0,1000,Buy,233486520
2024-08-21 10:34:43,38550.0,100,Sell,233486521
2024-08-21 10:34:48,38600.0,100,Buy,233486735
2024-08-21 10:34:54,38550.0,100,Sell,233487050
2024-08-21 10:34:58,38550.0,5000,Sell,233487334
2024-08-21 10:35:07,38550.0,1500,Sell,233487710
2024-08-21 10:35:15,38550.0,100,Sell,233487966
2024-08-21 10:35:16,38550.0,3000,Sell,233488048
2024-08-21 10:35:20,38550.0,3000,Sell,233488229
2024-08-21 10:35:20,38550.0,500,Sell,233488228
2024-08-21 10:35:20,38550.0,5100,Sell,233488224
2024-08-21 10:35:20,38550.0,100,Sell,233488226
2024-08-21 10:35:20,38550.0,1000,Sell,233488227
2024-08-21 10:35:20,38550.0,100,Sell,233488225
2024-08-21 10:35:37,38550.0,2000,Sell,233489100
2024-08-21 10:35:37,38550.0,3000,Sell,233489101
2024-08-21 10:35:38,38550.0,200,Sell,233489145
2024-08-21 10:35:38,38550.0,200,Sell,233489146
2024-08-21 10:35:38,38550.0,200,Sell,233489147
2024-08-21 10:35:41,38550.0,600,Sell,233489264
2024-08-21 10:35:46,38550.0,500,Sell,233489462
2024-08-21 10:35:46,38550.0,100,Sell,233489472
2024-08-21 10:35:47,38550.0,100,Sell,233489525
2024-08-21 10:35:48,38550.0,100,Sell,233489566
2024-08-21 10:35:52,38550.0,3900,Sell,233489737
2024-08-21 10:36:19,38550.0,100,Sell,233490886
2024-08-21 10:36:31,38550.0,3200,Sell,233491411
2024-08-21 10:36:33,38550.0,10000,Sell,233491495
2024-08-21 10:36:34,38550.0,100,Sell,233491546
2024-08-21 10:36:40,38550.0,5300,Sell,233491798
2024-08-21 10:36:41,38550.0,5100,Sell,233491848
2024-08-21 10:36:50,38550.0,100,Sell,233492174
2024-08-21 10:36:56,38550.0,1000,Sell,233492345
2024-08-21 10:36:57,38550.0,200,Sell,233492391
2024-08-21 10:37:21,38550.0,600,Sell,233493371
2024-08-21 10:37:21,38550.0,100,Sell,233493372
2024-08-21 10:37:30,38550.0,100,Sell,233493749
2024-08-21 10:37:36,38550.0,300,Sell,233494007
2024-08-21 10:37:38,38600.0,2000,Buy,233494071
2024-08-21 10:37:53,38550.0,100,Sell,233494589
2024-08-21 10:38:09,38550.0,1000,Sell,233495199
2024-08-21 10:38:14,38550.0,600,Sell,233495298
2024-08-21 10:38:22,38550.0,200,Sell,233495558
2024-08-21 10:38:25,38550.0,100,Sell,233495647
2024-08-21 10:38:56,38550.0,100,Sell,233496609
2024-08-21 10:39:10,38550.0,800,Sell,233497121
2024-08-21 10:39:13,38550.0,600,Sell,233497220
2024-08-21 10:39:19,38550.0,100,Sell,233497420
2024-08-21 10:39:27,38550.0,100,Sell,233497674
2024-08-21 10:39:30,38550.0,4000,Sell,233497744
2024-08-21 10:39:34,38550.0,5000,Sell,233497839
2024-08-21 10:39:39,38550.0,100,Sell,233497988
2024-08-21 10:39:58,38550.0,1600,Sell,233498629
2024-08-21 10:39:59,38550.0,200,Sell,233498647
2024-08-21 10:39:59,38550.0,24600,Sell,233498659
2024-08-21 10:40:07,38550.0,2000,Sell,233498871
2024-08-21 10:40:08,38550.0,6400,Sell,233498897
2024-08-21 10:40:13,38550.0,4400,Sell,233498974
2024-08-21 10:40:17,38550.0,3000,Sell,233499090
2024-08-21 10:40:17,38550.0,400,Sell,233499094
2024-08-21 10:40:22,38550.0,2500,Sell,233499213
2024-08-21 10:40:24,38550.0,700,Sell,233499259
2024-08-21 10:40:28,38550.0,3100,Sell,233499359
2024-08-21 10:40:29,38550.0,500,Sell,233499375
2024-08-21 10:40:30,38550.0,2000,Sell,233499422
2024-08-21 10:40:31,38550.0,100,Sell,233499453
2024-08-21 10:40:48,38550.0,1000,Sell,233499879
2024-08-21 10:40:51,38550.0,300,Sell,233499961
2024-08-21 10:41:00,38550.0,300,Sell,233500154
2024-08-21 10:41:03,38550.0,100,Sell,233500195
2024-08-21 10:41:05,38550.0,300,Sell,233500297
2024-08-21 10:41:05,38550.0,100,Sell,233500296
2024-08-21 10:41:05,38550.0,600,Sell,233500295
2024-08-21 10:41:05,38550.0,100,Sell,233500294
2024-08-21 10:41:05,38550.0,100,Sell,233500293
2024-08-21 10:41:05,38550.0,100,Sell,233500292
2024-08-21 10:41:05,38550.0,100,Sell,233500289
2024-08-21 10:41:05,38550.0,100,Sell,233500290
2024-08-21 10:41:05,38550.0,100,Sell,233500288
2024-08-21 10:41:05,38550.0,500,Sell,233500287
2024-08-21 10:41:05,38550.0,500,Sell,233500286
2024-08-21 10:41:05,38550.0,2300,Sell,233500285
2024-08-21 10:41:05,38550.0,100,Sell,233500291
2024-08-21 10:41:34,38550.0,100,Sell,233500926
2024-08-21 10:41:41,38550.0,100,Sell,233501092
2024-08-21 10:41:41,38550.0,100,Sell,233501090
2024-08-21 10:41:41,38550.0,100,Sell,233501091
2024-08-21 10:41:43,38550.0,900,Sell,233501131
2024-08-21 10:41:43,38550.0,100,Sell,233501132
2024-08-21 10:41:43,38550.0,200,Sell,233501133
2024-08-21 10:41:43,38550.0,200,Sell,233501134
2024-08-21 10:41:43,38550.0,1200,Sell,233501135
2024-08-21 10:42:05,38550.0,100,Sell,233501600
2024-08-21 10:42:14,38550.0,400,Sell,233501806
2024-08-21 10:42:14,38550.0,100,Sell,233501805
2024-08-21 10:42:14,38550.0,100,Sell,233501804
2024-08-21 10:42:14,38550.0,400,Sell,233501803
2024-08-21 10:42:19,38550.0,200,Sell,233501961
2024-08-21 10:42:19,38550.0,200,Sell,233501960
2024-08-21 10:42:19,38550.0,500,Sell,233501959
2024-08-21 10:42:19,38550.0,1100,Sell,233501955
2024-08-21 10:42:19,38550.0,100,Sell,233501957
2024-08-21 10:42:19,38550.0,500,Sell,233501958
2024-08-21 10:42:19,38550.0,2000,Sell,233501956
2024-08-21 10:42:24,38550.0,400,Buy,233502086
2024-08-21 10:42:36,38550.0,600,Sell,233502362
2024-08-21 10:42:36,38550.0,500,Sell,233502363
2024-08-21 10:42:36,38550.0,500,Sell,233502364
2024-08-21 10:42:36,38550.0,100,Sell,233502365
2024-08-21 10:42:36,38550.0,2000,Sell,233502366
2024-08-21 10:42:42,38550.0,200,Buy,233502499
2024-08-21 10:42:45,38550.0,800,Buy,233502593
2024-08-21 10:42:52,38550.0,900,Buy,233502827
2024-08-21 10:42:58,38500.0,1300,Sell,233503017
2024-08-21 10:42:59,38550.0,100,Buy,233503039
2024-08-21 10:43:08,38550.0,300,Buy,233503291
2024-08-21 10:43:08,38550.0,200,Buy,233503292
2024-08-21 10:43:09,38500.0,200,Sell,233503311
2024-08-21 10:43:10,38550.0,500,Buy,233503312
2024-08-21 10:43:12,38550.0,100,Buy,233503375
2024-08-21 10:43:12,38550.0,100,Buy,233503358
2024-08-21 10:43:12,38550.0,500,Buy,233503362
2024-08-21 10:43:42,38550.0,100,Sell,233504031
2024-08-21 10:43:57,38550.0,500,Sell,233504308
2024-08-21 10:44:13,38550.0,100,Sell,233504627
2024-08-21 10:44:20,38600.0,500,Buy,233504786
2024-08-21 10:44:20,38600.0,500,Buy,233504787
2024-08-21 10:44:30,38600.0,100,Buy,233504972
2024-08-21 10:44:32,38600.0,200,Buy,233505001
2024-08-21 10:44:35,38600.0,500,Buy,233505066
2024-08-21 10:44:39,38600.0,300,Buy,233505133
2024-08-21 10:44:39,38600.0,1000,Buy,233505132
2024-08-21 10:44:39,38600.0,1700,Buy,233505128
2024-08-21 10:44:39,38600.0,100,Buy,233505130
2024-08-21 10:44:39,38600.0,300,Buy,233505129
2024-08-21 10:44:39,38600.0,1000,Buy,233505131
2024-08-21 10:44:40,38600.0,500,Buy,233505143
2024-08-21 10:44:40,38600.0,500,Buy,233505150
2024-08-21 10:44:44,38550.0,100,Sell,233505205
2024-08-21 10:44:49,38600.0,6300,Buy,233505278
2024-08-21 10:44:49,38600.0,700,Buy,233505276
2024-08-21 10:44:49,38600.0,3000,Buy,233505277
2024-08-21 10:44:52,38600.0,2000,Buy,233505311
2024-08-21 10:44:53,38600.0,200,Buy,233505348
2024-08-21 10:44:53,38600.0,800,Buy,233505349
2024-08-21 10:44:53,38600.0,500,Buy,233505336
2024-08-21 10:44:55,38600.0,1000,Buy,233505385
2024-08-21 10:45:01,38600.0,200,Buy,233505465
2024-08-21 10:45:01,38600.0,3300,Buy,233505466
2024-08-21 10:45:01,38600.0,1000,Buy,233505467
2024-08-21 10:45:01,38600.0,100,Buy,233505468
2024-08-21 10:45:15,38600.0,100,Sell,233505664
2024-08-21 10:45:46,38600.0,1800,Sell,233506183
2024-08-21 10:45:46,38600.0,3200,Sell,233506182
2024-08-21 10:45:46,38600.0,100,Sell,233506172
2024-08-21 10:46:01,38600.0,100,Sell,233506394
2024-08-21 10:46:01,38600.0,300,Sell,233506405
2024-08-21 10:46:18,38600.0,200,Sell,233506683
2024-08-21 10:46:27,38650.0,500,Buy,233506887
2024-08-21 10:46:27,38650.0,100,Buy,233506888
2024-08-21 10:46:38,38650.0,300,Buy,233507095
2024-08-21 10:46:50,38600.0,100,Sell,233507250
2024-08-21 10:47:21,38600.0,200,Sell,233507792
2024-08-21 10:47:31,38600.0,200,Sell,233507960
2024-08-21 10:47:51,38650.0,1600,Buy,233508365
2024-08-21 10:47:51,38650.0,3400,Buy,233508366
2024-08-21 10:47:53,38650.0,3000,Buy,233508414
2024-08-21 10:47:54,38600.0,200,Sell,233508420
2024-08-21 10:47:59,38650.0,2000,Buy,233508499
2024-08-21 10:47:59,38650.0,100,Buy,233508514
2024-08-21 10:48:09,38600.0,1500,Sell,233508694
2024-08-21 10:48:09,38600.0,1000,Sell,233508693
2024-08-21 10:48:09,38600.0,200,Sell,233508692
2024-08-21 10:48:09,38600.0,200,Sell,233508691
2024-08-21 10:48:09,38600.0,1000,Sell,233508690
2024-08-21 10:48:09,38600.0,100,Sell,233508687
2024-08-21 10:48:09,38600.0,2000,Sell,233508688
2024-08-21 10:48:09,38600.0,500,Sell,233508686
2024-08-21 10:48:09,38600.0,500,Sell,233508685
2024-08-21 10:48:09,38600.0,1900,Sell,233508684
2024-08-21 10:48:09,38600.0,700,Sell,233508689
2024-08-21 10:48:09,38600.0,400,Sell,233508695
2024-08-21 10:48:10,38650.0,1000,Buy,233508712
2024-08-21 10:48:18,38650.0,2500,Buy,233508797
2024-08-21 10:48:18,38650.0,2500,Buy,233508796
2024-08-21 10:48:26,38600.0,100,Sell,233508941
2024-08-21 10:48:55,38600.0,500,Sell,233509443
2024-08-21 10:48:55,38600.0,500,Sell,233509444
2024-08-21 10:48:58,38600.0,100,Sell,233509507
2024-08-21 10:48:58,38650.0,3000,Buy,233509508
2024-08-21 10:49:03,38650.0,100,Buy,233509575
2024-08-21 10:49:14,38650.0,200,Buy,233509849
2024-08-21 10:49:18,38650.0,200,Buy,233509894
2024-08-21 10:49:18,38650.0,1800,Buy,233509895
2024-08-21 10:49:28,38600.0,200,Sell,233510080
2024-08-21 10:49:44,38600.0,100,Sell,233510302
2024-08-21 10:50:01,38600.0,200,Sell,233510604
2024-08-21 10:50:21,38600.0,100,Sell,233510877
2024-08-21 10:50:21,38600.0,500,Sell,233510876
2024-08-21 10:50:21,38600.0,500,Sell,233510875
2024-08-21 10:50:21,38600.0,200,Sell,233510874
2024-08-21 10:50:21,38600.0,1000,Sell,233510872
2024-08-21 10:50:21,38600.0,2000,Sell,233510870
2024-08-21 10:50:21,38600.0,3900,Sell,233510869
2024-08-21 10:50:21,38600.0,100,Sell,233510873
2024-08-21 10:50:21,38600.0,1700,Sell,233510871
2024-08-21 10:50:27,38600.0,500,Sell,233510962
2024-08-21 10:50:34,38600.0,100,Sell,233511046
2024-08-21 10:51:05,38600.0,100,Sell,233511543
2024-08-21 10:51:05,38600.0,700,Sell,233511537
2024-08-21 10:51:05,38600.0,300,Sell,233511536
2024-08-21 10:51:36,38600.0,200,Sell,233512034
2024-08-21 10:51:56,38600.0,2100,Sell,233512357
2024-08-21 10:51:56,38600.0,500,Sell,233512358
2024-08-21 10:51:56,38600.0,100,Sell,233512359
2024-08-21 10:51:56,38600.0,100,Sell,233512360
2024-08-21 10:51:56,38600.0,200,Sell,233512361
2024-08-21 10:51:56,38600.0,500,Sell,233512356
2024-08-21 10:51:59,38600.0,1000,Sell,233512400
2024-08-21 10:52:08,38600.0,100,Sell,233512512
2024-08-21 10:52:39,38600.0,200,Sell,233512999
2024-08-21 10:52:42,38600.0,500,Sell,233513043
2024-08-21 10:53:11,38600.0,200,Sell,233513492
2024-08-21 10:53:43,38600.0,200,Sell,233514111
2024-08-21 10:54:16,38600.0,100,Sell,233514706
2024-08-21 10:54:23,38600.0,300,Sell,233514832
2024-08-21 10:54:23,38600.0,700,Sell,233514833
2024-08-21 10:54:47,38600.0,100,Sell,233515284
2024-08-21 10:55:18,38600.0,200,Sell,233515812
2024-08-21 10:55:23,38650.0,200,Buy,233515909
2024-08-21 10:55:23,38650.0,1500,Buy,233515908
2024-08-21 10:55:23,38650.0,300,Buy,233515910
2024-08-21 10:55:51,38600.0,100,Sell,233516412
2024-08-21 10:56:21,38600.0,200,Sell,233516925
2024-08-21 10:56:23,38650.0,200,Buy,233516933
2024-08-21 10:56:23,38650.0,400,Buy,233516934
2024-08-21 10:56:23,38650.0,500,Buy,233516935
2024-08-21 10:56:54,38600.0,100,Sell,233517381
2024-08-21 10:57:24,38600.0,100,Sell,233517884
2024-08-21 10:57:56,38600.0,100,Sell,233518323
2024-08-21 10:58:27,38600.0,200,Sell,233518752
2024-08-21 10:58:59,38600.0,100,Sell,233519290
2024-08-21 10:59:04,38600.0,700,Sell,233519376
2024-08-21 10:59:04,38600.0,100,Sell,233519377
2024-08-21 10:59:04,38600.0,100,Sell,233519378
2024-08-21 10:59:04,38600.0,500,Sell,233519379
2024-08-21 10:59:04,38600.0,200,Sell,233519380
2024-08-21 10:59:04,38600.0,400,Sell,233519375
2024-08-21 10:59:18,38600.0,300,Sell,233519595
2024-08-21 10:59:18,38600.0,1900,Sell,233519596
2024-08-21 10:59:29,38600.0,1000,Sell,233519741
2024-08-21 10:59:31,38600.0,100,Sell,233519786
2024-08-21 10:59:51,38600.0,2300,Sell,233520148
2024-08-21 10:59:51,38600.0,100,Sell,233520147
2024-08-21 10:59:51,38600.0,100,Sell,233520146
2024-08-21 10:59:51,38600.0,3900,Sell,233520141
2024-08-21 10:59:51,38600.0,200,Sell,233520144
2024-08-21 10:59:51,38600.0,1000,Sell,233520143
2024-08-21 10:59:51,38600.0,1000,Sell,233520142
2024-08-21 10:59:51,38600.0,1400,Sell,233520145
2024-08-21 11:00:02,38600.0,100,Sell,233520391
2024-08-21 11:00:33,38600.0,100,Sell,233520946
2024-08-21 11:00:41,38600.0,7500,Sell,233521089
2024-08-21 11:00:41,38600.0,100,Sell,233521090
2024-08-21 11:00:41,38600.0,500,Sell,233521091
2024-08-21 11:00:41,38600.0,200,Sell,233521092
2024-08-21 11:00:41,38600.0,500,Sell,233521093
2024-08-21 11:00:41,38600.0,500,Sell,233521094
2024-08-21 11:00:41,38600.0,2000,Sell,233521095
2024-08-21 11:00:41,38600.0,700,Sell,233521096
2024-08-21 11:01:04,38600.0,100,Sell,233521505
2024-08-21 11:01:15,38600.0,200,Sell,233521685
2024-08-21 11:01:35,38600.0,200,Sell,233522129
2024-08-21 11:01:35,38600.0,100,Sell,233522128
2024-08-21 11:01:39,38600.0,600,Sell,233522215
2024-08-21 11:02:07,38600.0,100,Sell,233522683
2024-08-21 11:02:18,38600.0,1200,Sell,233522876
2024-08-21 11:02:37,38650.0,800,Buy,233523239
2024-08-21 11:02:37,38650.0,2400,Buy,233523240
2024-08-21 11:02:37,38650.0,1800,Buy,233523241
2024-08-21 11:02:38,38600.0,200,Sell,233523253
2024-08-21 11:02:54,38650.0,100,Buy,233523519
2024-08-21 11:03:10,38600.0,200,Sell,233523775
2024-08-21 11:03:39,38600.0,400,Sell,233524460
2024-08-21 11:03:39,38600.0,900,Sell,233524461
2024-08-21 11:03:39,38600.0,100,Sell,233524462
2024-08-21 11:03:39,38600.0,100,Sell,233524463
2024-08-21 11:03:43,38600.0,100,Sell,233524514
2024-08-21 11:04:10,38600.0,500,Sell,233525282
2024-08-21 11:04:14,38600.0,100,Sell,233525321
2024-08-21 11:04:20,38600.0,4300,Sell,233525441
2024-08-21 11:04:20,38600.0,700,Sell,233525442
2024-08-21 11:04:28,38600.0,1800,Sell,233525557
2024-08-21 11:04:29,38600.0,1000,Sell,233525568
2024-08-21 11:04:29,38600.0,1500,Sell,233525567
2024-08-21 11:04:29,38600.0,1000,Sell,233525566
2024-08-21 11:04:29,38600.0,1000,Sell,233525565
2024-08-21 11:04:29,38600.0,500,Sell,233525562
2024-08-21 11:04:29,38600.0,1000,Sell,233525563
2024-08-21 11:04:29,38600.0,600,Sell,233525560
2024-08-21 11:04:29,38600.0,300,Sell,233525564
2024-08-21 11:04:29,38600.0,100,Sell,233525561
2024-08-21 11:04:44,38550.0,100,Sell,233525845
2024-08-21 11:04:58,38600.0,300,Buy,233526024
2024-08-21 11:04:59,38600.0,900,Buy,233526060
2024-08-21 11:04:59,38600.0,400,Buy,233526061
2024-08-21 11:05:15,38550.0,100,Sell,233526332
2024-08-21 11:05:16,38600.0,700,Buy,233526345
2024-08-21 11:05:16,38600.0,300,Buy,233526346
2024-08-21 11:05:23,38600.0,100,Buy,233526437
2024-08-21 11:05:44,38600.0,300,Buy,233527001
2024-08-21 11:05:46,38550.0,100,Sell,233527036
2024-08-21 11:06:18,38550.0,100,Sell,233527636
2024-08-21 11:06:21,38600.0,500,Buy,233527664
2024-08-21 11:06:30,38600.0,5000,Buy,233527797
2024-08-21 11:06:30,38600.0,900,Buy,233527795
2024-08-21 11:06:30,38600.0,400,Buy,233527796
2024-08-21 11:06:33,38600.0,2000,Sell,233527840
2024-08-21 11:06:48,38600.0,1000,Sell,233528119
2024-08-21 11:06:49,38600.0,200,Sell,233528132
2024-08-21 11:06:52,38600.0,1000,Sell,233528186
2024-08-21 11:07:08,38600.0,400,Sell,233528420
2024-08-21 11:07:10,38600.0,1000,Sell,233528519
2024-08-21 11:07:21,38600.0,1300,Sell,233528679
2024-08-21 11:07:21,38600.0,100,Sell,233528694
2024-08-21 11:07:28,38650.0,200,Buy,233528806
2024-08-21 11:07:28,38650.0,100,Buy,233528804
2024-08-21 11:07:28,38650.0,200,Buy,233528805
2024-08-21 11:07:52,38600.0,200,Sell,233529165
2024-08-21 11:08:25,38600.0,200,Sell,233529682
2024-08-21 11:08:35,38600.0,1000,Sell,233529908
2024-08-21 11:08:51,38600.0,1000,Sell,233530190
2024-08-21 11:08:56,38600.0,100,Sell,233530272
2024-08-21 11:08:56,38600.0,1000,Sell,233530276
2024-08-21 11:09:28,38600.0,200,Sell,233530960
2024-08-21 11:09:51,38600.0,3000,Sell,233531450
2024-08-21 11:09:59,38600.0,3000,Sell,233531593
2024-08-21 11:10:00,38600.0,200,Sell,233531613
2024-08-21 11:10:00,38600.0,1000,Sell,233531594
2024-08-21 11:10:00,38600.0,900,Sell,233531595
2024-08-21 11:10:00,38600.0,100,Sell,233531596
2024-08-21 11:10:01,38600.0,200,Sell,233531623
2024-08-21 11:10:07,38600.0,400,Sell,233531762
2024-08-21 11:10:16,38600.0,400,Sell,233531926
2024-08-21 11:10:16,38600.0,600,Sell,233531927
2024-08-21 11:10:18,38600.0,600,Sell,233531969
2024-08-21 11:10:22,38600.0,400,Sell,233532035
2024-08-21 11:10:29,38600.0,1000,Sell,233532158
2024-08-21 11:10:31,38600.0,100,Sell,233532204
2024-08-21 11:10:31,38600.0,400,Sell,233532203
2024-08-21 11:10:32,38600.0,100,Sell,233532213
2024-08-21 11:10:39,38600.0,1800,Sell,233532329
2024-08-21 11:10:39,38600.0,200,Sell,233532330
2024-08-21 11:10:41,38600.0,1600,Sell,233532380
2024-08-21 11:10:41,38600.0,100,Sell,233532381
2024-08-21 11:10:41,38600.0,100,Sell,233532382
2024-08-21 11:10:41,38600.0,700,Sell,233532383
2024-08-21 11:10:42,38600.0,200,Sell,233532396
2024-08-21 11:10:57,38600.0,900,Sell,233532817
2024-08-21 11:11:03,38600.0,200,Sell,233532873
2024-08-21 11:11:03,38600.0,200,Sell,233532883
2024-08-21 11:11:04,38600.0,800,Sell,233532903
2024-08-21 11:11:22,38600.0,500,Buy,233533191
2024-08-21 11:11:34,38550.0,1500,Sell,233533450
2024-08-21 11:11:35,38550.0,100,Sell,233533478
2024-08-21 11:11:46,38600.0,1000,Buy,233533661
2024-08-21 11:11:47,38550.0,12000,Sell,233533679
2024-08-21 11:11:49,38600.0,200,Buy,233533694
2024-08-21 11:11:51,38600.0,100,Buy,233533719
2024-08-21 11:12:06,38550.0,200,Sell,233534022
2024-08-21 11:12:06,38600.0,100,Buy,233534028
2024-08-21 11:12:20,38600.0,300,Buy,233534334
2024-08-21 11:12:20,38600.0,500,Buy,233534335
2024-08-21 11:12:20,38600.0,1200,Buy,233534336
2024-08-21 11:12:35,38600.0,500,Buy,233534629
2024-08-21 11:12:37,38600.0,300,Buy,233534644
2024-08-21 11:12:38,38600.0,200,Sell,233534669
2024-08-21 11:13:11,38600.0,100,Sell,233535422
2024-08-21 11:13:42,38600.0,200,Sell,233535879
2024-08-21 11:13:45,38600.0,100,Sell,233535915
2024-08-21 11:13:45,38600.0,200,Sell,233535914
2024-08-21 11:13:55,38600.0,600,Sell,233536086
2024-08-21 11:13:55,38600.0,900,Sell,233536084
2024-08-21 11:13:55,38600.0,500,Sell,233536085
2024-08-21 11:14:10,38600.0,100,Sell,233536319
2024-08-21 11:14:10,38600.0,100,Sell,233536320
2024-08-21 11:14:15,38600.0,200,Sell,233536394
2024-08-21 11:14:18,38600.0,500,Sell,233536473
2024-08-21 11:14:18,38600.0,1000,Sell,233536474
2024-08-21 11:14:18,38600.0,3300,Sell,233536475
2024-08-21 11:14:18,38600.0,200,Sell,233536476
2024-08-21 11:14:46,38600.0,800,Sell,233536859
2024-08-21 11:14:46,38600.0,200,Sell,233536860
2024-08-21 11:14:47,38600.0,200,Sell,233536886
2024-08-21 11:14:48,38600.0,200,Sell,233536893
2024-08-21 11:14:48,38600.0,4700,Sell,233536894
2024-08-21 11:14:48,38600.0,100,Sell,233536892
2024-08-21 11:15:02,38600.0,200,Sell,233537073
2024-08-21 11:15:17,38600.0,100,Sell,233537275
2024-08-21 11:15:17,38600.0,500,Sell,233537276
2024-08-21 11:15:17,38600.0,200,Sell,233537277
2024-08-21 11:15:19,38600.0,200,Sell,233537365
2024-08-21 11:15:49,38600.0,200,Sell,233537881
2024-08-21 11:15:49,38600.0,1500,Sell,233537882
2024-08-21 11:15:51,38600.0,200,Sell,233537902
2024-08-21 11:16:24,38600.0,100,Sell,233538386
2024-08-21 11:16:55,38600.0,100,Sell,233538902
2024-08-21 11:17:27,38600.0,100,Sell,233539605
2024-08-21 11:17:44,38600.0,1000,Sell,233539881
2024-08-21 11:17:54,38650.0,3000,Buy,233540082
2024-08-21 11:17:54,38650.0,1700,Buy,233540083
2024-08-21 11:17:54,38650.0,300,Buy,233540081
2024-08-21 11:17:57,38600.0,200,Sell,233540184
2024-08-21 11:18:26,38650.0,1000,Buy,233540721
2024-08-21 11:18:30,38600.0,200,Sell,233540842
2024-08-21 11:18:40,38650.0,700,Buy,233541061
2024-08-21 11:18:44,38650.0,3400,Buy,233541146
2024-08-21 11:18:44,38650.0,1600,Buy,233541145
2024-08-21 11:19:01,38650.0,200,Buy,233541540
2024-08-21 11:19:02,38600.0,100,Sell,233541546
2024-08-21 11:19:08,38650.0,1400,Buy,233541672
2024-08-21 11:19:08,38650.0,3600,Buy,233541673
2024-08-21 11:19:09,38650.0,800,Buy,233541705
2024-08-21 11:19:09,38650.0,100,Buy,233541707
2024-08-21 11:19:09,38650.0,200,Buy,233541706
2024-08-21 11:19:09,38650.0,500,Buy,233541704
2024-08-21 11:19:09,38650.0,1000,Buy,233541702
2024-08-21 11:19:09,38650.0,1400,Buy,233541699
2024-08-21 11:19:09,38650.0,500,Buy,233541703
2024-08-21 11:19:09,38650.0,500,Buy,233541701
2024-08-21 11:19:09,38650.0,5000,Buy,233541700
2024-08-21 11:19:32,38650.0,100,Sell,233542148
2024-08-21 11:20:03,38650.0,100,Sell,233542697
2024-08-21 11:20:33,38650.0,200,Sell,233543227
2024-08-21 11:20:46,38650.0,200,Sell,233543405
2024-08-21 11:21:05,38650.0,100,Sell,233543727
2024-08-21 11:21:06,38700.0,4800,Buy,233543732
2024-08-21 11:21:09,38700.0,200,Buy,233543758
2024-08-21 11:21:15,38700.0,100,Buy,233543838
2024-08-21 11:21:16,38700.0,2900,Buy,233543859
2024-08-21 11:21:16,38700.0,1000,Buy,233543860
2024-08-21 11:21:16,38700.0,500,Buy,233543861
2024-08-21 11:21:16,38700.0,500,Buy,233543862
2024-08-21 11:21:16,38700.0,100,Buy,233543863
2024-08-21 11:21:16,38700.0,200,Buy,233543864
2024-08-21 11:21:16,38700.0,100,Buy,233543865
2024-08-21 11:21:16,38700.0,100,Buy,233543866
2024-08-21 11:21:32,38750.0,100,Buy,233544137
2024-08-21 11:21:35,38700.0,200,Sell,233544186
2024-08-21 11:22:08,38700.0,200,Sell,233544654
2024-08-21 11:22:24,38750.0,500,Buy,233544877
2024-08-21 11:22:25,38750.0,600,Buy,233544889
2024-08-21 11:22:25,38750.0,100,Buy,233544890
2024-08-21 11:22:25,38750.0,1000,Buy,233544891
2024-08-21 11:22:25,38750.0,300,Buy,233544892
2024-08-21 11:22:33,38800.0,200,Buy,233544988
2024-08-21 11:22:33,38800.0,100,Buy,233544989
2024-08-21 11:22:33,38800.0,200,Buy,233544990
2024-08-21 11:22:40,38750.0,100,Sell,233545083
2024-08-21 11:22:40,38750.0,100,Sell,233545082
2024-08-21 11:22:41,38800.0,100,Buy,233545091
2024-08-21 11:22:54,38800.0,1700,Buy,233545251
2024-08-21 11:22:54,38800.0,2000,Buy,233545252
2024-08-21 11:22:54,38800.0,700,Buy,233545253
2024-08-21 11:22:54,38800.0,2000,Buy,233545254
2024-08-21 11:22:59,38850.0,2000,Buy,233545304
2024-08-21 11:22:59,38850.0,400,Buy,233545305
2024-08-21 11:23:03,38850.0,100,Buy,233545362
2024-08-21 11:23:03,38850.0,300,Buy,233545363
2024-08-21 11:23:03,38850.0,100,Buy,233545364
2024-08-21 11:23:10,38850.0,900,Buy,233545435
2024-08-21 11:23:12,38800.0,100,Sell,233545454
2024-08-21 11:23:15,38850.0,2000,Buy,233545472
2024-08-21 11:23:15,38850.0,400,Buy,233545473
2024-08-21 11:23:15,38850.0,100,Buy,233545474
2024-08-21 11:23:15,38850.0,100,Buy,233545479
2024-08-21 11:23:24,38900.0,1000,Buy,233545567
2024-08-21 11:23:31,38900.0,100,Buy,233545655
2024-08-21 11:23:44,38850.0,100,Sell,233545796
2024-08-21 11:23:45,38900.0,300,Buy,233545805
2024-08-21 11:23:45,38900.0,1300,Buy,233545806
2024-08-21 11:23:45,38900.0,900,Buy,233545803
2024-08-21 11:23:45,38900.0,1000,Buy,233545804
2024-08-21 11:24:02,38900.0,200,Buy,233546015
2024-08-21 11:24:04,38900.0,400,Buy,233546033
2024-08-21 11:24:14,38900.0,200,Buy,233546131
2024-08-21 11:24:15,38850.0,200,Sell,233546139
2024-08-21 11:24:27,38850.0,400,Sell,233546386
2024-08-21 11:24:27,38850.0,400,Sell,233546387
2024-08-21 11:24:27,38850.0,1200,Sell,233546388
2024-08-21 11:24:48,38850.0,100,Sell,233546631
2024-08-21 11:25:07,38900.0,100,Buy,233546881
2024-08-21 11:25:07,38900.0,900,Buy,233546879
2024-08-21 11:25:07,38900.0,200,Buy,233546880
2024-08-21 11:25:15,38900.0,100,Buy,233546979
2024-08-21 11:25:19,38850.0,100,Sell,233547036
2024-08-21 11:25:30,38900.0,800,Buy,233547170
2024-08-21 11:25:30,38900.0,100,Buy,233547171
2024-08-21 11:25:30,38900.0,700,Buy,233547172
2024-08-21 11:25:30,38900.0,400,Buy,233547173
2024-08-21 11:25:31,38900.0,100,Buy,233547187
2024-08-21 11:25:31,38900.0,900,Buy,233547188
2024-08-21 11:25:38,38850.0,1000,Sell,233547286
2024-08-21 11:25:46,38900.0,4200,Buy,233547399
2024-08-21 11:25:46,38900.0,500,Buy,233547398
2024-08-21 11:25:46,38900.0,200,Buy,233547397
2024-08-21 11:25:46,38900.0,100,Buy,233547396
2024-08-21 11:25:49,38850.0,100,Sell,233547429
2024-08-21 11:25:57,38850.0,1000,Buy,233547555
2024-08-21 11:26:07,38900.0,200,Buy,233547669
2024-08-21 11:26:10,38900.0,500,Buy,233547740
2024-08-21 11:26:20,38850.0,100,Sell,233547871
2024-08-21 11:26:28,38950.0,1000,Buy,233547946
2024-08-21 11:26:28,38950.0,300,Buy,233547945
2024-08-21 11:26:28,38950.0,5000,Buy,233547944
2024-08-21 11:26:28,38950.0,5000,Buy,233547943
2024-08-21 11:26:28,38900.0,1400,Buy,233547939
2024-08-21 11:26:28,38950.0,2000,Buy,233547941
2024-08-21 11:26:28,38950.0,100,Buy,233547940
2024-08-21 11:26:28,38900.0,100,Buy,233547936
2024-08-21 11:26:28,38900.0,100,Buy,233547934
2024-08-21 11:26:28,38950.0,5000,Buy,233547942
2024-08-21 11:26:41,39000.0,20900,Buy,233548064
2024-08-21 11:26:41,39000.0,100,Buy,233548062
2024-08-21 11:26:41,39000.0,100,Buy,233548063
2024-08-21 11:26:41,39000.0,2000,Buy,233548060
2024-08-21 11:26:41,39000.0,100,Buy,233548059
2024-08-21 11:26:41,39000.0,200,Buy,233548061
2024-08-21 11:26:45,39000.0,9100,Buy,233548137
2024-08-21 11:26:45,39000.0,900,Buy,233548138
2024-08-21 11:26:46,39000.0,6700,Buy,233548167
2024-08-21 11:26:46,39000.0,600,Buy,233548166
2024-08-21 11:26:46,39000.0,1000,Buy,233548162
2024-08-21 11:26:46,39000.0,600,Buy,233548161
2024-08-21 11:26:46,39000.0,600,Buy,233548163
2024-08-21 11:26:46,39000.0,500,Buy,233548159
2024-08-21 11:26:46,39000.0,100,Buy,233548156
2024-08-21 11:26:46,39000.0,500,Buy,233548160
2024-08-21 11:26:46,39000.0,1000,Buy,233548158
2024-08-21 11:26:46,39000.0,100,Buy,233548157
2024-08-21 11:26:47,39000.0,1100,Buy,233548187
2024-08-21 11:26:47,39000.0,200,Buy,233548186
2024-08-21 11:26:47,39000.0,500,Buy,233548185
2024-08-21 11:26:47,39000.0,400,Buy,233548183
2024-08-21 11:26:47,39000.0,2200,Buy,233548182
2024-08-21 11:26:47,39000.0,100,Buy,233548184
2024-08-21 11:26:47,39000.0,900,Buy,233548180
2024-08-21 11:26:47,39000.0,100,Buy,233548179
2024-08-21 11:26:47,39000.0,500,Buy,233548178
2024-08-21 11:26:47,39000.0,500,Buy,233548177
2024-08-21 11:26:47,39000.0,300,Buy,233548176
2024-08-21 11:26:47,39000.0,100,Buy,233548181
2024-08-21 11:26:48,39000.0,300,Buy,233548190
2024-08-21 11:26:48,39000.0,100,Buy,233548191
2024-08-21 11:26:48,39000.0,2900,Buy,233548192
2024-08-21 11:26:49,39000.0,200,Buy,233548202
2024-08-21 11:26:51,38950.0,200,Sell,233548221
2024-08-21 11:26:52,39000.0,600,Buy,233548246
2024-08-21 11:26:52,39000.0,3900,Buy,233548244
2024-08-21 11:26:52,39000.0,100,Buy,233548245
2024-08-21 11:26:53,39000.0,100,Buy,233548250
2024-08-21 11:26:53,39000.0,300,Buy,233548251
2024-08-21 11:26:53,39000.0,1000,Buy,233548252
2024-08-21 11:26:58,39050.0,2000,Buy,233548333
2024-08-21 11:27:00,39050.0,100,Buy,233548354
2024-08-21 11:27:00,39100.0,2000,Buy,233548355
2024-08-21 11:27:00,39100.0,500,Buy,233548356
2024-08-21 11:27:09,39150.0,300,Buy,233548481
2024-08-21 11:27:09,39150.0,400,Buy,233548483
2024-08-21 11:27:09,39200.0,100,Buy,233548484
2024-08-21 11:27:15,39150.0,200,Buy,233548543
2024-08-21 11:27:16,39150.0,100,Buy,233548552
2024-08-21 11:27:17,39200.0,400,Buy,233548580
2024-08-21 11:27:17,39200.0,500,Buy,233548581
2024-08-21 11:27:17,39200.0,300,Buy,233548579
2024-08-21 11:27:17,39200.0,2500,Buy,233548583
2024-08-21 11:27:17,39200.0,2000,Buy,233548577
2024-08-21 11:27:17,39200.0,200,Buy,233548578
2024-08-21 11:27:17,39200.0,300,Buy,233548568
2024-08-21 11:27:17,39200.0,100,Buy,233548582
2024-08-21 11:27:17,39200.0,600,Buy,233548575
2024-08-21 11:27:17,39200.0,3000,Buy,233548576
2024-08-21 11:27:23,39200.0,2100,Buy,233548668
2024-08-21 11:27:23,39200.0,900,Buy,233548669
2024-08-21 11:27:23,39100.0,200,Sell,233548675
2024-08-21 11:27:23,39200.0,1900,Buy,233548667
2024-08-21 11:27:24,39200.0,100,Buy,233548683
2024-08-21 11:27:26,39200.0,3000,Buy,233548718
2024-08-21 11:27:28,39200.0,1000,Buy,233548748
2024-08-21 11:27:28,39200.0,500,Buy,233548749
2024-08-21 11:27:29,39200.0,500,Sell,233548760
2024-08-21 11:27:36,39250.0,100,Buy,233548850
2024-08-21 11:27:36,39250.0,1000,Buy,233548851
2024-08-21 11:27:36,39250.0,3000,Buy,233548852
2024-08-21 11:27:36,39250.0,300,Buy,233548849
2024-08-21 11:27:37,39300.0,2000,Buy,233548867
2024-08-21 11:27:37,39300.0,1000,Buy,233548868
2024-08-21 11:27:37,39300.0,1500,Buy,233548869
2024-08-21 11:27:37,39300.0,200,Buy,233548870
2024-08-21 11:27:37,39300.0,1100,Buy,233548871
2024-08-21 11:27:38,39250.0,100,Sell,233548885
2024-08-21 11:27:39,39250.0,500,Sell,233548901
2024-08-21 11:27:43,39300.0,8900,Buy,233548934
2024-08-21 11:27:43,39300.0,100,Buy,233548935
2024-08-21 11:27:43,39300.0,500,Buy,233548936
2024-08-21 11:27:43,39300.0,500,Buy,233548937
2024-08-21 11:27:46,39350.0,1200,Buy,233549004
2024-08-21 11:27:46,39350.0,100,Buy,233549005
2024-08-21 11:27:46,39350.0,700,Buy,233549006
2024-08-21 11:27:47,39350.0,2000,Buy,233549017
2024-08-21 11:27:47,39300.0,100,Sell,233549020
2024-08-21 11:27:49,39350.0,100,Buy,233549037
2024-08-21 11:27:49,39350.0,1000,Buy,233549044
2024-08-21 11:27:51,39350.0,100,Buy,233549073
2024-08-21 11:27:51,39350.0,500,Buy,233549072
2024-08-21 11:27:51,39350.0,200,Buy,233549069
2024-08-21 11:27:51,39350.0,300,Buy,233549070
2024-08-21 11:27:51,39350.0,400,Buy,233549071
2024-08-21 11:27:53,39350.0,900,Buy,233549096
2024-08-21 11:27:53,39350.0,300,Buy,233549097
2024-08-21 11:27:54,39400.0,1100,Buy,233549106
2024-08-21 11:27:56,39350.0,200,Sell,233549122
2024-08-21 11:28:01,39400.0,100,Buy,233549191
2024-08-21 11:28:02,39400.0,100,Buy,233549219
2024-08-21 11:28:02,39400.0,300,Buy,233549217
2024-08-21 11:28:02,39350.0,500,Sell,233549214
2024-08-21 11:28:02,39400.0,100,Buy,233549218
2024-08-21 11:28:03,39400.0,300,Buy,233549226
2024-08-21 11:28:03,39400.0,300,Buy,233549225
2024-08-21 11:28:03,39400.0,2400,Buy,233549227
2024-08-21 11:28:07,39400.0,500,Buy,233549269
2024-08-21 11:28:07,39400.0,500,Buy,233549270
2024-08-21 11:28:07,39400.0,3000,Buy,233549273
2024-08-21 11:28:07,39400.0,1500,Buy,233549277
2024-08-21 11:28:07,39400.0,200,Buy,233549278
2024-08-21 11:28:07,39400.0,300,Buy,233549279
2024-08-21 11:28:07,39400.0,100,Buy,233549280
2024-08-21 11:28:11,39450.0,300,Buy,233549335
2024-08-21 11:28:11,39400.0,100,Sell,233549331
2024-08-21 11:28:11,39400.0,100,Sell,233549329
2024-08-21 11:28:11,39400.0,7000,Sell,233549330
2024-08-21 11:28:11,39400.0,2900,Sell,233549328
2024-08-21 11:28:12,39400.0,2900,Sell,233549342
2024-08-21 11:28:12,39400.0,100,Sell,233549343
2024-08-21 11:28:16,39450.0,2200,Buy,233549413
2024-08-21 11:28:16,39400.0,2000,Sell,233549400
2024-08-21 11:28:16,39450.0,1000,Buy,233549407
2024-08-21 11:28:18,39450.0,3000,Buy,233549424
2024-08-21 11:28:20,39400.0,900,Sell,233549456
2024-08-21 11:28:20,39400.0,100,Sell,233549460
2024-08-21 11:28:20,39400.0,100,Sell,233549455
2024-08-21 11:28:20,39400.0,300,Sell,233549459
2024-08-21 11:28:23,39350.0,100,Sell,233549505
2024-08-21 11:28:23,39400.0,100,Buy,233549506
2024-08-21 11:28:28,39400.0,300,Sell,233549570
2024-08-21 11:28:30,39450.0,100,Buy,233549604
2024-08-21 11:28:34,39400.0,100,Sell,233549646
2024-08-21 11:28:34,39450.0,100,Buy,233549680
2024-08-21 11:28:35,39450.0,3000,Buy,233549700
2024-08-21 11:28:38,39450.0,500,Buy,233549750
2024-08-21 11:28:38,39450.0,5000,Buy,233549751
2024-08-21 11:28:38,39450.0,19100,Buy,233549752
2024-08-21 11:28:38,39450.0,300,Buy,233549748
2024-08-21 11:28:38,39450.0,100,Buy,233549749
2024-08-21 11:28:40,39450.0,500,Buy,233549777
2024-08-21 11:28:41,39450.0,14200,Buy,233549802
2024-08-21 11:28:41,39450.0,2600,Buy,233549803
2024-08-21 11:28:42,39400.0,1000,Sell,233549815
2024-08-21 11:28:43,39400.0,1000,Sell,233549840
2024-08-21 11:28:43,39450.0,500,Buy,233549834
2024-08-21 11:28:46,39400.0,5000,Sell,233549859
2024-08-21 11:28:46,39450.0,500,Buy,233549863
2024-08-21 11:28:49,39400.0,100,Buy,233549935
2024-08-21 11:28:49,39450.0,16700,Buy,233549936
2024-08-21 11:28:49,39450.0,500,Buy,233549937
2024-08-21 11:28:49,39450.0,2700,Buy,233549938
2024-08-21 11:28:50,39450.0,200,Buy,233549948
2024-08-21 11:28:50,39450.0,100,Buy,233549947
2024-08-21 11:28:50,39450.0,1900,Buy,233549949
2024-08-21 11:28:50,39450.0,2000,Buy,233549945
2024-08-21 11:28:50,39450.0,300,Buy,233549944
2024-08-21 11:28:50,39450.0,500,Buy,233549946
2024-08-21 11:28:53,39450.0,100,Buy,233549978
2024-08-21 11:28:59,39450.0,500,Buy,233550035
2024-08-21 11:29:05,39450.0,300,Buy,233550160
2024-08-21 11:29:07,39450.0,200,Buy,233550187
2024-08-21 11:29:07,39450.0,1000,Buy,233550188
2024-08-21 11:29:07,39450.0,1000,Buy,233550189
2024-08-21 11:29:07,39450.0,300,Buy,233550190
2024-08-21 11:29:07,39450.0,1000,Buy,233550191
2024-08-21 11:29:08,39450.0,100,Sell,233550197
2024-08-21 11:29:09,39450.0,100,Sell,233550214
2024-08-21 11:29:09,39450.0,2000,Sell,233550212
2024-08-21 11:29:09,39450.0,100,Sell,233550213
2024-08-21 11:29:10,39450.0,500,Sell,233550222
2024-08-21 11:29:10,39450.0,2500,Sell,233550223
2024-08-21 11:29:11,39500.0,500,Buy,233550253
2024-08-21 11:29:11,39500.0,500,Buy,233550254
2024-08-21 11:29:11,39500.0,100,Buy,233550255
2024-08-21 11:29:11,39500.0,2300,Buy,233550256
2024-08-21 11:29:11,39500.0,1700,Buy,233550257
2024-08-21 11:29:11,39500.0,100,Buy,233550258
2024-08-21 11:29:11,39500.0,100,Buy,233550259
2024-08-21 11:29:11,39500.0,1000,Buy,233550261
2024-08-21 11:29:11,39500.0,200,Buy,233550262
2024-08-21 11:29:11,39500.0,500,Buy,233550263
2024-08-21 11:29:11,39500.0,5000,Buy,233550264
2024-08-21 11:29:11,39500.0,500,Buy,233550265
2024-08-21 11:29:11,39500.0,300,Buy,233550266
2024-08-21 11:29:11,39500.0,100,Buy,233550267
2024-08-21 11:29:11,39450.0,7500,Sell,233550272
2024-08-21 11:29:11,39500.0,500,Buy,233550260
2024-08-21 11:29:11,39500.0,1600,Buy,233550252
