time,price,volume,match_type,id
2024-08-13 09:14:38,47000.0,8400,ATO/ATC,231071127
2024-08-13 09:14:40,47150.0,100,Buy,231071301
2024-08-13 09:15:40,47000.0,200,Sell,231072530
2024-08-13 09:16:14,46900.0,200,Sell,231073247
2024-08-13 09:16:25,46800.0,6000,Sell,231073459
2024-08-13 09:16:25,46800.0,1000,Sell,231073458
2024-08-13 09:16:46,46800.0,1000,Sell,231073951
2024-08-13 09:16:50,46800.0,100,Sell,231074072
2024-08-13 09:16:50,46800.0,100,Sell,231074071
2024-08-13 09:16:50,46800.0,500,Sell,231074068
2024-08-13 09:16:50,46800.0,100,Sell,231074069
2024-08-13 09:16:50,46800.0,200,Sell,231074070
2024-08-13 09:16:57,46800.0,200,Buy,231074261
2024-08-13 09:17:28,46800.0,200,Buy,231075066
2024-08-13 09:17:47,46750.0,100,Sell,231075466
2024-08-13 09:17:47,46750.0,100,Sell,231075467
2024-08-13 09:18:24,46750.0,200,Sell,231076370
2024-08-13 09:18:24,46750.0,500,Sell,231076371
2024-08-13 09:18:24,46750.0,400,Sell,231076372
2024-08-13 09:20:02,46750.0,100,Sell,231078554
2024-08-13 09:20:56,46750.0,900,Buy,231079807
2024-08-13 09:20:56,46750.0,1500,Buy,231079808
2024-08-13 09:20:56,46750.0,400,Buy,231079809
2024-08-13 09:21:40,46750.0,1000,Sell,231080768
2024-08-13 09:21:54,46750.0,200,Sell,231081123
2024-08-13 09:21:54,46750.0,500,Sell,231081125
2024-08-13 09:21:54,46750.0,100,Sell,231081124
2024-08-13 09:21:54,46750.0,600,Sell,231081121
2024-08-13 09:21:54,46750.0,200,Sell,231081122
2024-08-13 09:21:59,46750.0,400,Buy,231081240
2024-08-13 09:22:05,46750.0,3000,Buy,231081375
2024-08-13 09:23:18,46750.0,1000,Sell,231083160
2024-08-13 09:23:47,46800.0,500,Buy,231084008
2024-08-13 09:24:00,46750.0,2000,Sell,231084444
2024-08-13 09:24:00,46750.0,200,Sell,231084445
2024-08-13 09:24:10,46800.0,900,Buy,231084712
2024-08-13 09:24:26,46800.0,800,Buy,231085138
2024-08-13 09:24:26,46800.0,200,Buy,231085137
2024-08-13 09:24:31,46800.0,400,Buy,231085267
2024-08-13 09:24:31,46800.0,500,Buy,231085268
2024-08-13 09:24:31,46800.0,2000,Buy,231085269
2024-08-13 09:24:31,46800.0,500,Buy,231085270
2024-08-13 09:24:31,46800.0,100,Buy,231085271
2024-08-13 09:24:38,46800.0,600,Buy,231085410
2024-08-13 09:24:48,46750.0,200,Sell,231085816
2024-08-13 09:24:56,46750.0,1000,Sell,231086018
2024-08-13 09:26:14,46800.0,2700,Buy,231088022
2024-08-13 09:26:25,46800.0,400,Buy,231088345
2024-08-13 09:26:25,46800.0,400,Buy,231088346
2024-08-13 09:26:25,46800.0,2600,Buy,231088349
2024-08-13 09:26:25,46800.0,1000,Buy,231088350
2024-08-13 09:26:25,46800.0,400,Buy,231088351
2024-08-13 09:26:25,46800.0,400,Buy,231088352
2024-08-13 09:26:25,46800.0,200,Buy,231088344
2024-08-13 09:26:34,46800.0,400,Sell,231088571
2024-08-13 09:26:34,46800.0,600,Sell,231088570
2024-08-13 09:27:35,46850.0,500,Buy,231090270
2024-08-13 09:27:35,46850.0,1200,Buy,231090271
2024-08-13 09:27:35,46850.0,100,Buy,231090272
2024-08-13 09:27:35,46850.0,400,Buy,231090273
2024-08-13 09:27:35,46850.0,1000,Buy,231090269
2024-08-13 09:28:13,46850.0,1100,Sell,231091211
2024-08-13 09:28:40,47000.0,500,Buy,231091894
2024-08-13 09:29:39,46950.0,500,Buy,231093400
2024-08-13 09:29:55,46950.0,100,Buy,231093867
2024-08-13 09:30:25,46850.0,1000,Sell,231094882
2024-08-13 09:30:25,46800.0,200,Sell,231094897
2024-08-13 09:30:25,46800.0,100,Sell,231094896
2024-08-13 09:30:25,46800.0,1000,Sell,231094895
2024-08-13 09:30:25,46850.0,100,Sell,231094894
2024-08-13 09:30:25,46850.0,100,Sell,231094893
2024-08-13 09:30:25,46850.0,1200,Sell,231094892
2024-08-13 09:30:25,46850.0,500,Sell,231094881
2024-08-13 09:30:25,46850.0,300,Sell,231094891
2024-08-13 09:30:25,46850.0,1200,Sell,231094889
2024-08-13 09:30:25,46850.0,100,Sell,231094888
2024-08-13 09:30:25,46850.0,100,Sell,231094887
2024-08-13 09:30:25,46850.0,100,Sell,231094886
2024-08-13 09:30:25,46850.0,100,Sell,231094885
2024-08-13 09:30:25,46850.0,500,Sell,231094884
2024-08-13 09:30:25,46850.0,100,Sell,231094890
2024-08-13 09:30:25,46800.0,3300,Sell,231094898
2024-08-13 09:30:28,46950.0,100,Buy,231094944
2024-08-13 09:30:31,46950.0,100,Buy,231095019
2024-08-13 09:32:25,46850.0,100,Sell,231098018
2024-08-13 09:32:25,46850.0,200,Sell,231098019
2024-08-13 09:32:29,46800.0,100,Sell,231098124
2024-08-13 09:32:29,46800.0,100,Sell,231098123
2024-08-13 09:32:29,46800.0,700,Sell,231098120
2024-08-13 09:32:29,46800.0,1000,Sell,231098121
2024-08-13 09:32:29,46800.0,100,Sell,231098122
2024-08-13 09:32:37,46750.0,200,Sell,231098303
2024-08-13 09:32:37,46750.0,100,Sell,231098301
2024-08-13 09:32:37,46750.0,1000,Sell,231098300
2024-08-13 09:32:37,46750.0,200,Sell,231098299
2024-08-13 09:32:37,46750.0,100,Sell,231098298
2024-08-13 09:32:37,46750.0,1000,Sell,231098304
2024-08-13 09:32:37,46750.0,100,Sell,231098296
2024-08-13 09:32:37,46750.0,100,Sell,231098297
2024-08-13 09:32:37,46750.0,300,Sell,231098291
2024-08-13 09:32:37,46750.0,100,Sell,231098292
2024-08-13 09:32:37,46750.0,1000,Sell,231098302
2024-08-13 09:32:37,46750.0,100,Sell,231098293
2024-08-13 09:32:37,46750.0,100,Sell,231098294
2024-08-13 09:32:37,46750.0,1000,Sell,231098295
2024-08-13 09:32:41,46700.0,100,Sell,231098417
2024-08-13 09:32:41,46700.0,100,Sell,231098416
2024-08-13 09:32:41,46700.0,1000,Sell,231098418
2024-08-13 09:32:41,46700.0,500,Sell,231098413
2024-08-13 09:32:41,46700.0,100,Sell,231098412
2024-08-13 09:32:41,46700.0,200,Sell,231098414
2024-08-13 09:32:41,46700.0,300,Sell,231098415
2024-08-13 09:33:04,46700.0,3000,Sell,231099014
2024-08-13 09:33:04,46600.0,100,Sell,231099020
2024-08-13 09:33:04,46600.0,700,Sell,231099019
2024-08-13 09:33:04,46650.0,1000,Sell,231099018
2024-08-13 09:33:04,46650.0,1000,Sell,231099017
2024-08-13 09:33:04,46650.0,100,Sell,231099016
2024-08-13 09:33:04,46650.0,100,Sell,231099015
2024-08-13 09:33:04,46700.0,700,Sell,231099013
2024-08-13 09:33:04,46700.0,1000,Sell,231099012
2024-08-13 09:33:04,46700.0,100,Sell,231099003
2024-08-13 09:33:04,46700.0,100,Sell,231099004
2024-08-13 09:33:04,46700.0,200,Sell,231099005
2024-08-13 09:33:04,46700.0,1100,Sell,231099006
2024-08-13 09:33:04,46700.0,100,Sell,231099011
2024-08-13 09:33:04,46700.0,100,Sell,231099008
2024-08-13 09:33:04,46700.0,200,Sell,231099009
2024-08-13 09:33:04,46700.0,300,Sell,231099010
2024-08-13 09:33:04,46700.0,100,Sell,231099007
2024-08-13 09:33:08,46600.0,100,Sell,231099086
2024-08-13 09:33:08,46600.0,900,Sell,231099085
2024-08-13 09:33:30,46600.0,1400,Sell,231099592
2024-08-13 09:33:30,46600.0,400,Sell,231099585
2024-08-13 09:33:30,46600.0,200,Sell,231099586
2024-08-13 09:33:30,46600.0,200,Sell,231099587
2024-08-13 09:33:30,46600.0,100,Sell,231099588
2024-08-13 09:33:30,46600.0,500,Sell,231099589
2024-08-13 09:33:30,46600.0,4000,Sell,231099590
2024-08-13 09:33:30,46600.0,1000,Sell,231099591
2024-08-13 09:33:31,46600.0,4000,Buy,231099621
2024-08-13 09:33:34,46550.0,200,Sell,231099689
2024-08-13 09:33:34,46550.0,100,Sell,231099688
2024-08-13 09:33:34,46550.0,900,Sell,231099696
2024-08-13 09:33:34,46550.0,1000,Sell,231099695
2024-08-13 09:33:34,46550.0,100,Sell,231099694
2024-08-13 09:33:34,46550.0,300,Buy,231099708
2024-08-13 09:33:34,46550.0,100,Sell,231099692
2024-08-13 09:33:34,46550.0,1000,Sell,231099691
2024-08-13 09:33:34,46550.0,200,Sell,231099690
2024-08-13 09:33:34,46550.0,300,Sell,231099693
2024-08-13 09:33:39,46550.0,500,Buy,231099807
2024-08-13 09:33:50,46500.0,100,Sell,231100083
2024-08-13 09:33:59,46550.0,200,Buy,231100310
2024-08-13 09:34:03,46500.0,100,Sell,231100386
2024-08-13 09:34:05,46550.0,200,Buy,231100440
2024-08-13 09:34:15,46550.0,1400,Buy,231100657
2024-08-13 09:34:15,46550.0,400,Buy,231100658
2024-08-13 09:34:15,46550.0,100,Buy,231100659
2024-08-13 09:34:45,46600.0,800,Sell,231101380
2024-08-13 09:34:45,46600.0,200,Sell,231101379
2024-08-13 09:35:44,46600.0,100,Sell,231102799
2024-08-13 09:36:23,46650.0,800,Sell,231103832
2024-08-13 09:36:23,46650.0,200,Sell,231103831
2024-08-13 09:37:15,46650.0,900,Sell,231105200
2024-08-13 09:38:01,46650.0,1000,Sell,231106504
2024-08-13 09:39:21,46650.0,100,Sell,231108555
2024-08-13 09:39:26,46650.0,500,Sell,231108696
2024-08-13 09:39:39,46650.0,1000,Sell,231108898
2024-08-13 09:41:18,46650.0,1000,Sell,231111112
2024-08-13 09:42:55,46650.0,1100,Sell,231113424
2024-08-13 09:43:13,46650.0,400,Sell,231113959
2024-08-13 09:44:17,46700.0,100,Sell,231115686
2024-08-13 09:44:17,46700.0,100,Sell,231115684
2024-08-13 09:44:17,46700.0,400,Sell,231115685
2024-08-13 09:44:33,46700.0,500,Sell,231115999
2024-08-13 09:44:33,46700.0,200,Sell,231116000
2024-08-13 09:44:33,46700.0,300,Sell,231115998
2024-08-13 09:45:03,46700.0,200,Sell,231116695
2024-08-13 09:45:23,46700.0,100,Sell,231117209
2024-08-13 09:45:24,46700.0,200,Sell,231117224
2024-08-13 09:45:24,46700.0,900,Sell,231117226
2024-08-13 09:45:24,46700.0,1000,Sell,231117225
2024-08-13 09:45:24,46700.0,100,Sell,231117223
2024-08-13 09:45:24,46700.0,100,Sell,231117221
2024-08-13 09:45:24,46700.0,1100,Sell,231117220
2024-08-13 09:45:24,46700.0,500,Sell,231117219
2024-08-13 09:45:24,46700.0,200,Sell,231117222
2024-08-13 09:45:29,46800.0,2000,Buy,231117361
2024-08-13 09:46:11,46850.0,100,Sell,231118541
2024-08-13 09:46:11,46850.0,200,Sell,231118542
2024-08-13 09:46:11,46800.0,700,Sell,231118543
2024-08-13 09:46:12,46800.0,100,Sell,231118552
2024-08-13 09:46:12,46800.0,1600,Sell,231118551
2024-08-13 09:46:12,46800.0,300,Sell,231118549
2024-08-13 09:46:12,46800.0,200,Sell,231118548
2024-08-13 09:46:12,46800.0,100,Sell,231118547
2024-08-13 09:46:12,46800.0,200,Sell,231118550
2024-08-13 09:46:18,46800.0,500,Buy,231118725
2024-08-13 09:46:18,46800.0,1400,Buy,231118726
2024-08-13 09:47:49,46800.0,1000,Sell,231121000
2024-08-13 09:47:57,46800.0,1600,Sell,231121220
2024-08-13 09:47:57,46800.0,100,Sell,231121219
2024-08-13 09:47:57,46800.0,200,Sell,231121217
2024-08-13 09:47:57,46800.0,2100,Sell,231121216
2024-08-13 09:47:57,46800.0,400,Sell,231121218
2024-08-13 09:49:27,46800.0,200,Sell,231123840
2024-08-13 09:49:27,46800.0,100,Sell,231123839
2024-08-13 09:49:43,46800.0,200,Buy,231124230
2024-08-13 09:49:55,46800.0,500,Buy,231124496
2024-08-13 09:50:21,46800.0,100,Buy,231125093
2024-08-13 09:50:32,46800.0,100,Buy,231125492
2024-08-13 09:50:50,46800.0,200,Buy,231125947
2024-08-13 09:51:05,46800.0,100,Sell,231126369
2024-08-13 09:51:14,46700.0,200,Sell,231126569
2024-08-13 09:51:35,46800.0,900,Buy,231127119
2024-08-13 09:52:00,46800.0,100,Sell,231127526
2024-08-13 09:52:00,46800.0,3000,Sell,231127527
2024-08-13 09:52:59,46750.0,4700,Sell,231128857
2024-08-13 09:53:37,46800.0,300,Buy,231129737
2024-08-13 09:54:14,46800.0,100,Buy,231130586
2024-08-13 09:54:26,46750.0,400,Sell,231130811
2024-08-13 09:54:26,46750.0,300,Sell,231130810
2024-08-13 09:55:45,46750.0,400,Sell,231132441
2024-08-13 09:55:52,46750.0,1000,Sell,231132614
2024-08-13 09:55:52,46750.0,100,Sell,231132612
2024-08-13 09:55:52,46750.0,100,Sell,231132611
2024-08-13 09:55:52,46750.0,300,Sell,231132613
2024-08-13 09:55:52,46750.0,100,Sell,231132609
2024-08-13 09:55:52,46750.0,1600,Sell,231132608
2024-08-13 09:55:52,46750.0,500,Sell,231132607
2024-08-13 09:55:52,46750.0,1200,Sell,231132606
2024-08-13 09:55:52,46750.0,100,Sell,231132610
2024-08-13 09:56:00,46750.0,600,Sell,231132768
2024-08-13 09:56:00,46750.0,100,Sell,231132769
2024-08-13 09:56:01,46700.0,100,Sell,231132808
2024-08-13 09:56:01,46700.0,2000,Sell,231132807
2024-08-13 09:56:01,46700.0,700,Sell,231132806
2024-08-13 09:56:01,46700.0,1300,Sell,231132805
2024-08-13 09:56:01,46700.0,200,Sell,231132804
2024-08-13 09:56:01,46700.0,200,Sell,231132802
2024-08-13 09:56:01,46700.0,200,Sell,231132800
2024-08-13 09:56:01,46700.0,100,Sell,231132803
2024-08-13 09:56:01,46700.0,200,Sell,231132801
2024-08-13 09:56:05,46700.0,100,Sell,231132924
2024-08-13 09:56:20,46700.0,100,Sell,231133191
2024-08-13 09:56:20,46700.0,100,Sell,231133192
2024-08-13 09:56:20,46700.0,300,Sell,231133193
2024-08-13 09:56:20,46700.0,100,Sell,231133194
2024-08-13 09:56:20,46700.0,300,Sell,231133195
2024-08-13 09:56:20,46700.0,2000,Sell,231133196
2024-08-13 09:56:20,46700.0,100,Sell,231133197
2024-08-13 09:56:20,46700.0,100,Sell,231133198
2024-08-13 09:56:20,46700.0,5000,Sell,231133199
2024-08-13 09:56:20,46650.0,100,Sell,231133200
2024-08-13 09:56:20,46650.0,1800,Sell,231133201
2024-08-13 09:57:38,46700.0,1000,Sell,231134651
2024-08-13 09:57:51,46700.0,400,Sell,231134924
2024-08-13 09:59:16,46700.0,1000,Sell,231136451
2024-08-13 09:59:42,46700.0,2000,Sell,231137038
2024-08-13 09:59:42,46700.0,300,Sell,231137039
2024-08-13 09:59:42,46700.0,200,Sell,231137040
2024-08-13 09:59:42,46700.0,1100,Sell,231137041
2024-08-13 09:59:42,46650.0,200,Sell,231137042
2024-08-13 09:59:42,46700.0,1200,Sell,231137037
2024-08-13 10:00:54,46700.0,1000,Sell,231138231
2024-08-13 10:01:07,46700.0,3000,Sell,231138487
2024-08-13 10:01:07,46650.0,2000,Sell,231138488
2024-08-13 10:01:19,46650.0,1000,Sell,231138799
2024-08-13 10:01:19,46650.0,100,Sell,231138801
2024-08-13 10:01:19,46650.0,100,Sell,231138800
2024-08-13 10:01:19,46650.0,200,Sell,231138798
2024-08-13 10:01:19,46650.0,100,Sell,231138802
2024-08-13 10:01:19,46650.0,300,Sell,231138796
2024-08-13 10:01:19,46650.0,100,Sell,231138795
2024-08-13 10:01:19,46650.0,1000,Sell,231138794
2024-08-13 10:01:19,46650.0,100,Sell,231138793
2024-08-13 10:01:19,46650.0,1000,Sell,231138797
2024-08-13 10:01:19,46650.0,1000,Sell,231138792
2024-08-13 10:01:48,46700.0,100,Buy,231139411
2024-08-13 10:02:14,46700.0,600,Buy,231140009
2024-08-13 10:03:40,46650.0,500,Sell,231142224
2024-08-13 10:03:40,46650.0,200,Sell,231142242
2024-08-13 10:03:40,46650.0,200,Sell,231142240
2024-08-13 10:03:40,46650.0,1000,Sell,231142239
2024-08-13 10:03:40,46650.0,200,Sell,231142238
2024-08-13 10:03:40,46650.0,1600,Sell,231142236
2024-08-13 10:03:40,46650.0,2000,Sell,231142235
2024-08-13 10:03:40,46650.0,100,Sell,231142234
2024-08-13 10:03:40,46650.0,100,Sell,231142241
2024-08-13 10:03:40,46650.0,200,Sell,231142232
2024-08-13 10:03:40,46650.0,2000,Sell,231142233
2024-08-13 10:03:40,46650.0,100,Sell,231142225
2024-08-13 10:03:40,46650.0,100,Sell,231142226
2024-08-13 10:03:40,46650.0,600,Sell,231142227
2024-08-13 10:03:40,46650.0,200,Sell,231142237
2024-08-13 10:03:40,46650.0,200,Sell,231142229
2024-08-13 10:03:40,46650.0,500,Sell,231142228
2024-08-13 10:03:40,46650.0,100,Sell,231142230
2024-08-13 10:03:40,46650.0,100,Sell,231142231
2024-08-13 10:03:55,46650.0,200,Sell,231142635
2024-08-13 10:03:55,46650.0,800,Sell,231142636
2024-08-13 10:04:02,46650.0,100,Sell,231142833
2024-08-13 10:04:02,46650.0,100,Sell,231142832
2024-08-13 10:04:02,46650.0,800,Sell,231142831
2024-08-13 10:04:10,46650.0,100,Sell,231143026
2024-08-13 10:04:10,46650.0,400,Sell,231143028
2024-08-13 10:04:10,46650.0,200,Sell,231143029
2024-08-13 10:04:10,46650.0,100,Sell,231143030
2024-08-13 10:04:10,46650.0,200,Sell,231143027
2024-08-13 10:04:31,46650.0,500,Sell,231143366
2024-08-13 10:04:31,46650.0,500,Sell,231143367
2024-08-13 10:05:18,46600.0,500,Sell,231144492
2024-08-13 10:05:18,46600.0,2600,Sell,231144494
2024-08-13 10:05:18,46600.0,300,Sell,231144493
2024-08-13 10:05:18,46600.0,500,Sell,231144490
2024-08-13 10:05:18,46600.0,2000,Sell,231144489
2024-08-13 10:05:18,46600.0,2000,Sell,231144487
2024-08-13 10:05:18,46600.0,100,Sell,231144491
2024-08-13 10:05:18,46600.0,100,Sell,231144488
2024-08-13 10:05:27,46650.0,100,Buy,231144649
2024-08-13 10:05:36,46600.0,100,Sell,231144811
2024-08-13 10:05:42,46650.0,1100,Buy,231144946
2024-08-13 10:06:07,46650.0,500,Buy,231145468
2024-08-13 10:06:34,46650.0,100,Buy,231145997
2024-08-13 10:06:40,46650.0,200,Buy,231146151
2024-08-13 10:06:40,46650.0,200,Buy,231146152
2024-08-13 10:07:31,46650.0,1000,Buy,231147205
2024-08-13 10:08:15,46600.0,100,Sell,231148008
2024-08-13 10:08:26,46650.0,200,Buy,231148306
2024-08-13 10:09:43,46650.0,100,Buy,231150150
2024-08-13 10:10:57,46600.0,100,Sell,231152345
2024-08-13 10:10:58,46650.0,100,Buy,231152358
2024-08-13 10:10:58,46650.0,400,Buy,231152357
2024-08-13 10:11:01,46650.0,300,Buy,231152397
2024-08-13 10:11:01,46650.0,200,Buy,231152398
2024-08-13 10:11:36,46650.0,100,Buy,231153107
2024-08-13 10:11:41,46650.0,500,Buy,231153219
2024-08-13 10:11:41,46650.0,400,Buy,231153218
2024-08-13 10:11:41,46650.0,400,Buy,231153217
2024-08-13 10:11:41,46650.0,400,Buy,231153214
2024-08-13 10:11:41,46650.0,400,Buy,231153215
2024-08-13 10:11:41,46650.0,100,Buy,231153212
2024-08-13 10:11:41,46650.0,400,Buy,231153216
2024-08-13 10:11:41,46650.0,400,Buy,231153213
2024-08-13 10:12:12,46650.0,500,Buy,231153781
2024-08-13 10:12:12,46650.0,1500,Buy,231153782
2024-08-13 10:12:12,46650.0,100,Buy,231153783
2024-08-13 10:12:12,46650.0,1000,Buy,231153784
2024-08-13 10:12:12,46650.0,900,Buy,231153785
2024-08-13 10:12:24,46650.0,200,Buy,231154093
2024-08-13 10:12:24,46650.0,100,Buy,231154094
2024-08-13 10:12:24,46650.0,1000,Buy,231154095
2024-08-13 10:12:24,46650.0,200,Buy,231154096
2024-08-13 10:12:29,46650.0,200,Buy,231154203
2024-08-13 10:12:34,46650.0,100,Buy,231154308
2024-08-13 10:12:49,46650.0,100,Buy,231154565
2024-08-13 10:12:55,46650.0,100,Buy,231154666
2024-08-13 10:12:55,46650.0,100,Buy,231154663
2024-08-13 10:13:04,46650.0,200,Buy,231154800
2024-08-13 10:13:04,46650.0,1000,Buy,231154801
2024-08-13 10:13:58,46650.0,1000,Sell,231155850
2024-08-13 10:14:18,46650.0,2000,Sell,231156147
2024-08-13 10:15:22,46650.0,500,Sell,231157491
2024-08-13 10:15:30,46650.0,300,Sell,231157608
2024-08-13 10:15:30,46650.0,400,Sell,231157609
2024-08-13 10:15:30,46650.0,300,Sell,231157610
2024-08-13 10:15:36,46650.0,100,Sell,231157767
2024-08-13 10:15:36,46650.0,100,Sell,231157764
2024-08-13 10:15:36,46650.0,400,Sell,231157765
2024-08-13 10:15:36,46650.0,400,Sell,231157766
2024-08-13 10:16:20,46650.0,300,Sell,231158618
2024-08-13 10:16:20,46650.0,200,Sell,231158619
2024-08-13 10:16:20,46650.0,100,Sell,231158620
2024-08-13 10:16:51,46650.0,100,Sell,231159115
2024-08-13 10:16:55,46650.0,200,Sell,231159187
2024-08-13 10:16:55,46650.0,200,Sell,231159184
2024-08-13 10:16:55,46650.0,300,Sell,231159185
2024-08-13 10:16:55,46650.0,300,Sell,231159186
2024-08-13 10:17:15,46650.0,800,Sell,231159619
2024-08-13 10:17:15,46650.0,200,Sell,231159620
2024-08-13 10:18:53,46650.0,1000,Sell,231161699
2024-08-13 10:19:37,46700.0,1000,Buy,231162492
2024-08-13 10:19:39,46650.0,800,Sell,231162513
2024-08-13 10:20:31,46650.0,1000,Sell,231163408
2024-08-13 10:21:19,46700.0,300,Buy,231164339
2024-08-13 10:21:19,46700.0,200,Buy,231164340
2024-08-13 10:21:56,46650.0,500,Sell,231164940
2024-08-13 10:22:09,46650.0,1100,Sell,231165114
2024-08-13 10:23:47,46650.0,600,Sell,231166499
2024-08-13 10:23:47,46650.0,100,Sell,231166500
2024-08-13 10:23:47,46650.0,300,Sell,231166501
2024-08-13 10:24:01,46700.0,200,Buy,231166693
2024-08-13 10:24:01,46700.0,600,Buy,231166692
2024-08-13 10:24:01,46700.0,1000,Buy,231166691
2024-08-13 10:24:01,46700.0,1200,Buy,231166690
2024-08-13 10:24:14,46750.0,200,Buy,231166818
2024-08-13 10:25:15,46750.0,200,Buy,231167620
2024-08-13 10:25:15,46750.0,200,Buy,231167598
2024-08-13 10:25:15,46750.0,900,Buy,231167621
2024-08-13 10:25:25,46750.0,700,Sell,231167788
2024-08-13 10:25:25,46750.0,100,Sell,231167789
2024-08-13 10:25:41,46750.0,200,Buy,231168021
2024-08-13 10:26:10,46800.0,100,Buy,231168620
2024-08-13 10:30:34,46800.0,500,Buy,231172863
2024-08-13 10:30:34,46800.0,500,Buy,231172864
2024-08-13 10:31:13,46750.0,600,Sell,231173446
2024-08-13 10:31:48,46750.0,100,Sell,231173979
2024-08-13 10:31:58,46750.0,1000,Sell,231174126
2024-08-13 10:32:38,46750.0,3000,Sell,231174753
2024-08-13 10:32:38,46750.0,100,Sell,231174760
2024-08-13 10:32:38,46750.0,200,Sell,231174761
2024-08-13 10:32:39,46750.0,100,Sell,231174777
2024-08-13 10:32:39,46750.0,200,Sell,231174778
2024-08-13 10:32:39,46750.0,500,Sell,231174775
2024-08-13 10:32:39,46750.0,100,Sell,231174776
2024-08-13 10:32:39,46750.0,300,Sell,231174774
2024-08-13 10:33:20,46750.0,100,Sell,231175402
2024-08-13 10:33:20,46750.0,400,Sell,231175400
2024-08-13 10:33:20,46750.0,100,Sell,231175401
2024-08-13 10:33:35,46750.0,600,Sell,231175725
2024-08-13 10:33:35,46750.0,100,Sell,231175726
2024-08-13 10:33:35,46750.0,100,Sell,231175727
2024-08-13 10:34:03,46700.0,6500,Sell,231176358
2024-08-13 10:35:13,46700.0,1000,Sell,231177414
2024-08-13 10:36:51,46700.0,1100,Sell,231178970
2024-08-13 10:37:06,46700.0,200,Sell,231179175
2024-08-13 10:38:29,46700.0,1000,Sell,231180495
2024-08-13 10:38:46,46750.0,200,Buy,231180724
2024-08-13 10:38:46,46750.0,200,Buy,231180725
2024-08-13 10:39:09,46700.0,1200,Sell,231181081
2024-08-13 10:39:09,46700.0,100,Sell,231181085
2024-08-13 10:39:09,46700.0,100,Sell,231181084
2024-08-13 10:39:09,46700.0,100,Sell,231181083
2024-08-13 10:39:09,46700.0,200,Sell,231181082
2024-08-13 10:39:09,46700.0,100,Sell,231181080
2024-08-13 10:39:09,46700.0,100,Sell,231181078
2024-08-13 10:39:09,46700.0,100,Sell,231181077
2024-08-13 10:39:09,46700.0,1200,Sell,231181076
2024-08-13 10:39:09,46700.0,1100,Sell,231181075
2024-08-13 10:39:09,46700.0,100,Sell,231181079
2024-08-13 10:39:52,46700.0,500,Sell,231181772
2024-08-13 10:40:07,46700.0,100,Sell,231182000
2024-08-13 10:40:07,46700.0,100,Sell,231182001
2024-08-13 10:40:07,46700.0,600,Sell,231182002
2024-08-13 10:40:07,46700.0,100,Sell,231182003
2024-08-13 10:40:07,46700.0,100,Sell,231182004
2024-08-13 10:40:55,46700.0,100,Sell,231183177
2024-08-13 10:40:55,46700.0,100,Sell,231183175
2024-08-13 10:40:55,46700.0,200,Sell,231183174
2024-08-13 10:40:55,46700.0,100,Sell,231183176
2024-08-13 10:41:46,46700.0,400,Sell,231184109
2024-08-13 10:41:46,46700.0,100,Sell,231184110
2024-08-13 10:41:46,46700.0,500,Sell,231184111
2024-08-13 10:43:05,46650.0,4700,Sell,231186080
2024-08-13 10:43:05,46650.0,300,Sell,231186084
2024-08-13 10:43:05,46650.0,400,Sell,231186083
2024-08-13 10:43:05,46650.0,100,Sell,231186082
2024-08-13 10:43:05,46650.0,1000,Sell,231186081
2024-08-13 10:43:05,46700.0,100,Sell,231186079
2024-08-13 10:43:05,46700.0,1000,Sell,231186071
2024-08-13 10:43:05,46700.0,200,Sell,231186077
2024-08-13 10:43:05,46700.0,1500,Sell,231186076
2024-08-13 10:43:05,46700.0,100,Sell,231186075
2024-08-13 10:43:05,46700.0,100,Sell,231186074
2024-08-13 10:43:05,46700.0,100,Sell,231186073
2024-08-13 10:43:05,46700.0,300,Sell,231186072
2024-08-13 10:43:05,46700.0,100,Sell,231186078
2024-08-13 10:43:24,46650.0,100,Sell,231186441
2024-08-13 10:43:24,46650.0,100,Sell,231186442
2024-08-13 10:43:24,46650.0,500,Sell,231186443
2024-08-13 10:43:24,46650.0,300,Sell,231186444
2024-08-13 10:44:48,46650.0,1700,Sell,231188167
2024-08-13 10:44:48,46650.0,300,Sell,231188168
2024-08-13 10:45:02,46650.0,200,Sell,231188401
2024-08-13 10:45:02,46650.0,800,Sell,231188402
2024-08-13 10:46:40,46700.0,100,Sell,231191101
2024-08-13 10:46:40,46650.0,900,Sell,231191102
2024-08-13 10:48:19,46650.0,1000,Sell,231193513
2024-08-13 10:48:49,46650.0,1000,Sell,231194260
2024-08-13 10:48:57,46650.0,500,Sell,231194410
2024-08-13 10:49:45,46650.0,400,Sell,231195497
2024-08-13 10:49:45,46650.0,100,Sell,231195496
2024-08-13 10:49:45,46650.0,300,Sell,231195495
2024-08-13 10:49:45,46650.0,800,Sell,231195494
2024-08-13 10:49:45,46650.0,100,Sell,231195493
2024-08-13 10:49:45,46650.0,100,Sell,231195492
2024-08-13 10:49:45,46650.0,100,Sell,231195491
2024-08-13 10:49:45,46700.0,100,Sell,231195488
2024-08-13 10:49:45,46700.0,200,Sell,231195489
2024-08-13 10:49:45,46700.0,400,Sell,231195487
2024-08-13 10:49:45,46700.0,400,Sell,231195486
2024-08-13 10:49:45,46700.0,400,Sell,231195485
2024-08-13 10:49:45,46700.0,400,Sell,231195484
2024-08-13 10:49:45,46700.0,400,Sell,231195483
2024-08-13 10:49:45,46650.0,800,Sell,231195490
2024-08-13 10:49:56,46650.0,500,Sell,231195734
2024-08-13 10:49:56,46650.0,100,Sell,231195733
2024-08-13 10:49:56,46650.0,400,Sell,231195731
2024-08-13 10:49:56,46650.0,100,Sell,231195732
2024-08-13 10:49:56,46750.0,200,Buy,231195728
2024-08-13 10:51:34,46650.0,500,Sell,231197640
2024-08-13 10:51:34,46650.0,100,Sell,231197641
2024-08-13 10:51:34,46650.0,400,Sell,231197642
2024-08-13 10:51:56,46700.0,400,Buy,231198014
2024-08-13 10:52:48,46600.0,100,Sell,231198900
2024-08-13 10:52:48,46600.0,200,Sell,231198901
2024-08-13 10:52:48,46600.0,100,Sell,231198902
2024-08-13 10:52:48,46600.0,100,Sell,231198903
2024-08-13 10:52:48,46600.0,100,Sell,231198904
2024-08-13 10:52:48,46600.0,100,Sell,231198905
2024-08-13 10:52:48,46600.0,100,Sell,231198906
2024-08-13 10:52:48,46600.0,100,Sell,231198907
2024-08-13 10:52:48,46600.0,400,Sell,231198910
2024-08-13 10:52:48,46600.0,400,Sell,231198909
2024-08-13 10:52:48,46600.0,1700,Sell,231198911
2024-08-13 10:52:48,46600.0,300,Sell,231198912
2024-08-13 10:52:48,46600.0,200,Sell,231198913
2024-08-13 10:52:48,46600.0,100,Sell,231198914
2024-08-13 10:52:48,46600.0,5000,Sell,231198915
2024-08-13 10:52:48,46600.0,200,Sell,231198916
2024-08-13 10:52:48,46600.0,100,Sell,231198908
2024-08-13 10:52:48,46600.0,100,Sell,231198899
2024-08-13 10:52:48,46600.0,200,Sell,231198888
2024-08-13 10:52:48,46600.0,1100,Sell,231198897
2024-08-13 10:52:48,46650.0,9600,Sell,231198874
2024-08-13 10:52:48,46650.0,200,Sell,231198881
2024-08-13 10:52:48,46600.0,100,Sell,231198882
2024-08-13 10:52:48,46600.0,1100,Sell,231198898
2024-08-13 10:52:48,46600.0,1000,Sell,231198884
2024-08-13 10:52:48,46600.0,400,Sell,231198885
2024-08-13 10:52:48,46600.0,1000,Sell,231198886
2024-08-13 10:52:48,46600.0,300,Sell,231198883
2024-08-13 10:52:48,46600.0,1000,Sell,231198887
2024-08-13 10:52:48,46600.0,100,Sell,231198890
2024-08-13 10:52:48,46600.0,1000,Sell,231198891
2024-08-13 10:52:48,46600.0,100,Sell,231198892
2024-08-13 10:52:48,46600.0,3000,Sell,231198893
2024-08-13 10:52:48,46600.0,100,Sell,231198894
2024-08-13 10:52:48,46600.0,100,Sell,231198895
2024-08-13 10:52:48,46600.0,100,Sell,231198896
2024-08-13 10:52:48,46600.0,100,Sell,231198889
2024-08-13 10:53:07,46700.0,100,Buy,231199274
2024-08-13 10:53:21,46700.0,100,Buy,231199512
2024-08-13 10:54:09,46700.0,400,Buy,231200349
2024-08-13 10:55:27,46700.0,1000,Buy,231201463
2024-08-13 10:58:54,46650.0,400,Sell,231204494
2024-08-13 10:59:44,46650.0,600,Sell,231205231
2024-08-13 10:59:44,46650.0,400,Sell,231205232
2024-08-13 10:59:45,46700.0,100,Buy,231205248
2024-08-13 10:59:50,46650.0,500,Sell,231205332
2024-08-13 10:59:50,46650.0,400,Sell,231205330
2024-08-13 10:59:50,46650.0,400,Sell,231205329
2024-08-13 10:59:50,46650.0,3700,Sell,231205331
2024-08-13 11:00:40,46650.0,100,Sell,231206126
2024-08-13 11:00:40,46650.0,700,Sell,231206127
2024-08-13 11:00:40,46650.0,200,Sell,231206125
2024-08-13 11:01:07,46650.0,300,Sell,231206596
2024-08-13 11:01:22,46650.0,100,Sell,231207057
2024-08-13 11:01:22,46650.0,100,Sell,231207058
2024-08-13 11:01:22,46650.0,800,Sell,231207059
2024-08-13 11:01:55,46650.0,200,Sell,231207649
2024-08-13 11:01:55,46650.0,100,Sell,231207650
2024-08-13 11:01:55,46650.0,100,Sell,231207651
2024-08-13 11:01:55,46650.0,100,Sell,231207652
2024-08-13 11:01:55,46650.0,1000,Sell,231207653
2024-08-13 11:01:55,46650.0,5900,Sell,231207654
2024-08-13 11:01:55,46600.0,300,Sell,231207655
2024-08-13 11:01:55,46600.0,2300,Sell,231207656
2024-08-13 11:01:58,46600.0,400,Sell,231207718
2024-08-13 11:02:54,46650.0,500,Buy,231208557
2024-08-13 11:02:54,46650.0,500,Buy,231208556
2024-08-13 11:03:05,46600.0,100,Sell,231208755
2024-08-13 11:03:23,46600.0,2600,Sell,231209028
2024-08-13 11:04:19,46600.0,100,Sell,231209937
2024-08-13 11:04:39,46600.0,1000,Sell,231210206
2024-08-13 11:06:05,46600.0,2800,Sell,231211649
2024-08-13 11:06:05,46600.0,300,Sell,231211646
2024-08-13 11:06:05,46600.0,300,Sell,231211648
2024-08-13 11:06:05,46600.0,100,Sell,231211644
2024-08-13 11:06:05,46600.0,5000,Sell,231211643
2024-08-13 11:06:05,46600.0,800,Sell,231211642
2024-08-13 11:06:05,46600.0,600,Sell,231211645
2024-08-13 11:06:05,46600.0,100,Sell,231211647
2024-08-13 11:06:17,46600.0,100,Sell,231211837
2024-08-13 11:06:17,46600.0,200,Sell,231211829
2024-08-13 11:06:17,46600.0,100,Sell,231211830
2024-08-13 11:06:17,46600.0,700,Sell,231211831
2024-08-13 11:06:17,46600.0,300,Sell,231211835
2024-08-13 11:06:17,46600.0,100,Sell,231211836
2024-08-13 11:07:13,46600.0,200,Sell,231212678
2024-08-13 11:07:13,46650.0,400,Buy,231212706
2024-08-13 11:07:14,46650.0,400,Buy,231212763
2024-08-13 11:08:41,46650.0,100,Buy,231214377
2024-08-13 11:08:59,46650.0,1000,Buy,231214668
2024-08-13 11:09:28,46600.0,300,Sell,231215106
2024-08-13 11:09:28,46600.0,300,Sell,231215107
2024-08-13 11:09:28,46600.0,300,Sell,231215108
2024-08-13 11:09:28,46600.0,100,Sell,231215109
2024-08-13 11:09:33,46600.0,1000,Sell,231215170
2024-08-13 11:09:44,46600.0,200,Sell,231215294
2024-08-13 11:11:10,46600.0,1000,Sell,231216731
2024-08-13 11:12:43,46600.0,500,Sell,231218292
2024-08-13 11:12:49,46600.0,1000,Sell,231218371
2024-08-13 11:13:09,46650.0,100,Buy,231218741
2024-08-13 11:13:09,46650.0,100,Buy,231218742
2024-08-13 11:13:09,46650.0,300,Buy,231218743
2024-08-13 11:13:30,46650.0,400,Buy,231219012
2024-08-13 11:13:32,46650.0,100,Buy,231219095
2024-08-13 11:13:32,46650.0,300,Buy,231219096
2024-08-13 11:13:33,46650.0,400,Buy,231219125
2024-08-13 11:14:09,46650.0,300,Buy,231219591
2024-08-13 11:15:17,46650.0,100,Buy,231220697
2024-08-13 11:15:34,46650.0,400,Buy,231220974
2024-08-13 11:15:46,46650.0,100,Buy,231221227
2024-08-13 11:16:04,46650.0,100,Buy,231221559
2024-08-13 11:16:49,46650.0,100,Buy,231222182
2024-08-13 11:16:57,46650.0,200,Buy,231222371
2024-08-13 11:16:57,46650.0,300,Buy,231222372
2024-08-13 11:17:42,46650.0,1000,Buy,231222938
2024-08-13 11:17:42,46650.0,500,Buy,231222937
2024-08-13 11:17:42,46650.0,200,Buy,231222936
2024-08-13 11:18:07,46650.0,400,Buy,231223314
2024-08-13 11:18:37,46650.0,100,Buy,231224005
2024-08-13 11:18:42,46650.0,500,Buy,231224066
2024-08-13 11:21:41,46650.0,1000,Buy,231227266
2024-08-13 11:22:29,46650.0,100,Buy,231227960
2024-08-13 11:22:37,46650.0,500,Buy,231228193
2024-08-13 11:22:37,46650.0,100,Buy,231228194
2024-08-13 11:22:37,46650.0,300,Buy,231228196
2024-08-13 11:22:37,46650.0,100,Buy,231228198
2024-08-13 11:22:37,46650.0,1000,Buy,231228195
2024-08-13 11:22:37,46650.0,1000,Buy,231228197
2024-08-13 11:24:06,46650.0,100,Buy,231229765
2024-08-13 11:25:02,46650.0,300,Buy,231230630
2024-08-13 11:25:02,46650.0,500,Buy,231230629
2024-08-13 11:25:02,46650.0,100,Buy,231230631
2024-08-13 11:27:02,46650.0,400,Buy,231232452
2024-08-13 11:27:24,46650.0,500,Buy,231232770
2024-08-13 11:27:38,46600.0,300,Sell,231233039
2024-08-13 11:29:10,46600.0,1000,Sell,231234682
2024-08-13 12:59:39,46600.0,100,Sell,231236350
2024-08-13 12:59:40,46600.0,1000,Sell,231236562
2024-08-13 12:59:43,46650.0,200,Buy,231237317
2024-08-13 12:59:43,46600.0,900,Sell,231237421
2024-08-13 12:59:43,46650.0,200,Sell,231237429
2024-08-13 12:59:43,46650.0,800,Buy,231237423
2024-08-13 12:59:43,46650.0,1000,Buy,231237424
2024-08-13 12:59:43,46650.0,1000,Buy,231237425
2024-08-13 12:59:43,46650.0,500,Buy,231237426
2024-08-13 12:59:43,46650.0,1000,Buy,231237427
2024-08-13 12:59:43,46650.0,500,Buy,231237428
2024-08-13 12:59:43,46600.0,100,Sell,231237422
2024-08-13 12:59:46,46650.0,100,Sell,231237856
2024-08-13 12:59:46,46650.0,200,Sell,231237779
2024-08-13 12:59:51,46650.0,2000,Sell,231238750
2024-08-13 12:59:58,46650.0,800,Sell,231239774
2024-08-13 12:59:59,46650.0,1200,Sell,231239859
2024-08-13 13:00:00,46650.0,700,Sell,231239902
2024-08-13 13:00:51,46650.0,200,Buy,231241926
2024-08-13 13:00:58,46650.0,100,Buy,231242120
2024-08-13 13:01:11,46650.0,200,Buy,231242650
2024-08-13 13:01:22,46650.0,400,Buy,231243101
2024-08-13 13:01:24,46650.0,200,Buy,231243176
2024-08-13 13:01:29,46650.0,200,Buy,231243429
2024-08-13 13:01:46,46600.0,100,Sell,231243993
2024-08-13 13:01:46,46600.0,900,Sell,231243994
2024-08-13 13:01:50,46650.0,100,Buy,231244218
2024-08-13 13:01:50,46650.0,100,Buy,231244219
2024-08-13 13:01:56,46650.0,200,Buy,231244465
2024-08-13 13:02:05,46650.0,400,Buy,231244707
2024-08-13 13:02:11,46650.0,200,Buy,231244886
2024-08-13 13:02:30,46650.0,100,Buy,231245440
2024-08-13 13:02:30,46650.0,100,Buy,231245439
2024-08-13 13:03:10,46650.0,100,Buy,231246510
2024-08-13 13:04:21,46650.0,800,Buy,231248421
2024-08-13 13:04:21,46650.0,1000,Buy,231248422
2024-08-13 13:04:21,46650.0,200,Buy,231248423
2024-08-13 13:04:22,46650.0,400,Buy,231248443
2024-08-13 13:04:24,46650.0,400,Buy,231248524
2024-08-13 13:04:39,46650.0,300,Buy,231248857
2024-08-13 13:05:09,46650.0,1000,Buy,231249640
2024-08-13 13:05:09,46650.0,300,Buy,231249639
2024-08-13 13:05:42,46650.0,200,Sell,231250260
2024-08-13 13:05:42,46650.0,200,Sell,231250261
2024-08-13 13:05:58,46650.0,100,Buy,231250649
2024-08-13 13:06:28,46650.0,400,Buy,231251227
2024-08-13 13:07:14,46600.0,100,Sell,231252504
2024-08-13 13:07:20,46600.0,1000,Sell,231252626
2024-08-13 13:08:23,46600.0,1200,Sell,231253943
2024-08-13 13:08:58,46600.0,1000,Sell,231254689
2024-08-13 13:10:18,46650.0,100,Buy,231256407
2024-08-13 13:10:18,46650.0,100,Buy,231256408
2024-08-13 13:10:18,46650.0,100,Buy,231256406
2024-08-13 13:10:40,46650.0,400,Buy,231256814
2024-08-13 13:10:45,46650.0,2000,Buy,231256922
2024-08-13 13:11:02,46650.0,400,Buy,231257266
2024-08-13 13:11:30,46650.0,100,Buy,231257766
2024-08-13 13:11:42,46650.0,100,Buy,231257974
2024-08-13 13:11:47,46650.0,100,Buy,231258069
2024-08-13 13:12:18,46650.0,2400,Buy,231258646
2024-08-13 13:12:40,46600.0,600,Sell,231259128
2024-08-13 13:13:33,46650.0,300,Buy,231260068
2024-08-13 13:13:55,46650.0,900,Buy,231260508
2024-08-13 13:13:55,46650.0,100,Buy,231260509
2024-08-13 13:14:07,46650.0,500,Buy,231260815
2024-08-13 13:14:12,46650.0,1000,Buy,231260938
2024-08-13 13:14:12,46650.0,600,Buy,231260939
2024-08-13 13:14:12,46650.0,700,Buy,231260937
2024-08-13 13:14:12,46650.0,3400,Buy,231260936
2024-08-13 13:14:26,46650.0,400,Buy,231261217
2024-08-13 13:14:26,46650.0,100,Buy,231261218
2024-08-13 13:14:36,46650.0,500,Buy,231261425
2024-08-13 13:14:37,46650.0,100,Buy,231261430
2024-08-13 13:14:43,46650.0,400,Buy,231261555
2024-08-13 13:14:43,46650.0,100,Buy,231261556
2024-08-13 13:14:52,46700.0,200,Buy,231261727
2024-08-13 13:15:01,46700.0,200,Buy,231261912
2024-08-13 13:16:25,46650.0,500,Sell,231263716
2024-08-13 13:16:25,46650.0,200,Sell,231263717
2024-08-13 13:16:25,46650.0,200,Sell,231263718
2024-08-13 13:16:25,46650.0,100,Sell,231263719
2024-08-13 13:16:25,46650.0,200,Sell,231263720
2024-08-13 13:16:25,46650.0,100,Sell,231263721
2024-08-13 13:16:41,46650.0,1000,Buy,231264031
2024-08-13 13:17:12,46650.0,300,Buy,231264813
2024-08-13 13:17:12,46650.0,1700,Buy,231264811
2024-08-13 13:17:12,46650.0,1000,Buy,231264812
2024-08-13 13:18:30,46650.0,2000,Sell,231266358
2024-08-13 13:18:30,46650.0,2000,Sell,231266357
2024-08-13 13:18:30,46600.0,1000,Sell,231266359
2024-08-13 13:18:38,46600.0,100,Sell,231266502
2024-08-13 13:18:46,46600.0,500,Sell,231266737
2024-08-13 13:18:46,46600.0,100,Sell,231266738
2024-08-13 13:18:46,46600.0,100,Sell,231266739
2024-08-13 13:18:46,46600.0,300,Sell,231266740
2024-08-13 13:20:19,46650.0,300,Buy,231268683
2024-08-13 13:20:19,46650.0,200,Buy,231268684
2024-08-13 13:20:38,46650.0,700,Buy,231269123
2024-08-13 13:21:04,46600.0,200,Sell,231269572
2024-08-13 13:21:04,46600.0,100,Sell,231269573
2024-08-13 13:21:04,46600.0,200,Sell,231269574
2024-08-13 13:21:04,46600.0,2500,Sell,231269575
2024-08-13 13:21:32,46600.0,200,Sell,231270201
2024-08-13 13:21:32,46600.0,200,Sell,231270200
2024-08-13 13:21:32,46600.0,100,Sell,231270199
2024-08-13 13:21:32,46600.0,200,Sell,231270198
2024-08-13 13:21:32,46600.0,700,Sell,231270196
2024-08-13 13:21:32,46600.0,2500,Sell,231270194
2024-08-13 13:21:32,46600.0,100,Sell,231270197
2024-08-13 13:21:32,46600.0,1000,Sell,231270195
2024-08-13 13:21:41,46600.0,500,Sell,231270419
2024-08-13 13:21:48,46600.0,500,Sell,231270723
2024-08-13 13:21:57,46600.0,100,Sell,231270858
2024-08-13 13:21:57,46600.0,100,Sell,231270860
2024-08-13 13:21:57,46600.0,100,Sell,231270861
2024-08-13 13:21:58,46600.0,100,Sell,231270890
2024-08-13 13:21:58,46600.0,100,Sell,231270892
2024-08-13 13:21:58,46600.0,100,Sell,231270891
2024-08-13 13:22:02,46600.0,400,Sell,231270950
2024-08-13 13:22:02,46600.0,500,Sell,231270951
2024-08-13 13:22:02,46600.0,100,Sell,231270952
2024-08-13 13:22:09,46600.0,300,Sell,231271107
2024-08-13 13:22:09,46600.0,100,Sell,231271108
2024-08-13 13:22:09,46600.0,500,Sell,231271109
2024-08-13 13:22:19,46600.0,100,Sell,231271326
2024-08-13 13:22:32,46600.0,100,Sell,231271601
2024-08-13 13:22:40,46600.0,200,Sell,231271823
2024-08-13 13:22:43,46600.0,600,Sell,231271911
2024-08-13 13:22:43,46600.0,300,Sell,231271920
2024-08-13 13:22:43,46600.0,100,Sell,231271918
2024-08-13 13:22:43,46600.0,100,Sell,231271917
2024-08-13 13:22:43,46600.0,1000,Sell,231271919
2024-08-13 13:22:43,46600.0,300,Sell,231271915
2024-08-13 13:22:43,46600.0,500,Sell,231271914
2024-08-13 13:22:43,46600.0,1500,Sell,231271913
2024-08-13 13:22:43,46600.0,100,Sell,231271912
2024-08-13 13:22:43,46600.0,500,Sell,231271916
2024-08-13 13:22:55,46600.0,300,Sell,231272202
2024-08-13 13:22:55,46600.0,300,Sell,231272203
2024-08-13 13:22:55,46600.0,400,Sell,231272204
2024-08-13 13:22:55,46600.0,600,Sell,231272205
2024-08-13 13:22:55,46600.0,500,Sell,231272206
2024-08-13 13:23:19,46600.0,800,Buy,231272811
2024-08-13 13:23:19,46600.0,5000,Buy,231272812
2024-08-13 13:23:41,46600.0,800,Sell,231273285
2024-08-13 13:23:41,46600.0,200,Sell,231273284
2024-08-13 13:24:16,46600.0,100,Sell,231273967
2024-08-13 13:25:19,46600.0,1600,Sell,231275665
2024-08-13 13:26:01,46600.0,100,Sell,231276710
2024-08-13 13:26:19,46600.0,100,Sell,231277206
2024-08-13 13:26:26,46650.0,100,Buy,231277358
2024-08-13 13:26:26,46650.0,100,Buy,231277357
2024-08-13 13:26:37,46650.0,200,Buy,231277670
2024-08-13 13:26:47,46650.0,200,Buy,231277960
2024-08-13 13:26:56,46650.0,500,Buy,231278246
2024-08-13 13:27:33,46650.0,400,Buy,231279354
2024-08-13 13:27:34,46650.0,400,Buy,231279458
2024-08-13 13:28:14,46650.0,500,Buy,231280684
2024-08-13 13:29:36,46650.0,200,Buy,231282829
2024-08-13 13:29:41,46600.0,300,Sell,231282974
2024-08-13 13:29:52,46650.0,200,Buy,231283302
2024-08-13 13:30:05,46650.0,800,Buy,231283710
2024-08-13 13:30:20,46650.0,500,Buy,231284130
2024-08-13 13:30:30,46600.0,100,Sell,231284391
2024-08-13 13:30:30,46600.0,300,Sell,231284392
2024-08-13 13:30:39,46650.0,1500,Buy,231284620
2024-08-13 13:30:39,46650.0,1500,Buy,231284618
2024-08-13 13:30:39,46650.0,2000,Buy,231284619
2024-08-13 13:30:43,46650.0,100,Buy,231284687
2024-08-13 13:30:52,46650.0,500,Buy,231284952
2024-08-13 13:30:53,46650.0,2800,Buy,231285015
2024-08-13 13:31:32,46650.0,500,Buy,231286078
2024-08-13 13:32:06,46650.0,2000,Buy,231286853
2024-08-13 13:32:26,46650.0,300,Buy,231287281
2024-08-13 13:32:27,46650.0,300,Buy,231287298
2024-08-13 13:32:38,46650.0,100,Buy,231287524
2024-08-13 13:32:41,46650.0,1000,Buy,231287571
2024-08-13 13:32:45,46650.0,8700,Buy,231287632
2024-08-13 13:32:49,46650.0,100,Buy,231287691
2024-08-13 13:32:53,46650.0,500,Buy,231287748
2024-08-13 13:33:10,46650.0,100,Buy,231288134
2024-08-13 13:33:11,46650.0,500,Buy,231288146
2024-08-13 13:33:12,46650.0,200,Buy,231288153
2024-08-13 13:33:23,46650.0,1600,Buy,231288400
2024-08-13 13:33:23,46650.0,1000,Buy,231288401
2024-08-13 13:33:23,46650.0,1600,Buy,231288399
2024-08-13 13:33:23,46650.0,800,Buy,231288398
2024-08-13 13:33:27,46650.0,400,Buy,231288464
2024-08-13 13:33:27,46650.0,600,Buy,231288461
2024-08-13 13:33:27,46650.0,200,Buy,231288462
2024-08-13 13:33:27,46650.0,1600,Buy,231288463
2024-08-13 13:33:29,46650.0,1600,Sell,231288534
2024-08-13 13:33:50,46650.0,600,Sell,231288972
2024-08-13 13:33:50,46650.0,700,Sell,231288973
2024-08-13 13:35:24,46600.0,2700,Sell,231291181
2024-08-13 13:35:24,46600.0,2300,Sell,231291185
2024-08-13 13:36:45,46600.0,700,Sell,231293445
2024-08-13 13:36:45,46600.0,100,Sell,231293446
2024-08-13 13:36:45,46600.0,100,Sell,231293447
2024-08-13 13:36:45,46600.0,100,Sell,231293448
2024-08-13 13:36:45,46600.0,300,Sell,231293449
2024-08-13 13:36:45,46600.0,300,Sell,231293450
2024-08-13 13:36:54,46650.0,1500,Buy,231293607
2024-08-13 13:39:08,46650.0,100,Buy,231296472
2024-08-13 13:40:26,46650.0,400,Buy,231297989
2024-08-13 13:41:29,46650.0,3500,Buy,231299187
2024-08-13 13:41:32,46650.0,1600,Buy,231299269
2024-08-13 13:41:32,46650.0,3200,Buy,231299270
2024-08-13 13:41:32,46650.0,3200,Buy,231299268
2024-08-13 13:41:38,46650.0,500,Buy,231299478
2024-08-13 13:41:38,46650.0,500,Buy,231299479
2024-08-13 13:41:44,46650.0,3200,Buy,231299728
2024-08-13 13:41:44,46650.0,1600,Buy,231299729
2024-08-13 13:41:44,46650.0,1600,Buy,231299730
2024-08-13 13:41:44,46650.0,1600,Buy,231299731
2024-08-13 13:42:25,46700.0,800,Buy,231300605
2024-08-13 13:42:25,46700.0,100,Buy,231300603
2024-08-13 13:42:25,46700.0,300,Buy,231300604
2024-08-13 13:43:16,46700.0,200,Buy,231301614
2024-08-13 13:43:16,46700.0,100,Buy,231301615
2024-08-13 13:43:16,46700.0,1700,Buy,231301616
2024-08-13 13:43:21,46700.0,100,Buy,231301716
2024-08-13 13:43:31,46700.0,1900,Buy,231301912
2024-08-13 13:43:31,46700.0,100,Buy,231301913
2024-08-13 13:43:50,46700.0,1000,Buy,231302295
2024-08-13 13:44:07,46650.0,100,Sell,231302690
2024-08-13 13:44:55,46650.0,200,Sell,231303764
2024-08-13 13:44:55,46650.0,900,Sell,231303762
2024-08-13 13:44:55,46650.0,500,Sell,231303763
2024-08-13 13:45:12,46700.0,400,Buy,231304165
2024-08-13 13:45:31,46700.0,200,Buy,231304622
2024-08-13 13:45:49,46700.0,500,Buy,231305090
2024-08-13 13:47:41,46700.0,500,Buy,231307597
2024-08-13 13:47:57,46650.0,300,Sell,231307990
2024-08-13 13:47:57,46650.0,1000,Sell,231307991
2024-08-13 13:47:57,46650.0,600,Sell,231307992
2024-08-13 13:47:57,46650.0,1100,Sell,231307993
2024-08-13 13:48:12,46650.0,900,Sell,231308340
2024-08-13 13:48:12,46650.0,300,Sell,231308341
2024-08-13 13:48:12,46650.0,400,Sell,231308342
2024-08-13 13:48:36,46650.0,400,Sell,231309037
2024-08-13 13:48:36,46650.0,200,Sell,231309036
2024-08-13 13:48:36,46650.0,200,Sell,231309035
2024-08-13 13:48:36,46650.0,300,Sell,231309038
2024-08-13 13:48:36,46650.0,100,Sell,231309033
2024-08-13 13:48:36,46650.0,200,Sell,231309032
2024-08-13 13:48:36,46650.0,500,Sell,231309031
2024-08-13 13:48:36,46650.0,600,Sell,231309030
2024-08-13 13:48:36,46650.0,100,Sell,231309034
2024-08-13 13:49:50,46650.0,1000,Buy,231311004
2024-08-13 13:50:42,46650.0,100,Buy,231312423
2024-08-13 13:51:02,46650.0,700,Buy,231312913
2024-08-13 13:51:02,46650.0,1600,Buy,231312914
2024-08-13 13:51:17,46650.0,1200,Sell,231313310
2024-08-13 13:51:28,46700.0,100,Buy,231313598
2024-08-13 13:51:28,46700.0,200,Buy,231313597
2024-08-13 13:51:28,46700.0,1600,Buy,231313596
2024-08-13 13:51:28,46700.0,4500,Buy,231313595
2024-08-13 13:51:28,46700.0,5300,Buy,231313591
2024-08-13 13:51:28,46700.0,100,Buy,231313593
2024-08-13 13:51:28,46700.0,1000,Buy,231313592
2024-08-13 13:51:28,46650.0,100,Buy,231313590
2024-08-13 13:51:28,46650.0,1500,Sell,231313585
2024-08-13 13:51:28,46700.0,1500,Buy,231313594
2024-08-13 13:51:48,46600.0,1400,Sell,231314791
2024-08-13 13:51:48,46600.0,100,Sell,231314790
2024-08-13 13:51:48,46600.0,200,Sell,231314789
2024-08-13 13:51:48,46600.0,300,Sell,231314786
2024-08-13 13:51:48,46600.0,100,Sell,231314787
2024-08-13 13:51:48,46600.0,200,Sell,231314788
2024-08-13 13:51:48,46600.0,2700,Sell,231314785
2024-08-13 13:52:52,46650.0,900,Sell,231316340
2024-08-13 13:53:06,46650.0,100,Sell,231316689
2024-08-13 13:53:06,46650.0,1500,Sell,231316690
2024-08-13 13:53:47,46650.0,5000,Sell,231318122
2024-08-13 13:54:00,46650.0,400,Sell,231318468
2024-08-13 13:54:22,46650.0,5000,Sell,231319119
2024-08-13 13:54:26,46650.0,6000,Sell,231319265
2024-08-13 13:54:44,46650.0,1600,Sell,231319760
2024-08-13 13:55:48,46650.0,500,Sell,231322424
2024-08-13 13:55:48,46650.0,500,Sell,231322425
2024-08-13 13:55:48,46650.0,19000,Sell,231322426
2024-08-13 13:56:03,46650.0,3700,Sell,231323238
2024-08-13 13:56:10,46650.0,18200,Sell,231323395
2024-08-13 13:56:10,46650.0,100,Sell,231323393
2024-08-13 13:56:10,46650.0,100,Sell,231323394
2024-08-13 13:56:10,46650.0,400,Sell,231323391
2024-08-13 13:56:10,46650.0,4300,Sell,231323390
2024-08-13 13:56:10,46650.0,100,Sell,231323392
2024-08-13 13:56:22,46650.0,1600,Sell,231323736
2024-08-13 13:56:51,46650.0,200,Sell,231324946
2024-08-13 13:57:35,46600.0,600,Sell,231326476
2024-08-13 13:57:35,46600.0,2000,Sell,231326477
2024-08-13 13:57:35,46600.0,100,Sell,231326478
2024-08-13 13:57:35,46600.0,1300,Sell,231326479
2024-08-13 13:58:00,46600.0,1500,Sell,231327732
2024-08-13 13:58:08,46600.0,300,Sell,231328188
2024-08-13 13:58:28,46600.0,100,Sell,231329150
2024-08-13 13:58:48,46600.0,100,Sell,231329971
2024-08-13 13:59:16,46650.0,1000,Buy,231331558
2024-08-13 13:59:42,46650.0,300,Buy,231332592
2024-08-13 13:59:45,46650.0,100,Buy,231332735
2024-08-13 14:00:03,46600.0,1600,Sell,231333580
2024-08-13 14:00:15,46600.0,200,Sell,231333966
2024-08-13 14:00:28,46650.0,100,Buy,231334391
2024-08-13 14:00:47,46650.0,100,Buy,231335114
2024-08-13 14:01:26,46600.0,500,Sell,231336897
2024-08-13 14:01:26,46600.0,200,Sell,231336896
2024-08-13 14:01:26,46600.0,200,Sell,231336895
2024-08-13 14:01:26,46600.0,200,Sell,231336894
2024-08-13 14:01:26,46600.0,100,Sell,231336893
2024-08-13 14:01:26,46600.0,4900,Sell,231336887
2024-08-13 14:01:26,46600.0,100,Sell,231336891
2024-08-13 14:01:26,46600.0,100,Sell,231336890
2024-08-13 14:01:26,46600.0,200,Sell,231336889
2024-08-13 14:01:26,46600.0,100,Sell,231336888
2024-08-13 14:01:26,46600.0,200,Sell,231336892
2024-08-13 14:01:30,46600.0,500,Sell,231337154
2024-08-13 14:01:30,46600.0,500,Sell,231337155
2024-08-13 14:01:31,46650.0,200,Buy,231337190
2024-08-13 14:01:31,46650.0,300,Buy,231337191
2024-08-13 14:01:38,46600.0,200,Sell,231337686
2024-08-13 14:01:38,46600.0,100,Sell,231337687
2024-08-13 14:01:38,46600.0,5200,Sell,231337691
2024-08-13 14:01:38,46600.0,200,Sell,231337689
2024-08-13 14:01:38,46600.0,100,Sell,231337690
2024-08-13 14:01:38,46600.0,200,Sell,231337685
2024-08-13 14:01:38,46600.0,100,Sell,231337688
2024-08-13 14:01:38,46600.0,1000,Sell,231337684
2024-08-13 14:01:38,46600.0,200,Sell,231337680
2024-08-13 14:01:38,46600.0,1000,Sell,231337682
2024-08-13 14:01:38,46600.0,200,Sell,231337681
2024-08-13 14:01:38,46600.0,100,Sell,231337679
2024-08-13 14:01:38,46600.0,200,Sell,231337678
2024-08-13 14:01:38,46600.0,100,Sell,231337676
2024-08-13 14:01:38,46600.0,500,Sell,231337675
2024-08-13 14:01:38,46600.0,500,Sell,231337683
2024-08-13 14:01:38,46600.0,100,Sell,231337677
2024-08-13 14:02:00,46600.0,300,Sell,231338669
2024-08-13 14:02:01,46600.0,3000,Sell,231338713
2024-08-13 14:02:29,46650.0,200,Buy,231339964
2024-08-13 14:02:30,46600.0,1000,Sell,231339973
2024-08-13 14:02:40,46600.0,4000,Sell,231340360
2024-08-13 14:02:41,46650.0,200,Buy,231340395
2024-08-13 14:02:42,46600.0,200,Sell,231340414
2024-08-13 14:02:51,46650.0,200,Buy,231340785
2024-08-13 14:02:58,46650.0,400,Buy,231341110
2024-08-13 14:03:06,46650.0,200,Buy,231341403
2024-08-13 14:03:37,46600.0,1500,Sell,231342477
2024-08-13 14:04:12,46600.0,4800,Sell,231343656
2024-08-13 14:04:12,46600.0,100,Sell,231343668
2024-08-13 14:04:12,46600.0,1000,Sell,231343669
2024-08-13 14:04:12,46600.0,200,Sell,231343670
2024-08-13 14:04:12,46600.0,500,Sell,231343671
2024-08-13 14:04:12,46600.0,100,Sell,231343672
2024-08-13 14:04:12,46600.0,100,Sell,231343673
2024-08-13 14:04:12,46600.0,100,Sell,231343674
2024-08-13 14:04:12,46600.0,100,Sell,231343675
2024-08-13 14:04:43,46650.0,500,Buy,231344631
2024-08-13 14:04:51,46650.0,100,Buy,231344797
2024-08-13 14:05:28,46650.0,100,Buy,231345748
2024-08-13 14:05:28,46650.0,1600,Buy,231345742
2024-08-13 14:05:32,46600.0,100,Sell,231345838
2024-08-13 14:05:32,46600.0,200,Sell,231345839
2024-08-13 14:05:32,46600.0,9600,Sell,231345840
2024-08-13 14:05:32,46600.0,100,Sell,231345837
2024-08-13 14:05:49,46650.0,100,Buy,231346357
2024-08-13 14:05:51,46650.0,500,Buy,231346426
2024-08-13 14:06:09,46600.0,400,Sell,231346920
2024-08-13 14:06:09,46600.0,200,Sell,231346922
2024-08-13 14:06:09,46600.0,1000,Sell,231346923
2024-08-13 14:06:09,46600.0,2000,Sell,231346924
2024-08-13 14:06:09,46600.0,500,Sell,231346925
2024-08-13 14:06:09,46600.0,100,Sell,231346921
2024-08-13 14:06:29,46600.0,100,Buy,231347364
2024-08-13 14:06:37,46600.0,300,Buy,231347513
2024-08-13 14:06:42,46600.0,400,Buy,231347588
2024-08-13 14:07:35,46600.0,1600,Sell,231348673
2024-08-13 14:07:35,46600.0,100,Sell,231348668
2024-08-13 14:07:35,46600.0,200,Sell,231348672
2024-08-13 14:07:49,46600.0,400,Sell,231348986
2024-08-13 14:08:09,46600.0,400,Sell,231349581
2024-08-13 14:08:19,46600.0,400,Sell,231349965
2024-08-13 14:08:22,46600.0,200,Sell,231350106
2024-08-13 14:08:22,46600.0,300,Sell,231350107
2024-08-13 14:08:28,46550.0,200,Sell,231350424
2024-08-13 14:08:28,46550.0,200,Sell,231350425
2024-08-13 14:08:36,46550.0,200,Sell,231350794
2024-08-13 14:08:40,46550.0,200,Sell,231350972
2024-08-13 14:08:40,46550.0,400,Sell,231350919
2024-08-13 14:08:41,46550.0,100,Sell,231350991
2024-08-13 14:08:41,46550.0,200,Sell,231350992
2024-08-13 14:08:41,46550.0,4500,Sell,231350993
2024-08-13 14:08:47,46550.0,800,Sell,231351234
2024-08-13 14:08:47,46550.0,500,Sell,231351233
2024-08-13 14:08:47,46550.0,200,Sell,231351232
2024-08-13 14:08:47,46550.0,200,Sell,231351231
2024-08-13 14:08:47,46550.0,100,Sell,231351230
2024-08-13 14:08:47,46550.0,200,Sell,231351229
2024-08-13 14:08:47,46550.0,1000,Sell,231351225
2024-08-13 14:08:47,46550.0,200,Sell,231351227
2024-08-13 14:08:47,46550.0,1000,Sell,231351226
2024-08-13 14:08:47,46550.0,200,Sell,231351224
2024-08-13 14:08:47,46550.0,1000,Sell,231351223
2024-08-13 14:08:47,46550.0,500,Sell,231351222
2024-08-13 14:08:47,46550.0,100,Sell,231351228
2024-08-13 14:08:50,46550.0,200,Sell,231351370
2024-08-13 14:08:50,46550.0,200,Sell,231351371
2024-08-13 14:09:00,46550.0,400,Sell,231351855
2024-08-13 14:09:07,46550.0,4400,Sell,231352125
2024-08-13 14:09:07,46550.0,500,Sell,231352126
2024-08-13 14:09:07,46550.0,200,Sell,231352127
2024-08-13 14:09:07,46550.0,900,Sell,231352128
2024-08-13 14:09:12,46550.0,100,Sell,231352351
2024-08-13 14:09:12,46550.0,100,Sell,231352350
2024-08-13 14:09:12,46550.0,100,Sell,231352349
2024-08-13 14:09:12,46550.0,100,Sell,231352348
2024-08-13 14:09:38,46550.0,100,Sell,231353589
2024-08-13 14:09:38,46550.0,800,Sell,231353587
2024-08-13 14:09:38,46550.0,100,Sell,231353588
2024-08-13 14:10:05,46550.0,200,Sell,231354682
2024-08-13 14:10:12,46550.0,200,Sell,231354918
2024-08-13 14:10:12,46550.0,200,Sell,231354919
2024-08-13 14:10:13,46550.0,500,Sell,231354984
2024-08-13 14:10:13,46550.0,500,Sell,231354985
2024-08-13 14:10:13,46550.0,2200,Sell,231354986
2024-08-13 14:10:13,46550.0,500,Sell,231354987
2024-08-13 14:10:13,46550.0,500,Sell,231354988
2024-08-13 14:10:13,46550.0,800,Sell,231354989
2024-08-13 14:10:16,46600.0,100,Buy,231355082
2024-08-13 14:10:17,46550.0,2000,Sell,231355155
2024-08-13 14:10:37,46550.0,100,Sell,231355916
2024-08-13 14:10:37,46550.0,1000,Sell,231355917
2024-08-13 14:10:37,46550.0,2200,Sell,231355914
2024-08-13 14:10:37,46550.0,200,Sell,231355915
2024-08-13 14:10:38,46500.0,100,Sell,231355944
2024-08-13 14:10:38,46500.0,100,Sell,231355943
2024-08-13 14:10:42,46550.0,100,Buy,231356113
2024-08-13 14:10:50,46500.0,800,Sell,231356444
2024-08-13 14:11:26,46500.0,500,Sell,231357701
2024-08-13 14:11:54,46500.0,1000,Sell,231358894
2024-08-13 14:12:12,46500.0,600,Sell,231359764
2024-08-13 14:12:14,46500.0,3000,Sell,231359828
2024-08-13 14:12:14,46500.0,500,Sell,231359827
2024-08-13 14:12:33,46500.0,2700,Sell,231360393
2024-08-13 14:12:33,46500.0,500,Sell,231360394
2024-08-13 14:12:33,46500.0,1500,Sell,231360395
2024-08-13 14:12:33,46500.0,400,Sell,231360396
2024-08-13 14:12:33,46500.0,300,Sell,231360397
2024-08-13 14:12:33,46500.0,100,Sell,231360398
2024-08-13 14:12:33,46500.0,200,Sell,231360399
2024-08-13 14:12:33,46500.0,100,Sell,231360400
2024-08-13 14:12:49,46500.0,200,Sell,231361514
2024-08-13 14:12:49,46500.0,100,Sell,231361515
2024-08-13 14:12:49,46500.0,100,Sell,231361513
2024-08-13 14:12:49,46500.0,600,Sell,231361516
2024-08-13 14:12:49,46500.0,100,Sell,231361511
2024-08-13 14:12:49,46500.0,100,Sell,231361509
2024-08-13 14:12:49,46500.0,300,Sell,231361512
2024-08-13 14:12:49,46500.0,500,Sell,231361510
2024-08-13 14:12:53,46500.0,500,Sell,231361694
2024-08-13 14:12:53,46500.0,100,Sell,231361693
2024-08-13 14:12:53,46500.0,5000,Sell,231361692
2024-08-13 14:12:53,46500.0,200,Sell,231361691
2024-08-13 14:12:53,46500.0,1000,Sell,231361690
2024-08-13 14:12:53,46500.0,100,Sell,231361689
2024-08-13 14:12:53,46500.0,400,Sell,231361695
2024-08-13 14:12:53,46500.0,400,Sell,231361680
2024-08-13 14:12:53,46500.0,100,Sell,231361686
2024-08-13 14:12:53,46500.0,100,Sell,231361685
2024-08-13 14:12:53,46500.0,200,Sell,231361684
2024-08-13 14:12:53,46500.0,500,Sell,231361683
2024-08-13 14:12:53,46500.0,200,Sell,231361682
2024-08-13 14:12:53,46500.0,100,Sell,231361681
2024-08-13 14:12:53,46500.0,100,Sell,231361687
2024-08-13 14:12:53,46500.0,1000,Sell,231361688
2024-08-13 14:13:03,46500.0,100,Sell,231362016
2024-08-13 14:13:07,46550.0,800,Buy,231362193
2024-08-13 14:13:24,46550.0,200,Buy,231362971
2024-08-13 14:13:53,46550.0,2300,Buy,231364216
2024-08-13 14:14:01,46550.0,1500,Buy,231364498
2024-08-13 14:14:02,46550.0,300,Buy,231364514
2024-08-13 14:14:09,46500.0,300,Sell,231364778
2024-08-13 14:14:49,46550.0,500,Buy,231366492
2024-08-13 14:14:49,46500.0,200,Sell,231366516
2024-08-13 14:14:49,46500.0,200,Sell,231366517
2024-08-13 14:14:49,46500.0,300,Sell,231366519
2024-08-13 14:14:49,46500.0,100,Sell,231366520
2024-08-13 14:14:49,46500.0,1000,Sell,231366521
2024-08-13 14:14:49,46500.0,5000,Sell,231366522
2024-08-13 14:14:49,46500.0,100,Sell,231366523
2024-08-13 14:14:49,46500.0,200,Sell,231366524
2024-08-13 14:14:49,46500.0,500,Sell,231366518
2024-08-13 14:15:06,46550.0,300,Buy,231367013
2024-08-13 14:15:12,46550.0,100,Buy,231367236
2024-08-13 14:15:14,46550.0,300,Buy,231367301
2024-08-13 14:15:31,46550.0,4000,Buy,231367792
2024-08-13 14:15:31,46550.0,10000,Buy,231367793
2024-08-13 14:15:31,46550.0,900,Buy,231367794
2024-08-13 14:15:31,46550.0,100,Buy,231367791
2024-08-13 14:15:56,46600.0,300,Buy,231368451
2024-08-13 14:15:59,46550.0,100,Sell,231368543
2024-08-13 14:16:26,46550.0,100,Sell,231369294
2024-08-13 14:16:26,46550.0,300,Sell,231369295
2024-08-13 14:16:36,46600.0,200,Buy,231369592
2024-08-13 14:17:36,46600.0,100,Buy,231371043
2024-08-13 14:17:37,46550.0,100,Sell,231371067
2024-08-13 14:17:47,46550.0,1600,Sell,231371291
2024-08-13 14:17:47,46550.0,300,Sell,231371290
2024-08-13 14:17:47,46550.0,500,Sell,231371289
2024-08-13 14:17:47,46550.0,4600,Sell,231371288
2024-08-13 14:17:48,46550.0,700,Sell,231371321
2024-08-13 14:18:22,46500.0,500,Sell,231372076
2024-08-13 14:18:22,46500.0,100,Sell,231372078
2024-08-13 14:18:22,46500.0,500,Sell,231372079
2024-08-13 14:18:22,46500.0,100,Sell,231372080
2024-08-13 14:18:22,46500.0,500,Sell,231372081
2024-08-13 14:18:22,46500.0,300,Sell,231372082
2024-08-13 14:18:22,46500.0,300,Sell,231372083
2024-08-13 14:18:22,46500.0,1000,Sell,231372084
2024-08-13 14:18:22,46500.0,100,Sell,231372085
2024-08-13 14:18:22,46500.0,100,Sell,231372093
2024-08-13 14:18:22,46500.0,5000,Sell,231372087
2024-08-13 14:18:22,46500.0,100,Sell,231372088
2024-08-13 14:18:22,46500.0,500,Sell,231372089
2024-08-13 14:18:22,46500.0,100,Sell,231372090
2024-08-13 14:18:22,46500.0,100,Sell,231372091
2024-08-13 14:18:22,46500.0,2000,Sell,231372092
2024-08-13 14:18:22,46500.0,5000,Sell,231372094
2024-08-13 14:18:22,46500.0,200,Sell,231372095
2024-08-13 14:18:22,46500.0,400,Sell,231372096
2024-08-13 14:18:22,46500.0,2000,Sell,231372086
2024-08-13 14:18:22,46500.0,200,Sell,231372075
2024-08-13 14:18:22,46500.0,100,Sell,231372077
2024-08-13 14:18:22,46500.0,12000,Sell,231372073
2024-08-13 14:18:22,46500.0,800,Sell,231372053
2024-08-13 14:18:22,46500.0,1000,Sell,231372055
2024-08-13 14:18:22,46500.0,5000,Sell,231372056
2024-08-13 14:18:22,46500.0,2000,Sell,231372057
2024-08-13 14:18:22,46500.0,100,Sell,231372058
2024-08-13 14:18:22,46500.0,400,Sell,231372059
2024-08-13 14:18:22,46500.0,500,Sell,231372060
2024-08-13 14:18:22,46500.0,100,Sell,231372061
2024-08-13 14:18:22,46500.0,100,Sell,231372062
2024-08-13 14:18:22,46500.0,1400,Sell,231372054
2024-08-13 14:18:22,46500.0,100,Sell,231372064
2024-08-13 14:18:22,46500.0,600,Sell,231372063
2024-08-13 14:18:22,46500.0,1000,Sell,231372072
2024-08-13 14:18:22,46500.0,500,Sell,231372071
2024-08-13 14:18:22,46500.0,500,Sell,231372070
2024-08-13 14:18:22,46500.0,100,Sell,231372074
2024-08-13 14:18:22,46500.0,3000,Sell,231372068
2024-08-13 14:18:22,46500.0,1000,Sell,231372067
2024-08-13 14:18:22,46500.0,500,Sell,231372069
2024-08-13 14:18:22,46500.0,100,Sell,231372066
2024-08-13 14:18:22,46500.0,10000,Sell,231372065
2024-08-13 14:18:40,46500.0,600,Sell,231372557
2024-08-13 14:18:47,46500.0,200,Sell,231372728
2024-08-13 14:18:52,46500.0,1300,Sell,231372823
2024-08-13 14:18:52,46500.0,100,Sell,231372822
2024-08-13 14:18:52,46500.0,300,Sell,231372821
2024-08-13 14:19:07,46500.0,300,Buy,231373214
2024-08-13 14:19:07,46500.0,400,Buy,231373215
2024-08-13 14:19:22,46500.0,900,Buy,231373661
2024-08-13 14:20:27,46550.0,100,Buy,231375407
2024-08-13 14:20:27,46550.0,400,Buy,231375408
2024-08-13 14:21:29,46600.0,1200,Buy,231377128
2024-08-13 14:21:38,46600.0,500,Buy,231377462
2024-08-13 14:21:38,46600.0,500,Buy,231377463
2024-08-13 14:21:50,46600.0,100,Buy,231377723
2024-08-13 14:22:02,46600.0,400,Buy,231378151
2024-08-13 14:22:19,46600.0,2000,Buy,231378679
2024-08-13 14:22:43,46600.0,400,Buy,231379476
2024-08-13 14:22:43,46600.0,100,Buy,231379475
2024-08-13 14:22:43,46600.0,3700,Buy,231379473
2024-08-13 14:22:43,46600.0,100,Buy,231379474
2024-08-13 14:22:43,46600.0,700,Buy,231379472
2024-08-13 14:23:07,46600.0,200,Buy,231380314
2024-08-13 14:23:07,46600.0,2200,Buy,231380315
2024-08-13 14:23:07,46600.0,400,Buy,231380316
2024-08-13 14:24:33,46600.0,700,Sell,231383645
2024-08-13 14:24:36,46600.0,100,Sell,231383710
2024-08-13 14:24:50,46650.0,1000,Buy,231384316
2024-08-13 14:25:43,46650.0,500,Buy,231386554
2024-08-13 14:26:01,46650.0,200,Buy,231387330
2024-08-13 14:26:15,46600.0,1600,Sell,231387937
2024-08-13 14:26:15,46600.0,1400,Sell,231387936
2024-08-13 14:26:21,46650.0,1000,Buy,231388231
2024-08-13 14:26:26,46650.0,200,Buy,231388368
2024-08-13 14:27:02,46600.0,2000,Sell,231389969
2024-08-13 14:27:04,46650.0,100,Buy,231390088
2024-08-13 14:27:09,46650.0,1700,Buy,231390265
2024-08-13 14:27:09,46650.0,300,Buy,231390266
2024-08-13 14:27:11,46650.0,2000,Buy,231390352
2024-08-13 14:27:13,46650.0,8600,Buy,231390446
2024-08-13 14:27:13,46650.0,1400,Buy,231390445
2024-08-13 14:27:19,46650.0,1400,Buy,231390703
2024-08-13 14:27:23,46650.0,5000,Buy,231390907
2024-08-13 14:27:25,46650.0,1000,Buy,231391031
2024-08-13 14:27:29,46650.0,100,Buy,231391342
2024-08-13 14:27:30,46650.0,100,Buy,231391371
2024-08-13 14:27:30,46650.0,2000,Buy,231391379
2024-08-13 14:27:31,46650.0,100,Buy,231391393
2024-08-13 14:27:39,46650.0,400,Buy,231391714
2024-08-13 14:27:45,46650.0,400,Buy,231391944
2024-08-13 14:27:45,46650.0,200,Buy,231391943
2024-08-13 14:27:45,46650.0,400,Buy,231391941
2024-08-13 14:27:45,46650.0,100,Buy,231391939
2024-08-13 14:27:45,46650.0,400,Buy,231391942
2024-08-13 14:27:51,46650.0,200,Sell,231392333
2024-08-13 14:28:03,46700.0,100,Buy,231392874
2024-08-13 14:28:03,46700.0,4900,Buy,231392875
2024-08-13 14:28:14,46700.0,10000,Buy,231393378
2024-08-13 14:29:05,46750.0,100,Buy,231395803
2024-08-13 14:44:38,46650.0,88200,ATO/ATC,231397523
