time,price,volume,match_type,id
2024-08-21 09:14:37,49450.0,25100,ATO/ATC,233327106
2024-08-21 09:15:38,49400.0,100,Buy,233329271
2024-08-21 09:15:38,49400.0,100,Buy,233329272
2024-08-21 09:15:53,49400.0,100,Buy,233329920
2024-08-21 09:16:00,49400.0,100,Buy,233330183
2024-08-21 09:16:00,49400.0,500,Buy,233330166
2024-08-21 09:16:21,49300.0,100,Sell,233330995
2024-08-21 09:16:42,49250.0,100,Sell,233331759
2024-08-21 09:17:04,49250.0,100,Sell,233332799
2024-08-21 09:17:13,49250.0,100,Sell,233333201
2024-08-21 09:17:18,49250.0,1000,Sell,233333437
2024-08-21 09:17:18,49250.0,100,Sell,233333436
2024-08-21 09:17:24,49250.0,1800,Sell,233333658
2024-08-21 09:17:37,49200.0,200,Sell,233334237
2024-08-21 09:17:37,49200.0,500,Sell,233334238
2024-08-21 09:17:37,49200.0,1000,Sell,233334239
2024-08-21 09:17:48,49200.0,1000,Sell,233334690
2024-08-21 09:17:48,49200.0,1300,Sell,233334691
2024-08-21 09:17:49,49200.0,1000,Sell,233334763
2024-08-21 09:17:49,49200.0,2000,Sell,233334761
2024-08-21 09:17:49,49200.0,3000,Sell,233334762
2024-08-21 09:17:49,49200.0,200,Sell,233334760
2024-08-21 09:18:04,49150.0,100,Sell,233335274
2024-08-21 09:18:04,49150.0,100,Sell,233335275
2024-08-21 09:18:04,49150.0,800,Sell,233335276
2024-08-21 09:18:05,49150.0,300,Sell,233335330
2024-08-21 09:18:05,49150.0,1000,Sell,233335332
2024-08-21 09:18:05,49150.0,400,Sell,233335331
2024-08-21 09:18:05,49150.0,100,Sell,233335329
2024-08-21 09:18:05,49150.0,2000,Sell,233335327
2024-08-21 09:18:05,49150.0,700,Sell,233335325
2024-08-21 09:18:05,49150.0,1100,Sell,233335328
2024-08-21 09:18:05,49150.0,500,Sell,233335326
2024-08-21 09:18:20,49150.0,100,Sell,233335910
2024-08-21 09:18:22,49150.0,400,Sell,233335990
2024-08-21 09:18:22,49150.0,500,Sell,233335991
2024-08-21 09:18:22,49150.0,100,Sell,233335992
2024-08-21 09:18:29,49150.0,200,Sell,233336240
2024-08-21 09:18:29,49150.0,100,Sell,233336241
2024-08-21 09:18:33,49150.0,4600,Sell,233336377
2024-08-21 09:18:34,49100.0,500,Sell,233336418
2024-08-21 09:18:34,49100.0,400,Sell,233336419
2024-08-21 09:18:34,49100.0,500,Sell,233336416
2024-08-21 09:18:34,49100.0,500,Sell,233336417
2024-08-21 09:18:41,49050.0,200,Sell,233336693
2024-08-21 09:18:44,49100.0,100,Sell,233336867
2024-08-21 09:18:45,49100.0,300,Sell,233336925
2024-08-21 09:18:55,49100.0,100,Sell,233337316
2024-08-21 09:18:56,49100.0,100,Sell,233337351
2024-08-21 09:19:01,49100.0,100,Sell,233337593
2024-08-21 09:19:05,49100.0,300,Sell,233337841
2024-08-21 09:19:10,49100.0,100,Sell,233338072
2024-08-21 09:19:22,49150.0,800,Buy,233338495
2024-08-21 09:19:27,49100.0,500,Sell,233338646
2024-08-21 09:19:40,49100.0,900,Sell,233339187
2024-08-21 09:19:40,49100.0,300,Sell,233339188
2024-08-21 09:19:41,49100.0,300,Buy,233339198
2024-08-21 09:19:44,49100.0,1200,Buy,233339327
2024-08-21 09:19:44,49100.0,600,Sell,233339343
2024-08-21 09:20:02,49100.0,100,Sell,233340091
2024-08-21 09:20:04,49100.0,1000,Sell,233340118
2024-08-21 09:20:16,49100.0,100,Sell,233340572
2024-08-21 09:20:20,49100.0,100,Sell,233340738
2024-08-21 09:20:24,49100.0,200,Sell,233340825
2024-08-21 09:20:37,49100.0,1700,Sell,233341417
2024-08-21 09:20:45,49100.0,2300,Buy,233341833
2024-08-21 09:20:45,49100.0,2700,Buy,233341834
2024-08-21 09:21:06,49050.0,100,Sell,233342700
2024-08-21 09:21:19,49050.0,500,Sell,233343486
2024-08-21 09:21:22,49100.0,800,Buy,233343588
2024-08-21 09:21:30,49050.0,100,Sell,233343926
2024-08-21 09:21:33,49100.0,200,Buy,233344021
2024-08-21 09:21:33,49100.0,100,Buy,233344029
2024-08-21 09:22:04,49100.0,200,Buy,233345459
2024-08-21 09:22:37,49150.0,3200,Buy,233346744
2024-08-21 09:22:37,49150.0,100,Buy,233346743
2024-08-21 09:22:37,49150.0,100,Buy,233346742
2024-08-21 09:22:37,49150.0,100,Buy,233346741
2024-08-21 09:22:37,49150.0,100,Buy,233346740
2024-08-21 09:22:37,49150.0,8600,Buy,233346739
2024-08-21 09:22:37,49100.0,5000,Buy,233346738
2024-08-21 09:22:37,49100.0,400,Buy,233346735
2024-08-21 09:22:37,49100.0,400,Buy,233346734
2024-08-21 09:22:37,49100.0,400,Buy,233346733
2024-08-21 09:22:37,49100.0,100,Buy,233346732
2024-08-21 09:22:37,49100.0,100,Buy,233346731
2024-08-21 09:22:37,49100.0,400,Buy,233346730
2024-08-21 09:22:37,49100.0,1000,Buy,233346729
2024-08-21 09:22:37,49100.0,5000,Buy,233346737
2024-08-21 09:22:53,49100.0,200,Buy,233347331
2024-08-21 09:22:55,49150.0,1800,Buy,233347371
2024-08-21 09:22:56,49200.0,1600,Buy,233347464
2024-08-21 09:22:56,49200.0,100,Buy,233347463
2024-08-21 09:22:56,49200.0,1000,Buy,233347449
2024-08-21 09:22:56,49200.0,100,Buy,233347462
2024-08-21 09:22:56,49200.0,900,Buy,233347450
2024-08-21 09:23:11,49200.0,3600,Buy,233348189
2024-08-21 09:23:11,49200.0,1400,Buy,233348190
2024-08-21 09:23:13,49200.0,600,Buy,233348267
2024-08-21 09:23:13,49200.0,1000,Buy,233348268
2024-08-21 09:23:25,49150.0,300,Buy,233348684
2024-08-21 09:23:26,49150.0,400,Buy,233348701
2024-08-21 09:23:27,49150.0,2000,Buy,233348754
2024-08-21 09:23:33,49150.0,300,Buy,233349002
2024-08-21 09:23:33,49150.0,500,Buy,233349005
2024-08-21 09:23:53,49150.0,100,Buy,233349744
2024-08-21 09:23:57,49150.0,3000,Buy,233349965
2024-08-21 09:24:05,49100.0,200,Sell,233350364
2024-08-21 09:24:13,49150.0,400,Buy,233350653
2024-08-21 09:24:13,49150.0,200,Buy,233350661
2024-08-21 09:24:29,49150.0,200,Buy,233351354
2024-08-21 09:24:33,49150.0,100,Buy,233351533
2024-08-21 09:24:33,49150.0,100,Buy,233351539
2024-08-21 09:24:38,49150.0,500,Buy,233351785
2024-08-21 09:24:53,49150.0,100,Buy,233352498
2024-08-21 09:25:09,49150.0,500,Buy,233353192
2024-08-21 09:25:13,49150.0,100,Buy,233353431
2024-08-21 09:25:13,49150.0,100,Buy,233353429
2024-08-21 09:25:16,49100.0,200,Sell,233353555
2024-08-21 09:25:16,49100.0,500,Sell,233353556
2024-08-21 09:25:16,49100.0,200,Sell,233353557
2024-08-21 09:25:16,49100.0,1100,Sell,233353558
2024-08-21 09:25:16,49150.0,1000,Buy,233353563
2024-08-21 09:25:16,49100.0,500,Sell,233353538
2024-08-21 09:25:23,49100.0,500,Sell,233353853
2024-08-21 09:25:33,49150.0,300,Buy,233354330
2024-08-21 09:25:33,49150.0,100,Buy,233354327
2024-08-21 09:25:33,49150.0,400,Buy,233354328
2024-08-21 09:25:33,49150.0,100,Buy,233354329
2024-08-21 09:25:42,49150.0,500,Buy,233354708
2024-08-21 09:25:42,49150.0,600,Buy,233354709
2024-08-21 09:25:53,49150.0,100,Buy,233355145
2024-08-21 09:25:53,49150.0,200,Buy,233355154
2024-08-21 09:26:05,49150.0,1000,Buy,233355722
2024-08-21 09:26:09,49150.0,100,Buy,233355873
2024-08-21 09:26:10,49150.0,500,Buy,233355888
2024-08-21 09:26:10,49150.0,600,Buy,233355887
2024-08-21 09:26:13,49150.0,400,Buy,233355999
2024-08-21 09:26:13,49150.0,100,Buy,233355998
2024-08-21 09:26:23,49200.0,6300,Buy,233356428
2024-08-21 09:26:23,49200.0,5000,Buy,233356427
2024-08-21 09:26:23,49200.0,10000,Buy,233356426
2024-08-21 09:26:23,49200.0,400,Buy,233356425
2024-08-21 09:26:23,49200.0,2800,Buy,233356424
2024-08-21 09:26:23,49150.0,5500,Buy,233356418
2024-08-21 09:26:23,49150.0,1200,Buy,233356422
2024-08-21 09:26:23,49150.0,900,Buy,233356421
2024-08-21 09:26:23,49150.0,500,Buy,233356420
2024-08-21 09:26:23,49150.0,400,Buy,233356419
2024-08-21 09:26:23,49200.0,2000,Buy,233356423
2024-08-21 09:26:33,49200.0,300,Buy,233356832
2024-08-21 09:26:35,49250.0,200,Buy,233356895
2024-08-21 09:26:35,49250.0,2000,Buy,233356896
2024-08-21 09:26:35,49250.0,2900,Buy,233356897
2024-08-21 09:26:36,49250.0,2100,Buy,233356910
2024-08-21 09:26:36,49250.0,100,Buy,233356911
2024-08-21 09:26:36,49250.0,100,Buy,233356912
2024-08-21 09:26:37,49300.0,200,Buy,233357009
2024-08-21 09:26:37,49300.0,100,Buy,233357010
2024-08-21 09:26:38,49300.0,600,Buy,233357070
2024-08-21 09:26:38,49300.0,300,Buy,233357067
2024-08-21 09:26:38,49300.0,100,Buy,233357068
2024-08-21 09:26:38,49300.0,100,Buy,233357069
2024-08-21 09:26:42,49150.0,100,Sell,233357256
2024-08-21 09:26:53,49300.0,200,Buy,233357699
2024-08-21 09:26:53,49300.0,300,Buy,233357698
2024-08-21 09:26:54,49300.0,600,Buy,233357700
2024-08-21 09:27:06,49300.0,600,Buy,233358142
2024-08-21 09:27:06,49300.0,500,Buy,233358143
2024-08-21 09:27:13,49300.0,100,Buy,233358469
2024-08-21 09:27:13,49300.0,100,Buy,233358470
2024-08-21 09:27:14,49300.0,100,Buy,233358479
2024-08-21 09:27:18,49300.0,500,Buy,233358650
2024-08-21 09:27:18,49300.0,500,Buy,233358651
2024-08-21 09:27:18,49300.0,4900,Buy,233358652
2024-08-21 09:27:34,49300.0,100,Buy,233359257
2024-08-21 09:27:34,49300.0,100,Buy,233359252
2024-08-21 09:27:34,49300.0,100,Buy,233359253
2024-08-21 09:27:34,49300.0,400,Buy,233359254
2024-08-21 09:27:34,49300.0,300,Buy,233359255
2024-08-21 09:27:35,49350.0,2000,Buy,233359309
2024-08-21 09:27:35,49350.0,100,Buy,233359308
2024-08-21 09:27:35,49350.0,700,Buy,233359306
2024-08-21 09:27:35,49350.0,200,Buy,233359307
2024-08-21 09:27:35,49350.0,300,Buy,233359305
2024-08-21 09:27:53,49350.0,300,Buy,233360282
2024-08-21 09:27:53,49300.0,100,Sell,233360245
2024-08-21 09:27:54,49350.0,600,Buy,233360301
2024-08-21 09:27:55,49350.0,1000,Buy,233360376
2024-08-21 09:28:02,49350.0,500,Buy,233360732
2024-08-21 09:28:02,49350.0,600,Buy,233360733
2024-08-21 09:28:07,49350.0,200,Buy,233360979
2024-08-21 09:28:12,49400.0,2700,Buy,233361238
2024-08-21 09:28:12,49400.0,100,Buy,233361237
2024-08-21 09:28:12,49400.0,1000,Buy,233361236
2024-08-21 09:28:12,49400.0,100,Buy,233361235
2024-08-21 09:28:12,49400.0,100,Buy,233361233
2024-08-21 09:28:12,49400.0,200,Buy,233361232
2024-08-21 09:28:12,49400.0,500,Buy,233361231
2024-08-21 09:28:12,49400.0,200,Buy,233361230
2024-08-21 09:28:12,49400.0,100,Buy,233361234
2024-08-21 09:28:13,49400.0,600,Buy,233361281
2024-08-21 09:28:14,49400.0,1100,Buy,233361288
2024-08-21 09:28:16,49400.0,100,Buy,233361327
2024-08-21 09:28:26,49400.0,300,Buy,233361761
2024-08-21 09:28:30,49400.0,600,Buy,233361941
2024-08-21 09:28:30,49400.0,300,Buy,233361935
2024-08-21 09:28:30,49400.0,200,Buy,233361934
2024-08-21 09:28:34,49400.0,100,Buy,233362187
2024-08-21 09:28:34,49400.0,100,Buy,233362180
2024-08-21 09:28:34,49400.0,300,Buy,233362186
2024-08-21 09:28:50,49400.0,1000,Buy,233362895
2024-08-21 09:28:50,49400.0,400,Buy,233362896
2024-08-21 09:28:50,49400.0,3600,Buy,233362897
2024-08-21 09:28:54,49400.0,700,Buy,233363136
2024-08-21 09:28:54,49400.0,400,Buy,233363139
2024-08-21 09:28:58,49400.0,300,Buy,233363423
2024-08-21 09:28:58,49400.0,100,Buy,233363425
2024-08-21 09:28:58,49400.0,100,Buy,233363424
2024-08-21 09:29:14,49450.0,200,Buy,233364137
2024-08-21 09:29:14,49450.0,100,Buy,233364140
2024-08-21 09:29:25,49450.0,100,Buy,233364794
2024-08-21 09:29:25,49450.0,200,Buy,233364790
2024-08-21 09:29:25,49450.0,200,Buy,233364791
2024-08-21 09:29:25,49450.0,100,Buy,233364792
2024-08-21 09:29:25,49450.0,500,Buy,233364793
2024-08-21 09:29:34,49450.0,200,Buy,233365282
2024-08-21 09:29:34,49450.0,100,Buy,233365288
2024-08-21 09:29:43,49450.0,100,Buy,233365682
2024-08-21 09:29:43,49450.0,400,Buy,233365681
2024-08-21 09:29:43,49450.0,100,Buy,233365680
2024-08-21 09:29:43,49450.0,5000,Buy,233365679
2024-08-21 09:29:43,49450.0,800,Buy,233365674
2024-08-21 09:29:43,49450.0,700,Buy,233365677
2024-08-21 09:29:43,49450.0,100,Buy,233365676
2024-08-21 09:29:43,49450.0,1000,Buy,233365675
2024-08-21 09:29:43,49450.0,500,Buy,233365678
2024-08-21 09:29:43,49450.0,100,Buy,233365683
2024-08-21 09:29:53,49500.0,100,Buy,233366201
2024-08-21 09:29:53,49500.0,100,Buy,233366206
2024-08-21 09:29:53,49500.0,200,Buy,233366207
2024-08-21 09:29:53,49500.0,100,Buy,233366208
2024-08-21 09:29:53,49500.0,100,Buy,233366209
2024-08-21 09:29:53,49500.0,500,Buy,233366210
2024-08-21 09:29:54,49500.0,100,Buy,233366276
2024-08-21 09:29:54,49500.0,400,Buy,233366277
2024-08-21 09:29:54,49500.0,500,Buy,233366275
2024-08-21 09:29:54,49500.0,400,Buy,233366273
2024-08-21 09:29:54,49500.0,600,Buy,233366270
2024-08-21 09:29:54,49500.0,100,Buy,233366269
2024-08-21 09:29:54,49500.0,100,Buy,233366274
2024-08-21 09:30:08,49500.0,100,Buy,233367081
2024-08-21 09:30:08,49500.0,1000,Buy,233367082
2024-08-21 09:30:08,49500.0,900,Buy,233367083
2024-08-21 09:30:09,49450.0,1000,Sell,233367109
2024-08-21 09:30:14,49500.0,400,Buy,233367299
2024-08-21 09:30:14,49450.0,100,Sell,233367278
2024-08-21 09:30:14,49500.0,100,Buy,233367277
2024-08-21 09:30:14,49500.0,100,Buy,233367276
2024-08-21 09:30:14,49500.0,200,Buy,233367274
2024-08-21 09:30:14,49500.0,100,Buy,233367273
2024-08-21 09:30:14,49500.0,100,Buy,233367275
2024-08-21 09:30:21,49500.0,500,Buy,233367675
2024-08-21 09:30:21,49500.0,100,Buy,233367676
2024-08-21 09:30:21,49500.0,100,Buy,233367677
2024-08-21 09:30:21,49500.0,400,Buy,233367678
2024-08-21 09:30:28,49500.0,1000,Buy,233368022
2024-08-21 09:30:34,49500.0,400,Buy,233368413
2024-08-21 09:30:34,49500.0,100,Buy,233368401
2024-08-21 09:30:35,49450.0,100,Sell,233368457
2024-08-21 09:30:45,49500.0,700,Buy,233368895
2024-08-21 09:30:45,49500.0,600,Buy,233368907
2024-08-21 09:30:45,49500.0,600,Buy,233368906
2024-08-21 09:30:45,49500.0,300,Buy,233368904
2024-08-21 09:30:45,49500.0,200,Buy,233368903
2024-08-21 09:30:45,49500.0,1000,Buy,233368902
2024-08-21 09:30:45,49500.0,600,Buy,233368894
2024-08-21 09:30:45,49500.0,100,Buy,233368900
2024-08-21 09:30:45,49500.0,1000,Buy,233368899
2024-08-21 09:30:45,49500.0,200,Buy,233368898
2024-08-21 09:30:45,49500.0,10000,Buy,233368897
2024-08-21 09:30:45,49500.0,2000,Buy,233368896
2024-08-21 09:30:45,49500.0,2700,Buy,233368901
2024-08-21 09:30:47,49450.0,1400,Sell,233369015
2024-08-21 09:30:47,49450.0,1000,Sell,233369016
2024-08-21 09:30:47,49450.0,400,Sell,233369017
2024-08-21 09:30:47,49450.0,200,Sell,233369018
2024-08-21 09:30:49,49500.0,300,Buy,233369088
2024-08-21 09:30:49,49500.0,200,Buy,233369087
2024-08-21 09:30:49,49500.0,100,Buy,233369085
2024-08-21 09:30:49,49500.0,400,Buy,233369084
2024-08-21 09:30:49,49500.0,100,Buy,233369086
2024-08-21 09:30:54,49500.0,1000,Buy,233369236
2024-08-21 09:30:54,49500.0,700,Buy,233369234
2024-08-21 09:30:54,49500.0,400,Buy,233369235
2024-08-21 09:30:54,49500.0,100,Buy,233369237
2024-08-21 09:30:54,49500.0,1500,Buy,233369238
2024-08-21 09:30:54,49500.0,1800,Buy,233369244
2024-08-21 09:30:54,49500.0,700,Buy,233369265
2024-08-21 09:30:54,49500.0,300,Buy,233369266
2024-08-21 09:30:55,49500.0,300,Buy,233369276
2024-08-21 09:30:56,49500.0,100,Buy,233369325
2024-08-21 09:30:56,49500.0,1000,Buy,233369326
2024-08-21 09:30:56,49500.0,400,Buy,233369324
2024-08-21 09:31:14,49550.0,100,Buy,233370212
2024-08-21 09:31:14,49550.0,400,Buy,233370213
2024-08-21 09:31:14,49550.0,600,Buy,233370234
2024-08-21 09:31:14,49550.0,100,Buy,233370235
2024-08-21 09:31:17,49550.0,400,Buy,233370484
2024-08-21 09:31:17,49550.0,100,Buy,233370483
2024-08-21 09:31:17,49550.0,100,Buy,233370482
2024-08-21 09:31:17,49550.0,100,Buy,233370480
2024-08-21 09:31:17,49550.0,400,Buy,233370481
2024-08-21 09:31:19,49500.0,500,Sell,233370560
2024-08-21 09:31:19,49500.0,1800,Sell,233370561
2024-08-21 09:31:23,49550.0,600,Buy,233370729
2024-08-21 09:31:23,49550.0,200,Buy,233370730
2024-08-21 09:31:23,49550.0,5000,Buy,233370731
2024-08-21 09:31:23,49550.0,1000,Buy,233370732
2024-08-21 09:31:23,49550.0,1000,Buy,233370733
2024-08-21 09:31:23,49550.0,100,Buy,233370734
2024-08-21 09:31:23,49550.0,400,Buy,233370735
2024-08-21 09:31:31,49600.0,200,Buy,233371145
2024-08-21 09:31:31,49600.0,100,Buy,233371142
2024-08-21 09:31:31,49600.0,300,Buy,233371143
2024-08-21 09:31:31,49600.0,400,Buy,233371144
2024-08-21 09:31:32,49600.0,2800,Buy,233371157
2024-08-21 09:31:32,49600.0,100,Buy,233371160
2024-08-21 09:31:32,49600.0,100,Buy,233371161
2024-08-21 09:31:32,49600.0,200,Buy,233371162
2024-08-21 09:31:34,49600.0,600,Buy,233371245
2024-08-21 09:31:34,49600.0,1000,Buy,233371244
2024-08-21 09:31:34,49600.0,200,Buy,233371241
2024-08-21 09:31:34,49600.0,100,Buy,233371242
2024-08-21 09:31:34,49600.0,500,Buy,233371240
2024-08-21 09:31:34,49600.0,100,Buy,233371243
2024-08-21 09:31:35,49600.0,400,Buy,233371248
2024-08-21 09:31:35,49600.0,800,Buy,233371249
2024-08-21 09:31:35,49600.0,1000,Buy,233371255
2024-08-21 09:31:42,49600.0,500,Buy,233371604
2024-08-21 09:31:42,49600.0,100,Buy,233371605
2024-08-21 09:31:43,49600.0,200,Sell,233371630
2024-08-21 09:31:45,49550.0,300,Sell,233371760
2024-08-21 09:31:45,49600.0,200,Sell,233371759
2024-08-21 09:31:45,49650.0,100,Buy,233371724
2024-08-21 09:31:45,49650.0,500,Buy,233371720
2024-08-21 09:31:45,49650.0,200,Buy,233371722
2024-08-21 09:31:45,49650.0,200,Buy,233371721
2024-08-21 09:31:45,49650.0,100,Buy,233371723
2024-08-21 09:31:46,49700.0,100,Buy,233371790
2024-08-21 09:31:46,49700.0,1000,Buy,233371787
2024-08-21 09:31:46,49700.0,100,Buy,233371792
2024-08-21 09:31:46,49700.0,1300,Buy,233371793
2024-08-21 09:31:46,49700.0,100,Buy,233371791
2024-08-21 09:31:46,49700.0,100,Buy,233371786
2024-08-21 09:31:46,49700.0,100,Buy,233371789
2024-08-21 09:31:46,49650.0,100,Buy,233371784
2024-08-21 09:31:46,49650.0,200,Buy,233371785
2024-08-21 09:31:46,49650.0,100,Buy,233371779
2024-08-21 09:31:46,49650.0,1000,Buy,233371780
2024-08-21 09:31:46,49700.0,100,Buy,233371788
2024-08-21 09:31:46,49650.0,200,Buy,233371782
2024-08-21 09:31:46,49650.0,300,Buy,233371781
2024-08-21 09:31:46,49650.0,200,Buy,233371783
2024-08-21 09:31:53,49700.0,100,Buy,233372108
2024-08-21 09:31:54,49700.0,900,Buy,233372182
2024-08-21 09:31:54,49700.0,700,Buy,233372184
2024-08-21 09:31:54,49700.0,600,Buy,233372181
2024-08-21 09:31:57,49650.0,100,Buy,233372324
2024-08-21 09:32:01,49650.0,100,Buy,233372509
2024-08-21 09:32:05,49650.0,100,Buy,233372736
2024-08-21 09:32:05,49650.0,900,Buy,233372737
2024-08-21 09:32:13,49650.0,300,Sell,233373176
2024-08-21 09:32:13,49650.0,100,Buy,233373153
2024-08-21 09:32:14,49650.0,200,Sell,233373191
2024-08-21 09:32:14,49650.0,500,Sell,233373192
2024-08-21 09:32:14,49650.0,200,Buy,233373211
2024-08-21 09:32:14,49650.0,100,Buy,233373238
2024-08-21 09:32:14,49700.0,300,Buy,233373239
2024-08-21 09:32:25,49700.0,1900,Buy,233373794
2024-08-21 09:32:25,49700.0,8100,Buy,233373793
2024-08-21 09:32:28,49700.0,1000,Buy,233373943
2024-08-21 09:32:31,49700.0,2100,Buy,233374120
2024-08-21 09:32:31,49700.0,100,Buy,233374131
2024-08-21 09:32:31,49700.0,300,Buy,233374130
2024-08-21 09:32:31,49700.0,400,Buy,233374128
2024-08-21 09:32:31,49700.0,500,Buy,233374127
2024-08-21 09:32:31,49700.0,500,Buy,233374126
2024-08-21 09:32:31,49700.0,1000,Buy,233374129
2024-08-21 09:32:31,49700.0,500,Buy,233374124
2024-08-21 09:32:31,49700.0,1000,Buy,233374123
2024-08-21 09:32:31,49700.0,2900,Buy,233374122
2024-08-21 09:32:31,49700.0,1000,Buy,233374121
2024-08-21 09:32:31,49700.0,800,Buy,233374125
2024-08-21 09:32:31,49600.0,200,Buy,233374119
2024-08-21 09:32:32,49700.0,10100,Sell,233374206
2024-08-21 09:32:34,49750.0,100,Buy,233374327
2024-08-21 09:32:34,49750.0,2500,Buy,233374341
2024-08-21 09:32:34,49750.0,600,Buy,233374330
2024-08-21 09:32:34,49750.0,100,Buy,233374329
2024-08-21 09:32:34,49750.0,3200,Buy,233374328
2024-08-21 09:32:34,49750.0,100,Buy,233374325
2024-08-21 09:32:34,49750.0,100,Buy,233374324
2024-08-21 09:32:34,49750.0,200,Buy,233374320
2024-08-21 09:32:34,49750.0,100,Buy,233374321
2024-08-21 09:32:34,49750.0,200,Buy,233374326
2024-08-21 09:32:34,49750.0,200,Buy,233374323
2024-08-21 09:32:34,49750.0,200,Buy,233374322
2024-08-21 09:32:41,49700.0,200,Buy,233374789
2024-08-21 09:32:41,49700.0,400,Sell,233374805
2024-08-21 09:32:41,49700.0,500,Sell,233374806
2024-08-21 09:32:51,49750.0,100,Buy,233375287
2024-08-21 09:32:52,49700.0,500,Sell,233375340
2024-08-21 09:32:52,49700.0,100,Sell,233375341
2024-08-21 09:32:52,49700.0,100,Sell,233375342
2024-08-21 09:32:54,49750.0,500,Buy,233375414
2024-08-21 09:32:54,49750.0,700,Buy,233375415
2024-08-21 09:32:57,49750.0,3000,Buy,233375525
2024-08-21 09:33:03,49750.0,100,Buy,233375788
2024-08-21 09:33:09,49750.0,500,Buy,233376047
2024-08-21 09:33:09,49750.0,200,Buy,233376045
2024-08-21 09:33:09,49750.0,400,Buy,233376046
2024-08-21 09:33:14,49750.0,300,Buy,233376380
2024-08-21 09:33:14,49750.0,700,Buy,233376385
2024-08-21 09:33:18,49700.0,1000,Buy,233376564
2024-08-21 09:33:29,49700.0,2000,Sell,233377120
2024-08-21 09:33:32,49650.0,100,Sell,233377254
2024-08-21 09:33:32,49650.0,2000,Sell,233377255
2024-08-21 09:33:34,49700.0,400,Buy,233377443
2024-08-21 09:33:34,49700.0,900,Buy,233377438
2024-08-21 09:33:34,49550.0,400,Sell,233377442
2024-08-21 09:33:37,49700.0,600,Buy,233377536
2024-08-21 09:33:37,49700.0,500,Buy,233377537
2024-08-21 09:33:54,49650.0,200,Buy,233378120
2024-08-21 09:33:54,49650.0,200,Buy,233378125
2024-08-21 09:34:01,49650.0,200,Buy,233378347
2024-08-21 09:34:03,49650.0,300,Buy,233378392
2024-08-21 09:34:05,49650.0,500,Buy,233378432
2024-08-21 09:34:05,49650.0,600,Buy,233378433
2024-08-21 09:34:10,49650.0,400,Buy,233378661
2024-08-21 09:34:10,49700.0,6500,Buy,233378662
2024-08-21 09:34:10,49650.0,100,Buy,233378659
2024-08-21 09:34:10,49650.0,1100,Buy,233378660
2024-08-21 09:34:14,49700.0,1100,Buy,233378797
2024-08-21 09:34:14,49700.0,500,Buy,233378798
2024-08-21 09:34:14,49700.0,700,Buy,233378801
2024-08-21 09:34:18,49650.0,200,Sell,233378912
2024-08-21 09:34:33,49650.0,600,Buy,233379377
2024-08-21 09:34:33,49650.0,500,Buy,233379378
2024-08-21 09:34:34,49650.0,200,Buy,233379407
2024-08-21 09:34:34,49650.0,300,Buy,233379405
2024-08-21 09:34:35,49550.0,100,Sell,233379470
2024-08-21 09:35:01,49650.0,400,Buy,233380366
2024-08-21 09:35:01,49650.0,100,Buy,233380367
2024-08-21 09:35:01,49650.0,400,Buy,233380368
2024-08-21 09:35:01,49650.0,200,Buy,233380365
2024-08-21 09:35:03,49600.0,300,Sell,233380435
2024-08-21 09:35:09,49550.0,800,Sell,233380790
2024-08-21 09:35:09,49600.0,200,Sell,233380788
2024-08-21 09:35:09,49600.0,1500,Sell,233380789
2024-08-21 09:35:14,49600.0,300,Buy,233380967
2024-08-21 09:35:14,49600.0,100,Buy,233380965
2024-08-21 09:35:14,49600.0,500,Buy,233380966
2024-08-21 09:35:23,49600.0,200,Buy,233381352
2024-08-21 09:35:23,49600.0,300,Buy,233381353
2024-08-21 09:35:29,49600.0,200,Buy,233381539
2024-08-21 09:35:29,49600.0,400,Buy,233381540
2024-08-21 09:35:29,49600.0,500,Buy,233381541
2024-08-21 09:35:34,49600.0,300,Buy,233381725
2024-08-21 09:35:34,49600.0,100,Buy,233381726
2024-08-21 09:35:35,49650.0,100,Buy,233381779
2024-08-21 09:35:49,49700.0,1000,Buy,233382227
2024-08-21 09:35:49,49700.0,5000,Buy,233382228
2024-08-21 09:35:49,49700.0,2000,Buy,233382226
2024-08-21 09:35:49,49700.0,8800,Buy,233382230
2024-08-21 09:35:49,49700.0,100,Buy,233382225
2024-08-21 09:35:49,49700.0,400,Buy,233382229
2024-08-21 09:35:49,49700.0,100,Buy,233382224
2024-08-21 09:35:49,49650.0,200,Buy,233382222
2024-08-21 09:35:49,49650.0,100,Buy,233382215
2024-08-21 09:35:49,49650.0,5000,Buy,233382221
2024-08-21 09:35:49,49650.0,100,Buy,233382220
2024-08-21 09:35:49,49650.0,100,Buy,233382219
2024-08-21 09:35:49,49650.0,1000,Buy,233382218
2024-08-21 09:35:49,49650.0,100,Buy,233382217
2024-08-21 09:35:49,49650.0,5000,Buy,233382216
2024-08-21 09:35:49,49700.0,1000,Buy,233382223
2024-08-21 09:35:54,49650.0,1000,Buy,233382405
2024-08-21 09:35:55,49700.0,700,Buy,233382432
2024-08-21 09:35:55,49700.0,300,Buy,233382433
2024-08-21 09:35:55,49700.0,300,Buy,233382434
2024-08-21 09:35:55,49700.0,1500,Buy,233382435
2024-08-21 09:35:55,49700.0,800,Buy,233382436
2024-08-21 09:35:57,49750.0,100,Buy,233382530
2024-08-21 09:35:57,49750.0,100,Buy,233382528
2024-08-21 09:35:57,49750.0,400,Buy,233382527
2024-08-21 09:35:57,49750.0,600,Buy,233382526
2024-08-21 09:35:58,49750.0,200,Buy,233382548
2024-08-21 09:35:58,49750.0,500,Buy,233382549
2024-08-21 09:35:58,49750.0,1000,Buy,233382550
2024-08-21 09:35:58,49750.0,100,Buy,233382551
2024-08-21 09:35:58,49750.0,100,Buy,233382552
2024-08-21 09:35:58,49750.0,100,Buy,233382553
2024-08-21 09:35:58,49750.0,100,Buy,233382547
2024-08-21 09:36:00,49700.0,500,Sell,233382639
2024-08-21 09:36:11,49750.0,1000,Buy,233383000
2024-08-21 09:36:14,49750.0,400,Buy,233383136
2024-08-21 09:36:14,49750.0,200,Buy,233383137
2024-08-21 09:36:14,49750.0,700,Buy,233383140
2024-08-21 09:36:17,49800.0,1000,Buy,233383262
2024-08-21 09:36:17,49800.0,100,Buy,233383263
2024-08-21 09:36:17,49800.0,100,Buy,233383260
2024-08-21 09:36:17,49800.0,100,Buy,233383261
2024-08-21 09:36:17,49800.0,400,Buy,233383264
2024-08-21 09:36:17,49800.0,500,Buy,233383259
2024-08-21 09:36:17,49800.0,500,Buy,233383266
2024-08-21 09:36:17,49800.0,20000,Buy,233383267
2024-08-21 09:36:17,49800.0,100,Buy,233383268
2024-08-21 09:36:17,49800.0,1100,Buy,233383270
2024-08-21 09:36:17,49700.0,100,Sell,233383282
2024-08-21 09:36:17,49800.0,1000,Buy,233383265
2024-08-21 09:36:17,49800.0,1000,Buy,233383258
2024-08-21 09:36:17,49700.0,200,Sell,233383281
2024-08-21 09:36:17,49800.0,500,Buy,233383256
2024-08-21 09:36:17,49800.0,100,Buy,233383257
2024-08-21 09:36:17,49750.0,100,Buy,233383244
2024-08-21 09:36:17,49750.0,100,Buy,233383245
2024-08-21 09:36:17,49800.0,100,Buy,233383246
2024-08-21 09:36:17,49800.0,1000,Buy,233383247
2024-08-21 09:36:17,49800.0,100,Buy,233383248
2024-08-21 09:36:17,49800.0,100,Buy,233383269
2024-08-21 09:36:17,49800.0,100,Buy,233383250
2024-08-21 09:36:17,49800.0,100,Buy,233383254
2024-08-21 09:36:17,49800.0,500,Buy,233383253
2024-08-21 09:36:17,49800.0,300,Buy,233383249
2024-08-21 09:36:17,49800.0,500,Buy,233383255
2024-08-21 09:36:17,49800.0,500,Buy,233383252
2024-08-21 09:36:17,49800.0,20000,Buy,233383251
2024-08-21 09:36:18,49600.0,200,Sell,233383287
2024-08-21 09:36:18,49550.0,100,Sell,233383288
2024-08-21 09:36:18,49550.0,1000,Sell,233383289
2024-08-21 09:36:18,49550.0,100,Sell,233383290
2024-08-21 09:36:18,49550.0,500,Sell,233383291
2024-08-21 09:36:24,49700.0,200,Buy,233383520
2024-08-21 09:36:26,49700.0,200,Sell,233383645
2024-08-21 09:36:27,49700.0,200,Sell,233383647
2024-08-21 09:36:34,49750.0,100,Buy,233383816
2024-08-21 09:36:34,49750.0,100,Sell,233383830
2024-08-21 09:36:35,49800.0,100,Buy,233383867
2024-08-21 09:36:35,49800.0,900,Buy,233383863
2024-08-21 09:36:35,49800.0,500,Buy,233383864
2024-08-21 09:36:35,49800.0,3500,Buy,233383865
2024-08-21 09:36:35,49800.0,3000,Buy,233383866
2024-08-21 09:36:36,49800.0,3800,Buy,233383876
2024-08-21 09:36:39,49750.0,1000,Buy,233383971
2024-08-21 09:36:42,49700.0,500,Sell,233384037
2024-08-21 09:36:48,49700.0,4500,Buy,233384192
2024-08-21 09:36:49,49700.0,400,Sell,233384210
2024-08-21 09:36:52,49750.0,600,Buy,233384292
2024-08-21 09:36:52,49750.0,500,Buy,233384293
2024-08-21 09:36:54,49750.0,1100,Buy,233384352
2024-08-21 09:36:54,49750.0,1700,Buy,233384355
2024-08-21 09:36:58,49700.0,400,Sell,233384454
2024-08-21 09:37:05,49700.0,2000,Sell,233384670
2024-08-21 09:37:11,49700.0,400,Sell,233384829
2024-08-21 09:37:11,49700.0,2700,Sell,233384827
2024-08-21 09:37:11,49700.0,1900,Sell,233384828
2024-08-21 09:37:12,49700.0,2900,Sell,233384848
2024-08-21 09:37:14,49750.0,100,Buy,233384914
2024-08-21 09:37:14,49750.0,500,Buy,233384915
2024-08-21 09:37:14,49750.0,200,Buy,233384916
2024-08-21 09:37:14,49750.0,1000,Buy,233384917
2024-08-21 09:37:14,49750.0,500,Buy,233384948
2024-08-21 09:37:14,49750.0,400,Buy,233384949
2024-08-21 09:37:20,49750.0,500,Buy,233385111
2024-08-21 09:37:20,49750.0,600,Buy,233385110
2024-08-21 09:37:34,49750.0,200,Buy,233385536
2024-08-21 09:37:34,49750.0,300,Buy,233385537
2024-08-21 09:37:39,49600.0,1000,Sell,233385676
2024-08-21 09:37:39,49600.0,300,Sell,233385677
2024-08-21 09:37:39,49600.0,100,Sell,233385678
2024-08-21 09:37:39,49600.0,1600,Sell,233385679
2024-08-21 09:37:40,49700.0,100,Buy,233385735
2024-08-21 09:37:44,49700.0,200,Buy,233385971
2024-08-21 09:37:48,49700.0,500,Buy,233386075
2024-08-21 09:37:48,49700.0,200,Buy,233386076
2024-08-21 09:37:52,49700.0,100,Sell,233386170
2024-08-21 09:37:53,49700.0,300,Sell,233386271
2024-08-21 09:37:54,49750.0,500,Buy,233386311
2024-08-21 09:37:55,49750.0,700,Buy,233386359
2024-08-21 09:37:56,49700.0,300,Buy,233386368
2024-08-21 09:38:03,49700.0,2500,Buy,233386605
2024-08-21 09:38:07,49850.0,19700,Buy,233386684
2024-08-21 09:38:07,49850.0,100,Buy,233386683
2024-08-21 09:38:07,49800.0,1500,Buy,233386682
2024-08-21 09:38:07,49800.0,1000,Buy,233386681
2024-08-21 09:38:07,49800.0,100,Buy,233386680
2024-08-21 09:38:07,49800.0,600,Buy,233386675
2024-08-21 09:38:07,49800.0,2000,Buy,233386679
2024-08-21 09:38:07,49800.0,200,Buy,233386678
2024-08-21 09:38:07,49800.0,1000,Buy,233386677
2024-08-21 09:38:07,49800.0,200,Buy,233386676
2024-08-21 09:38:07,49800.0,5000,Buy,233386674
2024-08-21 09:38:07,49750.0,600,Buy,233386666
2024-08-21 09:38:07,49800.0,1000,Buy,233386672
2024-08-21 09:38:07,49800.0,1000,Buy,233386671
2024-08-21 09:38:07,49800.0,100,Buy,233386670
2024-08-21 09:38:07,49800.0,500,Buy,233386669
2024-08-21 09:38:07,49800.0,6100,Buy,233386668
2024-08-21 09:38:07,49750.0,5000,Buy,233386667
2024-08-21 09:38:07,49750.0,100,Buy,233386665
2024-08-21 09:38:07,49750.0,1000,Buy,233386664
2024-08-21 09:38:07,49750.0,10000,Buy,233386663
2024-08-21 09:38:07,49750.0,300,Buy,233386662
2024-08-21 09:38:07,49750.0,2800,Buy,233386661
2024-08-21 09:38:07,49800.0,100,Buy,233386673
2024-08-21 09:38:14,49800.0,100,Buy,233386877
2024-08-21 09:38:15,49850.0,100,Buy,233386965
2024-08-21 09:38:15,49850.0,200,Buy,233386963
2024-08-21 09:38:15,49850.0,200,Buy,233386964
2024-08-21 09:38:15,49850.0,1800,Buy,233386961
2024-08-21 09:38:15,49850.0,200,Buy,233386962
2024-08-21 09:38:15,49850.0,4500,Buy,233386960
2024-08-21 09:38:16,49850.0,100,Buy,233386969
2024-08-21 09:38:16,49850.0,2900,Sell,233386999
2024-08-21 09:38:16,49850.0,500,Buy,233386984
2024-08-21 09:38:16,49850.0,200,Buy,233386983
2024-08-21 09:38:16,49850.0,100,Buy,233386982
2024-08-21 09:38:16,49850.0,500,Buy,233386981
2024-08-21 09:38:16,49850.0,500,Buy,233386980
2024-08-21 09:38:16,49850.0,200,Buy,233386979
2024-08-21 09:38:16,49850.0,200,Buy,233386968
2024-08-21 09:38:16,49850.0,100,Buy,233386977
2024-08-21 09:38:16,49850.0,500,Buy,233386976
2024-08-21 09:38:16,49850.0,300,Buy,233386975
2024-08-21 09:38:16,49850.0,200,Buy,233386974
2024-08-21 09:38:16,49850.0,300,Buy,233386972
2024-08-21 09:38:16,49850.0,100,Buy,233386971
2024-08-21 09:38:16,49850.0,200,Buy,233386970
2024-08-21 09:38:16,49850.0,300,Buy,233386978
2024-08-21 09:38:19,49850.0,600,Sell,233387041
2024-08-21 09:38:19,49850.0,400,Sell,233387042
2024-08-21 09:38:20,49850.0,100,Sell,233387084
2024-08-21 09:38:28,49800.0,1900,Buy,233387364
2024-08-21 09:38:31,49700.0,2000,Sell,233387435
2024-08-21 09:38:34,49800.0,1500,Buy,233387529
2024-08-21 09:38:34,49800.0,1000,Buy,233387528
2024-08-21 09:38:39,49800.0,2700,Buy,233387621
2024-08-21 09:38:44,49800.0,600,Buy,233387763
2024-08-21 09:38:44,49800.0,500,Buy,233387762
2024-08-21 09:38:47,49750.0,1000,Buy,233387823
2024-08-21 09:38:47,49800.0,1700,Buy,233387824
2024-08-21 09:38:47,49800.0,100,Buy,233387825
2024-08-21 09:38:47,49850.0,100,Buy,233387826
2024-08-21 09:38:47,49850.0,2000,Buy,233387827
2024-08-21 09:38:47,49850.0,4100,Buy,233387828
2024-08-21 09:38:49,49850.0,900,Buy,233387862
2024-08-21 09:38:49,49850.0,1000,Buy,233387863
2024-08-21 09:38:49,49850.0,200,Buy,233387864
2024-08-21 09:38:49,49900.0,1000,Buy,233387865
2024-08-21 09:38:49,49900.0,1900,Buy,233387866
2024-08-21 09:38:54,49800.0,300,Buy,233387983
2024-08-21 09:38:56,49850.0,100,Buy,233388014
2024-08-21 09:38:57,49900.0,200,Buy,233388050
2024-08-21 09:38:57,49900.0,2700,Buy,233388049
2024-08-21 09:38:57,49900.0,1000,Buy,233388046
2024-08-21 09:38:57,49900.0,100,Buy,233388036
2024-08-21 09:38:57,49900.0,3100,Buy,233388034
2024-08-21 09:38:57,49900.0,1300,Buy,233388037
2024-08-21 09:38:57,49900.0,500,Buy,233388035
2024-08-21 09:39:07,49850.0,100,Buy,233388316
2024-08-21 09:39:12,49850.0,500,Buy,233388407
2024-08-21 09:39:12,49850.0,600,Buy,233388408
2024-08-21 09:39:14,49850.0,600,Buy,233388455
2024-08-21 09:39:14,49850.0,1200,Buy,233388461
2024-08-21 09:39:17,49850.0,2000,Buy,233388572
2024-08-21 09:39:17,49850.0,4600,Buy,233388573
2024-08-21 09:39:19,49850.0,400,Buy,233388616
2024-08-21 09:39:19,49850.0,4600,Buy,233388617
2024-08-21 09:39:24,49850.0,6000,Buy,233388731
2024-08-21 09:39:24,49850.0,300,Buy,233388732
2024-08-21 09:39:26,49900.0,1800,Buy,233388800
2024-08-21 09:39:27,49900.0,100,Buy,233388812
2024-08-21 09:39:27,49900.0,100,Buy,233388811
2024-08-21 09:39:27,49900.0,100,Buy,233388810
2024-08-21 09:39:27,49900.0,2300,Buy,233388813
2024-08-21 09:39:27,49900.0,200,Buy,233388808
2024-08-21 09:39:27,49900.0,100,Buy,233388807
2024-08-21 09:39:27,49900.0,200,Buy,233388809
2024-08-21 09:39:27,49900.0,100,Buy,233388806
2024-08-21 09:39:28,49850.0,500,Sell,233388847
2024-08-21 09:39:31,49850.0,200,Sell,233388935
2024-08-21 09:39:34,49900.0,1300,Buy,233389010
2024-08-21 09:39:34,49900.0,2400,Buy,233389011
2024-08-21 09:39:34,49900.0,1800,Buy,233389012
2024-08-21 09:39:35,49900.0,5000,Buy,233389027
2024-08-21 09:39:40,49900.0,600,Buy,233389142
2024-08-21 09:39:40,49900.0,200,Buy,233389143
2024-08-21 09:39:40,49900.0,300,Buy,233389144
2024-08-21 09:39:48,49850.0,200,Sell,233389376
2024-08-21 09:39:53,49900.0,400,Buy,233389516
2024-08-21 09:39:54,49900.0,1000,Buy,233389535
2024-08-21 09:39:54,49900.0,700,Buy,233389538
2024-08-21 09:39:54,49900.0,300,Buy,233389534
2024-08-21 09:39:56,49900.0,1300,Buy,233389577
2024-08-21 09:39:56,49900.0,500,Buy,233389578
2024-08-21 09:39:56,49900.0,300,Buy,233389579
2024-08-21 09:39:56,49900.0,3000,Buy,233389580
2024-08-21 09:39:56,49900.0,500,Buy,233389581
2024-08-21 09:39:56,49900.0,4400,Buy,233389582
2024-08-21 09:39:58,49850.0,5000,Sell,233389718
2024-08-21 09:39:59,49850.0,500,Sell,233389748
2024-08-21 09:40:00,49900.0,400,Buy,233389788
2024-08-21 09:40:00,49850.0,13200,Sell,233389796
2024-08-21 09:40:00,49900.0,1200,Buy,233389793
2024-08-21 09:40:00,49900.0,100,Buy,233389792
2024-08-21 09:40:00,49900.0,200,Buy,233389770
2024-08-21 09:40:00,49900.0,100,Buy,233389790
2024-08-21 09:40:00,49900.0,100,Buy,233389791
2024-08-21 09:40:00,49900.0,100,Buy,233389789
2024-08-21 09:40:01,49900.0,700,Buy,233389845
2024-08-21 09:40:01,49900.0,1400,Buy,233389844
2024-08-21 09:40:01,49900.0,500,Buy,233389843
2024-08-21 09:40:01,49900.0,1000,Buy,233389842
2024-08-21 09:40:01,49900.0,300,Buy,233389841
2024-08-21 09:40:01,49850.0,24100,Sell,233389807
2024-08-21 09:40:01,49900.0,300,Buy,233389839
2024-08-21 09:40:01,49900.0,100,Buy,233389838
2024-08-21 09:40:01,49900.0,100,Buy,233389837
2024-08-21 09:40:01,49900.0,700,Buy,233389836
2024-08-21 09:40:01,49900.0,3000,Buy,233389840
2024-08-21 09:40:02,49850.0,100,Buy,233389863
2024-08-21 09:40:03,49850.0,3000,Buy,233389872
2024-08-21 09:40:04,49850.0,2900,Buy,233389915
2024-08-21 09:40:04,49850.0,1600,Buy,233389916
2024-08-21 09:40:04,49900.0,1300,Buy,233389917
2024-08-21 09:40:04,49900.0,4200,Buy,233389918
2024-08-21 09:40:08,49900.0,500,Buy,233390006
2024-08-21 09:40:08,49900.0,300,Buy,233390007
2024-08-21 09:40:08,49900.0,300,Buy,233390008
2024-08-21 09:40:14,49900.0,100,Buy,233390124
2024-08-21 09:40:14,49900.0,1600,Buy,233390122
2024-08-21 09:40:14,49900.0,5000,Buy,233390123
2024-08-21 09:40:14,49900.0,1000,Buy,233390119
2024-08-21 09:40:14,49900.0,3400,Buy,233390120
2024-08-21 09:40:14,49900.0,1000,Buy,233390118
2024-08-21 09:40:14,49900.0,300,Buy,233390117
2024-08-21 09:40:15,49900.0,5300,Sell,233390138
2024-08-21 09:40:20,49900.0,800,Sell,233390255
2024-08-21 09:40:20,49900.0,900,Sell,233390257
2024-08-21 09:40:22,49900.0,200,Buy,233390309
2024-08-21 09:40:22,49900.0,500,Buy,233390310
2024-08-21 09:40:23,49900.0,4300,Sell,233390325
2024-08-21 09:40:34,49900.0,1300,Buy,233390604
2024-08-21 09:40:34,49900.0,300,Buy,233390603
2024-08-21 09:40:34,49900.0,1200,Buy,233390602
2024-08-21 09:40:34,49900.0,300,Buy,233390601
2024-08-21 09:40:34,49900.0,100,Buy,233390600
2024-08-21 09:40:35,49900.0,100,Buy,233390609
2024-08-21 09:40:36,49900.0,500,Buy,233390671
2024-08-21 09:40:36,49900.0,600,Buy,233390672
2024-08-21 09:40:37,49900.0,800,Buy,233390704
2024-08-21 09:40:37,49900.0,1700,Buy,233390731
2024-08-21 09:40:37,49900.0,400,Buy,233390703
2024-08-21 09:40:37,49900.0,2200,Buy,233390701
2024-08-21 09:40:37,49900.0,1600,Buy,233390702
2024-08-21 09:40:38,49900.0,400,Sell,233390749
2024-08-21 09:40:46,49900.0,1000,Buy,233390949
2024-08-21 09:40:47,49900.0,1000,Buy,233391000
2024-08-21 09:40:51,49900.0,300,Buy,233391073
2024-08-21 09:40:54,49900.0,1900,Buy,233391156
2024-08-21 09:40:54,49900.0,800,Buy,233391157
2024-08-21 09:40:54,49900.0,100,Buy,233391158
2024-08-21 09:40:55,49850.0,1200,Sell,233391163
2024-08-21 09:40:55,49850.0,3300,Sell,233391164
2024-08-21 09:40:55,49850.0,2000,Sell,233391165
2024-08-21 09:41:01,49900.0,100,Buy,233391303
2024-08-21 09:41:01,49900.0,1000,Buy,233391302
2024-08-21 09:41:01,49900.0,10000,Buy,233391301
2024-08-21 09:41:01,49900.0,100,Buy,233391297
2024-08-21 09:41:01,49900.0,200,Buy,233391299
2024-08-21 09:41:01,49900.0,1000,Buy,233391298
2024-08-21 09:41:01,49900.0,1100,Buy,233391304
2024-08-21 09:41:01,49900.0,5000,Buy,233391300
2024-08-21 09:41:01,49900.0,1500,Buy,233391296
2024-08-21 09:41:02,49900.0,100,Buy,233391331
2024-08-21 09:41:04,49900.0,200,Buy,233391372
2024-08-21 09:41:04,49900.0,600,Buy,233391371
2024-08-21 09:41:04,49900.0,300,Buy,233391373
2024-08-21 09:41:06,49900.0,700,Buy,233391463
2024-08-21 09:41:06,49900.0,10000,Buy,233391464
2024-08-21 09:41:06,49900.0,300,Buy,233391465
2024-08-21 09:41:14,49850.0,500,Buy,233391620
2024-08-21 09:41:14,49850.0,400,Buy,233391621
2024-08-21 09:41:14,49850.0,400,Buy,233391622
2024-08-21 09:41:14,49850.0,1500,Sell,233391624
2024-08-21 09:41:15,49850.0,1500,Sell,233391679
2024-08-21 09:41:15,49850.0,100,Sell,233391678
2024-08-21 09:41:16,49900.0,4300,Buy,233391720
2024-08-21 09:41:16,49900.0,200,Buy,233391721
2024-08-21 09:41:30,49800.0,1000,Sell,233392148
2024-08-21 09:41:30,49800.0,200,Sell,233392149
2024-08-21 09:41:30,49800.0,800,Sell,233392150
2024-08-21 09:41:32,49850.0,100,Buy,233392195
2024-08-21 09:41:32,49850.0,500,Buy,233392196
2024-08-21 09:41:32,49850.0,500,Buy,233392197
2024-08-21 09:41:34,49900.0,600,Buy,233392275
2024-08-21 09:41:34,49900.0,1000,Buy,233392274
2024-08-21 09:41:52,49800.0,800,Sell,233392667
2024-08-21 09:41:53,49800.0,100,Sell,233392677
2024-08-21 09:41:53,49800.0,3400,Sell,233392676
2024-08-21 09:41:54,49850.0,700,Buy,233392754
2024-08-21 09:41:54,49850.0,400,Buy,233392739
2024-08-21 09:41:56,49800.0,800,Sell,233392770
2024-08-21 09:42:00,49850.0,500,Buy,233392888
2024-08-21 09:42:00,49850.0,600,Buy,233392889
2024-08-21 09:42:08,49750.0,500,Sell,233393151
2024-08-21 09:42:09,49800.0,100,Buy,233393156
2024-08-21 09:42:14,49800.0,200,Buy,233393246
2024-08-21 09:42:14,49800.0,400,Buy,233393244
2024-08-21 09:42:14,49800.0,100,Buy,233393245
2024-08-21 09:42:28,49800.0,500,Sell,233393566
2024-08-21 09:42:28,49800.0,500,Sell,233393567
2024-08-21 09:42:28,49800.0,100,Buy,233393564
2024-08-21 09:42:31,49800.0,100,Sell,233393727
2024-08-21 09:42:34,49850.0,200,Buy,233393830
2024-08-21 09:42:34,49850.0,200,Buy,233393831
2024-08-21 09:42:55,49800.0,600,Buy,233394336
2024-08-21 09:42:55,49800.0,500,Buy,233394337
2024-08-21 09:43:00,49800.0,3000,Buy,233394456
2024-08-21 09:43:01,49800.0,2200,Buy,233394485
2024-08-21 09:43:13,49750.0,100,Sell,233394830
2024-08-21 09:43:13,49750.0,5800,Sell,233394832
2024-08-21 09:43:13,49750.0,1500,Sell,233394829
2024-08-21 09:43:13,49750.0,100,Sell,233394831
2024-08-21 09:43:14,49800.0,2100,Buy,233394870
2024-08-21 09:43:15,49800.0,1000,Buy,233394875
2024-08-21 09:43:23,49800.0,500,Buy,233395151
2024-08-21 09:43:23,49800.0,100,Buy,233395152
2024-08-21 09:43:23,49800.0,500,Buy,233395153
2024-08-21 09:43:34,49800.0,200,Buy,233395455
2024-08-21 09:43:35,49800.0,500,Buy,233395459
2024-08-21 09:43:35,49800.0,300,Buy,233395457
2024-08-21 09:43:35,49800.0,100,Buy,233395458
2024-08-21 09:43:37,49800.0,100,Buy,233395501
2024-08-21 09:43:51,49800.0,300,Buy,233395862
2024-08-21 09:43:51,49800.0,300,Buy,233395863
2024-08-21 09:43:51,49800.0,300,Buy,233395864
2024-08-21 09:43:51,49800.0,200,Buy,233395865
2024-08-21 09:43:54,49800.0,100,Buy,233395970
2024-08-21 09:43:54,49800.0,300,Buy,233395971
2024-08-21 09:44:14,49800.0,100,Buy,233396517
2024-08-21 09:44:19,49800.0,500,Buy,233396658
2024-08-21 09:44:19,49800.0,600,Buy,233396659
2024-08-21 09:44:23,49750.0,200,Sell,233396816
2024-08-21 09:44:29,49750.0,100,Sell,233396977
2024-08-21 09:44:34,49800.0,100,Buy,233397114
2024-08-21 09:44:35,49800.0,200,Buy,233397116
2024-08-21 09:44:36,49750.0,900,Sell,233397144
2024-08-21 09:44:36,49750.0,2000,Sell,233397145
2024-08-21 09:44:38,49750.0,500,Sell,233397220
2024-08-21 09:44:39,49750.0,100,Sell,233397265
2024-08-21 09:44:47,49800.0,200,Buy,233397465
2024-08-21 09:44:47,49800.0,600,Buy,233397463
2024-08-21 09:44:47,49800.0,300,Buy,233397464
2024-08-21 09:44:54,49750.0,600,Buy,233397703
2024-08-21 09:44:56,49800.0,100,Buy,233397739
2024-08-21 09:44:56,49800.0,300,Buy,233397743
2024-08-21 09:45:15,49750.0,100,Buy,233398184
2024-08-21 09:45:15,49750.0,100,Buy,233398193
2024-08-21 09:45:15,49750.0,600,Buy,233398197
2024-08-21 09:45:15,49750.0,200,Buy,233398198
2024-08-21 09:45:31,49750.0,100,Sell,233398653
2024-08-21 09:45:31,49750.0,300,Sell,233398652
2024-08-21 09:45:35,49800.0,100,Buy,233398730
2024-08-21 09:45:35,49800.0,200,Buy,233398729
2024-08-21 09:45:39,49750.0,100,Sell,233398899
2024-08-21 09:45:43,49750.0,100,Buy,233398953
2024-08-21 09:45:52,49750.0,400,Sell,233399143
2024-08-21 09:45:52,49750.0,600,Sell,233399144
2024-08-21 09:45:54,49750.0,100,Buy,233399229
2024-08-21 09:45:55,49750.0,200,Buy,233399237
2024-08-21 09:46:10,49700.0,100,Sell,233399695
2024-08-21 09:46:11,49750.0,600,Buy,233399701
2024-08-21 09:46:11,49750.0,500,Buy,233399702
2024-08-21 09:46:15,49750.0,100,Buy,233399760
2024-08-21 09:46:15,49750.0,200,Buy,233399759
2024-08-21 09:46:28,49700.0,400,Sell,233400223
2024-08-21 09:46:28,49700.0,900,Sell,233400224
2024-08-21 09:46:28,49700.0,100,Sell,233400225
2024-08-21 09:46:28,49700.0,1000,Sell,233400226
2024-08-21 09:46:28,49700.0,600,Sell,233400227
2024-08-21 09:46:35,49700.0,500,Sell,233400358
2024-08-21 09:46:35,49750.0,200,Buy,233400367
2024-08-21 09:46:35,49700.0,400,Sell,233400359
2024-08-21 09:46:35,49700.0,200,Sell,233400357
2024-08-21 09:46:35,49750.0,400,Buy,233400352
2024-08-21 09:46:35,49700.0,100,Sell,233400355
2024-08-21 09:46:35,49700.0,400,Sell,233400353
2024-08-21 09:46:35,49700.0,400,Sell,233400356
2024-08-21 09:46:35,49700.0,1000,Sell,233400354
2024-08-21 09:46:39,49750.0,600,Buy,233400458
2024-08-21 09:46:39,49750.0,500,Buy,233400459
2024-08-21 09:46:44,49750.0,600,Buy,233400621
2024-08-21 09:46:44,49750.0,500,Buy,233400622
2024-08-21 09:46:46,49700.0,3000,Sell,233400678
2024-08-21 09:46:48,49750.0,300,Buy,233400722
2024-08-21 09:46:52,49700.0,1000,Sell,233400852
2024-08-21 09:46:54,49700.0,100,Sell,233400919
2024-08-21 09:46:55,49750.0,700,Buy,233400929
2024-08-21 09:46:55,49750.0,1500,Buy,233400930
2024-08-21 09:46:58,49700.0,1000,Sell,233401047
2024-08-21 09:46:58,49750.0,200,Buy,233401034
2024-08-21 09:46:58,49750.0,3000,Buy,233401033
2024-08-21 09:46:58,49750.0,3000,Buy,233401031
2024-08-21 09:46:58,49750.0,2000,Buy,233401029
2024-08-21 09:46:58,49750.0,1300,Buy,233401032
2024-08-21 09:46:58,49750.0,500,Buy,233401030
2024-08-21 09:46:59,49700.0,500,Sell,233401072
2024-08-21 09:46:59,49700.0,500,Sell,233401073
2024-08-21 09:47:03,49750.0,100,Buy,233401170
2024-08-21 09:47:06,49700.0,800,Sell,233401258
2024-08-21 09:47:06,49700.0,200,Sell,233401257
2024-08-21 09:47:11,49750.0,500,Buy,233401367
2024-08-21 09:47:11,49750.0,600,Buy,233401368
2024-08-21 09:47:15,49750.0,1100,Buy,233401415
2024-08-21 09:47:15,49750.0,2300,Buy,233401422
2024-08-21 09:47:17,49700.0,9800,Sell,233401472
2024-08-21 09:47:17,49700.0,200,Sell,233401473
2024-08-21 09:47:23,49700.0,700,Sell,233401617
2024-08-21 09:47:29,49700.0,200,Sell,233401722
2024-08-21 09:47:29,49700.0,300,Sell,233401723
2024-08-21 09:47:30,49700.0,6100,Sell,233401734
2024-08-21 09:47:30,49700.0,1000,Sell,233401733
2024-08-21 09:47:30,49700.0,200,Sell,233401732
2024-08-21 09:47:35,49750.0,200,Buy,233401879
2024-08-21 09:47:35,49750.0,100,Buy,233401880
2024-08-21 09:47:35,49750.0,1000,Buy,233401881
2024-08-21 09:47:35,49750.0,200,Buy,233401882
2024-08-21 09:47:35,49750.0,3100,Buy,233401883
2024-08-21 09:47:39,49750.0,500,Buy,233401976
2024-08-21 09:47:39,49700.0,100,Buy,233401974
2024-08-21 09:47:39,49700.0,2900,Sell,233401966
2024-08-21 09:47:39,49750.0,500,Buy,233401975
2024-08-21 09:47:46,49700.0,500,Sell,233402096
2024-08-21 09:47:49,49700.0,500,Sell,233402211
2024-08-21 09:47:55,49700.0,1000,Buy,233402314
2024-08-21 09:47:55,49700.0,600,Buy,233402318
2024-08-21 09:48:07,49700.0,600,Buy,233402637
2024-08-21 09:48:07,49700.0,500,Buy,233402638
2024-08-21 09:48:15,49700.0,200,Buy,233402881
2024-08-21 09:48:15,49700.0,100,Buy,233402882
2024-08-21 09:48:17,49650.0,200,Sell,233402941
2024-08-21 09:48:26,49700.0,1000,Buy,233403174
2024-08-21 09:48:35,49700.0,100,Buy,233403444
2024-08-21 09:48:35,49700.0,500,Buy,233403445
2024-08-21 09:48:35,49700.0,100,Buy,233403446
2024-08-21 09:48:35,49700.0,200,Buy,233403452
2024-08-21 09:48:35,49700.0,500,Buy,233403443
2024-08-21 09:48:55,49700.0,100,Buy,233403908
2024-08-21 09:48:55,49700.0,200,Buy,233403909
2024-08-21 09:48:58,49700.0,100,Buy,233403989
2024-08-21 09:49:02,49700.0,500,Buy,233404072
2024-08-21 09:49:02,49700.0,400,Buy,233404070
2024-08-21 09:49:02,49700.0,200,Buy,233404071
2024-08-21 09:49:08,49700.0,600,Buy,233404231
2024-08-21 09:49:15,49700.0,200,Buy,233404406
2024-08-21 09:49:15,49700.0,300,Buy,233404409
2024-08-21 09:49:23,49700.0,100,Buy,233404571
2024-08-21 09:49:28,49700.0,600,Buy,233404681
2024-08-21 09:49:28,49700.0,500,Buy,233404682
2024-08-21 09:49:31,49700.0,1000,Buy,233404715
2024-08-21 09:49:35,49700.0,100,Buy,233404791
2024-08-21 09:49:35,49700.0,400,Buy,233404790
2024-08-21 09:49:55,49700.0,100,Buy,233405211
2024-08-21 09:49:57,49700.0,500,Buy,233405246
2024-08-21 09:49:57,49700.0,600,Buy,233405247
2024-08-21 09:49:58,49700.0,1000,Buy,233405288
2024-08-21 09:50:15,49700.0,300,Buy,233405700
2024-08-21 09:50:15,49700.0,100,Buy,233405712
2024-08-21 09:50:23,49700.0,600,Buy,233405914
2024-08-21 09:50:23,49700.0,500,Buy,233405915
2024-08-21 09:50:35,49700.0,200,Buy,233406212
2024-08-21 09:50:35,49700.0,100,Buy,233406215
2024-08-21 09:50:51,49700.0,600,Buy,233406559
2024-08-21 09:50:51,49700.0,500,Buy,233406560
2024-08-21 09:50:55,49700.0,100,Buy,233406667
2024-08-21 09:50:55,49700.0,200,Buy,233406668
2024-08-21 09:51:12,49700.0,2100,Buy,233407051
2024-08-21 09:51:12,49700.0,400,Buy,233407050
2024-08-21 09:51:12,49700.0,100,Buy,233407049
2024-08-21 09:51:12,49700.0,300,Buy,233407047
2024-08-21 09:51:12,49700.0,100,Buy,233407046
2024-08-21 09:51:12,49700.0,100,Buy,233407048
2024-08-21 09:51:12,49700.0,100,Buy,233407044
2024-08-21 09:51:12,49700.0,1000,Buy,233407043
2024-08-21 09:51:12,49700.0,400,Buy,233407042
2024-08-21 09:51:12,49700.0,200,Buy,233407041
2024-08-21 09:51:12,49700.0,100,Buy,233407040
2024-08-21 09:51:12,49700.0,100,Buy,233407045
2024-08-21 09:51:15,49700.0,800,Buy,233407141
2024-08-21 09:51:15,49700.0,400,Buy,233407147
2024-08-21 09:51:18,49700.0,500,Buy,233407293
2024-08-21 09:51:18,49700.0,600,Buy,233407294
2024-08-21 09:51:21,49700.0,2600,Buy,233407334
2024-08-21 09:51:21,49700.0,200,Buy,233407333
2024-08-21 09:51:21,49700.0,600,Buy,233407331
2024-08-21 09:51:21,49700.0,600,Buy,233407329
2024-08-21 09:51:21,49700.0,1000,Buy,233407332
2024-08-21 09:51:30,49650.0,100,Sell,233407582
2024-08-21 09:51:35,49700.0,500,Buy,233407716
2024-08-21 09:51:35,49700.0,900,Buy,233407717
2024-08-21 09:51:35,49700.0,100,Buy,233407718
2024-08-21 09:51:45,49700.0,300,Buy,233407913
2024-08-21 09:51:45,49700.0,200,Buy,233407914
2024-08-21 09:51:45,49700.0,600,Buy,233407915
2024-08-21 09:51:50,49700.0,600,Buy,233408004
2024-08-21 09:51:50,49700.0,1400,Buy,233408005
2024-08-21 09:51:55,49700.0,300,Buy,233408062
2024-08-21 09:51:55,49700.0,300,Buy,233408066
2024-08-21 09:51:57,49750.0,200,Buy,233408152
2024-08-21 09:52:14,49750.0,500,Buy,233408563
2024-08-21 09:52:14,49750.0,300,Buy,233408564
2024-08-21 09:52:14,49750.0,200,Buy,233408565
2024-08-21 09:52:14,49750.0,100,Buy,233408566
2024-08-21 09:52:15,49750.0,100,Buy,233408603
2024-08-21 09:52:15,49750.0,300,Buy,233408604
2024-08-21 09:52:18,49750.0,200,Buy,233408692
2024-08-21 09:52:40,49700.0,600,Buy,233409377
2024-08-21 09:52:40,49700.0,500,Buy,233409378
2024-08-21 09:52:40,49700.0,5400,Sell,233409356
2024-08-21 09:52:46,49700.0,500,Buy,233409509
2024-08-21 09:52:55,49700.0,500,Buy,233409765
2024-08-21 09:52:55,49700.0,300,Buy,233409766
2024-08-21 09:53:09,49700.0,500,Buy,233410103
2024-08-21 09:53:09,49700.0,600,Buy,233410104
2024-08-21 09:53:11,49700.0,100,Buy,233410142
2024-08-21 09:53:11,49700.0,1100,Buy,233410141
2024-08-21 09:53:21,49700.0,800,Sell,233410384
2024-08-21 09:53:27,49700.0,1200,Buy,233410505
2024-08-21 09:53:34,49700.0,100,Sell,233410664
2024-08-21 09:53:35,49750.0,300,Buy,233410716
2024-08-21 09:53:35,49750.0,100,Buy,233410717
2024-08-21 09:53:35,49750.0,200,Buy,233410718
2024-08-21 09:53:35,49750.0,500,Buy,233410719
2024-08-21 09:53:38,49650.0,100,Sell,233410779
2024-08-21 09:53:38,49700.0,4700,Sell,233410774
2024-08-21 09:54:02,49700.0,500,Buy,233411386
2024-08-21 09:54:02,49700.0,600,Buy,233411387
2024-08-21 09:54:09,49650.0,1600,Sell,233411501
2024-08-21 09:54:09,49650.0,900,Sell,233411502
2024-08-21 09:54:30,49700.0,600,Buy,233412079
2024-08-21 09:54:30,49700.0,500,Buy,233412080
2024-08-21 09:54:49,49700.0,300,Buy,233412427
2024-08-21 09:54:58,49700.0,500,Buy,233412627
2024-08-21 09:54:58,49700.0,600,Buy,233412628
2024-08-21 09:55:02,49700.0,500,Buy,233412743
2024-08-21 09:55:08,49700.0,100,Buy,233412846
2024-08-21 09:55:23,49700.0,200,Buy,233413321
2024-08-21 09:55:25,49700.0,500,Buy,233413365
2024-08-21 09:55:25,49700.0,400,Buy,233413366
2024-08-21 09:55:25,49700.0,200,Buy,233413367
2024-08-21 09:55:52,49700.0,500,Buy,233414034
2024-08-21 09:55:53,49700.0,1800,Buy,233414050
2024-08-21 09:55:53,49700.0,200,Buy,233414049
2024-08-21 09:55:53,49700.0,800,Buy,233414047
2024-08-21 09:55:53,49700.0,200,Buy,233414048
2024-08-21 09:55:53,49700.0,200,Buy,233414040
2024-08-21 09:55:53,49700.0,100,Buy,233414038
2024-08-21 09:55:53,49700.0,100,Buy,233414041
2024-08-21 09:55:53,49700.0,200,Buy,233414039
2024-08-21 09:55:59,49700.0,400,Buy,233414197
2024-08-21 09:55:59,49700.0,600,Buy,233414194
2024-08-21 09:55:59,49700.0,1000,Buy,233414195
2024-08-21 09:55:59,49700.0,1000,Buy,233414196
2024-08-21 09:56:06,49700.0,600,Buy,233414424
2024-08-21 09:56:06,49700.0,200,Buy,233414425
2024-08-21 09:56:06,49700.0,100,Buy,233414426
2024-08-21 09:56:06,49700.0,100,Buy,233414427
2024-08-21 09:56:06,49700.0,2000,Buy,233414428
2024-08-21 09:56:16,49700.0,2000,Sell,233414685
2024-08-21 09:56:19,49750.0,200,Buy,233414788
2024-08-21 09:56:19,49750.0,100,Buy,233414787
2024-08-21 09:56:19,49750.0,100,Buy,233414786
2024-08-21 09:56:19,49750.0,100,Buy,233414783
2024-08-21 09:56:19,49750.0,100,Buy,233414784
2024-08-21 09:56:19,49750.0,300,Buy,233414781
2024-08-21 09:56:19,49750.0,100,Buy,233414785
2024-08-21 09:56:19,49750.0,100,Buy,233414782
2024-08-21 09:56:47,49750.0,200,Buy,233415513
2024-08-21 09:56:47,49750.0,500,Buy,233415510
2024-08-21 09:56:47,49750.0,100,Buy,233415511
2024-08-21 09:56:47,49750.0,300,Buy,233415512
2024-08-21 09:56:56,49700.0,100,Sell,233415723
2024-08-21 09:57:01,49750.0,200,Buy,233415801
2024-08-21 09:57:05,49700.0,500,Sell,233415891
2024-08-21 09:57:10,49700.0,1600,Sell,233415984
2024-08-21 09:57:10,49700.0,2000,Sell,233415985
2024-08-21 09:57:14,49700.0,500,Buy,233416122
2024-08-21 09:57:14,49700.0,300,Buy,233416123
2024-08-21 09:57:35,49750.0,100,Buy,233416859
2024-08-21 09:57:35,49750.0,100,Buy,233416860
2024-08-21 09:57:42,49750.0,600,Buy,233417137
2024-08-21 09:57:42,49750.0,500,Buy,233417138
2024-08-21 09:57:55,49750.0,100,Buy,233417452
2024-08-21 09:58:09,49750.0,400,Buy,233417960
2024-08-21 09:58:09,49750.0,600,Buy,233417958
2024-08-21 09:58:09,49750.0,100,Buy,233417959
2024-08-21 09:58:37,49750.0,600,Buy,233418745
2024-08-21 09:58:37,49750.0,500,Buy,233418746
2024-08-21 09:59:04,49750.0,600,Buy,233419464
2024-08-21 09:59:04,49750.0,500,Buy,233419465
2024-08-21 09:59:30,49750.0,100,Buy,233420421
2024-08-21 09:59:30,49750.0,300,Buy,233420422
2024-08-21 09:59:30,49750.0,1000,Buy,233420420
2024-08-21 09:59:30,49750.0,17400,Buy,233420416
2024-08-21 09:59:30,49750.0,100,Buy,233420418
2024-08-21 09:59:30,49750.0,1000,Buy,233420417
2024-08-21 09:59:30,49750.0,100,Buy,233420419
2024-08-21 09:59:31,49750.0,600,Buy,233420470
2024-08-21 09:59:31,49750.0,100,Buy,233420471
2024-08-21 09:59:31,49750.0,300,Buy,233420472
2024-08-21 09:59:32,49750.0,100,Buy,233420482
2024-08-21 09:59:45,49750.0,100,Sell,233420889
2024-08-21 09:59:59,49800.0,500,Buy,233421313
2024-08-21 09:59:59,49800.0,300,Buy,233421312
2024-08-21 09:59:59,49800.0,100,Buy,233421310
2024-08-21 09:59:59,49800.0,100,Buy,233421311
2024-08-21 10:00:11,49750.0,100,Sell,233421608
2024-08-21 10:00:26,49800.0,200,Buy,233422078
2024-08-21 10:00:26,49800.0,100,Buy,233422079
2024-08-21 10:00:26,49800.0,300,Buy,233422080
2024-08-21 10:00:26,49800.0,100,Buy,233422083
2024-08-21 10:00:26,49800.0,100,Buy,233422084
2024-08-21 10:00:26,49800.0,300,Buy,233422085
2024-08-21 10:00:54,49800.0,400,Buy,233422814
2024-08-21 10:00:54,49800.0,600,Buy,233422812
2024-08-21 10:00:54,49800.0,100,Buy,233422813
2024-08-21 10:00:55,49750.0,100,Sell,233422828
2024-08-21 10:01:16,49750.0,500,Sell,233423320
2024-08-21 10:01:21,49800.0,600,Buy,233423633
2024-08-21 10:01:21,49800.0,100,Buy,233423634
2024-08-21 10:01:21,49800.0,400,Buy,233423635
2024-08-21 10:01:30,49750.0,100,Sell,233423881
2024-08-21 10:01:48,49800.0,500,Buy,233424436
2024-08-21 10:01:48,49800.0,100,Buy,233424437
2024-08-21 10:01:48,49800.0,100,Buy,233424438
2024-08-21 10:01:48,49800.0,400,Buy,233424439
2024-08-21 10:02:16,49800.0,600,Buy,233425171
2024-08-21 10:02:16,49800.0,500,Buy,233425172
2024-08-21 10:02:19,49800.0,200,Buy,233425295
2024-08-21 10:02:43,49800.0,200,Buy,233425841
2024-08-21 10:02:43,49800.0,100,Buy,233425840
2024-08-21 10:02:43,49800.0,100,Buy,233425842
2024-08-21 10:02:43,49800.0,100,Buy,233425838
2024-08-21 10:02:43,49800.0,300,Buy,233425836
2024-08-21 10:02:43,49800.0,200,Buy,233425839
2024-08-21 10:02:43,49800.0,100,Buy,233425837
2024-08-21 10:03:02,49800.0,100,Buy,233426512
2024-08-21 10:03:11,49800.0,400,Buy,233426747
2024-08-21 10:03:11,49800.0,100,Buy,233426748
2024-08-21 10:03:11,49800.0,600,Buy,233426746
2024-08-21 10:03:22,49750.0,500,Sell,233427094
2024-08-21 10:03:37,49750.0,100,Sell,233427557
2024-08-21 10:03:38,49800.0,600,Buy,233427580
2024-08-21 10:03:38,49800.0,300,Buy,233427581
2024-08-21 10:03:38,49800.0,200,Buy,233427582
2024-08-21 10:04:05,49800.0,300,Buy,233428417
2024-08-21 10:04:05,49800.0,200,Buy,233428418
2024-08-21 10:04:05,49800.0,600,Buy,233428419
2024-08-21 10:04:07,49800.0,500,Buy,233428471
2024-08-21 10:04:32,49750.0,1000,Sell,233429245
2024-08-21 10:04:32,49750.0,700,Sell,233429242
2024-08-21 10:04:32,49750.0,1000,Sell,233429243
2024-08-21 10:04:32,49750.0,300,Sell,233429244
2024-08-21 10:04:33,49800.0,400,Buy,233429333
2024-08-21 10:04:33,49800.0,500,Buy,233429331
2024-08-21 10:04:33,49800.0,200,Buy,233429332
2024-08-21 10:05:01,49800.0,500,Buy,233430311
2024-08-21 10:05:01,49800.0,600,Buy,233430312
2024-08-21 10:05:04,49750.0,2000,Sell,233430509
2024-08-21 10:05:04,49750.0,1500,Sell,233430510
2024-08-21 10:05:04,49750.0,5000,Sell,233430511
2024-08-21 10:05:04,49750.0,100,Sell,233430512
2024-08-21 10:05:04,49750.0,700,Sell,233430513
2024-08-21 10:05:04,49750.0,700,Sell,233430514
2024-08-21 10:05:15,49750.0,200,Sell,233430940
2024-08-21 10:05:28,49750.0,500,Buy,233431414
2024-08-21 10:05:28,49750.0,600,Buy,233431413
2024-08-21 10:05:28,49750.0,5000,Buy,233431398
2024-08-21 10:05:55,49750.0,600,Buy,233432738
2024-08-21 10:05:55,49750.0,500,Buy,233432739
2024-08-21 10:05:57,49750.0,2600,Buy,233432795
2024-08-21 10:05:57,49750.0,100,Buy,233432796
2024-08-21 10:05:57,49750.0,100,Buy,233432797
2024-08-21 10:06:15,49750.0,200,Sell,233433461
2024-08-21 10:06:23,49800.0,500,Buy,233433735
2024-08-21 10:06:23,49800.0,600,Buy,233433736
2024-08-21 10:06:34,49750.0,200,Sell,233434193
2024-08-21 10:06:40,49750.0,1800,Sell,233434414
2024-08-21 10:06:43,49700.0,100,Sell,233434579
2024-08-21 10:06:50,49750.0,600,Buy,233434824
2024-08-21 10:06:50,49750.0,500,Buy,233434825
2024-08-21 10:06:54,49750.0,5000,Buy,233434958
2024-08-21 10:06:55,49700.0,200,Sell,233435044
2024-08-21 10:06:55,49700.0,100,Sell,233435045
2024-08-21 10:06:58,49700.0,100,Sell,233435139
2024-08-21 10:06:58,49700.0,900,Sell,233435140
2024-08-21 10:07:08,49750.0,500,Buy,233435483
2024-08-21 10:07:17,49750.0,500,Buy,233435742
2024-08-21 10:07:17,49750.0,600,Buy,233435743
2024-08-21 10:07:22,49700.0,200,Sell,233435883
2024-08-21 10:07:45,49750.0,100,Buy,233436698
2024-08-21 10:07:45,49750.0,500,Buy,233436699
2024-08-21 10:07:45,49750.0,500,Buy,233436695
2024-08-21 10:08:12,49750.0,200,Buy,233437526
2024-08-21 10:08:12,49750.0,300,Buy,233437527
2024-08-21 10:08:12,49750.0,600,Buy,233437528
2024-08-21 10:08:27,49750.0,300,Buy,233438173
2024-08-21 10:08:39,49750.0,400,Buy,233438508
2024-08-21 10:08:39,49750.0,100,Buy,233438509
2024-08-21 10:08:39,49750.0,600,Buy,233438510
2024-08-21 10:09:07,49750.0,500,Buy,233439582
2024-08-21 10:09:08,49750.0,600,Buy,233439584
2024-08-21 10:09:29,49750.0,100,Buy,233440283
2024-08-21 10:09:34,49750.0,600,Buy,233440441
2024-08-21 10:09:34,49750.0,500,Buy,233440442
2024-08-21 10:09:43,49700.0,3900,Sell,233440724
2024-08-21 10:09:43,49700.0,100,Sell,233440725
2024-08-21 10:09:43,49700.0,200,Sell,233440726
2024-08-21 10:09:43,49700.0,100,Sell,233440727
2024-08-21 10:09:43,49700.0,700,Sell,233440728
2024-08-21 10:09:53,49700.0,1700,Sell,233441043
2024-08-21 10:09:53,49700.0,3300,Sell,233441042
2024-08-21 10:09:59,49750.0,5000,Buy,233441163
2024-08-21 10:10:02,49750.0,600,Buy,233441291
2024-08-21 10:10:02,49750.0,500,Buy,233441292
2024-08-21 10:10:26,49750.0,900,Buy,233441963
2024-08-21 10:10:26,49750.0,100,Buy,233441964
2024-08-21 10:10:29,49750.0,500,Buy,233442031
2024-08-21 10:10:29,49750.0,500,Buy,233442032
2024-08-21 10:10:29,49750.0,100,Buy,233442033
2024-08-21 10:10:34,49750.0,300,Buy,233442174
2024-08-21 10:10:34,49750.0,400,Buy,233442173
2024-08-21 10:10:34,49750.0,300,Buy,233442172
2024-08-21 10:10:35,49750.0,100,Buy,233442231
2024-08-21 10:10:35,49750.0,400,Buy,233442232
2024-08-21 10:10:37,49750.0,300,Buy,233442350
2024-08-21 10:10:37,49750.0,100,Buy,233442348
2024-08-21 10:10:37,49750.0,500,Buy,233442349
2024-08-21 10:10:56,49750.0,600,Buy,233442908
2024-08-21 10:10:56,49750.0,500,Buy,233442909
2024-08-21 10:11:02,49750.0,500,Buy,233443051
2024-08-21 10:11:08,49700.0,300,Sell,233443278
2024-08-21 10:11:08,49700.0,100,Sell,233443279
2024-08-21 10:11:08,49700.0,100,Sell,233443280
2024-08-21 10:11:08,49700.0,500,Sell,233443281
2024-08-21 10:11:24,49750.0,100,Buy,233444033
2024-08-21 10:11:24,49750.0,100,Buy,233444034
2024-08-21 10:11:24,49750.0,300,Buy,233444035
2024-08-21 10:11:24,49750.0,600,Buy,233444036
2024-08-21 10:11:37,49750.0,1000,Buy,233444698
2024-08-21 10:11:51,49750.0,500,Buy,233445055
2024-08-21 10:11:51,49750.0,600,Buy,233445056
2024-08-21 10:12:00,49750.0,100,Buy,233445357
2024-08-21 10:12:19,49750.0,500,Buy,233445771
2024-08-21 10:12:19,49750.0,500,Buy,233445772
2024-08-21 10:12:46,49750.0,200,Buy,233446424
2024-08-21 10:12:46,49750.0,600,Buy,233446422
2024-08-21 10:12:46,49750.0,300,Buy,233446423
2024-08-21 10:12:56,49750.0,200,Buy,233446689
2024-08-21 10:12:56,49750.0,800,Buy,233446690
2024-08-21 10:12:56,49750.0,11200,Buy,233446691
2024-08-21 10:13:14,49750.0,600,Buy,233447230
2024-08-21 10:13:14,49750.0,500,Buy,233447231
2024-08-21 10:13:41,49750.0,600,Buy,233447872
2024-08-21 10:13:41,49750.0,500,Buy,233447873
2024-08-21 10:14:08,49750.0,600,Buy,233448427
2024-08-21 10:14:08,49750.0,500,Buy,233448428
2024-08-21 10:14:12,49750.0,100,Buy,233448522
2024-08-21 10:14:17,49700.0,1000,Sell,233448634
2024-08-21 10:14:36,49750.0,600,Buy,233449228
2024-08-21 10:14:36,49750.0,500,Buy,233449229
2024-08-21 10:14:56,49750.0,500,Buy,233449685
2024-08-21 10:15:03,49750.0,600,Buy,233449869
2024-08-21 10:15:03,49750.0,500,Buy,233449870
2024-08-21 10:15:14,49700.0,100,Sell,233450082
2024-08-21 10:15:30,49750.0,600,Buy,233450491
2024-08-21 10:15:30,49750.0,500,Buy,233450492
2024-08-21 10:15:58,49750.0,600,Buy,233451270
2024-08-21 10:15:58,49750.0,500,Buy,233451271
2024-08-21 10:16:14,49700.0,100,Sell,233451669
2024-08-21 10:16:25,49750.0,600,Buy,233451980
2024-08-21 10:16:26,49750.0,500,Buy,233451985
2024-08-21 10:16:27,49700.0,1800,Sell,233452027
2024-08-21 10:16:27,49700.0,5900,Sell,233452028
2024-08-21 10:16:31,49700.0,500,Sell,233452150
2024-08-21 10:16:53,49750.0,600,Buy,233452727
2024-08-21 10:16:53,49750.0,500,Buy,233452728
2024-08-21 10:16:58,49700.0,1200,Sell,233452812
2024-08-21 10:16:58,49700.0,200,Sell,233452811
2024-08-21 10:16:58,49700.0,300,Sell,233452810
2024-08-21 10:16:58,49700.0,1600,Sell,233452808
2024-08-21 10:16:58,49700.0,100,Sell,233452809
2024-08-21 10:17:08,49700.0,1300,Sell,233453068
2024-08-21 10:17:08,49700.0,1000,Sell,233453069
2024-08-21 10:17:08,49700.0,600,Sell,233453070
2024-08-21 10:17:21,49750.0,600,Buy,233453517
2024-08-21 10:17:21,49750.0,500,Buy,233453518
2024-08-21 10:17:39,49700.0,100,Sell,233454031
2024-08-21 10:17:47,49750.0,500,Buy,233454227
2024-08-21 10:17:47,49750.0,600,Buy,233454226
2024-08-21 10:17:51,49750.0,700,Buy,233454345
2024-08-21 10:18:02,49750.0,300,Buy,233454514
2024-08-21 10:18:15,49750.0,500,Buy,233454824
2024-08-21 10:18:15,49750.0,600,Buy,233454825
2024-08-21 10:18:42,49750.0,600,Buy,233455592
2024-08-21 10:18:43,49750.0,500,Buy,233455598
2024-08-21 10:18:47,49700.0,1000,Sell,233455720
2024-08-21 10:18:52,49700.0,100,Sell,233455870
2024-08-21 10:18:54,49700.0,1000,Sell,233455963
2024-08-21 10:19:10,49750.0,200,Buy,233456467
2024-08-21 10:19:10,49750.0,200,Buy,233456465
2024-08-21 10:19:10,49750.0,400,Buy,233456464
2024-08-21 10:19:10,49750.0,300,Buy,233456466
2024-08-21 10:19:14,49700.0,200,Sell,233456611
2024-08-21 10:19:14,49700.0,300,Sell,233456612
2024-08-21 10:19:37,49750.0,500,Buy,233457178
2024-08-21 10:19:37,49750.0,500,Buy,233457179
2024-08-21 10:19:37,49750.0,100,Buy,233457180
2024-08-21 10:19:49,49750.0,700,Buy,233457470
2024-08-21 10:19:50,49750.0,400,Buy,233457503
2024-08-21 10:19:50,49750.0,1000,Buy,233457502
2024-08-21 10:19:50,49750.0,2200,Buy,233457500
2024-08-21 10:19:50,49750.0,100,Buy,233457501
2024-08-21 10:20:01,49750.0,300,Buy,233457775
2024-08-21 10:20:04,49750.0,400,Buy,233457870
2024-08-21 10:20:04,49750.0,300,Buy,233457867
2024-08-21 10:20:04,49750.0,200,Buy,233457868
2024-08-21 10:20:04,49750.0,200,Buy,233457869
2024-08-21 10:20:06,49700.0,300,Sell,233457888
2024-08-21 10:20:29,49750.0,100,Buy,233458384
2024-08-21 10:20:29,49750.0,1000,Buy,233458385
2024-08-21 10:20:29,49750.0,400,Buy,233458386
2024-08-21 10:20:29,49750.0,100,Buy,233458387
2024-08-21 10:20:29,49750.0,100,Buy,233458388
2024-08-21 10:20:30,49750.0,1100,Sell,233458416
2024-08-21 10:20:33,49800.0,500,Buy,233458511
2024-08-21 10:20:33,49800.0,600,Buy,233458510
2024-08-21 10:20:59,49800.0,500,Buy,233459356
2024-08-21 10:20:59,49800.0,500,Buy,233459357
2024-08-21 10:21:00,49750.0,3400,Sell,233459380
2024-08-21 10:21:05,49750.0,200,Buy,233459509
2024-08-21 10:21:27,49800.0,200,Buy,233460006
2024-08-21 10:21:27,49800.0,500,Buy,233460004
2024-08-21 10:21:27,49800.0,400,Buy,233460005
2024-08-21 10:21:29,49800.0,500,Buy,233460059
2024-08-21 10:21:29,49800.0,100,Buy,233460058
2024-08-21 10:21:41,49800.0,500,Buy,233460300
2024-08-21 10:21:41,49750.0,100,Sell,233460301
2024-08-21 10:21:54,49750.0,100,Sell,233460632
2024-08-21 10:21:54,49800.0,100,Buy,233460635
2024-08-21 10:21:54,49800.0,200,Buy,233460636
2024-08-21 10:21:54,49800.0,100,Buy,233460637
2024-08-21 10:21:54,49800.0,200,Buy,233460638
2024-08-21 10:21:54,49800.0,500,Buy,233460639
2024-08-21 10:22:02,49750.0,100,Sell,233460894
2024-08-21 10:22:16,49750.0,100,Sell,233461336
2024-08-21 10:22:16,49750.0,700,Sell,233461335
2024-08-21 10:22:18,49750.0,100,Sell,233461363
2024-08-21 10:22:21,49800.0,300,Buy,233461431
2024-08-21 10:22:21,49800.0,100,Buy,233461432
2024-08-21 10:22:21,49800.0,200,Buy,233461433
2024-08-21 10:22:21,49800.0,100,Buy,233461434
2024-08-21 10:22:21,49800.0,400,Buy,233461435
2024-08-21 10:22:31,49750.0,800,Sell,233461598
2024-08-21 10:22:50,49800.0,500,Buy,233461990
2024-08-21 10:22:50,49800.0,600,Buy,233461989
2024-08-21 10:23:15,49750.0,200,Sell,233462565
2024-08-21 10:23:15,49750.0,2900,Sell,233462562
2024-08-21 10:23:15,49750.0,700,Sell,233462563
2024-08-21 10:23:15,49750.0,1900,Sell,233462564
2024-08-21 10:23:16,49800.0,600,Buy,233462608
2024-08-21 10:23:16,49800.0,500,Buy,233462607
2024-08-21 10:23:44,49800.0,500,Buy,233463288
2024-08-21 10:23:44,49800.0,500,Buy,233463289
2024-08-21 10:23:44,49800.0,100,Buy,233463290
2024-08-21 10:23:45,49750.0,800,Sell,233463307
2024-08-21 10:24:11,49800.0,400,Buy,233463966
2024-08-21 10:24:11,49800.0,500,Buy,233463968
2024-08-21 10:24:11,49800.0,200,Buy,233463967
2024-08-21 10:24:36,49750.0,2000,Sell,233464545
2024-08-21 10:24:36,49750.0,100,Sell,233464546
2024-08-21 10:24:36,49750.0,500,Sell,233464547
2024-08-21 10:24:36,49750.0,2400,Sell,233464548
2024-08-21 10:24:37,49750.0,600,Sell,233464559
2024-08-21 10:24:38,49750.0,400,Buy,233464594
2024-08-21 10:24:38,49750.0,600,Buy,233464593
2024-08-21 10:25:06,49750.0,500,Buy,233465266
2024-08-21 10:25:06,49750.0,600,Buy,233465267
2024-08-21 10:25:15,49750.0,600,Buy,233465704
2024-08-21 10:25:33,49750.0,600,Buy,233466147
2024-08-21 10:25:33,49750.0,500,Buy,233466148
2024-08-21 10:25:45,49750.0,1000,Buy,233466470
2024-08-21 10:25:45,49750.0,400,Buy,233466469
2024-08-21 10:25:45,49750.0,400,Buy,233466468
2024-08-21 10:25:45,49750.0,400,Buy,233466467
2024-08-21 10:25:45,49750.0,100,Buy,233466466
2024-08-21 10:25:45,49750.0,800,Buy,233466464
2024-08-21 10:25:45,49750.0,3200,Buy,233466463
2024-08-21 10:25:45,49750.0,3000,Buy,233466462
2024-08-21 10:25:45,49750.0,400,Buy,233466461
2024-08-21 10:25:45,49750.0,900,Buy,233466460
2024-08-21 10:25:45,49750.0,200,Buy,233466465
2024-08-21 10:25:46,49750.0,200,Sell,233466485
2024-08-21 10:25:47,49750.0,3000,Sell,233466499
2024-08-21 10:25:50,49750.0,2000,Sell,233466584
2024-08-21 10:26:01,49800.0,500,Buy,233466905
2024-08-21 10:26:01,49800.0,100,Buy,233466904
2024-08-21 10:26:01,49800.0,100,Buy,233466903
2024-08-21 10:26:01,49800.0,300,Buy,233466901
2024-08-21 10:26:01,49800.0,100,Buy,233466902
2024-08-21 10:26:04,49750.0,100,Sell,233466955
2024-08-21 10:26:05,49800.0,400,Buy,233466975
2024-08-21 10:26:09,49750.0,100,Sell,233467081
2024-08-21 10:26:10,49700.0,700,Sell,233467116
2024-08-21 10:26:10,49700.0,200,Sell,233467115
2024-08-21 10:26:10,49700.0,100,Sell,233467114
2024-08-21 10:26:10,49700.0,200,Sell,233467113
2024-08-21 10:26:10,49700.0,500,Sell,233467112
2024-08-21 10:26:10,49700.0,300,Sell,233467111
2024-08-21 10:26:10,49700.0,5000,Sell,233467110
2024-08-21 10:26:10,49700.0,100,Sell,233467109
2024-08-21 10:26:10,49700.0,100,Sell,233467108
2024-08-21 10:26:10,49750.0,3800,Sell,233467097
2024-08-21 10:26:10,49700.0,2000,Sell,233467106
2024-08-21 10:26:10,49700.0,700,Sell,233467098
2024-08-21 10:26:10,49700.0,1000,Sell,233467099
2024-08-21 10:26:10,49700.0,800,Sell,233467100
2024-08-21 10:26:10,49700.0,500,Sell,233467101
2024-08-21 10:26:10,49700.0,400,Sell,233467107
2024-08-21 10:26:10,49700.0,600,Sell,233467103
2024-08-21 10:26:10,49700.0,200,Sell,233467104
2024-08-21 10:26:10,49700.0,100,Sell,233467105
2024-08-21 10:26:10,49700.0,600,Sell,233467102
2024-08-21 10:26:28,49700.0,600,Buy,233467799
2024-08-21 10:26:28,49700.0,500,Buy,233467800
2024-08-21 10:26:51,49650.0,2000,Sell,233468517
2024-08-21 10:26:51,49650.0,200,Sell,233468516
2024-08-21 10:26:51,49650.0,100,Sell,233468515
2024-08-21 10:26:51,49650.0,100,Sell,233468513
2024-08-21 10:26:51,49650.0,3000,Sell,233468512
2024-08-21 10:26:51,49650.0,500,Sell,233468510
2024-08-21 10:26:51,49650.0,900,Sell,233468509
2024-08-21 10:26:51,49650.0,100,Sell,233468514
2024-08-21 10:26:51,49650.0,1000,Sell,233468507
2024-08-21 10:26:51,49650.0,3000,Sell,233468508
2024-08-21 10:26:51,49650.0,100,Sell,233468501
2024-08-21 10:26:51,49650.0,200,Sell,233468502
2024-08-21 10:26:51,49650.0,7000,Sell,233468503
2024-08-21 10:26:51,49650.0,200,Sell,233468511
2024-08-21 10:26:51,49650.0,900,Sell,233468505
2024-08-21 10:26:51,49650.0,1000,Sell,233468506
2024-08-21 10:26:51,49650.0,1000,Sell,233468504
2024-08-21 10:26:55,49650.0,500,Buy,233468620
2024-08-21 10:26:57,49650.0,600,Buy,233468653
2024-08-21 10:26:57,49650.0,500,Buy,233468654
2024-08-21 10:27:02,49600.0,100,Sell,233468763
2024-08-21 10:27:10,49600.0,1000,Sell,233469064
2024-08-21 10:27:10,49600.0,500,Sell,233469066
2024-08-21 10:27:10,49600.0,1000,Sell,233469067
2024-08-21 10:27:10,49600.0,1000,Sell,233469068
2024-08-21 10:27:10,49600.0,200,Sell,233469069
2024-08-21 10:27:10,49600.0,300,Sell,233469063
2024-08-21 10:27:10,49600.0,1000,Sell,233469065
2024-08-21 10:27:24,49700.0,600,Buy,233469460
2024-08-21 10:27:24,49700.0,500,Buy,233469461
2024-08-21 10:27:50,49700.0,500,Buy,233470247
2024-08-21 10:27:50,49700.0,600,Buy,233470246
2024-08-21 10:28:18,49700.0,600,Buy,233470845
2024-08-21 10:28:18,49700.0,500,Buy,233470846
2024-08-21 10:28:19,49700.0,1000,Buy,233470851
2024-08-21 10:28:38,49700.0,100,Buy,233471445
2024-08-21 10:28:45,49700.0,600,Buy,233471788
2024-08-21 10:28:45,49700.0,500,Buy,233471789
2024-08-21 10:28:54,49600.0,1000,Sell,233472211
2024-08-21 10:28:57,49600.0,800,Sell,233472301
2024-08-21 10:29:13,49700.0,600,Buy,233472942
2024-08-21 10:29:13,49700.0,500,Buy,233472943
2024-08-21 10:29:31,49600.0,2400,Sell,233473456
2024-08-21 10:29:31,49600.0,200,Sell,233473455
2024-08-21 10:29:31,49600.0,100,Sell,233473454
2024-08-21 10:29:31,49600.0,100,Sell,233473453
2024-08-21 10:29:31,49600.0,2000,Sell,233473451
2024-08-21 10:29:31,49600.0,100,Sell,233473449
2024-08-21 10:29:31,49600.0,1000,Sell,233473448
2024-08-21 10:29:31,49600.0,5000,Sell,233473452
2024-08-21 10:29:31,49600.0,100,Sell,233473450
2024-08-21 10:29:40,49600.0,700,Sell,233473778
2024-08-21 10:29:40,49700.0,600,Buy,233473795
2024-08-21 10:29:40,49700.0,500,Buy,233473794
2024-08-21 10:29:40,49600.0,300,Sell,233473777
2024-08-21 10:29:40,49600.0,1400,Sell,233473775
2024-08-21 10:29:40,49600.0,100,Sell,233473774
2024-08-21 10:29:40,49600.0,500,Sell,233473776
2024-08-21 10:29:43,49550.0,1000,Sell,233473878
2024-08-21 10:29:43,49550.0,2000,Sell,233473879
2024-08-21 10:29:43,49550.0,3000,Sell,233473880
2024-08-21 10:29:43,49550.0,100,Sell,233473881
2024-08-21 10:29:43,49550.0,500,Sell,233473882
2024-08-21 10:29:43,49550.0,500,Sell,233473883
2024-08-21 10:29:43,49550.0,1100,Sell,233473884
2024-08-21 10:30:03,49500.0,1000,Sell,233474497
2024-08-21 10:30:03,49500.0,1500,Sell,233474498
2024-08-21 10:30:03,49500.0,300,Sell,233474499
2024-08-21 10:30:03,49500.0,500,Sell,233474500
2024-08-21 10:30:03,49500.0,1000,Sell,233474496
2024-08-21 10:30:03,49500.0,2000,Sell,233474502
2024-08-21 10:30:03,49500.0,400,Sell,233474503
2024-08-21 10:30:03,49500.0,1400,Sell,233474504
2024-08-21 10:30:03,49500.0,3000,Sell,233474501
2024-08-21 10:30:03,49500.0,300,Sell,233474495
2024-08-21 10:30:03,49500.0,600,Sell,233474490
2024-08-21 10:30:03,49500.0,5200,Sell,233474493
2024-08-21 10:30:03,49500.0,6200,Sell,233474485
2024-08-21 10:30:03,49500.0,200,Sell,233474486
2024-08-21 10:30:03,49500.0,300,Sell,233474487
2024-08-21 10:30:03,49500.0,200,Sell,233474488
2024-08-21 10:30:03,49500.0,3000,Sell,233474494
2024-08-21 10:30:03,49500.0,10000,Sell,233474484
2024-08-21 10:30:03,49500.0,600,Sell,233474491
2024-08-21 10:30:03,49500.0,3500,Sell,233474492
2024-08-21 10:30:03,49500.0,600,Sell,233474489
2024-08-21 10:30:06,49500.0,1100,Sell,233474611
2024-08-21 10:30:06,49500.0,100,Sell,233474612
2024-08-21 10:30:06,49500.0,1600,Sell,233474610
2024-08-21 10:30:07,49500.0,500,Buy,233474655
2024-08-21 10:30:07,49500.0,500,Buy,233474656
2024-08-21 10:30:09,49500.0,1000,Buy,233474701
2024-08-21 10:30:25,49500.0,600,Buy,233475322
2024-08-21 10:30:35,49500.0,500,Buy,233475663
2024-08-21 10:30:36,49500.0,600,Buy,233475667
2024-08-21 10:30:51,49500.0,500,Buy,233476184
2024-08-21 10:31:02,49500.0,600,Buy,233476675
2024-08-21 10:31:02,49500.0,500,Buy,233476674
2024-08-21 10:31:10,49500.0,100,Buy,233476959
2024-08-21 10:31:13,49500.0,400,Buy,233477034
2024-08-21 10:31:13,49500.0,400,Buy,233477035
2024-08-21 10:31:13,49500.0,100,Buy,233477036
2024-08-21 10:31:30,49600.0,100,Buy,233477943
2024-08-21 10:31:30,49600.0,400,Buy,233477944
2024-08-21 10:31:30,49600.0,600,Buy,233477945
2024-08-21 10:31:57,49600.0,600,Buy,233479012
2024-08-21 10:31:57,49600.0,500,Buy,233479013
2024-08-21 10:32:25,49600.0,500,Buy,233480250
2024-08-21 10:32:25,49600.0,600,Buy,233480251
2024-08-21 10:32:34,49500.0,100,Sell,233480683
2024-08-21 10:32:35,49600.0,1000,Buy,233480712
2024-08-21 10:32:51,49600.0,100,Buy,233481465
2024-08-21 10:32:52,49600.0,100,Buy,233481496
2024-08-21 10:32:52,49600.0,100,Buy,233481497
2024-08-21 10:32:52,49600.0,600,Buy,233481494
2024-08-21 10:32:52,49600.0,300,Buy,233481495
2024-08-21 10:33:20,49600.0,300,Buy,233482711
2024-08-21 10:33:20,49600.0,100,Buy,233482712
2024-08-21 10:33:20,49600.0,400,Buy,233482713
2024-08-21 10:33:20,49600.0,200,Buy,233482710
2024-08-21 10:33:32,49500.0,100,Sell,233483171
2024-08-21 10:33:32,49500.0,1000,Sell,233483172
2024-08-21 10:33:32,49500.0,900,Sell,233483173
2024-08-21 10:33:48,49550.0,600,Buy,233483856
2024-08-21 10:33:48,49550.0,100,Buy,233483854
2024-08-21 10:33:48,49550.0,400,Buy,233483855
2024-08-21 10:33:49,49500.0,100,Sell,233483920
2024-08-21 10:33:49,49500.0,4900,Sell,233483921
2024-08-21 10:33:57,49500.0,100,Sell,233484333
2024-08-21 10:33:57,49500.0,100,Sell,233484334
2024-08-21 10:33:57,49500.0,100,Sell,233484350
2024-08-21 10:34:01,49500.0,300,Buy,233484478
2024-08-21 10:34:01,49500.0,500,Buy,233484479
2024-08-21 10:34:01,49500.0,100,Buy,233484480
2024-08-21 10:34:10,49450.0,500,Sell,233484903
2024-08-21 10:34:15,49500.0,300,Buy,233485232
2024-08-21 10:34:15,49500.0,100,Buy,233485233
2024-08-21 10:34:15,49500.0,600,Buy,233485231
2024-08-21 10:34:16,49450.0,200,Sell,233485378
2024-08-21 10:34:16,49450.0,100,Sell,233485379
2024-08-21 10:34:17,49450.0,300,Sell,233485400
2024-08-21 10:34:18,49450.0,300,Sell,233485447
2024-08-21 10:34:18,49450.0,1000,Sell,233485445
2024-08-21 10:34:18,49450.0,100,Sell,233485428
2024-08-21 10:34:18,49450.0,100,Sell,233485427
2024-08-21 10:34:18,49450.0,200,Sell,233485424
2024-08-21 10:34:18,49450.0,200,Sell,233485423
2024-08-21 10:34:18,49450.0,100,Sell,233485415
2024-08-21 10:34:18,49450.0,200,Sell,233485414
2024-08-21 10:34:18,49450.0,300,Sell,233485407
2024-08-21 10:34:18,49450.0,500,Sell,233485425
2024-08-21 10:34:19,49450.0,100,Sell,233485479
2024-08-21 10:34:19,49450.0,400,Sell,233485480
2024-08-21 10:34:19,49450.0,200,Sell,233485478
2024-08-21 10:34:19,49450.0,500,Sell,233485465
2024-08-21 10:34:19,49450.0,200,Sell,233485466
2024-08-21 10:34:19,49450.0,600,Sell,233485477
2024-08-21 10:34:19,49450.0,300,Sell,233485464
2024-08-21 10:34:23,49400.0,1000,Sell,233485594
2024-08-21 10:34:23,49400.0,100,Sell,233485593
2024-08-21 10:34:23,49400.0,200,Sell,233485592
2024-08-21 10:34:23,49400.0,200,Sell,233485588
2024-08-21 10:34:23,49400.0,1000,Sell,233485590
2024-08-21 10:34:23,49400.0,500,Sell,233485591
2024-08-21 10:34:23,49400.0,3000,Sell,233485589
2024-08-21 10:34:31,49350.0,2000,Sell,233485963
2024-08-21 10:34:41,49400.0,600,Buy,233486413
2024-08-21 10:34:41,49400.0,500,Buy,233486412
2024-08-21 10:34:44,49350.0,100,Sell,233486559
2024-08-21 10:34:50,49300.0,100,Sell,233486869
2024-08-21 10:34:50,49300.0,500,Sell,233486870
2024-08-21 10:34:50,49300.0,600,Sell,233486871
2024-08-21 10:34:50,49300.0,200,Sell,233486872
2024-08-21 10:34:50,49300.0,8600,Sell,233486873
2024-08-21 10:34:55,49300.0,1500,Sell,233487161
2024-08-21 10:34:56,49300.0,9900,Sell,233487201
2024-08-21 10:34:56,49300.0,1000,Sell,233487202
2024-08-21 10:34:56,49300.0,200,Sell,233487203
2024-08-21 10:34:56,49300.0,500,Sell,233487204
2024-08-21 10:34:56,49300.0,100,Sell,233487205
2024-08-21 10:34:57,49300.0,1000,Buy,233487226
2024-08-21 10:35:02,49300.0,2000,Buy,233487469
2024-08-21 10:35:06,49300.0,900,Buy,233487688
2024-08-21 10:35:09,49300.0,600,Buy,233487776
2024-08-21 10:35:09,49300.0,500,Buy,233487775
2024-08-21 10:35:20,49250.0,5000,Sell,233488210
2024-08-21 10:35:20,49250.0,200,Sell,233488211
2024-08-21 10:35:20,49250.0,100,Sell,233488212
2024-08-21 10:35:21,49250.0,4700,Buy,233488270
2024-08-21 10:35:21,49300.0,3300,Buy,233488271
2024-08-21 10:35:23,49300.0,100,Buy,233488517
2024-08-21 10:35:23,49300.0,100,Buy,233488518
2024-08-21 10:35:25,49300.0,1800,Sell,233488627
2024-08-21 10:35:36,49250.0,600,Buy,233489057
2024-08-21 10:35:36,49250.0,500,Buy,233489058
2024-08-21 10:35:40,49250.0,100,Buy,233489225
2024-08-21 10:35:44,49200.0,1000,Sell,233489384
2024-08-21 10:35:44,49250.0,2000,Buy,233489385
2024-08-21 10:35:45,49200.0,500,Sell,233489424
2024-08-21 10:35:45,49200.0,700,Sell,233489426
2024-08-21 10:35:45,49200.0,100,Sell,233489425
2024-08-21 10:35:45,49250.0,3000,Sell,233489422
2024-08-21 10:35:45,49200.0,100,Sell,233489423
2024-08-21 10:35:46,49250.0,1000,Sell,233489450
2024-08-21 10:35:56,49300.0,100,Buy,233489969
2024-08-21 10:36:00,49200.0,100,Sell,233490141
2024-08-21 10:36:04,49300.0,600,Buy,233490360
2024-08-21 10:36:04,49300.0,500,Buy,233490361
2024-08-21 10:36:11,49300.0,800,Buy,233490561
2024-08-21 10:36:29,49300.0,100,Buy,233491312
2024-08-21 10:36:31,49300.0,500,Buy,233491445
2024-08-21 10:36:31,49300.0,100,Buy,233491443
2024-08-21 10:36:31,49300.0,100,Buy,233491442
2024-08-21 10:36:31,49300.0,400,Buy,233491444
2024-08-21 10:36:44,49300.0,100,Buy,233491934
2024-08-21 10:36:44,49300.0,100,Buy,233491936
2024-08-21 10:36:44,49300.0,300,Sell,233491942
2024-08-21 10:36:54,49300.0,900,Buy,233492273
2024-08-21 10:36:55,49200.0,100,Sell,233492329
2024-08-21 10:36:55,49200.0,500,Sell,233492331
2024-08-21 10:36:55,49200.0,1000,Sell,233492330
2024-08-21 10:36:55,49200.0,3200,Sell,233492328
2024-08-21 10:36:55,49200.0,1200,Sell,233492325
2024-08-21 10:36:55,49200.0,200,Sell,233492326
2024-08-21 10:36:55,49250.0,4300,Sell,233492324
2024-08-21 10:36:55,49250.0,500,Sell,233492323
2024-08-21 10:36:55,49200.0,1000,Sell,233492327
2024-08-21 10:36:57,49200.0,900,Buy,233492368
2024-08-21 10:36:58,49300.0,100,Buy,233492403
2024-08-21 10:37:15,49300.0,500,Sell,233493195
2024-08-21 10:37:16,49300.0,500,Sell,233493212
2024-08-21 10:37:16,49300.0,400,Sell,233493210
2024-08-21 10:37:16,49300.0,600,Sell,233493211
2024-08-21 10:37:17,49300.0,500,Buy,233493259
2024-08-21 10:37:23,49300.0,300,Sell,233493501
2024-08-21 10:37:26,49300.0,600,Buy,233493655
2024-08-21 10:37:26,49300.0,100,Buy,233493656
2024-08-21 10:37:26,49300.0,400,Buy,233493657
2024-08-21 10:37:32,49300.0,100,Buy,233493838
2024-08-21 10:37:32,49300.0,400,Buy,233493839
2024-08-21 10:37:51,49300.0,400,Buy,233494488
2024-08-21 10:37:51,49300.0,100,Buy,233494487
2024-08-21 10:37:53,49300.0,600,Buy,233494591
2024-08-21 10:37:53,49300.0,500,Buy,233494592
2024-08-21 10:38:03,49300.0,1000,Buy,233494976
2024-08-21 10:38:03,49300.0,500,Buy,233494975
2024-08-21 10:38:21,49400.0,400,Buy,233495526
2024-08-21 10:38:21,49400.0,100,Buy,233495523
2024-08-21 10:38:21,49400.0,400,Buy,233495524
2024-08-21 10:38:21,49400.0,100,Buy,233495525
2024-08-21 10:38:22,49400.0,200,Buy,233495570
2024-08-21 10:38:22,49400.0,600,Buy,233495569
2024-08-21 10:38:24,49300.0,3000,Sell,233495602
2024-08-21 10:38:37,49350.0,1000,Buy,233496046
2024-08-21 10:38:37,49400.0,1800,Buy,233496047
2024-08-21 10:38:37,49400.0,200,Buy,233496048
2024-08-21 10:38:48,49400.0,500,Buy,233496395
2024-08-21 10:38:48,49400.0,600,Buy,233496396
2024-08-21 10:39:05,49400.0,1000,Buy,233496890
2024-08-21 10:39:06,49400.0,300,Buy,233496923
2024-08-21 10:39:06,49400.0,100,Buy,233496924
2024-08-21 10:39:06,49400.0,100,Buy,233496925
2024-08-21 10:39:06,49400.0,100,Buy,233496926
2024-08-21 10:39:15,49450.0,600,Buy,233497291
2024-08-21 10:39:15,49400.0,100,Sell,233497250
2024-08-21 10:39:16,49450.0,400,Buy,233497299
2024-08-21 10:39:18,49400.0,100,Sell,233497407
2024-08-21 10:39:23,49450.0,100,Buy,233497541
2024-08-21 10:39:28,49450.0,800,Buy,233497711
2024-08-21 10:39:30,49450.0,100,Buy,233497751
2024-08-21 10:39:30,49450.0,4900,Buy,233497752
2024-08-21 10:39:43,49450.0,600,Buy,233498153
2024-08-21 10:39:43,49450.0,500,Buy,233498154
2024-08-21 10:39:49,49450.0,4000,Buy,233498333
2024-08-21 10:39:49,49450.0,2000,Buy,233498334
2024-08-21 10:39:49,49450.0,2700,Buy,233498336
2024-08-21 10:39:49,49450.0,1300,Buy,233498335
2024-08-21 10:39:52,49450.0,100,Buy,233498408
2024-08-21 10:39:54,49450.0,200,Buy,233498494
2024-08-21 10:40:10,49500.0,400,Buy,233498942
2024-08-21 10:40:10,49500.0,200,Buy,233498943
2024-08-21 10:40:10,49500.0,500,Buy,233498944
2024-08-21 10:40:11,49450.0,1000,Sell,233498952
2024-08-21 10:40:14,49500.0,100,Buy,233499004
2024-08-21 10:40:14,49500.0,500,Buy,233499003
2024-08-21 10:40:14,49500.0,100,Buy,233499001
2024-08-21 10:40:14,49500.0,3000,Buy,233499002
2024-08-21 10:40:14,49500.0,3300,Buy,233499000
2024-08-21 10:40:15,49500.0,200,Buy,233499013
2024-08-21 10:40:15,49450.0,2000,Sell,233499026
2024-08-21 10:40:20,49500.0,600,Buy,233499145
2024-08-21 10:40:34,49500.0,100,Buy,233499513
2024-08-21 10:40:34,49500.0,100,Buy,233499518
2024-08-21 10:40:34,49500.0,600,Buy,233499519
2024-08-21 10:40:36,49500.0,100,Buy,233499577
2024-08-21 10:40:38,49500.0,200,Buy,233499652
2024-08-21 10:40:38,49500.0,100,Buy,233499651
2024-08-21 10:40:38,49500.0,300,Buy,233499649
2024-08-21 10:40:38,49500.0,300,Buy,233499650
2024-08-21 10:40:59,49500.0,100,Sell,233500138
2024-08-21 10:41:05,49600.0,200,Buy,233500281
2024-08-21 10:41:05,49600.0,300,Buy,233500282
2024-08-21 10:41:05,49600.0,600,Buy,233500283
2024-08-21 10:41:14,49500.0,100,Sell,233500503
2024-08-21 10:41:14,49500.0,1000,Sell,233500504
2024-08-21 10:41:19,49500.0,100,Buy,233500642
2024-08-21 10:41:25,49500.0,500,Buy,233500768
2024-08-21 10:41:31,49500.0,4500,Buy,233500880
2024-08-21 10:41:32,49500.0,500,Buy,233500897
2024-08-21 10:41:32,49500.0,600,Buy,233500898
2024-08-21 10:41:40,49500.0,800,Buy,233501050
2024-08-21 10:41:42,49500.0,1000,Buy,233501107
2024-08-21 10:41:53,49450.0,400,Sell,233501359
2024-08-21 10:41:53,49450.0,400,Sell,233501358
2024-08-21 10:41:53,49450.0,200,Sell,233501360
2024-08-21 10:41:53,49450.0,500,Sell,233501356
2024-08-21 10:41:53,49450.0,3800,Sell,233501354
2024-08-21 10:41:53,49450.0,400,Sell,233501357
2024-08-21 10:41:54,49450.0,100,Buy,233501382
2024-08-21 10:42:00,49450.0,600,Buy,233501514
2024-08-21 10:42:00,49450.0,500,Buy,233501515
2024-08-21 10:42:27,49450.0,600,Buy,233502145
2024-08-21 10:42:27,49450.0,500,Buy,233502146
2024-08-21 10:42:42,49400.0,1000,Sell,233502483
2024-08-21 10:42:42,49400.0,500,Sell,233502484
2024-08-21 10:42:42,49400.0,1000,Sell,233502485
2024-08-21 10:42:46,49400.0,800,Buy,233502605
2024-08-21 10:42:55,49400.0,500,Buy,233502936
2024-08-21 10:42:55,49400.0,500,Buy,233502935
2024-08-21 10:43:12,49350.0,100,Sell,233503374
2024-08-21 10:43:13,49350.0,100,Sell,233503385
2024-08-21 10:43:13,49350.0,200,Sell,233503384
2024-08-21 10:43:22,49400.0,500,Buy,233503630
2024-08-21 10:43:22,49400.0,600,Buy,233503629
2024-08-21 10:43:37,49400.0,500,Buy,233503900
2024-08-21 10:43:49,49400.0,600,Buy,233504156
2024-08-21 10:43:50,49400.0,500,Buy,233504158
2024-08-21 10:43:51,49400.0,800,Buy,233504210
2024-08-21 10:44:17,49400.0,600,Buy,233504738
2024-08-21 10:44:17,49400.0,400,Buy,233504740
2024-08-21 10:44:21,49400.0,1200,Buy,233504801
2024-08-21 10:44:21,49400.0,3000,Buy,233504802
2024-08-21 10:44:44,49450.0,500,Buy,233505214
2024-08-21 10:44:44,49450.0,600,Buy,233505213
2024-08-21 10:44:56,49450.0,800,Buy,233505395
2024-08-21 10:45:06,49450.0,100,Buy,233505552
2024-08-21 10:45:06,49450.0,100,Buy,233505553
2024-08-21 10:45:07,49500.0,100,Buy,233505568
2024-08-21 10:45:12,49500.0,600,Buy,233505629
2024-08-21 10:45:12,49500.0,200,Buy,233505630
2024-08-21 10:45:12,49500.0,300,Buy,233505631
2024-08-21 10:45:19,49500.0,700,Buy,233505749
2024-08-21 10:45:19,49500.0,200,Buy,233505748
2024-08-21 10:45:39,49550.0,600,Buy,233506065
2024-08-21 10:45:39,49550.0,400,Buy,233506066
2024-08-21 10:45:45,49550.0,100,Sell,233506138
2024-08-21 10:45:52,49500.0,100,Sell,233506252
2024-08-21 10:45:52,49500.0,300,Sell,233506253
2024-08-21 10:46:06,49500.0,200,Sell,233506499
2024-08-21 10:46:06,49500.0,1500,Sell,233506498
2024-08-21 10:46:06,49500.0,300,Sell,233506500
2024-08-21 10:46:06,49600.0,500,Buy,233506496
2024-08-21 10:46:06,49600.0,100,Buy,233506495
2024-08-21 10:46:06,49600.0,500,Buy,233506497
2024-08-21 10:46:10,49500.0,500,Sell,233506570
2024-08-21 10:46:25,49450.0,200,Sell,233506853
2024-08-21 10:46:25,49450.0,500,Sell,233506854
2024-08-21 10:46:34,49450.0,300,Buy,233507035
2024-08-21 10:47:01,49500.0,500,Buy,233507443
2024-08-21 10:47:01,49500.0,600,Buy,233507444
2024-08-21 10:47:08,49500.0,300,Buy,233507572
2024-08-21 10:47:08,49500.0,300,Buy,233507570
2024-08-21 10:47:08,49500.0,200,Buy,233507571
2024-08-21 10:47:29,49550.0,600,Buy,233507950
2024-08-21 10:47:29,49550.0,100,Buy,233507948
2024-08-21 10:47:29,49550.0,400,Buy,233507949
2024-08-21 10:47:55,49500.0,100,Buy,233508448
2024-08-21 10:47:56,49550.0,500,Buy,233508468
2024-08-21 10:47:56,49550.0,500,Buy,233508469
2024-08-21 10:48:13,49500.0,100,Sell,233508755
2024-08-21 10:48:13,49450.0,300,Sell,233508756
2024-08-21 10:48:13,49450.0,400,Sell,233508757
2024-08-21 10:48:23,49550.0,300,Buy,233508891
2024-08-21 10:48:23,49550.0,200,Buy,233508892
2024-08-21 10:48:24,49550.0,600,Buy,233508894
2024-08-21 10:48:33,49550.0,100,Buy,233509115
2024-08-21 10:48:51,49550.0,600,Buy,233509395
2024-08-21 10:48:51,49550.0,300,Buy,233509393
2024-08-21 10:48:51,49550.0,100,Buy,233509394
2024-08-21 10:48:51,49550.0,100,Buy,233509392
2024-08-21 10:49:05,49500.0,800,Sell,233509597
2024-08-21 10:49:18,49550.0,300,Buy,233509907
2024-08-21 10:49:18,49550.0,300,Buy,233509908
2024-08-21 10:49:18,49550.0,500,Buy,233509909
2024-08-21 10:49:26,49550.0,200,Buy,233510016
2024-08-21 10:49:37,49500.0,800,Sell,233510195
2024-08-21 10:49:46,49550.0,100,Buy,233510349
2024-08-21 10:49:46,49550.0,500,Buy,233510348
2024-08-21 10:49:46,49550.0,400,Buy,233510347
2024-08-21 10:50:04,49500.0,100,Sell,233510662
2024-08-21 10:50:14,49550.0,400,Buy,233510803
2024-08-21 10:50:14,49550.0,200,Buy,233510804
2024-08-21 10:50:14,49550.0,200,Buy,233510805
2024-08-21 10:50:14,49550.0,100,Buy,233510806
2024-08-21 10:50:14,49550.0,200,Buy,233510807
2024-08-21 10:50:41,49550.0,600,Buy,233511146
2024-08-21 10:50:41,49550.0,500,Buy,233511147
2024-08-21 10:50:50,49550.0,700,Buy,233511281
2024-08-21 10:51:05,49550.0,100,Sell,233511531
2024-08-21 10:51:05,49550.0,300,Sell,233511530
2024-08-21 10:51:08,49600.0,600,Buy,233511593
2024-08-21 10:51:08,49600.0,500,Buy,233511594
2024-08-21 10:51:28,49500.0,600,Sell,233511911
2024-08-21 10:51:35,49550.0,500,Buy,233512032
2024-08-21 10:51:52,49550.0,100,Sell,233512288
2024-08-21 10:51:52,49550.0,500,Sell,233512289
2024-08-21 10:52:03,49600.0,600,Buy,233512447
2024-08-21 10:52:03,49600.0,300,Buy,233512448
2024-08-21 10:52:03,49600.0,200,Buy,233512449
2024-08-21 10:52:30,49600.0,200,Buy,233512850
2024-08-21 10:52:30,49600.0,500,Buy,233512848
2024-08-21 10:52:30,49600.0,300,Buy,233512849
2024-08-21 10:52:58,49550.0,600,Buy,233513345
2024-08-21 10:52:58,49550.0,500,Buy,233513346
2024-08-21 10:53:25,49550.0,500,Buy,233513795
2024-08-21 10:53:25,49550.0,600,Buy,233513796
2024-08-21 10:53:52,49550.0,600,Buy,233514249
2024-08-21 10:53:52,49550.0,500,Buy,233514250
2024-08-21 10:54:20,49550.0,500,Buy,233514766
2024-08-21 10:54:20,49550.0,600,Buy,233514767
2024-08-21 10:54:47,49550.0,600,Buy,233515296
2024-08-21 10:54:47,49550.0,400,Buy,233515297
2024-08-21 10:55:08,49550.0,200,Buy,233515582
2024-08-21 10:55:15,49550.0,600,Buy,233515748
2024-08-21 10:55:16,49550.0,500,Buy,233515749
2024-08-21 10:55:29,49500.0,100,Sell,233515992
2024-08-21 10:55:29,49500.0,200,Sell,233515993
2024-08-21 10:55:42,49550.0,600,Buy,233516259
2024-08-21 10:55:42,49550.0,500,Buy,233516260
2024-08-21 10:55:58,49500.0,300,Sell,233516488
2024-08-21 10:56:09,49550.0,600,Buy,233516783
2024-08-21 10:56:09,49550.0,500,Buy,233516784
2024-08-21 10:56:25,49500.0,700,Sell,233516955
2024-08-21 10:56:25,49500.0,300,Sell,233516954
2024-08-21 10:56:27,49550.0,600,Buy,233516976
2024-08-21 10:56:27,49550.0,500,Buy,233516977
2024-08-21 10:56:50,49550.0,100,Buy,233517309
2024-08-21 10:56:55,49550.0,400,Buy,233517392
2024-08-21 10:56:55,49550.0,200,Buy,233517393
2024-08-21 10:56:55,49550.0,500,Buy,233517399
2024-08-21 10:57:22,49550.0,100,Buy,233517830
2024-08-21 10:57:23,49550.0,600,Buy,233517864
2024-08-21 10:57:23,49550.0,500,Buy,233517865
2024-08-21 10:57:26,49500.0,100,Sell,233517901
2024-08-21 10:57:51,49550.0,500,Buy,233518259
2024-08-21 10:57:51,49550.0,600,Buy,233518255
2024-08-21 10:58:08,49500.0,400,Sell,233518495
2024-08-21 10:58:08,49500.0,100,Sell,233518496
2024-08-21 10:58:19,49550.0,500,Buy,233518640
2024-08-21 10:58:19,49550.0,600,Buy,233518641
2024-08-21 10:58:22,49500.0,700,Sell,233518675
2024-08-21 10:58:22,49500.0,800,Sell,233518676
2024-08-21 10:58:22,49500.0,100,Sell,233518677
2024-08-21 10:58:22,49500.0,100,Sell,233518678
2024-08-21 10:58:22,49500.0,300,Sell,233518679
2024-08-21 10:58:27,49550.0,100,Buy,233518746
2024-08-21 10:58:40,49500.0,500,Sell,233518971
2024-08-21 10:58:47,49550.0,500,Buy,233519073
2024-08-21 10:58:47,49550.0,500,Buy,233519074
2024-08-21 10:59:15,49550.0,400,Buy,233519559
2024-08-21 10:59:15,49550.0,400,Buy,233519560
2024-08-21 10:59:15,49550.0,200,Buy,233519561
2024-08-21 10:59:43,49550.0,500,Buy,233520017
2024-08-21 10:59:43,49550.0,300,Buy,233520029
2024-08-21 10:59:43,49550.0,300,Buy,233520030
2024-08-21 11:00:11,49550.0,200,Buy,233520518
2024-08-21 11:00:11,49550.0,500,Buy,233520515
2024-08-21 11:00:11,49550.0,200,Buy,233520516
2024-08-21 11:00:11,49550.0,200,Buy,233520517
2024-08-21 11:00:27,49550.0,100,Buy,233520832
2024-08-21 11:00:27,49550.0,400,Buy,233520833
2024-08-21 11:00:39,49550.0,600,Buy,233521061
2024-08-21 11:00:39,49550.0,500,Buy,233521062
2024-08-21 11:01:01,49500.0,300,Sell,233521466
2024-08-21 11:01:01,49500.0,700,Sell,233521467
2024-08-21 11:01:07,49550.0,500,Buy,233521547
2024-08-21 11:01:07,49550.0,600,Buy,233521546
2024-08-21 11:01:32,49500.0,100,Sell,233522066
2024-08-21 11:01:32,49500.0,600,Sell,233522067
2024-08-21 11:01:35,49550.0,500,Buy,233522135
2024-08-21 11:01:35,49550.0,600,Buy,233522136
2024-08-21 11:01:38,49500.0,200,Sell,233522191
2024-08-21 11:01:38,49500.0,800,Sell,233522192
2024-08-21 11:01:50,49500.0,500,Sell,233522409
2024-08-21 11:01:55,49500.0,500,Sell,233522472
2024-08-21 11:01:56,49500.0,100,Sell,233522481
2024-08-21 11:02:00,49500.0,100,Sell,233522535
2024-08-21 11:02:03,49550.0,500,Buy,233522622
2024-08-21 11:02:03,49550.0,600,Buy,233522621
2024-08-21 11:02:31,49550.0,500,Buy,233523076
2024-08-21 11:02:31,49550.0,600,Buy,233523077
2024-08-21 11:02:37,49500.0,100,Sell,233523244
2024-08-21 11:02:59,49550.0,600,Buy,233523569
2024-08-21 11:02:59,49550.0,500,Buy,233523570
2024-08-21 11:03:14,49500.0,500,Sell,233523853
2024-08-21 11:03:14,49500.0,700,Sell,233523851
2024-08-21 11:03:14,49500.0,700,Sell,233523852
2024-08-21 11:03:14,49500.0,1000,Sell,233523850
2024-08-21 11:03:14,49500.0,700,Sell,233523846
2024-08-21 11:03:14,49500.0,100,Sell,233523848
2024-08-21 11:03:14,49500.0,700,Sell,233523849
2024-08-21 11:03:14,49500.0,900,Sell,233523845
2024-08-21 11:03:14,49500.0,700,Sell,233523847
2024-08-21 11:03:20,49500.0,200,Sell,233523955
2024-08-21 11:03:20,49500.0,1000,Sell,233523956
2024-08-21 11:03:27,49550.0,500,Buy,233524144
2024-08-21 11:03:27,49550.0,500,Buy,233524145
2024-08-21 11:03:45,49500.0,600,Sell,233524522
2024-08-21 11:03:55,49550.0,400,Buy,233524749
2024-08-21 11:03:55,49550.0,200,Buy,233524750
2024-08-21 11:03:55,49550.0,500,Buy,233524745
2024-08-21 11:04:23,49550.0,400,Buy,233525469
2024-08-21 11:04:23,49550.0,600,Buy,233525470
2024-08-21 11:04:39,49500.0,400,Sell,233525763
2024-08-21 11:04:51,49550.0,500,Buy,233525941
2024-08-21 11:04:51,49550.0,600,Buy,233525942
2024-08-21 11:05:06,49500.0,300,Sell,233526166
2024-08-21 11:05:19,49500.0,400,Buy,233526381
2024-08-21 11:05:26,49500.0,100,Sell,233526480
2024-08-21 11:05:26,49500.0,600,Sell,233526481
2024-08-21 11:05:43,49500.0,700,Buy,233526978
2024-08-21 11:05:47,49500.0,600,Buy,233527054
2024-08-21 11:05:47,49500.0,500,Buy,233527055
2024-08-21 11:06:06,49450.0,200,Sell,233527324
2024-08-21 11:06:06,49450.0,500,Sell,233527322
2024-08-21 11:06:06,49450.0,200,Sell,233527321
2024-08-21 11:06:06,49450.0,100,Sell,233527323
2024-08-21 11:06:15,49550.0,600,Buy,233527575
2024-08-21 11:06:15,49550.0,400,Buy,233527576
2024-08-21 11:06:15,49550.0,100,Buy,233527577
2024-08-21 11:06:43,49450.0,600,Buy,233528052
2024-08-21 11:06:43,49450.0,400,Buy,233528053
2024-08-21 11:06:56,49500.0,100,Sell,233528253
2024-08-21 11:07:06,49500.0,600,Sell,233528399
2024-08-21 11:07:11,49500.0,400,Buy,233528540
2024-08-21 11:07:39,49550.0,200,Buy,233528981
2024-08-21 11:07:39,49550.0,300,Buy,233528982
2024-08-21 11:07:39,49550.0,200,Buy,233528983
2024-08-21 11:07:39,49550.0,400,Buy,233528980
2024-08-21 11:07:45,49500.0,200,Sell,233529072
2024-08-21 11:07:45,49500.0,500,Sell,233529073
2024-08-21 11:08:06,49500.0,200,Sell,233529395
2024-08-21 11:08:07,49550.0,500,Buy,233529407
2024-08-21 11:08:07,49550.0,200,Buy,233529405
2024-08-21 11:08:07,49550.0,300,Buy,233529406
2024-08-21 11:08:20,49500.0,500,Sell,233529607
2024-08-21 11:08:35,49550.0,300,Buy,233529899
2024-08-21 11:08:35,49550.0,300,Buy,233529900
2024-08-21 11:08:35,49550.0,200,Buy,233529901
2024-08-21 11:08:35,49550.0,300,Buy,233529902
2024-08-21 11:09:00,49500.0,100,Buy,233530345
2024-08-21 11:09:00,49500.0,700,Buy,233530346
2024-08-21 11:09:03,49500.0,200,Buy,233530382
2024-08-21 11:09:31,49550.0,500,Buy,233531002
2024-08-21 11:09:31,49550.0,600,Buy,233531003
2024-08-21 11:09:34,49500.0,400,Sell,233531088
2024-08-21 11:09:34,49500.0,500,Sell,233531089
2024-08-21 11:09:34,49500.0,1000,Sell,233531090
2024-08-21 11:09:59,49500.0,400,Buy,233531585
2024-08-21 11:09:59,49500.0,600,Buy,233531586
2024-08-21 11:10:05,49500.0,700,Buy,233531737
2024-08-21 11:10:27,49500.0,100,Buy,233532128
2024-08-21 11:10:27,49500.0,200,Buy,233532126
2024-08-21 11:10:27,49500.0,400,Buy,233532127
2024-08-21 11:10:33,49500.0,200,Sell,233532237
2024-08-21 11:10:44,49500.0,200,Sell,233532464
2024-08-21 11:10:55,49500.0,100,Buy,233532774
2024-08-21 11:10:59,49500.0,500,Sell,233532825
2024-08-21 11:10:59,49500.0,500,Sell,233532826
2024-08-21 11:11:23,49550.0,500,Buy,233533201
2024-08-21 11:11:23,49550.0,600,Buy,233533202
2024-08-21 11:11:50,49500.0,200,Sell,233533705
2024-08-21 11:11:51,49550.0,500,Buy,233533717
2024-08-21 11:11:51,49550.0,600,Buy,233533716
2024-08-21 11:12:09,49500.0,500,Sell,233534067
2024-08-21 11:12:16,49500.0,100,Buy,233534222
2024-08-21 11:12:19,49550.0,500,Buy,233534288
2024-08-21 11:12:19,49550.0,500,Buy,233534289
2024-08-21 11:12:47,49550.0,500,Buy,233534878
2024-08-21 11:12:47,49550.0,600,Buy,233534879
2024-08-21 11:12:52,49550.0,800,Buy,233535032
2024-08-21 11:13:09,49500.0,600,Sell,233535367
2024-08-21 11:13:09,49500.0,400,Sell,233535368
2024-08-21 11:13:14,49500.0,500,Buy,233535450
2024-08-21 11:13:14,49500.0,600,Buy,233535449
2024-08-21 11:13:22,49500.0,600,Buy,233535596
2024-08-21 11:13:42,49500.0,600,Buy,233535883
2024-08-21 11:13:42,49500.0,500,Buy,233535884
2024-08-21 11:13:53,49500.0,1000,Buy,233536051
2024-08-21 11:14:09,49500.0,500,Buy,233536298
2024-08-21 11:14:09,49500.0,200,Buy,233536297
2024-08-21 11:14:10,49550.0,600,Buy,233536323
2024-08-21 11:14:10,49550.0,500,Buy,233536324
2024-08-21 11:14:22,49550.0,500,Buy,233536518
2024-08-21 11:14:38,49550.0,500,Buy,233536739
2024-08-21 11:14:38,49550.0,100,Buy,233536740
2024-08-21 11:14:38,49550.0,500,Buy,233536741
2024-08-21 11:15:06,49550.0,400,Buy,233537121
2024-08-21 11:15:06,49550.0,100,Buy,233537117
2024-08-21 11:15:06,49550.0,100,Buy,233537118
2024-08-21 11:15:06,49550.0,400,Buy,233537116
2024-08-21 11:15:34,49550.0,600,Buy,233537673
2024-08-21 11:15:34,49550.0,500,Buy,233537674
2024-08-21 11:16:02,49550.0,600,Buy,233538053
2024-08-21 11:16:02,49550.0,500,Buy,233538054
2024-08-21 11:16:30,49550.0,500,Buy,233538473
2024-08-21 11:16:30,49550.0,100,Buy,233538471
2024-08-21 11:16:30,49550.0,300,Buy,233538470
2024-08-21 11:16:30,49550.0,200,Buy,233538472
2024-08-21 11:16:58,49550.0,500,Buy,233539021
2024-08-21 11:16:58,49550.0,500,Buy,233539022
2024-08-21 11:17:09,49550.0,300,Buy,233539287
2024-08-21 11:17:09,49550.0,100,Buy,233539288
2024-08-21 11:17:09,49550.0,600,Buy,233539289
2024-08-21 11:17:15,49550.0,400,Buy,233539388
2024-08-21 11:17:26,49550.0,800,Buy,233539603
2024-08-21 11:17:26,49550.0,300,Buy,233539602
2024-08-21 11:17:26,49550.0,100,Buy,233539601
2024-08-21 11:17:26,49550.0,100,Buy,233539593
2024-08-21 11:17:26,49550.0,500,Buy,233539594
2024-08-21 11:17:26,49550.0,500,Buy,233539592
2024-08-21 11:17:26,49550.0,400,Buy,233539600
2024-08-21 11:17:28,49550.0,100,Buy,233539620
2024-08-21 11:17:30,49600.0,300,Buy,233539650
2024-08-21 11:17:30,49600.0,1600,Buy,233539651
2024-08-21 11:17:30,49550.0,100,Buy,233539648
2024-08-21 11:17:30,49550.0,700,Buy,233539649
2024-08-21 11:17:30,49550.0,2300,Buy,233539647
2024-08-21 11:17:54,49600.0,600,Buy,233540073
2024-08-21 11:17:54,49600.0,500,Buy,233540074
2024-08-21 11:18:22,49600.0,600,Buy,233540642
2024-08-21 11:18:22,49600.0,500,Buy,233540643
2024-08-21 11:18:27,49600.0,400,Buy,233540754
2024-08-21 11:18:50,49600.0,500,Buy,233541284
2024-08-21 11:18:50,49600.0,300,Buy,233541288
2024-08-21 11:18:50,49600.0,100,Buy,233541289
2024-08-21 11:18:50,49600.0,200,Buy,233541290
2024-08-21 11:19:18,49600.0,500,Buy,233541918
2024-08-21 11:19:18,49600.0,300,Buy,233541917
2024-08-21 11:19:18,49600.0,300,Buy,233541915
2024-08-21 11:19:46,49600.0,500,Buy,233542336
2024-08-21 11:19:46,49600.0,600,Buy,233542337
2024-08-21 11:20:14,49600.0,500,Buy,233542907
2024-08-21 11:20:14,49600.0,600,Buy,233542908
2024-08-21 11:20:42,49600.0,600,Buy,233543350
2024-08-21 11:20:42,49600.0,400,Buy,233543351
2024-08-21 11:21:10,49600.0,100,Buy,233543780
2024-08-21 11:21:10,49600.0,400,Buy,233543779
2024-08-21 11:21:10,49600.0,600,Buy,233543769
2024-08-21 11:21:38,49600.0,100,Buy,233544235
2024-08-21 11:21:38,49600.0,400,Buy,233544232
2024-08-21 11:21:38,49600.0,100,Buy,233544233
2024-08-21 11:21:38,49600.0,400,Buy,233544234
2024-08-21 11:22:06,49600.0,300,Buy,233544630
2024-08-21 11:22:06,49600.0,100,Buy,233544631
2024-08-21 11:22:06,49600.0,100,Buy,233544632
2024-08-21 11:22:06,49600.0,600,Buy,233544633
2024-08-21 11:22:12,49550.0,100,Sell,233544685
2024-08-21 11:22:12,49550.0,100,Sell,233544686
2024-08-21 11:22:20,49600.0,100,Buy,233544800
2024-08-21 11:22:20,49600.0,300,Buy,233544799
2024-08-21 11:22:34,49600.0,600,Buy,233544999
2024-08-21 11:22:34,49600.0,300,Buy,233545000
2024-08-21 11:22:34,49600.0,200,Buy,233545001
2024-08-21 11:23:02,49600.0,600,Buy,233545356
2024-08-21 11:23:02,49600.0,500,Buy,233545357
2024-08-21 11:23:30,49600.0,600,Buy,233545644
2024-08-21 11:23:30,49600.0,500,Buy,233545645
2024-08-21 11:23:31,49600.0,300,Buy,233545652
2024-08-21 11:23:58,49600.0,500,Buy,233545970
2024-08-21 11:23:58,49600.0,500,Buy,233545969
2024-08-21 11:23:58,49600.0,100,Buy,233545968
2024-08-21 11:24:26,49600.0,500,Buy,233546337
2024-08-21 11:24:26,49600.0,600,Buy,233546338
2024-08-21 11:24:54,49600.0,200,Buy,233546697
2024-08-21 11:24:54,49600.0,400,Buy,233546694
2024-08-21 11:24:54,49600.0,200,Buy,233546695
2024-08-21 11:24:54,49600.0,300,Buy,233546696
2024-08-21 11:25:00,49600.0,100,Buy,233546796
2024-08-21 11:25:00,49600.0,400,Buy,233546797
2024-08-21 11:25:00,49600.0,2500,Buy,233546795
2024-08-21 11:25:14,49600.0,300,Buy,233546974
2024-08-21 11:25:14,49600.0,700,Buy,233546975
2024-08-21 11:25:17,49550.0,300,Sell,233547016
2024-08-21 11:25:22,49600.0,300,Buy,233547084
2024-08-21 11:25:22,49600.0,200,Buy,233547086
2024-08-21 11:25:22,49600.0,300,Buy,233547087
2024-08-21 11:25:22,49600.0,200,Buy,233547088
2024-08-21 11:25:22,49600.0,100,Buy,233547085
2024-08-21 11:25:27,49600.0,100,Buy,233547140
2024-08-21 11:25:38,49600.0,200,Buy,233547299
2024-08-21 11:25:50,49600.0,100,Buy,233547446
2024-08-21 11:25:50,49600.0,400,Buy,233547445
2024-08-21 11:26:18,49650.0,500,Buy,233547847
