time,price,volume,match_type,id
2024-08-27 09:14:38,50300.0,3400,ATO/ATC,234885182
2024-08-27 09:15:16,50200.0,100,Sell,234886014
2024-08-27 09:15:16,50200.0,500,Sell,234886013
2024-08-27 09:15:16,50200.0,100,Sell,234886009
2024-08-27 09:15:16,50200.0,200,Sell,234886011
2024-08-27 09:15:16,50200.0,200,Sell,234886012
2024-08-27 09:15:16,50200.0,100,Sell,234886010
2024-08-27 09:15:41,50100.0,200,Sell,234886474
2024-08-27 09:15:41,50100.0,700,Sell,234886475
2024-08-27 09:15:42,50100.0,100,Sell,234886514
2024-08-27 09:15:48,50200.0,400,Buy,234886606
2024-08-27 09:15:49,50100.0,200,Sell,234886624
2024-08-27 09:15:49,50100.0,4400,Sell,234886625
2024-08-27 09:15:50,50100.0,3500,Sell,234886643
2024-08-27 09:15:50,50100.0,1100,Sell,234886644
2024-08-27 09:15:52,50100.0,1000,Sell,234886680
2024-08-27 09:15:53,50100.0,200,Sell,234886697
2024-08-27 09:15:53,50100.0,100,Sell,234886696
2024-08-27 09:16:16,50100.0,100,Buy,234887057
2024-08-27 09:16:16,50100.0,200,Buy,234887058
2024-08-27 09:16:16,50100.0,700,Buy,234887059
2024-08-27 09:16:21,50000.0,100,Sell,234887148
2024-08-27 09:16:21,50000.0,1000,Sell,234887149
2024-08-27 09:16:21,50000.0,100,Sell,234887150
2024-08-27 09:16:21,50000.0,200,Sell,234887151
2024-08-27 09:16:21,50000.0,100,Sell,234887152
2024-08-27 09:16:21,50000.0,300,Sell,234887153
2024-08-27 09:16:21,50000.0,200,Sell,234887154
2024-08-27 09:16:22,50000.0,1000,Sell,234887184
2024-08-27 09:16:22,50000.0,600,Sell,234887193
2024-08-27 09:16:24,50000.0,100,Sell,234887244
2024-08-27 09:16:40,50000.0,1900,Sell,234887616
2024-08-27 09:16:40,50000.0,3100,Sell,234887615
2024-08-27 09:16:42,50000.0,600,Sell,234887656
2024-08-27 09:16:42,50000.0,100,Sell,234887657
2024-08-27 09:16:42,50000.0,100,Sell,234887658
2024-08-27 09:16:42,50000.0,100,Sell,234887659
2024-08-27 09:16:42,50000.0,200,Sell,234887660
2024-08-27 09:16:44,50000.0,100,Sell,234887703
2024-08-27 09:16:44,50000.0,100,Sell,234887704
2024-08-27 09:16:59,50000.0,400,Sell,234888008
2024-08-27 09:17:07,50000.0,100,Sell,234888178
2024-08-27 09:17:08,50000.0,100,Sell,234888208
2024-08-27 09:17:10,50000.0,1000,Sell,234888243
2024-08-27 09:17:10,50000.0,500,Sell,234888244
2024-08-27 09:17:10,50000.0,500,Sell,234888245
2024-08-27 09:17:12,50000.0,400,Sell,234888277
2024-08-27 09:17:26,50000.0,100,Sell,234888543
2024-08-27 09:17:26,50000.0,500,Sell,234888530
2024-08-27 09:17:29,50000.0,600,Sell,234888589
2024-08-27 09:17:30,50000.0,100,Sell,234888619
2024-08-27 09:17:46,50100.0,200,Buy,234888987
2024-08-27 09:17:46,50100.0,1000,Buy,234888988
2024-08-27 09:17:46,50100.0,200,Buy,234888989
2024-08-27 09:17:46,50100.0,600,Buy,234888990
2024-08-27 09:17:55,50100.0,100,Buy,234889163
2024-08-27 09:18:04,50100.0,100,Buy,234889391
2024-08-27 09:18:23,50100.0,300,Buy,234889849
2024-08-27 09:18:24,50100.0,100,Buy,234889862
2024-08-27 09:18:26,50000.0,400,Sell,234889912
2024-08-27 09:18:40,50100.0,100,Buy,234890221
2024-08-27 09:19:22,50100.0,200,Buy,234891110
2024-08-27 09:19:22,50100.0,100,Buy,234891109
2024-08-27 09:19:22,50100.0,4900,Buy,234891107
2024-08-27 09:19:22,50100.0,400,Buy,234891108
2024-08-27 09:19:24,50100.0,800,Buy,234891159
2024-08-27 09:19:24,50100.0,200,Sell,234891160
2024-08-27 09:19:31,50100.0,1000,Buy,234891342
2024-08-27 09:19:33,50100.0,200,Buy,234891380
2024-08-27 09:19:33,50100.0,200,Buy,234891381
2024-08-27 09:19:39,50100.0,200,Sell,234891542
2024-08-27 09:19:45,50100.0,200,Sell,234891665
2024-08-27 09:19:51,50100.0,1000,Sell,234891779
2024-08-27 09:19:52,50100.0,200,Sell,234891796
2024-08-27 09:19:53,50100.0,100,Sell,234891809
2024-08-27 09:19:53,50100.0,400,Sell,234891810
2024-08-27 09:19:54,50100.0,100,Sell,234891829
2024-08-27 09:20:19,50100.0,100,Buy,234892401
2024-08-27 09:20:30,50100.0,600,Sell,234892656
2024-08-27 09:20:30,50100.0,100,Sell,234892654
2024-08-27 09:20:30,50100.0,100,Sell,234892653
2024-08-27 09:20:30,50100.0,100,Sell,234892655
2024-08-27 09:20:32,50100.0,100,Buy,234892706
2024-08-27 09:20:40,50100.0,100,Buy,234892859
2024-08-27 09:20:40,50100.0,100,Buy,234892860
2024-08-27 09:20:40,50100.0,2000,Buy,234892861
2024-08-27 09:20:42,50100.0,400,Sell,234892888
2024-08-27 09:20:45,50100.0,500,Sell,234892932
2024-08-27 09:20:52,50100.0,100,Sell,234893062
2024-08-27 09:21:20,50100.0,3000,Sell,234893817
2024-08-27 09:21:22,50100.0,100,Sell,234893859
2024-08-27 09:21:22,50100.0,500,Sell,234893860
2024-08-27 09:21:24,50100.0,100,Sell,234893889
2024-08-27 09:21:50,50100.0,200,Sell,234894518
2024-08-27 09:22:29,50100.0,5000,Sell,234895513
2024-08-27 09:22:30,50200.0,100,Buy,234895538
2024-08-27 09:22:43,50200.0,2000,Buy,234895866
2024-08-27 09:22:53,50200.0,200,Buy,234896036
2024-08-27 09:22:54,50200.0,1400,Buy,234896051
2024-08-27 09:22:54,50200.0,300,Buy,234896052
2024-08-27 09:22:54,50200.0,1000,Buy,234896053
2024-08-27 09:22:54,50200.0,700,Buy,234896054
2024-08-27 09:22:54,50200.0,800,Buy,234896055
2024-08-27 09:22:54,50200.0,800,Buy,234896050
2024-08-27 09:23:07,50200.0,300,Buy,234896377
2024-08-27 09:23:07,50200.0,100,Buy,234896378
2024-08-27 09:23:07,50200.0,400,Buy,234896379
2024-08-27 09:23:07,50200.0,1100,Buy,234896380
2024-08-27 09:23:07,50200.0,2000,Buy,234896381
2024-08-27 09:23:08,50200.0,800,Sell,234896425
2024-08-27 09:23:10,50200.0,100,Sell,234896492
2024-08-27 09:23:16,50200.0,3800,Sell,234896671
2024-08-27 09:23:19,50200.0,800,Sell,234896717
2024-08-27 09:23:20,50200.0,100,Sell,234896755
2024-08-27 09:23:21,50300.0,500,Buy,234896775
2024-08-27 09:23:21,50300.0,500,Buy,234896774
2024-08-27 09:24:29,50200.0,100,Sell,234898472
2024-08-27 09:25:18,50200.0,400,Sell,234899512
2024-08-27 09:25:18,50200.0,100,Sell,234899513
2024-08-27 09:25:20,50200.0,100,Sell,234899555
2024-08-27 09:25:25,50200.0,100,Sell,234899673
2024-08-27 09:25:25,50200.0,100,Sell,234899674
2024-08-27 09:25:25,50200.0,100,Sell,234899675
2024-08-27 09:25:25,50200.0,100,Sell,234899676
2024-08-27 09:25:25,50200.0,100,Sell,234899677
2024-08-27 09:25:25,50200.0,500,Sell,234899678
2024-08-27 09:25:26,50200.0,200,Sell,234899697
2024-08-27 09:25:47,50200.0,1300,Sell,234900104
2024-08-27 09:25:47,50200.0,700,Sell,234900105
2024-08-27 09:25:48,50200.0,400,Sell,234900144
2024-08-27 09:25:56,50200.0,700,Sell,234900258
2024-08-27 09:25:56,50200.0,100,Sell,234900271
2024-08-27 09:26:02,50200.0,200,Sell,234900397
2024-08-27 09:26:07,50200.0,2900,Sell,234900540
2024-08-27 09:26:07,50200.0,500,Sell,234900541
2024-08-27 09:26:07,50200.0,100,Sell,234900542
2024-08-27 09:26:07,50200.0,1100,Sell,234900543
2024-08-27 09:26:07,50200.0,400,Sell,234900544
2024-08-27 09:26:08,50200.0,1100,Sell,234900558
2024-08-27 09:26:11,50200.0,200,Sell,234900601
2024-08-27 09:26:32,50200.0,2000,Sell,234901201
2024-08-27 09:26:32,50200.0,1300,Sell,234901207
2024-08-27 09:26:32,50200.0,3000,Sell,234901208
2024-08-27 09:26:32,50200.0,100,Sell,234901209
2024-08-27 09:27:14,50100.0,3000,Sell,234902074
2024-08-27 09:27:15,50100.0,600,Sell,234902101
2024-08-27 09:27:16,50100.0,100,Sell,234902175
2024-08-27 09:28:12,50100.0,3500,Sell,234903602
2024-08-27 09:28:12,50100.0,500,Sell,234903601
2024-08-27 09:28:30,50100.0,1900,Sell,234904045
2024-08-27 09:28:30,50100.0,100,Sell,234904044
2024-08-27 09:28:34,50100.0,3100,Sell,234904152
2024-08-27 09:28:34,50100.0,200,Sell,234904153
2024-08-27 09:28:34,50100.0,500,Sell,234904154
2024-08-27 09:28:34,50100.0,300,Sell,234904155
2024-08-27 09:28:34,50100.0,1000,Sell,234904156
2024-08-27 09:28:34,50100.0,1900,Sell,234904157
2024-08-27 09:29:06,50100.0,1800,Sell,234905452
2024-08-27 09:29:14,50100.0,100,Sell,234905628
2024-08-27 09:29:15,50000.0,100,Sell,234905690
2024-08-27 09:29:15,50000.0,1000,Sell,234905691
2024-08-27 09:29:15,50000.0,3000,Sell,234905692
2024-08-27 09:29:15,50000.0,100,Sell,234905693
2024-08-27 09:29:15,50000.0,200,Sell,234905694
2024-08-27 09:29:15,50000.0,1000,Sell,234905700
2024-08-27 09:29:15,50000.0,1000,Sell,234905696
2024-08-27 09:29:15,50000.0,10000,Sell,234905697
2024-08-27 09:29:15,50000.0,1000,Sell,234905699
2024-08-27 09:29:15,50000.0,100,Sell,234905689
2024-08-27 09:29:15,50000.0,1400,Sell,234905701
2024-08-27 09:29:15,50000.0,100,Sell,234905695
2024-08-27 09:29:15,50000.0,100,Sell,234905688
2024-08-27 09:29:15,50000.0,100,Sell,234905698
2024-08-27 09:29:15,50000.0,200,Sell,234905686
2024-08-27 09:29:15,50100.0,200,Sell,234905674
2024-08-27 09:29:15,50100.0,2000,Sell,234905675
2024-08-27 09:29:15,50100.0,6200,Sell,234905673
2024-08-27 09:29:15,50000.0,100,Sell,234905677
2024-08-27 09:29:15,50000.0,300,Sell,234905678
2024-08-27 09:29:15,50000.0,100,Sell,234905679
2024-08-27 09:29:15,50000.0,400,Sell,234905676
2024-08-27 09:29:15,50000.0,100,Sell,234905681
2024-08-27 09:29:15,50000.0,500,Sell,234905682
2024-08-27 09:29:15,50000.0,300,Sell,234905683
2024-08-27 09:29:15,50000.0,100,Sell,234905684
2024-08-27 09:29:15,50000.0,100,Sell,234905685
2024-08-27 09:29:15,50000.0,100,Sell,234905680
2024-08-27 09:29:15,50000.0,100,Sell,234905687
2024-08-27 09:29:39,50000.0,8600,Sell,234906451
2024-08-27 09:29:39,50000.0,500,Sell,234906452
2024-08-27 09:29:39,50000.0,100,Sell,234906453
2024-08-27 09:29:39,50000.0,200,Sell,234906454
2024-08-27 09:29:39,50000.0,300,Sell,234906455
2024-08-27 09:29:39,50000.0,300,Sell,234906456
2024-08-27 09:29:56,50000.0,500,Sell,234907063
2024-08-27 09:30:02,50000.0,200,Sell,234907241
2024-08-27 09:30:02,50000.0,1300,Sell,234907239
2024-08-27 09:30:02,50000.0,200,Sell,234907238
2024-08-27 09:30:02,50000.0,500,Sell,234907240
2024-08-27 09:30:10,50000.0,100,Sell,234907513
2024-08-27 09:30:11,50000.0,400,Sell,234907558
2024-08-27 09:30:11,50000.0,100,Sell,234907559
2024-08-27 09:30:33,50000.0,200,Sell,234908431
2024-08-27 09:30:40,50000.0,1100,Sell,234908726
2024-08-27 09:30:40,50000.0,200,Sell,234908724
2024-08-27 09:30:40,50000.0,100,Sell,234908725
2024-08-27 09:30:40,50000.0,200,Sell,234908722
2024-08-27 09:30:40,50000.0,1000,Sell,234908721
2024-08-27 09:30:40,50000.0,400,Sell,234908720
2024-08-27 09:30:40,50000.0,2000,Sell,234908723
2024-08-27 09:30:41,50000.0,1000,Sell,234908777
2024-08-27 09:30:44,50000.0,200,Sell,234908906
2024-08-27 09:30:51,50000.0,500,Sell,234909160
2024-08-27 09:30:53,50100.0,1000,Buy,234909180
2024-08-27 09:31:03,49900.0,300,Sell,234909577
2024-08-27 09:31:03,49950.0,200,Sell,234909574
2024-08-27 09:31:03,49950.0,100,Sell,234909573
2024-08-27 09:31:03,49950.0,200,Sell,234909572
2024-08-27 09:31:03,49950.0,100,Sell,234909568
2024-08-27 09:31:03,49950.0,1300,Sell,234909570
2024-08-27 09:31:03,49950.0,400,Sell,234909571
2024-08-27 09:31:03,49950.0,200,Sell,234909565
2024-08-27 09:31:03,49950.0,100,Sell,234909567
2024-08-27 09:31:03,49950.0,100,Sell,234909569
2024-08-27 09:31:04,50000.0,800,Buy,234909592
2024-08-27 09:31:29,49950.0,400,Buy,234910385
2024-08-27 09:31:43,49950.0,100,Buy,234910950
2024-08-27 09:31:48,49950.0,1000,Buy,234911134
2024-08-27 09:31:48,49950.0,100,Buy,234911135
2024-08-27 09:31:52,49950.0,100,Buy,234911217
2024-08-27 09:31:53,49900.0,100,Sell,234911244
2024-08-27 09:31:53,49900.0,300,Sell,234911243
2024-08-27 09:31:53,49900.0,300,Sell,234911242
2024-08-27 09:31:53,49900.0,2000,Sell,234911252
2024-08-27 09:31:53,49900.0,500,Sell,234911240
2024-08-27 09:31:53,49900.0,100,Sell,234911241
2024-08-27 09:31:53,49900.0,100,Sell,234911238
2024-08-27 09:31:53,49900.0,7800,Sell,234911245
2024-08-27 09:31:53,49900.0,800,Sell,234911239
2024-08-27 09:31:55,49900.0,200,Sell,234911305
2024-08-27 09:31:55,49900.0,200,Sell,234911306
2024-08-27 09:31:57,49850.0,100,Sell,234911401
2024-08-27 09:31:57,49850.0,800,Sell,234911400
2024-08-27 09:31:57,49850.0,100,Sell,234911398
2024-08-27 09:31:57,49850.0,100,Sell,234911397
2024-08-27 09:31:57,49850.0,400,Sell,234911396
2024-08-27 09:31:57,49950.0,500,Buy,234911393
2024-08-27 09:31:57,49850.0,4600,Sell,234911383
2024-08-27 09:31:57,49850.0,500,Sell,234911382
2024-08-27 09:31:57,49900.0,100,Sell,234911380
2024-08-27 09:31:57,49850.0,500,Sell,234911399
2024-08-27 09:31:57,49850.0,800,Sell,234911381
2024-08-27 09:31:57,49900.0,200,Sell,234911379
2024-08-27 09:31:57,49900.0,100,Sell,234911377
2024-08-27 09:31:57,49900.0,100,Sell,234911376
2024-08-27 09:31:57,49900.0,300,Sell,234911375
2024-08-27 09:31:57,49900.0,200,Sell,234911374
2024-08-27 09:31:57,49900.0,600,Sell,234911373
2024-08-27 09:31:57,49900.0,100,Sell,234911372
2024-08-27 09:31:57,49900.0,100,Sell,234911371
2024-08-27 09:31:57,49900.0,2000,Sell,234911370
2024-08-27 09:31:57,49900.0,200,Sell,234911369
2024-08-27 09:31:57,49900.0,100,Sell,234911378
2024-08-27 09:31:58,49850.0,2000,Sell,234911413
2024-08-27 09:32:00,49850.0,900,Sell,234911509
2024-08-27 09:32:01,49850.0,100,Sell,234911526
2024-08-27 09:32:07,49850.0,1200,Sell,234911686
2024-08-27 09:32:08,49850.0,100,Sell,234911740
2024-08-27 09:32:09,49850.0,1000,Sell,234911755
2024-08-27 09:32:09,49850.0,200,Sell,234911780
2024-08-27 09:32:11,49850.0,500,Sell,234911889
2024-08-27 09:32:11,49850.0,300,Sell,234911938
2024-08-27 09:32:15,49850.0,100,Sell,234912023
2024-08-27 09:32:18,49850.0,3500,Sell,234912093
2024-08-27 09:32:18,49850.0,300,Sell,234912094
2024-08-27 09:32:18,49850.0,200,Sell,234912095
2024-08-27 09:32:19,49850.0,300,Sell,234912128
2024-08-27 09:32:19,49850.0,200,Sell,234912129
2024-08-27 09:32:19,49850.0,300,Sell,234912130
2024-08-27 09:32:21,49850.0,100,Sell,234912165
2024-08-27 09:32:23,49900.0,100,Buy,234912213
2024-08-27 09:32:27,49850.0,100,Sell,234912323
2024-08-27 09:32:31,49800.0,8400,Sell,234912389
2024-08-27 09:32:31,49800.0,100,Sell,234912387
2024-08-27 09:32:31,49850.0,500,Sell,234912386
2024-08-27 09:32:31,49800.0,1000,Sell,234912388
2024-08-27 09:32:32,49900.0,2000,Buy,234912450
2024-08-27 09:32:32,49800.0,100,Sell,234912444
2024-08-27 09:32:45,49800.0,3500,Sell,234912818
2024-08-27 09:32:45,49800.0,3000,Sell,234912865
2024-08-27 09:32:45,49800.0,11500,Sell,234912817
2024-08-27 09:32:46,49850.0,100,Sell,234912904
2024-08-27 09:32:46,49800.0,1900,Sell,234912905
2024-08-27 09:32:46,49800.0,200,Sell,234912906
2024-08-27 09:32:46,49800.0,200,Sell,234912907
2024-08-27 09:32:47,49800.0,300,Sell,234912933
2024-08-27 09:32:47,49800.0,100,Sell,234912934
2024-08-27 09:32:47,49800.0,600,Sell,234912935
2024-08-27 09:32:50,49800.0,200,Sell,234913005
2024-08-27 09:32:57,49800.0,500,Sell,234913188
2024-08-27 09:32:57,49800.0,100,Sell,234913187
2024-08-27 09:32:57,49800.0,100,Sell,234913185
2024-08-27 09:32:57,49800.0,200,Sell,234913186
2024-08-27 09:32:57,49800.0,100,Sell,234913183
2024-08-27 09:32:57,49800.0,200,Sell,234913182
2024-08-27 09:32:57,49800.0,1400,Sell,234913181
2024-08-27 09:32:57,49800.0,1700,Sell,234913180
2024-08-27 09:32:57,49800.0,100,Sell,234913184
2024-08-27 09:32:58,49800.0,100,Buy,234913210
2024-08-27 09:33:01,49800.0,100,Buy,234913315
2024-08-27 09:33:17,49700.0,2000,Sell,234913752
2024-08-27 09:33:17,49700.0,100,Sell,234913751
2024-08-27 09:33:17,49700.0,100,Sell,234913750
2024-08-27 09:33:17,49700.0,1000,Sell,234913749
2024-08-27 09:33:17,49700.0,100,Sell,234913747
2024-08-27 09:33:17,49700.0,100,Sell,234913746
2024-08-27 09:33:17,49700.0,1500,Sell,234913745
2024-08-27 09:33:17,49800.0,100,Buy,234913744
2024-08-27 09:33:17,49700.0,100,Sell,234913748
2024-08-27 09:33:18,49600.0,2000,Sell,234913765
2024-08-27 09:33:18,49650.0,100,Sell,234913764
2024-08-27 09:33:18,49650.0,2000,Sell,234913763
2024-08-27 09:33:18,49650.0,100,Sell,234913761
2024-08-27 09:33:18,49650.0,200,Sell,234913760
2024-08-27 09:33:18,49700.0,100,Sell,234913759
2024-08-27 09:33:18,49650.0,500,Sell,234913762
2024-08-27 09:33:19,49650.0,100,Sell,234913784
2024-08-27 09:33:19,49600.0,100,Sell,234913785
2024-08-27 09:33:19,49600.0,1000,Sell,234913786
2024-08-27 09:33:19,49600.0,100,Sell,234913787
2024-08-27 09:33:19,49600.0,700,Sell,234913788
2024-08-27 09:33:21,49650.0,400,Sell,234913821
2024-08-27 09:33:24,49650.0,500,Sell,234913868
2024-08-27 09:33:25,49650.0,100,Sell,234913902
2024-08-27 09:33:26,49800.0,300,Buy,234913909
2024-08-27 09:33:26,49800.0,900,Buy,234913907
2024-08-27 09:33:26,49800.0,100,Buy,234913908
2024-08-27 09:33:26,49700.0,1100,Buy,234913905
2024-08-27 09:33:26,49700.0,300,Buy,234913904
2024-08-27 09:33:26,49800.0,300,Buy,234913906
2024-08-27 09:33:46,49750.0,2000,Sell,234914520
2024-08-27 09:33:46,49650.0,100,Sell,234914521
2024-08-27 09:33:47,49650.0,400,Sell,234914560
2024-08-27 09:33:59,49750.0,100,Sell,234914976
2024-08-27 09:33:59,49750.0,100,Buy,234914993
2024-08-27 09:34:09,49750.0,100,Buy,234915273
2024-08-27 09:34:10,49750.0,100,Buy,234915291
2024-08-27 09:34:10,49700.0,100,Sell,234915292
2024-08-27 09:34:10,49700.0,600,Sell,234915293
2024-08-27 09:34:10,49700.0,400,Sell,234915302
2024-08-27 09:34:13,49700.0,900,Buy,234915425
2024-08-27 09:34:14,49700.0,200,Buy,234915437
2024-08-27 09:34:26,49700.0,5000,Buy,234915773
2024-08-27 09:34:29,49700.0,200,Buy,234915840
2024-08-27 09:34:30,49700.0,1000,Buy,234915860
2024-08-27 09:34:32,49700.0,100,Buy,234915933
2024-08-27 09:34:35,49700.0,200,Buy,234916014
2024-08-27 09:34:37,49700.0,100,Buy,234916062
2024-08-27 09:34:38,49700.0,100,Buy,234916069
2024-08-27 09:34:47,49700.0,200,Buy,234916368
2024-08-27 09:34:47,49700.0,100,Buy,234916381
2024-08-27 09:34:49,49700.0,100,Buy,234916397
2024-08-27 09:34:49,49700.0,200,Buy,234916408
2024-08-27 09:34:49,49700.0,1000,Buy,234916409
2024-08-27 09:34:49,49700.0,3000,Buy,234916410
2024-08-27 09:34:49,49700.0,700,Buy,234916411
2024-08-27 09:34:57,49700.0,1000,Buy,234916670
2024-08-27 09:34:57,49700.0,1100,Buy,234916669
2024-08-27 09:34:57,49700.0,1200,Buy,234916671
2024-08-27 09:34:57,49700.0,100,Buy,234916667
2024-08-27 09:34:57,49700.0,200,Buy,234916666
2024-08-27 09:34:57,49700.0,100,Buy,234916668
2024-08-27 09:34:57,49700.0,300,Buy,234916665
2024-08-27 09:35:02,49700.0,100,Buy,234916829
2024-08-27 09:35:04,49700.0,500,Buy,234916895
2024-08-27 09:35:09,49700.0,200,Buy,234917159
2024-08-27 09:35:09,49700.0,800,Buy,234917160
2024-08-27 09:35:09,49700.0,100,Buy,234917179
2024-08-27 09:35:11,49700.0,100,Buy,234917200
2024-08-27 09:35:23,49700.0,200,Buy,234917522
2024-08-27 09:35:31,49700.0,100,Buy,234917715
2024-08-27 09:35:31,49700.0,100,Buy,234917729
2024-08-27 09:35:34,49700.0,100,Buy,234917792
2024-08-27 09:35:34,49700.0,400,Buy,234917793
2024-08-27 09:35:34,49700.0,100,Buy,234917800
2024-08-27 09:35:38,49700.0,100,Buy,234917899
2024-08-27 09:35:39,49700.0,100,Buy,234917922
2024-08-27 09:35:48,49700.0,100,Buy,234918189
2024-08-27 09:35:48,49700.0,300,Buy,234918173
2024-08-27 09:35:48,49700.0,700,Buy,234918174
2024-08-27 09:35:50,49700.0,200,Buy,234918235
2024-08-27 09:35:54,49700.0,1000,Buy,234918342
2024-08-27 09:35:54,49700.0,100,Buy,234918343
2024-08-27 09:35:54,49700.0,400,Buy,234918344
2024-08-27 09:35:54,49700.0,100,Buy,234918345
2024-08-27 09:35:54,49700.0,200,Buy,234918346
2024-08-27 09:35:55,49700.0,300,Sell,234918388
2024-08-27 09:36:00,49700.0,100,Sell,234918552
2024-08-27 09:36:01,49700.0,500,Sell,234918567
2024-08-27 09:36:03,49700.0,100,Sell,234918633
2024-08-27 09:36:10,49700.0,200,Sell,234918820
2024-08-27 09:36:10,49700.0,200,Sell,234918819
2024-08-27 09:36:10,49700.0,100,Sell,234918821
2024-08-27 09:36:10,49700.0,100,Sell,234918817
2024-08-27 09:36:10,49700.0,100,Sell,234918818
2024-08-27 09:36:10,49700.0,200,Sell,234918816
2024-08-27 09:36:16,49700.0,100,Buy,234918965
2024-08-27 09:36:21,49700.0,100,Buy,234919142
2024-08-27 09:36:27,49700.0,100,Sell,234919260
2024-08-27 09:36:30,49700.0,900,Buy,234919342
2024-08-27 09:36:31,49700.0,100,Sell,234919385
2024-08-27 09:36:42,49700.0,300,Sell,234919635
2024-08-27 09:36:42,49700.0,100,Sell,234919636
2024-08-27 09:36:46,49750.0,100,Buy,234919746
2024-08-27 09:37:01,49750.0,300,Buy,234920115
2024-08-27 09:37:04,49750.0,100,Buy,234920185
2024-08-27 09:37:15,49700.0,100,Sell,234920577
2024-08-27 09:37:15,49700.0,300,Sell,234920573
2024-08-27 09:37:15,49700.0,100,Sell,234920574
2024-08-27 09:37:15,49700.0,100,Sell,234920575
2024-08-27 09:37:15,49700.0,400,Sell,234920576
2024-08-27 09:37:17,49700.0,100,Sell,234920682
2024-08-27 09:37:17,49700.0,100,Sell,234920683
2024-08-27 09:37:32,49750.0,200,Buy,234921105
2024-08-27 09:37:35,49750.0,400,Buy,234921170
2024-08-27 09:37:57,49700.0,100,Sell,234921968
2024-08-27 09:37:57,49700.0,100,Sell,234921969
2024-08-27 09:37:57,49700.0,100,Sell,234921970
2024-08-27 09:37:57,49700.0,600,Sell,234921971
2024-08-27 09:37:57,49700.0,200,Sell,234921972
2024-08-27 09:37:57,49700.0,100,Sell,234921973
2024-08-27 09:37:57,49700.0,100,Sell,234921974
2024-08-27 09:37:57,49700.0,1000,Sell,234921975
2024-08-27 09:37:57,49700.0,3000,Sell,234921976
2024-08-27 09:37:57,49700.0,200,Sell,234921977
2024-08-27 09:37:57,49700.0,200,Sell,234921978
2024-08-27 09:37:57,49700.0,100,Sell,234921979
2024-08-27 09:37:57,49700.0,1900,Sell,234921980
2024-08-27 09:37:57,49700.0,500,Sell,234921981
2024-08-27 09:38:00,49650.0,100,Sell,234922119
2024-08-27 09:38:06,49700.0,1000,Buy,234922324
2024-08-27 09:38:09,49700.0,500,Buy,234922431
2024-08-27 09:38:10,49700.0,300,Buy,234922440
2024-08-27 09:38:10,49700.0,300,Buy,234922441
2024-08-27 09:38:14,49700.0,1000,Buy,234922589
2024-08-27 09:38:18,49700.0,300,Buy,234922743
2024-08-27 09:38:19,49700.0,1000,Buy,234922793
2024-08-27 09:38:21,49650.0,400,Sell,234922844
2024-08-27 09:38:21,49650.0,100,Sell,234922845
2024-08-27 09:38:21,49650.0,500,Sell,234922846
2024-08-27 09:38:23,49650.0,200,Sell,234922909
2024-08-27 09:38:26,49700.0,200,Buy,234922967
2024-08-27 09:38:26,49700.0,200,Buy,234922966
2024-08-27 09:38:26,49750.0,1700,Buy,234922969
2024-08-27 09:38:26,49700.0,2000,Buy,234922964
2024-08-27 09:38:26,49700.0,500,Buy,234922965
2024-08-27 09:38:26,49700.0,200,Buy,234922968
2024-08-27 09:38:26,49700.0,200,Buy,234922963
2024-08-27 09:38:27,49700.0,100,Buy,234922996
2024-08-27 09:38:33,49650.0,100,Sell,234923160
2024-08-27 09:38:43,49700.0,1000,Buy,234923450
2024-08-27 09:38:43,49700.0,2000,Buy,234923451
2024-08-27 09:38:43,49700.0,100,Buy,234923452
2024-08-27 09:38:43,49700.0,500,Buy,234923453
2024-08-27 09:38:45,49700.0,700,Sell,234923492
2024-08-27 09:38:48,49700.0,100,Sell,234923575
2024-08-27 09:38:58,49700.0,100,Sell,234923829
2024-08-27 09:39:20,49700.0,100,Sell,234924514
2024-08-27 09:39:34,49700.0,400,Sell,234924877
2024-08-27 09:39:56,49700.0,400,Sell,234925454
2024-08-27 09:40:20,49700.0,600,Sell,234926145
2024-08-27 09:40:21,49700.0,100,Sell,234926181
2024-08-27 09:40:44,49700.0,1000,Sell,234926769
2024-08-27 09:40:45,49700.0,200,Sell,234926786
2024-08-27 09:40:50,49750.0,2200,Buy,234926916
2024-08-27 09:40:50,49750.0,500,Buy,234926917
2024-08-27 09:40:50,49750.0,2300,Buy,234926918
2024-08-27 09:41:00,49700.0,100,Sell,234927217
2024-08-27 09:41:01,49750.0,1000,Buy,234927244
2024-08-27 09:41:06,49750.0,1000,Buy,234927380
2024-08-27 09:41:12,49750.0,1300,Buy,234927532
2024-08-27 09:41:14,49750.0,4000,Buy,234927571
2024-08-27 09:41:14,49750.0,800,Buy,234927572
2024-08-27 09:41:14,49750.0,200,Buy,234927573
2024-08-27 09:41:15,49750.0,100,Buy,234927597
2024-08-27 09:41:16,49750.0,2500,Buy,234927617
2024-08-27 09:41:18,49750.0,1100,Buy,234927649
2024-08-27 09:41:19,49750.0,100,Buy,234927670
2024-08-27 09:41:19,49750.0,200,Buy,234927669
2024-08-27 09:41:19,49750.0,1000,Buy,234927668
2024-08-27 09:41:19,49750.0,300,Buy,234927666
2024-08-27 09:41:19,49750.0,100,Buy,234927667
2024-08-27 09:41:19,49750.0,1700,Buy,234927665
2024-08-27 09:41:20,49750.0,100,Buy,234927708
2024-08-27 09:41:20,49750.0,200,Buy,234927709
2024-08-27 09:41:20,49750.0,100,Buy,234927710
2024-08-27 09:41:20,49750.0,200,Buy,234927711
2024-08-27 09:41:20,49750.0,1000,Buy,234927712
2024-08-27 09:41:20,49750.0,500,Buy,234927713
2024-08-27 09:41:20,49750.0,600,Buy,234927714
2024-08-27 09:41:21,49750.0,800,Sell,234927723
2024-08-27 09:41:23,49750.0,100,Sell,234927776
2024-08-27 09:41:28,49750.0,900,Sell,234927908
2024-08-27 09:41:29,49750.0,100,Sell,234927962
2024-08-27 09:41:32,49800.0,200,Buy,234928047
2024-08-27 09:41:32,49800.0,100,Buy,234928046
2024-08-27 09:41:32,49800.0,4500,Buy,234928045
2024-08-27 09:41:32,49800.0,500,Buy,234928044
2024-08-27 09:41:32,49800.0,500,Buy,234928042
2024-08-27 09:41:32,49800.0,300,Buy,234928040
2024-08-27 09:41:32,49800.0,600,Buy,234928039
2024-08-27 09:41:32,49800.0,200,Buy,234928038
2024-08-27 09:41:32,49800.0,5000,Buy,234928043
2024-08-27 09:41:32,49800.0,2000,Buy,234928041
2024-08-27 09:41:33,49800.0,2700,Sell,234928097
2024-08-27 09:41:35,49800.0,500,Sell,234928160
2024-08-27 09:41:37,49800.0,100,Sell,234928213
2024-08-27 09:42:19,49800.0,1000,Sell,234929898
2024-08-27 09:42:20,49800.0,200,Sell,234929920
2024-08-27 09:42:33,49800.0,1000,Sell,234930342
2024-08-27 09:42:33,49800.0,200,Sell,234930353
2024-08-27 09:42:34,49850.0,300,Buy,234930391
2024-08-27 09:42:34,49800.0,100,Sell,234930382
2024-08-27 09:42:34,49800.0,300,Sell,234930390
2024-08-27 09:42:39,49850.0,200,Buy,234930671
2024-08-27 09:42:42,49850.0,100,Buy,234930777
2024-08-27 09:43:03,49800.0,10000,Sell,234931563
2024-08-27 09:43:03,49800.0,900,Sell,234931564
2024-08-27 09:43:05,49800.0,2100,Sell,234931664
2024-08-27 09:43:07,49800.0,100,Sell,234931818
2024-08-27 09:43:07,49800.0,300,Sell,234931819
2024-08-27 09:43:08,49850.0,500,Buy,234931861
2024-08-27 09:43:19,49800.0,2500,Sell,234932120
2024-08-27 09:43:19,49800.0,500,Sell,234932132
2024-08-27 09:43:21,49800.0,100,Sell,234932190
2024-08-27 09:43:29,49800.0,1000,Sell,234932343
2024-08-27 09:43:29,49800.0,1000,Sell,234932344
2024-08-27 09:43:29,49800.0,100,Sell,234932353
2024-08-27 09:43:29,49800.0,100,Sell,234932354
2024-08-27 09:43:29,49800.0,100,Sell,234932355
2024-08-27 09:43:29,49800.0,100,Sell,234932356
2024-08-27 09:43:34,49800.0,2900,Sell,234932553
2024-08-27 09:43:34,49800.0,300,Sell,234932552
2024-08-27 09:43:35,49800.0,600,Sell,234932579
2024-08-27 09:43:37,49800.0,100,Sell,234932626
2024-08-27 09:43:45,49800.0,1400,Sell,234932812
2024-08-27 09:43:45,49800.0,100,Sell,234932813
2024-08-27 09:43:45,49800.0,200,Sell,234932814
2024-08-27 09:43:45,49800.0,100,Sell,234932815
2024-08-27 09:43:46,49800.0,200,Buy,234932850
2024-08-27 09:43:46,49800.0,300,Buy,234932851
2024-08-27 09:43:47,49800.0,500,Sell,234932871
2024-08-27 09:43:58,49800.0,500,Buy,234933096
2024-08-27 09:43:58,49800.0,100,Buy,234933097
2024-08-27 09:43:58,49800.0,400,Buy,234933098
2024-08-27 09:43:59,49800.0,100,Buy,234933110
2024-08-27 09:44:01,49800.0,200,Buy,234933294
2024-08-27 09:44:06,49800.0,100,Buy,234933373
2024-08-27 09:44:15,49750.0,300,Sell,234933597
2024-08-27 09:44:15,49750.0,500,Sell,234933596
2024-08-27 09:44:17,49750.0,100,Sell,234933649
2024-08-27 09:44:19,49800.0,1000,Buy,234933681
2024-08-27 09:44:21,49800.0,1000,Buy,234933733
2024-08-27 09:44:31,49800.0,500,Buy,234933981
2024-08-27 09:44:38,49800.0,100,Buy,234934120
2024-08-27 09:44:45,49800.0,1000,Buy,234934281
2024-08-27 09:44:51,49800.0,200,Buy,234934384
2024-08-27 09:44:51,49800.0,200,Buy,234934383
2024-08-27 09:44:51,49800.0,600,Buy,234934379
2024-08-27 09:44:51,49800.0,1000,Buy,234934381
2024-08-27 09:44:51,49800.0,100,Buy,234934382
2024-08-27 09:44:51,49800.0,100,Buy,234934380
2024-08-27 09:44:54,49800.0,1000,Buy,234934451
2024-08-27 09:45:00,49800.0,3800,Buy,234934601
2024-08-27 09:45:00,49800.0,200,Buy,234934602
2024-08-27 09:45:00,49800.0,200,Buy,234934603
2024-08-27 09:45:00,49800.0,100,Buy,234934604
2024-08-27 09:45:00,49800.0,700,Buy,234934605
2024-08-27 09:45:12,49800.0,100,Buy,234934937
2024-08-27 09:45:12,49800.0,100,Buy,234934928
2024-08-27 09:45:12,49800.0,300,Buy,234934939
2024-08-27 09:45:12,49800.0,200,Buy,234934926
2024-08-27 09:45:12,49800.0,400,Buy,234934927
2024-08-27 09:45:12,49800.0,300,Buy,234934924
2024-08-27 09:45:12,49800.0,100,Buy,234934938
2024-08-27 09:45:12,49800.0,1000,Buy,234934925
2024-08-27 09:45:17,49800.0,500,Buy,234935015
2024-08-27 09:45:18,49800.0,200,Buy,234935050
2024-08-27 09:45:18,49800.0,100,Buy,234935051
2024-08-27 09:45:19,49750.0,600,Sell,234935064
2024-08-27 09:45:19,49750.0,900,Sell,234935066
2024-08-27 09:45:19,49750.0,500,Sell,234935065
2024-08-27 09:45:20,49800.0,300,Buy,234935096
2024-08-27 09:45:20,49800.0,100,Buy,234935097
2024-08-27 09:45:28,49800.0,400,Buy,234935340
2024-08-27 09:45:28,49800.0,100,Buy,234935341
2024-08-27 09:45:30,49800.0,400,Buy,234935381
2024-08-27 09:45:30,49800.0,100,Buy,234935382
2024-08-27 09:45:48,49800.0,1000,Buy,234935879
2024-08-27 09:45:55,49800.0,1000,Buy,234936073
2024-08-27 09:45:56,49800.0,100,Buy,234936085
2024-08-27 09:46:03,49800.0,100,Buy,234936251
2024-08-27 09:46:05,49800.0,100,Buy,234936313
2024-08-27 09:46:10,49800.0,100,Buy,234936378
2024-08-27 09:46:11,49800.0,1000,Buy,234936386
2024-08-27 09:46:13,49800.0,1000,Buy,234936449
2024-08-27 09:46:19,49800.0,500,Buy,234936529
2024-08-27 09:46:30,49800.0,100,Buy,234936799
2024-08-27 09:46:30,49800.0,100,Buy,234936800
2024-08-27 09:46:30,49800.0,200,Buy,234936801
2024-08-27 09:46:30,49800.0,200,Buy,234936802
2024-08-27 09:46:30,49800.0,200,Buy,234936803
2024-08-27 09:46:30,49800.0,200,Buy,234936804
2024-08-27 09:46:33,49800.0,100,Buy,234936873
2024-08-27 09:46:33,49800.0,200,Buy,234936872
2024-08-27 09:46:33,49800.0,100,Buy,234936870
2024-08-27 09:46:33,49800.0,200,Buy,234936869
2024-08-27 09:46:33,49800.0,1300,Buy,234936868
2024-08-27 09:46:33,49800.0,700,Buy,234936871
2024-08-27 09:46:34,49800.0,500,Sell,234936894
2024-08-27 09:46:35,49800.0,100,Sell,234936925
2024-08-27 09:46:40,49800.0,1000,Sell,234937013
2024-08-27 09:46:41,49800.0,200,Sell,234937067
2024-08-27 09:46:55,49800.0,2500,Sell,234937382
2024-08-27 09:46:55,49800.0,500,Sell,234937387
2024-08-27 09:46:56,49850.0,900,Buy,234937388
2024-08-27 09:46:56,49850.0,5000,Buy,234937389
2024-08-27 09:46:56,49850.0,500,Buy,234937390
2024-08-27 09:46:56,49850.0,6200,Buy,234937391
2024-08-27 09:47:15,49850.0,2600,Buy,234937776
2024-08-27 09:47:15,49850.0,400,Buy,234937775
2024-08-27 09:47:15,49850.0,100,Buy,234937773
2024-08-27 09:47:15,49850.0,400,Buy,234937774
2024-08-27 09:47:15,49850.0,11700,Buy,234937772
2024-08-27 09:47:17,49850.0,3000,Sell,234937862
2024-08-27 09:47:18,49850.0,2400,Sell,234937890
2024-08-27 09:47:39,49850.0,100,Buy,234938279
2024-08-27 09:47:52,49850.0,900,Buy,234938536
2024-08-27 09:47:52,49850.0,1000,Buy,234938537
2024-08-27 09:47:53,49850.0,300,Sell,234938553
2024-08-27 09:48:09,49900.0,500,Buy,234938947
2024-08-27 09:48:09,49900.0,300,Buy,234938948
2024-08-27 09:48:09,49900.0,4200,Buy,234938949
2024-08-27 09:48:53,49900.0,100,Buy,234939968
2024-08-27 09:48:53,49900.0,200,Buy,234939965
2024-08-27 09:48:53,49900.0,100,Buy,234939964
2024-08-27 09:48:53,49900.0,1000,Buy,234939967
2024-08-27 09:48:53,49900.0,5000,Buy,234939962
2024-08-27 09:48:53,49900.0,2000,Buy,234939963
2024-08-27 09:48:53,49900.0,1800,Buy,234939958
2024-08-27 09:48:53,49900.0,5000,Buy,234939966
2024-08-27 09:48:53,49900.0,2000,Buy,234939961
2024-08-27 09:48:54,49900.0,2000,Sell,234939972
2024-08-27 09:48:55,49900.0,10800,Sell,234939981
2024-08-27 09:49:15,49850.0,200,Sell,234940375
2024-08-27 09:49:29,49850.0,100,Sell,234940582
2024-08-27 09:49:29,49850.0,1000,Sell,234940593
2024-08-27 09:49:29,49850.0,2400,Sell,234940594
2024-08-27 09:49:29,49850.0,100,Sell,234940595
2024-08-27 09:49:29,49850.0,500,Sell,234940592
2024-08-27 09:49:35,49850.0,700,Buy,234940754
2024-08-27 09:49:55,49850.0,100,Buy,234941044
2024-08-27 09:49:55,49850.0,100,Buy,234941045
2024-08-27 09:49:56,49850.0,100,Sell,234941055
2024-08-27 09:50:11,49850.0,1900,Sell,234941405
2024-08-27 09:50:11,49850.0,100,Sell,234941404
2024-08-27 09:50:12,49850.0,1100,Sell,234941422
2024-08-27 09:50:12,49850.0,100,Sell,234941423
2024-08-27 09:50:26,49850.0,600,Buy,234941633
2024-08-27 09:50:27,49850.0,100,Sell,234941666
2024-08-27 09:50:27,49850.0,1800,Sell,234941668
2024-08-27 09:50:31,49750.0,200,Sell,234941750
2024-08-27 09:50:31,49800.0,300,Sell,234941749
2024-08-27 09:50:31,49800.0,1000,Sell,234941748
2024-08-27 09:50:31,49800.0,1500,Sell,234941747
2024-08-27 09:50:31,49800.0,100,Sell,234941746
2024-08-27 09:50:31,49750.0,300,Sell,234941751
2024-08-27 09:50:31,49800.0,100,Sell,234941744
2024-08-27 09:50:31,49800.0,100,Sell,234941743
2024-08-27 09:50:31,49800.0,600,Sell,234941742
2024-08-27 09:50:31,49800.0,100,Sell,234941741
2024-08-27 09:50:31,49800.0,200,Sell,234941745
2024-08-27 09:50:31,49800.0,500,Sell,234941740
2024-08-27 09:50:32,49850.0,300,Buy,234941757
2024-08-27 09:50:41,49750.0,2000,Sell,234941984
2024-08-27 09:50:43,49750.0,400,Sell,234942025
2024-08-27 09:51:10,49800.0,200,Sell,234942607
2024-08-27 09:51:25,49800.0,100,Buy,234942852
2024-08-27 09:51:28,49800.0,200,Buy,234942894
2024-08-27 09:51:37,49800.0,1000,Buy,234943151
2024-08-27 09:51:41,49800.0,200,Buy,234943189
2024-08-27 09:51:41,49800.0,500,Buy,234943193
2024-08-27 09:51:41,49800.0,100,Buy,234943194
2024-08-27 09:51:41,49800.0,200,Buy,234943195
2024-08-27 09:51:41,49800.0,200,Buy,234943196
2024-08-27 09:52:14,49800.0,200,Buy,234943815
2024-08-27 09:52:14,49800.0,700,Buy,234943816
2024-08-27 09:52:15,49800.0,100,Sell,234943824
2024-08-27 09:52:23,49750.0,3000,Sell,234943943
2024-08-27 09:52:23,49800.0,1000,Sell,234943942
2024-08-27 09:52:25,49750.0,800,Sell,234944013
2024-08-27 09:52:27,49750.0,100,Sell,234944047
2024-08-27 09:52:45,49750.0,500,Sell,234944364
2024-08-27 09:52:47,49750.0,100,Sell,234944418
2024-08-27 09:52:56,49750.0,2000,Sell,234944623
2024-08-27 09:52:57,49750.0,400,Sell,234944659
2024-08-27 09:53:12,49750.0,400,Sell,234945042
2024-08-27 09:53:12,49750.0,100,Sell,234945043
2024-08-27 09:53:12,49750.0,2000,Sell,234945044
2024-08-27 09:53:12,49750.0,100,Sell,234945045
2024-08-27 09:53:12,49750.0,400,Sell,234945047
2024-08-27 09:53:12,49750.0,500,Sell,234945048
2024-08-27 09:53:12,49750.0,100,Sell,234945049
2024-08-27 09:53:12,49750.0,200,Sell,234945050
2024-08-27 09:53:12,49750.0,100,Sell,234945051
2024-08-27 09:53:12,49750.0,400,Sell,234945052
2024-08-27 09:53:12,49750.0,1000,Sell,234945053
2024-08-27 09:53:12,49750.0,100,Sell,234945046
2024-08-27 09:53:24,49750.0,100,Buy,234945313
2024-08-27 09:53:38,49700.0,100,Sell,234945571
2024-08-27 09:53:47,49700.0,200,Sell,234945768
2024-08-27 09:53:51,49700.0,100,Sell,234945857
2024-08-27 09:53:57,49750.0,4500,Buy,234945930
2024-08-27 09:53:57,49750.0,500,Buy,234945931
2024-08-27 09:54:13,49750.0,500,Buy,234946271
2024-08-27 09:54:13,49750.0,4500,Buy,234946272
2024-08-27 09:54:16,49700.0,100,Sell,234946379
2024-08-27 09:54:18,49750.0,500,Buy,234946407
2024-08-27 09:54:31,49750.0,3800,Buy,234946582
2024-08-27 09:54:31,49750.0,1000,Buy,234946581
2024-08-27 09:54:31,49750.0,200,Buy,234946580
2024-08-27 09:54:44,49750.0,300,Buy,234946823
2024-08-27 09:54:44,49700.0,200,Sell,234946827
2024-08-27 09:54:45,49700.0,100,Sell,234946851
2024-08-27 09:55:02,49700.0,100,Sell,234947126
2024-08-27 09:55:04,49750.0,500,Buy,234947163
2024-08-27 09:55:04,49750.0,1000,Buy,234947162
2024-08-27 09:55:04,49750.0,1000,Buy,234947160
2024-08-27 09:55:04,49750.0,100,Buy,234947161
2024-08-27 09:55:04,49750.0,900,Buy,234947159
2024-08-27 09:55:13,49700.0,200,Sell,234947337
2024-08-27 09:55:27,49750.0,500,Buy,234947629
2024-08-27 09:55:29,49700.0,400,Sell,234947669
2024-08-27 09:55:29,49700.0,2000,Sell,234947660
2024-08-27 09:55:29,49700.0,200,Sell,234947659
2024-08-27 09:55:29,49700.0,200,Sell,234947658
2024-08-27 09:55:29,49700.0,1000,Sell,234947657
2024-08-27 09:55:29,49700.0,100,Sell,234947661
2024-08-27 09:55:29,49700.0,500,Sell,234947655
2024-08-27 09:55:29,49700.0,100,Sell,234947654
2024-08-27 09:55:29,49700.0,200,Sell,234947653
2024-08-27 09:55:29,49700.0,500,Sell,234947652
2024-08-27 09:55:29,49700.0,1500,Sell,234947651
2024-08-27 09:55:29,49700.0,1100,Sell,234947670
2024-08-27 09:55:29,49700.0,700,Sell,234947656
2024-08-27 09:55:31,49700.0,300,Sell,234947704
2024-08-27 09:55:40,49700.0,200,Sell,234947843
2024-08-27 09:55:40,49700.0,300,Sell,234947844
2024-08-27 09:55:40,49700.0,200,Sell,234947845
2024-08-27 09:55:40,49700.0,200,Sell,234947846
2024-08-27 09:55:40,49700.0,500,Sell,234947847
2024-08-27 09:55:40,49700.0,3600,Sell,234947842
2024-08-27 09:55:41,49700.0,500,Sell,234947887
2024-08-27 09:55:41,49700.0,500,Sell,234947888
2024-08-27 09:55:41,49700.0,100,Sell,234947889
2024-08-27 09:55:44,49700.0,200,Sell,234947944
2024-08-27 09:55:44,49700.0,100,Sell,234947943
2024-08-27 09:55:44,49700.0,100,Sell,234947946
2024-08-27 09:55:44,49700.0,2200,Sell,234947947
2024-08-27 09:55:44,49700.0,1000,Sell,234947945
2024-08-27 09:55:44,49700.0,2200,Sell,234947942
2024-08-27 09:55:44,49700.0,500,Sell,234947939
2024-08-27 09:55:44,49700.0,1000,Sell,234947940
2024-08-27 09:55:44,49700.0,100,Sell,234947941
2024-08-27 09:55:44,49700.0,200,Sell,234947921
2024-08-27 09:55:44,49700.0,1100,Sell,234947938
2024-08-27 09:55:44,49700.0,300,Sell,234947937
2024-08-27 09:55:44,49700.0,3200,Sell,234947936
2024-08-27 09:55:45,49700.0,2400,Sell,234947964
2024-08-27 09:55:47,49700.0,400,Sell,234947987
2024-08-27 09:56:05,49700.0,100,Sell,234948339
2024-08-27 09:56:05,49700.0,500,Sell,234948340
2024-08-27 09:56:05,49700.0,400,Sell,234948341
2024-08-27 09:56:07,49750.0,100,Buy,234948372
2024-08-27 09:56:07,49700.0,100,Sell,234948378
2024-08-27 09:56:07,49700.0,100,Sell,234948379
2024-08-27 09:56:10,49700.0,200,Sell,234948429
2024-08-27 09:56:12,49700.0,1000,Sell,234948466
2024-08-27 09:56:12,49700.0,200,Sell,234948468
2024-08-27 09:56:12,49700.0,2700,Sell,234948464
2024-08-27 09:56:12,49700.0,1000,Sell,234948465
2024-08-27 09:56:12,49700.0,100,Sell,234948467
2024-08-27 09:56:13,49700.0,1000,Sell,234948582
2024-08-27 09:56:15,49700.0,200,Sell,234948623
2024-08-27 09:56:25,49750.0,700,Buy,234948823
2024-08-27 09:56:26,49750.0,200,Sell,234948842
2024-08-27 09:56:27,49750.0,100,Sell,234948852
2024-08-27 09:56:39,49750.0,100,Sell,234949050
2024-08-27 09:56:58,49750.0,900,Sell,234949406
2024-08-27 09:56:58,49750.0,100,Sell,234949407
2024-08-27 09:56:59,49750.0,200,Sell,234949437
2024-08-27 09:57:04,49750.0,500,Sell,234949491
2024-08-27 09:57:05,49750.0,100,Sell,234949522
2024-08-27 09:57:07,49750.0,100,Sell,234949549
2024-08-27 09:57:07,49750.0,100,Sell,234949548
2024-08-27 09:57:10,49750.0,400,Sell,234949587
2024-08-27 09:57:10,49700.0,100,Buy,234949597
2024-08-27 09:57:10,49700.0,100,Sell,234949595
2024-08-27 09:57:10,49700.0,100,Sell,234949594
2024-08-27 09:57:10,49700.0,100,Sell,234949593
2024-08-27 09:57:10,49700.0,600,Sell,234949588
2024-08-27 09:57:10,49700.0,10000,Sell,234949591
2024-08-27 09:57:10,49700.0,2300,Sell,234949590
2024-08-27 09:57:10,49700.0,200,Sell,234949589
2024-08-27 09:57:10,49700.0,200,Sell,234949592
2024-08-27 09:57:23,49700.0,200,Buy,234949793
2024-08-27 09:57:23,49700.0,500,Buy,234949810
2024-08-27 09:57:23,49700.0,100,Buy,234949811
2024-08-27 09:57:27,49700.0,100,Buy,234949973
2024-08-27 09:57:33,49700.0,1000,Buy,234950097
2024-08-27 09:57:33,49700.0,1000,Buy,234950096
2024-08-27 09:57:36,49650.0,100,Sell,234950165
2024-08-27 09:58:03,49700.0,600,Buy,234950507
2024-08-27 09:58:03,49700.0,100,Buy,234950508
2024-08-27 09:58:03,49700.0,300,Buy,234950509
2024-08-27 09:58:04,49650.0,200,Sell,234950531
2024-08-27 09:58:06,49700.0,100,Buy,234950553
2024-08-27 09:58:06,49700.0,600,Buy,234950562
2024-08-27 09:58:06,49700.0,400,Buy,234950563
2024-08-27 09:58:13,49700.0,600,Buy,234950671
2024-08-27 09:58:13,49700.0,400,Buy,234950672
2024-08-27 09:58:24,49700.0,200,Buy,234950843
2024-08-27 09:58:24,49700.0,200,Buy,234950844
2024-08-27 09:58:24,49700.0,200,Buy,234950845
2024-08-27 09:58:24,49700.0,200,Buy,234950846
2024-08-27 09:58:25,49700.0,100,Sell,234950857
2024-08-27 09:58:33,49700.0,100,Sell,234950977
2024-08-27 09:58:35,49700.0,100,Buy,234950991
2024-08-27 09:59:01,49700.0,100,Sell,234951332
2024-08-27 09:59:07,49700.0,100,Sell,234951443
2024-08-27 09:59:21,49700.0,1000,Sell,234951676
2024-08-27 09:59:23,49700.0,200,Sell,234951698
2024-08-27 09:59:30,49700.0,100,Sell,234951818
2024-08-27 09:59:30,49700.0,100,Sell,234951819
2024-08-27 09:59:47,49750.0,100,Buy,234952021
2024-08-27 09:59:48,49700.0,100,Sell,234952042
2024-08-27 09:59:48,49700.0,500,Sell,234952043
2024-08-27 09:59:48,49700.0,1400,Sell,234952041
2024-08-27 09:59:49,49700.0,400,Sell,234952059
2024-08-27 09:59:59,49700.0,100,Sell,234952324
2024-08-27 10:00:27,49750.0,100,Buy,234952845
2024-08-27 10:00:27,49750.0,500,Buy,234952846
2024-08-27 10:00:27,49750.0,100,Buy,234952847
2024-08-27 10:00:27,49750.0,300,Buy,234952848
2024-08-27 10:00:27,49700.0,200,Sell,234952850
2024-08-27 10:00:29,49700.0,100,Sell,234952896
2024-08-27 10:00:29,49700.0,100,Sell,234952897
2024-08-27 10:00:56,49700.0,100,Sell,234953263
2024-08-27 10:01:13,49750.0,500,Buy,234953484
2024-08-27 10:01:15,49750.0,100,Sell,234953505
2024-08-27 10:01:24,49750.0,200,Sell,234953712
2024-08-27 10:01:48,49750.0,200,Sell,234954110
2024-08-27 10:01:53,49750.0,200,Sell,234954191
2024-08-27 10:02:10,49750.0,100,Sell,234954485
2024-08-27 10:02:10,49750.0,500,Sell,234954498
2024-08-27 10:02:10,49750.0,100,Sell,234954499
2024-08-27 10:02:10,49750.0,400,Sell,234954500
2024-08-27 10:02:11,49750.0,200,Sell,234954526
2024-08-27 10:02:22,49750.0,100,Sell,234954694
2024-08-27 10:02:34,49750.0,900,Sell,234954875
2024-08-27 10:02:35,49750.0,100,Sell,234954914
2024-08-27 10:02:47,49750.0,800,Sell,234955107
2024-08-27 10:02:49,49750.0,100,Sell,234955143
2024-08-27 10:02:50,49750.0,200,Sell,234955160
2024-08-27 10:03:09,49800.0,200,Buy,234955440
2024-08-27 10:03:19,49750.0,100,Sell,234955595
2024-08-27 10:03:47,49750.0,200,Sell,234955997
2024-08-27 10:04:16,49750.0,100,Sell,234956501
2024-08-27 10:04:22,49800.0,500,Buy,234956610
2024-08-27 10:04:22,49800.0,1000,Buy,234956611
2024-08-27 10:04:22,49800.0,1000,Buy,234956612
2024-08-27 10:04:22,49800.0,500,Buy,234956613
2024-08-27 10:04:45,49750.0,200,Sell,234956964
2024-08-27 10:05:13,49750.0,200,Sell,234957438
2024-08-27 10:05:37,49750.0,200,Sell,234957795
2024-08-27 10:05:42,49750.0,100,Sell,234957864
2024-08-27 10:06:10,49750.0,200,Sell,234958403
2024-08-27 10:06:39,49750.0,100,Sell,234959027
2024-08-27 10:06:40,49800.0,500,Buy,234959050
2024-08-27 10:06:40,49800.0,600,Buy,234959051
2024-08-27 10:06:40,49800.0,3600,Buy,234959052
2024-08-27 10:07:05,49800.0,500,Buy,234959823
2024-08-27 10:07:07,49750.0,200,Sell,234959861
2024-08-27 10:07:22,49750.0,600,Sell,234960088
2024-08-27 10:07:23,49750.0,100,Sell,234960102
2024-08-27 10:07:24,49750.0,100,Sell,234960113
2024-08-27 10:07:24,49750.0,1100,Sell,234960115
2024-08-27 10:07:24,49750.0,2000,Sell,234960116
2024-08-27 10:07:24,49750.0,5000,Sell,234960117
2024-08-27 10:07:24,49750.0,1900,Sell,234960118
2024-08-27 10:07:25,49800.0,700,Buy,234960132
2024-08-27 10:07:36,49750.0,100,Sell,234960363
2024-08-27 10:08:06,49750.0,200,Sell,234961023
2024-08-27 10:08:22,49750.0,100,Sell,234961389
2024-08-27 10:08:33,49750.0,200,Sell,234961666
2024-08-27 10:09:02,49750.0,100,Sell,234962224
2024-08-27 10:09:15,49750.0,100,Sell,234962406
2024-08-27 10:09:30,49750.0,200,Sell,234962731
2024-08-27 10:09:32,49800.0,100,Buy,234962837
2024-08-27 10:09:32,49800.0,200,Buy,234962836
2024-08-27 10:10:00,49750.0,100,Sell,234963599
2024-08-27 10:10:10,49800.0,2100,Buy,234963887
2024-08-27 10:10:10,49800.0,100,Buy,234963886
2024-08-27 10:10:10,49800.0,900,Buy,234963883
2024-08-27 10:10:10,49800.0,900,Buy,234963884
2024-08-27 10:10:10,49800.0,500,Buy,234963885
2024-08-27 10:10:28,49750.0,200,Sell,234964226
2024-08-27 10:10:35,49750.0,500,Sell,234964360
2024-08-27 10:10:35,49750.0,100,Sell,234964361
2024-08-27 10:10:35,49750.0,200,Sell,234964362
2024-08-27 10:10:35,49750.0,1000,Sell,234964363
2024-08-27 10:10:35,49750.0,200,Sell,234964364
2024-08-27 10:10:38,49750.0,300,Sell,234964404
2024-08-27 10:10:38,49750.0,100,Sell,234964405
2024-08-27 10:10:56,49750.0,200,Sell,234964988
2024-08-27 10:11:16,49800.0,400,Buy,234965523
2024-08-27 10:11:16,49800.0,100,Buy,234965522
2024-08-27 10:11:25,49750.0,100,Sell,234965816
2024-08-27 10:11:41,49750.0,500,Sell,234966284
2024-08-27 10:11:41,49750.0,400,Sell,234966285
2024-08-27 10:11:41,49750.0,200,Sell,234966291
2024-08-27 10:11:41,49750.0,100,Sell,234966283
2024-08-27 10:11:50,49800.0,100,Buy,234966597
2024-08-27 10:11:53,49750.0,200,Sell,234966784
2024-08-27 10:11:59,49750.0,2200,Sell,234966944
2024-08-27 10:11:59,49750.0,500,Sell,234966945
2024-08-27 10:11:59,49750.0,1000,Sell,234966946
2024-08-27 10:11:59,49750.0,1000,Sell,234966947
2024-08-27 10:11:59,49750.0,100,Sell,234966948
2024-08-27 10:11:59,49750.0,200,Sell,234966949
2024-08-27 10:11:59,49750.0,300,Sell,234966952
2024-08-27 10:11:59,49750.0,700,Sell,234966953
2024-08-27 10:12:01,49750.0,200,Sell,234967062
2024-08-27 10:12:04,49800.0,500,Buy,234967121
2024-08-27 10:12:22,49750.0,100,Sell,234967583
2024-08-27 10:12:35,49750.0,500,Sell,234967997
2024-08-27 10:12:37,49750.0,100,Sell,234968066
2024-08-27 10:12:51,49750.0,200,Sell,234968355
2024-08-27 10:13:09,49800.0,500,Buy,234968910
2024-08-27 10:13:17,49800.0,500,Buy,234969172
2024-08-27 10:13:17,49800.0,900,Buy,234969173
2024-08-27 10:13:17,49800.0,400,Buy,234969174
2024-08-27 10:13:17,49800.0,100,Buy,234969175
2024-08-27 10:13:17,49800.0,300,Buy,234969176
2024-08-27 10:13:17,49800.0,100,Buy,234969203
2024-08-27 10:13:19,49750.0,100,Sell,234969299
2024-08-27 10:13:22,49800.0,400,Buy,234969394
2024-08-27 10:13:22,49800.0,300,Buy,234969393
2024-08-27 10:13:22,49800.0,100,Buy,234969392
2024-08-27 10:13:22,49800.0,200,Buy,234969380
2024-08-27 10:13:22,49800.0,100,Buy,234969379
2024-08-27 10:13:22,49800.0,200,Buy,234969391
2024-08-27 10:13:23,49800.0,200,Sell,234969454
2024-08-27 10:13:43,49800.0,800,Sell,234970218
2024-08-27 10:13:43,49800.0,200,Sell,234970219
2024-08-27 10:13:43,49800.0,200,Sell,234970242
2024-08-27 10:13:48,49800.0,200,Sell,234970339
2024-08-27 10:14:16,49800.0,200,Sell,234971213
2024-08-27 10:14:19,49800.0,1000,Sell,234971288
2024-08-27 10:14:19,49800.0,200,Sell,234971287
2024-08-27 10:14:29,49800.0,3800,Buy,234971697
2024-08-27 10:14:29,49800.0,200,Buy,234971698
2024-08-27 10:14:29,49850.0,1000,Buy,234971699
2024-08-27 10:14:29,49850.0,300,Buy,234971700
2024-08-27 10:14:29,49850.0,4700,Buy,234971701
2024-08-27 10:14:45,49800.0,100,Sell,234972261
2024-08-27 10:15:13,49800.0,200,Sell,234973054
2024-08-27 10:15:30,49850.0,1000,Buy,234973797
2024-08-27 10:15:30,49850.0,200,Buy,234973796
2024-08-27 10:15:30,49850.0,400,Buy,234973795
2024-08-27 10:15:30,49850.0,1300,Buy,234973791
2024-08-27 10:15:30,49850.0,5000,Buy,234973793
2024-08-27 10:15:30,49850.0,2000,Buy,234973794
2024-08-27 10:15:30,49850.0,100,Buy,234973792
2024-08-27 10:15:42,49800.0,100,Sell,234974311
2024-08-27 10:15:59,49850.0,500,Buy,234975191
2024-08-27 10:16:07,49850.0,500,Buy,234975427
2024-08-27 10:16:11,49800.0,200,Sell,234975567
2024-08-27 10:16:14,49800.0,3200,Sell,234975637
2024-08-27 10:16:14,49800.0,200,Sell,234975638
2024-08-27 10:16:14,49800.0,400,Sell,234975640
2024-08-27 10:16:14,49800.0,500,Sell,234975641
2024-08-27 10:16:14,49800.0,200,Sell,234975639
2024-08-27 10:16:15,49800.0,900,Sell,234975699
2024-08-27 10:16:17,49800.0,100,Sell,234975734
2024-08-27 10:16:28,49800.0,2500,Sell,234975969
2024-08-27 10:16:29,49800.0,500,Sell,234976011
2024-08-27 10:16:31,49800.0,100,Sell,234976040
2024-08-27 10:16:39,49800.0,100,Sell,234976298
2024-08-27 10:16:59,49850.0,600,Buy,234976759
2024-08-27 10:16:59,49850.0,400,Buy,234976758
2024-08-27 10:17:08,49800.0,5300,Sell,234977055
2024-08-27 10:17:08,49800.0,3000,Sell,234977056
2024-08-27 10:17:08,49800.0,500,Sell,234977057
2024-08-27 10:17:08,49800.0,1000,Sell,234977058
2024-08-27 10:17:08,49800.0,200,Sell,234977059
2024-08-27 10:17:08,49800.0,200,Sell,234977080
2024-08-27 10:17:09,49800.0,800,Sell,234977102
2024-08-27 10:17:09,49800.0,500,Sell,234977103
2024-08-27 10:17:09,49800.0,700,Sell,234977104
2024-08-27 10:17:10,49850.0,1000,Buy,234977119
2024-08-27 10:17:19,49850.0,100,Buy,234977401
2024-08-27 10:17:36,49800.0,200,Sell,234977971
2024-08-27 10:17:41,49850.0,400,Buy,234978106
2024-08-27 10:17:41,49850.0,300,Buy,234978102
2024-08-27 10:17:41,49850.0,200,Buy,234978103
2024-08-27 10:17:41,49850.0,600,Buy,234978105
2024-08-27 10:17:42,49850.0,300,Sell,234978139
2024-08-27 10:18:05,49850.0,100,Sell,234979072
2024-08-27 10:18:26,49850.0,1100,Sell,234979794
2024-08-27 10:18:26,49850.0,500,Sell,234979795
2024-08-27 10:18:26,49850.0,100,Sell,234979796
2024-08-27 10:18:26,49850.0,100,Sell,234979797
2024-08-27 10:18:34,49800.0,100,Sell,234980021
2024-08-27 10:18:34,49800.0,100,Sell,234980022
2024-08-27 10:18:42,49850.0,500,Buy,234980248
2024-08-27 10:18:59,49800.0,500,Sell,234980651
2024-08-27 10:18:59,49800.0,900,Sell,234980652
2024-08-27 10:18:59,49800.0,3000,Sell,234980649
2024-08-27 10:18:59,49800.0,600,Sell,234980648
2024-08-27 10:18:59,49800.0,3000,Sell,234980650
2024-08-27 10:19:01,49800.0,1100,Sell,234980715
2024-08-27 10:19:02,49750.0,100,Sell,234980754
2024-08-27 10:19:03,49750.0,200,Sell,234980783
2024-08-27 10:19:15,49750.0,100,Sell,234981195
2024-08-27 10:19:15,49750.0,2000,Sell,234981196
2024-08-27 10:19:15,49750.0,4800,Sell,234981193
2024-08-27 10:19:15,49750.0,1000,Sell,234981194
2024-08-27 10:19:31,49700.0,200,Sell,234981582
2024-08-27 10:19:32,49750.0,200,Buy,234981593
2024-08-27 10:19:38,49750.0,2000,Buy,234981739
2024-08-27 10:19:38,49750.0,400,Buy,234981761
2024-08-27 10:19:38,49750.0,100,Buy,234981762
2024-08-27 10:19:44,49750.0,100,Buy,234982019
2024-08-27 10:19:53,49750.0,300,Buy,234982253
2024-08-27 10:19:53,49750.0,1300,Buy,234982251
2024-08-27 10:19:53,49750.0,400,Buy,234982252
2024-08-27 10:19:58,49750.0,400,Buy,234982444
2024-08-27 10:19:58,49750.0,2200,Buy,234982441
2024-08-27 10:19:58,49750.0,500,Buy,234982442
2024-08-27 10:19:58,49750.0,400,Buy,234982443
2024-08-27 10:19:59,49750.0,700,Sell,234982478
2024-08-27 10:19:59,49750.0,100,Sell,234982479
2024-08-27 10:20:01,49750.0,300,Sell,234982543
2024-08-27 10:20:01,49750.0,100,Sell,234982549
2024-08-27 10:20:28,49750.0,200,Sell,234983489
2024-08-27 10:20:47,49750.0,2000,Sell,234983961
2024-08-27 10:20:48,49750.0,3100,Sell,234983974
2024-08-27 10:20:48,49750.0,100,Sell,234983975
2024-08-27 10:20:48,49750.0,2000,Sell,234983976
2024-08-27 10:20:48,49750.0,2000,Sell,234983977
2024-08-27 10:20:48,49750.0,4000,Sell,234983978
2024-08-27 10:20:56,49750.0,100,Buy,234984148
2024-08-27 10:20:57,49700.0,200,Sell,234984177
2024-08-27 10:20:58,49750.0,1000,Buy,234984187
2024-08-27 10:21:00,49700.0,1600,Sell,234984215
2024-08-27 10:21:00,49700.0,100,Sell,234984216
2024-08-27 10:21:00,49700.0,100,Sell,234984217
2024-08-27 10:21:00,49700.0,200,Sell,234984218
2024-08-27 10:21:01,49700.0,300,Sell,234984286
2024-08-27 10:21:01,49700.0,100,Sell,234984287
2024-08-27 10:21:25,49700.0,100,Sell,234984928
2024-08-27 10:21:29,49700.0,2000,Sell,234985058
2024-08-27 10:21:29,49700.0,200,Sell,234985048
2024-08-27 10:21:29,49700.0,300,Sell,234985047
2024-08-27 10:21:29,49700.0,100,Sell,234985046
2024-08-27 10:21:29,49700.0,300,Sell,234985045
2024-08-27 10:21:29,49700.0,3300,Sell,234985044
2024-08-27 10:21:29,49700.0,400,Sell,234985042
2024-08-27 10:21:29,49700.0,2000,Sell,234985041
2024-08-27 10:21:29,49700.0,1000,Sell,234985034
2024-08-27 10:21:29,49700.0,100,Sell,234985033
2024-08-27 10:21:29,49700.0,1000,Sell,234985032
2024-08-27 10:21:29,49700.0,800,Sell,234985031
2024-08-27 10:21:29,49700.0,500,Sell,234985043
2024-08-27 10:21:30,49750.0,1000,Buy,234985111
2024-08-27 10:21:33,49750.0,400,Buy,234985185
2024-08-27 10:21:33,49750.0,100,Buy,234985186
2024-08-27 10:21:34,49750.0,1000,Buy,234985218
2024-08-27 10:21:47,49750.0,500,Buy,234985573
2024-08-27 10:21:54,49700.0,200,Sell,234985819
2024-08-27 10:21:55,49750.0,500,Buy,234985831
2024-08-27 10:21:57,49700.0,500,Sell,234985902
2024-08-27 10:21:57,49700.0,1500,Sell,234985903
2024-08-27 10:21:57,49700.0,800,Sell,234985900
2024-08-27 10:21:57,49700.0,200,Sell,234985901
2024-08-27 10:21:59,49700.0,600,Sell,234985939
2024-08-27 10:22:01,49700.0,100,Sell,234985972
2024-08-27 10:22:13,49700.0,2000,Sell,234986243
2024-08-27 10:22:14,49700.0,10000,Sell,234986302
2024-08-27 10:22:14,49700.0,500,Sell,234986301
2024-08-27 10:22:14,49700.0,3000,Sell,234986300
2024-08-27 10:22:14,49700.0,200,Sell,234986299
2024-08-27 10:22:14,49700.0,100,Sell,234986298
2024-08-27 10:22:14,49700.0,300,Sell,234986296
2024-08-27 10:22:14,49700.0,100,Sell,234986295
2024-08-27 10:22:14,49700.0,500,Sell,234986294
2024-08-27 10:22:14,49700.0,100,Sell,234986293
2024-08-27 10:22:14,49700.0,5800,Sell,234986292
2024-08-27 10:22:14,49700.0,100,Sell,234986297
2024-08-27 10:22:15,49700.0,500,Sell,234986309
2024-08-27 10:22:15,49700.0,500,Sell,234986308
2024-08-27 10:22:15,49700.0,500,Sell,234986307
2024-08-27 10:22:15,49700.0,100,Sell,234986305
2024-08-27 10:22:15,49700.0,100,Sell,234986306
2024-08-27 10:22:17,49700.0,1000,Buy,234986367
2024-08-27 10:22:18,49700.0,300,Buy,234986392
2024-08-27 10:22:22,49650.0,100,Sell,234986459
2024-08-27 10:22:24,49700.0,200,Buy,234986494
2024-08-27 10:22:25,49700.0,100,Buy,234986499
2024-08-27 10:22:33,49700.0,3000,Buy,234986737
2024-08-27 10:22:43,49650.0,800,Sell,234986916
2024-08-27 10:22:43,49650.0,500,Sell,234986917
2024-08-27 10:22:43,49650.0,400,Sell,234986918
2024-08-27 10:22:43,49650.0,1300,Sell,234986919
2024-08-27 10:22:43,49650.0,600,Sell,234986925
2024-08-27 10:22:45,49650.0,100,Sell,234986969
2024-08-27 10:22:47,49700.0,100,Buy,234986979
2024-08-27 10:22:51,49650.0,200,Sell,234987097
2024-08-27 10:23:15,49650.0,400,Sell,234987729
2024-08-27 10:23:16,49650.0,2400,Sell,234987756
2024-08-27 10:23:16,49650.0,100,Sell,234987757
2024-08-27 10:23:16,49650.0,100,Sell,234987758
2024-08-27 10:23:16,49650.0,200,Sell,234987759
2024-08-27 10:23:16,49650.0,100,Sell,234987760
2024-08-27 10:23:16,49650.0,2100,Sell,234987761
2024-08-27 10:23:17,49650.0,1000,Sell,234987801
2024-08-27 10:23:18,49700.0,1000,Buy,234987804
2024-08-27 10:23:19,49650.0,100,Sell,234987817
2024-08-27 10:23:29,49650.0,5000,Sell,234988080
2024-08-27 10:23:31,49650.0,1000,Sell,234988115
2024-08-27 10:23:33,49650.0,200,Sell,234988153
2024-08-27 10:23:48,49650.0,200,Sell,234988520
2024-08-27 10:23:51,49650.0,100,Sell,234988608
2024-08-27 10:23:51,49650.0,500,Sell,234988609
2024-08-27 10:23:51,49650.0,200,Sell,234988607
2024-08-27 10:23:51,49650.0,500,Sell,234988610
2024-08-27 10:23:51,49650.0,100,Sell,234988613
2024-08-27 10:23:51,49650.0,100,Sell,234988612
2024-08-27 10:23:51,49650.0,200,Sell,234988614
2024-08-27 10:23:51,49650.0,100,Sell,234988615
2024-08-27 10:23:51,49650.0,1000,Sell,234988616
2024-08-27 10:23:51,49650.0,1100,Sell,234988611
2024-08-27 10:23:51,49650.0,5000,Sell,234988606
2024-08-27 10:23:51,49650.0,1000,Sell,234988601
2024-08-27 10:23:51,49650.0,300,Sell,234988604
2024-08-27 10:23:51,49650.0,100,Sell,234988605
2024-08-27 10:23:51,49650.0,400,Sell,234988594
2024-08-27 10:23:51,49650.0,500,Sell,234988595
2024-08-27 10:23:51,49650.0,100,Sell,234988596
2024-08-27 10:23:51,49650.0,100,Sell,234988597
2024-08-27 10:23:51,49650.0,1000,Sell,234988600
2024-08-27 10:23:51,49650.0,1000,Sell,234988599
2024-08-27 10:23:51,49650.0,100,Sell,234988598
2024-08-27 10:23:51,49650.0,1000,Sell,234988602
2024-08-27 10:23:51,49650.0,500,Sell,234988603
2024-08-27 10:23:53,49650.0,3000,Sell,234988701
2024-08-27 10:23:55,49650.0,600,Sell,234988762
2024-08-27 10:23:56,49650.0,5000,Sell,234988771
2024-08-27 10:23:57,49650.0,400,Sell,234988794
2024-08-27 10:23:57,49650.0,700,Sell,234988795
2024-08-27 10:23:59,49650.0,200,Sell,234988824
2024-08-27 10:24:05,49650.0,100,Sell,234988917
2024-08-27 10:24:05,49650.0,100,Sell,234988919
2024-08-27 10:24:05,49650.0,2000,Sell,234988920
2024-08-27 10:24:05,49650.0,200,Sell,234988921
2024-08-27 10:24:05,49650.0,200,Sell,234988922
2024-08-27 10:24:05,49650.0,500,Sell,234988923
2024-08-27 10:24:05,49650.0,1800,Sell,234988924
2024-08-27 10:24:05,49650.0,600,Sell,234988928
2024-08-27 10:24:05,49650.0,400,Sell,234988929
2024-08-27 10:24:05,49650.0,100,Sell,234988918
2024-08-27 10:24:07,49650.0,100,Sell,234988964
2024-08-27 10:24:07,49650.0,400,Sell,234988954
2024-08-27 10:24:07,49650.0,600,Sell,234988953
2024-08-27 10:24:07,49650.0,100,Sell,234988963
2024-08-27 10:24:09,49650.0,200,Sell,234988991
2024-08-27 10:24:14,49650.0,200,Sell,234989057
2024-08-27 10:24:14,49650.0,800,Sell,234989058
2024-08-27 10:24:14,49650.0,2200,Sell,234989059
2024-08-27 10:24:14,49650.0,1000,Sell,234989060
2024-08-27 10:24:14,49650.0,100,Sell,234989061
2024-08-27 10:24:14,49650.0,10000,Sell,234989062
2024-08-27 10:24:14,49650.0,100,Sell,234989063
2024-08-27 10:24:14,49650.0,100,Sell,234989064
2024-08-27 10:24:14,49650.0,100,Sell,234989065
2024-08-27 10:24:14,49650.0,300,Sell,234989066
2024-08-27 10:24:17,49600.0,200,Sell,234989147
2024-08-27 10:24:18,49600.0,30000,Sell,234989169
2024-08-27 10:24:18,49650.0,200,Buy,234989188
2024-08-27 10:24:28,49650.0,500,Buy,234989396
2024-08-27 10:24:45,49600.0,100,Sell,234989790
2024-08-27 10:24:47,49650.0,1400,Buy,234989832
2024-08-27 10:24:56,49650.0,1000,Buy,234990012
2024-08-27 10:25:02,49650.0,3000,Buy,234990099
2024-08-27 10:25:02,49650.0,2000,Buy,234990100
2024-08-27 10:25:06,49650.0,900,Buy,234990162
2024-08-27 10:25:06,49650.0,300,Buy,234990163
2024-08-27 10:25:06,49650.0,100,Buy,234990171
2024-08-27 10:25:10,49650.0,100,Buy,234990292
2024-08-27 10:25:10,49650.0,400,Buy,234990293
2024-08-27 10:25:12,49600.0,500,Sell,234990331
2024-08-27 10:25:13,49600.0,100,Sell,234990348
2024-08-27 10:25:14,49600.0,200,Sell,234990375
2024-08-27 10:25:21,49600.0,3400,Sell,234990511
2024-08-27 10:25:21,49650.0,100,Buy,234990512
2024-08-27 10:25:21,49600.0,1600,Sell,234990513
2024-08-27 10:25:23,49600.0,1000,Sell,234990566
2024-08-27 10:25:25,49600.0,200,Sell,234990616
2024-08-27 10:25:26,49600.0,200,Sell,234990646
2024-08-27 10:25:41,49600.0,100,Sell,234990938
2024-08-27 10:25:41,49600.0,10600,Sell,234990944
2024-08-27 10:25:42,49600.0,100,Sell,234990974
2024-08-27 10:25:43,49600.0,1000,Sell,234991015
2024-08-27 10:25:43,49600.0,200,Sell,234991016
2024-08-27 10:25:43,49600.0,100,Sell,234991017
2024-08-27 10:25:43,49600.0,200,Sell,234991018
2024-08-27 10:25:43,49600.0,400,Sell,234991019
2024-08-27 10:25:51,49600.0,1000,Sell,234991220
2024-08-27 10:25:51,49600.0,500,Sell,234991221
2024-08-27 10:25:51,49600.0,500,Sell,234991222
2024-08-27 10:25:51,49600.0,3900,Sell,234991226
2024-08-27 10:25:51,49600.0,100,Sell,234991224
2024-08-27 10:25:51,49600.0,100,Sell,234991225
2024-08-27 10:25:51,49600.0,200,Sell,234991223
2024-08-27 10:25:51,49600.0,100,Sell,234991219
2024-08-27 10:25:51,49600.0,300,Sell,234991217
2024-08-27 10:25:51,49600.0,100,Sell,234991216
2024-08-27 10:25:51,49600.0,100,Sell,234991215
2024-08-27 10:25:51,49600.0,100,Sell,234991214
2024-08-27 10:25:51,49600.0,1000,Sell,234991213
2024-08-27 10:25:51,49600.0,100,Sell,234991212
2024-08-27 10:25:51,49600.0,100,Sell,234991211
2024-08-27 10:25:51,49600.0,1600,Sell,234991210
2024-08-27 10:25:51,49600.0,200,Sell,234991218
2024-08-27 10:25:54,49650.0,1000,Buy,234991276
2024-08-27 10:26:08,49600.0,2000,Sell,234991549
2024-08-27 10:26:11,49600.0,200,Sell,234991604
2024-08-27 10:26:21,49600.0,500,Sell,234991790
2024-08-27 10:26:24,49650.0,500,Buy,234991827
2024-08-27 10:26:25,49600.0,2000,Sell,234991828
2024-08-27 10:26:34,49600.0,400,Sell,234991978
2024-08-27 10:26:40,49600.0,200,Sell,234992073
2024-08-27 10:27:04,49650.0,700,Buy,234992569
2024-08-27 10:27:08,49600.0,100,Sell,234992672
2024-08-27 10:27:10,49600.0,500,Sell,234992698
2024-08-27 10:27:37,49600.0,200,Sell,234993253
2024-08-27 10:27:43,49600.0,500,Sell,234993348
2024-08-27 10:27:59,49600.0,100,Sell,234993767
2024-08-27 10:28:05,49600.0,100,Sell,234993891
2024-08-27 10:28:34,49600.0,200,Sell,234994309
2024-08-27 10:28:37,49600.0,2000,Sell,234994351
2024-08-27 10:28:39,49600.0,400,Sell,234994372
2024-08-27 10:28:44,49600.0,300,Sell,234994487
2024-08-27 10:28:44,49600.0,400,Sell,234994486
2024-08-27 10:28:44,49600.0,500,Sell,234994483
2024-08-27 10:28:44,49600.0,100,Sell,234994482
2024-08-27 10:28:44,49600.0,1000,Sell,234994485
2024-08-27 10:28:44,49600.0,500,Sell,234994480
2024-08-27 10:28:44,49600.0,500,Sell,234994481
2024-08-27 10:28:44,49600.0,6700,Sell,234994476
2024-08-27 10:28:44,49600.0,2000,Sell,234994477
2024-08-27 10:28:44,49600.0,100,Sell,234994484
2024-08-27 10:28:44,49600.0,3000,Sell,234994479
2024-08-27 10:28:44,49600.0,100,Sell,234994478
2024-08-27 10:28:48,49600.0,1000,Sell,234994556
2024-08-27 10:28:48,49600.0,600,Sell,234994567
2024-08-27 10:28:48,49600.0,14500,Sell,234994566
2024-08-27 10:28:48,49600.0,1000,Sell,234994565
2024-08-27 10:28:48,49600.0,100,Sell,234994563
2024-08-27 10:28:48,49600.0,500,Sell,234994562
2024-08-27 10:28:48,49600.0,2000,Sell,234994561
2024-08-27 10:28:48,49600.0,200,Sell,234994560
2024-08-27 10:28:48,49600.0,100,Sell,234994559
2024-08-27 10:28:48,49600.0,500,Sell,234994558
2024-08-27 10:28:48,49600.0,100,Sell,234994557
2024-08-27 10:28:48,49600.0,500,Sell,234994564
2024-08-27 10:28:48,49600.0,100,Sell,234994554
2024-08-27 10:28:48,49600.0,500,Sell,234994553
2024-08-27 10:28:48,49600.0,100,Sell,234994552
2024-08-27 10:28:48,49600.0,1500,Sell,234994551
2024-08-27 10:28:48,49600.0,100,Sell,234994550
2024-08-27 10:28:48,49600.0,3000,Sell,234994549
2024-08-27 10:28:48,49600.0,1000,Sell,234994548
2024-08-27 10:28:48,49600.0,100,Sell,234994547
2024-08-27 10:28:48,49600.0,100,Sell,234994546
2024-08-27 10:28:48,49600.0,2000,Sell,234994545
2024-08-27 10:28:48,49600.0,100,Sell,234994544
2024-08-27 10:28:48,49600.0,100,Sell,234994543
2024-08-27 10:28:48,49600.0,9700,Sell,234994542
2024-08-27 10:28:48,49600.0,500,Sell,234994555
2024-08-27 10:28:49,49600.0,9400,Sell,234994590
2024-08-27 10:28:49,49600.0,500,Sell,234994591
2024-08-27 10:28:49,49600.0,400,Sell,234994592
2024-08-27 10:28:51,49600.0,3000,Sell,234994636
2024-08-27 10:28:55,49600.0,5000,Sell,234994696
2024-08-27 10:28:56,49600.0,500,Sell,234994708
2024-08-27 10:28:59,49600.0,1100,Sell,234994741
2024-08-27 10:28:59,49600.0,200,Sell,234994742
2024-08-27 10:28:59,49600.0,100,Sell,234994743
2024-08-27 10:28:59,49600.0,200,Sell,234994744
2024-08-27 10:28:59,49600.0,400,Sell,234994745
2024-08-27 10:29:03,49600.0,100,Sell,234994900
2024-08-27 10:29:04,49600.0,500,Sell,234994918
2024-08-27 10:29:04,49600.0,100,Sell,234994919
2024-08-27 10:29:04,49600.0,700,Sell,234994920
2024-08-27 10:29:08,49600.0,100,Sell,234995008
2024-08-27 10:29:09,49600.0,100,Sell,234995039
2024-08-27 10:29:09,49600.0,300,Sell,234995038
2024-08-27 10:29:09,49600.0,200,Sell,234995024
2024-08-27 10:29:09,49600.0,500,Sell,234995023
2024-08-27 10:29:09,49600.0,100,Sell,234995021
2024-08-27 10:29:09,49600.0,1100,Sell,234995020
2024-08-27 10:29:09,49600.0,100,Sell,234995022
2024-08-27 10:29:10,49600.0,200,Sell,234995129
2024-08-27 10:29:10,49600.0,100,Sell,234995130
2024-08-27 10:29:26,49550.0,100,Sell,234995368
2024-08-27 10:29:26,49550.0,100,Sell,234995369
2024-08-27 10:29:26,49550.0,1800,Sell,234995370
2024-08-27 10:29:31,49550.0,200,Sell,234995467
2024-08-27 10:29:37,49550.0,800,Sell,234995607
2024-08-27 10:29:37,49550.0,100,Sell,234995606
2024-08-27 10:29:37,49550.0,1000,Sell,234995604
2024-08-27 10:29:37,49550.0,100,Sell,234995603
2024-08-27 10:29:37,49550.0,100,Sell,234995602
2024-08-27 10:29:37,49550.0,100,Sell,234995605
2024-08-27 10:29:51,49550.0,200,Sell,234995851
2024-08-27 10:29:51,49550.0,500,Sell,234995852
2024-08-27 10:29:51,49550.0,600,Sell,234995853
2024-08-27 10:29:51,49550.0,200,Sell,234995854
2024-08-27 10:29:53,49550.0,600,Sell,234995891
2024-08-27 10:29:53,49550.0,1000,Sell,234995890
2024-08-27 10:29:53,49550.0,100,Sell,234995887
2024-08-27 10:29:53,49550.0,300,Sell,234995888
2024-08-27 10:29:53,49550.0,3000,Sell,234995889
2024-08-27 10:29:54,49550.0,500,Sell,234995902
2024-08-27 10:30:00,49550.0,200,Sell,234996092
2024-08-27 10:30:03,49550.0,200,Sell,234996174
2024-08-27 10:30:03,49550.0,500,Sell,234996175
2024-08-27 10:30:03,49550.0,100,Sell,234996176
2024-08-27 10:30:03,49550.0,1000,Sell,234996177
2024-08-27 10:30:03,49550.0,100,Sell,234996178
2024-08-27 10:30:03,49550.0,1000,Sell,234996179
2024-08-27 10:30:15,49550.0,100,Buy,234996424
2024-08-27 10:30:16,49500.0,100,Sell,234996482
2024-08-27 10:30:16,49500.0,3500,Sell,234996480
2024-08-27 10:30:16,49500.0,100,Sell,234996481
2024-08-27 10:30:16,49500.0,400,Sell,234996479
2024-08-27 10:30:16,49500.0,200,Sell,234996469
2024-08-27 10:30:16,49500.0,3000,Sell,234996477
2024-08-27 10:30:16,49500.0,1000,Sell,234996474
2024-08-27 10:30:16,49500.0,100,Sell,234996470
2024-08-27 10:30:16,49500.0,100,Sell,234996468
2024-08-27 10:30:16,49500.0,500,Sell,234996478
2024-08-27 10:30:17,49500.0,1800,Sell,234996509
2024-08-27 10:30:17,49500.0,800,Sell,234996510
2024-08-27 10:30:19,49500.0,500,Sell,234996564
2024-08-27 10:30:21,49500.0,100,Sell,234996580
2024-08-27 10:30:28,49500.0,100,Sell,234996737
2024-08-27 10:30:31,49500.0,100,Sell,234996786
2024-08-27 10:30:36,49500.0,17900,Sell,234996891
2024-08-27 10:30:36,49500.0,2100,Sell,234996892
2024-08-27 10:30:37,49500.0,400,Sell,234996951
2024-08-27 10:30:37,49500.0,100,Sell,234996950
2024-08-27 10:30:37,49500.0,2000,Sell,234996948
2024-08-27 10:30:37,49500.0,100,Sell,234996947
2024-08-27 10:30:37,49500.0,900,Sell,234996946
2024-08-27 10:30:37,49500.0,500,Sell,234996949
2024-08-27 10:30:38,49500.0,100,Sell,234996991
2024-08-27 10:30:38,49500.0,2500,Sell,234997001
2024-08-27 10:30:38,49500.0,500,Sell,234997000
2024-08-27 10:30:38,49500.0,300,Sell,234996999
2024-08-27 10:30:38,49500.0,500,Sell,234996998
2024-08-27 10:30:38,49500.0,500,Sell,234996997
2024-08-27 10:30:38,49500.0,5000,Sell,234996996
2024-08-27 10:30:38,49500.0,1000,Sell,234996993
2024-08-27 10:30:38,49500.0,2000,Sell,234996992
2024-08-27 10:30:38,49500.0,100,Sell,234996990
2024-08-27 10:30:38,49500.0,2000,Sell,234996995
2024-08-27 10:30:38,49500.0,500,Sell,234996988
2024-08-27 10:30:38,49500.0,100,Sell,234996979
2024-08-27 10:30:38,49500.0,200,Sell,234996980
2024-08-27 10:30:38,49500.0,2000,Sell,234996981
2024-08-27 10:30:38,49500.0,200,Sell,234996982
2024-08-27 10:30:38,49500.0,300,Sell,234996983
2024-08-27 10:30:38,49500.0,200,Sell,234996989
2024-08-27 10:30:38,49500.0,100,Sell,234996978
2024-08-27 10:30:38,49500.0,100,Sell,234996987
2024-08-27 10:30:38,49500.0,500,Sell,234996984
2024-08-27 10:30:38,49500.0,300,Sell,234996985
2024-08-27 10:30:38,49500.0,1000,Sell,234996986
2024-08-27 10:30:39,49500.0,1500,Sell,234997013
2024-08-27 10:30:39,49500.0,2000,Sell,234997014
2024-08-27 10:30:39,49500.0,100,Sell,234997015
2024-08-27 10:30:39,49500.0,100,Sell,234997016
2024-08-27 10:30:41,49500.0,1900,Sell,234997059
2024-08-27 10:30:41,49500.0,36600,Sell,234997054
2024-08-27 10:30:41,49500.0,1000,Sell,234997053
2024-08-27 10:30:41,49500.0,100,Sell,234997052
2024-08-27 10:30:41,49500.0,100,Sell,234997050
2024-08-27 10:30:41,49500.0,500,Sell,234997051
2024-08-27 10:30:41,49500.0,300,Sell,234997048
2024-08-27 10:30:41,49500.0,200,Sell,234997047
2024-08-27 10:30:41,49500.0,10000,Sell,234997046
2024-08-27 10:30:41,49500.0,500,Sell,234997045
2024-08-27 10:30:41,49500.0,200,Sell,234997044
2024-08-27 10:30:41,49500.0,500,Sell,234997049
2024-08-27 10:30:42,49500.0,10300,Sell,234997099
2024-08-27 10:30:43,49500.0,300,Sell,234997122
2024-08-27 10:30:43,49500.0,200,Sell,234997129
2024-08-27 10:30:43,49500.0,500,Sell,234997128
2024-08-27 10:30:43,49500.0,300,Sell,234997127
2024-08-27 10:30:43,49500.0,1000,Sell,234997126
2024-08-27 10:30:43,49500.0,100,Sell,234997123
2024-08-27 10:30:43,49500.0,1000,Sell,234997121
2024-08-27 10:30:43,49500.0,5000,Sell,234997125
2024-08-27 10:30:43,49500.0,9000,Sell,234997119
2024-08-27 10:30:43,49500.0,200,Sell,234997120
2024-08-27 10:30:43,49500.0,1200,Sell,234997113
2024-08-27 10:30:43,49500.0,100,Sell,234997114
2024-08-27 10:30:43,49500.0,100,Sell,234997115
2024-08-27 10:30:43,49500.0,500,Sell,234997124
2024-08-27 10:30:43,49500.0,500,Sell,234997117
2024-08-27 10:30:43,49500.0,200,Sell,234997116
2024-08-27 10:30:43,49500.0,100,Sell,234997118
2024-08-27 10:30:44,49450.0,400,Sell,234997136
2024-08-27 10:30:57,49450.0,200,Sell,234997333
2024-08-27 10:30:58,49450.0,2000,Sell,234997334
2024-08-27 10:30:59,49450.0,400,Sell,234997360
2024-08-27 10:31:01,49500.0,100,Buy,234997377
2024-08-27 10:31:02,49450.0,1000,Sell,234997410
2024-08-27 10:31:03,49450.0,100,Sell,234997418
2024-08-27 10:31:05,49450.0,1000,Sell,234997426
2024-08-27 10:31:06,49450.0,5000,Sell,234997439
2024-08-27 10:31:07,49450.0,5000,Sell,234997489
2024-08-27 10:31:08,49500.0,200,Buy,234997494
2024-08-27 10:31:12,49450.0,3700,Sell,234997570
2024-08-27 10:31:12,49450.0,700,Sell,234997574
2024-08-27 10:31:12,49450.0,100,Sell,234997575
2024-08-27 10:31:12,49450.0,100,Sell,234997576
2024-08-27 10:31:12,49450.0,1000,Sell,234997577
2024-08-27 10:31:12,49450.0,500,Sell,234997572
2024-08-27 10:31:15,49450.0,1500,Buy,234997621
2024-08-27 10:31:15,49450.0,500,Buy,234997622
2024-08-27 10:31:16,49400.0,4000,Sell,234997628
2024-08-27 10:31:16,49400.0,900,Sell,234997629
2024-08-27 10:31:16,49400.0,100,Sell,234997630
2024-08-27 10:31:17,49400.0,800,Sell,234997694
2024-08-27 10:31:17,49400.0,800,Sell,234997664
2024-08-27 10:31:17,49400.0,100,Sell,234997692
2024-08-27 10:31:17,49400.0,100,Sell,234997693
2024-08-27 10:31:20,49450.0,200,Buy,234997740
2024-08-27 10:31:20,49450.0,800,Buy,234997741
2024-08-27 10:31:25,49400.0,5000,Sell,234997784
2024-08-27 10:31:25,49400.0,100,Sell,234997793
2024-08-27 10:31:31,49450.0,100,Buy,234997931
2024-08-27 10:31:33,49400.0,400,Sell,234997958
2024-08-27 10:31:33,49400.0,100,Sell,234997959
2024-08-27 10:31:34,49450.0,500,Buy,234997973
2024-08-27 10:31:36,49450.0,100,Buy,234997996
2024-08-27 10:31:45,49450.0,500,Buy,234998210
2024-08-27 10:31:45,49450.0,400,Buy,234998211
2024-08-27 10:31:45,49450.0,1100,Buy,234998212
2024-08-27 10:31:45,49400.0,100,Sell,234998213
2024-08-27 10:31:47,49450.0,1200,Buy,234998245
2024-08-27 10:31:54,49400.0,100,Sell,234998345
2024-08-27 10:31:54,49400.0,100,Sell,234998346
2024-08-27 10:31:55,49450.0,500,Buy,234998350
2024-08-27 10:31:55,49450.0,100,Buy,234998354
2024-08-27 10:32:00,49400.0,2400,Sell,234998429
2024-08-27 10:32:01,49450.0,500,Buy,234998442
2024-08-27 10:32:01,49400.0,500,Sell,234998439
2024-08-27 10:32:02,49400.0,100,Sell,234998457
2024-08-27 10:32:02,49450.0,500,Buy,234998453
2024-08-27 10:32:06,49400.0,500,Sell,234998506
2024-08-27 10:32:07,49450.0,100,Buy,234998513
2024-08-27 10:32:12,49450.0,100,Buy,234998630
2024-08-27 10:32:23,49400.0,100,Sell,234998880
2024-08-27 10:32:44,49400.0,4500,Sell,234999448
2024-08-27 10:32:49,49450.0,900,Buy,234999613
2024-08-27 10:32:49,49450.0,100,Buy,234999614
2024-08-27 10:32:51,49400.0,200,Sell,234999673
2024-08-27 10:32:55,49400.0,200,Sell,234999751
2024-08-27 10:33:01,49400.0,400,Sell,234999854
2024-08-27 10:33:01,49400.0,200,Sell,234999895
2024-08-27 10:33:01,49400.0,200,Sell,234999896
2024-08-27 10:33:16,49400.0,100,Sell,235000165
2024-08-27 10:33:16,49400.0,100,Sell,235000164
2024-08-27 10:33:20,49400.0,200,Sell,235000229
2024-08-27 10:33:21,49400.0,100,Sell,235000236
2024-08-27 10:33:28,49450.0,200,Buy,235000341
2024-08-27 10:33:28,49450.0,500,Buy,235000340
2024-08-27 10:33:28,49400.0,1000,Sell,235000354
2024-08-27 10:33:28,49400.0,100,Sell,235000353
2024-08-27 10:33:28,49400.0,100,Sell,235000352
2024-08-27 10:33:28,49400.0,100,Sell,235000351
2024-08-27 10:33:28,49400.0,500,Sell,235000350
2024-08-27 10:33:28,49400.0,200,Sell,235000349
2024-08-27 10:33:28,49400.0,2400,Sell,235000356
2024-08-27 10:33:28,49400.0,200,Sell,235000347
2024-08-27 10:33:28,49400.0,1000,Sell,235000348
2024-08-27 10:33:28,49450.0,300,Buy,235000342
2024-08-27 10:33:28,49400.0,100,Sell,235000343
2024-08-27 10:33:28,49400.0,1000,Sell,235000355
2024-08-27 10:33:28,49400.0,100,Sell,235000345
2024-08-27 10:33:28,49400.0,100,Sell,235000346
2024-08-27 10:33:28,49400.0,100,Sell,235000344
2024-08-27 10:33:38,49400.0,1100,Sell,235000496
2024-08-27 10:33:38,49400.0,600,Sell,235000497
2024-08-27 10:33:39,49400.0,400,Sell,235000501
2024-08-27 10:33:39,49400.0,100,Sell,235000502
2024-08-27 10:33:48,49400.0,100,Sell,235000643
2024-08-27 10:34:17,49400.0,200,Sell,235000966
2024-08-27 10:34:31,49400.0,1800,Sell,235001202
2024-08-27 10:34:31,49400.0,100,Sell,235001200
2024-08-27 10:34:31,49400.0,100,Sell,235001201
2024-08-27 10:34:37,49450.0,1000,Buy,235001304
2024-08-27 10:34:46,49400.0,100,Sell,235001561
2024-08-27 10:35:00,49450.0,500,Buy,235001810
2024-08-27 10:35:07,49450.0,1000,Buy,235002028
2024-08-27 10:35:13,49450.0,1600,Buy,235002136
2024-08-27 10:35:14,49400.0,200,Sell,235002189
2024-08-27 10:35:24,49450.0,2000,Buy,235002319
2024-08-27 10:35:33,49450.0,500,Buy,235002451
2024-08-27 10:35:33,49450.0,600,Buy,235002446
2024-08-27 10:35:39,49450.0,100,Buy,235002721
2024-08-27 10:35:43,49450.0,300,Buy,235002766
2024-08-27 10:35:43,49400.0,100,Sell,235002772
2024-08-27 10:35:56,49400.0,100,Sell,235002951
2024-08-27 10:36:00,49400.0,100,Sell,235003228
2024-08-27 10:36:01,49450.0,4300,Buy,235003246
2024-08-27 10:36:01,49450.0,1000,Buy,235003247
2024-08-27 10:36:01,49450.0,600,Buy,235003248
2024-08-27 10:36:01,49450.0,2000,Buy,235003249
2024-08-27 10:36:01,49450.0,100,Buy,235003250
2024-08-27 10:36:01,49450.0,100,Buy,235003251
2024-08-27 10:36:01,49450.0,2000,Buy,235003252
2024-08-27 10:36:11,49450.0,200,Sell,235003473
2024-08-27 10:36:34,49450.0,300,Sell,235003691
2024-08-27 10:36:35,49500.0,200,Buy,235003706
2024-08-27 10:36:40,49450.0,200,Sell,235003786
2024-08-27 10:36:43,49500.0,100,Buy,235003820
2024-08-27 10:36:44,49450.0,300,Sell,235003826
2024-08-27 10:36:50,49500.0,1000,Buy,235003940
2024-08-27 10:36:58,49500.0,100,Buy,235004043
2024-08-27 10:36:59,49500.0,1000,Buy,235004068
2024-08-27 10:37:06,49500.0,100,Buy,235004153
2024-08-27 10:37:09,49500.0,2000,Buy,235004211
2024-08-27 10:37:09,49450.0,100,Sell,235004214
2024-08-27 10:37:10,49500.0,1000,Buy,235004220
2024-08-27 10:37:22,49500.0,100,Buy,235004438
2024-08-27 10:37:22,49500.0,400,Buy,235004440
2024-08-27 10:37:22,49500.0,100,Buy,235004441
2024-08-27 10:37:31,49500.0,200,Buy,235004563
2024-08-27 10:37:33,49500.0,300,Buy,235004633
2024-08-27 10:37:37,49450.0,200,Sell,235004673
2024-08-27 10:37:40,49500.0,400,Buy,235004708
2024-08-27 10:37:40,49500.0,100,Buy,235004709
2024-08-27 10:37:40,49500.0,500,Buy,235004710
2024-08-27 10:37:45,49500.0,1000,Buy,235004793
2024-08-27 10:37:49,49500.0,500,Buy,235004868
2024-08-27 10:37:54,49500.0,100,Buy,235004951
2024-08-27 10:38:06,49450.0,100,Sell,235005180
2024-08-27 10:38:07,49500.0,900,Buy,235005190
2024-08-27 10:38:07,49500.0,100,Buy,235005191
2024-08-27 10:38:07,49500.0,1000,Buy,235005192
2024-08-27 10:38:16,49500.0,1000,Buy,235005307
2024-08-27 10:38:34,49500.0,200,Sell,235005592
2024-08-27 10:39:03,49500.0,100,Sell,235006053
2024-08-27 10:39:07,49550.0,4600,Buy,235006101
2024-08-27 10:39:26,49550.0,100,Buy,235006395
2024-08-27 10:39:31,49500.0,200,Sell,235006479
2024-08-27 10:39:32,49550.0,100,Buy,235006486
2024-08-27 10:39:48,49550.0,1000,Buy,235006818
2024-08-27 10:39:48,49550.0,100,Buy,235006819
2024-08-27 10:39:48,49550.0,200,Buy,235006816
2024-08-27 10:39:48,49550.0,200,Buy,235006817
2024-08-27 10:39:48,49500.0,100,Sell,235006791
2024-08-27 10:39:49,49550.0,500,Sell,235006824
2024-08-27 10:40:00,49550.0,200,Sell,235007015
2024-08-27 10:40:29,49550.0,100,Sell,235007517
2024-08-27 10:40:57,49550.0,200,Sell,235007981
2024-08-27 10:41:00,49600.0,500,Buy,235008254
2024-08-27 10:41:00,49600.0,2900,Buy,235008255
2024-08-27 10:41:22,49600.0,1000,Buy,235008677
2024-08-27 10:41:26,49550.0,100,Sell,235008749
2024-08-27 10:41:28,49600.0,200,Buy,235008773
2024-08-27 10:41:38,49600.0,300,Buy,235008915
2024-08-27 10:41:47,49600.0,100,Buy,235009035
2024-08-27 10:41:54,49550.0,200,Sell,235009157
2024-08-27 10:41:55,49600.0,500,Buy,235009169
2024-08-27 10:41:55,49600.0,500,Buy,235009170
2024-08-27 10:41:59,49600.0,1300,Sell,235009238
2024-08-27 10:42:02,49600.0,700,Sell,235009274
2024-08-27 10:42:09,49600.0,200,Buy,235009509
2024-08-27 10:42:23,49550.0,200,Sell,235009769
2024-08-27 10:42:42,49600.0,100,Buy,235010138
2024-08-27 10:42:42,49600.0,100,Buy,235010139
2024-08-27 10:42:52,49550.0,100,Sell,235010443
2024-08-27 10:42:59,49550.0,300,Sell,235010534
2024-08-27 10:43:17,49550.0,300,Sell,235010861
2024-08-27 10:43:20,49550.0,200,Sell,235010935
2024-08-27 10:43:34,49550.0,200,Sell,235011388
2024-08-27 10:43:39,49600.0,100,Buy,235011501
2024-08-27 10:43:39,49600.0,300,Buy,235011502
2024-08-27 10:43:39,49600.0,600,Buy,235011503
2024-08-27 10:43:39,49550.0,300,Sell,235011508
2024-08-27 10:43:39,49550.0,900,Sell,235011507
2024-08-27 10:43:49,49550.0,100,Sell,235011724
2024-08-27 10:44:17,49550.0,200,Sell,235012490
2024-08-27 10:44:32,49550.0,1000,Sell,235013036
2024-08-27 10:44:46,49550.0,100,Sell,235013466
2024-08-27 10:44:54,49550.0,600,Sell,235013697
2024-08-27 10:44:59,49550.0,200,Sell,235013889
2024-08-27 10:44:59,49550.0,100,Sell,235013888
2024-08-27 10:44:59,49550.0,2700,Sell,235013887
2024-08-27 10:45:00,49550.0,800,Sell,235013921
2024-08-27 10:45:00,49550.0,200,Sell,235013922
2024-08-27 10:45:00,49550.0,100,Sell,235013923
2024-08-27 10:45:00,49550.0,200,Sell,235013924
2024-08-27 10:45:00,49550.0,200,Sell,235013925
2024-08-27 10:45:00,49550.0,100,Sell,235013926
2024-08-27 10:45:00,49550.0,200,Sell,235013927
2024-08-27 10:45:00,49550.0,200,Sell,235013928
2024-08-27 10:45:14,49550.0,200,Sell,235014474
2024-08-27 10:45:18,49550.0,200,Sell,235014632
2024-08-27 10:45:19,49550.0,4000,Sell,235014662
2024-08-27 10:45:19,49550.0,1100,Sell,235014663
2024-08-27 10:45:21,49550.0,1500,Sell,235014731
2024-08-27 10:45:41,49550.0,4000,Sell,235015166
2024-08-27 10:45:43,49550.0,200,Sell,235015218
2024-08-27 10:45:51,49550.0,200,Sell,235015595
2024-08-27 10:45:52,49400.0,500,Sell,235015657
2024-08-27 10:45:52,49400.0,100,Sell,235015656
2024-08-27 10:45:52,49400.0,200,Sell,235015655
2024-08-27 10:45:52,49400.0,100,Sell,235015654
2024-08-27 10:45:52,49400.0,500,Sell,235015653
2024-08-27 10:45:52,49400.0,200,Sell,235015652
2024-08-27 10:45:52,49400.0,200,Sell,235015658
2024-08-27 10:45:52,49400.0,500,Sell,235015675
2024-08-27 10:45:52,49400.0,100,Sell,235015650
2024-08-27 10:45:52,49400.0,500,Sell,235015649
2024-08-27 10:45:52,49400.0,2600,Sell,235015648
2024-08-27 10:45:52,49450.0,200,Sell,235015647
2024-08-27 10:45:52,49450.0,100,Sell,235015646
2024-08-27 10:45:52,49450.0,1000,Sell,235015645
2024-08-27 10:45:52,49400.0,100,Sell,235015651
2024-08-27 10:45:52,49450.0,1000,Sell,235015644
2024-08-27 10:45:52,49400.0,100,Sell,235015659
2024-08-27 10:45:52,49400.0,500,Sell,235015661
2024-08-27 10:45:52,49400.0,300,Sell,235015662
2024-08-27 10:45:52,49400.0,100,Sell,235015663
2024-08-27 10:45:52,49400.0,500,Sell,235015664
2024-08-27 10:45:52,49400.0,1000,Sell,235015665
2024-08-27 10:45:52,49400.0,500,Sell,235015666
2024-08-27 10:45:52,49400.0,100,Sell,235015667
2024-08-27 10:45:52,49400.0,200,Sell,235015668
2024-08-27 10:45:52,49400.0,100,Sell,235015669
2024-08-27 10:45:52,49400.0,500,Sell,235015670
2024-08-27 10:45:52,49400.0,200,Sell,235015671
2024-08-27 10:45:52,49400.0,500,Sell,235015672
2024-08-27 10:45:52,49400.0,2000,Sell,235015673
2024-08-27 10:45:52,49400.0,800,Sell,235015674
2024-08-27 10:45:52,49400.0,100,Sell,235015660
2024-08-27 10:45:52,49450.0,100,Sell,235015643
2024-08-27 10:45:52,49450.0,1000,Sell,235015631
2024-08-27 10:45:52,49450.0,1000,Sell,235015641
2024-08-27 10:45:52,49500.0,100,Sell,235015620
2024-08-27 10:45:52,49500.0,100,Sell,235015619
2024-08-27 10:45:52,49500.0,300,Sell,235015618
2024-08-27 10:45:52,49500.0,200,Sell,235015617
2024-08-27 10:45:52,49500.0,10000,Sell,235015616
2024-08-27 10:45:52,49500.0,100,Sell,235015615
2024-08-27 10:45:52,49500.0,300,Sell,235015621
2024-08-27 10:45:52,49500.0,100,Sell,235015614
2024-08-27 10:45:52,49500.0,200,Sell,235015612
2024-08-27 10:45:52,49550.0,100,Sell,235015611
2024-08-27 10:45:52,49550.0,100,Sell,235015610
2024-08-27 10:45:52,49550.0,1000,Sell,235015609
2024-08-27 10:45:52,49550.0,100,Sell,235015608
2024-08-27 10:45:52,49550.0,17300,Sell,235015607
2024-08-27 10:45:52,49500.0,1000,Sell,235015613
2024-08-27 10:45:52,49500.0,100,Sell,235015622
2024-08-27 10:45:52,49450.0,200,Sell,235015642
2024-08-27 10:45:52,49500.0,100,Sell,235015624
2024-08-27 10:45:52,49500.0,500,Sell,235015623
2024-08-27 10:45:52,49450.0,300,Sell,235015640
2024-08-27 10:45:52,49450.0,100,Sell,235015639
2024-08-27 10:45:52,49450.0,1500,Sell,235015638
2024-08-27 10:45:52,49450.0,100,Sell,235015636
2024-08-27 10:45:52,49450.0,100,Sell,235015635
2024-08-27 10:45:52,49450.0,100,Sell,235015634
2024-08-27 10:45:52,49450.0,100,Sell,235015637
2024-08-27 10:45:52,49450.0,100,Sell,235015630
2024-08-27 10:45:52,49450.0,2500,Sell,235015629
2024-08-27 10:45:52,49500.0,500,Sell,235015628
2024-08-27 10:45:52,49500.0,1000,Sell,235015627
2024-08-27 10:45:52,49500.0,100,Sell,235015626
2024-08-27 10:45:52,49500.0,400,Sell,235015625
2024-08-27 10:45:52,49450.0,20000,Sell,235015632
2024-08-27 10:46:11,49400.0,500,Buy,235016261
2024-08-27 10:46:12,49350.0,500,Sell,235016286
2024-08-27 10:46:12,49350.0,100,Sell,235016297
2024-08-27 10:46:12,49350.0,8300,Sell,235016289
2024-08-27 10:46:12,49350.0,200,Sell,235016288
2024-08-27 10:46:12,49350.0,1000,Sell,235016287
2024-08-27 10:46:12,49350.0,100,Sell,235016285
2024-08-27 10:46:12,49350.0,100,Sell,235016279
2024-08-27 10:46:12,49350.0,500,Sell,235016283
2024-08-27 10:46:12,49350.0,2000,Sell,235016282
2024-08-27 10:46:12,49350.0,1000,Sell,235016281
2024-08-27 10:46:12,49350.0,1000,Sell,235016280
2024-08-27 10:46:12,49350.0,100,Sell,235016278
2024-08-27 10:46:12,49350.0,100,Sell,235016277
2024-08-27 10:46:12,49350.0,100,Sell,235016284
2024-08-27 10:46:19,49350.0,5000,Sell,235016530
2024-08-27 10:46:21,49350.0,200,Sell,235016592
2024-08-27 10:46:21,49300.0,24500,Sell,235016596
2024-08-27 10:46:21,49300.0,500,Sell,235016595
2024-08-27 10:46:21,49300.0,3000,Sell,235016594
2024-08-27 10:46:21,49300.0,5000,Sell,235016593
2024-08-27 10:46:21,49350.0,3000,Sell,235016591
2024-08-27 10:46:21,49350.0,100,Sell,235016586
2024-08-27 10:46:21,49350.0,100,Sell,235016589
2024-08-27 10:46:21,49350.0,300,Sell,235016590
2024-08-27 10:46:21,49350.0,500,Sell,235016584
2024-08-27 10:46:21,49350.0,1000,Sell,235016585
2024-08-27 10:46:21,49350.0,6600,Sell,235016583
2024-08-27 10:46:21,49350.0,300,Sell,235016587
2024-08-27 10:46:21,49350.0,3000,Sell,235016588
2024-08-27 10:46:22,49400.0,100,Buy,235016598
2024-08-27 10:46:22,49300.0,500,Sell,235016605
2024-08-27 10:46:33,49350.0,200,Buy,235016915
2024-08-27 10:46:36,49300.0,1000,Sell,235016994
2024-08-27 10:46:40,49300.0,200,Sell,235017150
2024-08-27 10:46:52,49300.0,500,Sell,235017586
2024-08-27 10:46:59,49300.0,300,Sell,235017860
2024-08-27 10:47:03,49300.0,1000,Sell,235017970
2024-08-27 10:47:09,49300.0,100,Sell,235018210
2024-08-27 10:47:13,49300.0,500,Sell,235018310
2024-08-27 10:47:13,49300.0,100,Sell,235018306
2024-08-27 10:47:13,49300.0,1000,Sell,235018307
2024-08-27 10:47:13,49300.0,200,Sell,235018308
2024-08-27 10:47:13,49300.0,2000,Sell,235018309
2024-08-27 10:47:13,49300.0,1000,Sell,235018311
2024-08-27 10:47:13,49300.0,200,Sell,235018317
2024-08-27 10:47:13,49300.0,2000,Sell,235018313
2024-08-27 10:47:13,49300.0,1000,Sell,235018314
2024-08-27 10:47:13,49300.0,100,Sell,235018315
2024-08-27 10:47:13,49300.0,100,Sell,235018316
2024-08-27 10:47:13,49300.0,100,Sell,235018305
2024-08-27 10:47:13,49300.0,1000,Buy,235018318
2024-08-27 10:47:13,49300.0,300,Sell,235018312
2024-08-27 10:47:13,49300.0,100,Sell,235018304
2024-08-27 10:47:13,49300.0,500,Sell,235018287
2024-08-27 10:47:13,49300.0,300,Sell,235018302
2024-08-27 10:47:13,49300.0,200,Sell,235018301
2024-08-27 10:47:13,49300.0,100,Sell,235018300
2024-08-27 10:47:13,49300.0,200,Sell,235018299
2024-08-27 10:47:13,49300.0,500,Sell,235018298
2024-08-27 10:47:13,49300.0,1000,Sell,235018289
2024-08-27 10:47:13,49300.0,9000,Sell,235018288
2024-08-27 10:47:13,49300.0,21900,Sell,235018280
2024-08-27 10:47:13,49300.0,100,Sell,235018286
2024-08-27 10:47:13,49300.0,5000,Sell,235018285
2024-08-27 10:47:13,49300.0,4000,Sell,235018284
2024-08-27 10:47:13,49300.0,2000,Sell,235018283
2024-08-27 10:47:13,49300.0,100,Sell,235018282
2024-08-27 10:47:13,49300.0,1500,Sell,235018281
2024-08-27 10:47:13,49300.0,500,Sell,235018303
2024-08-27 10:47:37,49250.0,200,Sell,235019371
2024-08-27 10:47:38,49300.0,1000,Buy,235019415
2024-08-27 10:47:38,49300.0,600,Buy,235019416
2024-08-27 10:47:38,49300.0,3400,Buy,235019414
2024-08-27 10:47:43,49300.0,300,Buy,235019540
2024-08-27 10:47:48,49300.0,100,Buy,235019743
2024-08-27 10:47:49,49300.0,100,Buy,235019783
2024-08-27 10:47:54,49300.0,500,Buy,235019891
2024-08-27 10:47:59,49200.0,100,Sell,235020023
2024-08-27 10:47:59,49200.0,100,Sell,235020022
2024-08-27 10:47:59,49200.0,10000,Sell,235020021
2024-08-27 10:47:59,49250.0,100,Sell,235020018
2024-08-27 10:47:59,49200.0,5000,Sell,235020020
2024-08-27 10:47:59,49250.0,400,Sell,235020019
2024-08-27 10:47:59,49250.0,2000,Sell,235020017
2024-08-27 10:47:59,49250.0,500,Sell,235020011
2024-08-27 10:47:59,49250.0,4100,Sell,235020015
2024-08-27 10:47:59,49250.0,500,Sell,235020014
2024-08-27 10:47:59,49250.0,1000,Sell,235020013
2024-08-27 10:47:59,49250.0,100,Sell,235020012
2024-08-27 10:47:59,49250.0,2000,Sell,235020010
2024-08-27 10:47:59,49250.0,1000,Sell,235020009
2024-08-27 10:47:59,49250.0,300,Sell,235020008
2024-08-27 10:47:59,49250.0,1000,Sell,235020016
2024-08-27 10:48:00,49200.0,100,Sell,235020054
2024-08-27 10:48:00,49200.0,20000,Sell,235020053
2024-08-27 10:48:00,49200.0,10000,Sell,235020056
2024-08-27 10:48:00,49200.0,500,Sell,235020057
2024-08-27 10:48:00,49200.0,2100,Sell,235020058
2024-08-27 10:48:00,49200.0,200,Sell,235020063
2024-08-27 10:48:00,49200.0,500,Sell,235020060
2024-08-27 10:48:00,49200.0,100,Sell,235020061
2024-08-27 10:48:00,49200.0,4000,Sell,235020064
2024-08-27 10:48:00,49200.0,400,Buy,235020066
2024-08-27 10:48:00,49150.0,1000,Sell,235020071
2024-08-27 10:48:00,49200.0,300,Sell,235020059
2024-08-27 10:48:00,49200.0,1000,Sell,235020052
2024-08-27 10:48:00,49200.0,100,Sell,235020055
2024-08-27 10:48:00,49200.0,50000,Sell,235020050
2024-08-27 10:48:00,49200.0,2000,Sell,235020051
2024-08-27 10:48:00,49200.0,2000,Sell,235020038
2024-08-27 10:48:00,49200.0,5000,Sell,235020039
2024-08-27 10:48:00,49200.0,5000,Sell,235020040
2024-08-27 10:48:00,49200.0,10000,Sell,235020041
2024-08-27 10:48:00,49200.0,200,Sell,235020042
2024-08-27 10:48:00,49200.0,200,Sell,235020046
2024-08-27 10:48:00,49200.0,100,Sell,235020044
2024-08-27 10:48:00,49200.0,9000,Sell,235020048
2024-08-27 10:48:00,49200.0,100,Sell,235020047
2024-08-27 10:48:00,49200.0,1400,Sell,235020049
2024-08-27 10:48:00,49200.0,100,Sell,235020045
2024-08-27 10:48:00,49200.0,1000,Sell,235020043
2024-08-27 10:48:01,49150.0,500,Sell,235020098
2024-08-27 10:48:03,49200.0,100,Buy,235020120
2024-08-27 10:48:06,49150.0,100,Sell,235020213
2024-08-27 10:48:10,49150.0,400,Sell,235020374
2024-08-27 10:48:10,49150.0,1600,Sell,235020375
2024-08-27 10:48:14,49200.0,500,Buy,235020615
2024-08-27 10:48:21,49150.0,3000,Sell,235020964
2024-08-27 10:48:23,49200.0,100,Buy,235021020
2024-08-27 10:48:24,49200.0,900,Buy,235021064
2024-08-27 10:48:25,49150.0,500,Sell,235021098
2024-08-27 10:48:26,49200.0,500,Buy,235021125
2024-08-27 10:48:26,49200.0,100,Buy,235021126
2024-08-27 10:48:28,49200.0,200,Buy,235021181
2024-08-27 10:48:34,49200.0,6100,Buy,235021356
2024-08-27 10:48:35,49150.0,2000,Sell,235021372
2024-08-27 10:48:35,49150.0,200,Sell,235021391
2024-08-27 10:48:38,49200.0,2000,Sell,235021463
2024-08-27 10:48:38,49200.0,700,Buy,235021441
2024-08-27 10:48:38,49200.0,500,Sell,235021487
2024-08-27 10:48:38,49200.0,1000,Buy,235021439
2024-08-27 10:48:38,49200.0,1400,Buy,235021438
2024-08-27 10:48:38,49200.0,100,Buy,235021440
2024-08-27 10:48:38,49200.0,2600,Buy,235021437
2024-08-27 10:48:39,49200.0,1000,Sell,235021504
2024-08-27 10:48:39,49200.0,6700,Sell,235021503
2024-08-27 10:48:41,49150.0,2700,Sell,235021597
2024-08-27 10:48:41,49150.0,100,Sell,235021598
2024-08-27 10:48:41,49150.0,100,Sell,235021599
2024-08-27 10:48:41,49150.0,100,Sell,235021600
2024-08-27 10:48:47,49200.0,1000,Buy,235021794
2024-08-27 10:48:51,49150.0,500,Sell,235021933
2024-08-27 10:48:54,49200.0,500,Buy,235022025
2024-08-27 10:48:56,49200.0,100,Buy,235022085
2024-08-27 10:48:57,49200.0,700,Buy,235022099
2024-08-27 10:48:57,49200.0,300,Buy,235022100
2024-08-27 10:48:58,49150.0,500,Sell,235022117
2024-08-27 10:48:58,49150.0,100,Sell,235022116
2024-08-27 10:48:58,49150.0,200,Sell,235022115
2024-08-27 10:48:58,49150.0,100,Sell,235022114
2024-08-27 10:48:58,49150.0,100,Sell,235022110
2024-08-27 10:48:58,49150.0,100,Sell,235022112
2024-08-27 10:48:58,49150.0,100,Sell,235022111
2024-08-27 10:48:58,49150.0,200,Sell,235022109
2024-08-27 10:48:58,49150.0,200,Sell,235022113
2024-08-27 10:48:58,49150.0,400,Sell,235022108
2024-08-27 10:48:59,49200.0,200,Buy,235022148
2024-08-27 10:48:59,49200.0,300,Buy,235022149
2024-08-27 10:49:02,49200.0,100,Buy,235022237
2024-08-27 10:49:03,49200.0,200,Sell,235022276
2024-08-27 10:49:07,49150.0,200,Sell,235022482
2024-08-27 10:49:07,49150.0,100,Sell,235022481
2024-08-27 10:49:07,49200.0,200,Sell,235022479
2024-08-27 10:49:07,49200.0,1500,Sell,235022480
2024-08-27 10:49:10,49150.0,700,Sell,235022564
2024-08-27 10:49:14,49150.0,900,Sell,235022661
2024-08-27 10:49:14,49150.0,1100,Sell,235022660
2024-08-27 10:49:14,49150.0,1000,Sell,235022659
2024-08-27 10:49:14,49150.0,1000,Sell,235022658
2024-08-27 10:49:14,49150.0,100,Sell,235022657
2024-08-27 10:49:14,49150.0,100,Sell,235022656
2024-08-27 10:49:14,49150.0,200,Sell,235022655
2024-08-27 10:49:14,49200.0,1100,Sell,235022648
2024-08-27 10:49:14,49150.0,500,Sell,235022653
2024-08-27 10:49:14,49150.0,3600,Sell,235022654
2024-08-27 10:49:14,49150.0,1100,Sell,235022649
2024-08-27 10:49:14,49200.0,3900,Sell,235022638
2024-08-27 10:49:14,49150.0,2000,Sell,235022651
2024-08-27 10:49:14,49150.0,2000,Sell,235022652
2024-08-27 10:49:14,49150.0,300,Sell,235022650
2024-08-27 10:49:20,49200.0,100,Sell,235022880
2024-08-27 10:49:20,49200.0,400,Sell,235022891
2024-08-27 10:49:23,49200.0,500,Sell,235022945
2024-08-27 10:49:23,49150.0,2500,Sell,235022946
2024-08-27 10:49:32,49150.0,100,Sell,235023361
2024-08-27 10:49:36,49200.0,200,Buy,235023445
2024-08-27 10:49:37,49200.0,100,Sell,235023498
2024-08-27 10:49:44,49200.0,700,Sell,235023715
2024-08-27 10:49:44,49200.0,100,Sell,235023716
2024-08-27 10:49:44,49150.0,1500,Sell,235023717
2024-08-27 10:49:44,49150.0,200,Sell,235023718
2024-08-27 10:49:44,49150.0,100,Sell,235023719
2024-08-27 10:49:44,49150.0,1800,Sell,235023720
2024-08-27 10:49:44,49150.0,2000,Sell,235023721
2024-08-27 10:50:00,49200.0,200,Sell,235024181
2024-08-27 10:50:12,49200.0,100,Sell,235024511
2024-08-27 10:50:22,49250.0,500,Buy,235024879
2024-08-27 10:50:22,49250.0,1500,Buy,235024869
2024-08-27 10:50:29,49200.0,100,Sell,235025072
2024-08-27 10:50:40,49200.0,500,Sell,235025348
2024-08-27 10:50:42,49200.0,100,Sell,235025425
2024-08-27 10:50:42,49200.0,100,Sell,235025424
2024-08-27 10:50:42,49200.0,1000,Sell,235025423
2024-08-27 10:50:42,49200.0,100,Sell,235025422
2024-08-27 10:50:42,49200.0,1000,Sell,235025421
2024-08-27 10:50:42,49200.0,1600,Sell,235025414
2024-08-27 10:50:42,49200.0,1000,Sell,235025418
2024-08-27 10:50:42,49200.0,100,Sell,235025417
2024-08-27 10:50:42,49200.0,400,Sell,235025416
2024-08-27 10:50:42,49200.0,100,Sell,235025415
2024-08-27 10:50:42,49200.0,3000,Sell,235025420
2024-08-27 10:50:44,49200.0,200,Buy,235025483
2024-08-27 10:50:48,49150.0,100,Sell,235025595
2024-08-27 10:50:54,49150.0,100,Sell,235025776
2024-08-27 10:50:54,49150.0,100,Sell,235025777
2024-08-27 10:50:54,49150.0,700,Sell,235025778
2024-08-27 10:50:54,49150.0,100,Sell,235025775
2024-08-27 10:50:54,49150.0,100,Sell,235025789
2024-08-27 10:50:58,49150.0,200,Sell,235025868
2024-08-27 10:51:22,49150.0,200,Sell,235026458
2024-08-27 10:51:22,49150.0,100,Sell,235026459
2024-08-27 10:51:22,49150.0,700,Sell,235026460
2024-08-27 10:51:24,49150.0,2200,Sell,235026604
2024-08-27 10:51:26,49150.0,100,Sell,235026701
2024-08-27 10:51:28,49200.0,1000,Buy,235026755
2024-08-27 10:51:40,49200.0,10000,Buy,235027136
2024-08-27 10:51:41,49200.0,200,Buy,235027169
2024-08-27 10:51:45,49200.0,600,Buy,235027287
2024-08-27 10:51:46,49200.0,900,Buy,235027318
2024-08-27 10:51:46,49200.0,500,Buy,235027320
2024-08-27 10:51:46,49200.0,7600,Buy,235027317
2024-08-27 10:51:46,49200.0,1000,Buy,235027319
2024-08-27 10:51:53,49200.0,1500,Buy,235027510
2024-08-27 10:51:53,49200.0,1300,Buy,235027511
2024-08-27 10:51:55,49200.0,200,Sell,235027569
2024-08-27 10:52:08,49250.0,500,Buy,235027846
2024-08-27 10:52:15,49250.0,100,Buy,235028010
2024-08-27 10:52:15,49250.0,100,Buy,235028011
2024-08-27 10:52:18,49250.0,300,Buy,235028063
2024-08-27 10:52:20,49250.0,100,Buy,235028072
2024-08-27 10:52:23,49250.0,100,Buy,235028136
2024-08-27 10:52:23,49200.0,200,Sell,235028137
2024-08-27 10:52:24,49250.0,100,Buy,235028145
2024-08-27 10:52:26,49250.0,700,Buy,235028210
2024-08-27 10:52:26,49250.0,100,Buy,235028211
2024-08-27 10:52:26,49250.0,1000,Buy,235028212
2024-08-27 10:52:43,49250.0,100,Sell,235028558
2024-08-27 10:52:49,49300.0,200,Buy,235028695
2024-08-27 10:52:52,49250.0,100,Sell,235028750
2024-08-27 10:52:53,49300.0,100,Buy,235028757
2024-08-27 10:52:58,49300.0,100,Buy,235028853
2024-08-27 10:53:01,49300.0,500,Buy,235028916
2024-08-27 10:53:01,49300.0,200,Buy,235028917
2024-08-27 10:53:01,49300.0,800,Buy,235028918
2024-08-27 10:53:02,49300.0,500,Sell,235028938
2024-08-27 10:53:07,49300.0,500,Buy,235029025
2024-08-27 10:53:08,49200.0,100,Sell,235029076
2024-08-27 10:53:08,49200.0,100,Sell,235029075
2024-08-27 10:53:08,49200.0,1300,Sell,235029074
2024-08-27 10:53:08,49200.0,1200,Sell,235029073
2024-08-27 10:53:08,49200.0,7000,Sell,235029072
2024-08-27 10:53:08,49200.0,300,Sell,235029069
2024-08-27 10:53:08,49200.0,1500,Sell,235029071
2024-08-27 10:53:08,49200.0,2000,Sell,235029070
2024-08-27 10:53:08,49250.0,1000,Sell,235029062
2024-08-27 10:53:08,49250.0,1800,Sell,235029063
2024-08-27 10:53:08,49250.0,500,Sell,235029064
2024-08-27 10:53:08,49200.0,5000,Sell,235029068
2024-08-27 10:53:08,49250.0,300,Sell,235029066
2024-08-27 10:53:08,49250.0,1000,Sell,235029067
2024-08-27 10:53:08,49250.0,100,Sell,235029065
2024-08-27 10:53:11,49200.0,1000,Buy,235029159
2024-08-27 10:53:17,49200.0,500,Buy,235029241
2024-08-27 10:53:20,49150.0,200,Sell,235029315
2024-08-27 10:53:32,49200.0,3000,Buy,235029574
2024-08-27 10:53:41,49200.0,3000,Buy,235029708
2024-08-27 10:53:44,49200.0,5000,Buy,235029843
2024-08-27 10:53:45,49200.0,23600,Buy,235029857
2024-08-27 10:53:45,49200.0,5000,Buy,235029858
2024-08-27 10:53:49,49200.0,100,Sell,235029926
2024-08-27 10:54:18,49200.0,200,Sell,235030394
2024-08-27 10:54:42,49200.0,500,Sell,235030761
2024-08-27 10:54:46,49200.0,100,Sell,235030813
2024-08-27 10:54:53,49350.0,100,Buy,235030960
2024-08-27 10:54:55,49400.0,100,Buy,235031009
2024-08-27 10:55:15,49350.0,200,Sell,235031344
2024-08-27 10:55:43,49350.0,200,Sell,235031780
2024-08-27 10:56:02,49350.0,300,Sell,235032045
2024-08-27 10:56:09,49350.0,700,Sell,235032150
2024-08-27 10:56:09,49350.0,100,Sell,235032151
2024-08-27 10:56:12,49300.0,100,Sell,235032194
2024-08-27 10:56:15,49300.0,200,Sell,235032232
2024-08-27 10:56:41,49300.0,200,Sell,235032590
2024-08-27 10:57:02,49300.0,600,Sell,235032860
2024-08-27 10:57:02,49300.0,200,Sell,235032859
2024-08-27 10:57:02,49300.0,700,Sell,235032858
2024-08-27 10:57:02,49300.0,1000,Sell,235032857
2024-08-27 10:57:02,49300.0,1000,Sell,235032856
2024-08-27 10:57:02,49300.0,100,Sell,235032854
2024-08-27 10:57:02,49300.0,1600,Sell,235032852
2024-08-27 10:57:02,49300.0,1000,Sell,235032855
2024-08-27 10:57:02,49300.0,1000,Sell,235032853
2024-08-27 10:57:09,49300.0,100,Sell,235032973
2024-08-27 10:57:16,49350.0,200,Buy,235033091
2024-08-27 10:57:16,49350.0,200,Buy,235033090
2024-08-27 10:57:23,49350.0,600,Sell,235033191
2024-08-27 10:57:38,49300.0,200,Sell,235033381
2024-08-27 10:58:00,49350.0,2000,Buy,235033749
2024-08-27 10:58:06,49300.0,200,Sell,235033845
2024-08-27 10:58:30,49300.0,600,Sell,235034147
2024-08-27 10:58:32,49300.0,500,Sell,235034170
2024-08-27 10:58:33,49350.0,200,Buy,235034187
2024-08-27 10:58:34,49350.0,2200,Buy,235034203
2024-08-27 10:58:34,49350.0,700,Buy,235034204
2024-08-27 10:58:35,49350.0,100,Sell,235034218
2024-08-27 10:59:03,49300.0,500,Sell,235034631
2024-08-27 10:59:03,49300.0,100,Sell,235034630
2024-08-27 10:59:03,49300.0,100,Sell,235034629
2024-08-27 10:59:03,49300.0,1000,Sell,235034628
2024-08-27 10:59:03,49300.0,7800,Sell,235034624
2024-08-27 10:59:03,49300.0,200,Sell,235034626
2024-08-27 10:59:03,49300.0,2000,Sell,235034625
2024-08-27 10:59:03,49350.0,2400,Sell,235034622
2024-08-27 10:59:03,49300.0,100,Sell,235034627
2024-08-27 10:59:03,49350.0,200,Sell,235034623
2024-08-27 10:59:04,49250.0,100,Sell,235034644
2024-08-27 10:59:04,49250.0,100,Sell,235034645
2024-08-27 10:59:08,49300.0,100,Buy,235034677
2024-08-27 10:59:17,49300.0,300,Buy,235034809
2024-08-27 10:59:22,49250.0,100,Sell,235034876
2024-08-27 10:59:31,49250.0,100,Sell,235034988
2024-08-27 10:59:32,49250.0,100,Sell,235035005
2024-08-27 10:59:44,49250.0,1000,Sell,235035148
2024-08-27 10:59:50,49250.0,100,Sell,235035213
2024-08-27 10:59:51,49300.0,3000,Buy,235035223
2024-08-27 11:00:01,49250.0,200,Sell,235035394
2024-08-27 11:00:27,49250.0,100,Sell,235035750
2024-08-27 11:00:29,49250.0,400,Sell,235035771
2024-08-27 11:00:29,49250.0,500,Sell,235035772
2024-08-27 11:00:29,49250.0,100,Sell,235035773
2024-08-27 11:00:29,49250.0,100,Sell,235035774
2024-08-27 11:00:31,49250.0,300,Sell,235035795
2024-08-27 11:00:31,49250.0,200,Sell,235035796
2024-08-27 11:00:58,49250.0,200,Sell,235036137
2024-08-27 11:00:58,49250.0,1000,Sell,235036139
2024-08-27 11:01:26,49250.0,200,Sell,235036492
2024-08-27 11:01:28,49300.0,700,Buy,235036522
2024-08-27 11:01:28,49300.0,300,Buy,235036523
2024-08-27 11:01:47,49300.0,100,Buy,235036916
2024-08-27 11:01:55,49250.0,100,Sell,235037040
2024-08-27 11:02:01,49300.0,500,Buy,235037083
2024-08-27 11:02:18,49300.0,100,Buy,235037324
2024-08-27 11:02:24,49300.0,200,Sell,235037428
2024-08-27 11:02:26,49350.0,100,Buy,235037459
2024-08-27 11:02:26,49350.0,200,Buy,235037460
2024-08-27 11:02:29,49350.0,100,Buy,235037507
2024-08-27 11:02:45,49350.0,500,Buy,235037826
2024-08-27 11:02:52,49300.0,100,Sell,235037902
2024-08-27 11:03:21,49300.0,100,Sell,235038312
2024-08-27 11:03:21,49300.0,100,Sell,235038313
2024-08-27 11:03:22,49350.0,100,Buy,235038319
2024-08-27 11:03:44,49350.0,100,Buy,235038626
2024-08-27 11:03:49,49300.0,100,Sell,235038695
2024-08-27 11:04:18,49350.0,100,Sell,235039118
2024-08-27 11:04:36,49300.0,100,Sell,235039408
2024-08-27 11:04:36,49300.0,100,Sell,235039409
2024-08-27 11:04:36,49300.0,100,Sell,235039410
2024-08-27 11:04:36,49300.0,100,Sell,235039407
2024-08-27 11:04:39,49300.0,900,Sell,235039479
2024-08-27 11:04:39,49300.0,1000,Sell,235039480
2024-08-27 11:04:39,49300.0,600,Sell,235039481
2024-08-27 11:04:47,49300.0,200,Sell,235039629
2024-08-27 11:04:54,49350.0,100,Buy,235039753
2024-08-27 11:05:15,49300.0,100,Sell,235040048
2024-08-27 11:05:28,49200.0,2000,Sell,235040342
2024-08-27 11:05:28,49200.0,400,Sell,235040343
2024-08-27 11:05:28,49200.0,100,Sell,235040344
2024-08-27 11:05:28,49200.0,100,Sell,235040345
2024-08-27 11:05:28,49200.0,500,Sell,235040346
2024-08-27 11:05:28,49200.0,100,Sell,235040347
2024-08-27 11:05:28,49200.0,200,Sell,235040348
2024-08-27 11:05:28,49200.0,500,Sell,235040349
2024-08-27 11:05:28,49150.0,500,Sell,235040355
2024-08-27 11:05:28,49200.0,5000,Sell,235040351
2024-08-27 11:05:28,49200.0,100,Sell,235040352
2024-08-27 11:05:28,49200.0,1000,Sell,235040353
2024-08-27 11:05:28,49200.0,1000,Sell,235040341
2024-08-27 11:05:28,49150.0,700,Sell,235040356
2024-08-27 11:05:28,49150.0,100,Sell,235040357
2024-08-27 11:05:28,49150.0,800,Sell,235040358
2024-08-27 11:05:28,49200.0,100,Sell,235040350
2024-08-27 11:05:28,49200.0,100,Sell,235040340
2024-08-27 11:05:28,49150.0,100,Sell,235040354
2024-08-27 11:05:28,49200.0,200,Sell,235040338
2024-08-27 11:05:28,49300.0,100,Sell,235040322
2024-08-27 11:05:28,49250.0,3300,Sell,235040323
2024-08-27 11:05:28,49250.0,10000,Sell,235040324
2024-08-27 11:05:28,49250.0,1000,Sell,235040325
2024-08-27 11:05:28,49250.0,1000,Sell,235040326
2024-08-27 11:05:28,49250.0,1500,Sell,235040327
2024-08-27 11:05:28,49250.0,500,Sell,235040328
2024-08-27 11:05:28,49250.0,500,Sell,235040329
2024-08-27 11:05:28,49300.0,4100,Sell,235040321
2024-08-27 11:05:28,49250.0,500,Sell,235040331
2024-08-27 11:05:28,49250.0,3000,Sell,235040330
2024-08-27 11:05:28,49200.0,1000,Sell,235040337
