time,price,volume,match_type,id
2024-08-09 09:14:37,47000.0,27700,ATO/ATC,230423245
2024-08-09 09:14:40,47000.0,200,Buy,230423484
2024-08-09 09:14:40,47000.0,100,Buy,230423485
2024-08-09 09:14:41,46350.0,1400,Buy,230423564
2024-08-09 09:15:31,46350.0,600,Sell,230424758
2024-08-09 09:15:31,46350.0,100,Sell,230424757
2024-08-09 09:17:47,46950.0,400,Buy,230428149
2024-08-09 09:22:25,46550.0,400,Sell,230434756
2024-08-09 09:22:50,46550.0,100,Sell,230435452
2024-08-09 09:23:28,46550.0,400,Sell,230436334
2024-08-09 09:23:57,46500.0,100,Sell,230437034
2024-08-09 09:23:57,46500.0,400,Sell,230437035
2024-08-09 09:24:21,46500.0,400,Buy,230437649
2024-08-09 09:24:21,46550.0,600,Buy,230437650
2024-08-09 09:25:06,46550.0,100,Buy,230438626
2024-08-09 09:25:28,46550.0,3800,Buy,230439147
2024-08-09 09:25:28,46550.0,500,Buy,230439148
2024-08-09 09:25:28,46550.0,500,Buy,230439149
2024-08-09 09:26:10,46550.0,500,Sell,230440116
2024-08-09 09:26:17,46550.0,200,Sell,230440277
2024-08-09 09:27:00,46700.0,100,Buy,230441385
2024-08-09 09:27:00,46700.0,100,Buy,230441386
2024-08-09 09:27:28,46550.0,100,Sell,230441961
2024-08-09 09:27:29,46550.0,100,Buy,230441980
2024-08-09 09:27:59,46550.0,300,Buy,230442526
2024-08-09 09:28:17,46500.0,1000,Sell,230442861
2024-08-09 09:34:09,46500.0,200,Sell,230450089
2024-08-09 09:34:09,46500.0,300,Sell,230450090
2024-08-09 09:35:14,46500.0,2500,Sell,230451258
2024-08-09 09:36:10,46650.0,2000,Buy,230452265
2024-08-09 09:36:59,46650.0,3000,Buy,230453184
2024-08-09 09:36:59,46650.0,100,Buy,230453185
2024-08-09 09:39:02,46650.0,100,Sell,230455442
2024-08-09 09:39:12,46700.0,3900,Buy,230455623
2024-08-09 09:39:28,46700.0,500,Buy,230455848
2024-08-09 09:39:30,46700.0,100,Buy,230455890
2024-08-09 09:39:30,46700.0,100,Buy,230455889
2024-08-09 09:39:30,46700.0,100,Buy,230455888
2024-08-09 09:39:30,46700.0,100,Buy,230455884
2024-08-09 09:39:30,46700.0,100,Buy,230455886
2024-08-09 09:39:30,46700.0,1500,Buy,230455887
2024-08-09 09:39:30,46700.0,600,Buy,230455883
2024-08-09 09:39:30,46700.0,100,Buy,230455885
2024-08-09 09:40:21,46700.0,300,Sell,230456692
2024-08-09 09:40:21,46700.0,200,Sell,230456693
2024-08-09 09:42:10,46700.0,100,Sell,230458532
2024-08-09 09:43:15,46700.0,400,Sell,230459603
2024-08-09 09:43:15,46700.0,200,Sell,230459602
2024-08-09 09:43:15,46700.0,400,Sell,230459601
2024-08-09 09:43:15,46700.0,100,Sell,230459604
2024-08-09 09:43:15,46700.0,100,Sell,230459599
2024-08-09 09:43:15,46700.0,100,Sell,230459598
2024-08-09 09:43:15,46700.0,300,Sell,230459597
2024-08-09 09:43:15,46700.0,400,Sell,230459600
2024-08-09 09:43:23,46700.0,400,Sell,230459740
2024-08-09 09:43:23,46700.0,500,Sell,230459741
2024-08-09 09:43:23,46700.0,100,Sell,230459742
2024-08-09 09:43:23,46700.0,1000,Sell,230459739
2024-08-09 09:43:41,46700.0,100,Sell,230460059
2024-08-09 09:43:56,46700.0,300,Sell,230460265
2024-08-09 09:43:56,46700.0,200,Sell,230460266
2024-08-09 09:44:51,46700.0,100,Sell,230461178
2024-08-09 09:44:51,46700.0,200,Sell,230461174
2024-08-09 09:44:51,46700.0,300,Sell,230461175
2024-08-09 09:44:51,46700.0,100,Sell,230461176
2024-08-09 09:44:51,46700.0,100,Sell,230461177
2024-08-09 09:45:24,46700.0,300,Sell,230461655
2024-08-09 09:45:24,46700.0,100,Sell,230461656
2024-08-09 09:45:25,46700.0,100,Sell,230461685
2024-08-09 09:45:25,46700.0,100,Sell,230461683
2024-08-09 09:45:25,46700.0,100,Sell,230461684
2024-08-09 09:45:26,46700.0,200,Buy,230461702
2024-08-09 09:47:47,46650.0,100,Sell,230464414
2024-08-09 09:47:47,46650.0,400,Sell,230464415
2024-08-09 09:47:47,46650.0,300,Sell,230464416
2024-08-09 09:47:47,46650.0,400,Sell,230464417
2024-08-09 09:47:47,46650.0,300,Sell,230464418
2024-08-09 09:47:47,46650.0,200,Sell,230464419
2024-08-09 09:47:47,46650.0,500,Sell,230464420
2024-08-09 09:47:47,46650.0,600,Sell,230464421
2024-08-09 09:47:47,46650.0,1200,Sell,230464422
2024-08-09 09:48:09,46650.0,100,Sell,230464851
2024-08-09 09:48:09,46650.0,200,Sell,230464850
2024-08-09 09:48:09,46650.0,400,Sell,230464849
2024-08-09 09:48:09,46650.0,1200,Sell,230464847
2024-08-09 09:48:09,46650.0,300,Sell,230464846
2024-08-09 09:48:09,46650.0,1000,Sell,230464848
2024-08-09 09:48:34,46600.0,1000,Sell,230465344
2024-08-09 09:48:41,46650.0,800,Buy,230465492
2024-08-09 09:48:41,46650.0,200,Buy,230465493
2024-08-09 09:48:54,46650.0,1200,Buy,230465722
2024-08-09 09:49:27,46650.0,500,Sell,230466448
2024-08-09 09:49:47,46650.0,300,Sell,230466842
2024-08-09 09:52:00,46650.0,100,Buy,230470049
2024-08-09 09:52:11,46650.0,1400,Sell,230470366
2024-08-09 09:53:19,46650.0,100,Buy,230472336
2024-08-09 09:53:31,46650.0,100,Buy,230472810
2024-08-09 09:54:07,46650.0,100,Buy,230473733
2024-08-09 09:55:42,46650.0,100,Buy,230476321
2024-08-09 09:57:25,46650.0,100,Buy,230479348
2024-08-09 09:57:25,46650.0,300,Buy,230479349
2024-08-09 09:57:25,46650.0,600,Buy,230479350
2024-08-09 09:57:25,46650.0,2000,Buy,230479347
2024-08-09 09:57:30,46650.0,100,Buy,230479465
2024-08-09 09:57:46,46650.0,500,Buy,230479787
2024-08-09 09:57:47,46650.0,300,Buy,230479810
2024-08-09 09:57:55,46650.0,100,Sell,230479986
2024-08-09 09:58:26,46650.0,100,Sell,230480792
2024-08-09 09:58:26,46650.0,100,Sell,230480793
2024-08-09 09:58:26,46650.0,100,Sell,230480794
2024-08-09 09:59:01,46600.0,500,Sell,230481659
2024-08-09 09:59:46,46600.0,200,Sell,230483036
2024-08-09 10:00:13,46600.0,100,Sell,230483565
2024-08-09 10:00:48,46600.0,200,Sell,230484514
2024-08-09 10:01:18,46600.0,1000,Sell,230485093
2024-08-09 10:01:29,46600.0,200,Sell,230485419
2024-08-09 10:01:29,46600.0,800,Sell,230485418
2024-08-09 10:01:29,46600.0,800,Sell,230485417
2024-08-09 10:01:29,46600.0,100,Sell,230485407
2024-08-09 10:01:29,46600.0,200,Sell,230485414
2024-08-09 10:01:29,46600.0,300,Sell,230485413
2024-08-09 10:01:29,46600.0,200,Sell,230485412
2024-08-09 10:01:29,46600.0,200,Sell,230485411
2024-08-09 10:01:29,46600.0,200,Sell,230485410
2024-08-09 10:01:29,46600.0,600,Sell,230485409
2024-08-09 10:01:29,46600.0,400,Sell,230485408
2024-08-09 10:01:29,46600.0,200,Sell,230485420
2024-08-09 10:01:29,46600.0,200,Sell,230485406
2024-08-09 10:01:29,46600.0,100,Sell,230485416
2024-08-09 10:01:29,46600.0,200,Sell,230485404
2024-08-09 10:01:29,46600.0,100,Sell,230485405
2024-08-09 10:01:29,46600.0,100,Sell,230485392
2024-08-09 10:01:29,46600.0,100,Sell,230485393
2024-08-09 10:01:29,46600.0,300,Sell,230485394
2024-08-09 10:01:29,46600.0,100,Sell,230485395
2024-08-09 10:01:29,46600.0,100,Sell,230485396
2024-08-09 10:01:29,46600.0,100,Sell,230485415
2024-08-09 10:01:29,46600.0,300,Sell,230485397
2024-08-09 10:01:29,46600.0,200,Sell,230485402
2024-08-09 10:01:29,46600.0,400,Sell,230485401
2024-08-09 10:01:29,46600.0,200,Sell,230485403
2024-08-09 10:01:29,46600.0,100,Sell,230485399
2024-08-09 10:01:29,46600.0,100,Sell,230485398
2024-08-09 10:01:29,46600.0,100,Sell,230485400
2024-08-09 10:02:25,46600.0,200,Sell,230486699
2024-08-09 10:02:39,46600.0,300,Buy,230486971
2024-08-09 10:02:39,46600.0,400,Buy,230486972
2024-08-09 10:02:50,46600.0,300,Sell,230487199
2024-08-09 10:02:57,46600.0,2000,Sell,230487317
2024-08-09 10:03:07,46600.0,200,Sell,230487509
2024-08-09 10:03:11,46650.0,400,Buy,230487586
2024-08-09 10:03:11,46650.0,1300,Buy,230487587
2024-08-09 10:04:09,46650.0,3000,Sell,230488738
2024-08-09 10:04:10,46700.0,500,Buy,230488759
2024-08-09 10:04:10,46700.0,400,Buy,230488760
2024-08-09 10:04:10,46700.0,1000,Buy,230488757
2024-08-09 10:04:10,46700.0,400,Buy,230488756
2024-08-09 10:04:10,46700.0,2000,Buy,230488755
2024-08-09 10:04:10,46700.0,100,Buy,230488758
2024-08-09 10:04:20,46700.0,600,Sell,230488957
2024-08-09 10:04:20,46650.0,300,Sell,230488958
2024-08-09 10:04:20,46650.0,400,Sell,230488959
2024-08-09 10:04:50,46650.0,2800,Buy,230489613
2024-08-09 10:05:41,46700.0,1000,Buy,230490817
2024-08-09 10:05:41,46700.0,400,Buy,230490818
2024-08-09 10:06:01,46700.0,100,Sell,230491203
2024-08-09 10:06:06,46700.0,3000,Sell,230491394
2024-08-09 10:07:58,46700.0,200,Sell,230493861
2024-08-09 10:08:01,46700.0,300,Sell,230493909
2024-08-09 10:08:01,46700.0,300,Sell,230493910
2024-08-09 10:08:19,46700.0,5800,Buy,230494339
2024-08-09 10:08:46,46750.0,300,Buy,230494984
2024-08-09 10:08:46,46750.0,500,Buy,230494983
2024-08-09 10:08:46,46750.0,200,Buy,230494982
2024-08-09 10:09:01,46750.0,500,Buy,230495336
2024-08-09 10:10:30,46700.0,4200,Sell,230497038
2024-08-09 10:10:30,46700.0,100,Sell,230497039
2024-08-09 10:10:30,46700.0,100,Sell,230497040
2024-08-09 10:10:30,46700.0,300,Sell,230497041
2024-08-09 10:10:30,46700.0,300,Sell,230497042
2024-08-09 10:11:27,46700.0,200,Sell,230498282
2024-08-09 10:11:27,46700.0,100,Sell,230498281
2024-08-09 10:11:27,46700.0,100,Sell,230498280
2024-08-09 10:11:27,46700.0,100,Sell,230498279
2024-08-09 10:11:27,46700.0,100,Sell,230498278
2024-08-09 10:11:35,46700.0,200,Buy,230498392
2024-08-09 10:11:36,46650.0,400,Sell,230498431
2024-08-09 10:11:42,46650.0,800,Sell,230498559
2024-08-09 10:11:42,46650.0,200,Sell,230498558
2024-08-09 10:11:42,46650.0,100,Sell,230498557
2024-08-09 10:11:42,46650.0,300,Sell,230498556
2024-08-09 10:11:42,46650.0,5000,Sell,230498553
2024-08-09 10:11:42,46650.0,300,Sell,230498554
2024-08-09 10:11:42,46650.0,300,Sell,230498552
2024-08-09 10:11:42,46650.0,100,Sell,230498551
2024-08-09 10:11:42,46650.0,1800,Sell,230498550
2024-08-09 10:11:42,46650.0,800,Sell,230498555
2024-08-09 10:12:52,46600.0,300,Sell,230499861
2024-08-09 10:12:52,46600.0,200,Sell,230499862
2024-08-09 10:12:52,46600.0,9500,Sell,230499863
2024-08-09 10:14:15,46600.0,400,Sell,230501203
2024-08-09 10:14:16,46600.0,100,Sell,230501214
2024-08-09 10:14:19,46600.0,1000,Sell,230501278
2024-08-09 10:14:23,46600.0,400,Sell,230501368
2024-08-09 10:14:38,46650.0,500,Buy,230501597
2024-08-09 10:15:51,46600.0,100,Sell,230502774
2024-08-09 10:16:33,46650.0,400,Buy,230503421
2024-08-09 10:16:33,46650.0,200,Buy,230503422
2024-08-09 10:19:13,46700.0,200,Buy,230505800
2024-08-09 10:19:13,46700.0,500,Buy,230505801
2024-08-09 10:21:15,46650.0,400,Sell,230507628
2024-08-09 10:21:15,46650.0,100,Sell,230507629
2024-08-09 10:21:15,46650.0,100,Sell,230507630
2024-08-09 10:21:15,46650.0,200,Sell,230507631
2024-08-09 10:21:15,46650.0,400,Sell,230507632
2024-08-09 10:21:15,46650.0,200,Sell,230507633
2024-08-09 10:21:15,46650.0,200,Sell,230507635
2024-08-09 10:21:15,46650.0,400,Sell,230507634
2024-08-09 10:21:37,46650.0,200,Sell,230507952
2024-08-09 10:22:01,46650.0,100,Buy,230508435
2024-08-09 10:22:02,46600.0,100,Sell,230508457
2024-08-09 10:22:02,46600.0,2400,Sell,230508461
2024-08-09 10:22:02,46600.0,400,Sell,230508460
2024-08-09 10:22:02,46600.0,100,Sell,230508459
2024-08-09 10:22:02,46600.0,100,Sell,230508458
2024-08-09 10:22:02,46600.0,400,Sell,230508455
2024-08-09 10:22:02,46600.0,100,Sell,230508454
2024-08-09 10:22:02,46600.0,100,Sell,230508453
2024-08-09 10:22:02,46600.0,5000,Sell,230508452
2024-08-09 10:22:02,46600.0,500,Sell,230508451
2024-08-09 10:22:02,46650.0,600,Sell,230508450
2024-08-09 10:22:02,46600.0,200,Sell,230508456
2024-08-09 10:22:31,46600.0,200,Sell,230508848
2024-08-09 10:23:17,46600.0,500,Sell,230509473
2024-08-09 10:23:48,46600.0,100,Sell,230510083
2024-08-09 10:24:53,46600.0,1000,Sell,230511189
2024-08-09 10:25:52,46600.0,100,Sell,230512179
2024-08-09 10:26:21,46650.0,200,Buy,230512680
2024-08-09 10:27:13,46600.0,100,Sell,230513882
2024-08-09 10:27:13,46600.0,200,Sell,230513881
2024-08-09 10:27:13,46600.0,100,Sell,230513880
2024-08-09 10:27:13,46600.0,100,Sell,230513879
2024-08-09 10:27:13,46600.0,100,Sell,230513876
2024-08-09 10:27:13,46600.0,100,Sell,230513877
2024-08-09 10:27:13,46600.0,100,Sell,230513875
2024-08-09 10:27:13,46600.0,400,Sell,230513874
2024-08-09 10:27:13,46600.0,700,Sell,230513873
2024-08-09 10:27:13,46600.0,100,Sell,230513878
2024-08-09 10:27:25,46600.0,300,Sell,230514104
2024-08-09 10:27:25,46600.0,100,Sell,230514105
2024-08-09 10:27:51,46550.0,100,Sell,230514516
2024-08-09 10:27:51,46550.0,100,Sell,230514517
2024-08-09 10:27:51,46550.0,100,Sell,230514518
2024-08-09 10:27:51,46550.0,100,Sell,230514519
2024-08-09 10:27:51,46550.0,9600,Sell,230514520
2024-08-09 10:28:31,46550.0,400,Sell,230515070
2024-08-09 10:29:00,46500.0,600,Sell,230515457
2024-08-09 10:29:00,46500.0,300,Sell,230515456
2024-08-09 10:29:00,46500.0,1800,Sell,230515454
2024-08-09 10:29:00,46500.0,7200,Sell,230515453
2024-08-09 10:29:00,46500.0,100,Sell,230515455
2024-08-09 10:29:26,46500.0,800,Sell,230515800
2024-08-09 10:29:26,46500.0,9200,Sell,230515801
2024-08-09 10:29:31,46500.0,10000,Sell,230515864
2024-08-09 10:30:24,46500.0,800,Sell,230516671
2024-08-09 10:30:24,46500.0,2000,Sell,230516672
2024-08-09 10:30:24,46500.0,100,Sell,230516673
2024-08-09 10:30:24,46500.0,100,Sell,230516674
2024-08-09 10:30:45,46500.0,100,Sell,230516959
2024-08-09 10:30:45,46500.0,200,Sell,230516960
2024-08-09 10:30:45,46500.0,300,Sell,230516961
2024-08-09 10:30:45,46500.0,100,Sell,230516962
2024-08-09 10:30:45,46500.0,100,Sell,230516963
2024-08-09 10:30:45,46500.0,100,Sell,230516964
2024-08-09 10:31:04,46500.0,4700,Sell,230517195
2024-08-09 10:31:04,46500.0,300,Sell,230517194
2024-08-09 10:31:13,46500.0,300,Sell,230517297
2024-08-09 10:33:28,46500.0,1000,Buy,230518993
2024-08-09 10:33:28,46500.0,200,Buy,230518992
2024-08-09 10:33:28,46500.0,100,Buy,230518994
2024-08-09 10:33:31,46600.0,500,Buy,230519028
2024-08-09 10:33:31,46600.0,500,Buy,230519026
2024-08-09 10:33:31,46600.0,800,Buy,230519027
2024-08-09 10:36:49,46600.0,200,Sell,230521548
2024-08-09 10:37:05,46650.0,500,Buy,230521761
2024-08-09 10:37:05,46650.0,200,Buy,230521762
2024-08-09 10:38:58,46650.0,800,Buy,230523235
2024-08-09 10:38:58,46650.0,200,Buy,230523236
2024-08-09 10:39:21,46650.0,400,Buy,230523516
2024-08-09 10:40:03,46600.0,100,Sell,230524246
2024-08-09 10:40:04,46700.0,800,Buy,230524260
2024-08-09 10:40:04,46700.0,500,Buy,230524259
2024-08-09 10:40:04,46700.0,1200,Buy,230524258
2024-08-09 10:40:04,46700.0,2000,Buy,230524257
2024-08-09 10:40:04,46700.0,10000,Buy,230524256
2024-08-09 10:40:04,46650.0,100,Buy,230524254
2024-08-09 10:40:04,46650.0,200,Buy,230524253
2024-08-09 10:40:04,46650.0,300,Buy,230524252
2024-08-09 10:40:04,46650.0,900,Buy,230524251
2024-08-09 10:40:04,46650.0,1400,Buy,230524250
2024-08-09 10:40:04,46700.0,100,Buy,230524255
2024-08-09 10:42:27,46700.0,200,Sell,230526744
2024-08-09 10:42:54,46700.0,2000,Sell,230527134
2024-08-09 10:42:56,46700.0,1000,Sell,230527171
2024-08-09 10:42:56,46700.0,200,Sell,230527172
2024-08-09 10:42:56,46700.0,400,Sell,230527170
2024-08-09 10:42:56,46600.0,6600,Sell,230527173
2024-08-09 10:42:56,46700.0,100,Sell,230527168
2024-08-09 10:42:56,46700.0,200,Sell,230527167
2024-08-09 10:42:56,46700.0,400,Sell,230527166
2024-08-09 10:42:56,46700.0,800,Sell,230527169
2024-08-09 10:42:56,46700.0,300,Sell,230527165
2024-08-09 10:43:39,46600.0,2900,Sell,230527835
2024-08-09 10:44:15,46600.0,1000,Sell,230528358
2024-08-09 10:45:10,46700.0,200,Buy,230529122
2024-08-09 10:48:12,46650.0,700,Sell,230532014
2024-08-09 10:48:28,46600.0,400,Sell,230532409
2024-08-09 10:48:58,46650.0,300,Buy,230533046
2024-08-09 10:49:18,46600.0,400,Sell,230533461
2024-08-09 10:49:29,46600.0,400,Sell,230533740
2024-08-09 10:49:53,46600.0,400,Sell,230534315
2024-08-09 10:50:22,46650.0,100,Sell,230534930
2024-08-09 10:50:31,46650.0,400,Sell,230535074
2024-08-09 10:50:31,46650.0,200,Sell,230535075
2024-08-09 10:50:31,46650.0,1000,Sell,230535076
2024-08-09 10:51:27,46600.0,400,Sell,230536002
2024-08-09 10:51:42,46650.0,500,Buy,230536317
2024-08-09 10:51:58,46600.0,500,Sell,230536549
2024-08-09 10:52:10,46600.0,400,Sell,230536745
2024-08-09 10:52:52,46600.0,400,Sell,230537628
2024-08-09 10:57:08,46600.0,400,Sell,230541618
2024-08-09 10:59:29,46600.0,1000,Sell,230543559
2024-08-09 11:00:18,46600.0,500,Sell,230544239
2024-08-09 11:02:44,46650.0,100,Buy,230546253
2024-08-09 11:03:17,46600.0,400,Sell,230546657
2024-08-09 11:04:15,46600.0,5000,Sell,230547470
2024-08-09 11:04:34,46600.0,200,Sell,230547816
2024-08-09 11:06:15,46600.0,500,Sell,230549277
2024-08-09 11:06:25,46600.0,500,Sell,230549423
2024-08-09 11:06:33,46600.0,100,Sell,230549551
2024-08-09 11:07:55,46600.0,500,Sell,230550600
2024-08-09 11:09:27,46650.0,200,Buy,230551844
2024-08-09 11:11:52,46650.0,100,Buy,230554027
2024-08-09 11:12:06,46600.0,500,Sell,230554238
2024-08-09 11:12:14,46600.0,400,Sell,230554347
2024-08-09 11:13:16,46650.0,100,Buy,230555182
2024-08-09 11:13:16,46650.0,600,Buy,230555181
2024-08-09 11:13:16,46650.0,400,Buy,230555180
2024-08-09 11:13:16,46650.0,400,Buy,230555179
2024-08-09 11:13:16,46650.0,500,Buy,230555178
2024-08-09 11:13:16,46650.0,500,Buy,230555171
2024-08-09 11:13:16,46650.0,200,Buy,230555176
2024-08-09 11:13:16,46650.0,100,Buy,230555172
2024-08-09 11:13:16,46650.0,700,Buy,230555173
2024-08-09 11:13:16,46650.0,200,Buy,230555177
2024-08-09 11:13:16,46650.0,500,Buy,230555175
2024-08-09 11:13:16,46650.0,500,Buy,230555174
2024-08-09 11:13:40,46650.0,1000,Sell,230555430
2024-08-09 11:15:50,46600.0,100,Sell,230557148
2024-08-09 11:17:23,46600.0,1000,Sell,230558294
2024-08-09 11:17:30,46650.0,400,Buy,230558383
2024-08-09 11:17:30,46650.0,400,Buy,230558401
2024-08-09 11:17:34,46600.0,300,Sell,230558453
2024-08-09 11:17:57,46600.0,200,Sell,230558777
2024-08-09 11:19:15,46600.0,500,Sell,230559620
2024-08-09 11:20:10,46650.0,200,Buy,230560278
2024-08-09 11:20:10,46650.0,400,Buy,230560279
2024-08-09 11:20:43,46650.0,200,Buy,230560664
2024-08-09 11:21:07,46650.0,100,Buy,230560937
2024-08-09 11:21:17,46600.0,500,Sell,230561040
2024-08-09 11:22:18,46600.0,1000,Sell,230561728
2024-08-09 11:23:05,46600.0,5000,Sell,230562217
2024-08-09 11:24:30,46600.0,1500,Sell,230563157
2024-08-09 11:25:09,46600.0,1200,Sell,230563544
2024-08-09 11:26:32,46600.0,3000,Sell,230564666
2024-08-09 11:26:35,46600.0,1300,Sell,230564704
2024-08-09 11:26:36,46650.0,200,Buy,230564732
2024-08-09 11:26:50,46650.0,200,Buy,230564876
2024-08-09 11:27:51,46650.0,100,Buy,230565600
2024-08-09 11:28:15,46650.0,500,Buy,230565798
2024-08-09 11:28:21,46650.0,4000,Buy,230565871
2024-08-09 11:28:22,46650.0,2000,Sell,230565878
2024-08-09 11:29:07,46650.0,100,Sell,230566332
2024-08-09 12:59:37,46650.0,2000,Sell,230566688
2024-08-09 12:59:38,46650.0,400,Sell,230567324
2024-08-09 12:59:38,46650.0,1000,Sell,230567325
2024-08-09 12:59:41,46700.0,100,Buy,230568413
2024-08-09 12:59:49,46650.0,500,Sell,230569513
2024-08-09 12:59:49,46650.0,200,Sell,230569514
2024-08-09 12:59:49,46650.0,100,Sell,230569515
2024-08-09 12:59:49,46650.0,100,Sell,230569516
2024-08-09 12:59:49,46600.0,100,Sell,230569517
2024-08-09 12:59:52,46650.0,100,Buy,230569866
2024-08-09 12:59:58,46650.0,300,Buy,230570412
2024-08-09 12:59:58,46650.0,100,Buy,230570410
2024-08-09 12:59:58,46650.0,3000,Buy,230570411
2024-08-09 13:00:01,46650.0,100,Sell,230570506
2024-08-09 13:00:40,46650.0,1000,Buy,230571274
2024-08-09 13:00:55,46650.0,100,Buy,230571529
2024-08-09 13:00:55,46650.0,100,Buy,230571530
2024-08-09 13:01:51,46600.0,300,Sell,230572798
2024-08-09 13:02:52,46600.0,300,Sell,230574247
2024-08-09 13:03:02,46600.0,100,Sell,230574514
2024-08-09 13:03:51,46650.0,400,Buy,230575941
2024-08-09 13:03:58,46650.0,100,Buy,230576054
2024-08-09 13:04:10,46650.0,400,Buy,230576402
2024-08-09 13:05:00,46650.0,200,Buy,230577514
2024-08-09 13:06:01,46650.0,100,Buy,230578873
2024-08-09 13:07:02,46650.0,200,Buy,230580080
2024-08-09 13:07:11,46650.0,300,Buy,230580229
2024-08-09 13:07:11,46650.0,1000,Buy,230580228
2024-08-09 13:07:11,46650.0,500,Buy,230580227
2024-08-09 13:07:11,46650.0,100,Buy,230580226
2024-08-09 13:07:48,46650.0,1500,Sell,230581080
2024-08-09 13:08:32,46700.0,400,Buy,230582087
2024-08-09 13:08:59,46700.0,400,Buy,230582860
2024-08-09 13:09:04,46700.0,200,Buy,230583019
2024-08-09 13:09:09,46650.0,100,Sell,230583157
2024-08-09 13:09:12,46700.0,100,Buy,230583234
2024-08-09 13:09:12,46700.0,300,Buy,230583235
2024-08-09 13:09:58,46700.0,100,Buy,230584697
2024-08-09 13:10:39,46650.0,100,Buy,230585641
2024-08-09 13:10:47,46650.0,3400,Buy,230585872
2024-08-09 13:11:20,46650.0,100,Buy,230586623
2024-08-09 13:11:35,46650.0,1000,Buy,230586866
2024-08-09 13:12:01,46650.0,100,Buy,230587514
2024-08-09 13:12:41,46650.0,100,Buy,230588243
2024-08-09 13:13:22,46650.0,100,Buy,230589157
2024-08-09 13:13:48,46600.0,10000,Sell,230589717
2024-08-09 13:14:03,46650.0,100,Buy,230590152
2024-08-09 13:14:10,46600.0,1000,Sell,230590403
2024-08-09 13:14:10,46600.0,200,Sell,230590402
2024-08-09 13:14:10,46600.0,500,Sell,230590401
2024-08-09 13:14:10,46600.0,100,Sell,230590400
2024-08-09 13:14:10,46600.0,200,Sell,230590399
2024-08-09 13:14:10,46600.0,100,Sell,230590389
2024-08-09 13:14:10,46600.0,200,Sell,230590388
2024-08-09 13:14:10,46600.0,400,Sell,230590387
2024-08-09 13:14:10,46600.0,200,Sell,230590386
2024-08-09 13:14:10,46600.0,500,Sell,230590385
2024-08-09 13:14:10,46600.0,100,Sell,230590384
2024-08-09 13:14:10,46600.0,400,Sell,230590381
2024-08-09 13:14:10,46600.0,500,Sell,230590383
2024-08-09 13:14:10,46600.0,1000,Sell,230590379
2024-08-09 13:14:10,46600.0,100,Sell,230590380
2024-08-09 13:14:10,46600.0,700,Sell,230590367
2024-08-09 13:14:10,46600.0,1200,Sell,230590368
2024-08-09 13:14:10,46600.0,200,Sell,230590369
2024-08-09 13:14:10,46600.0,100,Sell,230590370
2024-08-09 13:14:10,46600.0,100,Sell,230590371
2024-08-09 13:14:10,46600.0,100,Sell,230590372
2024-08-09 13:14:10,46600.0,100,Sell,230590382
2024-08-09 13:14:10,46600.0,1000,Sell,230590374
2024-08-09 13:14:10,46600.0,400,Sell,230590375
2024-08-09 13:14:10,46600.0,300,Sell,230590376
2024-08-09 13:14:10,46600.0,100,Sell,230590377
2024-08-09 13:14:10,46600.0,300,Sell,230590378
2024-08-09 13:14:10,46600.0,3400,Sell,230590373
2024-08-09 13:14:24,46600.0,3400,Buy,230590691
2024-08-09 13:14:44,46600.0,100,Buy,230591160
2024-08-09 13:15:23,46550.0,300,Sell,230592183
2024-08-09 13:15:23,46550.0,100,Sell,230592181
2024-08-09 13:15:23,46550.0,200,Sell,230592180
2024-08-09 13:15:23,46550.0,500,Sell,230592182
2024-08-09 13:15:23,46550.0,100,Sell,230592178
2024-08-09 13:15:23,46550.0,500,Sell,230592176
2024-08-09 13:15:23,46550.0,100,Sell,230592179
2024-08-09 13:15:23,46550.0,500,Sell,230592177
2024-08-09 13:15:25,46550.0,100,Buy,230592247
2024-08-09 13:15:38,46550.0,100,Buy,230592605
2024-08-09 13:16:06,46550.0,100,Buy,230593364
2024-08-09 13:16:09,46500.0,2000,Sell,230593484
2024-08-09 13:16:12,46500.0,1000,Sell,230593597
2024-08-09 13:16:47,46550.0,100,Buy,230594464
2024-08-09 13:17:05,46550.0,2300,Buy,230594872
2024-08-09 13:17:05,46550.0,2200,Buy,230594873
2024-08-09 13:17:05,46550.0,200,Buy,230594874
2024-08-09 13:17:28,46600.0,100,Buy,230595699
2024-08-09 13:18:01,46600.0,3400,Buy,230596612
2024-08-09 13:18:08,46600.0,100,Buy,230596754
2024-08-09 13:18:49,46600.0,100,Buy,230598227
2024-08-09 13:19:30,46600.0,100,Buy,230599557
2024-08-09 13:19:55,46600.0,400,Buy,230600417
2024-08-09 13:20:11,46600.0,100,Buy,230601246
2024-08-09 13:20:52,46600.0,100,Buy,230602625
2024-08-09 13:21:33,46600.0,100,Buy,230604167
2024-08-09 13:21:37,46600.0,3400,Buy,230604403
2024-08-09 13:22:14,46600.0,100,Buy,230605704
2024-08-09 13:22:16,46550.0,200,Sell,230605781
2024-08-09 13:22:40,46550.0,100,Sell,230607073
2024-08-09 13:22:40,46550.0,100,Sell,230607072
2024-08-09 13:22:40,46550.0,200,Sell,230607071
2024-08-09 13:22:40,46550.0,100,Sell,230607068
2024-08-09 13:22:40,46550.0,600,Sell,230607067
2024-08-09 13:22:40,46550.0,300,Sell,230607070
2024-08-09 13:22:40,46550.0,200,Sell,230607065
2024-08-09 13:22:40,46550.0,200,Sell,230607066
2024-08-09 13:22:40,46550.0,100,Sell,230607057
2024-08-09 13:22:40,46550.0,500,Sell,230607062
2024-08-09 13:22:40,46550.0,600,Sell,230607069
2024-08-09 13:22:40,46550.0,300,Sell,230607064
2024-08-09 13:22:40,46550.0,100,Sell,230607063
2024-08-09 13:22:51,46550.0,1600,Buy,230607585
2024-08-09 13:22:51,46550.0,500,Buy,230607586
2024-08-09 13:22:55,46600.0,100,Buy,230607670
2024-08-09 13:23:27,46550.0,2900,Sell,230608754
2024-08-09 13:23:35,46550.0,100,Buy,230608993
2024-08-09 13:23:35,46550.0,100,Buy,230609006
2024-08-09 13:24:16,46550.0,100,Buy,230610284
2024-08-09 13:24:32,46550.0,500,Buy,230610750
2024-08-09 13:24:39,46550.0,1200,Buy,230610965
2024-08-09 13:24:39,46550.0,400,Buy,230610966
2024-08-09 13:24:39,46550.0,600,Buy,230610967
2024-08-09 13:24:57,46600.0,100,Buy,230611605
2024-08-09 13:25:14,46600.0,1200,Buy,230612349
2024-08-09 13:25:14,46600.0,2200,Buy,230612350
2024-08-09 13:25:37,46600.0,1800,Buy,230613256
2024-08-09 13:25:37,46600.0,2000,Buy,230613257
2024-08-09 13:25:38,46650.0,100,Buy,230613276
2024-08-09 13:25:45,46650.0,500,Buy,230613442
2024-08-09 13:26:19,46700.0,100,Buy,230614544
2024-08-09 13:27:00,46700.0,100,Buy,230615820
2024-08-09 13:27:18,46700.0,100,Buy,230616299
2024-08-09 13:27:18,46700.0,500,Buy,230616300
2024-08-09 13:27:18,46700.0,2300,Buy,230616301
2024-08-09 13:27:19,46700.0,100,Buy,230616343
2024-08-09 13:27:41,46700.0,100,Buy,230616941
2024-08-09 13:28:21,46700.0,100,Buy,230618059
2024-08-09 13:28:50,46700.0,3400,Buy,230619081
2024-08-09 13:29:02,46700.0,100,Buy,230619447
2024-08-09 13:29:25,46700.0,100,Buy,230620282
2024-08-09 13:29:43,46700.0,100,Buy,230620855
2024-08-09 13:30:12,46700.0,5000,Buy,230621868
2024-08-09 13:30:12,46700.0,2400,Buy,230621869
2024-08-09 13:30:12,46700.0,500,Buy,230621870
2024-08-09 13:30:12,46700.0,400,Buy,230621871
2024-08-09 13:30:12,46700.0,500,Buy,230621872
2024-08-09 13:30:12,46700.0,200,Buy,230621873
2024-08-09 13:30:12,46700.0,100,Buy,230621874
2024-08-09 13:30:12,46700.0,1000,Buy,230621875
2024-08-09 13:30:12,46700.0,200,Buy,230621877
2024-08-09 13:30:12,46700.0,100,Buy,230621878
2024-08-09 13:30:12,46700.0,100,Buy,230621879
2024-08-09 13:30:12,46700.0,800,Buy,230621880
2024-08-09 13:30:12,46700.0,3700,Buy,230621867
2024-08-09 13:30:24,46700.0,100,Buy,230622320
2024-08-09 13:30:32,46700.0,1000,Buy,230622578
2024-08-09 13:30:36,46650.0,500,Sell,230622696
2024-08-09 13:30:36,46650.0,700,Sell,230622697
2024-08-09 13:30:40,46650.0,1200,Sell,230622844
2024-08-09 13:30:40,46650.0,100,Sell,230622843
2024-08-09 13:30:40,46650.0,300,Sell,230622839
2024-08-09 13:30:40,46650.0,1000,Sell,230622841
2024-08-09 13:30:40,46650.0,200,Sell,230622842
2024-08-09 13:30:40,46650.0,200,Sell,230622840
2024-08-09 13:30:47,46650.0,500,Sell,230623071
2024-08-09 13:30:47,46650.0,300,Sell,230623070
2024-08-09 13:30:47,46650.0,500,Sell,230623069
2024-08-09 13:30:47,46650.0,200,Sell,230623065
2024-08-09 13:30:47,46650.0,100,Sell,230623067
2024-08-09 13:30:47,46650.0,100,Sell,230623066
2024-08-09 13:30:47,46650.0,300,Sell,230623068
2024-08-09 13:31:02,46650.0,900,Sell,230623602
2024-08-09 13:31:02,46650.0,600,Sell,230623603
2024-08-09 13:31:02,46650.0,1400,Sell,230623604
2024-08-09 13:31:05,46650.0,100,Buy,230623668
2024-08-09 13:31:24,46650.0,100,Buy,230624597
2024-08-09 13:31:32,46650.0,300,Buy,230624966
2024-08-09 13:31:32,46650.0,700,Buy,230624967
2024-08-09 13:31:46,46650.0,100,Buy,230625435
2024-08-09 13:32:28,46650.0,2200,Buy,230627692
2024-08-09 13:32:28,46650.0,1200,Buy,230627693
2024-08-09 13:32:28,46650.0,100,Buy,230627695
2024-08-09 13:32:44,46650.0,100,Buy,230628418
2024-08-09 13:33:08,46650.0,100,Buy,230629497
2024-08-09 13:33:08,46650.0,100,Buy,230629494
2024-08-09 13:33:13,46650.0,200,Buy,230629792
2024-08-09 13:33:26,46600.0,1200,Sell,230630494
2024-08-09 13:33:26,46600.0,800,Sell,230630495
2024-08-09 13:33:26,46600.0,1000,Sell,230630496
2024-08-09 13:33:26,46600.0,1400,Sell,230630497
2024-08-09 13:33:26,46600.0,400,Sell,230630498
2024-08-09 13:33:26,46600.0,1000,Sell,230630499
2024-08-09 13:33:26,46600.0,200,Sell,230630500
2024-08-09 13:33:48,46650.0,100,Buy,230631651
2024-08-09 13:34:29,46650.0,100,Buy,230633462
2024-08-09 13:34:36,46600.0,100,Sell,230633717
2024-08-09 13:34:36,46600.0,800,Sell,230633715
2024-08-09 13:34:36,46600.0,100,Sell,230633716
2024-08-09 13:34:40,46600.0,100,Buy,230633888
2024-08-09 13:34:49,46600.0,500,Buy,230634490
2024-08-09 13:34:52,46550.0,100,Sell,230634645
2024-08-09 13:34:52,46550.0,200,Sell,230634644
2024-08-09 13:34:52,46550.0,1400,Sell,230634643
2024-08-09 13:34:52,46550.0,2500,Sell,230634641
2024-08-09 13:34:52,46550.0,1000,Sell,230634640
2024-08-09 13:34:52,46550.0,200,Sell,230634639
2024-08-09 13:34:52,46550.0,6700,Sell,230634638
2024-08-09 13:34:52,46550.0,300,Sell,230634642
2024-08-09 13:34:52,46550.0,100,Sell,230634636
2024-08-09 13:34:52,46550.0,1300,Sell,230634635
2024-08-09 13:34:52,46550.0,300,Sell,230634634
2024-08-09 13:34:52,46550.0,700,Sell,230634633
2024-08-09 13:34:52,46550.0,3000,Sell,230634632
2024-08-09 13:34:52,46550.0,700,Sell,230634631
2024-08-09 13:34:52,46550.0,2800,Sell,230634630
2024-08-09 13:34:52,46550.0,7000,Sell,230634637
2024-08-09 13:34:53,46550.0,600,Buy,230634659
2024-08-09 13:35:10,46550.0,100,Buy,230635539
2024-08-09 13:35:15,46500.0,1000,Sell,230635776
2024-08-09 13:35:15,46500.0,200,Sell,230635775
2024-08-09 13:35:15,46500.0,200,Sell,230635774
2024-08-09 13:35:15,46500.0,700,Sell,230635769
2024-08-09 13:35:15,46500.0,1400,Sell,230635772
2024-08-09 13:35:15,46500.0,1400,Sell,230635771
2024-08-09 13:35:15,46500.0,200,Sell,230635770
2024-08-09 13:35:15,46500.0,600,Sell,230635773
2024-08-09 13:35:15,46500.0,2300,Sell,230635777
2024-08-09 13:35:43,46550.0,3000,Buy,230636977
2024-08-09 13:35:50,46500.0,4600,Sell,230637311
2024-08-09 13:35:52,46550.0,2700,Buy,230637365
2024-08-09 13:35:52,46550.0,400,Buy,230637366
2024-08-09 13:35:59,46600.0,100,Buy,230637575
2024-08-09 13:36:09,46600.0,1300,Buy,230638578
2024-08-09 13:36:17,46600.0,2000,Sell,230638939
2024-08-09 13:36:32,46650.0,100,Buy,230639643
2024-08-09 13:36:42,46600.0,100,Sell,230640194
2024-08-09 13:36:42,46600.0,1000,Sell,230640195
2024-08-09 13:37:06,46600.0,300,Buy,230641377
2024-08-09 13:37:06,46600.0,200,Buy,230641378
2024-08-09 13:37:12,46550.0,500,Sell,230641591
2024-08-09 13:37:13,46600.0,100,Buy,230641616
2024-08-09 13:37:49,46600.0,700,Buy,230643165
2024-08-09 13:37:49,46600.0,800,Buy,230643166
2024-08-09 13:37:54,46650.0,100,Buy,230643396
2024-08-09 13:38:37,46600.0,100,Buy,230645212
2024-08-09 13:38:49,46600.0,100,Buy,230645645
2024-08-09 13:38:50,46650.0,900,Buy,230645710
2024-08-09 13:38:50,46650.0,400,Buy,230645709
2024-08-09 13:38:50,46650.0,500,Buy,230645708
2024-08-09 13:38:50,46600.0,600,Buy,230645705
2024-08-09 13:38:50,46650.0,3300,Buy,230645706
2024-08-09 13:38:50,46650.0,800,Buy,230645707
2024-08-09 13:38:50,46600.0,500,Buy,230645704
2024-08-09 13:39:15,46650.0,100,Buy,230646676
2024-08-09 13:39:28,46600.0,300,Sell,230647214
2024-08-09 13:39:28,46600.0,100,Sell,230647215
2024-08-09 13:39:40,46600.0,100,Sell,230647647
2024-08-09 13:39:41,46600.0,200,Sell,230647726
2024-08-09 13:39:41,46600.0,200,Sell,230647729
2024-08-09 13:39:55,46600.0,300,Sell,230648330
2024-08-09 13:39:55,46600.0,5000,Sell,230648332
2024-08-09 13:39:55,46600.0,600,Sell,230648331
2024-08-09 13:39:55,46600.0,500,Sell,230648329
2024-08-09 13:39:55,46600.0,300,Sell,230648327
2024-08-09 13:39:55,46600.0,100,Sell,230648328
2024-08-09 13:39:55,46600.0,3200,Sell,230648326
2024-08-09 13:39:56,46600.0,100,Buy,230648348
2024-08-09 13:39:56,46600.0,200,Buy,230648363
2024-08-09 13:40:09,46600.0,200,Buy,230648805
2024-08-09 13:40:30,46550.0,1000,Sell,230649539
2024-08-09 13:40:32,46550.0,100,Sell,230649612
2024-08-09 13:40:37,46600.0,100,Buy,230649778
2024-08-09 13:40:57,46550.0,300,Sell,230650604
2024-08-09 13:40:57,46550.0,100,Sell,230650605
2024-08-09 13:40:57,46550.0,300,Sell,230650606
2024-08-09 13:41:18,46600.0,100,Buy,230651310
2024-08-09 13:41:23,46600.0,500,Buy,230651487
2024-08-09 13:41:29,46600.0,5000,Buy,230651682
2024-08-09 13:41:45,46600.0,9000,Buy,230652213
2024-08-09 13:41:59,46600.0,100,Buy,230652689
2024-08-09 13:41:59,46600.0,100,Buy,230652677
2024-08-09 13:42:00,46600.0,2500,Buy,230652713
2024-08-09 13:42:08,46600.0,200,Buy,230652961
2024-08-09 13:42:40,46600.0,100,Buy,230654362
2024-08-09 13:43:09,46600.0,1800,Buy,230655349
2024-08-09 13:43:09,46600.0,300,Buy,230655350
2024-08-09 13:43:09,46600.0,500,Buy,230655351
2024-08-09 13:43:21,46650.0,100,Buy,230655779
2024-08-09 13:43:28,46600.0,1000,Sell,230656021
2024-08-09 13:43:58,46600.0,1400,Sell,230657084
2024-08-09 13:43:58,46600.0,3400,Sell,230657085
2024-08-09 13:43:58,46600.0,1200,Sell,230657086
2024-08-09 13:44:01,46650.0,100,Buy,230657172
2024-08-09 13:44:28,46600.0,3000,Sell,230658114
2024-08-09 13:44:28,46600.0,800,Sell,230658113
2024-08-09 13:44:42,46600.0,100,Buy,230658623
2024-08-09 13:44:42,46600.0,2000,Buy,230658624
2024-08-09 13:44:42,46600.0,100,Buy,230658654
2024-08-09 13:44:45,46550.0,800,Sell,230658780
2024-08-09 13:44:45,46550.0,1500,Sell,230658779
2024-08-09 13:44:45,46550.0,1100,Sell,230658775
2024-08-09 13:44:45,46550.0,5000,Sell,230658777
2024-08-09 13:44:45,46550.0,1500,Sell,230658778
2024-08-09 13:44:45,46550.0,100,Sell,230658776
2024-08-09 13:44:51,46550.0,10000,Sell,230659059
2024-08-09 13:45:01,46550.0,4200,Sell,230659417
2024-08-09 13:45:01,46550.0,3000,Sell,230659418
2024-08-09 13:45:01,46550.0,100,Sell,230659419
2024-08-09 13:45:01,46550.0,2700,Sell,230659420
2024-08-09 13:45:02,46550.0,400,Sell,230659464
2024-08-09 13:45:08,46550.0,1900,Sell,230659675
2024-08-09 13:45:08,46550.0,100,Sell,230659676
2024-08-09 13:45:08,46550.0,100,Sell,230659677
2024-08-09 13:45:08,46550.0,7900,Sell,230659678
2024-08-09 13:45:19,46550.0,10000,Sell,230660012
2024-08-09 13:45:23,46600.0,100,Buy,230660142
2024-08-09 13:45:31,46550.0,700,Sell,230660416
2024-08-09 13:45:31,46550.0,300,Sell,230660414
2024-08-09 13:45:31,46550.0,1900,Sell,230660415
2024-08-09 13:45:31,46550.0,2100,Sell,230660413
2024-08-09 13:45:57,46550.0,100,Sell,230661312
2024-08-09 13:46:04,46600.0,100,Buy,230661522
2024-08-09 13:46:45,46600.0,100,Buy,230663194
2024-08-09 13:46:54,46600.0,3400,Buy,230663528
2024-08-09 13:47:26,46600.0,100,Buy,230664423
2024-08-09 13:48:04,46600.0,100,Buy,230665561
2024-08-09 13:48:07,46600.0,100,Buy,230665653
2024-08-09 13:48:25,46600.0,700,Buy,230666155
2024-08-09 13:48:48,46600.0,100,Buy,230666770
2024-08-09 13:49:01,46600.0,100,Buy,230667177
2024-08-09 13:49:28,46600.0,100,Buy,230667900
2024-08-09 13:50:09,46600.0,100,Buy,230669184
2024-08-09 13:50:30,46600.0,200,Buy,230669794
2024-08-09 13:50:30,46600.0,100,Buy,230669795
2024-08-09 13:50:30,46600.0,1000,Buy,230669798
2024-08-09 13:50:30,46600.0,400,Buy,230669799
2024-08-09 13:50:30,46600.0,800,Buy,230669800
2024-08-09 13:50:30,46600.0,900,Buy,230669793
2024-08-09 13:50:35,46600.0,700,Buy,230670011
2024-08-09 13:50:35,46600.0,500,Buy,230670012
2024-08-09 13:50:35,46600.0,300,Buy,230670017
2024-08-09 13:50:35,46600.0,2700,Buy,230670018
2024-08-09 13:50:35,46600.0,100,Buy,230670019
2024-08-09 13:50:35,46600.0,1600,Buy,230670020
2024-08-09 13:50:40,46600.0,500,Sell,230670179
2024-08-09 13:50:52,46650.0,100,Buy,230670445
2024-08-09 13:51:03,46600.0,3600,Sell,230670838
2024-08-09 13:51:03,46600.0,100,Sell,230670839
2024-08-09 13:51:31,46650.0,100,Buy,230671577
2024-08-09 13:51:44,46600.0,1000,Sell,230671904
2024-08-09 13:52:09,46600.0,500,Sell,230672535
2024-08-09 13:52:12,46650.0,100,Buy,230672615
2024-08-09 13:52:46,46650.0,800,Buy,230673514
2024-08-09 13:52:53,46650.0,100,Buy,230673794
2024-08-09 13:52:58,46650.0,900,Buy,230674018
2024-08-09 13:53:00,46650.0,500,Buy,230674065
2024-08-09 13:53:10,46650.0,600,Buy,230674388
2024-08-09 13:53:10,46650.0,100,Buy,230674389
2024-08-09 13:53:34,46650.0,100,Buy,230675170
2024-08-09 13:54:07,46650.0,3400,Buy,230676110
2024-08-09 13:54:14,46650.0,100,Buy,230676273
2024-08-09 13:54:44,46650.0,4100,Buy,230677424
2024-08-09 13:54:44,46650.0,100,Buy,230677423
2024-08-09 13:54:44,46650.0,1300,Buy,230677422
2024-08-09 13:54:44,46650.0,500,Buy,230677420
2024-08-09 13:54:44,46650.0,1400,Buy,230677419
2024-08-09 13:54:44,46650.0,200,Buy,230677421
2024-08-09 13:54:44,46650.0,1000,Buy,230677418
2024-08-09 13:54:44,46650.0,6400,Buy,230677417
2024-08-09 13:54:46,46650.0,900,Buy,230677528
2024-08-09 13:54:46,46650.0,100,Buy,230677529
2024-08-09 13:54:50,46650.0,100,Buy,230677662
2024-08-09 13:54:50,46650.0,500,Buy,230677663
2024-08-09 13:54:50,46650.0,500,Buy,230677664
2024-08-09 13:54:50,46650.0,1000,Buy,230677665
2024-08-09 13:54:50,46650.0,900,Buy,230677666
2024-08-09 13:54:53,46650.0,100,Buy,230677729
2024-08-09 13:54:55,46650.0,100,Buy,230677813
2024-08-09 13:54:56,46650.0,300,Buy,230677867
2024-08-09 13:55:23,46650.0,100,Sell,230679077
2024-08-09 13:55:40,46700.0,100,Buy,230679764
2024-08-09 13:55:46,46700.0,5000,Buy,230680018
2024-08-09 13:56:17,46700.0,100,Buy,230681068
2024-08-09 13:56:20,46700.0,100,Buy,230681277
2024-08-09 13:56:34,46700.0,700,Buy,230681929
2024-08-09 13:56:34,46700.0,300,Buy,230681930
2024-08-09 13:56:34,46700.0,100,Buy,230681931
2024-08-09 13:56:34,46700.0,100,Buy,230681932
2024-08-09 13:56:34,46700.0,5000,Buy,230681933
2024-08-09 13:56:34,46700.0,100,Buy,230681934
2024-08-09 13:56:34,46700.0,200,Buy,230681935
2024-08-09 13:56:34,46700.0,1400,Buy,230681936
2024-08-09 13:56:34,46700.0,2000,Buy,230681937
2024-08-09 13:56:34,46700.0,9200,Buy,230681928
2024-08-09 13:57:02,46750.0,100,Buy,230683368
2024-08-09 13:57:37,46750.0,100,Buy,230684596
2024-08-09 13:57:37,46750.0,900,Buy,230684595
2024-08-09 13:57:37,46750.0,800,Buy,230684594
2024-08-09 13:57:37,46750.0,1000,Buy,230684592
2024-08-09 13:57:37,46750.0,4100,Buy,230684590
2024-08-09 13:57:37,46750.0,1000,Buy,230684593
2024-08-09 13:57:37,46750.0,1000,Buy,230684591
2024-08-09 13:57:38,46750.0,100,Buy,230684722
2024-08-09 13:57:45,46750.0,400,Buy,230684898
2024-08-09 13:57:45,46750.0,1300,Buy,230684899
2024-08-09 13:58:20,46800.0,100,Buy,230686450
2024-08-09 13:58:31,46800.0,500,Buy,230686865
2024-08-09 13:58:45,46800.0,1000,Buy,230687558
2024-08-09 13:58:50,46800.0,500,Buy,230687726
2024-08-09 13:58:50,46800.0,100,Buy,230687725
2024-08-09 13:58:50,46800.0,100,Buy,230687724
2024-08-09 13:58:50,46800.0,200,Buy,230687723
2024-08-09 13:58:50,46800.0,100,Buy,230687722
2024-08-09 13:58:50,46800.0,400,Buy,230687721
2024-08-09 13:58:50,46800.0,200,Buy,230687720
2024-08-09 13:58:50,46800.0,400,Buy,230687717
2024-08-09 13:58:50,46800.0,10000,Buy,230687716
2024-08-09 13:58:50,46800.0,200,Buy,230687715
2024-08-09 13:58:50,46800.0,100,Buy,230687714
2024-08-09 13:58:50,46800.0,1000,Buy,230687713
2024-08-09 13:58:50,46800.0,3400,Buy,230687712
2024-08-09 13:58:50,46800.0,100,Buy,230687719
2024-08-09 13:58:50,46800.0,100,Buy,230687718
2024-08-09 13:59:01,46850.0,100,Buy,230688062
2024-08-09 13:59:04,46850.0,1400,Buy,230688177
2024-08-09 13:59:04,46850.0,4900,Buy,230688172
2024-08-09 13:59:04,46850.0,1000,Buy,230688173
2024-08-09 13:59:04,46850.0,1000,Buy,230688174
2024-08-09 13:59:04,46850.0,100,Buy,230688175
2024-08-09 13:59:04,46850.0,1000,Buy,230688176
2024-08-09 13:59:17,46900.0,5000,Buy,230688672
2024-08-09 13:59:28,46900.0,100,Buy,230689125
2024-08-09 13:59:28,46900.0,2800,Buy,230689128
2024-08-09 13:59:28,46900.0,1000,Buy,230689124
2024-08-09 13:59:28,46900.0,100,Buy,230689126
2024-08-09 13:59:28,46900.0,1000,Buy,230689127
2024-08-09 13:59:29,46900.0,400,Buy,230689173
2024-08-09 13:59:29,46900.0,200,Buy,230689172
2024-08-09 13:59:30,46900.0,1400,Sell,230689198
2024-08-09 13:59:41,46950.0,100,Buy,230689630
2024-08-09 13:59:42,46950.0,200,Buy,230689680
2024-08-09 13:59:48,46950.0,500,Buy,230689877
2024-08-09 13:59:57,46950.0,100,Buy,230690343
2024-08-09 14:00:21,46950.0,3100,Buy,230691359
2024-08-09 14:00:21,46950.0,200,Buy,230691358
2024-08-09 14:00:21,46950.0,700,Buy,230691356
2024-08-09 14:00:21,46950.0,1000,Buy,230691357
2024-08-09 14:00:22,46950.0,100,Buy,230691366
2024-08-09 14:00:45,46950.0,500,Buy,230692273
2024-08-09 14:01:03,46950.0,100,Buy,230692918
2024-08-09 14:01:20,46950.0,800,Buy,230693659
2024-08-09 14:01:20,46950.0,900,Buy,230693658
2024-08-09 14:01:20,46950.0,100,Buy,230693657
2024-08-09 14:01:20,46950.0,100,Buy,230693654
2024-08-09 14:01:20,46950.0,100,Buy,230693655
2024-08-09 14:01:20,46950.0,1200,Buy,230693652
2024-08-09 14:01:20,46950.0,100,Buy,230693656
2024-08-09 14:01:20,46950.0,100,Buy,230693653
2024-08-09 14:01:23,46950.0,200,Buy,230693784
2024-08-09 14:01:32,46950.0,100,Sell,230694085
2024-08-09 14:01:41,46950.0,300,Sell,230694454
2024-08-09 14:01:44,47000.0,100,Buy,230694565
2024-08-09 14:02:08,46950.0,500,Sell,230695994
2024-08-09 14:02:25,47000.0,100,Buy,230696677
2024-08-09 14:02:26,46950.0,500,Sell,230696702
2024-08-09 14:02:28,46950.0,100,Sell,230696817
2024-08-09 14:02:34,46950.0,500,Sell,230697060
2024-08-09 14:02:38,46950.0,400,Sell,230697214
2024-08-09 14:02:39,46950.0,100,Sell,230697226
2024-08-09 14:02:39,46950.0,500,Sell,230697227
2024-08-09 14:02:39,46950.0,400,Sell,230697225
2024-08-09 14:02:58,46950.0,100,Sell,230698219
2024-08-09 14:03:06,47000.0,100,Buy,230698627
2024-08-09 14:03:36,47000.0,100,Buy,230700076
2024-08-09 14:03:36,47000.0,200,Buy,230700077
2024-08-09 14:03:36,47000.0,500,Buy,230700078
2024-08-09 14:03:36,47000.0,400,Buy,230700079
2024-08-09 14:03:38,46950.0,1000,Sell,230700162
2024-08-09 14:03:41,46950.0,1000,Sell,230700437
2024-08-09 14:03:46,46950.0,500,Sell,230700592
2024-08-09 14:03:47,47000.0,100,Buy,230700646
2024-08-09 14:04:01,46950.0,200,Sell,230701261
2024-08-09 14:04:05,46950.0,500,Sell,230701406
2024-08-09 14:04:09,46950.0,500,Sell,230701586
2024-08-09 14:04:09,46950.0,300,Sell,230701585
2024-08-09 14:04:26,46900.0,700,Sell,230702277
2024-08-09 14:04:27,46950.0,100,Buy,230702289
2024-08-09 14:04:39,46900.0,300,Sell,230702842
2024-08-09 14:04:39,46900.0,700,Sell,230702843
2024-08-09 14:04:48,46900.0,1700,Sell,230703184
2024-08-09 14:05:08,46950.0,100,Buy,230704129
2024-08-09 14:05:12,46900.0,100,Sell,230704348
2024-08-09 14:05:49,46950.0,100,Buy,230705847
2024-08-09 14:05:50,46900.0,1000,Sell,230705879
2024-08-09 14:06:26,46900.0,400,Sell,230707250
2024-08-09 14:06:30,46950.0,100,Buy,230707457
2024-08-09 14:06:42,46900.0,400,Sell,230708143
2024-08-09 14:06:49,46900.0,400,Sell,230708463
2024-08-09 14:06:56,46900.0,200,Sell,230708775
2024-08-09 14:06:56,46900.0,200,Sell,230708776
2024-08-09 14:06:56,46900.0,300,Sell,230708773
2024-08-09 14:06:56,46900.0,300,Sell,230708774
2024-08-09 14:07:03,46950.0,100,Buy,230709003
2024-08-09 14:07:03,46950.0,100,Buy,230709006
2024-08-09 14:07:03,46950.0,400,Buy,230709002
2024-08-09 14:07:03,46950.0,300,Buy,230709004
2024-08-09 14:07:03,46950.0,100,Buy,230709005
2024-08-09 14:07:11,46950.0,100,Buy,230709314
2024-08-09 14:07:34,46950.0,100,Buy,230710196
2024-08-09 14:07:36,46950.0,200,Buy,230710243
2024-08-09 14:07:51,46950.0,100,Buy,230710947
2024-08-09 14:08:16,46950.0,1000,Buy,230711771
2024-08-09 14:08:33,46950.0,100,Buy,230712417
2024-08-09 14:08:34,46950.0,800,Buy,230712480
2024-08-09 14:08:34,46950.0,2000,Buy,230712481
2024-08-09 14:08:34,46950.0,500,Buy,230712482
2024-08-09 14:08:34,46950.0,100,Buy,230712483
2024-08-09 14:09:14,46950.0,100,Buy,230713916
2024-08-09 14:09:54,46950.0,100,Buy,230715182
2024-08-09 14:10:35,46950.0,100,Buy,230716793
2024-08-09 14:11:16,46950.0,100,Buy,230718130
2024-08-09 14:11:29,46900.0,1000,Sell,230718554
2024-08-09 14:11:32,46900.0,100,Sell,230718643
2024-08-09 14:11:36,46900.0,200,Sell,230718727
2024-08-09 14:11:51,46900.0,200,Sell,230719172
2024-08-09 14:11:57,46950.0,100,Buy,230719328
2024-08-09 14:12:10,46950.0,3400,Buy,230719811
2024-08-09 14:12:38,46950.0,100,Buy,230720688
2024-08-09 14:12:39,46900.0,1000,Sell,230720735
2024-08-09 14:12:46,46900.0,200,Sell,230720965
2024-08-09 14:12:46,46900.0,1000,Sell,230720966
2024-08-09 14:12:46,46900.0,800,Sell,230720967
2024-08-09 14:12:51,46900.0,100,Sell,230721121
2024-08-09 14:12:55,46900.0,200,Sell,230721281
2024-08-09 14:12:55,46900.0,100,Sell,230721280
2024-08-09 14:12:55,46900.0,1300,Sell,230721278
2024-08-09 14:12:55,46900.0,1400,Sell,230721279
2024-08-09 14:13:19,46950.0,100,Buy,230721987
2024-08-09 14:13:20,46900.0,1000,Sell,230722016
2024-08-09 14:13:22,46900.0,200,Sell,230722086
2024-08-09 14:13:22,46900.0,100,Sell,230722087
2024-08-09 14:13:23,46950.0,1800,Buy,230722155
2024-08-09 14:13:25,46900.0,300,Sell,230722207
2024-08-09 14:13:25,46900.0,100,Sell,230722208
2024-08-09 14:13:25,46900.0,1300,Sell,230722209
2024-08-09 14:13:41,46900.0,1000,Sell,230722699
2024-08-09 14:13:44,46900.0,400,Sell,230722782
2024-08-09 14:13:48,46900.0,200,Sell,230722886
2024-08-09 14:14:00,46950.0,100,Buy,230723264
2024-08-09 14:14:17,46900.0,500,Sell,230723810
2024-08-09 14:14:26,46900.0,400,Sell,230724110
2024-08-09 14:14:31,46900.0,100,Sell,230724290
2024-08-09 14:14:33,46950.0,100,Buy,230724372
2024-08-09 14:14:33,46950.0,300,Buy,230724371
2024-08-09 14:14:34,46900.0,1000,Sell,230724384
2024-08-09 14:14:41,46950.0,100,Buy,230724606
2024-08-09 14:14:43,46900.0,1000,Sell,230724726
2024-08-09 14:14:49,46950.0,100,Buy,230724961
2024-08-09 14:15:04,46900.0,600,Sell,230725333
2024-08-09 14:15:05,46900.0,100,Sell,230725349
2024-08-09 14:15:05,46900.0,200,Sell,230725350
2024-08-09 14:15:13,46900.0,700,Sell,230725580
2024-08-09 14:15:21,46950.0,100,Buy,230725822
2024-08-09 14:15:31,46900.0,200,Sell,230726079
2024-08-09 14:15:48,46900.0,500,Sell,230726510
2024-08-09 14:16:02,46950.0,100,Buy,230726862
2024-08-09 14:16:06,46900.0,1000,Sell,230727071
2024-08-09 14:16:13,46900.0,100,Sell,230727290
2024-08-09 14:16:14,46900.0,200,Sell,230727325
2024-08-09 14:16:14,46900.0,700,Sell,230727324
2024-08-09 14:16:22,46900.0,3000,Sell,230727606
2024-08-09 14:16:32,46900.0,1000,Sell,230727863
2024-08-09 14:16:43,46900.0,1000,Sell,230728175
2024-08-09 14:16:43,46950.0,100,Buy,230728154
2024-08-09 14:17:03,46950.0,1000,Buy,230728725
2024-08-09 14:17:07,46900.0,100,Sell,230728847
2024-08-09 14:17:12,46900.0,100,Sell,230729002
2024-08-09 14:17:14,46900.0,2000,Sell,230729070
2024-08-09 14:17:24,46950.0,100,Buy,230729373
2024-08-09 14:18:05,46950.0,100,Buy,230730785
2024-08-09 14:18:13,46950.0,100,Buy,230731065
2024-08-09 14:18:20,46900.0,5500,Sell,230731233
2024-08-09 14:18:20,46900.0,5200,Sell,230731234
2024-08-09 14:18:20,46900.0,9300,Sell,230731235
2024-08-09 14:18:24,46900.0,800,Sell,230731429
2024-08-09 14:18:24,46900.0,100,Sell,230731430
2024-08-09 14:18:36,46900.0,100,Sell,230731834
2024-08-09 14:18:38,46900.0,1700,Sell,230731869
2024-08-09 14:18:38,46900.0,300,Sell,230731868
2024-08-09 14:18:41,46900.0,500,Sell,230731945
2024-08-09 14:18:41,46900.0,500,Sell,230731946
2024-08-09 14:18:42,46900.0,100,Sell,230731957
2024-08-09 14:18:42,46900.0,100,Sell,230731958
2024-08-09 14:18:42,46900.0,100,Sell,230731959
2024-08-09 14:18:42,46900.0,200,Sell,230731960
2024-08-09 14:18:42,46900.0,500,Sell,230731961
2024-08-09 14:18:42,46900.0,1400,Sell,230731962
2024-08-09 14:18:42,46900.0,1400,Sell,230731963
2024-08-09 14:18:42,46900.0,100,Sell,230731964
2024-08-09 14:18:42,46900.0,500,Sell,230731965
2024-08-09 14:18:43,46900.0,300,Sell,230731980
2024-08-09 14:18:44,46900.0,200,Sell,230732016
2024-08-09 14:18:44,46900.0,200,Sell,230732014
2024-08-09 14:18:44,46900.0,3400,Sell,230732015
2024-08-09 14:18:46,46900.0,100,Buy,230732062
2024-08-09 14:19:24,46900.0,1100,Buy,230733247
2024-08-09 14:19:24,46900.0,2300,Buy,230733248
2024-08-09 14:19:27,46900.0,100,Buy,230733403
2024-08-09 14:19:43,46850.0,600,Sell,230733852
2024-08-09 14:19:43,46850.0,300,Sell,230733853
2024-08-09 14:19:55,46900.0,600,Buy,230734246
2024-08-09 14:19:55,46900.0,100,Buy,230734247
2024-08-09 14:19:55,46900.0,700,Buy,230734248
2024-08-09 14:20:06,46850.0,100,Sell,230734503
2024-08-09 14:20:08,46900.0,100,Buy,230734601
2024-08-09 14:20:11,46900.0,800,Buy,230734699
2024-08-09 14:20:14,46900.0,400,Buy,230734983
2024-08-09 14:20:14,46900.0,1000,Buy,230734984
2024-08-09 14:20:18,46850.0,4600,Sell,230735106
2024-08-09 14:20:18,46850.0,500,Sell,230735105
2024-08-09 14:20:18,46850.0,300,Sell,230735104
2024-08-09 14:20:18,46850.0,900,Sell,230735102
2024-08-09 14:20:18,46850.0,3700,Sell,230735103
2024-08-09 14:20:22,46900.0,300,Buy,230735247
2024-08-09 14:20:22,46900.0,500,Buy,230735248
2024-08-09 14:20:22,46900.0,600,Buy,230735249
2024-08-09 14:20:23,46900.0,800,Buy,230735295
2024-08-09 14:20:29,46900.0,400,Buy,230735640
2024-08-09 14:20:30,46850.0,200,Sell,230735699
2024-08-09 14:20:31,46900.0,200,Buy,230735714
2024-08-09 14:20:31,46900.0,200,Buy,230735715
2024-08-09 14:20:35,46900.0,200,Buy,230736052
2024-08-09 14:20:35,46900.0,500,Buy,230736053
2024-08-09 14:20:40,46900.0,100,Buy,230736244
2024-08-09 14:20:48,46900.0,100,Buy,230736507
2024-08-09 14:21:29,46900.0,100,Buy,230737938
2024-08-09 14:21:46,46850.0,500,Sell,230738589
2024-08-09 14:22:06,46850.0,100,Sell,230739160
2024-08-09 14:22:10,46900.0,100,Buy,230739345
2024-08-09 14:22:21,46900.0,400,Buy,230739672
2024-08-09 14:22:48,46900.0,1400,Buy,230740552
2024-08-09 14:22:51,46900.0,100,Buy,230740665
2024-08-09 14:23:00,46900.0,3400,Buy,230741032
2024-08-09 14:23:07,46900.0,1400,Buy,230741228
2024-08-09 14:23:12,46900.0,100,Buy,230741429
2024-08-09 14:23:32,46900.0,100,Buy,230742274
2024-08-09 14:23:58,46850.0,4600,Sell,230743170
2024-08-09 14:23:58,46850.0,1400,Sell,230743171
2024-08-09 14:23:58,46850.0,1400,Sell,230743172
2024-08-09 14:23:58,46850.0,400,Sell,230743173
2024-08-09 14:23:58,46850.0,1400,Sell,230743174
2024-08-09 14:23:58,46850.0,500,Sell,230743175
2024-08-09 14:23:58,46850.0,8000,Sell,230743176
2024-08-09 14:23:58,46850.0,2300,Sell,230743177
2024-08-09 14:24:10,46850.0,300,Sell,230743628
2024-08-09 14:24:13,46900.0,100,Buy,230743707
2024-08-09 14:24:31,46850.0,400,Sell,230744375
2024-08-09 14:24:31,46850.0,500,Sell,230744376
2024-08-09 14:24:31,46850.0,300,Sell,230744377
2024-08-09 14:24:31,46850.0,1000,Sell,230744378
2024-08-09 14:24:54,46850.0,100,Buy,230745160
2024-08-09 14:25:28,46850.0,3000,Buy,230746644
2024-08-09 14:25:34,46850.0,100,Buy,230746879
2024-08-09 14:25:45,46850.0,1400,Buy,230747329
2024-08-09 14:25:53,46850.0,1400,Buy,230747624
2024-08-09 14:26:03,46850.0,1400,Buy,230748027
2024-08-09 14:26:04,46850.0,400,Buy,230748065
2024-08-09 14:26:04,46850.0,1000,Buy,230748066
2024-08-09 14:26:04,46850.0,300,Buy,230748067
2024-08-09 14:26:15,46850.0,100,Buy,230748529
2024-08-09 14:26:28,46800.0,500,Sell,230749004
2024-08-09 14:26:28,46800.0,500,Sell,230749005
2024-08-09 14:26:41,46800.0,100,Sell,230749588
2024-08-09 14:26:56,46850.0,100,Buy,230750231
2024-08-09 14:27:05,46800.0,200,Sell,230750565
2024-08-09 14:27:05,46800.0,500,Sell,230750566
2024-08-09 14:27:05,46800.0,200,Sell,230750567
2024-08-09 14:27:05,46800.0,300,Sell,230750568
2024-08-09 14:27:05,46800.0,100,Sell,230750569
2024-08-09 14:27:05,46800.0,100,Sell,230750570
2024-08-09 14:27:05,46800.0,200,Sell,230750571
2024-08-09 14:27:05,46800.0,500,Sell,230750572
2024-08-09 14:27:05,46800.0,2000,Sell,230750573
2024-08-09 14:27:05,46800.0,3400,Sell,230750574
2024-08-09 14:27:10,46800.0,100,Sell,230750790
2024-08-09 14:27:15,46800.0,900,Sell,230750936
2024-08-09 14:27:25,46750.0,800,Sell,230751363
2024-08-09 14:27:29,46800.0,3000,Buy,230751513
2024-08-09 14:27:37,46800.0,100,Buy,230751828
2024-08-09 14:27:41,46750.0,200,Sell,230751994
2024-08-09 14:27:54,46750.0,100,Buy,230752521
2024-08-09 14:28:30,46750.0,600,Sell,230754373
2024-08-09 14:28:33,46800.0,600,Buy,230754515
2024-08-09 14:28:33,46800.0,700,Buy,230754516
2024-08-09 14:28:45,46750.0,800,Sell,230755244
2024-08-09 14:28:51,46750.0,100,Buy,230755532
2024-08-09 14:28:55,46700.0,100,Sell,230755786
2024-08-09 14:28:55,46700.0,200,Sell,230755787
2024-08-09 14:28:55,46700.0,200,Sell,230755788
2024-08-09 14:28:55,46700.0,1500,Sell,230755789
2024-08-09 14:29:13,46700.0,300,Sell,230756796
2024-08-09 14:29:33,46700.0,100,Sell,230757915
2024-08-09 14:44:37,46700.0,151600,ATO/ATC,230758919
