time,price,volume,match_type,id
2024-08-19 09:14:36,47800.0,14000,ATO/ATC,232510198
2024-08-19 09:14:42,47800.0,800,Buy,232510783
2024-08-19 09:15:25,47800.0,200,Buy,232512270
2024-08-19 09:15:26,47800.0,1000,Buy,232512352
2024-08-19 09:15:36,47700.0,100,Sell,232512781
2024-08-19 09:15:50,47700.0,200,Sell,232513483
2024-08-19 09:16:10,47700.0,500,Sell,232514619
2024-08-19 09:16:10,47700.0,200,Sell,232514618
2024-08-19 09:16:22,47700.0,100,Sell,232515329
2024-08-19 09:16:22,47700.0,1600,Sell,232515328
2024-08-19 09:16:22,47700.0,1300,Sell,232515330
2024-08-19 09:16:27,47700.0,800,Sell,232515602
2024-08-19 09:16:35,47700.0,2900,Sell,232516003
2024-08-19 09:16:44,47650.0,300,Sell,232516581
2024-08-19 09:16:59,47650.0,200,Sell,232517416
2024-08-19 09:16:59,47650.0,600,Sell,232517417
2024-08-19 09:17:07,47700.0,100,Buy,232517837
2024-08-19 09:17:23,47800.0,200,Buy,232518717
2024-08-19 09:17:23,47800.0,200,Buy,232518718
2024-08-19 09:17:53,47800.0,400,Buy,232520222
2024-08-19 09:18:10,47800.0,100,Buy,232521147
2024-08-19 09:18:19,47800.0,300,Buy,232521665
2024-08-19 09:18:21,47800.0,2000,Buy,232521758
2024-08-19 09:18:21,47800.0,2000,Buy,232521757
2024-08-19 09:18:21,47800.0,1000,Buy,232521756
2024-08-19 09:18:27,47750.0,500,Buy,232522120
2024-08-19 09:18:28,47750.0,500,Buy,232522227
2024-08-19 09:18:28,47800.0,500,Buy,232522228
2024-08-19 09:18:29,47800.0,700,Sell,232522247
2024-08-19 09:18:39,47800.0,200,Sell,232522838
2024-08-19 09:18:47,47700.0,100,Sell,232523233
2024-08-19 09:18:47,47700.0,500,Sell,232523234
2024-08-19 09:19:09,47850.0,100,Buy,232524361
2024-08-19 09:19:10,47850.0,100,Sell,232524397
2024-08-19 09:19:56,47850.0,4400,Buy,232526450
2024-08-19 09:19:56,47850.0,100,Buy,232526453
2024-08-19 09:19:56,47850.0,2000,Buy,232526449
2024-08-19 09:19:56,47850.0,100,Buy,232526451
2024-08-19 09:19:56,47850.0,1000,Buy,232526452
2024-08-19 09:19:57,47850.0,4400,Sell,232526508
2024-08-19 09:20:09,47800.0,500,Buy,232526962
2024-08-19 09:20:17,47800.0,200,Sell,232527318
2024-08-19 09:20:26,47800.0,600,Sell,232527743
2024-08-19 09:21:48,47800.0,500,Sell,232531119
2024-08-19 09:21:49,47800.0,3200,Sell,232531150
2024-08-19 09:22:13,47850.0,500,Buy,232531970
2024-08-19 09:22:18,47850.0,1000,Buy,232532128
2024-08-19 09:22:23,47850.0,1000,Sell,232532324
2024-08-19 09:22:30,47850.0,400,Buy,232532558
2024-08-19 09:22:44,47850.0,100,Buy,232533024
2024-08-19 09:22:55,47850.0,4500,Buy,232533440
2024-08-19 09:22:55,47900.0,300,Buy,232533441
2024-08-19 09:22:55,47900.0,2000,Buy,232533442
2024-08-19 09:22:55,47900.0,1000,Buy,232533443
2024-08-19 09:22:55,47900.0,1000,Buy,232533444
2024-08-19 09:22:59,47900.0,500,Sell,232533614
2024-08-19 09:23:12,47900.0,700,Sell,232534318
2024-08-19 09:23:29,47800.0,600,Sell,232534994
2024-08-19 09:23:53,47800.0,500,Sell,232535982
2024-08-19 09:24:50,47800.0,100,Sell,232538158
2024-08-19 09:24:50,47800.0,500,Sell,232538136
2024-08-19 09:25:01,47800.0,100,Sell,232538606
2024-08-19 09:25:12,47900.0,2700,Buy,232539133
2024-08-19 09:25:12,47900.0,1300,Buy,232539130
2024-08-19 09:25:12,47900.0,2000,Buy,232539131
2024-08-19 09:25:12,47900.0,4000,Buy,232539132
2024-08-19 09:25:19,47900.0,100,Sell,232539425
2024-08-19 09:26:14,47850.0,200,Buy,232541663
2024-08-19 09:26:15,47900.0,800,Sell,232541698
2024-08-19 09:26:22,47900.0,100,Sell,232541913
2024-08-19 09:27:05,47850.0,1000,Sell,232543829
2024-08-19 09:27:08,47900.0,200,Buy,232543958
2024-08-19 09:27:14,47850.0,100,Sell,232544213
2024-08-19 09:27:16,47850.0,100,Sell,232544283
2024-08-19 09:27:16,47850.0,400,Sell,232544282
2024-08-19 09:27:17,47850.0,1900,Sell,232544321
2024-08-19 09:27:36,47850.0,300,Sell,232545046
2024-08-19 09:27:47,47850.0,100,Sell,232545436
2024-08-19 09:27:47,47800.0,200,Sell,232545437
2024-08-19 09:27:52,47850.0,200,Buy,232545651
2024-08-19 09:28:05,47850.0,500,Sell,232546128
2024-08-19 09:28:06,47850.0,4200,Sell,232546178
2024-08-19 09:28:07,47850.0,5100,Sell,232546200
2024-08-19 09:28:50,47900.0,200,Buy,232547711
2024-08-19 09:28:55,47850.0,100,Sell,232547864
2024-08-19 09:29:14,47850.0,600,Buy,232548552
2024-08-19 09:29:37,47800.0,100,Sell,232549389
2024-08-19 09:29:37,47800.0,400,Sell,232549390
2024-08-19 09:29:50,47800.0,500,Sell,232549900
2024-08-19 09:29:51,47800.0,3500,Sell,232549933
2024-08-19 09:29:51,47800.0,100,Sell,232549934
2024-08-19 09:29:51,47800.0,400,Sell,232549935
2024-08-19 09:29:51,47800.0,1000,Sell,232549936
2024-08-19 09:29:51,47800.0,100,Sell,232549937
2024-08-19 09:29:51,47800.0,5600,Sell,232549938
2024-08-19 09:29:51,47800.0,200,Sell,232549939
2024-08-19 09:29:51,47800.0,500,Sell,232549940
2024-08-19 09:30:03,47850.0,1200,Buy,232550314
2024-08-19 09:30:03,47850.0,400,Buy,232550312
2024-08-19 09:30:03,47850.0,2000,Buy,232550313
2024-08-19 09:30:03,47850.0,1400,Buy,232550311
2024-08-19 09:30:19,47750.0,500,Sell,232550986
2024-08-19 09:30:31,47750.0,100,Sell,232551378
2024-08-19 09:31:28,47800.0,1000,Buy,232553384
2024-08-19 09:31:28,47800.0,100,Buy,232553385
2024-08-19 09:31:28,47800.0,1100,Buy,232553386
2024-08-19 09:31:56,47750.0,200,Sell,232554217
2024-08-19 09:31:56,47750.0,1000,Sell,232554218
2024-08-19 09:31:57,47750.0,700,Sell,232554240
2024-08-19 09:31:57,47750.0,100,Sell,232554239
2024-08-19 09:31:57,47750.0,800,Sell,232554238
2024-08-19 09:32:19,47750.0,100,Sell,232554931
2024-08-19 09:32:19,47750.0,300,Sell,232554869
2024-08-19 09:32:19,47750.0,700,Sell,232554930
2024-08-19 09:33:26,47700.0,1000,Sell,232557087
2024-08-19 09:33:44,47750.0,400,Buy,232557548
2024-08-19 09:33:44,47750.0,1000,Buy,232557547
2024-08-19 09:33:44,47800.0,1000,Buy,232557560
2024-08-19 09:33:44,47800.0,3000,Buy,232557559
2024-08-19 09:33:44,47800.0,2000,Buy,232557558
2024-08-19 09:33:44,47800.0,2000,Buy,232557556
2024-08-19 09:33:44,47800.0,1900,Buy,232557555
2024-08-19 09:33:44,47800.0,1500,Buy,232557557
2024-08-19 09:33:44,47750.0,100,Buy,232557553
2024-08-19 09:33:44,47750.0,2900,Buy,232557552
2024-08-19 09:33:44,47750.0,400,Buy,232557551
2024-08-19 09:33:44,47750.0,3000,Buy,232557550
2024-08-19 09:33:44,47750.0,100,Buy,232557549
2024-08-19 09:33:44,47750.0,700,Buy,232557554
2024-08-19 09:33:58,47700.0,100,Sell,232558029
2024-08-19 09:33:58,47700.0,100,Sell,232558030
2024-08-19 09:33:58,47700.0,300,Sell,232558031
2024-08-19 09:34:05,47700.0,100,Sell,232558249
2024-08-19 09:34:05,47700.0,400,Sell,232558248
2024-08-19 09:34:05,47700.0,400,Sell,232558250
2024-08-19 09:34:05,47700.0,100,Sell,232558246
2024-08-19 09:34:05,47700.0,100,Sell,232558247
2024-08-19 09:34:05,47700.0,100,Sell,232558245
2024-08-19 09:34:35,47700.0,2000,Buy,232559044
2024-08-19 09:34:47,47700.0,500,Buy,232559503
2024-08-19 09:34:57,47700.0,200,Buy,232559840
2024-08-19 09:35:15,47650.0,100,Sell,232560215
2024-08-19 09:35:15,47650.0,2000,Sell,232560214
2024-08-19 09:35:15,47650.0,2200,Sell,232560213
2024-08-19 09:35:15,47650.0,1000,Sell,232560216
2024-08-19 09:35:15,47650.0,200,Sell,232560211
2024-08-19 09:35:15,47650.0,600,Sell,232560210
2024-08-19 09:35:15,47650.0,800,Sell,232560209
2024-08-19 09:35:15,47650.0,200,Sell,232560212
2024-08-19 09:35:49,47600.0,4000,Sell,232561251
2024-08-19 09:36:47,47600.0,600,Sell,232563512
2024-08-19 09:37:31,47650.0,2900,Buy,232565282
2024-08-19 09:37:31,47650.0,5000,Buy,232565289
2024-08-19 09:37:31,47650.0,100,Buy,232565290
2024-08-19 09:37:31,47650.0,700,Buy,232565291
2024-08-19 09:37:31,47700.0,300,Buy,232565292
2024-08-19 09:37:31,47700.0,1000,Buy,232565293
2024-08-19 09:37:38,47700.0,100,Buy,232565599
2024-08-19 09:37:45,47600.0,100,Sell,232565886
2024-08-19 09:37:48,47600.0,100,Sell,232565969
2024-08-19 09:37:52,47700.0,100,Buy,232566124
2024-08-19 09:38:22,47700.0,1000,Buy,232567339
2024-08-19 09:38:25,47700.0,3000,Buy,232567443
2024-08-19 09:38:31,47650.0,100,Sell,232567662
2024-08-19 09:39:08,47650.0,1000,Buy,232569222
2024-08-19 09:40:21,47700.0,300,Buy,232572252
2024-08-19 09:40:21,47700.0,200,Buy,232572253
2024-08-19 09:40:26,47700.0,800,Buy,232572470
2024-08-19 09:40:26,47700.0,400,Buy,232572471
2024-08-19 09:40:26,47700.0,300,Buy,232572472
2024-08-19 09:40:30,47700.0,100,Buy,232572613
2024-08-19 09:40:37,47700.0,500,Buy,232572912
2024-08-19 09:40:47,47750.0,200,Buy,232573446
2024-08-19 09:40:51,47700.0,200,Sell,232573600
2024-08-19 09:41:54,47750.0,100,Buy,232576108
2024-08-19 09:41:56,47700.0,300,Sell,232576158
2024-08-19 09:41:56,47700.0,500,Sell,232576159
2024-08-19 09:42:48,47700.0,200,Sell,232577794
2024-08-19 09:43:41,47750.0,400,Buy,232580009
2024-08-19 09:43:48,47700.0,4800,Sell,232580262
2024-08-19 09:43:48,47700.0,300,Sell,232580263
2024-08-19 09:43:48,47700.0,100,Sell,232580264
2024-08-19 09:43:48,47700.0,100,Sell,232580265
2024-08-19 09:43:48,47700.0,400,Sell,232580266
2024-08-19 09:43:48,47700.0,800,Sell,232580267
2024-08-19 09:43:48,47700.0,300,Sell,232580268
2024-08-19 09:43:48,47700.0,15000,Sell,232580269
2024-08-19 09:43:50,47750.0,400,Buy,232580351
2024-08-19 09:43:50,47750.0,200,Buy,232580350
2024-08-19 09:43:50,47750.0,200,Buy,232580348
2024-08-19 09:43:50,47700.0,28200,Buy,232580347
2024-08-19 09:43:50,47750.0,200,Buy,232580349
2024-08-19 09:44:26,47800.0,200,Buy,232581532
2024-08-19 09:44:27,47800.0,800,Buy,232581548
2024-08-19 09:44:27,47800.0,4200,Buy,232581549
2024-08-19 09:44:31,47800.0,1800,Buy,232581721
2024-08-19 09:44:31,47800.0,200,Buy,232581722
2024-08-19 09:44:31,47800.0,200,Buy,232581723
2024-08-19 09:44:58,47800.0,500,Buy,232582682
2024-08-19 09:45:07,47800.0,700,Buy,232582928
2024-08-19 09:45:07,47800.0,800,Buy,232582927
2024-08-19 09:45:07,47800.0,2300,Buy,232582925
2024-08-19 09:45:07,47800.0,200,Buy,232582926
2024-08-19 09:45:08,47800.0,100,Buy,232583067
2024-08-19 09:45:08,47800.0,1900,Buy,232583068
2024-08-19 09:45:14,47800.0,1100,Buy,232583222
2024-08-19 09:45:14,47800.0,1000,Buy,232583223
2024-08-19 09:45:14,47800.0,1000,Buy,232583224
2024-08-19 09:45:14,47800.0,900,Buy,232583225
2024-08-19 09:45:26,47800.0,100,Buy,232583556
2024-08-19 09:45:26,47800.0,900,Buy,232583557
2024-08-19 09:45:28,47800.0,100,Buy,232583602
2024-08-19 09:45:42,47800.0,100,Buy,232584022
2024-08-19 09:45:42,47800.0,3400,Buy,232584024
2024-08-19 09:45:42,47800.0,2300,Buy,232584021
2024-08-19 09:45:42,47800.0,500,Buy,232584023
2024-08-19 09:45:49,47800.0,500,Sell,232584252
2024-08-19 09:45:50,47800.0,3000,Sell,232584269
2024-08-19 09:45:50,47800.0,1200,Sell,232584268
2024-08-19 09:45:52,47800.0,1000,Buy,232584312
2024-08-19 09:46:13,47800.0,200,Buy,232584893
2024-08-19 09:46:23,47800.0,3000,Buy,232585177
2024-08-19 09:46:24,47750.0,200,Sell,232585187
2024-08-19 09:46:38,47750.0,500,Sell,232585880
2024-08-19 09:46:39,47800.0,3100,Buy,232585895
2024-08-19 09:46:39,47800.0,100,Buy,232585896
2024-08-19 09:46:39,47800.0,900,Buy,232585897
2024-08-19 09:46:48,47800.0,500,Buy,232586361
2024-08-19 09:46:54,47800.0,400,Buy,232586749
2024-08-19 09:47:12,47800.0,100,Buy,232587322
2024-08-19 09:47:13,47800.0,100,Buy,232587326
2024-08-19 09:47:14,47800.0,400,Buy,232587412
2024-08-19 09:47:26,47800.0,200,Sell,232587900
2024-08-19 09:47:37,47800.0,200,Sell,232588372
2024-08-19 09:47:52,47800.0,200,Sell,232588943
2024-08-19 09:47:52,47800.0,600,Sell,232588944
2024-08-19 09:50:21,47800.0,400,Sell,232594283
2024-08-19 09:50:21,47800.0,400,Sell,232594284
2024-08-19 09:50:22,47800.0,600,Sell,232594287
2024-08-19 09:50:22,47800.0,200,Sell,232594288
2024-08-19 09:50:32,47800.0,100,Sell,232594565
2024-08-19 09:50:40,47800.0,200,Sell,232594829
2024-08-19 09:50:55,47850.0,200,Buy,232595376
2024-08-19 09:50:55,47850.0,500,Buy,232595375
2024-08-19 09:50:55,47850.0,300,Buy,232595374
2024-08-19 09:51:13,47850.0,100,Buy,232595999
2024-08-19 09:51:19,47850.0,1000,Buy,232596265
2024-08-19 09:51:22,47850.0,2000,Buy,232596352
2024-08-19 09:51:22,47850.0,100,Buy,232596353
2024-08-19 09:51:22,47850.0,100,Buy,232596354
2024-08-19 09:51:22,47850.0,300,Buy,232596355
2024-08-19 09:51:54,47900.0,100,Buy,232597616
2024-08-19 09:51:54,47900.0,4900,Buy,232597617
2024-08-19 09:52:00,47850.0,100,Sell,232597763
2024-08-19 09:52:06,47900.0,100,Buy,232597965
2024-08-19 09:52:06,47900.0,200,Buy,232597964
2024-08-19 09:52:06,47900.0,500,Buy,232597963
2024-08-19 09:52:06,47900.0,400,Buy,232597962
2024-08-19 09:52:06,47900.0,100,Buy,232597959
2024-08-19 09:52:06,47900.0,100,Buy,232597960
2024-08-19 09:52:06,47900.0,100,Buy,232597958
2024-08-19 09:52:06,47900.0,2000,Buy,232597957
2024-08-19 09:52:06,47900.0,700,Buy,232597956
2024-08-19 09:52:06,47900.0,200,Buy,232597961
2024-08-19 09:52:15,47900.0,600,Sell,232598319
2024-08-19 09:52:22,47900.0,100,Buy,232598522
2024-08-19 09:52:52,47900.0,300,Buy,232599666
2024-08-19 09:52:52,47900.0,100,Buy,232599667
2024-08-19 09:52:52,47900.0,100,Buy,232599668
2024-08-19 09:54:31,47950.0,300,Buy,232602954
2024-08-19 09:54:31,47950.0,600,Buy,232602953
2024-08-19 09:54:31,47950.0,100,Buy,232602952
2024-08-19 09:54:33,47900.0,100,Sell,232603031
2024-08-19 09:54:33,47900.0,100,Sell,232603032
2024-08-19 09:55:16,47950.0,700,Buy,232604274
2024-08-19 09:55:16,47950.0,900,Buy,232604275
2024-08-19 09:55:16,47950.0,400,Buy,232604276
2024-08-19 09:55:29,47950.0,2000,Buy,232604699
2024-08-19 09:55:36,47950.0,2000,Buy,232605036
2024-08-19 09:55:37,47950.0,400,Buy,232605062
2024-08-19 09:56:03,47950.0,300,Buy,232605789
2024-08-19 09:56:12,47950.0,900,Buy,232606099
2024-08-19 09:56:12,47950.0,100,Buy,232606100
2024-08-19 09:56:59,47950.0,1000,Buy,232607636
2024-08-19 09:57:18,47950.0,100,Buy,232608332
2024-08-19 09:57:27,47900.0,300,Sell,232608636
2024-08-19 09:57:29,47900.0,300,Sell,232608693
2024-08-19 09:57:29,47900.0,4700,Sell,232608692
2024-08-19 09:57:30,47900.0,200,Buy,232608714
2024-08-19 09:57:40,47900.0,800,Buy,232608928
2024-08-19 09:57:40,47900.0,500,Buy,232608929
2024-08-19 09:57:51,47900.0,2000,Sell,232609274
2024-08-19 09:58:01,47900.0,200,Sell,232609577
2024-08-19 09:58:06,47900.0,500,Sell,232609690
2024-08-19 09:58:14,47900.0,200,Sell,232609935
2024-08-19 09:58:30,47900.0,900,Sell,232610468
2024-08-19 09:58:39,47900.0,3000,Sell,232610730
2024-08-19 09:58:40,47900.0,100,Sell,232610742
2024-08-19 09:58:44,47900.0,300,Sell,232610847
2024-08-19 09:59:30,47900.0,3500,Sell,232612264
2024-08-19 09:59:30,47900.0,1500,Sell,232612263
2024-08-19 10:00:08,47900.0,100,Sell,232613391
2024-08-19 10:00:27,47950.0,800,Buy,232614001
2024-08-19 10:00:27,47950.0,100,Buy,232614002
2024-08-19 10:00:27,47950.0,100,Buy,232614003
2024-08-19 10:00:27,47950.0,200,Buy,232614004
2024-08-19 10:00:27,47950.0,6000,Buy,232614005
2024-08-19 10:00:27,47950.0,100,Buy,232614006
2024-08-19 10:00:27,47950.0,1100,Buy,232614007
2024-08-19 10:00:27,47950.0,600,Buy,232614008
2024-08-19 10:00:31,47900.0,200,Sell,232614148
2024-08-19 10:00:43,47950.0,500,Buy,232614547
2024-08-19 10:00:43,47950.0,400,Buy,232614546
2024-08-19 10:00:44,47950.0,2000,Sell,232614575
2024-08-19 10:01:02,48000.0,1800,Buy,232615056
2024-08-19 10:01:02,48000.0,4000,Buy,232615055
2024-08-19 10:01:02,48000.0,100,Buy,232615054
2024-08-19 10:01:02,48000.0,300,Buy,232615048
2024-08-19 10:01:02,48000.0,2000,Buy,232615053
2024-08-19 10:01:02,48000.0,3000,Buy,232615052
2024-08-19 10:01:02,48000.0,500,Buy,232615051
2024-08-19 10:01:02,48000.0,400,Buy,232615050
2024-08-19 10:01:02,48000.0,500,Buy,232615049
2024-08-19 10:01:02,48000.0,2000,Buy,232615047
2024-08-19 10:01:02,48000.0,200,Buy,232615038
2024-08-19 10:01:02,48000.0,400,Buy,232615045
2024-08-19 10:01:02,48000.0,1000,Buy,232615046
2024-08-19 10:01:02,48000.0,600,Buy,232615035
2024-08-19 10:01:02,48000.0,1200,Buy,232615036
2024-08-19 10:01:02,48000.0,1000,Buy,232615039
2024-08-19 10:01:02,48000.0,100,Buy,232615037
2024-08-19 10:01:02,48000.0,100,Buy,232615041
2024-08-19 10:01:02,48000.0,100,Buy,232615040
2024-08-19 10:01:02,48000.0,100,Buy,232615042
2024-08-19 10:01:02,48000.0,500,Buy,232615043
2024-08-19 10:01:02,48000.0,100,Buy,232615044
2024-08-19 10:01:25,48000.0,1500,Buy,232615638
2024-08-19 10:01:25,48000.0,100,Buy,232615636
2024-08-19 10:01:25,48000.0,100,Buy,232615637
2024-08-19 10:01:25,48000.0,200,Buy,232615634
2024-08-19 10:01:25,48000.0,300,Buy,232615616
2024-08-19 10:01:25,48000.0,200,Buy,232615615
2024-08-19 10:01:25,48000.0,100,Buy,232615635
2024-08-19 10:01:27,48000.0,1500,Buy,232615686
2024-08-19 10:01:27,48000.0,500,Buy,232615687
2024-08-19 10:01:36,48000.0,100,Buy,232615875
2024-08-19 10:01:39,48000.0,4400,Buy,232616029
2024-08-19 10:01:39,48000.0,100,Buy,232616030
2024-08-19 10:01:41,48100.0,100,Buy,232616079
2024-08-19 10:01:41,48100.0,100,Buy,232616078
2024-08-19 10:01:41,48050.0,100,Buy,232616074
2024-08-19 10:01:41,48100.0,1000,Buy,232616076
2024-08-19 10:01:41,48100.0,100,Buy,232616075
2024-08-19 10:01:41,48100.0,600,Buy,232616077
2024-08-19 10:01:54,48100.0,1000,Buy,232616317
2024-08-19 10:01:57,48000.0,2300,Sell,232616390
2024-08-19 10:01:57,48000.0,2700,Sell,232616391
2024-08-19 10:02:13,48200.0,1000,Buy,232616683
2024-08-19 10:02:13,48200.0,1000,Buy,232616682
2024-08-19 10:02:13,48200.0,100,Buy,232616676
2024-08-19 10:02:13,48200.0,3000,Buy,232616680
2024-08-19 10:02:13,48200.0,1000,Buy,232616679
2024-08-19 10:02:13,48200.0,700,Buy,232616678
2024-08-19 10:02:13,48200.0,1000,Buy,232616677
2024-08-19 10:02:13,48200.0,1000,Buy,232616675
2024-08-19 10:02:13,48200.0,100,Sell,232616693
2024-08-19 10:02:13,48200.0,2000,Buy,232616673
2024-08-19 10:02:13,48200.0,1000,Buy,232616674
2024-08-19 10:02:13,48150.0,1000,Buy,232616666
2024-08-19 10:02:13,48150.0,200,Buy,232616667
2024-08-19 10:02:13,48200.0,300,Buy,232616668
2024-08-19 10:02:13,48200.0,900,Buy,232616681
2024-08-19 10:02:13,48200.0,100,Buy,232616670
2024-08-19 10:02:13,48200.0,200,Buy,232616669
2024-08-19 10:02:13,48200.0,10000,Buy,232616672
2024-08-19 10:02:13,48200.0,100,Buy,232616671
2024-08-19 10:02:15,48200.0,2000,Sell,232616709
2024-08-19 10:02:27,48250.0,100,Buy,232617064
2024-08-19 10:02:27,48250.0,100,Buy,232617065
2024-08-19 10:02:27,48250.0,100,Buy,232617066
2024-08-19 10:02:27,48250.0,3000,Buy,232617067
2024-08-19 10:02:27,48250.0,100,Buy,232617068
2024-08-19 10:02:37,48300.0,300,Buy,232617410
2024-08-19 10:02:37,48300.0,500,Buy,232617409
2024-08-19 10:02:37,48300.0,100,Buy,232617408
2024-08-19 10:02:37,48300.0,100,Buy,232617407
2024-08-19 10:02:38,48250.0,1600,Sell,232617447
2024-08-19 10:02:38,48250.0,2000,Sell,232617448
2024-08-19 10:02:41,48250.0,200,Buy,232617511
2024-08-19 10:02:43,48300.0,700,Buy,232617588
2024-08-19 10:02:43,48250.0,4200,Buy,232617586
2024-08-19 10:02:43,48250.0,100,Buy,232617587
2024-08-19 10:02:47,48250.0,200,Buy,232617706
2024-08-19 10:02:47,48250.0,500,Sell,232617689
2024-08-19 10:02:48,48300.0,100,Buy,232617711
2024-08-19 10:02:50,48300.0,100,Buy,232617767
2024-08-19 10:02:50,48300.0,1000,Buy,232617766
2024-08-19 10:02:50,48300.0,900,Buy,232617765
2024-08-19 10:03:03,48300.0,400,Buy,232618001
2024-08-19 10:03:03,48300.0,100,Buy,232618010
2024-08-19 10:03:03,48300.0,500,Buy,232618008
2024-08-19 10:03:03,48300.0,100,Buy,232618007
2024-08-19 10:03:03,48300.0,100,Buy,232618009
2024-08-19 10:03:03,48300.0,300,Buy,232618005
2024-08-19 10:03:03,48300.0,500,Buy,232618004
2024-08-19 10:03:03,48300.0,2000,Buy,232618003
2024-08-19 10:03:03,48300.0,5000,Buy,232618002
2024-08-19 10:03:03,48300.0,1000,Buy,232618006
2024-08-19 10:03:06,48350.0,300,Buy,232618061
2024-08-19 10:03:06,48350.0,100,Buy,232618062
2024-08-19 10:03:06,48350.0,300,Buy,232618063
2024-08-19 10:03:06,48300.0,500,Sell,232618070
2024-08-19 10:03:06,48300.0,100,Buy,232618060
2024-08-19 10:03:20,48300.0,300,Sell,232618299
2024-08-19 10:03:21,48350.0,100,Buy,232618330
2024-08-19 10:03:22,48350.0,200,Buy,232618331
2024-08-19 10:03:34,48350.0,500,Buy,232618604
2024-08-19 10:03:41,48350.0,300,Buy,232618739
2024-08-19 10:03:42,48350.0,1000,Buy,232618753
2024-08-19 10:03:45,48300.0,800,Sell,232618799
2024-08-19 10:03:45,48300.0,200,Sell,232618798
2024-08-19 10:03:46,48350.0,2000,Buy,232618853
2024-08-19 10:03:47,48350.0,5000,Buy,232618876
2024-08-19 10:03:48,48350.0,2000,Buy,232618895
2024-08-19 10:03:51,48350.0,1000,Buy,232618941
2024-08-19 10:03:51,48350.0,100,Buy,232618944
2024-08-19 10:03:51,48350.0,8600,Buy,232618940
2024-08-19 10:03:51,48350.0,100,Buy,232618942
2024-08-19 10:03:51,48350.0,1000,Buy,232618943
2024-08-19 10:04:00,48400.0,200,Buy,232619079
2024-08-19 10:04:03,48400.0,500,Buy,232619201
2024-08-19 10:04:03,48400.0,200,Buy,232619205
2024-08-19 10:04:05,48400.0,4100,Buy,232619294
2024-08-19 10:04:05,48400.0,100,Buy,232619295
2024-08-19 10:04:05,48400.0,700,Buy,232619296
2024-08-19 10:04:05,48400.0,700,Buy,232619297
2024-08-19 10:04:05,48400.0,1400,Buy,232619298
2024-08-19 10:04:07,48400.0,400,Buy,232619392
2024-08-19 10:04:09,48400.0,2000,Buy,232619516
2024-08-19 10:04:10,48400.0,100,Buy,232619542
2024-08-19 10:04:10,48400.0,200,Buy,232619543
2024-08-19 10:04:10,48400.0,8500,Buy,232619544
2024-08-19 10:04:10,48400.0,1200,Buy,232619530
2024-08-19 10:04:11,48400.0,100,Buy,232619571
2024-08-19 10:04:13,48450.0,100,Buy,232619700
2024-08-19 10:04:13,48450.0,1000,Buy,232619703
2024-08-19 10:04:13,48450.0,200,Buy,232619701
2024-08-19 10:04:13,48450.0,200,Buy,232619699
2024-08-19 10:04:13,48450.0,200,Buy,232619702
2024-08-19 10:04:13,48450.0,100,Buy,232619697
2024-08-19 10:04:13,48450.0,100,Buy,232619696
2024-08-19 10:04:13,48400.0,100,Buy,232619646
2024-08-19 10:04:13,48400.0,1000,Buy,232619625
2024-08-19 10:04:13,48400.0,400,Buy,232619645
2024-08-19 10:04:13,48450.0,100,Buy,232619698
2024-08-19 10:04:15,48400.0,100,Sell,232619740
2024-08-19 10:04:19,48450.0,100,Buy,232619800
2024-08-19 10:04:26,48450.0,500,Buy,232619900
2024-08-19 10:04:29,48450.0,2900,Buy,232619974
2024-08-19 10:04:29,48400.0,500,Sell,232619975
2024-08-19 10:04:30,48450.0,1600,Buy,232620036
2024-08-19 10:04:30,48450.0,400,Buy,232620037
2024-08-19 10:04:31,48450.0,600,Buy,232620130
2024-08-19 10:04:41,48450.0,900,Sell,232620309
2024-08-19 10:04:42,48450.0,5000,Sell,232620362
2024-08-19 10:04:42,48450.0,1700,Sell,232620359
2024-08-19 10:04:42,48450.0,300,Sell,232620360
2024-08-19 10:04:42,48450.0,3000,Sell,232620361
2024-08-19 10:04:45,48450.0,2000,Buy,232620448
2024-08-19 10:04:45,48400.0,1500,Sell,232620462
2024-08-19 10:04:45,48400.0,5000,Sell,232620463
2024-08-19 10:04:45,48400.0,3000,Sell,232620464
2024-08-19 10:04:45,48400.0,100,Sell,232620465
2024-08-19 10:04:46,48500.0,600,Buy,232620489
2024-08-19 10:04:46,48500.0,200,Buy,232620488
2024-08-19 10:04:46,48500.0,1100,Buy,232620487
2024-08-19 10:04:46,48500.0,900,Buy,232620485
2024-08-19 10:04:46,48500.0,900,Buy,232620486
2024-08-19 10:04:46,48500.0,800,Buy,232620484
2024-08-19 10:04:46,48500.0,100,Buy,232620479
2024-08-19 10:04:46,48500.0,200,Buy,232620482
2024-08-19 10:04:46,48500.0,2000,Buy,232620483
2024-08-19 10:04:46,48450.0,18000,Buy,232620476
2024-08-19 10:04:46,48450.0,2000,Buy,232620477
2024-08-19 10:04:46,48450.0,100,Buy,232620478
2024-08-19 10:04:46,48500.0,100,Buy,232620480
2024-08-19 10:04:46,48500.0,5000,Buy,232620481
2024-08-19 10:05:02,48400.0,1000,Sell,232620890
2024-08-19 10:05:02,48450.0,200,Buy,232620883
2024-08-19 10:05:05,48450.0,1000,Buy,232620913
2024-08-19 10:05:05,48400.0,100,Sell,232620922
2024-08-19 10:05:07,48400.0,100,Sell,232621008
2024-08-19 10:05:07,48350.0,400,Sell,232621009
2024-08-19 10:05:12,48400.0,500,Sell,232621077
2024-08-19 10:05:17,48450.0,2000,Buy,232621164
2024-08-19 10:05:17,48450.0,100,Buy,232621165
2024-08-19 10:05:17,48450.0,400,Buy,232621166
2024-08-19 10:05:17,48450.0,1700,Sell,232621174
2024-08-19 10:05:17,48450.0,800,Buy,232621163
2024-08-19 10:05:22,48450.0,100,Buy,232621266
2024-08-19 10:05:23,48500.0,200,Buy,232621286
2024-08-19 10:05:29,48400.0,500,Sell,232621418
2024-08-19 10:05:35,48400.0,100,Sell,232621525
2024-08-19 10:05:35,48400.0,500,Sell,232621524
2024-08-19 10:05:35,48500.0,200,Buy,232621513
2024-08-19 10:05:45,48400.0,200,Sell,232621822
2024-08-19 10:05:52,48400.0,300,Sell,232621964
2024-08-19 10:05:56,48450.0,3000,Buy,232622042
2024-08-19 10:05:58,48450.0,1000,Buy,232622109
2024-08-19 10:05:58,48450.0,2000,Buy,232622110
2024-08-19 10:06:00,48450.0,100,Sell,232622143
2024-08-19 10:06:03,48450.0,900,Sell,232622172
2024-08-19 10:06:15,48450.0,200,Buy,232622417
2024-08-19 10:06:15,48450.0,700,Buy,232622418
2024-08-19 10:06:27,48400.0,400,Sell,232622671
2024-08-19 10:06:28,48400.0,1200,Sell,232622687
2024-08-19 10:06:28,48400.0,1000,Sell,232622686
2024-08-19 10:06:28,48400.0,3600,Sell,232622682
2024-08-19 10:06:28,48400.0,1000,Sell,232622684
2024-08-19 10:06:28,48400.0,100,Sell,232622683
2024-08-19 10:06:28,48400.0,30000,Sell,232622685
2024-08-19 10:06:35,48350.0,8800,Sell,232622831
2024-08-19 10:06:35,48350.0,1000,Sell,232622832
2024-08-19 10:06:35,48350.0,500,Sell,232622833
2024-08-19 10:06:35,48350.0,1900,Sell,232622834
2024-08-19 10:06:40,48400.0,500,Buy,232622927
2024-08-19 10:06:46,48350.0,500,Sell,232623098
2024-08-19 10:06:46,48350.0,100,Sell,232623097
2024-08-19 10:06:49,48350.0,200,Buy,232623144
2024-08-19 10:06:51,48350.0,100,Buy,232623202
2024-08-19 10:06:57,48350.0,1900,Buy,232623304
2024-08-19 10:06:57,48350.0,1100,Buy,232623303
2024-08-19 10:06:58,48350.0,100,Buy,232623340
2024-08-19 10:06:59,48350.0,200,Buy,232623349
2024-08-19 10:06:59,48300.0,300,Sell,232623357
2024-08-19 10:07:18,48300.0,1400,Sell,232623733
2024-08-19 10:07:18,48300.0,400,Sell,232623734
2024-08-19 10:07:18,48300.0,1200,Sell,232623735
2024-08-19 10:07:18,48300.0,500,Sell,232623736
2024-08-19 10:07:18,48300.0,1500,Sell,232623737
2024-08-19 10:07:19,48300.0,100,Sell,232623764
2024-08-19 10:07:19,48300.0,500,Sell,232623763
2024-08-19 10:07:19,48300.0,500,Sell,232623760
2024-08-19 10:07:19,48300.0,100,Sell,232623761
2024-08-19 10:07:19,48300.0,400,Sell,232623762
2024-08-19 10:07:47,48300.0,1000,Buy,232624327
2024-08-19 10:07:49,48250.0,200,Sell,232624362
2024-08-19 10:07:58,48250.0,300,Sell,232624504
2024-08-19 10:08:01,48250.0,1500,Sell,232624615
2024-08-19 10:08:12,48250.0,1000,Sell,232624928
2024-08-19 10:08:12,48250.0,100,Sell,232624930
2024-08-19 10:08:12,48250.0,1000,Sell,232624926
2024-08-19 10:08:12,48250.0,2000,Sell,232624927
2024-08-19 10:08:12,48250.0,3000,Sell,232624929
2024-08-19 10:08:12,48250.0,1000,Sell,232624925
2024-08-19 10:08:13,48250.0,700,Sell,232624938
2024-08-19 10:08:13,48250.0,400,Sell,232624939
2024-08-19 10:08:13,48250.0,500,Sell,232624940
2024-08-19 10:08:13,48200.0,400,Sell,232624941
2024-08-19 10:08:43,48200.0,2900,Sell,232625478
2024-08-19 10:08:43,48200.0,2000,Sell,232625479
2024-08-19 10:08:43,48200.0,1100,Sell,232625480
2024-08-19 10:08:44,48200.0,100,Sell,232625495
2024-08-19 10:08:44,48200.0,2000,Sell,232625494
2024-08-19 10:08:44,48200.0,500,Sell,232625493
2024-08-19 10:08:44,48200.0,1900,Sell,232625492
2024-08-19 10:08:52,48200.0,500,Buy,232625739
2024-08-19 10:09:13,48150.0,2000,Buy,232626129
2024-08-19 10:09:43,48200.0,1200,Buy,232626680
2024-08-19 10:09:49,48150.0,200,Sell,232626750
2024-08-19 10:10:03,48150.0,2000,Sell,232627020
2024-08-19 10:10:09,48200.0,500,Buy,232627096
2024-08-19 10:10:26,48200.0,100,Buy,232627429
2024-08-19 10:10:32,48200.0,100,Buy,232627513
2024-08-19 10:11:08,48200.0,500,Buy,232628237
2024-08-19 10:11:46,48200.0,300,Buy,232628848
2024-08-19 10:11:51,48200.0,100,Buy,232629035
2024-08-19 10:11:59,48200.0,100,Buy,232629163
2024-08-19 10:11:59,48200.0,2200,Buy,232629162
2024-08-19 10:12:17,48200.0,400,Buy,232629454
2024-08-19 10:12:23,48200.0,1200,Buy,232629565
2024-08-19 10:12:23,48200.0,500,Buy,232629564
2024-08-19 10:12:25,48150.0,100,Sell,232629606
2024-08-19 10:12:25,48150.0,200,Sell,232629605
2024-08-19 10:12:40,48200.0,1500,Buy,232629874
2024-08-19 10:12:40,48200.0,100,Buy,232629875
2024-08-19 10:12:40,48200.0,400,Buy,232629876
2024-08-19 10:13:23,48200.0,100,Buy,232630538
2024-08-19 10:13:23,48200.0,3600,Buy,232630540
2024-08-19 10:13:23,48200.0,100,Buy,232630536
2024-08-19 10:13:23,48200.0,100,Buy,232630535
2024-08-19 10:13:23,48200.0,700,Buy,232630537
2024-08-19 10:13:23,48200.0,500,Buy,232630539
2024-08-19 10:13:29,48200.0,500,Buy,232630647
2024-08-19 10:13:47,48200.0,500,Buy,232630932
2024-08-19 10:14:05,48200.0,400,Buy,232631228
2024-08-19 10:14:05,48200.0,100,Buy,232631229
2024-08-19 10:14:21,48200.0,200,Buy,232631464
2024-08-19 10:14:21,48200.0,500,Buy,232631465
2024-08-19 10:14:21,48200.0,100,Buy,232631466
2024-08-19 10:14:41,48200.0,100,Sell,232631851
2024-08-19 10:14:41,48200.0,1200,Sell,232631850
2024-08-19 10:15:07,48250.0,300,Buy,232632385
2024-08-19 10:15:07,48250.0,100,Buy,232632384
2024-08-19 10:15:57,48200.0,100,Sell,232633352
2024-08-19 10:15:57,48200.0,500,Sell,232633349
2024-08-19 10:15:57,48200.0,500,Sell,232633350
2024-08-19 10:15:57,48200.0,1000,Sell,232633351
2024-08-19 10:16:04,48150.0,400,Sell,232633686
2024-08-19 10:16:04,48150.0,600,Sell,232633687
2024-08-19 10:16:20,48150.0,100,Sell,232633937
2024-08-19 10:16:24,48150.0,2000,Sell,232633990
2024-08-19 10:16:25,48150.0,3000,Sell,232634003
2024-08-19 10:16:30,48150.0,500,Sell,232634056
2024-08-19 10:16:54,48150.0,100,Sell,232634414
2024-08-19 10:16:56,48200.0,500,Buy,232634427
2024-08-19 10:17:01,48200.0,200,Buy,232634509
2024-08-19 10:17:47,48150.0,20000,Sell,232635316
2024-08-19 10:17:47,48150.0,100,Sell,232635317
2024-08-19 10:17:47,48150.0,400,Sell,232635318
2024-08-19 10:17:47,48150.0,3700,Sell,232635315
2024-08-19 10:18:14,48100.0,11000,Sell,232636121
2024-08-19 10:18:14,48100.0,100,Sell,232636122
2024-08-19 10:18:14,48100.0,100,Sell,232636123
2024-08-19 10:18:33,48100.0,500,Buy,232636497
2024-08-19 10:19:23,48050.0,100,Sell,232637680
2024-08-19 10:19:23,48050.0,500,Sell,232637681
2024-08-19 10:19:23,48050.0,400,Sell,232637682
2024-08-19 10:19:36,48050.0,400,Sell,232637881
2024-08-19 10:19:36,48050.0,600,Sell,232637880
2024-08-19 10:20:49,48050.0,100,Sell,232639326
2024-08-19 10:20:57,48050.0,300,Sell,232639467
2024-08-19 10:20:57,48050.0,1100,Sell,232639469
2024-08-19 10:20:57,48050.0,1500,Sell,232639466
2024-08-19 10:20:57,48050.0,100,Sell,232639468
2024-08-19 10:21:31,48050.0,1000,Sell,232640168
2024-08-19 10:21:31,48050.0,100,Sell,232640169
2024-08-19 10:21:31,48050.0,400,Sell,232640170
2024-08-19 10:21:55,48050.0,500,Buy,232640810
2024-08-19 10:22:10,48050.0,200,Buy,232641082
2024-08-19 10:22:10,48050.0,800,Buy,232641083
2024-08-19 10:22:20,48000.0,100,Sell,232641278
2024-08-19 10:22:23,48000.0,2000,Sell,232641365
2024-08-19 10:22:27,48000.0,100,Sell,232641438
2024-08-19 10:23:03,48000.0,500,Sell,232642434
2024-08-19 10:23:03,48000.0,300,Sell,232642435
2024-08-19 10:23:08,48050.0,500,Buy,232642568
2024-08-19 10:23:22,48000.0,1000,Sell,232642826
2024-08-19 10:23:45,48000.0,500,Sell,232643396
2024-08-19 10:24:07,48050.0,700,Buy,232644092
2024-08-19 10:24:07,48050.0,300,Buy,232644093
2024-08-19 10:24:07,48050.0,1000,Buy,232644094
2024-08-19 10:24:23,48050.0,100,Buy,232644405
2024-08-19 10:24:55,48000.0,1000,Sell,232645103
2024-08-19 10:24:55,48000.0,2000,Sell,232645108
2024-08-19 10:24:55,48000.0,500,Sell,232645107
2024-08-19 10:24:55,48000.0,100,Sell,232645106
2024-08-19 10:24:55,48000.0,200,Sell,232645105
2024-08-19 10:24:55,48000.0,200,Sell,232645104
2024-08-19 10:24:55,48000.0,300,Sell,232645102
2024-08-19 10:24:55,48000.0,1000,Sell,232645096
2024-08-19 10:24:55,48000.0,200,Sell,232645100
2024-08-19 10:24:55,48000.0,500,Sell,232645099
2024-08-19 10:24:55,48000.0,300,Sell,232645098
2024-08-19 10:24:55,48000.0,200,Sell,232645097
2024-08-19 10:24:55,48000.0,200,Sell,232645095
2024-08-19 10:24:55,48000.0,2800,Sell,232645094
2024-08-19 10:24:55,48000.0,500,Sell,232645101
2024-08-19 10:25:00,48050.0,500,Buy,232645272
2024-08-19 10:25:05,48000.0,700,Sell,232645344
2024-08-19 10:25:05,48000.0,1000,Sell,232645348
2024-08-19 10:25:05,48000.0,500,Sell,232645347
2024-08-19 10:25:05,48000.0,500,Sell,232645346
2024-08-19 10:25:05,48000.0,1000,Sell,232645345
2024-08-19 10:25:05,48000.0,1000,Sell,232645343
2024-08-19 10:25:05,48000.0,400,Sell,232645349
2024-08-19 10:25:05,48000.0,100,Sell,232645341
2024-08-19 10:25:05,48000.0,1000,Sell,232645340
2024-08-19 10:25:05,48000.0,200,Sell,232645339
2024-08-19 10:25:05,48000.0,100,Sell,232645338
2024-08-19 10:25:05,48000.0,1000,Sell,232645337
2024-08-19 10:25:05,48000.0,700,Sell,232645342
2024-08-19 10:25:05,48000.0,100,Sell,232645336
2024-08-19 10:25:23,47950.0,200,Sell,232645805
2024-08-19 10:26:14,47950.0,100,Sell,232646802
2024-08-19 10:26:26,47950.0,500,Sell,232646949
2024-08-19 10:26:53,47950.0,1000,Sell,232647630
2024-08-19 10:27:01,47950.0,300,Sell,232647818
2024-08-19 10:27:01,47950.0,200,Sell,232647819
2024-08-19 10:27:01,47950.0,4500,Sell,232647820
2024-08-19 10:27:01,47950.0,100,Sell,232647824
2024-08-19 10:27:13,47950.0,4000,Sell,232648049
2024-08-19 10:27:17,47950.0,1000,Sell,232648155
2024-08-19 10:27:23,47950.0,200,Sell,232648277
2024-08-19 10:27:43,47950.0,1000,Sell,232648627
2024-08-19 10:27:43,47950.0,200,Sell,232648626
2024-08-19 10:27:48,47950.0,500,Sell,232648711
2024-08-19 10:27:48,47950.0,400,Sell,232648712
2024-08-19 10:27:48,47950.0,200,Sell,232648713
2024-08-19 10:27:48,47950.0,400,Sell,232648714
2024-08-19 10:27:48,47950.0,100,Sell,232648715
2024-08-19 10:27:48,47950.0,400,Sell,232648716
2024-08-19 10:27:48,47950.0,900,Sell,232648728
2024-08-19 10:27:50,47950.0,1300,Sell,232648752
2024-08-19 10:28:10,47950.0,500,Buy,232649237
2024-08-19 10:28:38,47950.0,100,Buy,232649859
2024-08-19 10:28:51,47900.0,100,Sell,232650247
2024-08-19 10:28:51,47900.0,400,Sell,232650248
2024-08-19 10:28:52,47950.0,1000,Buy,232650254
2024-08-19 10:29:30,47950.0,100,Buy,232650884
2024-08-19 10:29:44,47950.0,500,Buy,232651163
2024-08-19 10:29:47,47950.0,500,Buy,232651237
2024-08-19 10:29:50,47950.0,1000,Buy,232651301
2024-08-19 10:29:52,47950.0,300,Buy,232651332
2024-08-19 10:29:58,47950.0,100,Buy,232651468
2024-08-19 10:30:25,47950.0,500,Buy,232652006
2024-08-19 10:31:02,47950.0,100,Buy,232652600
2024-08-19 10:31:04,47950.0,400,Buy,232652692
2024-08-19 10:31:20,47950.0,1000,Buy,232652975
2024-08-19 10:31:52,47950.0,100,Buy,232653617
2024-08-19 10:32:18,47950.0,300,Buy,232654138
2024-08-19 10:32:23,47950.0,100,Buy,232654222
2024-08-19 10:32:23,47950.0,300,Buy,232654223
2024-08-19 10:32:23,47950.0,2400,Buy,232654224
2024-08-19 10:32:23,47950.0,2200,Buy,232654221
2024-08-19 10:32:26,47950.0,200,Buy,232654273
2024-08-19 10:32:32,47950.0,2300,Buy,232654339
2024-08-19 10:33:20,48000.0,11700,Buy,232655081
2024-08-19 10:33:20,48000.0,8300,Buy,232655082
2024-08-19 10:33:23,48000.0,5000,Buy,232655140
2024-08-19 10:33:23,48000.0,100,Buy,232655142
2024-08-19 10:33:23,48000.0,2000,Buy,232655141
2024-08-19 10:33:23,48000.0,1000,Buy,232655139
2024-08-19 10:33:23,48000.0,2000,Buy,232655138
2024-08-19 10:33:23,48000.0,1700,Buy,232655133
2024-08-19 10:33:23,48000.0,300,Buy,232655134
2024-08-19 10:33:23,48000.0,200,Buy,232655137
2024-08-19 10:33:23,48000.0,800,Buy,232655136
2024-08-19 10:33:23,48000.0,1000,Buy,232655135
2024-08-19 10:34:16,48050.0,100,Buy,232656161
2024-08-19 10:34:16,48050.0,500,Buy,232656162
2024-08-19 10:34:16,48050.0,400,Buy,232656163
2024-08-19 10:34:23,48050.0,500,Buy,232656279
2024-08-19 10:34:41,48050.0,100,Buy,232656621
2024-08-19 10:34:48,48050.0,100,Buy,232656753
2024-08-19 10:35:07,48050.0,100,Sell,232657086
2024-08-19 10:35:38,48000.0,5100,Sell,232657649
2024-08-19 10:35:38,48000.0,500,Sell,232657648
2024-08-19 10:35:38,48000.0,900,Sell,232657647
2024-08-19 10:35:38,48050.0,1000,Sell,232657644
2024-08-19 10:35:38,48050.0,400,Sell,232657645
2024-08-19 10:35:38,48050.0,300,Sell,232657643
2024-08-19 10:35:38,48050.0,100,Sell,232657646
2024-08-19 10:36:22,48100.0,100,Buy,232658339
2024-08-19 10:36:22,48100.0,700,Buy,232658340
2024-08-19 10:37:51,48100.0,200,Buy,232659996
2024-08-19 10:37:55,48100.0,100,Buy,232660055
2024-08-19 10:37:55,48100.0,100,Buy,232660056
2024-08-19 10:37:55,48100.0,300,Buy,232660054
2024-08-19 10:37:55,48100.0,300,Buy,232660052
2024-08-19 10:37:55,48100.0,100,Buy,232660051
2024-08-19 10:37:55,48100.0,100,Buy,232660053
2024-08-19 10:37:56,48100.0,200,Sell,232660087
2024-08-19 10:40:19,48100.0,500,Sell,232663183
2024-08-19 10:40:55,48100.0,500,Sell,232663782
2024-08-19 10:41:22,48150.0,100,Buy,232664315
2024-08-19 10:41:23,48150.0,200,Buy,232664327
2024-08-19 10:42:06,48100.0,200,Sell,232665331
2024-08-19 10:42:09,48150.0,800,Buy,232665406
2024-08-19 10:42:09,48150.0,1400,Buy,232665407
2024-08-19 10:42:19,48150.0,1000,Buy,232665584
2024-08-19 10:42:19,48150.0,2000,Buy,232665583
2024-08-19 10:42:19,48150.0,600,Buy,232665581
2024-08-19 10:42:19,48150.0,1300,Buy,232665582
2024-08-19 10:43:02,48150.0,200,Sell,232666387
2024-08-19 10:43:35,48150.0,2900,Sell,232666921
2024-08-19 10:43:35,48150.0,2000,Sell,232666922
2024-08-19 10:43:57,48150.0,500,Sell,232667306
2024-08-19 10:43:57,48150.0,800,Sell,232667307
2024-08-19 10:44:14,48100.0,1100,Sell,232667575
2024-08-19 10:44:23,48150.0,500,Buy,232667758
2024-08-19 10:45:05,48150.0,1200,Buy,232668432
2024-08-19 10:45:05,48150.0,1000,Buy,232668433
2024-08-19 10:45:05,48150.0,500,Buy,232668434
2024-08-19 10:45:05,48150.0,300,Buy,232668435
2024-08-19 10:45:25,48150.0,300,Buy,232668800
2024-08-19 10:45:25,48150.0,700,Buy,232668799
2024-08-19 10:45:42,48150.0,100,Buy,232669151
2024-08-19 10:46:53,48150.0,200,Buy,232670546
2024-08-19 10:46:53,48150.0,100,Buy,232670545
2024-08-19 10:47:03,48150.0,800,Buy,232670733
2024-08-19 10:47:35,48150.0,1000,Sell,232671240
2024-08-19 10:47:35,48150.0,900,Sell,232671255
2024-08-19 10:47:45,48200.0,1200,Buy,232671403
2024-08-19 10:47:45,48200.0,100,Buy,232671404
2024-08-19 10:47:45,48200.0,700,Buy,232671405
2024-08-19 10:48:13,48150.0,800,Sell,232671878
2024-08-19 10:48:36,48150.0,1000,Buy,232672312
2024-08-19 10:48:37,48150.0,3100,Sell,232672319
2024-08-19 10:49:29,48150.0,1000,Buy,232673468
2024-08-19 10:49:53,48150.0,500,Sell,232673978
2024-08-19 10:49:54,48150.0,500,Sell,232674050
2024-08-19 10:49:57,48150.0,200,Sell,232674173
2024-08-19 10:50:36,48100.0,500,Sell,232674939
2024-08-19 10:50:41,48150.0,800,Buy,232675081
2024-08-19 10:50:45,48150.0,200,Buy,232675177
2024-08-19 10:52:05,48150.0,800,Buy,232677119
2024-08-19 10:52:25,48100.0,1000,Sell,232677469
2024-08-19 10:52:25,48100.0,500,Sell,232677470
2024-08-19 10:52:25,48100.0,1200,Sell,232677471
2024-08-19 10:52:25,48100.0,2300,Sell,232677472
2024-08-19 10:52:55,48100.0,200,Sell,232678193
2024-08-19 10:52:55,48100.0,100,Sell,232678192
2024-08-19 10:52:55,48100.0,200,Sell,232678191
2024-08-19 10:52:59,48100.0,200,Sell,232678258
2024-08-19 10:53:17,48100.0,500,Sell,232678572
2024-08-19 10:54:45,48100.0,500,Buy,232680019
2024-08-19 10:54:45,48100.0,200,Buy,232680020
2024-08-19 10:54:45,48100.0,300,Buy,232680021
2024-08-19 10:56:19,48100.0,200,Buy,232681551
2024-08-19 10:56:19,48100.0,4800,Buy,232681552
2024-08-19 10:56:30,48100.0,200,Buy,232681873
2024-08-19 10:56:34,48100.0,500,Buy,232681948
2024-08-19 10:56:40,48100.0,2000,Sell,232682043
2024-08-19 10:56:47,48150.0,10000,Buy,232682160
2024-08-19 10:57:06,48100.0,200,Sell,232682545
2024-08-19 10:58:12,48150.0,100,Buy,232683879
2024-08-19 10:58:15,48100.0,10000,Sell,232683949
2024-08-19 10:58:15,48100.0,7300,Sell,232683948
2024-08-19 10:58:20,48100.0,300,Buy,232684002
2024-08-19 10:59:07,48100.0,100,Buy,232684674
2024-08-19 11:01:07,48050.0,500,Sell,232686630
2024-08-19 11:01:52,48050.0,500,Sell,232687314
2024-08-19 11:01:53,48050.0,2000,Sell,232687336
2024-08-19 11:01:53,48050.0,1300,Sell,232687337
2024-08-19 11:01:54,48050.0,1700,Sell,232687341
2024-08-19 11:01:54,48050.0,100,Sell,232687342
2024-08-19 11:01:54,48050.0,1100,Sell,232687343
2024-08-19 11:01:54,48050.0,100,Sell,232687344
2024-08-19 11:01:54,48050.0,1600,Sell,232687346
2024-08-19 11:01:54,48050.0,400,Sell,232687345
2024-08-19 11:01:56,48050.0,100,Sell,232687365
2024-08-19 11:03:14,48050.0,300,Sell,232688669
2024-08-19 11:03:14,48050.0,700,Sell,232688670
2024-08-19 11:03:40,48050.0,2300,Sell,232689217
2024-08-19 11:03:40,48000.0,2700,Sell,232689218
2024-08-19 11:05:24,48050.0,1000,Sell,232691043
2024-08-19 11:05:27,48050.0,100,Sell,232691078
2024-08-19 11:06:37,48050.0,900,Sell,232691924
2024-08-19 11:06:38,48050.0,600,Sell,232691925
2024-08-19 11:06:54,48100.0,1000,Buy,232692104
2024-08-19 11:06:56,48050.0,5000,Sell,232692116
2024-08-19 11:07:12,48050.0,1500,Sell,232692331
2024-08-19 11:07:14,48050.0,400,Sell,232692362
2024-08-19 11:07:33,48050.0,100,Sell,232692631
2024-08-19 11:07:39,48100.0,400,Buy,232692760
2024-08-19 11:09:07,48100.0,700,Buy,232694058
2024-08-19 11:10:04,48100.0,200,Buy,232694875
2024-08-19 11:10:04,48100.0,300,Buy,232694876
2024-08-19 11:10:04,48100.0,300,Buy,232694877
2024-08-19 11:10:51,48100.0,200,Buy,232695546
2024-08-19 11:11:04,48100.0,500,Buy,232695677
2024-08-19 11:14:23,48050.0,100,Sell,232698437
2024-08-19 11:15:54,48050.0,500,Sell,232699705
2024-08-19 11:17:07,48050.0,500,Sell,232700682
2024-08-19 11:17:07,48050.0,400,Sell,232700681
2024-08-19 11:17:07,48050.0,2000,Sell,232700680
2024-08-19 11:17:07,48050.0,2000,Sell,232700678
2024-08-19 11:17:07,48050.0,1800,Sell,232700676
2024-08-19 11:17:07,48050.0,500,Sell,232700679
2024-08-19 11:17:07,48050.0,1000,Sell,232700677
2024-08-19 11:19:08,48050.0,3200,Buy,232702215
2024-08-19 11:19:24,48050.0,100,Sell,232702428
2024-08-19 11:19:38,48050.0,1800,Sell,232702629
2024-08-19 11:19:38,48050.0,200,Sell,232702630
2024-08-19 11:19:55,48050.0,9000,Sell,232702839
2024-08-19 11:20:28,48050.0,100,Sell,232703244
2024-08-19 11:20:43,48100.0,1000,Buy,232703459
2024-08-19 11:20:43,48100.0,200,Buy,232703467
2024-08-19 11:20:43,48100.0,200,Buy,232703468
2024-08-19 11:21:19,48050.0,500,Sell,232703843
2024-08-19 11:22:47,48050.0,1000,Sell,232705006
2024-08-19 11:22:47,48050.0,800,Sell,232705007
2024-08-19 11:22:47,48050.0,200,Sell,232705005
2024-08-19 11:23:28,48050.0,500,Sell,232705447
2024-08-19 11:24:08,48050.0,100,Sell,232705880
2024-08-19 11:24:13,48050.0,200,Sell,232705933
2024-08-19 11:26:22,48050.0,100,Sell,232707689
2024-08-19 11:27:39,48050.0,800,Sell,232708761
2024-08-19 11:27:39,48050.0,200,Sell,232708762
2024-08-19 11:28:49,48100.0,100,Buy,232709687
2024-08-19 11:28:49,48100.0,100,Buy,232709686
2024-08-19 11:28:49,48100.0,1100,Buy,232709685
2024-08-19 11:28:49,48100.0,500,Buy,232709683
2024-08-19 11:28:49,48100.0,100,Buy,232709684
2024-08-19 11:28:49,48100.0,800,Buy,232709682
2024-08-19 11:28:50,48100.0,500,Buy,232709700
2024-08-19 11:28:50,48100.0,300,Buy,232709699
2024-08-19 11:28:50,48100.0,2500,Buy,232709698
2024-08-19 11:28:50,48100.0,1000,Buy,232709697
2024-08-19 11:28:50,48100.0,100,Buy,232709696
2024-08-19 11:28:50,48100.0,300,Buy,232709690
2024-08-19 11:28:50,48100.0,500,Buy,232709694
2024-08-19 11:28:50,48100.0,300,Buy,232709693
2024-08-19 11:28:50,48100.0,500,Buy,232709692
2024-08-19 11:28:50,48100.0,100,Buy,232709691
2024-08-19 11:28:50,48100.0,500,Buy,232709695
2024-08-19 12:59:40,48100.0,100,Sell,232710960
2024-08-19 12:59:40,48100.0,100,Sell,232711114
2024-08-19 12:59:40,48100.0,100,Sell,232711115
2024-08-19 12:59:40,48100.0,100,Sell,232711116
2024-08-19 12:59:40,48100.0,500,Sell,232710601
2024-08-19 12:59:41,48100.0,500,Buy,232711399
2024-08-19 12:59:41,48100.0,200,Buy,232711400
2024-08-19 12:59:41,48100.0,4000,Sell,232711698
2024-08-19 12:59:41,48100.0,400,Sell,232711699
2024-08-19 12:59:42,48100.0,100,Sell,232712076
2024-08-19 12:59:42,48100.0,100,Sell,232711931
2024-08-19 12:59:43,48100.0,100,Sell,232712277
2024-08-19 12:59:43,48100.0,200,Sell,232712235
2024-08-19 12:59:44,48150.0,100,Buy,232712471
2024-08-19 12:59:46,48100.0,1000,Sell,232713186
2024-08-19 12:59:46,48100.0,300,Sell,232713185
2024-08-19 12:59:48,48100.0,500,Sell,232714161
2024-08-19 12:59:49,48100.0,100,Sell,232714328
2024-08-19 12:59:54,48100.0,1000,Sell,232714811
2024-08-19 12:59:55,48150.0,100,Buy,232714903
2024-08-19 12:59:56,48100.0,100,Sell,232714986
2024-08-19 13:00:01,48100.0,300,Sell,232715328
2024-08-19 13:00:04,48100.0,500,Sell,232715676
2024-08-19 13:00:04,48100.0,100,Sell,232715684
2024-08-19 13:00:05,48100.0,100,Sell,232715691
2024-08-19 13:00:29,48100.0,100,Sell,232716309
2024-08-19 13:00:36,48100.0,300,Sell,232716463
2024-08-19 13:01:09,48100.0,100,Sell,232717320
2024-08-19 13:01:09,48100.0,1500,Sell,232717321
2024-08-19 13:01:09,48100.0,1000,Sell,232717322
2024-08-19 13:01:09,48100.0,500,Sell,232717323
2024-08-19 13:01:09,48100.0,800,Sell,232717324
2024-08-19 13:01:09,48100.0,200,Sell,232717325
2024-08-19 13:01:09,48100.0,200,Sell,232717326
2024-08-19 13:01:09,48100.0,100,Sell,232717327
2024-08-19 13:01:09,48100.0,800,Sell,232717328
2024-08-19 13:01:09,48100.0,100,Sell,232717329
2024-08-19 13:01:09,48100.0,1400,Sell,232717330
2024-08-19 13:01:27,48050.0,100,Sell,232717773
2024-08-19 13:01:47,48050.0,200,Sell,232718229
2024-08-19 13:01:58,48100.0,3300,Buy,232718479
2024-08-19 13:01:58,48100.0,100,Buy,232718480
2024-08-19 13:01:58,48100.0,1000,Buy,232718481
2024-08-19 13:01:58,48100.0,100,Sell,232718493
2024-08-19 13:02:00,48100.0,500,Sell,232718538
2024-08-19 13:02:13,48050.0,200,Sell,232719060
2024-08-19 13:02:46,48050.0,5000,Sell,232720061
2024-08-19 13:02:49,48050.0,100,Sell,232720129
2024-08-19 13:02:49,48050.0,3000,Sell,232720138
2024-08-19 13:03:19,48050.0,100,Sell,232721067
2024-08-19 13:03:34,48050.0,2000,Sell,232721393
2024-08-19 13:03:41,48050.0,100,Sell,232721607
2024-08-19 13:03:56,48050.0,500,Sell,232722006
2024-08-19 13:03:56,48050.0,500,Sell,232722005
2024-08-19 13:03:57,48050.0,1000,Sell,232722039
2024-08-19 13:04:04,48050.0,100,Sell,232722318
2024-08-19 13:04:04,48050.0,4000,Sell,232722326
2024-08-19 13:04:11,48050.0,1000,Sell,232722547
2024-08-19 13:04:11,48050.0,300,Sell,232722548
2024-08-19 13:04:44,48050.0,1500,Sell,232723441
2024-08-19 13:05:24,48050.0,100,Sell,232724525
2024-08-19 13:05:39,48050.0,1000,Sell,232724983
2024-08-19 13:05:50,48050.0,100,Sell,232725311
2024-08-19 13:05:52,48050.0,100,Sell,232725383
2024-08-19 13:05:58,48000.0,200,Sell,232725622
2024-08-19 13:05:58,48050.0,100,Sell,232725561
2024-08-19 13:05:58,48050.0,500,Sell,232725560
2024-08-19 13:05:58,48050.0,300,Sell,232725556
2024-08-19 13:05:58,48050.0,100,Sell,232725558
2024-08-19 13:05:58,48050.0,200,Sell,232725557
2024-08-19 13:05:58,48050.0,400,Sell,232725559
2024-08-19 13:06:17,48000.0,4100,Sell,232726222
2024-08-19 13:06:17,48000.0,1000,Sell,232726221
2024-08-19 13:06:17,48000.0,100,Sell,232726220
2024-08-19 13:06:17,48000.0,100,Sell,232726219
2024-08-19 13:06:17,48000.0,500,Sell,232726218
2024-08-19 13:06:17,48000.0,3000,Sell,232726217
2024-08-19 13:06:17,48000.0,300,Sell,232726216
2024-08-19 13:06:17,48000.0,300,Sell,232726215
2024-08-19 13:06:17,48000.0,100,Sell,232726213
2024-08-19 13:06:17,48000.0,100,Sell,232726212
2024-08-19 13:06:17,48000.0,100,Sell,232726211
2024-08-19 13:06:17,48000.0,100,Sell,232726210
2024-08-19 13:06:17,48000.0,3000,Sell,232726209
2024-08-19 13:06:17,48000.0,100,Sell,232726208
2024-08-19 13:06:17,48000.0,2000,Sell,232726207
2024-08-19 13:06:17,48000.0,100,Sell,232726214
2024-08-19 13:06:23,48000.0,500,Sell,232726371
2024-08-19 13:06:27,48000.0,100,Sell,232726491
2024-08-19 13:06:27,48000.0,2500,Sell,232726492
2024-08-19 13:06:27,48000.0,400,Sell,232726489
2024-08-19 13:06:27,48000.0,1000,Sell,232726490
2024-08-19 13:06:35,48000.0,100,Sell,232726678
2024-08-19 13:06:48,48050.0,1000,Buy,232727022
2024-08-19 13:06:58,48050.0,300,Buy,232727364
2024-08-19 13:08:25,48050.0,1400,Buy,232730116
2024-08-19 13:09:02,48050.0,2000,Buy,232731091
2024-08-19 13:09:10,48050.0,1000,Buy,232731278
2024-08-19 13:10:14,48050.0,500,Buy,232732853
2024-08-19 13:10:23,48000.0,200,Sell,232733160
2024-08-19 13:10:26,48050.0,500,Buy,232733240
2024-08-19 13:10:49,48000.0,200,Sell,232733923
2024-08-19 13:11:08,48000.0,200,Sell,232734505
2024-08-19 13:11:16,48000.0,1500,Sell,232734690
2024-08-19 13:11:18,47950.0,3100,Sell,232734756
2024-08-19 13:11:18,47950.0,100,Sell,232734753
2024-08-19 13:11:18,47950.0,1000,Sell,232734755
2024-08-19 13:11:18,47950.0,700,Sell,232734754
2024-08-19 13:11:18,47950.0,3000,Sell,232734752
2024-08-19 13:11:18,48000.0,1000,Sell,232734746
2024-08-19 13:11:18,48000.0,1000,Sell,232734750
2024-08-19 13:11:18,48000.0,16000,Sell,232734749
2024-08-19 13:11:18,48000.0,100,Sell,232734748
2024-08-19 13:11:18,48000.0,700,Sell,232734747
2024-08-19 13:11:18,48000.0,5000,Sell,232734751
2024-08-19 13:11:18,48000.0,8300,Sell,232734745
2024-08-19 13:11:28,47950.0,200,Sell,232734989
2024-08-19 13:11:33,47950.0,1000,Sell,232735092
2024-08-19 13:11:38,47950.0,200,Sell,232735250
2024-08-19 13:11:48,47950.0,200,Sell,232735574
2024-08-19 13:11:59,47950.0,200,Sell,232735949
2024-08-19 13:12:03,48000.0,200,Buy,232736077
2024-08-19 13:12:03,48000.0,1800,Buy,232736078
2024-08-19 13:12:12,47950.0,100,Sell,232736333
2024-08-19 13:12:12,47950.0,100,Sell,232736334
2024-08-19 13:12:27,47950.0,200,Sell,232736855
2024-08-19 13:12:59,47950.0,600,Sell,232737735
2024-08-19 13:12:59,47950.0,4200,Sell,232737736
2024-08-19 13:13:00,48000.0,600,Buy,232737776
2024-08-19 13:13:00,48000.0,1000,Buy,232737777
2024-08-19 13:13:00,48000.0,1200,Buy,232737774
2024-08-19 13:13:00,48000.0,3000,Buy,232737775
2024-08-19 13:13:14,48050.0,1700,Buy,232738192
2024-08-19 13:13:14,48050.0,300,Buy,232738193
2024-08-19 13:13:19,48000.0,100,Sell,232738304
2024-08-19 13:13:26,48000.0,100,Sell,232738541
2024-08-19 13:13:26,48000.0,400,Sell,232738542
2024-08-19 13:13:48,48000.0,300,Buy,232739199
2024-08-19 13:13:49,48000.0,200,Buy,232739214
2024-08-19 13:13:49,48000.0,200,Buy,232739215
2024-08-19 13:13:54,48000.0,300,Buy,232739331
2024-08-19 13:13:58,47950.0,2000,Sell,232739445
2024-08-19 13:13:58,47950.0,400,Sell,232739444
2024-08-19 13:13:58,47950.0,1000,Sell,232739446
2024-08-19 13:13:58,47950.0,15800,Sell,232739442
2024-08-19 13:13:58,47950.0,100,Sell,232739443
2024-08-19 13:13:58,48000.0,200,Sell,232739441
2024-08-19 13:14:11,47950.0,1700,Buy,232739797
2024-08-19 13:15:02,48000.0,400,Buy,232740962
2024-08-19 13:15:23,47950.0,200,Sell,232741599
2024-08-19 13:15:26,48000.0,100,Buy,232741671
2024-08-19 13:15:26,48000.0,400,Buy,232741672
2024-08-19 13:15:26,48000.0,500,Buy,232741670
2024-08-19 13:15:34,47950.0,200,Sell,232741901
2024-08-19 13:15:44,47950.0,200,Sell,232742291
2024-08-19 13:15:54,47950.0,200,Sell,232742623
2024-08-19 13:16:01,47950.0,500,Sell,232742807
2024-08-19 13:16:05,47950.0,200,Sell,232742883
2024-08-19 13:16:15,47950.0,200,Sell,232743249
2024-08-19 13:17:08,48000.0,1500,Buy,232744575
2024-08-19 13:17:08,48000.0,100,Buy,232744573
2024-08-19 13:17:08,48000.0,500,Buy,232744574
2024-08-19 13:17:28,48000.0,400,Sell,232745072
2024-08-19 13:17:34,48000.0,900,Sell,232745219
2024-08-19 13:18:37,48000.0,100,Sell,232746836
2024-08-19 13:19:24,48050.0,700,Buy,232748209
2024-08-19 13:19:24,48050.0,2000,Buy,232748210
2024-08-19 13:19:24,48050.0,500,Buy,232748211
2024-08-19 13:19:24,48050.0,400,Buy,232748212
2024-08-19 13:20:13,48050.0,500,Buy,232749234
2024-08-19 13:20:13,48050.0,100,Buy,232749299
2024-08-19 13:20:13,48050.0,700,Buy,232749300
2024-08-19 13:21:12,48050.0,200,Sell,232750871
2024-08-19 13:21:12,48050.0,200,Sell,232750870
2024-08-19 13:21:44,48050.0,100,Sell,232751752
2024-08-19 13:22:04,48100.0,1000,Buy,232752289
2024-08-19 13:22:04,48100.0,1000,Buy,232752290
2024-08-19 13:22:04,48100.0,1100,Buy,232752291
2024-08-19 13:22:04,48100.0,1800,Buy,232752292
2024-08-19 13:22:04,48100.0,100,Buy,232752288
2024-08-19 13:22:31,48050.0,500,Sell,232753028
2024-08-19 13:22:49,48050.0,200,Sell,232753473
2024-08-19 13:22:49,48050.0,1000,Sell,232753474
2024-08-19 13:22:49,48050.0,100,Sell,232753475
2024-08-19 13:23:00,48050.0,1000,Buy,232753808
2024-08-19 13:23:11,48050.0,300,Buy,232754096
2024-08-19 13:23:11,48050.0,2700,Buy,232754095
2024-08-19 13:23:28,48050.0,4700,Buy,232754523
2024-08-19 13:23:29,48050.0,200,Sell,232754549
2024-08-19 13:23:30,48050.0,2000,Sell,232754599
2024-08-19 13:24:16,48050.0,1000,Sell,232755928
2024-08-19 13:24:35,48050.0,3000,Sell,232756790
2024-08-19 13:24:44,48100.0,200,Buy,232757027
2024-08-19 13:24:44,48100.0,300,Buy,232757028
2024-08-19 13:24:53,48050.0,500,Sell,232757211
2024-08-19 13:25:18,48050.0,600,Sell,232757840
2024-08-19 13:25:18,48050.0,2400,Sell,232757841
2024-08-19 13:25:52,48050.0,200,Sell,232758926
2024-08-19 13:26:08,48100.0,500,Buy,232759344
2024-08-19 13:26:31,48100.0,2000,Buy,232759859
2024-08-19 13:26:35,48100.0,200,Buy,232759932
2024-08-19 13:26:35,48100.0,800,Buy,232759933
2024-08-19 13:26:48,48100.0,1000,Buy,232760207
2024-08-19 13:27:10,48100.0,3300,Buy,232760631
2024-08-19 13:27:14,48100.0,400,Buy,232760707
2024-08-19 13:27:27,48100.0,3000,Buy,232761035
2024-08-19 13:27:35,48000.0,2700,Sell,232761240
2024-08-19 13:27:35,48000.0,100,Sell,232761237
2024-08-19 13:27:35,48000.0,1000,Sell,232761236
2024-08-19 13:27:35,48000.0,500,Sell,232761239
2024-08-19 13:27:35,48000.0,4700,Sell,232761234
2024-08-19 13:27:35,48050.0,400,Sell,232761233
2024-08-19 13:27:35,48050.0,10000,Sell,232761232
2024-08-19 13:27:35,48050.0,400,Sell,232761231
2024-08-19 13:27:35,48000.0,100,Sell,232761235
2024-08-19 13:27:35,48000.0,100,Sell,232761238
2024-08-19 13:27:40,48000.0,200,Sell,232761312
2024-08-19 13:27:46,48100.0,900,Buy,232761478
2024-08-19 13:27:46,48100.0,1500,Buy,232761472
2024-08-19 13:27:46,48100.0,300,Buy,232761473
2024-08-19 13:27:46,48100.0,1000,Buy,232761474
2024-08-19 13:27:46,48100.0,1000,Buy,232761475
2024-08-19 13:27:46,48100.0,200,Buy,232761476
2024-08-19 13:27:46,48100.0,100,Buy,232761477
2024-08-19 13:28:17,48000.0,100,Sell,232762266
2024-08-19 13:28:17,48000.0,100,Sell,232762265
2024-08-19 13:28:31,48100.0,1300,Buy,232762558
2024-08-19 13:28:31,48100.0,100,Buy,232762557
2024-08-19 13:28:31,48100.0,900,Buy,232762553
2024-08-19 13:28:31,48100.0,200,Buy,232762555
2024-08-19 13:28:31,48100.0,500,Buy,232762554
2024-08-19 13:28:31,48100.0,2000,Buy,232762556
2024-08-19 13:28:38,48000.0,2900,Sell,232762696
2024-08-19 13:28:38,48000.0,1000,Sell,232762697
2024-08-19 13:28:38,48000.0,100,Sell,232762698
2024-08-19 13:28:38,48000.0,200,Sell,232762699
2024-08-19 13:28:38,48000.0,2000,Sell,232762700
2024-08-19 13:28:42,47950.0,3400,Sell,232762767
2024-08-19 13:28:42,47950.0,2500,Sell,232762766
2024-08-19 13:28:42,47950.0,600,Sell,232762765
2024-08-19 13:28:57,48000.0,1000,Buy,232763112
2024-08-19 13:29:13,47950.0,200,Sell,232763522
2024-08-19 13:29:19,47950.0,1000,Sell,232763658
2024-08-19 13:29:32,47950.0,1000,Sell,232763936
2024-08-19 13:29:40,48000.0,100,Buy,232764113
2024-08-19 13:29:55,48000.0,300,Buy,232764469
2024-08-19 13:30:03,47950.0,200,Sell,232764644
2024-08-19 13:30:21,47950.0,100,Sell,232765066
2024-08-19 13:30:54,47950.0,2000,Sell,232765826
2024-08-19 13:30:54,47950.0,400,Sell,232765825
2024-08-19 13:30:54,47950.0,2500,Sell,232765824
2024-08-19 13:30:54,47950.0,100,Sell,232765823
2024-08-19 13:30:54,47950.0,600,Sell,232765821
2024-08-19 13:30:54,47950.0,4100,Sell,232765819
2024-08-19 13:30:54,47950.0,200,Sell,232765822
2024-08-19 13:30:54,47950.0,100,Sell,232765820
2024-08-19 13:31:05,47950.0,300,Sell,232766066
2024-08-19 13:31:05,47950.0,1700,Sell,232766067
2024-08-19 13:31:49,47950.0,300,Sell,232766915
2024-08-19 13:31:49,47950.0,100,Sell,232766916
2024-08-19 13:31:53,47950.0,100,Buy,232766995
2024-08-19 13:32:04,47900.0,2600,Sell,232767210
2024-08-19 13:32:04,47900.0,200,Sell,232767211
2024-08-19 13:32:04,47900.0,2000,Sell,232767212
2024-08-19 13:32:04,47900.0,200,Sell,232767213
2024-08-19 13:32:09,47950.0,300,Buy,232767335
2024-08-19 13:32:23,47900.0,800,Sell,232767758
2024-08-19 13:32:23,47900.0,200,Sell,232767759
2024-08-19 13:32:48,47950.0,200,Buy,232768354
2024-08-19 13:32:48,47950.0,500,Buy,232768355
2024-08-19 13:32:49,47950.0,1300,Sell,232768370
2024-08-19 13:33:15,47950.0,100,Sell,232769206
2024-08-19 13:34:05,48000.0,2400,Buy,232770283
2024-08-19 13:34:05,48000.0,500,Buy,232770284
2024-08-19 13:34:05,48000.0,100,Buy,232770285
2024-08-19 13:34:41,48000.0,1000,Buy,232771331
2024-08-19 13:34:41,48000.0,200,Buy,232771332
2024-08-19 13:34:41,48000.0,500,Buy,232771329
2024-08-19 13:34:41,48000.0,100,Buy,232771330
2024-08-19 13:35:21,48000.0,100,Buy,232772257
2024-08-19 13:36:07,48000.0,300,Buy,232773834
2024-08-19 13:36:49,48000.0,200,Buy,232775035
2024-08-19 13:37:45,48000.0,500,Buy,232776377
2024-08-19 13:38:19,48000.0,400,Buy,232777153
2024-08-19 13:39:51,47950.0,5000,Sell,232779858
2024-08-19 13:41:22,47950.0,1300,Sell,232781822
2024-08-19 13:42:08,48000.0,1000,Buy,232782935
2024-08-19 13:42:08,48000.0,100,Buy,232782934
2024-08-19 13:42:08,48000.0,100,Buy,232782932
2024-08-19 13:42:08,48000.0,500,Buy,232782933
2024-08-19 13:42:08,48000.0,5000,Buy,232782930
2024-08-19 13:42:08,48000.0,5000,Buy,232782929
2024-08-19 13:42:08,48000.0,18200,Buy,232782928
2024-08-19 13:42:08,48000.0,100,Buy,232782931
2024-08-19 13:42:20,48000.0,200,Sell,232783254
2024-08-19 13:42:22,48000.0,100,Sell,232783334
2024-08-19 13:42:39,48000.0,1000,Sell,232783979
2024-08-19 13:42:55,48000.0,1100,Sell,232784527
2024-08-19 13:42:55,48000.0,400,Sell,232784528
2024-08-19 13:43:30,48000.0,4000,Buy,232785374
2024-08-19 13:43:48,48000.0,100,Buy,232785837
2024-08-19 13:43:52,48000.0,100,Buy,232785949
2024-08-19 13:43:59,48000.0,3000,Buy,232786102
2024-08-19 13:44:08,48000.0,3000,Buy,232786312
2024-08-19 13:44:08,48000.0,100,Buy,232786311
2024-08-19 13:44:08,48000.0,1100,Buy,232786309
2024-08-19 13:44:08,48000.0,1300,Buy,232786308
2024-08-19 13:44:08,48000.0,500,Buy,232786310
2024-08-19 13:44:21,48050.0,100,Buy,232786639
2024-08-19 13:44:21,48050.0,1000,Buy,232786640
2024-08-19 13:44:33,48050.0,1000,Sell,232786974
2024-08-19 13:44:52,48100.0,200,Buy,232787556
2024-08-19 13:45:05,48100.0,200,Buy,232788037
2024-08-19 13:45:14,48050.0,1000,Sell,232788454
2024-08-19 13:45:23,48100.0,400,Buy,232788693
2024-08-19 13:45:23,48100.0,400,Buy,232788725
2024-08-19 13:45:24,48100.0,400,Buy,232788743
2024-08-19 13:45:24,48100.0,400,Buy,232788739
2024-08-19 13:45:33,48100.0,4900,Buy,232789000
2024-08-19 13:45:44,48100.0,1000,Buy,232789363
2024-08-19 13:46:17,48100.0,300,Buy,232790430
2024-08-19 13:46:17,48100.0,100,Buy,232790429
2024-08-19 13:46:17,48100.0,2400,Buy,232790428
2024-08-19 13:46:17,48100.0,500,Buy,232790427
2024-08-19 13:46:17,48100.0,100,Buy,232790425
2024-08-19 13:46:17,48100.0,100,Buy,232790424
2024-08-19 13:46:17,48100.0,20000,Buy,232790423
2024-08-19 13:46:17,48100.0,100,Buy,232790422
2024-08-19 13:46:17,48100.0,500,Buy,232790426
2024-08-19 13:46:17,48100.0,200,Buy,232790420
2024-08-19 13:46:17,48100.0,1200,Buy,232790419
2024-08-19 13:46:17,48100.0,500,Buy,232790418
2024-08-19 13:46:17,48100.0,100,Buy,232790417
2024-08-19 13:46:17,48100.0,500,Buy,232790416
2024-08-19 13:46:17,48100.0,1000,Buy,232790415
2024-08-19 13:46:17,48100.0,100,Buy,232790414
2024-08-19 13:46:17,48100.0,800,Buy,232790413
2024-08-19 13:46:17,48100.0,1000,Buy,232790421
2024-08-19 13:46:23,48100.0,500,Sell,232790605
2024-08-19 13:46:27,48100.0,500,Buy,232790696
2024-08-19 13:46:36,48150.0,100,Buy,232790956
2024-08-19 13:46:40,48100.0,200,Sell,232791110
2024-08-19 13:46:44,48150.0,400,Buy,232791492
2024-08-19 13:46:45,48150.0,400,Buy,232791557
2024-08-19 13:46:48,48150.0,500,Buy,232791637
2024-08-19 13:47:05,48100.0,100,Sell,232792105
2024-08-19 13:47:21,48100.0,200,Sell,232792876
2024-08-19 13:47:34,48150.0,5000,Buy,232793321
2024-08-19 13:47:35,48150.0,1000,Buy,232793374
2024-08-19 13:47:35,48150.0,1600,Buy,232793373
2024-08-19 13:47:35,48150.0,500,Buy,232793372
2024-08-19 13:47:35,48150.0,1000,Buy,232793364
2024-08-19 13:47:35,48150.0,100,Buy,232793371
2024-08-19 13:47:35,48150.0,100,Buy,232793370
2024-08-19 13:47:35,48150.0,1000,Buy,232793369
2024-08-19 13:47:35,48150.0,1600,Buy,232793368
2024-08-19 13:47:35,48150.0,1000,Buy,232793367
2024-08-19 13:47:35,48150.0,1000,Buy,232793366
2024-08-19 13:47:35,48150.0,100,Buy,232793365
2024-08-19 13:47:35,48150.0,10000,Buy,232793363
2024-08-19 13:47:35,48150.0,100,Buy,232793352
2024-08-19 13:47:35,48150.0,300,Buy,232793361
2024-08-19 13:47:35,48150.0,1300,Buy,232793349
2024-08-19 13:47:35,48150.0,1000,Buy,232793350
2024-08-19 13:47:35,48150.0,500,Buy,232793351
2024-08-19 13:47:35,48150.0,100,Buy,232793353
2024-08-19 13:47:35,48150.0,1000,Buy,232793354
2024-08-19 13:47:35,48150.0,1400,Buy,232793362
2024-08-19 13:47:35,48150.0,200,Buy,232793356
2024-08-19 13:47:35,48150.0,500,Buy,232793357
2024-08-19 13:47:35,48150.0,500,Buy,232793358
2024-08-19 13:47:35,48150.0,1000,Buy,232793359
2024-08-19 13:47:35,48150.0,700,Buy,232793360
2024-08-19 13:47:35,48150.0,2000,Buy,232793355
2024-08-19 13:47:39,48150.0,100,Sell,232793471
2024-08-19 13:47:50,48200.0,10500,Buy,232793752
2024-08-19 13:47:50,48200.0,800,Buy,232793753
2024-08-19 13:48:00,48200.0,500,Buy,232793989
2024-08-19 13:48:12,48150.0,200,Sell,232794347
2024-08-19 13:48:37,48150.0,5000,Sell,232795111
2024-08-19 13:48:39,48200.0,4000,Buy,232795196
2024-08-19 13:48:46,48200.0,100,Buy,232795513
2024-08-19 13:48:48,48200.0,1000,Buy,232795616
2024-08-19 13:49:09,48200.0,200,Buy,232796215
2024-08-19 13:49:18,48150.0,2000,Sell,232796521
2024-08-19 13:49:36,48150.0,100,Sell,232797146
2024-08-19 13:49:37,48150.0,500,Sell,232797224
2024-08-19 13:49:52,48200.0,600,Buy,232797633
2024-08-19 13:50:00,48150.0,1000,Sell,232797879
2024-08-19 13:50:17,48150.0,500,Sell,232798471
2024-08-19 13:50:23,48150.0,1000,Sell,232798756
2024-08-19 13:50:32,48150.0,100,Sell,232799034
2024-08-19 13:50:55,48150.0,200,Sell,232799870
2024-08-19 13:50:55,48200.0,1000,Buy,232799883
2024-08-19 13:52:06,48200.0,12800,Buy,232802273
2024-08-19 13:52:06,48200.0,500,Buy,232802274
2024-08-19 13:52:06,48200.0,3000,Buy,232802275
2024-08-19 13:52:06,48200.0,100,Buy,232802276
2024-08-19 13:52:06,48200.0,200,Buy,232802277
2024-08-19 13:52:22,48200.0,2800,Buy,232802851
2024-08-19 13:52:22,48200.0,500,Buy,232802850
2024-08-19 13:52:22,48200.0,100,Buy,232802849
2024-08-19 13:52:22,48200.0,100,Buy,232802848
2024-08-19 13:52:22,48200.0,200,Buy,232802846
2024-08-19 13:52:22,48200.0,1000,Buy,232802845
2024-08-19 13:52:22,48200.0,300,Buy,232802847
2024-08-19 13:53:16,48200.0,1000,Buy,232804836
2024-08-19 13:53:20,48200.0,1000,Buy,232804966
2024-08-19 13:53:30,48200.0,6000,Buy,232805559
2024-08-19 13:53:33,48200.0,6200,Buy,232805791
2024-08-19 13:53:38,48200.0,2000,Buy,232805986
2024-08-19 13:53:52,48150.0,200,Sell,232806380
2024-08-19 13:53:52,48150.0,500,Sell,232806379
2024-08-19 13:53:52,48150.0,500,Sell,232806378
2024-08-19 13:53:52,48150.0,5000,Sell,232806376
2024-08-19 13:53:52,48150.0,400,Sell,232806375
2024-08-19 13:53:52,48150.0,2000,Sell,232806377
2024-08-19 13:53:52,48150.0,9700,Sell,232806374
2024-08-19 13:54:01,48150.0,500,Buy,232806850
2024-08-19 13:54:02,48150.0,500,Buy,232806881
2024-08-19 13:54:06,48150.0,700,Buy,232807048
2024-08-19 13:54:07,48150.0,100,Sell,232807071
2024-08-19 13:54:21,48150.0,300,Sell,232807746
2024-08-19 13:54:22,48150.0,2000,Sell,232807799
2024-08-19 13:54:54,48150.0,200,Sell,232808923
2024-08-19 13:55:04,48150.0,400,Sell,232809233
2024-08-19 13:55:34,48150.0,300,Sell,232810247
2024-08-19 13:55:34,48200.0,500,Buy,232810240
2024-08-19 13:55:34,48150.0,6300,Sell,232810246
2024-08-19 13:55:42,48150.0,100,Sell,232810513
2024-08-19 13:56:03,48200.0,200,Buy,232811079
2024-08-19 13:56:10,48200.0,1200,Buy,232811242
2024-08-19 13:56:16,48150.0,300,Sell,232811418
2024-08-19 13:56:22,48200.0,300,Buy,232811625
2024-08-19 13:56:25,48200.0,700,Buy,232811683
2024-08-19 13:56:40,48200.0,1000,Buy,232812186
2024-08-19 13:56:41,48200.0,1000,Buy,232812214
2024-08-19 13:57:08,48150.0,200,Sell,232813067
2024-08-19 13:57:08,48150.0,4800,Sell,232813068
2024-08-19 13:57:11,48200.0,1500,Buy,232813202
2024-08-19 13:57:41,48200.0,500,Buy,232813998
2024-08-19 13:57:45,48200.0,100,Buy,232814107
2024-08-19 13:57:46,48150.0,100,Sell,232814110
2024-08-19 13:58:17,48150.0,100,Sell,232815148
2024-08-19 13:58:17,48150.0,900,Sell,232815149
2024-08-19 13:58:21,48150.0,500,Sell,232815268
2024-08-19 13:58:23,48150.0,100,Sell,232815330
2024-08-19 13:58:25,48150.0,1000,Sell,232815435
2024-08-19 13:58:28,48150.0,1000,Sell,232815532
2024-08-19 13:58:28,48150.0,1000,Sell,232815531
2024-08-19 13:58:28,48150.0,900,Sell,232815530
2024-08-19 13:58:28,48150.0,1000,Sell,232815529
2024-08-19 13:58:28,48150.0,200,Sell,232815528
2024-08-19 13:58:28,48150.0,2000,Sell,232815526
2024-08-19 13:58:28,48150.0,100,Sell,232815525
2024-08-19 13:58:28,48150.0,2000,Sell,232815524
2024-08-19 13:58:28,48150.0,1000,Sell,232815523
2024-08-19 13:58:28,48150.0,1000,Sell,232815522
2024-08-19 13:58:28,48150.0,500,Sell,232815521
2024-08-19 13:58:28,48150.0,3500,Sell,232815527
2024-08-19 13:59:07,48150.0,1000,Buy,232816574
2024-08-19 13:59:22,48150.0,200,Buy,232816921
2024-08-19 13:59:25,48150.0,100,Sell,232816987
2024-08-19 13:59:25,48150.0,1000,Buy,232816980
2024-08-19 13:59:25,48150.0,500,Buy,232816977
2024-08-19 13:59:25,48150.0,200,Buy,232816978
2024-08-19 13:59:25,48150.0,5000,Buy,232816979
2024-08-19 13:59:25,48150.0,4600,Buy,232816976
2024-08-19 13:59:39,48150.0,2000,Sell,232817396
2024-08-19 13:59:43,48150.0,200,Sell,232817501
2024-08-19 13:59:44,48150.0,100,Sell,232817549
2024-08-19 13:59:46,48200.0,100,Buy,232817589
2024-08-19 13:59:47,48150.0,500,Sell,232817638
2024-08-19 13:59:47,48150.0,1000,Sell,232817645
2024-08-19 13:59:49,48150.0,100,Sell,232817715
2024-08-19 14:00:22,48150.0,300,Sell,232818494
2024-08-19 14:00:32,48150.0,1000,Sell,232818787
2024-08-19 14:00:34,48150.0,100,Sell,232818841
2024-08-19 14:00:57,48150.0,1000,Sell,232819576
2024-08-19 14:01:00,48150.0,300,Sell,232819618
2024-08-19 14:01:00,48150.0,200,Sell,232819619
2024-08-19 14:01:00,48150.0,500,Sell,232819620
2024-08-19 14:01:07,48150.0,200,Sell,232819775
2024-08-19 14:01:08,48150.0,200,Sell,232819787
2024-08-19 14:01:15,48150.0,200,Sell,232820017
2024-08-19 14:01:19,48150.0,200,Sell,232820124
2024-08-19 14:01:21,48150.0,200,Sell,232820182
2024-08-19 14:01:28,48150.0,2000,Sell,232820344
2024-08-19 14:01:36,48200.0,4800,Buy,232820516
2024-08-19 14:01:36,48200.0,1500,Buy,232820515
2024-08-19 14:01:36,48200.0,1100,Buy,232820514
2024-08-19 14:01:36,48200.0,1000,Buy,232820507
2024-08-19 14:01:36,48200.0,500,Buy,232820513
2024-08-19 14:01:36,48200.0,2000,Buy,232820512
2024-08-19 14:01:36,48200.0,500,Buy,232820511
2024-08-19 14:01:36,48200.0,100,Buy,232820510
2024-08-19 14:01:36,48200.0,100,Buy,232820509
2024-08-19 14:01:36,48200.0,200,Buy,232820508
2024-08-19 14:01:36,48200.0,1000,Buy,232820506
2024-08-19 14:01:36,48200.0,500,Buy,232820496
2024-08-19 14:01:36,48200.0,200,Buy,232820504
2024-08-19 14:01:36,48200.0,100,Buy,232820503
2024-08-19 14:01:36,48200.0,300,Buy,232820502
2024-08-19 14:01:36,48200.0,200,Buy,232820501
2024-08-19 14:01:36,48200.0,500,Buy,232820500
2024-08-19 14:01:36,48200.0,100,Buy,232820499
2024-08-19 14:01:36,48200.0,100,Buy,232820498
2024-08-19 14:01:36,48200.0,500,Buy,232820497
2024-08-19 14:01:36,48200.0,100,Buy,232820494
2024-08-19 14:01:36,48200.0,3900,Buy,232820493
2024-08-19 14:01:36,48200.0,500,Buy,232820505
2024-08-19 14:01:36,48200.0,200,Buy,232820495
2024-08-19 14:02:13,48150.0,1000,Sell,232821414
2024-08-19 14:02:25,48150.0,2000,Sell,232821705
2024-08-19 14:02:33,48150.0,1000,Sell,232821892
2024-08-19 14:02:40,48150.0,100,Sell,232822023
2024-08-19 14:02:41,48200.0,100,Buy,232822034
2024-08-19 14:03:16,48150.0,600,Sell,232822855
2024-08-19 14:03:18,48200.0,300,Buy,232822910
2024-08-19 14:03:25,48150.0,100,Sell,232823032
2024-08-19 14:03:59,48200.0,200,Buy,232823717
2024-08-19 14:03:59,48200.0,200,Buy,232823716
2024-08-19 14:03:59,48200.0,10000,Buy,232823715
2024-08-19 14:03:59,48200.0,100,Buy,232823714
2024-08-19 14:03:59,48200.0,500,Buy,232823713
2024-08-19 14:03:59,48200.0,2800,Buy,232823712
2024-08-19 14:03:59,48200.0,500,Buy,232823711
2024-08-19 14:03:59,48200.0,100,Buy,232823710
2024-08-19 14:03:59,48200.0,2800,Buy,232823709
2024-08-19 14:03:59,48200.0,100,Buy,232823718
2024-08-19 14:03:59,48200.0,200,Buy,232823707
2024-08-19 14:03:59,48200.0,500,Buy,232823706
2024-08-19 14:03:59,48200.0,200,Buy,232823705
2024-08-19 14:03:59,48200.0,900,Buy,232823704
2024-08-19 14:03:59,48200.0,2000,Buy,232823703
2024-08-19 14:03:59,48200.0,100,Buy,232823702
2024-08-19 14:03:59,48200.0,300,Buy,232823701
2024-08-19 14:03:59,48200.0,200,Buy,232823700
2024-08-19 14:03:59,48200.0,200,Buy,232823699
2024-08-19 14:03:59,48200.0,500,Buy,232823698
2024-08-19 14:03:59,48200.0,500,Buy,232823708
2024-08-19 14:04:10,48250.0,100,Buy,232823916
2024-08-19 14:04:12,48200.0,500,Sell,232823960
2024-08-19 14:04:15,48200.0,100,Sell,232824005
2024-08-19 14:04:17,48250.0,500,Buy,232824133
2024-08-19 14:04:17,48250.0,100,Buy,232824134
2024-08-19 14:04:17,48250.0,100,Buy,232824131
2024-08-19 14:04:17,48250.0,100,Buy,232824132
2024-08-19 14:04:21,48300.0,600,Buy,232824230
2024-08-19 14:04:21,48300.0,3000,Buy,232824233
2024-08-19 14:04:21,48300.0,2000,Buy,232824234
2024-08-19 14:04:21,48300.0,200,Buy,232824235
2024-08-19 14:04:21,48300.0,1000,Buy,232824236
2024-08-19 14:04:21,48300.0,1000,Buy,232824237
2024-08-19 14:04:21,48300.0,1000,Buy,232824238
2024-08-19 14:04:21,48300.0,100,Buy,232824239
2024-08-19 14:04:21,48300.0,500,Buy,232824241
2024-08-19 14:04:21,48300.0,200,Buy,232824242
2024-08-19 14:04:21,48300.0,100,Buy,232824243
2024-08-19 14:04:21,48300.0,5000,Buy,232824244
2024-08-19 14:04:21,48300.0,100,Buy,232824245
2024-08-19 14:04:21,48300.0,6400,Buy,232824246
2024-08-19 14:04:21,48300.0,100,Buy,232824240
2024-08-19 14:04:21,48300.0,200,Buy,232824228
2024-08-19 14:04:21,48300.0,100,Buy,232824229
2024-08-19 14:04:21,48300.0,500,Buy,232824226
2024-08-19 14:04:21,48250.0,100,Buy,232824211
2024-08-19 14:04:21,48250.0,2000,Buy,232824212
2024-08-19 14:04:21,48250.0,200,Buy,232824213
2024-08-19 14:04:21,48250.0,1000,Buy,232824214
2024-08-19 14:04:21,48250.0,100,Buy,232824215
2024-08-19 14:04:21,48250.0,600,Buy,232824216
2024-08-19 14:04:21,48250.0,1500,Buy,232824217
2024-08-19 14:04:21,48300.0,1000,Buy,232824227
2024-08-19 14:04:21,48250.0,1000,Buy,232824219
2024-08-19 14:04:21,48300.0,300,Buy,232824225
2024-08-19 14:04:21,48300.0,100,Buy,232824224
2024-08-19 14:04:21,48300.0,100,Buy,232824223
2024-08-19 14:04:21,48250.0,400,Buy,232824218
2024-08-19 14:04:21,48300.0,100,Buy,232824221
2024-08-19 14:04:21,48300.0,400,Buy,232824222
2024-08-19 14:04:21,48300.0,100,Buy,232824220
2024-08-19 14:04:30,48300.0,200,Buy,232824410
2024-08-19 14:05:04,48300.0,3400,Buy,232825414
2024-08-19 14:05:04,48300.0,200,Buy,232825415
2024-08-19 14:05:04,48300.0,2000,Buy,232825416
2024-08-19 14:05:04,48300.0,2000,Buy,232825417
2024-08-19 14:05:04,48300.0,100,Buy,232825418
2024-08-19 14:05:04,48300.0,600,Buy,232825426
2024-08-19 14:05:04,48300.0,300,Buy,232825420
2024-08-19 14:05:04,48300.0,4000,Buy,232825421
2024-08-19 14:05:04,48300.0,300,Buy,232825422
2024-08-19 14:05:04,48300.0,500,Buy,232825423
2024-08-19 14:05:04,48300.0,10000,Buy,232825424
2024-08-19 14:05:04,48300.0,200,Buy,232825425
2024-08-19 14:05:04,48300.0,2500,Buy,232825419
2024-08-19 14:05:13,48300.0,100,Buy,232825661
2024-08-19 14:05:13,48300.0,400,Buy,232825659
2024-08-19 14:05:13,48300.0,500,Buy,232825660
2024-08-19 14:05:22,48300.0,900,Buy,232825859
2024-08-19 14:05:49,48300.0,800,Sell,232826587
2024-08-19 14:05:56,48300.0,200,Buy,232826770
2024-08-19 14:05:56,48300.0,300,Buy,232826771
2024-08-19 14:06:12,48300.0,100,Sell,232827113
2024-08-19 14:06:13,48300.0,400,Sell,232827131
2024-08-19 14:06:13,48300.0,1600,Sell,232827132
2024-08-19 14:06:23,48300.0,2100,Sell,232827399
2024-08-19 14:06:23,48300.0,400,Sell,232827398
2024-08-19 14:06:35,48300.0,200,Buy,232827642
2024-08-19 14:08:06,48300.0,100,Buy,232830114
2024-08-19 14:08:12,48250.0,200,Sell,232830300
2024-08-19 14:08:14,48300.0,400,Buy,232830364
2024-08-19 14:08:14,48300.0,400,Buy,232830365
2024-08-19 14:08:14,48300.0,200,Buy,232830366
2024-08-19 14:08:22,48250.0,100,Buy,232830534
2024-08-19 14:08:22,48300.0,900,Buy,232830535
2024-08-19 14:08:41,48250.0,100,Sell,232831079
2024-08-19 14:08:51,48250.0,900,Buy,232831252
2024-08-19 14:08:52,48300.0,100,Buy,232831279
2024-08-19 14:09:00,48250.0,1000,Sell,232831472
2024-08-19 14:09:03,48250.0,100,Sell,232831565
2024-08-19 14:09:15,48250.0,1000,Sell,232831829
2024-08-19 14:09:19,48250.0,1000,Sell,232831923
2024-08-19 14:09:21,48250.0,500,Sell,232831958
2024-08-19 14:09:21,48250.0,200,Sell,232832017
2024-08-19 14:09:30,48250.0,500,Sell,232832183
2024-08-19 14:09:37,48250.0,5000,Sell,232832371
2024-08-19 14:09:38,48250.0,1800,Sell,232832387
2024-08-19 14:10:04,48200.0,1000,Sell,232833117
2024-08-19 14:10:26,48200.0,400,Sell,232833765
2024-08-19 14:10:26,48200.0,1000,Sell,232833766
2024-08-19 14:10:26,48200.0,800,Sell,232833767
2024-08-19 14:10:36,48200.0,100,Sell,232834061
2024-08-19 14:10:58,48200.0,5300,Sell,232834795
2024-08-19 14:10:58,48200.0,100,Sell,232834794
2024-08-19 14:11:01,48200.0,1000,Sell,232834872
2024-08-19 14:11:02,48200.0,600,Sell,232834888
2024-08-19 14:11:03,48200.0,500,Sell,232834916
2024-08-19 14:11:07,48200.0,100,Sell,232834989
2024-08-19 14:11:09,48200.0,500,Sell,232835058
2024-08-19 14:11:11,48200.0,200,Sell,232835094
2024-08-19 14:11:11,48200.0,700,Sell,232835093
2024-08-19 14:11:11,48200.0,100,Sell,232835091
2024-08-19 14:11:11,48200.0,2000,Sell,232835090
2024-08-19 14:11:11,48200.0,2000,Sell,232835092
2024-08-19 14:11:21,48200.0,200,Sell,232835414
2024-08-19 14:11:21,48200.0,1000,Sell,232835415
2024-08-19 14:11:21,48200.0,900,Sell,232835416
2024-08-19 14:11:31,48150.0,1700,Sell,232835792
2024-08-19 14:11:31,48150.0,200,Sell,232835797
2024-08-19 14:11:31,48150.0,2000,Sell,232835798
2024-08-19 14:11:31,48150.0,100,Sell,232835799
2024-08-19 14:11:50,48150.0,400,Sell,232836373
2024-08-19 14:11:50,48150.0,2800,Sell,232836374
2024-08-19 14:11:50,48150.0,1800,Sell,232836375
2024-08-19 14:11:52,48150.0,100,Sell,232836436
2024-08-19 14:11:57,48150.0,2000,Sell,232836550
2024-08-19 14:12:06,48150.0,6100,Sell,232836800
2024-08-19 14:12:06,48150.0,500,Sell,232836801
2024-08-19 14:12:06,48150.0,500,Sell,232836802
2024-08-19 14:12:12,48150.0,5800,Buy,232837007
2024-08-19 14:12:31,48150.0,10000,Sell,232837730
2024-08-19 14:12:49,48150.0,4200,Sell,232838295
2024-08-19 14:12:49,48150.0,100,Sell,232838296
2024-08-19 14:13:13,48100.0,1000,Sell,232839134
2024-08-19 14:13:13,48100.0,4000,Sell,232839135
2024-08-19 14:13:26,48100.0,15700,Sell,232839500
2024-08-19 14:13:34,48100.0,500,Sell,232839687
2024-08-19 14:13:41,48150.0,1000,Buy,232839823
2024-08-19 14:13:41,48150.0,100,Buy,232839824
2024-08-19 14:14:12,48150.0,100,Sell,232840565
2024-08-19 14:14:27,48150.0,1000,Sell,232840925
2024-08-19 14:14:27,48150.0,300,Sell,232840912
2024-08-19 14:14:53,48150.0,3500,Sell,232841697
2024-08-19 14:14:53,48150.0,100,Sell,232841698
2024-08-19 14:14:53,48150.0,1000,Sell,232841699
2024-08-19 14:14:53,48150.0,100,Sell,232841700
2024-08-19 14:15:15,48100.0,1000,Sell,232842325
2024-08-19 14:15:26,48100.0,15300,Sell,232842651
2024-08-19 14:15:42,48100.0,3500,Sell,232843265
2024-08-19 14:15:59,48100.0,100,Sell,232843871
2024-08-19 14:15:59,48100.0,100,Sell,232843870
2024-08-19 14:15:59,48100.0,1000,Sell,232843869
2024-08-19 14:15:59,48100.0,800,Sell,232843868
2024-08-19 14:15:59,48100.0,300,Sell,232843867
2024-08-19 14:15:59,48100.0,1000,Sell,232843864
2024-08-19 14:15:59,48100.0,200,Sell,232843865
2024-08-19 14:15:59,48100.0,10000,Sell,232843862
2024-08-19 14:15:59,48100.0,10000,Sell,232843861
2024-08-19 14:15:59,48100.0,500,Sell,232843866
2024-08-19 14:15:59,48100.0,6000,Sell,232843863
2024-08-19 14:16:23,48100.0,300,Sell,232844676
2024-08-19 14:16:23,48100.0,100,Sell,232844677
2024-08-19 14:16:23,48100.0,400,Sell,232844678
2024-08-19 14:16:40,48100.0,500,Buy,232845181
2024-08-19 14:17:09,48050.0,100,Sell,232846168
2024-08-19 14:17:28,48100.0,400,Buy,232846817
2024-08-19 14:17:55,48100.0,800,Buy,232847666
2024-08-19 14:17:55,48100.0,100,Buy,232847667
2024-08-19 14:17:55,48100.0,100,Buy,232847668
2024-08-19 14:17:55,48100.0,3500,Buy,232847669
2024-08-19 14:18:02,48100.0,500,Buy,232847821
2024-08-19 14:18:02,48100.0,1000,Buy,232847822
2024-08-19 14:18:29,48200.0,600,Buy,232848420
2024-08-19 14:18:29,48200.0,400,Buy,232848419
2024-08-19 14:18:29,48200.0,2100,Buy,232848421
2024-08-19 14:18:29,48200.0,1500,Buy,232848417
2024-08-19 14:18:29,48200.0,100,Buy,232848416
2024-08-19 14:18:29,48200.0,200,Buy,232848415
2024-08-19 14:18:29,48200.0,100,Buy,232848418
2024-08-19 14:18:54,48150.0,400,Sell,232849027
2024-08-19 14:19:46,48150.0,5000,Sell,232850244
2024-08-19 14:20:11,48150.0,300,Sell,232850859
2024-08-19 14:21:12,48150.0,1000,Sell,232852558
2024-08-19 14:21:30,48150.0,1000,Sell,232852976
2024-08-19 14:21:36,48150.0,2300,Sell,232853129
2024-08-19 14:21:36,48150.0,600,Sell,232853130
2024-08-19 14:21:40,48150.0,1000,Buy,232853212
2024-08-19 14:21:42,48150.0,1100,Buy,232853361
2024-08-19 14:22:12,48150.0,100,Sell,232854485
2024-08-19 14:22:15,48200.0,900,Buy,232854653
2024-08-19 14:22:15,48200.0,900,Buy,232854651
2024-08-19 14:22:15,48200.0,200,Buy,232854652
2024-08-19 14:22:42,48200.0,200,Buy,232855338
2024-08-19 14:23:11,48150.0,1100,Sell,232856103
2024-08-19 14:23:11,48150.0,3900,Sell,232856102
2024-08-19 14:23:28,48200.0,200,Buy,232856623
2024-08-19 14:24:08,48150.0,2900,Sell,232858096
2024-08-19 14:24:08,48150.0,4000,Sell,232858097
2024-08-19 14:24:08,48150.0,100,Sell,232858098
2024-08-19 14:24:41,48150.0,3000,Buy,232859022
2024-08-19 14:24:41,48150.0,100,Buy,232859023
2024-08-19 14:24:41,48150.0,200,Buy,232859024
2024-08-19 14:24:52,48150.0,9800,Sell,232859342
2024-08-19 14:24:52,48150.0,5200,Sell,232859341
2024-08-19 14:24:58,48200.0,100,Buy,232859516
2024-08-19 14:24:58,48200.0,300,Buy,232859517
2024-08-19 14:24:58,48200.0,900,Buy,232859518
2024-08-19 14:24:58,48200.0,700,Buy,232859515
2024-08-19 14:25:06,48150.0,200,Sell,232859813
2024-08-19 14:25:06,48150.0,800,Sell,232859814
2024-08-19 14:25:18,48150.0,200,Sell,232860227
2024-08-19 14:25:35,48150.0,300,Buy,232860757
2024-08-19 14:25:36,48150.0,200,Sell,232860787
2024-08-19 14:25:37,48150.0,200,Sell,232860830
2024-08-19 14:25:41,48150.0,100,Buy,232860984
2024-08-19 14:26:05,48150.0,500,Buy,232861829
2024-08-19 14:26:45,48150.0,1000,Buy,232863259
2024-08-19 14:27:09,48150.0,800,Buy,232864157
2024-08-19 14:28:01,48100.0,100,Sell,232866192
2024-08-19 14:28:07,48100.0,3000,Sell,232866413
2024-08-19 14:28:07,48150.0,1000,Buy,232866414
2024-08-19 14:28:23,48100.0,1500,Sell,232866972
2024-08-19 14:28:29,48100.0,5400,Sell,232867276
2024-08-19 14:28:29,48100.0,2000,Sell,232867277
2024-08-19 14:28:29,48100.0,2400,Sell,232867278
2024-08-19 14:28:31,48100.0,3600,Sell,232867318
2024-08-19 14:28:31,48100.0,1400,Sell,232867319
2024-08-19 14:28:51,48100.0,100,Sell,232867948
2024-08-19 14:29:03,48150.0,200,Buy,232868675
2024-08-19 14:29:03,48150.0,300,Buy,232868676
2024-08-19 14:29:07,48100.0,200,Sell,232868856
2024-08-19 14:29:11,48100.0,300,Sell,232869044
2024-08-19 14:29:11,48100.0,400,Sell,232869045
2024-08-19 14:29:11,48100.0,200,Sell,232869046
2024-08-19 14:29:11,48100.0,400,Sell,232869047
2024-08-19 14:29:11,48100.0,1000,Sell,232869048
2024-08-19 14:29:11,48100.0,1000,Sell,232869049
2024-08-19 14:29:11,48100.0,1500,Sell,232869050
2024-08-19 14:44:36,47900.0,242600,ATO/ATC,232870725
