time,price,volume,match_type,id
2024-08-14 09:14:37,46800.0,2900,ATO/ATC,231400976
2024-08-14 09:16:10,46850.0,100,Buy,231403099
2024-08-14 09:16:10,46850.0,900,Buy,231403100
2024-08-14 09:16:12,46850.0,100,Buy,231403153
2024-08-14 09:16:12,46850.0,1400,Buy,231403154
2024-08-14 09:16:30,46900.0,500,Buy,231403531
2024-08-14 09:17:20,46900.0,500,Buy,231404660
2024-08-14 09:18:27,46850.0,100,Sell,231406090
2024-08-14 09:18:47,46900.0,500,Buy,231406467
2024-08-14 09:21:19,46900.0,500,Buy,231409779
2024-08-14 09:21:19,46900.0,500,Buy,231409780
2024-08-14 09:22:00,46900.0,1000,Buy,231410521
2024-08-14 09:22:00,46900.0,1700,Buy,231410522
2024-08-14 09:22:23,46900.0,300,Buy,231411100
2024-08-14 09:22:23,46900.0,8000,Buy,231411101
2024-08-14 09:22:23,46900.0,500,Buy,231411102
2024-08-14 09:22:23,46900.0,1200,Buy,231411103
2024-08-14 09:22:32,46900.0,200,Buy,231411325
2024-08-14 09:22:44,46900.0,1500,Buy,231411531
2024-08-14 09:23:18,46950.0,100,Buy,231412185
2024-08-14 09:23:58,46950.0,100,Buy,231413088
2024-08-14 09:24:00,46950.0,300,Buy,231413144
2024-08-14 09:24:00,46950.0,1200,Buy,231413143
2024-08-14 09:24:08,46950.0,700,Buy,231413290
2024-08-14 09:24:08,46950.0,600,Buy,231413291
2024-08-14 09:24:08,46950.0,1000,Buy,231413292
2024-08-14 09:24:08,46950.0,200,Buy,231413293
2024-08-14 09:24:08,46950.0,1000,Buy,231413294
2024-08-14 09:24:08,46950.0,100,Buy,231413295
2024-08-14 09:24:22,47000.0,100,Buy,231413673
2024-08-14 09:24:48,47000.0,5200,Buy,231414328
2024-08-14 09:24:48,47000.0,500,Buy,231414326
2024-08-14 09:24:48,47000.0,100,Buy,231414325
2024-08-14 09:24:48,47000.0,200,Buy,231414327
2024-08-14 09:24:49,47000.0,3800,Buy,231414365
2024-08-14 09:24:49,47000.0,2000,Buy,231414366
2024-08-14 09:24:49,47000.0,500,Buy,231414367
2024-08-14 09:24:50,47000.0,200,Buy,231414398
2024-08-14 09:24:50,47000.0,100,Buy,231414397
2024-08-14 09:24:50,47000.0,1000,Buy,231414395
2024-08-14 09:24:50,47000.0,500,Buy,231414396
2024-08-14 09:24:50,47000.0,200,Buy,231414393
2024-08-14 09:24:50,47000.0,1500,Buy,231414392
2024-08-14 09:24:50,47000.0,200,Buy,231414391
2024-08-14 09:24:50,47000.0,600,Buy,231414390
2024-08-14 09:24:50,47000.0,1000,Buy,231414394
2024-08-14 09:24:54,47050.0,1000,Buy,231414583
2024-08-14 09:24:54,47050.0,100,Buy,231414584
2024-08-14 09:24:54,47050.0,1400,Buy,231414585
2024-08-14 09:25:13,47050.0,500,Sell,231415056
2024-08-14 09:25:58,47100.0,100,Buy,231416253
2024-08-14 09:26:24,47100.0,100,Buy,231416846
2024-08-14 09:26:24,47100.0,400,Buy,231416847
2024-08-14 09:26:26,47100.0,600,Buy,231416897
2024-08-14 09:26:40,47100.0,100,Buy,231417275
2024-08-14 09:26:40,47100.0,200,Buy,231417267
2024-08-14 09:26:43,47100.0,100,Sell,231417335
2024-08-14 09:26:54,47150.0,200,Buy,231417656
2024-08-14 09:27:11,47150.0,200,Buy,231418251
2024-08-14 09:27:11,47150.0,300,Buy,231418248
2024-08-14 09:27:11,47150.0,300,Buy,231418249
2024-08-14 09:27:11,47150.0,1000,Buy,231418250
2024-08-14 09:27:20,47150.0,100,Sell,231418518
2024-08-14 09:27:26,47150.0,300,Buy,231418682
2024-08-14 09:27:27,47150.0,200,Buy,231418690
2024-08-14 09:27:57,47150.0,1700,Buy,231419376
2024-08-14 09:27:57,47150.0,300,Buy,231419377
2024-08-14 09:28:07,47150.0,700,Buy,231419655
2024-08-14 09:28:07,47150.0,200,Buy,231419656
2024-08-14 09:28:22,47200.0,900,Buy,231420082
2024-08-14 09:28:22,47200.0,2300,Buy,231420081
2024-08-14 09:28:22,47200.0,200,Buy,231420080
2024-08-14 09:28:22,47200.0,500,Buy,231420079
2024-08-14 09:28:22,47200.0,2000,Buy,231420074
2024-08-14 09:28:22,47200.0,1000,Buy,231420077
2024-08-14 09:28:22,47200.0,300,Buy,231420076
2024-08-14 09:28:22,47200.0,200,Buy,231420075
2024-08-14 09:28:22,47200.0,2500,Buy,231420078
2024-08-14 09:28:22,47200.0,100,Buy,231420073
2024-08-14 09:28:40,47200.0,100,Buy,231420539
2024-08-14 09:28:40,47200.0,200,Buy,231420538
2024-08-14 09:28:40,47200.0,100,Buy,231420536
2024-08-14 09:28:40,47200.0,100,Buy,231420537
2024-08-14 09:28:49,47200.0,200,Buy,231420809
2024-08-14 09:28:53,47200.0,200,Buy,231420921
2024-08-14 09:29:01,47250.0,1000,Sell,231421109
2024-08-14 09:29:11,47300.0,100,Buy,231421305
2024-08-14 09:29:11,47300.0,500,Buy,231421306
2024-08-14 09:29:11,47300.0,100,Buy,231421307
2024-08-14 09:29:11,47300.0,500,Buy,231421308
2024-08-14 09:29:11,47300.0,300,Buy,231421309
2024-08-14 09:29:11,47300.0,500,Buy,231421310
2024-08-14 09:29:11,47300.0,700,Buy,231421311
2024-08-14 09:29:22,47300.0,100,Buy,231421559
2024-08-14 09:29:24,47300.0,4800,Buy,231421597
2024-08-14 09:29:24,47300.0,200,Buy,231421596
2024-08-14 09:29:38,47300.0,200,Buy,231421948
2024-08-14 09:29:42,47300.0,1000,Buy,231422049
2024-08-14 09:29:43,47300.0,900,Buy,231422063
2024-08-14 09:29:43,47300.0,200,Buy,231422064
2024-08-14 09:29:43,47300.0,100,Buy,231422065
2024-08-14 09:29:43,47300.0,200,Buy,231422066
2024-08-14 09:29:53,47350.0,100,Buy,231422313
2024-08-14 09:29:53,47350.0,300,Buy,231422314
2024-08-14 09:29:57,47300.0,300,Sell,231422397
2024-08-14 09:30:18,47300.0,200,Sell,231422930
2024-08-14 09:30:21,47300.0,100,Sell,231423014
2024-08-14 09:30:25,47300.0,100,Sell,231423093
2024-08-14 09:30:27,47350.0,2900,Buy,231423119
2024-08-14 09:30:27,47350.0,700,Buy,231423118
2024-08-14 09:30:27,47350.0,100,Buy,231423120
2024-08-14 09:30:38,47350.0,200,Sell,231423448
2024-08-14 09:30:54,47400.0,100,Buy,231423894
2024-08-14 09:30:54,47400.0,200,Buy,231423895
2024-08-14 09:30:54,47400.0,100,Buy,231423896
2024-08-14 09:30:54,47400.0,2200,Buy,231423897
2024-08-14 09:30:55,47350.0,100,Sell,231423938
2024-08-14 09:30:55,47350.0,300,Sell,231423939
2024-08-14 09:30:55,47350.0,100,Sell,231423940
2024-08-14 09:30:56,47350.0,100,Sell,231423950
2024-08-14 09:30:59,47400.0,1000,Buy,231424034
2024-08-14 09:30:59,47400.0,200,Buy,231424033
2024-08-14 09:30:59,47400.0,800,Buy,231424032
2024-08-14 09:31:02,47400.0,1000,Sell,231424090
2024-08-14 09:31:19,47400.0,200,Buy,231424489
2024-08-14 09:31:20,47400.0,400,Buy,231424516
2024-08-14 09:31:22,47400.0,1000,Buy,231424573
2024-08-14 09:31:29,47400.0,800,Buy,231424719
2024-08-14 09:31:29,47400.0,200,Buy,231424720
2024-08-14 09:31:31,47400.0,200,Buy,231424787
2024-08-14 09:31:31,47400.0,500,Buy,231424788
2024-08-14 09:31:33,47450.0,100,Buy,231424820
2024-08-14 09:31:38,47400.0,800,Sell,231424978
2024-08-14 09:31:39,47400.0,200,Buy,231424983
2024-08-14 09:31:40,47400.0,200,Sell,231424995
2024-08-14 09:31:41,47400.0,100,Sell,231425030
2024-08-14 09:31:51,47400.0,100,Sell,231425202
2024-08-14 09:31:52,47400.0,1000,Sell,231425214
2024-08-14 09:31:54,47450.0,500,Buy,231425267
2024-08-14 09:31:59,47450.0,200,Buy,231425434
2024-08-14 09:32:08,47450.0,200,Buy,231425590
2024-08-14 09:32:13,47450.0,2400,Buy,231425686
2024-08-14 09:32:13,47450.0,1000,Buy,231425685
2024-08-14 09:32:13,47450.0,200,Buy,231425684
2024-08-14 09:32:13,47450.0,400,Buy,231425682
2024-08-14 09:32:13,47450.0,300,Buy,231425673
2024-08-14 09:32:13,47450.0,100,Buy,231425669
2024-08-14 09:32:13,47450.0,1000,Buy,231425683
2024-08-14 09:32:15,47450.0,600,Buy,231425758
2024-08-14 09:32:15,47450.0,1000,Buy,231425759
2024-08-14 09:32:20,47450.0,400,Sell,231425875
2024-08-14 09:32:26,47450.0,1000,Sell,231426010
2024-08-14 09:32:26,47450.0,100,Sell,231426011
2024-08-14 09:32:26,47450.0,3900,Sell,231426012
2024-08-14 09:32:34,47450.0,100,Sell,231426179
2024-08-14 09:32:34,47450.0,100,Sell,231426180
2024-08-14 09:32:38,47450.0,200,Buy,231426289
2024-08-14 09:32:40,47450.0,200,Buy,231426343
2024-08-14 09:32:43,47450.0,100,Buy,231426437
2024-08-14 09:32:46,47400.0,900,Sell,231426496
2024-08-14 09:32:46,47400.0,1100,Sell,231426495
2024-08-14 09:32:47,47400.0,1600,Sell,231426513
2024-08-14 09:32:47,47400.0,1000,Sell,231426514
2024-08-14 09:32:47,47400.0,100,Sell,231426515
2024-08-14 09:32:59,47350.0,800,Sell,231426801
2024-08-14 09:32:59,47350.0,100,Sell,231426802
2024-08-14 09:32:59,47350.0,100,Sell,231426803
2024-08-14 09:32:59,47350.0,500,Sell,231426827
2024-08-14 09:33:19,47300.0,1200,Sell,231427256
2024-08-14 09:33:19,47300.0,400,Sell,231427253
2024-08-14 09:33:19,47300.0,500,Sell,231427254
2024-08-14 09:33:19,47300.0,300,Sell,231427255
2024-08-14 09:33:48,47200.0,1200,Sell,231427922
2024-08-14 09:33:57,47200.0,100,Sell,231428128
2024-08-14 09:34:09,47200.0,100,Sell,231428393
2024-08-14 09:34:10,47250.0,100,Buy,231428397
2024-08-14 09:34:13,47200.0,500,Sell,231428468
2024-08-14 09:34:21,47200.0,300,Sell,231428685
2024-08-14 09:34:23,47200.0,300,Sell,231428737
2024-08-14 09:34:28,47200.0,100,Sell,231428839
2024-08-14 09:34:53,47200.0,500,Buy,231429466
2024-08-14 09:35:34,47200.0,5000,Buy,231430264
2024-08-14 09:36:18,47200.0,3000,Buy,231431230
2024-08-14 09:36:28,47200.0,100,Buy,231431455
2024-08-14 09:36:32,47200.0,100,Buy,231431555
2024-08-14 09:36:32,47200.0,100,Buy,231431556
2024-08-14 09:36:49,47200.0,400,Buy,231431991
2024-08-14 09:36:49,47200.0,1000,Buy,231431992
2024-08-14 09:36:49,47200.0,100,Buy,231431993
2024-08-14 09:36:58,47200.0,1900,Buy,231432147
2024-08-14 09:36:58,47200.0,100,Buy,231432148
2024-08-14 09:37:50,47200.0,100,Buy,231433324
2024-08-14 09:38:45,47200.0,100,Sell,231434472
2024-08-14 09:38:49,47200.0,200,Sell,231434583
2024-08-14 09:38:56,47200.0,100,Sell,231434743
2024-08-14 09:39:36,47200.0,100,Sell,231435667
2024-08-14 09:39:38,47250.0,500,Buy,231435718
2024-08-14 09:39:39,47200.0,400,Sell,231435720
2024-08-14 09:39:39,47200.0,600,Sell,231435721
2024-08-14 09:39:50,47200.0,100,Sell,231436022
2024-08-14 09:39:51,47200.0,100,Sell,231436037
2024-08-14 09:40:20,47200.0,200,Sell,231436718
2024-08-14 09:40:43,47200.0,100,Sell,231437452
2024-08-14 09:41:04,47200.0,300,Sell,231438010
2024-08-14 09:41:42,47200.0,100,Sell,231439105
2024-08-14 09:41:43,47250.0,1000,Buy,231439152
2024-08-14 09:41:43,47250.0,100,Buy,231439153
2024-08-14 09:41:43,47250.0,2000,Buy,231439151
2024-08-14 09:41:43,47250.0,7400,Buy,231439150
2024-08-14 09:42:11,47300.0,1500,Buy,231439861
2024-08-14 09:42:33,47300.0,100,Buy,231440340
2024-08-14 09:42:36,47300.0,8500,Buy,231440412
2024-08-14 09:42:36,47300.0,4000,Buy,231440410
2024-08-14 09:42:36,47300.0,1000,Buy,231440411
2024-08-14 09:42:40,47300.0,1000,Buy,231440464
2024-08-14 09:42:42,47300.0,1000,Buy,231440512
2024-08-14 09:42:42,47300.0,4000,Buy,231440519
2024-08-14 09:42:45,47300.0,500,Buy,231440599
2024-08-14 09:42:46,47300.0,500,Buy,231440605
2024-08-14 09:42:46,47300.0,100,Buy,231440604
2024-08-14 09:42:46,47300.0,500,Buy,231440606
2024-08-14 09:42:46,47300.0,100,Buy,231440602
2024-08-14 09:42:46,47300.0,1000,Buy,231440601
2024-08-14 09:42:46,47300.0,100,Buy,231440603
2024-08-14 09:42:47,47300.0,300,Sell,231440626
2024-08-14 09:42:56,47350.0,300,Buy,231440848
2024-08-14 09:42:56,47350.0,200,Buy,231440849
2024-08-14 09:42:56,47350.0,1000,Buy,231440850
2024-08-14 09:42:56,47350.0,100,Buy,231440847
2024-08-14 09:43:07,47350.0,400,Sell,231441133
2024-08-14 09:43:07,47300.0,600,Sell,231441134
2024-08-14 09:43:13,47400.0,100,Buy,231441223
2024-08-14 09:43:13,47400.0,100,Buy,231441224
2024-08-14 09:43:13,47400.0,800,Buy,231441225
2024-08-14 09:43:22,47400.0,1000,Buy,231441421
2024-08-14 09:43:22,47400.0,300,Buy,231441422
2024-08-14 09:43:22,47400.0,500,Buy,231441420
2024-08-14 09:43:22,47400.0,200,Buy,231441418
2024-08-14 09:43:22,47400.0,1000,Buy,231441419
2024-08-14 09:43:45,47400.0,400,Buy,231441858
2024-08-14 09:43:45,47400.0,100,Buy,231441859
2024-08-14 09:43:45,47400.0,100,Buy,231441860
2024-08-14 09:43:45,47400.0,200,Buy,231441861
2024-08-14 09:43:46,47400.0,500,Buy,231441892
2024-08-14 09:43:51,47400.0,300,Buy,231441982
2024-08-14 09:43:51,47400.0,500,Buy,231441983
2024-08-14 09:43:57,47400.0,200,Sell,231442106
2024-08-14 09:43:57,47400.0,100,Sell,231442107
2024-08-14 09:43:57,47400.0,100,Sell,231442108
2024-08-14 09:43:59,47400.0,600,Buy,231442145
2024-08-14 09:44:03,47400.0,400,Sell,231442213
2024-08-14 09:44:07,47400.0,600,Buy,231442284
2024-08-14 09:44:12,47400.0,2000,Buy,231442470
2024-08-14 09:44:20,47450.0,300,Buy,231442624
2024-08-14 09:44:20,47450.0,700,Buy,231442625
2024-08-14 09:44:24,47450.0,500,Buy,231442731
2024-08-14 09:44:24,47450.0,100,Buy,231442730
2024-08-14 09:44:24,47450.0,4000,Buy,231442729
2024-08-14 09:44:24,47450.0,2000,Buy,231442728
2024-08-14 09:44:24,47450.0,200,Buy,231442727
2024-08-14 09:44:24,47450.0,100,Buy,231442726
2024-08-14 09:44:24,47450.0,100,Buy,231442723
2024-08-14 09:44:24,47450.0,300,Buy,231442724
2024-08-14 09:44:24,47450.0,100,Buy,231442725
2024-08-14 09:44:24,47450.0,1300,Buy,231442718
2024-08-14 09:44:24,47450.0,300,Buy,231442719
2024-08-14 09:44:24,47450.0,900,Buy,231442721
2024-08-14 09:44:24,47450.0,10000,Buy,231442720
2024-08-14 09:44:24,47450.0,5000,Buy,231442722
2024-08-14 09:44:31,47500.0,100,Buy,231442855
2024-08-14 09:44:31,47500.0,300,Buy,231442856
2024-08-14 09:44:31,47500.0,500,Buy,231442857
2024-08-14 09:44:31,47500.0,100,Buy,231442858
2024-08-14 09:44:31,47500.0,100,Buy,231442859
2024-08-14 09:44:31,47500.0,3000,Buy,231442860
2024-08-14 09:44:55,47450.0,100,Buy,231443393
2024-08-14 09:45:13,47450.0,100,Buy,231443754
2024-08-14 09:45:25,47450.0,100,Sell,231443988
2024-08-14 09:45:35,47500.0,1300,Buy,231444162
2024-08-14 09:45:35,47500.0,500,Buy,231444161
2024-08-14 09:45:35,47500.0,100,Buy,231444160
2024-08-14 09:45:35,47450.0,1000,Sell,231444153
2024-08-14 09:45:35,47500.0,500,Buy,231444158
2024-08-14 09:45:35,47500.0,7000,Buy,231444157
2024-08-14 09:45:35,47500.0,600,Buy,231444159
2024-08-14 09:46:07,47500.0,600,Buy,231444819
2024-08-14 09:46:21,47500.0,400,Buy,231445059
2024-08-14 09:46:21,47500.0,100,Buy,231445058
2024-08-14 09:46:22,47500.0,100,Buy,231445083
2024-08-14 09:46:27,47500.0,300,Buy,231445213
2024-08-14 09:46:31,47450.0,800,Sell,231445306
2024-08-14 09:46:31,47450.0,1000,Sell,231445307
2024-08-14 09:46:31,47450.0,100,Sell,231445308
2024-08-14 09:46:31,47450.0,500,Sell,231445309
2024-08-14 09:46:31,47450.0,100,Sell,231445310
2024-08-14 09:46:31,47450.0,300,Sell,231445311
2024-08-14 09:46:31,47450.0,1000,Sell,231445312
2024-08-14 09:46:31,47450.0,200,Sell,231445313
2024-08-14 09:46:31,47450.0,1000,Sell,231445314
2024-08-14 09:46:33,47500.0,200,Buy,231445334
2024-08-14 09:46:57,47400.0,100,Sell,231446013
2024-08-14 09:47:06,47400.0,400,Sell,231446190
2024-08-14 09:47:06,47400.0,1800,Sell,231446191
2024-08-14 09:47:06,47400.0,500,Sell,231446192
2024-08-14 09:47:06,47400.0,300,Sell,231446193
2024-08-14 09:47:06,47400.0,200,Sell,231446194
2024-08-14 09:47:06,47400.0,200,Sell,231446195
2024-08-14 09:47:06,47400.0,600,Sell,231446196
2024-08-14 09:47:24,47400.0,100,Buy,231446625
2024-08-14 09:47:29,47400.0,100,Sell,231446715
2024-08-14 09:47:29,47400.0,400,Buy,231446705
2024-08-14 09:47:29,47400.0,100,Buy,231446706
2024-08-14 09:47:30,47400.0,100,Sell,231446728
2024-08-14 09:47:36,47400.0,200,Sell,231446842
2024-08-14 09:47:45,47400.0,100,Sell,231447020
2024-08-14 09:47:46,47400.0,400,Buy,231447034
2024-08-14 09:47:49,47400.0,500,Sell,231447070
2024-08-14 09:48:02,47400.0,100,Sell,231447306
2024-08-14 09:48:15,47400.0,100,Sell,231447512
2024-08-14 09:48:21,47400.0,100,Sell,231447629
2024-08-14 09:48:31,47450.0,1700,Buy,231447798
2024-08-14 09:48:43,47400.0,300,Sell,231448106
2024-08-14 09:48:52,47400.0,200,Sell,231448368
2024-08-14 09:48:56,47450.0,100,Buy,231448500
2024-08-14 09:49:01,47450.0,200,Buy,231448610
2024-08-14 09:49:03,47450.0,500,Buy,231448686
2024-08-14 09:49:06,47450.0,1500,Buy,231448731
2024-08-14 09:49:12,47450.0,6000,Buy,231448987
2024-08-14 09:49:12,47450.0,500,Buy,231448988
2024-08-14 09:49:12,47450.0,200,Buy,231448989
2024-08-14 09:49:12,47450.0,1000,Buy,231448990
2024-08-14 09:49:12,47450.0,1000,Buy,231448991
2024-08-14 09:49:12,47450.0,100,Buy,231448992
2024-08-14 09:49:12,47450.0,500,Buy,231448993
2024-08-14 09:49:24,47450.0,2000,Sell,231449239
2024-08-14 09:49:24,47450.0,1000,Sell,231449237
2024-08-14 09:49:24,47450.0,700,Sell,231449236
2024-08-14 09:49:24,47450.0,200,Sell,231449238
2024-08-14 09:49:57,47450.0,1000,Buy,231450125
2024-08-14 09:49:58,47450.0,100,Buy,231450128
2024-08-14 09:50:03,47450.0,300,Buy,231450233
2024-08-14 09:50:11,47400.0,100,Sell,231450363
2024-08-14 09:50:12,47400.0,1500,Sell,231450373
2024-08-14 09:50:14,47400.0,5000,Sell,231450413
2024-08-14 09:50:17,47450.0,500,Buy,231450453
2024-08-14 09:50:20,47450.0,100,Buy,231450500
2024-08-14 09:50:22,47400.0,100,Sell,231450542
2024-08-14 09:50:26,47400.0,8700,Sell,231450649
2024-08-14 09:50:54,47400.0,100,Sell,231451191
2024-08-14 09:50:54,47400.0,200,Sell,231451185
2024-08-14 09:50:54,47400.0,500,Sell,231451186
2024-08-14 09:50:54,47400.0,100,Sell,231451187
2024-08-14 09:50:54,47400.0,100,Sell,231451188
2024-08-14 09:50:54,47400.0,100,Sell,231451189
2024-08-14 09:50:54,47400.0,1000,Sell,231451190
2024-08-14 09:50:54,47400.0,2900,Sell,231451184
2024-08-14 09:51:02,47400.0,300,Sell,231451331
2024-08-14 09:51:02,47400.0,1000,Sell,231451333
2024-08-14 09:51:02,47400.0,1000,Sell,231451330
2024-08-14 09:51:02,47400.0,1000,Sell,231451332
2024-08-14 09:51:02,47400.0,2000,Sell,231451328
2024-08-14 09:51:02,47400.0,900,Sell,231451326
2024-08-14 09:51:02,47400.0,200,Sell,231451329
2024-08-14 09:51:02,47400.0,100,Sell,231451327
2024-08-14 09:51:17,47400.0,1000,Buy,231451578
2024-08-14 09:51:30,47400.0,500,Buy,231451748
2024-08-14 09:51:49,47400.0,100,Buy,231452059
2024-08-14 09:52:05,47350.0,200,Sell,231452301
2024-08-14 09:52:05,47350.0,300,Sell,231452302
2024-08-14 09:52:18,47350.0,100,Sell,231452508
2024-08-14 09:52:33,47350.0,1000,Sell,231452761
2024-08-14 09:52:36,47350.0,500,Sell,231452797
2024-08-14 09:53:09,47350.0,300,Sell,231453538
2024-08-14 09:53:21,47350.0,100,Sell,231453857
2024-08-14 09:53:43,47350.0,1000,Sell,231454364
2024-08-14 09:53:43,47350.0,200,Sell,231454363
2024-08-14 09:53:43,47350.0,1500,Sell,231454362
2024-08-14 09:53:43,47350.0,1000,Sell,231454361
2024-08-14 09:53:43,47350.0,300,Sell,231454357
2024-08-14 09:53:43,47350.0,1000,Sell,231454359
2024-08-14 09:53:43,47350.0,100,Sell,231454358
2024-08-14 09:53:43,47350.0,500,Sell,231454360
2024-08-14 09:53:43,47350.0,8000,Sell,231454356
2024-08-14 09:54:01,47350.0,1500,Buy,231454682
2024-08-14 09:54:14,47350.0,1800,Buy,231454869
2024-08-14 09:54:14,47350.0,200,Buy,231454870
2024-08-14 09:54:19,47350.0,200,Buy,231454954
2024-08-14 09:54:25,47350.0,100,Buy,231455075
2024-08-14 09:54:25,47350.0,100,Buy,231455076
2024-08-14 09:54:44,47300.0,6300,Sell,231455357
2024-08-14 09:54:44,47300.0,300,Sell,231455358
2024-08-14 09:54:44,47300.0,1400,Sell,231455359
2024-08-14 09:54:45,47350.0,2000,Buy,231455366
2024-08-14 09:55:37,47350.0,200,Buy,231456570
2024-08-14 09:55:56,47300.0,100,Sell,231456885
2024-08-14 09:56:02,47350.0,400,Buy,231457045
2024-08-14 09:56:03,47300.0,45000,Sell,231457054
2024-08-14 09:56:03,47300.0,100,Sell,231457055
2024-08-14 09:56:09,47300.0,1000,Sell,231457140
2024-08-14 09:56:09,47300.0,500,Sell,231457139
2024-08-14 09:56:09,47300.0,100,Sell,231457138
2024-08-14 09:56:09,47300.0,1000,Sell,231457136
2024-08-14 09:56:09,47300.0,200,Sell,231457135
2024-08-14 09:56:09,47300.0,500,Sell,231457134
2024-08-14 09:56:09,47300.0,3400,Sell,231457133
2024-08-14 09:56:09,47300.0,1000,Sell,231457137
2024-08-14 09:56:12,47300.0,1000,Buy,231457201
2024-08-14 09:56:16,47300.0,1000,Buy,231457288
2024-08-14 09:56:25,47250.0,4000,Sell,231457428
2024-08-14 09:56:47,47250.0,200,Sell,231457808
2024-08-14 09:57:03,47250.0,5000,Sell,231458056
2024-08-14 09:57:15,47250.0,2000,Sell,231458332
2024-08-14 09:57:27,47250.0,1000,Sell,231458515
2024-08-14 09:57:35,47250.0,1000,Sell,231458687
2024-08-14 09:57:48,47250.0,400,Sell,231458901
2024-08-14 09:57:48,47250.0,200,Sell,231458899
2024-08-14 09:57:55,47250.0,500,Sell,231459008
2024-08-14 09:57:55,47250.0,1800,Sell,231459010
2024-08-14 09:58:08,47250.0,800,Sell,231459229
2024-08-14 09:58:08,47250.0,1400,Sell,231459230
2024-08-14 09:58:31,47250.0,600,Sell,231459642
2024-08-14 09:58:31,47250.0,4400,Sell,231459643
2024-08-14 09:58:32,47250.0,1000,Sell,231459676
2024-08-14 09:58:42,47250.0,14600,Sell,231459819
2024-08-14 09:58:42,47250.0,400,Sell,231459820
2024-08-14 09:58:42,47250.0,1800,Sell,231459821
2024-08-14 09:59:07,47250.0,100,Buy,231460250
2024-08-14 09:59:52,47250.0,1000,Buy,231461023
2024-08-14 09:59:59,47250.0,500,Buy,231461107
2024-08-14 10:00:07,47250.0,20000,Buy,231461283
2024-08-14 10:00:09,47250.0,200,Buy,231461308
2024-08-14 10:00:09,47250.0,500,Buy,231461307
2024-08-14 10:00:09,47250.0,3000,Buy,231461306
2024-08-14 10:00:09,47250.0,1900,Buy,231461304
2024-08-14 10:00:09,47250.0,400,Buy,231461305
2024-08-14 10:00:46,47250.0,100,Sell,231461992
2024-08-14 10:01:03,47250.0,100,Sell,231462278
2024-08-14 10:01:08,47250.0,400,Sell,231462338
2024-08-14 10:01:17,47250.0,100,Sell,231462487
2024-08-14 10:01:38,47300.0,100,Buy,231462882
2024-08-14 10:01:39,47300.0,1000,Buy,231462894
2024-08-14 10:01:39,47300.0,4000,Buy,231462893
2024-08-14 10:01:39,47300.0,2900,Buy,231462891
2024-08-14 10:01:39,47300.0,100,Buy,231462890
2024-08-14 10:01:39,47300.0,400,Buy,231462892
2024-08-14 10:01:58,47350.0,2000,Buy,231463243
2024-08-14 10:01:58,47350.0,200,Buy,231463242
2024-08-14 10:01:58,47350.0,1000,Buy,231463241
2024-08-14 10:01:58,47350.0,5000,Buy,231463244
2024-08-14 10:01:58,47350.0,100,Buy,231463239
2024-08-14 10:01:58,47350.0,500,Buy,231463238
2024-08-14 10:01:58,47350.0,1400,Buy,231463229
2024-08-14 10:01:58,47350.0,100,Buy,231463240
2024-08-14 10:02:15,47350.0,12000,Sell,231463482
2024-08-14 10:02:15,47350.0,8000,Sell,231463483
2024-08-14 10:02:55,47400.0,100,Buy,231464033
2024-08-14 10:02:55,47400.0,200,Buy,231464034
2024-08-14 10:02:55,47400.0,100,Buy,231464035
2024-08-14 10:02:55,47400.0,1000,Buy,231464036
2024-08-14 10:02:55,47400.0,100,Buy,231464037
2024-08-14 10:02:55,47350.0,400,Sell,231464038
2024-08-14 10:02:59,47350.0,800,Sell,231464100
2024-08-14 10:03:37,47400.0,200,Buy,231464631
2024-08-14 10:03:37,47400.0,100,Buy,231464630
2024-08-14 10:03:38,47450.0,100,Buy,231464652
2024-08-14 10:03:38,47400.0,800,Buy,231464650
2024-08-14 10:03:39,47400.0,1000,Sell,231464665
2024-08-14 10:03:40,47400.0,2000,Sell,231464667
2024-08-14 10:04:05,47400.0,1000,Sell,231465117
2024-08-14 10:04:05,47400.0,1000,Sell,231465118
2024-08-14 10:04:18,47400.0,100,Sell,231465417
2024-08-14 10:04:54,47400.0,400,Sell,231465954
2024-08-14 10:04:54,47400.0,200,Sell,231465955
2024-08-14 10:05:00,47400.0,100,Sell,231466061
2024-08-14 10:05:35,47400.0,800,Sell,231466676
2024-08-14 10:05:35,47400.0,200,Sell,231466675
2024-08-14 10:05:56,47400.0,100,Sell,231466958
2024-08-14 10:05:56,47400.0,1000,Sell,231466973
2024-08-14 10:06:07,47400.0,300,Sell,231467091
2024-08-14 10:06:10,47400.0,400,Sell,231467328
2024-08-14 10:06:13,47400.0,1000,Sell,231467376
2024-08-14 10:06:14,47400.0,100,Sell,231467406
2024-08-14 10:06:14,47400.0,2000,Sell,231467408
2024-08-14 10:06:14,47400.0,300,Sell,231467407
2024-08-14 10:06:14,47400.0,6400,Sell,231467404
2024-08-14 10:06:14,47400.0,100,Sell,231467405
2024-08-14 10:06:16,47400.0,2000,Buy,231467424
2024-08-14 10:06:24,47400.0,500,Buy,231467567
2024-08-14 10:06:48,47400.0,200,Buy,231467961
2024-08-14 10:06:49,47400.0,100,Buy,231467984
2024-08-14 10:07:28,47400.0,200,Buy,231468829
2024-08-14 10:07:28,47400.0,500,Buy,231468830
2024-08-14 10:07:28,47400.0,1000,Buy,231468827
2024-08-14 10:07:28,47400.0,400,Buy,231468826
2024-08-14 10:07:28,47400.0,900,Buy,231468828
2024-08-14 10:07:50,47350.0,1000,Sell,231469203
2024-08-14 10:08:01,47400.0,2500,Buy,231469367
2024-08-14 10:08:01,47400.0,1000,Buy,231469368
2024-08-14 10:08:01,47400.0,400,Buy,231469369
2024-08-14 10:08:01,47400.0,4200,Buy,231469370
2024-08-14 10:08:01,47400.0,100,Buy,231469371
2024-08-14 10:08:01,47400.0,500,Buy,231469372
2024-08-14 10:08:01,47400.0,200,Buy,231469373
2024-08-14 10:08:01,47400.0,100,Buy,231469374
2024-08-14 10:08:01,47400.0,500,Buy,231469375
2024-08-14 10:08:10,47400.0,100,Sell,231469505
2024-08-14 10:09:09,47400.0,200,Sell,231470256
2024-08-14 10:09:16,47400.0,200,Sell,231470382
2024-08-14 10:09:16,47400.0,100,Sell,231470383
2024-08-14 10:09:30,47400.0,900,Sell,231470608
2024-08-14 10:09:30,47400.0,300,Sell,231470609
2024-08-14 10:09:30,47400.0,800,Sell,231470610
2024-08-14 10:09:36,47400.0,100,Sell,231470670
2024-08-14 10:09:53,47400.0,600,Sell,231470991
2024-08-14 10:09:53,47400.0,400,Sell,231470992
2024-08-14 10:10:05,47450.0,500,Buy,231471229
2024-08-14 10:10:05,47450.0,400,Buy,231471227
2024-08-14 10:10:05,47450.0,500,Buy,231471228
2024-08-14 10:10:06,47450.0,500,Buy,231471274
2024-08-14 10:10:06,47450.0,600,Buy,231471278
2024-08-14 10:10:06,47450.0,700,Buy,231471277
2024-08-14 10:10:06,47450.0,300,Buy,231471276
2024-08-14 10:10:06,47450.0,100,Buy,231471275
2024-08-14 10:10:06,47450.0,200,Buy,231471273
2024-08-14 10:10:06,47450.0,200,Buy,231471267
2024-08-14 10:10:06,47450.0,200,Buy,231471266
2024-08-14 10:10:06,47450.0,100,Buy,231471265
2024-08-14 10:10:06,47450.0,100,Buy,231471264
2024-08-14 10:10:06,47450.0,1000,Buy,231471263
2024-08-14 10:10:06,47450.0,100,Buy,231471262
2024-08-14 10:10:06,47450.0,500,Buy,231471272
2024-08-14 10:10:07,47450.0,4700,Buy,231471292
2024-08-14 10:10:07,47450.0,1200,Buy,231471301
2024-08-14 10:10:07,47450.0,200,Buy,231471300
2024-08-14 10:10:07,47450.0,1300,Buy,231471297
2024-08-14 10:10:07,47450.0,2600,Buy,231471296
2024-08-14 10:10:07,47450.0,2500,Buy,231471295
2024-08-14 10:10:07,47450.0,1200,Buy,231471294
2024-08-14 10:10:07,47450.0,1000,Buy,231471291
2024-08-14 10:10:07,47450.0,200,Buy,231471302
2024-08-14 10:10:07,47450.0,700,Buy,231471289
2024-08-14 10:10:07,47450.0,400,Buy,231471288
2024-08-14 10:10:07,47450.0,600,Buy,231471287
2024-08-14 10:10:07,47450.0,200,Buy,231471286
2024-08-14 10:10:07,47450.0,100,Buy,231471285
2024-08-14 10:10:07,47450.0,800,Buy,231471284
2024-08-14 10:10:07,47450.0,200,Buy,231471283
2024-08-14 10:10:07,47450.0,200,Buy,231471282
2024-08-14 10:10:07,47450.0,1000,Buy,231471281
2024-08-14 10:10:07,47450.0,300,Buy,231471290
2024-08-14 10:10:08,47450.0,2900,Buy,231471321
2024-08-14 10:10:08,47450.0,500,Buy,231471320
2024-08-14 10:10:08,47450.0,1100,Buy,231471315
2024-08-14 10:10:08,47450.0,100,Buy,231471314
2024-08-14 10:10:08,47450.0,5100,Buy,231471313
2024-08-14 10:10:08,47450.0,4800,Buy,231471319
2024-08-14 10:10:12,47500.0,300,Buy,231471401
2024-08-14 10:10:12,47500.0,100,Buy,231471449
2024-08-14 10:10:12,47500.0,1400,Buy,231471448
2024-08-14 10:10:12,47500.0,2100,Buy,231471404
2024-08-14 10:10:12,47500.0,2000,Buy,231471403
2024-08-14 10:10:12,47500.0,300,Buy,231471402
2024-08-14 10:10:12,47500.0,1100,Buy,231471400
2024-08-14 10:10:12,47500.0,500,Buy,231471393
2024-08-14 10:10:12,47500.0,100,Buy,231471398
2024-08-14 10:10:12,47500.0,100,Buy,231471397
2024-08-14 10:10:12,47500.0,100,Buy,231471396
2024-08-14 10:10:12,47500.0,100,Buy,231471395
2024-08-14 10:10:12,47500.0,10000,Buy,231471394
2024-08-14 10:10:12,47500.0,300,Buy,231471450
2024-08-14 10:10:12,47500.0,500,Buy,231471392
2024-08-14 10:10:12,47500.0,500,Buy,231471399
2024-08-14 10:10:12,47500.0,2000,Buy,231471451
2024-08-14 10:10:12,47500.0,200,Buy,231471459
2024-08-14 10:10:12,47500.0,2000,Buy,231471453
2024-08-14 10:10:12,47500.0,100,Buy,231471470
2024-08-14 10:10:12,47500.0,100,Buy,231471469
2024-08-14 10:10:12,47500.0,500,Buy,231471468
2024-08-14 10:10:12,47500.0,2000,Buy,231471467
2024-08-14 10:10:12,47500.0,400,Buy,231471466
2024-08-14 10:10:12,47500.0,200,Buy,231471465
2024-08-14 10:10:12,47500.0,3000,Buy,231471391
2024-08-14 10:10:12,47500.0,1500,Buy,231471462
2024-08-14 10:10:12,47500.0,500,Buy,231471461
2024-08-14 10:10:12,47500.0,500,Buy,231471460
2024-08-14 10:10:12,47500.0,300,Buy,231471458
2024-08-14 10:10:12,47500.0,1000,Buy,231471457
2024-08-14 10:10:12,47500.0,800,Buy,231471456
2024-08-14 10:10:12,47500.0,1000,Buy,231471455
2024-08-14 10:10:12,47500.0,900,Buy,231471454
2024-08-14 10:10:12,47500.0,1000,Buy,231471452
2024-08-14 10:10:12,47500.0,3000,Buy,231471390
2024-08-14 10:10:12,47500.0,500,Buy,231471464
2024-08-14 10:10:12,47500.0,100,Buy,231471388
2024-08-14 10:10:12,47500.0,3000,Buy,231471367
2024-08-14 10:10:12,47500.0,3000,Buy,231471366
2024-08-14 10:10:12,47500.0,100,Buy,231471365
2024-08-14 10:10:12,47500.0,300,Buy,231471363
2024-08-14 10:10:12,47500.0,100,Buy,231471362
2024-08-14 10:10:12,47500.0,100,Buy,231471361
2024-08-14 10:10:12,47500.0,100,Buy,231471360
2024-08-14 10:10:12,47500.0,5000,Buy,231471368
2024-08-14 10:10:12,47500.0,100,Buy,231471359
2024-08-14 10:10:12,47500.0,1600,Buy,231471357
2024-08-14 10:10:12,47500.0,500,Buy,231471356
2024-08-14 10:10:12,47500.0,200,Buy,231471355
2024-08-14 10:10:12,47500.0,100,Buy,231471354
2024-08-14 10:10:12,47500.0,1000,Buy,231471353
2024-08-14 10:10:12,47500.0,300,Buy,231471352
2024-08-14 10:10:12,47500.0,400,Buy,231471389
2024-08-14 10:10:12,47500.0,1100,Buy,231471358
2024-08-14 10:10:12,47500.0,2900,Buy,231471369
2024-08-14 10:10:12,47500.0,1000,Buy,231471463
2024-08-14 10:10:12,47500.0,200,Buy,231471371
2024-08-14 10:10:12,47500.0,100,Buy,231471386
2024-08-14 10:10:12,47500.0,800,Buy,231471385
2024-08-14 10:10:12,47500.0,1000,Buy,231471384
2024-08-14 10:10:12,47500.0,100,Buy,231471383
2024-08-14 10:10:12,47500.0,500,Buy,231471382
2024-08-14 10:10:12,47500.0,500,Buy,231471381
2024-08-14 10:10:12,47500.0,1000,Buy,231471380
2024-08-14 10:10:12,47500.0,2700,Buy,231471370
2024-08-14 10:10:12,47500.0,100,Buy,231471387
2024-08-14 10:10:12,47500.0,100,Buy,231471378
2024-08-14 10:10:12,47500.0,5000,Buy,231471372
2024-08-14 10:10:12,47500.0,1000,Buy,231471373
2024-08-14 10:10:12,47500.0,200,Buy,231471374
2024-08-14 10:10:12,47500.0,100,Buy,231471379
2024-08-14 10:10:12,47500.0,100,Buy,231471376
2024-08-14 10:10:12,47500.0,500,Buy,231471377
2024-08-14 10:10:12,47500.0,300,Buy,231471375
2024-08-14 10:10:24,47550.0,1000,Buy,231471650
2024-08-14 10:10:27,47500.0,500,Buy,231471715
2024-08-14 10:10:49,47550.0,500,Buy,231472079
2024-08-14 10:10:53,47550.0,3500,Buy,231472148
2024-08-14 10:10:53,47550.0,200,Buy,231472149
2024-08-14 10:10:53,47550.0,300,Buy,231472150
2024-08-14 10:10:59,47550.0,200,Buy,231472225
2024-08-14 10:10:59,47550.0,800,Buy,231472226
2024-08-14 10:11:11,47550.0,4200,Buy,231472376
2024-08-14 10:11:11,47550.0,5800,Buy,231472377
2024-08-14 10:11:14,47550.0,500,Buy,231472436
2024-08-14 10:11:15,47550.0,500,Buy,231472439
2024-08-14 10:11:17,47550.0,100,Buy,231472462
2024-08-14 10:11:17,47550.0,200,Buy,231472463
2024-08-14 10:11:18,47550.0,400,Buy,231472501
2024-08-14 10:11:19,47550.0,300,Buy,231472524
2024-08-14 10:11:19,47550.0,100,Buy,231472525
2024-08-14 10:11:19,47550.0,100,Buy,231472526
2024-08-14 10:11:20,47550.0,100,Buy,231472528
2024-08-14 10:11:20,47550.0,900,Buy,231472529
2024-08-14 10:11:23,47550.0,100,Buy,231472587
2024-08-14 10:11:23,47550.0,100,Buy,231472588
2024-08-14 10:11:24,47550.0,100,Buy,231472618
2024-08-14 10:11:24,47550.0,300,Buy,231472617
2024-08-14 10:11:24,47550.0,100,Buy,231472602
2024-08-14 10:11:24,47550.0,100,Buy,231472607
2024-08-14 10:11:24,47550.0,200,Buy,231472606
2024-08-14 10:11:24,47550.0,100,Buy,231472608
2024-08-14 10:11:25,47550.0,100,Buy,231472632
2024-08-14 10:11:25,47600.0,100,Buy,231472637
2024-08-14 10:11:25,47550.0,100,Buy,231472631
2024-08-14 10:11:25,47550.0,200,Buy,231472630
2024-08-14 10:11:25,47550.0,100,Buy,231472629
2024-08-14 10:11:25,47550.0,600,Buy,231472628
2024-08-14 10:11:25,47550.0,300,Buy,231472625
2024-08-14 10:11:25,47550.0,100,Buy,231472624
2024-08-14 10:11:37,47600.0,200,Buy,231472787
2024-08-14 10:11:37,47600.0,100,Buy,231472786
2024-08-14 10:11:37,47600.0,300,Buy,231472783
2024-08-14 10:11:37,47600.0,800,Buy,231472784
2024-08-14 10:11:37,47600.0,2000,Buy,231472782
2024-08-14 10:11:37,47600.0,1600,Buy,231472785
2024-08-14 10:11:40,47600.0,300,Buy,231472841
2024-08-14 10:11:40,47600.0,100,Buy,231472842
2024-08-14 10:11:40,47600.0,200,Buy,231472843
2024-08-14 10:11:40,47600.0,400,Buy,231472844
2024-08-14 10:11:40,47600.0,100,Buy,231472845
2024-08-14 10:11:40,47600.0,100,Buy,231472846
2024-08-14 10:11:40,47600.0,100,Buy,231472847
2024-08-14 10:11:40,47600.0,100,Buy,231472848
2024-08-14 10:11:40,47600.0,200,Buy,231472849
2024-08-14 10:11:41,47600.0,100,Buy,231472859
2024-08-14 10:11:43,47600.0,100,Buy,231472900
2024-08-14 10:11:43,47600.0,200,Buy,231472899
2024-08-14 10:11:43,47600.0,300,Buy,231472897
2024-08-14 10:11:43,47600.0,3800,Buy,231472901
2024-08-14 10:11:43,47600.0,300,Buy,231472898
2024-08-14 10:11:43,47600.0,500,Buy,231472895
2024-08-14 10:11:43,47600.0,1300,Buy,231472894
2024-08-14 10:11:43,47600.0,500,Buy,231472893
2024-08-14 10:11:43,47600.0,1000,Buy,231472896
2024-08-14 10:11:44,47600.0,2200,Buy,231472916
2024-08-14 10:11:44,47600.0,100,Buy,231472917
2024-08-14 10:11:45,47650.0,500,Buy,231472942
2024-08-14 10:11:45,47650.0,1000,Buy,231472941
2024-08-14 10:11:45,47650.0,1000,Buy,231472939
2024-08-14 10:11:45,47650.0,800,Buy,231472940
2024-08-14 10:11:45,47650.0,200,Buy,231472937
2024-08-14 10:11:45,47650.0,200,Buy,231472936
2024-08-14 10:11:45,47650.0,200,Buy,231472935
2024-08-14 10:11:45,47650.0,100,Buy,231472934
2024-08-14 10:11:45,47650.0,1000,Buy,231472938
2024-08-14 10:11:52,47700.0,100,Buy,231473029
2024-08-14 10:12:08,47700.0,1000,Buy,231473288
2024-08-14 10:12:08,47700.0,100,Buy,231473289
2024-08-14 10:12:08,47700.0,100,Buy,231473290
2024-08-14 10:12:08,47700.0,200,Buy,231473291
2024-08-14 10:12:08,47700.0,700,Buy,231473292
2024-08-14 10:12:10,47700.0,100,Buy,231473328
2024-08-14 10:12:10,47700.0,800,Buy,231473329
2024-08-14 10:12:10,47700.0,100,Buy,231473330
2024-08-14 10:12:12,47700.0,100,Buy,231473357
2024-08-14 10:12:12,47700.0,200,Buy,231473358
2024-08-14 10:12:15,47700.0,300,Buy,231473429
2024-08-14 10:12:15,47700.0,100,Buy,231473430
2024-08-14 10:12:15,47700.0,300,Buy,231473431
2024-08-14 10:12:19,47700.0,100,Sell,231473484
2024-08-14 10:12:25,47700.0,200,Sell,231473567
2024-08-14 10:12:25,47700.0,300,Sell,231473568
2024-08-14 10:12:26,47750.0,9000,Buy,231473589
2024-08-14 10:12:26,47750.0,300,Buy,231473573
2024-08-14 10:12:26,47700.0,1000,Buy,231473588
2024-08-14 10:12:35,47700.0,1000,Buy,231473714
2024-08-14 10:12:43,47700.0,600,Sell,231473835
2024-08-14 10:12:51,47700.0,400,Sell,231473996
2024-08-14 10:12:51,47700.0,100,Sell,231473997
2024-08-14 10:12:53,47700.0,300,Sell,231474025
2024-08-14 10:12:53,47650.0,700,Sell,231474026
2024-08-14 10:13:03,47750.0,1000,Buy,231474192
2024-08-14 10:13:07,47700.0,100,Sell,231474260
2024-08-14 10:13:19,47700.0,100,Sell,231474437
2024-08-14 10:13:19,47700.0,300,Sell,231474441
2024-08-14 10:13:19,47700.0,500,Sell,231474442
2024-08-14 10:14:08,47700.0,1000,Buy,231475040
2024-08-14 10:14:08,47700.0,100,Buy,231475039
2024-08-14 10:14:08,47700.0,400,Buy,231475038
2024-08-14 10:14:08,47700.0,200,Buy,231475034
2024-08-14 10:14:08,47700.0,100,Buy,231475036
2024-08-14 10:14:08,47700.0,200,Buy,231475035
2024-08-14 10:14:08,47700.0,500,Buy,231475037
2024-08-14 10:14:14,47700.0,100,Sell,231475247
2024-08-14 10:14:18,47700.0,1000,Sell,231475296
2024-08-14 10:14:20,47700.0,100,Sell,231475325
2024-08-14 10:14:26,47650.0,500,Sell,231475395
2024-08-14 10:14:26,47650.0,300,Sell,231475393
2024-08-14 10:14:26,47650.0,2000,Sell,231475394
2024-08-14 10:14:26,47650.0,100,Sell,231475391
2024-08-14 10:14:26,47700.0,400,Sell,231475389
2024-08-14 10:14:26,47650.0,1000,Sell,231475392
2024-08-14 10:14:26,47700.0,500,Sell,231475390
2024-08-14 10:14:31,47650.0,1600,Buy,231475469
2024-08-14 10:14:44,47650.0,3600,Buy,231475669
2024-08-14 10:14:51,47700.0,100,Buy,231475792
2024-08-14 10:15:00,47700.0,200,Buy,231475936
2024-08-14 10:15:38,47650.0,1400,Sell,231476559
2024-08-14 10:15:38,47650.0,900,Sell,231476560
2024-08-14 10:15:38,47650.0,100,Sell,231476561
2024-08-14 10:15:38,47650.0,2000,Sell,231476562
2024-08-14 10:15:38,47650.0,200,Sell,231476563
2024-08-14 10:15:51,47600.0,5000,Sell,231476759
2024-08-14 10:15:51,47600.0,100,Sell,231476758
2024-08-14 10:15:51,47600.0,1000,Sell,231476756
2024-08-14 10:15:51,47600.0,300,Sell,231476757
2024-08-14 10:15:51,47600.0,2700,Sell,231476755
2024-08-14 10:16:09,47600.0,500,Buy,231476988
2024-08-14 10:16:12,47600.0,100,Buy,231477029
2024-08-14 10:16:25,47600.0,300,Buy,231477196
2024-08-14 10:16:25,47600.0,100,Buy,231477197
2024-08-14 10:16:25,47600.0,200,Buy,231477198
2024-08-14 10:16:29,47600.0,100,Buy,231477257
2024-08-14 10:16:30,47600.0,100,Buy,231477300
2024-08-14 10:16:33,47600.0,100,Buy,231477365
2024-08-14 10:16:34,47600.0,500,Buy,231477369
2024-08-14 10:16:35,47600.0,100,Buy,231477385
2024-08-14 10:16:45,47650.0,200,Buy,231477621
2024-08-14 10:17:04,47600.0,100,Sell,231477913
2024-08-14 10:17:04,47600.0,1900,Sell,231477911
2024-08-14 10:17:04,47600.0,200,Sell,231477912
2024-08-14 10:17:16,47550.0,700,Sell,231478033
2024-08-14 10:17:27,47550.0,200,Sell,231478174
2024-08-14 10:18:17,47600.0,100,Buy,231479036
2024-08-14 10:18:27,47550.0,2000,Sell,231479179
2024-08-14 10:18:39,47550.0,100,Sell,231479402
2024-08-14 10:18:57,47550.0,1200,Sell,231479671
2024-08-14 10:19:01,47550.0,500,Sell,231479718
2024-08-14 10:19:56,47600.0,500,Buy,231480565
2024-08-14 10:20:00,47550.0,200,Sell,231480606
2024-08-14 10:20:07,47600.0,100,Buy,231480764
2024-08-14 10:20:36,47550.0,100,Sell,231481239
2024-08-14 10:20:36,47550.0,700,Sell,231481240
2024-08-14 10:20:36,47550.0,100,Sell,231481237
2024-08-14 10:20:36,47550.0,100,Sell,231481238
2024-08-14 10:21:31,47550.0,300,Sell,231482147
2024-08-14 10:21:38,47550.0,2000,Sell,231482275
2024-08-14 10:22:01,47550.0,2000,Sell,231482601
2024-08-14 10:22:01,47550.0,500,Sell,231482602
2024-08-14 10:22:01,47550.0,300,Sell,231482603
2024-08-14 10:22:01,47550.0,500,Sell,231482604
2024-08-14 10:22:01,47550.0,1000,Sell,231482605
2024-08-14 10:22:01,47550.0,100,Sell,231482606
2024-08-14 10:22:01,47550.0,200,Sell,231482607
2024-08-14 10:22:01,47550.0,400,Sell,231482608
2024-08-14 10:22:18,47550.0,100,Sell,231482794
2024-08-14 10:22:21,47550.0,500,Sell,231482844
2024-08-14 10:22:21,47550.0,500,Sell,231482842
2024-08-14 10:22:21,47550.0,100,Sell,231482843
2024-08-14 10:22:59,47500.0,500,Sell,231483340
2024-08-14 10:22:59,47500.0,10000,Sell,231483341
2024-08-14 10:22:59,47500.0,1000,Sell,231483342
2024-08-14 10:22:59,47500.0,600,Sell,231483343
2024-08-14 10:22:59,47500.0,300,Sell,231483344
2024-08-14 10:22:59,47500.0,100,Sell,231483345
2024-08-14 10:22:59,47500.0,2500,Sell,231483346
2024-08-14 10:23:01,47550.0,400,Buy,231483369
2024-08-14 10:23:01,47550.0,100,Buy,231483370
2024-08-14 10:23:11,47550.0,500,Buy,231483620
2024-08-14 10:23:23,47550.0,100,Buy,231483797
2024-08-14 10:24:23,47500.0,100,Sell,231484580
2024-08-14 10:24:39,47500.0,1200,Sell,231484782
2024-08-14 10:24:39,47500.0,1400,Sell,231484783
2024-08-14 10:24:39,47500.0,100,Sell,231484781
2024-08-14 10:25:09,47500.0,500,Sell,231485218
2024-08-14 10:26:27,47500.0,400,Sell,231486417
2024-08-14 10:27:17,47550.0,300,Buy,231487238
2024-08-14 10:27:17,47550.0,300,Buy,231487239
2024-08-14 10:27:17,47550.0,500,Buy,231487240
2024-08-14 10:27:17,47550.0,100,Buy,231487241
2024-08-14 10:27:17,47550.0,1000,Buy,231487242
2024-08-14 10:27:17,47550.0,2000,Buy,231487243
2024-08-14 10:27:17,47550.0,1700,Buy,231487244
2024-08-14 10:27:32,47550.0,100,Buy,231487392
2024-08-14 10:27:32,47550.0,500,Buy,231487398
2024-08-14 10:27:32,47550.0,1000,Buy,231487397
2024-08-14 10:27:32,47550.0,2000,Buy,231487396
2024-08-14 10:27:32,47550.0,1300,Buy,231487391
2024-08-14 10:27:32,47550.0,1000,Buy,231487394
2024-08-14 10:27:32,47550.0,100,Buy,231487395
2024-08-14 10:27:32,47550.0,500,Buy,231487393
2024-08-14 10:28:05,47550.0,600,Sell,231487754
2024-08-14 10:28:09,47600.0,1100,Buy,231487799
2024-08-14 10:28:09,47600.0,100,Buy,231487800
2024-08-14 10:28:09,47600.0,1000,Buy,231487801
2024-08-14 10:28:09,47600.0,800,Buy,231487802
2024-08-14 10:28:16,47600.0,500,Buy,231487913
2024-08-14 10:28:16,47600.0,200,Buy,231487914
2024-08-14 10:28:16,47600.0,1200,Buy,231487911
2024-08-14 10:28:16,47600.0,100,Buy,231487912
2024-08-14 10:28:28,47600.0,200,Sell,231488080
2024-08-14 10:28:33,47650.0,200,Buy,231488111
2024-08-14 10:28:36,47600.0,100,Sell,231488139
2024-08-14 10:28:48,47600.0,500,Sell,231488417
2024-08-14 10:29:04,47600.0,2200,Sell,231488641
2024-08-14 10:29:04,47600.0,200,Sell,231488642
2024-08-14 10:29:04,47600.0,200,Sell,231488643
2024-08-14 10:29:04,47600.0,200,Sell,231488644
2024-08-14 10:29:04,47600.0,100,Sell,231488645
2024-08-14 10:29:09,47600.0,100,Buy,231488701
2024-08-14 10:29:15,47600.0,400,Sell,231488757
2024-08-14 10:29:39,47550.0,200,Sell,231489053
2024-08-14 10:29:39,47550.0,500,Sell,231489052
2024-08-14 10:30:13,47550.0,100,Sell,231489418
2024-08-14 10:30:13,47550.0,1900,Sell,231489419
2024-08-14 10:30:46,47550.0,600,Sell,231489765
2024-08-14 10:30:48,47600.0,200,Buy,231489787
2024-08-14 10:30:48,47600.0,100,Buy,231489788
2024-08-14 10:30:48,47600.0,100,Buy,231489789
2024-08-14 10:30:48,47600.0,500,Buy,231489790
2024-08-14 10:31:08,47600.0,100,Sell,231490120
2024-08-14 10:31:08,47600.0,400,Sell,231490121
2024-08-14 10:31:10,47650.0,500,Buy,231490138
2024-08-14 10:31:57,47650.0,600,Buy,231490955
2024-08-14 10:32:21,47650.0,100,Buy,231491183
2024-08-14 10:32:54,47600.0,1000,Sell,231491601
2024-08-14 10:33:02,47600.0,4800,Sell,231491720
2024-08-14 10:33:02,47600.0,100,Sell,231491721
2024-08-14 10:33:02,47600.0,200,Sell,231491722
2024-08-14 10:33:02,47600.0,100,Sell,231491723
2024-08-14 10:33:02,47600.0,200,Sell,231491724
2024-08-14 10:33:02,47600.0,1600,Sell,231491725
2024-08-14 10:33:05,47600.0,100,Sell,231491744
2024-08-14 10:33:55,47600.0,100,Buy,231492293
2024-08-14 10:35:42,47550.0,2000,Sell,231493702
2024-08-14 10:37:02,47550.0,500,Sell,231494836
2024-08-14 10:37:02,47550.0,100,Sell,231494835
2024-08-14 10:37:02,47550.0,100,Sell,231494833
2024-08-14 10:37:02,47550.0,100,Sell,231494834
2024-08-14 10:37:05,47550.0,500,Sell,231494917
2024-08-14 10:37:29,47550.0,400,Sell,231495407
2024-08-14 10:37:35,47550.0,600,Sell,231495517
2024-08-14 10:38:25,47500.0,200,Sell,231496374
2024-08-14 10:38:29,47500.0,500,Sell,231496471
2024-08-14 10:38:36,47500.0,700,Sell,231496583
2024-08-14 10:38:38,47500.0,1300,Sell,231496600
2024-08-14 10:38:38,47500.0,200,Sell,231496601
2024-08-14 10:38:38,47500.0,100,Sell,231496602
2024-08-14 10:38:38,47500.0,400,Sell,231496603
2024-08-14 10:38:44,47500.0,4800,Sell,231496688
2024-08-14 10:38:44,47500.0,100,Sell,231496686
2024-08-14 10:38:44,47500.0,300,Sell,231496687
2024-08-14 10:38:51,47500.0,100,Sell,231496800
2024-08-14 10:38:51,47500.0,700,Sell,231496801
2024-08-14 10:38:51,47500.0,200,Sell,231496799
2024-08-14 10:39:01,47500.0,300,Sell,231496938
2024-08-14 10:39:01,47500.0,1700,Sell,231496939
2024-08-14 10:39:01,47500.0,300,Sell,231496942
2024-08-14 10:39:01,47500.0,500,Sell,231496943
2024-08-14 10:39:01,47500.0,200,Sell,231496944
2024-08-14 10:39:02,47500.0,100,Sell,231496957
2024-08-14 10:39:10,47550.0,1700,Buy,231497110
2024-08-14 10:39:10,47500.0,2900,Buy,231497108
2024-08-14 10:39:10,47550.0,400,Buy,231497109
2024-08-14 10:39:49,47500.0,400,Buy,231497736
2024-08-14 10:40:56,47500.0,500,Sell,231498923
2024-08-14 10:41:23,47500.0,2100,Sell,231499398
2024-08-14 10:41:23,47500.0,100,Sell,231499399
2024-08-14 10:41:23,47500.0,500,Sell,231499400
2024-08-14 10:41:23,47500.0,400,Sell,231499401
2024-08-14 10:41:47,47500.0,100,Buy,231499730
2024-08-14 10:42:24,47450.0,300,Sell,231500340
2024-08-14 10:42:24,47450.0,400,Sell,231500341
2024-08-14 10:42:24,47450.0,300,Sell,231500342
2024-08-14 10:42:41,47450.0,6000,Sell,231500737
2024-08-14 10:42:46,47450.0,500,Sell,231500898
2024-08-14 10:42:46,47450.0,200,Sell,231500899
2024-08-14 10:42:46,47450.0,3700,Sell,231500896
2024-08-14 10:42:46,47450.0,300,Sell,231500897
2024-08-14 10:43:04,47450.0,200,Buy,231501306
2024-08-14 10:43:21,47450.0,2000,Buy,231501471
2024-08-14 10:44:16,47400.0,200,Sell,231502164
2024-08-14 10:44:20,47400.0,100,Sell,231502206
2024-08-14 10:44:20,47400.0,400,Sell,231502207
2024-08-14 10:44:55,47400.0,100,Sell,231502659
2024-08-14 10:44:57,47450.0,400,Buy,231502678
2024-08-14 10:45:43,47450.0,100,Buy,231503302
2024-08-14 10:46:08,47450.0,100,Buy,231503637
2024-08-14 10:46:44,47450.0,500,Buy,231504365
2024-08-14 10:47:21,47450.0,1100,Buy,231504908
2024-08-14 10:47:35,47400.0,200,Sell,231505081
2024-08-14 10:47:35,47400.0,1500,Sell,231505079
2024-08-14 10:47:35,47400.0,300,Sell,231505080
2024-08-14 10:47:56,47400.0,500,Sell,231505530
2024-08-14 10:48:21,47450.0,100,Buy,231505954
2024-08-14 10:49:47,47450.0,200,Buy,231507387
2024-08-14 10:51:06,47450.0,100,Buy,231508792
2024-08-14 10:51:22,47400.0,200,Sell,231509089
2024-08-14 10:51:22,47400.0,100,Sell,231509101
2024-08-14 10:51:22,47400.0,3000,Sell,231509100
2024-08-14 10:51:22,47400.0,100,Sell,231509097
2024-08-14 10:51:22,47400.0,200,Sell,231509096
2024-08-14 10:51:22,47400.0,500,Sell,231509099
2024-08-14 10:51:22,47400.0,100,Sell,231509094
2024-08-14 10:51:22,47400.0,100,Sell,231509093
2024-08-14 10:51:22,47400.0,500,Sell,231509092
2024-08-14 10:51:22,47400.0,2000,Sell,231509091
2024-08-14 10:51:22,47400.0,300,Sell,231509090
2024-08-14 10:51:22,47400.0,5000,Sell,231509095
2024-08-14 10:51:22,47400.0,600,Sell,231509098
2024-08-14 10:51:34,47400.0,100,Buy,231509277
2024-08-14 10:51:52,47400.0,5600,Buy,231509564
2024-08-14 10:52:28,47400.0,2000,Buy,231510182
2024-08-14 10:52:33,47350.0,800,Sell,231510287
2024-08-14 10:52:33,47350.0,1200,Sell,231510288
2024-08-14 10:52:43,47350.0,100,Sell,231510430
2024-08-14 10:52:43,47300.0,2100,Sell,231510432
2024-08-14 10:52:43,47350.0,700,Sell,231510431
2024-08-14 10:52:43,47350.0,500,Sell,231510429
2024-08-14 10:52:43,47350.0,2000,Sell,231510427
2024-08-14 10:52:43,47350.0,3800,Sell,231510424
2024-08-14 10:52:43,47350.0,200,Sell,231510428
2024-08-14 10:52:43,47350.0,300,Sell,231510426
2024-08-14 10:52:43,47350.0,300,Sell,231510425
2024-08-14 10:52:57,47300.0,500,Sell,231510646
2024-08-14 10:52:57,47300.0,200,Sell,231510647
2024-08-14 10:53:03,47300.0,500,Sell,231510739
2024-08-14 10:53:11,47300.0,100,Sell,231510831
2024-08-14 10:53:49,47300.0,1600,Sell,231511263
2024-08-14 10:53:49,47300.0,400,Sell,231511264
2024-08-14 10:54:20,47300.0,100,Sell,231511671
2024-08-14 10:54:20,47300.0,700,Sell,231511672
2024-08-14 10:54:20,47350.0,300,Sell,231511669
2024-08-14 10:54:20,47350.0,2000,Sell,231511668
2024-08-14 10:54:20,47300.0,100,Sell,231511670
2024-08-14 10:54:40,47300.0,300,Sell,231511902
2024-08-14 10:54:40,47300.0,100,Sell,231511903
2024-08-14 10:55:03,47350.0,100,Sell,231512191
2024-08-14 10:55:03,47350.0,1900,Sell,231512192
2024-08-14 10:58:08,47400.0,400,Buy,231514757
2024-08-14 10:58:09,47400.0,400,Buy,231514814
2024-08-14 10:58:10,47400.0,400,Buy,231514854
2024-08-14 10:58:13,47400.0,500,Buy,231514905
2024-08-14 10:58:15,47400.0,300,Buy,231514920
2024-08-14 10:58:23,47350.0,2000,Sell,231515048
2024-08-14 10:59:17,47350.0,1000,Sell,231515901
2024-08-14 10:59:23,47400.0,200,Buy,231515966
2024-08-14 10:59:50,47400.0,200,Buy,231516286
2024-08-14 11:00:02,47350.0,300,Sell,231516423
2024-08-14 11:00:52,47400.0,1400,Buy,231517231
2024-08-14 11:00:52,47400.0,400,Buy,231517247
2024-08-14 11:00:53,47400.0,400,Buy,231517275
2024-08-14 11:00:54,47350.0,100,Sell,231517285
2024-08-14 11:01:04,47400.0,2500,Buy,231517461
2024-08-14 11:01:15,47400.0,500,Buy,231517642
2024-08-14 11:01:15,47400.0,100,Buy,231517641
2024-08-14 11:01:15,47400.0,3000,Buy,231517643
2024-08-14 11:01:15,47400.0,1000,Buy,231517639
2024-08-14 11:01:15,47400.0,2500,Buy,231517638
2024-08-14 11:01:15,47400.0,3000,Buy,231517640
2024-08-14 11:01:31,47400.0,300,Buy,231517924
2024-08-14 11:01:56,47450.0,100,Buy,231518450
2024-08-14 11:01:57,47450.0,100,Buy,231518452
2024-08-14 11:01:57,47450.0,1000,Buy,231518453
2024-08-14 11:01:57,47450.0,1200,Buy,231518454
2024-08-14 11:01:58,47450.0,3800,Buy,231518474
2024-08-14 11:01:58,47450.0,500,Buy,231518475
2024-08-14 11:03:07,47450.0,500,Sell,231519563
2024-08-14 11:03:07,47450.0,500,Sell,231519564
2024-08-14 11:03:12,47500.0,400,Buy,231519694
2024-08-14 11:03:13,47500.0,400,Buy,231519721
2024-08-14 11:03:23,47450.0,200,Sell,231519910
2024-08-14 11:03:23,47450.0,300,Sell,231519909
2024-08-14 11:03:26,47500.0,500,Buy,231519946
2024-08-14 11:03:36,47500.0,700,Buy,231520139
2024-08-14 11:03:46,47500.0,100,Buy,231520328
2024-08-14 11:03:47,47500.0,500,Buy,231520368
2024-08-14 11:03:50,47500.0,200,Buy,231520408
2024-08-14 11:03:50,47500.0,1500,Buy,231520409
2024-08-14 11:03:50,47500.0,300,Buy,231520410
2024-08-14 11:03:58,47500.0,1200,Buy,231520520
2024-08-14 11:03:58,47500.0,200,Buy,231520521
2024-08-14 11:03:58,47500.0,600,Buy,231520522
2024-08-14 11:04:13,47500.0,300,Buy,231520841
2024-08-14 11:04:24,47450.0,1900,Sell,231521050
2024-08-14 11:04:24,47450.0,1100,Sell,231521049
2024-08-14 11:04:24,47450.0,1800,Sell,231521048
2024-08-14 11:05:32,47350.0,3300,Sell,231522315
2024-08-14 11:05:32,47350.0,100,Sell,231522314
2024-08-14 11:05:32,47350.0,2000,Sell,231522313
2024-08-14 11:05:32,47400.0,4200,Sell,231522307
2024-08-14 11:05:32,47350.0,1600,Sell,231522312
2024-08-14 11:05:32,47350.0,200,Sell,231522311
2024-08-14 11:05:32,47350.0,1000,Sell,231522310
2024-08-14 11:05:32,47350.0,100,Sell,231522309
2024-08-14 11:05:32,47400.0,900,Sell,231522308
2024-08-14 11:05:32,47400.0,500,Sell,231522306
2024-08-14 11:05:32,47450.0,3800,Sell,231522298
2024-08-14 11:05:32,47400.0,2000,Sell,231522304
2024-08-14 11:05:32,47450.0,1200,Sell,231522295
2024-08-14 11:05:32,47450.0,500,Sell,231522296
2024-08-14 11:05:32,47450.0,1000,Sell,231522297
2024-08-14 11:05:32,47450.0,400,Sell,231522299
2024-08-14 11:05:32,47400.0,1000,Sell,231522305
2024-08-14 11:05:32,47450.0,300,Sell,231522301
2024-08-14 11:05:32,47400.0,700,Sell,231522303
2024-08-14 11:05:32,47450.0,100,Sell,231522300
2024-08-14 11:05:32,47450.0,100,Sell,231522302
2024-08-14 11:09:19,47400.0,200,Sell,231525664
2024-08-14 11:09:19,47400.0,300,Sell,231525665
2024-08-14 11:09:59,47400.0,600,Sell,231526154
2024-08-14 11:10:14,47400.0,200,Sell,231526382
2024-08-14 11:12:11,47400.0,1000,Sell,231527931
2024-08-14 11:13:04,47400.0,2900,Sell,231528827
2024-08-14 11:13:04,47400.0,200,Sell,231528828
2024-08-14 11:13:04,47400.0,100,Sell,231528829
2024-08-14 11:13:04,47400.0,100,Sell,231528830
2024-08-14 11:13:28,47400.0,500,Buy,231529170
2024-08-14 11:14:43,47400.0,1000,Buy,231531008
2024-08-14 11:14:43,47450.0,1000,Buy,231531009
2024-08-14 11:14:43,47450.0,500,Buy,231531010
2024-08-14 11:14:43,47450.0,1000,Buy,231531011
2024-08-14 11:14:43,47450.0,1100,Buy,231531012
2024-08-14 11:14:43,47400.0,400,Buy,231531007
2024-08-14 11:15:24,47450.0,100,Buy,231531602
2024-08-14 11:15:53,47450.0,100,Buy,231532092
2024-08-14 11:15:58,47450.0,100,Buy,231532153
2024-08-14 11:15:58,47450.0,200,Buy,231532152
2024-08-14 11:15:58,47450.0,700,Buy,231532151
2024-08-14 11:16:37,47450.0,200,Buy,231532820
2024-08-14 11:16:58,47450.0,1500,Buy,231533075
2024-08-14 11:17:17,47450.0,500,Sell,231533402
2024-08-14 11:17:48,47450.0,1000,Sell,231533865
2024-08-14 11:19:52,47450.0,500,Sell,231535654
2024-08-14 11:19:58,47400.0,100,Sell,231535714
2024-08-14 11:20:08,47400.0,400,Sell,231535821
2024-08-14 11:21:08,47450.0,500,Buy,231536703
2024-08-14 11:21:08,47450.0,2000,Buy,231536704
2024-08-14 11:21:24,47450.0,500,Sell,231536878
2024-08-14 11:21:38,47400.0,1300,Sell,231537041
2024-08-14 11:21:38,47400.0,2700,Sell,231537040
2024-08-14 11:21:55,47400.0,400,Sell,231537276
2024-08-14 11:21:58,47450.0,200,Buy,231537305
2024-08-14 11:22:34,47450.0,300,Buy,231537888
2024-08-14 11:22:34,47450.0,300,Buy,231537889
2024-08-14 11:23:13,47450.0,400,Sell,231538423
2024-08-14 11:23:13,47450.0,100,Sell,231538424
2024-08-14 11:23:17,47450.0,400,Sell,231538474
2024-08-14 11:23:51,47450.0,100,Buy,231538829
2024-08-14 11:28:07,47450.0,400,Buy,231542075
2024-08-14 11:29:13,47400.0,2300,Sell,231542854
2024-08-14 11:29:13,47400.0,2200,Sell,231542855
2024-08-14 12:59:42,47400.0,600,Sell,231543379
2024-08-14 12:59:42,47400.0,100,Sell,231543376
2024-08-14 12:59:42,47400.0,1000,Sell,231543377
2024-08-14 12:59:42,47400.0,300,Sell,231543378
2024-08-14 12:59:43,47400.0,100,Sell,231543956
2024-08-14 12:59:43,47400.0,100,Sell,231544015
2024-08-14 12:59:44,47400.0,200,Sell,231544316
2024-08-14 12:59:44,47400.0,200,Sell,231544317
2024-08-14 12:59:44,47400.0,700,Sell,231544352
2024-08-14 12:59:45,47400.0,6000,Sell,231544684
2024-08-14 12:59:45,47400.0,200,Sell,231544683
2024-08-14 12:59:45,47400.0,100,Sell,231544682
2024-08-14 12:59:45,47400.0,100,Sell,231544641
2024-08-14 12:59:45,47400.0,3000,Sell,231544681
2024-08-14 12:59:48,47400.0,200,Sell,231545589
2024-08-14 12:59:48,47400.0,200,Sell,231545590
2024-08-14 12:59:48,47400.0,500,Sell,231545603
2024-08-14 12:59:50,47400.0,100,Sell,231545804
2024-08-14 12:59:50,47400.0,100,Sell,231545805
2024-08-14 13:00:37,47350.0,1000,Sell,231547144
2024-08-14 13:00:48,47350.0,200,Sell,231547319
2024-08-14 13:01:31,47350.0,1000,Sell,231547902
2024-08-14 13:01:36,47350.0,1800,Sell,231547995
2024-08-14 13:01:42,47350.0,1000,Sell,231548116
2024-08-14 13:01:50,47350.0,1000,Sell,231548255
2024-08-14 13:02:04,47350.0,600,Sell,231548587
2024-08-14 13:03:26,47400.0,200,Buy,231549995
2024-08-14 13:03:29,47350.0,300,Sell,231550039
2024-08-14 13:04:48,47400.0,100,Buy,231551671
2024-08-14 13:05:32,47400.0,100,Buy,231552470
2024-08-14 13:05:36,47350.0,800,Sell,231552526
2024-08-14 13:05:36,47350.0,200,Sell,231552527
2024-08-14 13:06:03,47400.0,100,Buy,231553081
2024-08-14 13:06:03,47400.0,1000,Buy,231553080
2024-08-14 13:06:03,47400.0,1400,Buy,231553078
2024-08-14 13:07:15,47400.0,900,Buy,231554722
2024-08-14 13:07:15,47400.0,1300,Buy,231554723
2024-08-14 13:07:16,47400.0,500,Buy,231554733
2024-08-14 13:07:27,47400.0,100,Buy,231554971
2024-08-14 13:07:34,47400.0,200,Buy,231555099
2024-08-14 13:07:37,47400.0,200,Buy,231555156
2024-08-14 13:07:38,47400.0,1000,Buy,231555257
2024-08-14 13:07:47,47400.0,1000,Buy,231555412
2024-08-14 13:07:47,47400.0,100,Buy,231555411
2024-08-14 13:07:47,47400.0,500,Buy,231555409
2024-08-14 13:07:47,47400.0,1500,Buy,231555410
2024-08-14 13:07:47,47400.0,3700,Buy,231555408
2024-08-14 13:09:16,47450.0,100,Buy,231557289
2024-08-14 13:09:29,47450.0,200,Buy,231557516
2024-08-14 13:09:29,47450.0,100,Buy,231557517
2024-08-14 13:09:29,47450.0,300,Buy,231557515
2024-08-14 13:09:37,47400.0,100,Sell,231557608
2024-08-14 13:09:52,47400.0,300,Sell,231557917
2024-08-14 13:09:52,47400.0,700,Sell,231557918
2024-08-14 13:09:53,47400.0,500,Sell,231557936
2024-08-14 13:10:59,47400.0,2000,Sell,231559324
2024-08-14 13:11:36,47400.0,500,Sell,231560029
2024-08-14 13:11:36,47400.0,4000,Sell,231560028
2024-08-14 13:11:36,47400.0,500,Sell,231560027
2024-08-14 13:11:36,47400.0,2000,Sell,231560026
2024-08-14 13:11:36,47400.0,1000,Sell,231560024
2024-08-14 13:11:36,47400.0,500,Sell,231560023
2024-08-14 13:11:36,47400.0,5000,Sell,231560025
2024-08-14 13:11:59,47400.0,700,Buy,231560444
2024-08-14 13:11:59,47400.0,1300,Buy,231560445
2024-08-14 13:12:02,47400.0,500,Buy,231560572
2024-08-14 13:12:36,47350.0,1000,Sell,231561230
2024-08-14 13:14:37,47350.0,4500,Sell,231563868
2024-08-14 13:14:37,47350.0,4800,Sell,231563867
2024-08-14 13:14:37,47400.0,300,Buy,231563864
2024-08-14 13:14:37,47400.0,3000,Buy,231563862
2024-08-14 13:14:37,47400.0,100,Buy,231563863
2024-08-14 13:14:37,47400.0,2600,Buy,231563861
2024-08-14 13:15:09,47400.0,1000,Buy,231564856
2024-08-14 13:15:41,47350.0,300,Sell,231565844
2024-08-14 13:16:09,47350.0,200,Sell,231566399
2024-08-14 13:16:09,47350.0,800,Sell,231566400
2024-08-14 13:16:19,47400.0,300,Buy,231566666
2024-08-14 13:16:49,47400.0,400,Buy,231567423
2024-08-14 13:16:50,47400.0,100,Buy,231567426
2024-08-14 13:17:08,47350.0,600,Sell,231567853
2024-08-14 13:17:08,47350.0,1000,Sell,231567852
2024-08-14 13:17:08,47350.0,300,Sell,231567851
2024-08-14 13:17:08,47350.0,1000,Sell,231567850
2024-08-14 13:17:08,47350.0,100,Sell,231567848
2024-08-14 13:17:08,47350.0,1700,Sell,231567847
2024-08-14 13:17:08,47350.0,1600,Sell,231567849
2024-08-14 13:17:12,47350.0,400,Sell,231567945
2024-08-14 13:17:12,47350.0,100,Sell,231567946
2024-08-14 13:17:22,47350.0,900,Sell,231568189
2024-08-14 13:17:22,47350.0,1000,Sell,231568190
2024-08-14 13:17:22,47350.0,1500,Sell,231568191
2024-08-14 13:18:15,47350.0,1000,Sell,231570054
2024-08-14 13:21:16,47400.0,1000,Buy,231575215
2024-08-14 13:21:30,47350.0,200,Sell,231575477
2024-08-14 13:21:33,47400.0,200,Buy,231575546
2024-08-14 13:22:01,47400.0,300,Buy,231576044
2024-08-14 13:22:10,47400.0,100,Buy,231576213
2024-08-14 13:22:16,47400.0,100,Buy,231576424
2024-08-14 13:22:22,47400.0,3200,Buy,231576549
2024-08-14 13:22:22,47400.0,200,Buy,231576550
2024-08-14 13:22:25,47400.0,8000,Buy,231576670
2024-08-14 13:22:25,47400.0,300,Buy,231576668
2024-08-14 13:22:25,47400.0,400,Buy,231576667
2024-08-14 13:22:25,47400.0,700,Buy,231576669
2024-08-14 13:22:25,47400.0,500,Buy,231576665
2024-08-14 13:22:25,47400.0,200,Buy,231576664
2024-08-14 13:22:25,47400.0,9800,Buy,231576663
2024-08-14 13:22:25,47400.0,100,Buy,231576666
2024-08-14 13:22:30,47400.0,200,Buy,231576757
2024-08-14 13:22:34,47400.0,500,Buy,231576855
2024-08-14 13:22:34,47400.0,100,Buy,231576881
2024-08-14 13:22:37,47400.0,5000,Buy,231576913
2024-08-14 13:22:49,47400.0,6200,Buy,231577170
2024-08-14 13:22:49,47400.0,2900,Buy,231577171
2024-08-14 13:23:04,47400.0,10000,Sell,231577558
2024-08-14 13:23:19,47450.0,300,Buy,231577812
2024-08-14 13:23:28,47400.0,100,Sell,231577981
2024-08-14 13:23:28,47400.0,1000,Sell,231577982
2024-08-14 13:23:28,47400.0,900,Sell,231577979
2024-08-14 13:23:28,47400.0,500,Sell,231577980
2024-08-14 13:23:37,47400.0,2500,Buy,231578166
2024-08-14 13:23:37,47400.0,1000,Buy,231578167
2024-08-14 13:23:54,47300.0,600,Sell,231578592
2024-08-14 13:23:54,47350.0,200,Sell,231578591
2024-08-14 13:23:54,47350.0,500,Sell,231578590
2024-08-14 13:23:54,47350.0,1900,Sell,231578589
2024-08-14 13:23:54,47350.0,300,Sell,231578588
2024-08-14 13:23:54,47350.0,1000,Sell,231578587
2024-08-14 13:23:54,47350.0,5000,Sell,231578586
2024-08-14 13:23:54,47350.0,200,Sell,231578585
2024-08-14 13:23:54,47350.0,100,Sell,231578584
2024-08-14 13:23:54,47350.0,100,Sell,231578582
2024-08-14 13:23:54,47350.0,100,Sell,231578581
2024-08-14 13:23:54,47350.0,200,Sell,231578580
2024-08-14 13:23:54,47350.0,2000,Sell,231578579
2024-08-14 13:23:54,47350.0,2300,Sell,231578578
2024-08-14 13:23:54,47400.0,1000,Sell,231578577
2024-08-14 13:23:54,47400.0,1000,Sell,231578576
2024-08-14 13:23:54,47400.0,1500,Sell,231578575
2024-08-14 13:23:54,47350.0,2000,Sell,231578583
2024-08-14 13:24:28,47300.0,300,Sell,231579287
2024-08-14 13:24:45,47300.0,300,Sell,231579540
2024-08-14 13:24:45,47300.0,500,Sell,231579538
2024-08-14 13:24:45,47300.0,500,Sell,231579539
2024-08-14 13:24:45,47300.0,100,Sell,231579536
2024-08-14 13:24:45,47300.0,500,Sell,231579537
2024-08-14 13:24:45,47300.0,100,Sell,231579535
2024-08-14 13:25:05,47300.0,600,Sell,231579878
2024-08-14 13:25:05,47300.0,200,Sell,231579876
2024-08-14 13:25:05,47300.0,200,Sell,231579877
2024-08-14 13:25:31,47300.0,6800,Sell,231580454
2024-08-14 13:25:31,47300.0,200,Sell,231580453
2024-08-14 13:25:31,47300.0,1000,Sell,231580452
2024-08-14 13:25:31,47300.0,400,Sell,231580447
2024-08-14 13:25:31,47300.0,200,Sell,231580450
2024-08-14 13:25:31,47300.0,100,Sell,231580448
2024-08-14 13:25:31,47300.0,1000,Sell,231580451
2024-08-14 13:25:31,47300.0,300,Sell,231580449
2024-08-14 13:26:16,47300.0,100,Sell,231581333
2024-08-14 13:27:14,47350.0,1000,Sell,231583086
2024-08-14 13:27:25,47350.0,500,Sell,231583365
2024-08-14 13:27:26,47350.0,500,Sell,231583408
2024-08-14 13:27:26,47350.0,1300,Sell,231583409
2024-08-14 13:27:26,47300.0,1300,Sell,231583410
2024-08-14 13:29:05,47300.0,1800,Sell,231586033
2024-08-14 13:29:05,47300.0,200,Sell,231586034
2024-08-14 13:29:06,47300.0,500,Sell,231586045
2024-08-14 13:29:45,47400.0,400,Buy,231587194
2024-08-14 13:29:52,47400.0,1000,Buy,231587414
2024-08-14 13:30:23,47400.0,400,Buy,231588174
2024-08-14 13:30:24,47400.0,200,Buy,231588209
2024-08-14 13:30:24,47400.0,800,Buy,231588210
2024-08-14 13:31:03,47400.0,1400,Buy,231589283
2024-08-14 13:31:10,47400.0,200,Buy,231589519
2024-08-14 13:31:27,47350.0,500,Sell,231589919
2024-08-14 13:31:41,47350.0,500,Sell,231590178
2024-08-14 13:33:08,47300.0,1000,Sell,231592851
2024-08-14 13:33:31,47350.0,500,Buy,231593352
2024-08-14 13:33:31,47350.0,600,Buy,231593353
2024-08-14 13:33:31,47350.0,100,Buy,231593354
2024-08-14 13:33:51,47350.0,100,Buy,231593888
2024-08-14 13:34:06,47300.0,800,Sell,231594319
2024-08-14 13:34:06,47300.0,1600,Sell,231594320
2024-08-14 13:34:06,47300.0,100,Sell,231594321
2024-08-14 13:34:06,47300.0,100,Sell,231594322
2024-08-14 13:34:06,47300.0,100,Sell,231594323
2024-08-14 13:34:06,47300.0,300,Sell,231594324
2024-08-14 13:34:35,47300.0,100,Sell,231595016
2024-08-14 13:34:35,47300.0,700,Sell,231595013
2024-08-14 13:34:35,47300.0,500,Sell,231595014
2024-08-14 13:34:35,47300.0,500,Sell,231595015
2024-08-14 13:34:37,47300.0,1000,Sell,231595116
2024-08-14 13:34:38,47300.0,100,Sell,231595119
2024-08-14 13:34:38,47300.0,100,Sell,231595120
2024-08-14 13:34:38,47300.0,800,Sell,231595121
2024-08-14 13:34:43,47300.0,200,Sell,231595194
2024-08-14 13:35:42,47250.0,100,Sell,231596801
2024-08-14 13:36:46,47300.0,100,Buy,231598923
2024-08-14 13:37:23,47300.0,100,Buy,231600135
2024-08-14 13:37:47,47300.0,400,Buy,231600748
2024-08-14 13:38:03,47300.0,200,Buy,231601140
2024-08-14 13:38:49,47250.0,1000,Sell,231602228
2024-08-14 13:39:01,47250.0,100,Sell,231602668
2024-08-14 13:39:01,47250.0,300,Sell,231602667
2024-08-14 13:39:01,47250.0,1000,Sell,231602664
2024-08-14 13:39:01,47250.0,100,Sell,231602665
2024-08-14 13:39:01,47250.0,400,Sell,231602666
2024-08-14 13:39:17,47250.0,2000,Sell,231603043
2024-08-14 13:39:17,47250.0,100,Sell,231603044
2024-08-14 13:39:17,47250.0,500,Sell,231603045
2024-08-14 13:39:17,47250.0,500,Sell,231603046
2024-08-14 13:39:17,47250.0,100,Sell,231603047
2024-08-14 13:39:17,47250.0,3100,Sell,231603048
2024-08-14 13:39:49,47250.0,300,Sell,231603845
2024-08-14 13:40:15,47250.0,100,Sell,231604417
2024-08-14 13:40:15,47250.0,200,Sell,231604418
2024-08-14 13:40:37,47250.0,1000,Sell,231604981
2024-08-14 13:40:37,47250.0,600,Sell,231604982
2024-08-14 13:40:37,47250.0,2000,Sell,231604983
2024-08-14 13:40:37,47250.0,300,Sell,231604984
2024-08-14 13:40:40,47250.0,200,Sell,231605040
2024-08-14 13:40:40,47250.0,3800,Sell,231605041
2024-08-14 13:40:43,47250.0,100,Sell,231605129
2024-08-14 13:40:55,47250.0,100,Sell,231605467
2024-08-14 13:40:59,47300.0,200,Buy,231605564
2024-08-14 13:41:28,47250.0,1000,Sell,231606183
2024-08-14 13:41:39,47250.0,300,Sell,231606398
2024-08-14 13:41:41,47250.0,100,Sell,231606456
2024-08-14 13:42:49,47300.0,2000,Buy,231608130
2024-08-14 13:43:13,47300.0,2000,Buy,231608737
2024-08-14 13:43:23,47300.0,600,Buy,231608888
2024-08-14 13:43:40,47250.0,600,Sell,231609301
2024-08-14 13:43:40,47250.0,400,Sell,231609302
2024-08-14 13:43:43,47300.0,2000,Buy,231609368
2024-08-14 13:43:53,47300.0,2000,Buy,231609635
2024-08-14 13:44:04,47250.0,100,Sell,231609849
2024-08-14 13:44:13,47250.0,800,Sell,231610089
2024-08-14 13:44:13,47250.0,800,Sell,231610088
2024-08-14 13:44:25,47250.0,100,Sell,231610383
2024-08-14 13:45:50,47250.0,200,Sell,231612380
2024-08-14 13:45:58,47250.0,500,Sell,231612625
2024-08-14 13:46:15,47250.0,1000,Sell,231613373
2024-08-14 13:46:43,47250.0,400,Sell,231614337
2024-08-14 13:48:02,47250.0,200,Sell,231617471
2024-08-14 13:48:02,47250.0,1000,Sell,231617487
2024-08-14 13:48:52,47250.0,100,Sell,231618920
2024-08-14 13:49:26,47250.0,300,Sell,231619837
2024-08-14 13:49:26,47250.0,200,Sell,231619838
2024-08-14 13:49:39,47250.0,600,Sell,231620179
2024-08-14 13:49:39,47250.0,100,Sell,231620178
2024-08-14 13:49:39,47250.0,300,Sell,231620177
2024-08-14 13:49:45,47250.0,100,Sell,231620322
2024-08-14 13:50:17,47250.0,300,Sell,231621165
2024-08-14 13:50:20,47250.0,1000,Sell,231621217
2024-08-14 13:50:20,47250.0,1000,Sell,231621215
2024-08-14 13:50:20,47250.0,100,Sell,231621216
2024-08-14 13:51:11,47250.0,1000,Sell,231622408
2024-08-14 13:51:13,47300.0,100,Buy,231622466
2024-08-14 13:51:34,47250.0,1000,Sell,231623013
2024-08-14 13:51:45,47300.0,1100,Buy,231623325
2024-08-14 13:51:45,47300.0,300,Buy,231623326
2024-08-14 13:51:45,47300.0,500,Buy,231623327
2024-08-14 13:51:45,47300.0,100,Buy,231623328
2024-08-14 13:51:50,47250.0,1000,Sell,231623514
2024-08-14 13:52:07,47250.0,1000,Sell,231624057
2024-08-14 13:52:15,47250.0,1000,Sell,231624269
2024-08-14 13:52:36,47300.0,200,Buy,231624825
2024-08-14 13:53:22,47300.0,200,Buy,231625906
2024-08-14 13:54:23,47300.0,1500,Buy,231627557
2024-08-14 13:54:23,47300.0,2900,Buy,231627558
2024-08-14 13:54:23,47300.0,100,Buy,231627559
2024-08-14 13:54:23,47300.0,200,Buy,231627560
2024-08-14 13:54:23,47300.0,300,Buy,231627561
2024-08-14 13:54:31,47250.0,200,Sell,231627704
2024-08-14 13:54:31,47250.0,100,Sell,231627705
2024-08-14 13:54:31,47250.0,700,Sell,231627706
2024-08-14 13:54:32,47300.0,200,Buy,231627756
2024-08-14 13:54:32,47300.0,200,Buy,231627755
2024-08-14 13:54:52,47250.0,300,Sell,231628326
2024-08-14 13:56:03,47300.0,4000,Buy,231630111
2024-08-14 13:56:03,47300.0,100,Buy,231630112
2024-08-14 13:56:03,47300.0,900,Buy,231630110
2024-08-14 13:56:10,47300.0,100,Buy,231630352
2024-08-14 13:56:10,47300.0,1000,Buy,231630353
2024-08-14 13:56:10,47300.0,200,Buy,231630354
2024-08-14 13:56:10,47300.0,1000,Buy,231630355
2024-08-14 13:56:10,47300.0,600,Buy,231630356
2024-08-14 13:56:10,47300.0,200,Buy,231630357
2024-08-14 13:56:10,47300.0,1900,Buy,231630358
2024-08-14 13:56:17,47300.0,200,Buy,231630591
2024-08-14 13:56:21,47300.0,100,Buy,231630666
2024-08-14 13:56:21,47300.0,1900,Buy,231630665
2024-08-14 13:56:21,47300.0,200,Buy,231630664
2024-08-14 13:56:26,47300.0,700,Buy,231630803
2024-08-14 13:56:26,47300.0,300,Buy,231630804
2024-08-14 13:56:26,47300.0,200,Buy,231630807
2024-08-14 13:56:26,47300.0,800,Buy,231630808
2024-08-14 13:56:27,47300.0,200,Buy,231630815
2024-08-14 13:56:27,47300.0,100,Buy,231630818
2024-08-14 13:56:27,47300.0,1700,Buy,231630819
2024-08-14 13:56:35,47300.0,300,Buy,231631025
2024-08-14 13:56:42,47300.0,500,Buy,231631223
2024-08-14 13:56:42,47300.0,1300,Buy,231631222
2024-08-14 13:56:42,47300.0,500,Buy,231631220
2024-08-14 13:56:42,47300.0,3000,Buy,231631219
2024-08-14 13:56:42,47300.0,200,Buy,231631221
2024-08-14 13:56:44,47300.0,200,Buy,231631283
2024-08-14 13:57:10,47350.0,100,Buy,231631963
2024-08-14 13:57:11,47350.0,400,Buy,231631967
2024-08-14 13:57:23,47350.0,500,Buy,231632242
2024-08-14 13:57:35,47350.0,100,Buy,231632539
2024-08-14 13:57:35,47350.0,2000,Buy,231632540
2024-08-14 13:57:35,47350.0,2900,Buy,231632541
2024-08-14 13:57:45,47350.0,5000,Buy,231632806
2024-08-14 13:58:13,47350.0,2100,Buy,231633640
2024-08-14 13:58:13,47350.0,1000,Buy,231633641
2024-08-14 14:00:34,47350.0,1900,Sell,231636453
2024-08-14 14:00:34,47350.0,200,Sell,231636452
2024-08-14 14:00:34,47350.0,1900,Sell,231636451
2024-08-14 14:00:44,47400.0,500,Buy,231636712
2024-08-14 14:00:44,47400.0,1300,Buy,231636713
2024-08-14 14:00:51,47350.0,300,Sell,231636829
2024-08-14 14:00:51,47350.0,500,Sell,231636830
2024-08-14 14:00:51,47350.0,500,Sell,231636831
2024-08-14 14:01:12,47400.0,700,Buy,231637381
2024-08-14 14:01:12,47400.0,400,Buy,231637382
2024-08-14 14:01:15,47400.0,100,Buy,231637437
2024-08-14 14:01:15,47400.0,100,Buy,231637438
2024-08-14 14:01:35,47400.0,1800,Buy,231637834
2024-08-14 14:01:35,47400.0,200,Buy,231637833
2024-08-14 14:01:35,47400.0,1000,Buy,231637829
2024-08-14 14:01:35,47400.0,300,Buy,231637831
2024-08-14 14:01:35,47400.0,300,Buy,231637830
2024-08-14 14:01:35,47400.0,100,Buy,231637832
2024-08-14 14:01:47,47400.0,100,Sell,231638048
2024-08-14 14:02:03,47400.0,500,Sell,231638414
2024-08-14 14:02:06,47400.0,700,Sell,231638452
2024-08-14 14:02:06,47400.0,100,Sell,231638453
2024-08-14 14:02:19,47400.0,400,Sell,231638750
2024-08-14 14:02:27,47400.0,200,Buy,231638909
2024-08-14 14:03:36,47400.0,900,Buy,231640565
2024-08-14 14:03:48,47400.0,100,Buy,231640831
2024-08-14 14:03:56,47400.0,1000,Buy,231640977
2024-08-14 14:04:17,47450.0,1000,Buy,231641451
2024-08-14 14:04:17,47450.0,2900,Buy,231641452
2024-08-14 14:04:17,47450.0,6000,Buy,231641453
2024-08-14 14:04:17,47450.0,100,Buy,231641450
2024-08-14 14:04:54,47450.0,100,Buy,231642213
2024-08-14 14:04:54,47450.0,400,Buy,231642214
2024-08-14 14:04:57,47450.0,100,Buy,231642266
2024-08-14 14:05:03,47450.0,500,Buy,231642403
2024-08-14 14:05:03,47450.0,4500,Buy,231642404
2024-08-14 14:05:06,47450.0,100,Buy,231642518
2024-08-14 14:05:09,47450.0,200,Buy,231642571
2024-08-14 14:05:09,47450.0,200,Buy,231642573
2024-08-14 14:05:09,47450.0,400,Buy,231642570
2024-08-14 14:05:09,47450.0,300,Buy,231642572
2024-08-14 14:05:54,47450.0,1000,Sell,231643487
2024-08-14 14:06:07,47450.0,2000,Sell,231643768
2024-08-14 14:06:12,47450.0,900,Sell,231643857
2024-08-14 14:06:22,47450.0,1000,Buy,231644026
2024-08-14 14:06:49,47400.0,400,Sell,231644594
2024-08-14 14:07:00,47400.0,200,Sell,231644908
2024-08-14 14:07:19,47450.0,1000,Buy,231645313
2024-08-14 14:07:37,47400.0,400,Sell,231645843
2024-08-14 14:07:37,47400.0,100,Sell,231645844
2024-08-14 14:07:37,47400.0,100,Sell,231645867
2024-08-14 14:07:52,47400.0,200,Sell,231646175
2024-08-14 14:07:56,47400.0,800,Sell,231646283
2024-08-14 14:07:56,47400.0,200,Sell,231646282
2024-08-14 14:08:47,47400.0,200,Sell,231647377
2024-08-14 14:09:09,47400.0,2500,Sell,231647919
2024-08-14 14:09:42,47400.0,1500,Sell,231648638
2024-08-14 14:09:42,47400.0,3500,Sell,231648639
2024-08-14 14:09:50,47400.0,2000,Sell,231648831
2024-08-14 14:10:03,47400.0,200,Sell,231649123
2024-08-14 14:10:30,47400.0,11400,Sell,231649759
2024-08-14 14:10:30,47400.0,100,Sell,231649760
2024-08-14 14:10:56,47400.0,100,Buy,231650536
2024-08-14 14:11:33,47350.0,100,Sell,231651510
2024-08-14 14:11:44,47350.0,100,Sell,231651807
2024-08-14 14:11:51,47350.0,900,Sell,231652006
2024-08-14 14:11:51,47350.0,800,Sell,231652005
2024-08-14 14:11:52,47350.0,100,Sell,231652067
2024-08-14 14:11:52,47350.0,800,Sell,231652068
2024-08-14 14:12:06,47350.0,200,Sell,231652525
2024-08-14 14:12:06,47350.0,200,Sell,231652526
2024-08-14 14:12:14,47350.0,500,Sell,231652783
2024-08-14 14:12:28,47350.0,100,Sell,231653217
2024-08-14 14:12:35,47350.0,1200,Sell,231653464
2024-08-14 14:12:35,47350.0,1800,Sell,231653465
2024-08-14 14:12:40,47350.0,100,Sell,231653632
2024-08-14 14:12:40,47350.0,3000,Sell,231653631
2024-08-14 14:12:40,47350.0,200,Sell,231653630
2024-08-14 14:12:50,47350.0,100,Buy,231654023
2024-08-14 14:13:30,47300.0,100,Sell,231655675
2024-08-14 14:13:30,47300.0,200,Sell,231655676
2024-08-14 14:13:47,47300.0,1200,Sell,231656241
2024-08-14 14:13:48,47300.0,600,Sell,231656314
2024-08-14 14:13:59,47300.0,100,Sell,231656768
2024-08-14 14:14:02,47300.0,100,Sell,231656888
2024-08-14 14:14:17,47300.0,700,Sell,231657339
2024-08-14 14:14:19,47300.0,100,Sell,231657449
2024-08-14 14:14:19,47300.0,100,Sell,231657450
2024-08-14 14:14:19,47300.0,200,Sell,231657447
2024-08-14 14:14:19,47300.0,100,Sell,231657448
2024-08-14 14:14:19,47300.0,300,Sell,231657446
2024-08-14 14:14:31,47300.0,100,Buy,231657852
2024-08-14 14:14:54,47250.0,600,Sell,231658734
2024-08-14 14:16:21,47300.0,400,Buy,231661641
2024-08-14 14:16:22,47300.0,100,Buy,231661674
2024-08-14 14:16:22,47300.0,300,Buy,231661675
2024-08-14 14:16:30,47300.0,100,Buy,231661989
2024-08-14 14:16:40,47250.0,400,Sell,231662361
2024-08-14 14:16:40,47250.0,300,Sell,231662362
2024-08-14 14:16:40,47250.0,300,Sell,231662363
2024-08-14 14:16:49,47300.0,400,Buy,231662626
2024-08-14 14:17:21,47300.0,600,Buy,231663668
2024-08-14 14:17:33,47300.0,300,Buy,231664036
2024-08-14 14:17:33,47300.0,100,Buy,231664035
2024-08-14 14:17:48,47300.0,100,Buy,231664515
2024-08-14 14:17:52,47300.0,2500,Buy,231664623
2024-08-14 14:18:20,47300.0,200,Sell,231665544
2024-08-14 14:18:31,47300.0,100,Sell,231665903
2024-08-14 14:18:56,47300.0,1200,Sell,231666564
2024-08-14 14:19:01,47350.0,400,Buy,231666677
2024-08-14 14:19:23,47350.0,100,Buy,231667294
2024-08-14 14:19:31,47350.0,400,Buy,231667500
2024-08-14 14:19:34,47350.0,1600,Buy,231667569
2024-08-14 14:19:34,47350.0,500,Buy,231667570
2024-08-14 14:19:42,47350.0,100,Buy,231667735
2024-08-14 14:19:54,47350.0,2000,Buy,231668024
2024-08-14 14:20:01,47350.0,400,Buy,231668246
2024-08-14 14:20:38,47350.0,400,Buy,231669447
2024-08-14 14:20:39,47350.0,100,Buy,231669559
2024-08-14 14:21:46,47350.0,500,Buy,231671422
2024-08-14 14:21:46,47350.0,100,Buy,231671423
2024-08-14 14:21:46,47350.0,3000,Buy,231671424
2024-08-14 14:21:46,47350.0,300,Buy,231671425
2024-08-14 14:21:46,47350.0,1000,Buy,231671426
2024-08-14 14:21:46,47350.0,200,Buy,231671427
2024-08-14 14:21:46,47350.0,4900,Buy,231671428
2024-08-14 14:21:51,47350.0,100,Buy,231671573
2024-08-14 14:21:59,47350.0,200,Buy,231671783
2024-08-14 14:22:06,47350.0,700,Buy,231671951
2024-08-14 14:22:06,47350.0,500,Buy,231671952
2024-08-14 14:22:06,47350.0,1000,Buy,231671953
2024-08-14 14:22:06,47350.0,400,Buy,231671954
2024-08-14 14:22:06,47400.0,7600,Buy,231671955
2024-08-14 14:22:06,47350.0,9800,Buy,231671950
2024-08-14 14:22:29,47350.0,1000,Sell,231672639
2024-08-14 14:22:30,47350.0,400,Sell,231672649
2024-08-14 14:22:31,47400.0,10000,Buy,231672715
2024-08-14 14:22:35,47400.0,900,Buy,231672802
2024-08-14 14:22:35,47400.0,500,Buy,231672801
2024-08-14 14:22:35,47400.0,500,Buy,231672800
2024-08-14 14:22:35,47400.0,2000,Buy,231672798
2024-08-14 14:22:35,47400.0,800,Buy,231672796
2024-08-14 14:22:35,47400.0,5000,Buy,231672799
2024-08-14 14:22:35,47400.0,300,Buy,231672797
2024-08-14 14:22:50,47400.0,4200,Buy,231673157
2024-08-14 14:22:50,47400.0,500,Buy,231673158
2024-08-14 14:22:50,47400.0,1000,Buy,231673159
2024-08-14 14:22:50,47400.0,500,Buy,231673160
2024-08-14 14:22:55,47400.0,500,Buy,231673276
2024-08-14 14:22:55,47400.0,700,Buy,231673277
2024-08-14 14:22:55,47400.0,200,Buy,231673278
2024-08-14 14:22:55,47400.0,600,Buy,231673279
2024-08-14 14:22:58,47400.0,400,Buy,231673383
2024-08-14 14:22:58,47400.0,400,Buy,231673384
2024-08-14 14:23:05,47400.0,600,Buy,231673562
2024-08-14 14:23:05,47400.0,200,Buy,231673563
2024-08-14 14:23:28,47400.0,400,Buy,231674069
2024-08-14 14:23:29,47350.0,600,Sell,231674109
2024-08-14 14:23:29,47350.0,1400,Sell,231674110
2024-08-14 14:23:32,47350.0,100,Sell,231674217
2024-08-14 14:23:34,47350.0,100,Sell,231674253
2024-08-14 14:23:37,47350.0,400,Sell,231674315
2024-08-14 14:24:15,47400.0,400,Buy,231675314
2024-08-14 14:24:54,47350.0,3200,Sell,231676393
2024-08-14 14:24:54,47350.0,300,Sell,231676394
2024-08-14 14:24:54,47350.0,1000,Sell,231676391
2024-08-14 14:24:54,47350.0,500,Sell,231676392
2024-08-14 14:24:55,47400.0,2000,Buy,231676433
2024-08-14 14:25:06,47350.0,500,Sell,231676806
2024-08-14 14:25:06,47350.0,1500,Sell,231676807
2024-08-14 14:25:06,47400.0,2000,Buy,231676808
2024-08-14 14:25:17,47400.0,600,Buy,231677143
2024-08-14 14:25:17,47400.0,2000,Buy,231677144
2024-08-14 14:25:17,47400.0,700,Buy,231677145
2024-08-14 14:25:17,47400.0,500,Buy,231677146
2024-08-14 14:25:17,47400.0,200,Buy,231677147
2024-08-14 14:25:17,47400.0,200,Buy,231677148
2024-08-14 14:25:21,47400.0,1900,Buy,231677225
2024-08-14 14:25:21,47400.0,100,Buy,231677226
2024-08-14 14:25:25,47350.0,100,Sell,231677345
2024-08-14 14:25:28,47400.0,100,Buy,231677434
2024-08-14 14:25:33,47400.0,900,Buy,231677650
2024-08-14 14:25:38,47400.0,100,Sell,231677832
2024-08-14 14:25:43,47400.0,100,Buy,231677959
2024-08-14 14:25:45,47400.0,100,Buy,231678040
2024-08-14 14:26:00,47350.0,2000,Sell,231678746
2024-08-14 14:26:45,47350.0,3000,Sell,231680571
2024-08-14 14:26:57,47400.0,2700,Buy,231681039
2024-08-14 14:26:57,47400.0,2300,Buy,231681040
2024-08-14 14:26:59,47350.0,3400,Sell,231681112
2024-08-14 14:26:59,47350.0,1600,Sell,231681113
2024-08-14 14:27:00,47400.0,300,Buy,231681180
2024-08-14 14:27:05,47400.0,2000,Buy,231681317
2024-08-14 14:27:24,47400.0,1000,Buy,231682264
2024-08-14 14:27:24,47400.0,2600,Buy,231682267
2024-08-14 14:27:24,47400.0,400,Buy,231682263
2024-08-14 14:27:24,47400.0,1000,Buy,231682265
2024-08-14 14:27:24,47400.0,1000,Buy,231682266
2024-08-14 14:27:32,47400.0,100,Buy,231682690
2024-08-14 14:27:36,47400.0,1000,Buy,231682856
2024-08-14 14:27:36,47400.0,1000,Buy,231682854
2024-08-14 14:27:36,47400.0,1900,Buy,231682853
2024-08-14 14:27:36,47400.0,300,Buy,231682857
2024-08-14 14:27:36,47400.0,2000,Buy,231682851
2024-08-14 14:27:36,47400.0,800,Buy,231682850
2024-08-14 14:27:36,47400.0,1000,Buy,231682849
2024-08-14 14:27:36,47400.0,300,Buy,231682848
2024-08-14 14:27:36,47400.0,100,Buy,231682852
2024-08-14 14:27:36,47400.0,1000,Buy,231682855
2024-08-14 14:27:51,47400.0,600,Sell,231683443
2024-08-14 14:27:51,47400.0,100,Sell,231683444
2024-08-14 14:27:52,47400.0,1000,Buy,231683458
2024-08-14 14:27:54,47400.0,100,Buy,231683551
2024-08-14 14:27:58,47400.0,300,Buy,231683734
2024-08-14 14:28:04,47400.0,2000,Buy,231683939
2024-08-14 14:28:06,47400.0,100,Buy,231684071
2024-08-14 14:28:07,47400.0,800,Buy,231684128
2024-08-14 14:28:07,47400.0,200,Buy,231684129
2024-08-14 14:28:23,47400.0,1000,Buy,231684612
2024-08-14 14:28:25,47400.0,200,Buy,231684694
2024-08-14 14:28:25,47400.0,200,Buy,231684695
2024-08-14 14:28:27,47400.0,2500,Buy,231684776
2024-08-14 14:28:27,47400.0,1000,Buy,231684777
2024-08-14 14:28:31,47400.0,600,Sell,231684850
2024-08-14 14:28:31,47400.0,3800,Sell,231684881
2024-08-14 14:28:31,47400.0,500,Sell,231684889
2024-08-14 14:28:42,47400.0,300,Sell,231685216
2024-08-14 14:28:48,47400.0,2000,Sell,231685463
2024-08-14 14:28:54,47400.0,400,Sell,231685740
2024-08-14 14:29:03,47400.0,300,Sell,231686169
2024-08-14 14:29:12,47450.0,100,Buy,231686536
2024-08-14 14:29:12,47450.0,100,Buy,231686537
2024-08-14 14:29:32,47450.0,200,Buy,231687240
2024-08-14 14:29:33,47400.0,500,Sell,231687304
2024-08-14 14:29:33,47450.0,700,Buy,231687322
2024-08-14 14:29:33,47450.0,700,Buy,231687323
2024-08-14 14:29:33,47450.0,100,Buy,231687324
2024-08-14 14:29:33,47450.0,500,Buy,231687325
2024-08-14 14:29:33,47450.0,5000,Buy,231687326
2024-08-14 14:29:33,47450.0,2000,Buy,231687327
2024-08-14 14:29:33,47450.0,100,Buy,231687328
2024-08-14 14:29:33,47450.0,900,Buy,231687329
2024-08-14 14:29:33,47400.0,1000,Sell,231687303
2024-08-14 14:44:37,47050.0,188700,ATO/ATC,231688098
