time,price,volume,match_type,id
2024-08-30 09:14:56,49550.0,13900,ATO/ATC,235893387
2024-08-30 09:15:05,49550.0,300,Sell,235893708
2024-08-30 09:15:07,49550.0,200,Buy,235893721
2024-08-30 09:15:29,49550.0,500,Sell,235894007
2024-08-30 09:15:52,49550.0,100,Sell,235894285
2024-08-30 09:15:53,49550.0,200,Sell,235894303
2024-08-30 09:15:53,49550.0,300,Sell,235894304
2024-08-30 09:16:17,49550.0,500,Sell,235894871
2024-08-30 09:16:36,49550.0,100,Sell,235895199
2024-08-30 09:16:36,49550.0,100,Sell,235895203
2024-08-30 09:16:36,49550.0,1000,Sell,235895202
2024-08-30 09:16:36,49550.0,200,Sell,235895198
2024-08-30 09:16:36,49550.0,1000,Sell,235895200
2024-08-30 09:16:36,49550.0,500,Sell,235895201
2024-08-30 09:16:41,49500.0,500,Sell,235895254
2024-08-30 09:16:53,49550.0,300,Buy,235895431
2024-08-30 09:17:05,49500.0,500,Sell,235895567
2024-08-30 09:17:17,49550.0,2100,Buy,235895722
2024-08-30 09:17:29,49550.0,500,Sell,235895879
2024-08-30 09:17:34,49550.0,2400,Sell,235895955
2024-08-30 09:17:43,49600.0,100,Buy,235896095
2024-08-30 09:17:53,49550.0,100,Sell,235896242
2024-08-30 09:18:17,49500.0,1000,Sell,235896561
2024-08-30 09:18:17,49500.0,500,Sell,235896562
2024-08-30 09:18:17,49500.0,500,Sell,235896563
2024-08-30 09:18:17,49500.0,7000,Sell,235896559
2024-08-30 09:18:17,49500.0,200,Sell,235896560
2024-08-30 09:18:39,49500.0,500,Buy,235896871
2024-08-30 09:18:41,49500.0,500,Sell,235896914
2024-08-30 09:18:59,49500.0,2300,Sell,235897162
2024-08-30 09:19:05,49450.0,500,Sell,235897262
2024-08-30 09:19:20,49450.0,2000,Sell,235897496
2024-08-30 09:19:30,49450.0,500,Sell,235897616
2024-08-30 09:19:45,49450.0,1000,Sell,235897965
2024-08-30 09:19:53,49450.0,500,Sell,235898080
2024-08-30 09:20:08,49450.0,200,Sell,235898281
2024-08-30 09:20:08,49450.0,2500,Sell,235898280
2024-08-30 09:20:08,49450.0,1000,Sell,235898282
2024-08-30 09:20:09,49450.0,1300,Buy,235898310
2024-08-30 09:20:17,49450.0,500,Sell,235898519
2024-08-30 09:20:20,49450.0,200,Sell,235898559
2024-08-30 09:20:20,49450.0,100,Sell,235898560
2024-08-30 09:20:20,49450.0,2600,Sell,235898561
2024-08-30 09:20:20,49450.0,300,Sell,235898562
2024-08-30 09:20:20,49450.0,100,Sell,235898563
2024-08-30 09:20:29,49450.0,400,Buy,235898705
2024-08-30 09:20:29,49450.0,100,Buy,235898706
2024-08-30 09:20:38,49450.0,200,Buy,235898831
2024-08-30 09:20:41,49400.0,500,Sell,235898867
2024-08-30 09:20:48,49400.0,200,Sell,235898923
2024-08-30 09:20:48,49400.0,300,Sell,235898922
2024-08-30 09:20:48,49400.0,500,Sell,235898921
2024-08-30 09:21:05,49400.0,300,Sell,235899136
2024-08-30 09:21:05,49400.0,100,Sell,235899137
2024-08-30 09:21:05,49400.0,100,Sell,235899138
2024-08-30 09:21:29,49400.0,400,Sell,235899440
2024-08-30 09:21:29,49400.0,100,Sell,235899441
2024-08-30 09:21:52,49400.0,200,Sell,235899903
2024-08-30 09:21:52,49400.0,100,Sell,235899904
2024-08-30 09:21:52,49400.0,200,Sell,235899905
2024-08-30 09:22:09,49450.0,100,Buy,235900146
2024-08-30 09:22:16,49400.0,100,Sell,235900300
2024-08-30 09:22:16,49400.0,200,Sell,235900299
2024-08-30 09:22:16,49400.0,200,Sell,235900298
2024-08-30 09:22:20,49400.0,700,Sell,235900349
2024-08-30 09:22:40,49400.0,100,Sell,235900848
2024-08-30 09:22:40,49400.0,100,Sell,235900851
2024-08-30 09:22:40,49400.0,100,Sell,235900844
2024-08-30 09:22:40,49400.0,200,Sell,235900849
2024-08-30 09:22:40,49400.0,100,Sell,235900850
2024-08-30 09:23:04,49400.0,300,Sell,235901278
2024-08-30 09:23:04,49400.0,200,Sell,235901279
2024-08-30 09:23:28,49400.0,500,Sell,235901821
2024-08-30 09:23:33,49450.0,100,Buy,235901911
2024-08-30 09:23:52,49400.0,300,Sell,235902245
2024-08-30 09:23:52,49400.0,200,Sell,235902246
2024-08-30 09:23:59,49400.0,600,Sell,235902382
2024-08-30 09:24:02,49450.0,300,Buy,235902448
2024-08-30 09:24:12,49450.0,100,Buy,235902644
2024-08-30 09:24:16,49400.0,500,Sell,235902708
2024-08-30 09:24:36,49450.0,4000,Buy,235903190
2024-08-30 09:24:36,49450.0,2000,Buy,235903191
2024-08-30 09:24:36,49450.0,1000,Buy,235903192
2024-08-30 09:24:36,49450.0,1000,Buy,235903193
2024-08-30 09:24:36,49450.0,2000,Buy,235903194
2024-08-30 09:24:40,49400.0,500,Sell,235903275
2024-08-30 09:25:04,49450.0,100,Sell,235903805
2024-08-30 09:25:04,49450.0,200,Sell,235903806
2024-08-30 09:25:04,49450.0,200,Sell,235903807
2024-08-30 09:25:28,49450.0,500,Sell,235904218
2024-08-30 09:25:39,49500.0,4500,Buy,235904411
2024-08-30 09:25:39,49500.0,500,Buy,235904410
2024-08-30 09:25:41,49500.0,200,Buy,235904459
2024-08-30 09:25:47,49500.0,200,Buy,235904621
2024-08-30 09:25:47,49500.0,100,Buy,235904622
2024-08-30 09:25:47,49500.0,100,Buy,235904610
2024-08-30 09:25:52,49500.0,500,Sell,235904712
2024-08-30 09:25:55,49500.0,1000,Sell,235904762
2024-08-30 09:26:07,49550.0,300,Buy,235904974
2024-08-30 09:26:16,49500.0,500,Sell,235905107
2024-08-30 09:26:40,49500.0,500,Sell,235905443
2024-08-30 09:27:04,49500.0,500,Sell,235905823
2024-08-30 09:27:06,49550.0,100,Buy,235905845
2024-08-30 09:27:06,49550.0,200,Buy,235905846
2024-08-30 09:27:06,49550.0,4700,Buy,235905847
2024-08-30 09:27:24,49550.0,100,Buy,235906156
2024-08-30 09:27:28,49500.0,500,Sell,235906221
2024-08-30 09:27:28,49500.0,500,Sell,235906219
2024-08-30 09:27:32,49550.0,200,Buy,235906290
2024-08-30 09:27:32,49550.0,300,Buy,235906291
2024-08-30 09:27:52,49500.0,500,Sell,235906707
2024-08-30 09:27:58,49550.0,100,Buy,235906824
2024-08-30 09:28:16,49500.0,500,Sell,235907165
2024-08-30 09:28:40,49500.0,500,Sell,235907544
2024-08-30 09:29:04,49500.0,500,Sell,235907963
2024-08-30 09:29:20,49550.0,600,Buy,235908275
2024-08-30 09:29:20,49550.0,100,Buy,235908276
2024-08-30 09:29:20,49550.0,300,Buy,235908277
2024-08-30 09:29:28,49500.0,500,Sell,235908464
2024-08-30 09:29:28,49500.0,1000,Sell,235908463
2024-08-30 09:29:39,49550.0,500,Buy,235908700
2024-08-30 09:29:39,49550.0,200,Buy,235908698
2024-08-30 09:29:39,49550.0,300,Buy,235908699
2024-08-30 09:29:52,49500.0,500,Sell,235908924
2024-08-30 09:30:16,49500.0,500,Sell,235909314
2024-08-30 09:30:39,49500.0,1000,Sell,235909719
2024-08-30 09:30:40,49500.0,500,Sell,235909729
2024-08-30 09:30:54,49550.0,500,Buy,235909999
2024-08-30 09:30:54,49550.0,100,Buy,235910000
2024-08-30 09:30:54,49550.0,200,Buy,235910001
2024-08-30 09:30:54,49550.0,600,Buy,235910018
2024-08-30 09:30:54,49550.0,400,Buy,235910019
2024-08-30 09:31:04,49500.0,500,Sell,235910185
2024-08-30 09:31:28,49500.0,500,Sell,235910551
2024-08-30 09:31:52,49500.0,500,Sell,235911115
2024-08-30 09:32:09,49550.0,100,Buy,235911509
2024-08-30 09:32:16,49550.0,100,Sell,235911670
2024-08-30 09:32:40,49500.0,500,Sell,235912153
2024-08-30 09:32:45,49550.0,300,Buy,235912232
2024-08-30 09:32:45,49550.0,400,Buy,235912231
2024-08-30 09:33:00,49600.0,1000,Buy,235912581
2024-08-30 09:33:04,49500.0,500,Sell,235912650
2024-08-30 09:33:04,49600.0,1000,Buy,235912651
2024-08-30 09:33:15,49600.0,1800,Buy,235913027
2024-08-30 09:33:15,49600.0,1000,Buy,235913028
2024-08-30 09:33:15,49600.0,1000,Buy,235913029
2024-08-30 09:33:15,49600.0,1000,Buy,235913030
2024-08-30 09:33:15,49600.0,100,Buy,235913031
2024-08-30 09:33:28,49550.0,500,Sell,235913368
2024-08-30 09:33:32,49600.0,200,Buy,235913439
2024-08-30 09:33:35,49550.0,500,Sell,235913519
2024-08-30 09:33:38,49550.0,600,Buy,235913587
2024-08-30 09:33:39,49550.0,200,Buy,235913604
2024-08-30 09:33:52,49500.0,500,Sell,235913828
2024-08-30 09:33:53,49550.0,500,Buy,235913889
2024-08-30 09:34:16,49500.0,500,Sell,235914470
2024-08-30 09:34:40,49500.0,500,Sell,235915029
2024-08-30 09:34:50,49500.0,300,Sell,235915182
2024-08-30 09:34:54,49500.0,1200,Sell,235915283
2024-08-30 09:35:04,49500.0,200,Sell,235915554
2024-08-30 09:35:04,49500.0,200,Sell,235915555
2024-08-30 09:35:04,49500.0,100,Sell,235915556
2024-08-30 09:35:27,49500.0,500,Sell,235916086
2024-08-30 09:35:51,49500.0,100,Sell,235916608
2024-08-30 09:35:51,49500.0,400,Sell,235916607
2024-08-30 09:36:15,49500.0,400,Sell,235917180
2024-08-30 09:36:15,49500.0,100,Sell,235917181
2024-08-30 09:36:39,49500.0,500,Sell,235917604
2024-08-30 09:37:03,49500.0,200,Sell,235918015
2024-08-30 09:37:03,49500.0,300,Sell,235918016
2024-08-30 09:37:27,49500.0,200,Sell,235918431
2024-08-30 09:37:27,49500.0,100,Sell,235918434
2024-08-30 09:37:27,49500.0,200,Sell,235918435
2024-08-30 09:37:51,49500.0,100,Sell,235918900
2024-08-30 09:37:51,49500.0,300,Sell,235918901
2024-08-30 09:37:51,49500.0,100,Sell,235918902
2024-08-30 09:38:15,49500.0,500,Sell,235919337
2024-08-30 09:38:17,49550.0,1000,Buy,235919351
2024-08-30 09:38:26,49500.0,100,Sell,235919492
2024-08-30 09:38:26,49500.0,400,Sell,235919504
2024-08-30 09:38:26,49500.0,500,Sell,235919505
2024-08-30 09:38:39,49500.0,500,Sell,235919741
2024-08-30 09:38:42,49500.0,1900,Sell,235919844
2024-08-30 09:38:42,49500.0,200,Sell,235919843
2024-08-30 09:38:42,49500.0,200,Sell,235919842
2024-08-30 09:38:42,49500.0,400,Sell,235919841
2024-08-30 09:38:42,49500.0,100,Sell,235919840
2024-08-30 09:38:42,49500.0,100,Sell,235919839
2024-08-30 09:38:42,49500.0,100,Sell,235919838
2024-08-30 09:38:42,49500.0,100,Sell,235919837
2024-08-30 09:38:42,49500.0,200,Sell,235919836
2024-08-30 09:38:42,49500.0,500,Sell,235919833
2024-08-30 09:38:42,49500.0,1000,Sell,235919834
2024-08-30 09:38:42,49500.0,200,Sell,235919832
2024-08-30 09:38:42,49500.0,500,Sell,235919831
2024-08-30 09:38:42,49500.0,200,Sell,235919830
2024-08-30 09:38:42,49500.0,2600,Sell,235919829
2024-08-30 09:38:42,49500.0,300,Sell,235919828
2024-08-30 09:38:42,49500.0,200,Sell,235919827
2024-08-30 09:38:42,49500.0,100,Sell,235919826
2024-08-30 09:38:42,49500.0,100,Sell,235919825
2024-08-30 09:38:42,49500.0,1000,Sell,235919835
2024-08-30 09:38:43,49550.0,500,Buy,235919852
2024-08-30 09:38:43,49550.0,500,Buy,235919853
2024-08-30 09:38:43,49550.0,7200,Buy,235919850
2024-08-30 09:38:43,49550.0,600,Buy,235919851
2024-08-30 09:39:03,49550.0,500,Sell,235920223
2024-08-30 09:39:06,49550.0,200,Sell,235920308
2024-08-30 09:39:17,49550.0,500,Sell,235920560
2024-08-30 09:39:27,49550.0,500,Sell,235920709
2024-08-30 09:39:33,49550.0,200,Sell,235920826
2024-08-30 09:39:43,49600.0,100,Buy,235920973
2024-08-30 09:39:43,49600.0,1000,Buy,235920974
2024-08-30 09:39:43,49600.0,8900,Buy,235920975
2024-08-30 09:39:51,49550.0,500,Sell,235921105
2024-08-30 09:39:57,49600.0,100,Buy,235921205
2024-08-30 09:39:59,49600.0,1000,Buy,235921235
2024-08-30 09:39:59,49600.0,100,Buy,235921236
2024-08-30 09:40:15,49600.0,500,Sell,235921550
2024-08-30 09:40:19,49600.0,4200,Sell,235921596
2024-08-30 09:40:23,49600.0,200,Sell,235921660
2024-08-30 09:40:28,49700.0,100,Buy,235921719
2024-08-30 09:40:28,49700.0,500,Buy,235921720
2024-08-30 09:40:28,49700.0,1000,Buy,235921721
2024-08-30 09:40:28,49700.0,3400,Buy,235921722
2024-08-30 09:40:32,49700.0,2000,Buy,235921778
2024-08-30 09:40:39,49600.0,500,Sell,235921878
2024-08-30 09:40:54,49600.0,500,Sell,235922116
2024-08-30 09:41:03,49600.0,500,Sell,235922232
2024-08-30 09:41:13,49600.0,100,Sell,235922377
2024-08-30 09:41:27,49600.0,500,Sell,235922638
2024-08-30 09:41:51,49600.0,500,Sell,235923160
2024-08-30 09:42:15,49600.0,500,Sell,235923769
2024-08-30 09:42:22,49650.0,100,Buy,235923898
2024-08-30 09:42:39,49600.0,500,Sell,235924289
2024-08-30 09:42:58,49650.0,1000,Sell,235924647
2024-08-30 09:42:59,49650.0,300,Sell,235924660
2024-08-30 09:43:03,49650.0,100,Sell,235924736
2024-08-30 09:43:03,49650.0,100,Sell,235924734
2024-08-30 09:43:03,49650.0,100,Sell,235924735
2024-08-30 09:43:16,49650.0,100,Buy,235925016
2024-08-30 09:43:27,49600.0,500,Sell,235925343
2024-08-30 09:43:51,49600.0,500,Sell,235925855
2024-08-30 09:44:15,49600.0,8800,Sell,235926424
2024-08-30 09:44:15,49600.0,500,Sell,235926456
2024-08-30 09:44:16,49600.0,1700,Sell,235926484
2024-08-30 09:44:17,49600.0,400,Sell,235926530
2024-08-30 09:44:17,49600.0,100,Sell,235926529
2024-08-30 09:44:17,49600.0,500,Sell,235926528
2024-08-30 09:44:17,49600.0,200,Sell,235926527
2024-08-30 09:44:17,49600.0,200,Sell,235926526
2024-08-30 09:44:17,49600.0,500,Sell,235926525
2024-08-30 09:44:17,49600.0,200,Sell,235926524
2024-08-30 09:44:17,49600.0,100,Sell,235926521
2024-08-30 09:44:17,49600.0,100,Sell,235926522
2024-08-30 09:44:17,49600.0,100,Sell,235926519
2024-08-30 09:44:17,49600.0,400,Sell,235926518
2024-08-30 09:44:17,49600.0,100,Sell,235926517
2024-08-30 09:44:17,49600.0,800,Sell,235926516
2024-08-30 09:44:17,49600.0,2400,Sell,235926515
2024-08-30 09:44:17,49600.0,100,Sell,235926523
2024-08-30 09:44:17,49600.0,200,Sell,235926520
2024-08-30 09:44:39,49550.0,500,Sell,235927084
2024-08-30 09:44:48,49600.0,100,Buy,235927272
2024-08-30 09:45:03,49550.0,500,Sell,235927632
2024-08-30 09:45:20,49600.0,1000,Buy,235928072
2024-08-30 09:45:27,49550.0,500,Sell,235928172
2024-08-30 09:45:40,49550.0,100,Sell,235928462
2024-08-30 09:45:51,49550.0,500,Sell,235928725
2024-08-30 09:46:15,49550.0,500,Sell,235929290
2024-08-30 09:46:29,49550.0,100,Sell,235929630
2024-08-30 09:46:31,49600.0,400,Buy,235929650
2024-08-30 09:46:31,49600.0,600,Buy,235929651
2024-08-30 09:46:39,49550.0,500,Sell,235929820
2024-08-30 09:46:42,49600.0,500,Buy,235929866
2024-08-30 09:46:47,49550.0,100,Sell,235929987
2024-08-30 09:46:48,49550.0,4000,Sell,235930033
2024-08-30 09:46:51,49600.0,100,Buy,235930144
2024-08-30 09:47:03,49550.0,500,Sell,235930327
2024-08-30 09:47:16,49550.0,1500,Sell,235930785
2024-08-30 09:47:27,49550.0,500,Sell,235930962
2024-08-30 09:47:34,49550.0,500,Sell,235931116
2024-08-30 09:47:51,49550.0,500,Sell,235931506
2024-08-30 09:48:15,49550.0,500,Sell,235932107
2024-08-30 09:48:38,49550.0,500,Sell,235932653
2024-08-30 09:49:02,49550.0,500,Sell,235933168
2024-08-30 09:49:26,49550.0,500,Sell,235933917
2024-08-30 09:49:50,49550.0,500,Sell,235934701
2024-08-30 09:50:07,49550.0,600,Sell,235935300
2024-08-30 09:50:14,49550.0,500,Sell,235935463
2024-08-30 09:50:24,49600.0,1500,Buy,235935708
2024-08-30 09:50:24,49600.0,400,Buy,235935706
2024-08-30 09:50:24,49600.0,100,Buy,235935707
2024-08-30 09:50:38,49550.0,500,Sell,235936285
2024-08-30 09:50:40,49550.0,3400,Sell,235936340
2024-08-30 09:50:43,49550.0,100,Sell,235936400
2024-08-30 09:50:56,49550.0,200,Sell,235936758
2024-08-30 09:51:02,49550.0,200,Sell,235936997
2024-08-30 09:51:02,49550.0,300,Sell,235936998
2024-08-30 09:51:26,49550.0,500,Sell,235937735
2024-08-30 09:51:31,49600.0,100,Buy,235937924
2024-08-30 09:51:46,49600.0,400,Buy,235938479
2024-08-30 09:51:46,49600.0,100,Buy,235938480
2024-08-30 09:51:50,49550.0,200,Sell,235938585
2024-08-30 09:51:50,49550.0,200,Sell,235938586
2024-08-30 09:51:50,49550.0,100,Sell,235938587
2024-08-30 09:52:07,49550.0,100,Sell,235939190
2024-08-30 09:52:14,49550.0,300,Sell,235939421
2024-08-30 09:52:14,49550.0,100,Sell,235939422
2024-08-30 09:52:14,49550.0,100,Sell,235939420
2024-08-30 09:52:24,49550.0,500,Sell,235939675
2024-08-30 09:52:38,49550.0,300,Sell,235940008
2024-08-30 09:52:38,49550.0,200,Sell,235940009
2024-08-30 09:53:02,49550.0,300,Sell,235940662
2024-08-30 09:53:02,49550.0,200,Sell,235940663
2024-08-30 09:53:26,49550.0,100,Sell,235941292
2024-08-30 09:53:26,49550.0,400,Sell,235941293
2024-08-30 09:53:42,49550.0,200,Sell,235941739
2024-08-30 09:53:42,49550.0,100,Sell,235941738
2024-08-30 09:53:42,49550.0,200,Sell,235941737
2024-08-30 09:53:42,49550.0,200,Sell,235941736
2024-08-30 09:53:42,49550.0,100,Sell,235941733
2024-08-30 09:53:42,49550.0,100,Sell,235941734
2024-08-30 09:53:42,49550.0,400,Sell,235941732
2024-08-30 09:53:42,49550.0,100,Sell,235941731
2024-08-30 09:53:42,49550.0,100,Sell,235941730
2024-08-30 09:53:42,49550.0,500,Sell,235941735
2024-08-30 09:53:50,49550.0,100,Sell,235941995
2024-08-30 09:53:50,49550.0,100,Sell,235941996
2024-08-30 09:54:14,49500.0,500,Sell,235942479
2024-08-30 09:54:38,49500.0,100,Sell,235942965
2024-08-30 09:54:38,49500.0,200,Sell,235942963
2024-08-30 09:54:38,49500.0,200,Sell,235942964
2024-08-30 09:55:02,49500.0,100,Sell,235943434
2024-08-30 09:55:02,49500.0,400,Sell,235943435
2024-08-30 09:55:21,49500.0,1500,Sell,235943883
2024-08-30 09:55:21,49500.0,12900,Sell,235943887
2024-08-30 09:55:21,49500.0,200,Sell,235943886
2024-08-30 09:55:21,49500.0,900,Sell,235943885
2024-08-30 09:55:21,49500.0,1000,Sell,235943884
2024-08-30 09:55:21,49500.0,200,Sell,235943882
2024-08-30 09:55:21,49500.0,100,Sell,235943876
2024-08-30 09:55:21,49500.0,500,Sell,235943880
2024-08-30 09:55:21,49500.0,600,Sell,235943879
2024-08-30 09:55:21,49500.0,200,Sell,235943878
2024-08-30 09:55:21,49500.0,100,Sell,235943877
2024-08-30 09:55:21,49500.0,100,Sell,235943875
2024-08-30 09:55:21,49500.0,700,Sell,235943881
2024-08-30 09:55:26,49500.0,500,Sell,235944014
2024-08-30 09:55:27,49500.0,200,Sell,235944037
2024-08-30 09:55:44,49500.0,500,Sell,235944423
2024-08-30 09:55:50,49500.0,500,Sell,235944507
2024-08-30 09:55:52,49500.0,1000,Sell,235944534
2024-08-30 09:55:52,49500.0,100,Sell,235944543
2024-08-30 09:55:52,49500.0,100,Sell,235944542
2024-08-30 09:55:52,49500.0,300,Sell,235944541
2024-08-30 09:55:52,49500.0,500,Sell,235944540
2024-08-30 09:55:52,49500.0,3600,Sell,235944533
2024-08-30 09:55:52,49500.0,100,Sell,235944538
2024-08-30 09:55:52,49500.0,200,Sell,235944537
2024-08-30 09:55:52,49500.0,100,Sell,235944536
2024-08-30 09:55:52,49500.0,100,Sell,235944535
2024-08-30 09:55:52,49500.0,200,Sell,235944539
2024-08-30 09:55:55,49500.0,100,Buy,235944598
2024-08-30 09:56:13,49500.0,400,Buy,235944977
2024-08-30 09:56:14,49450.0,500,Sell,235944993
2024-08-30 09:56:23,49450.0,600,Sell,235945222
2024-08-30 09:56:38,49450.0,500,Sell,235945577
2024-08-30 09:56:50,49450.0,1000,Sell,235945775
2024-08-30 09:57:02,49450.0,500,Sell,235945982
2024-08-30 09:57:12,49450.0,1200,Sell,235946190
2024-08-30 09:57:12,49450.0,100,Sell,235946191
2024-08-30 09:57:12,49450.0,200,Sell,235946192
2024-08-30 09:57:12,49450.0,800,Sell,235946193
2024-08-30 09:57:26,49450.0,500,Sell,235946439
2024-08-30 09:57:26,49450.0,500,Sell,235946448
2024-08-30 09:57:32,49450.0,300,Sell,235946553
2024-08-30 09:57:40,49450.0,700,Sell,235946700
2024-08-30 09:57:47,49450.0,5000,Sell,235946856
2024-08-30 09:57:50,49450.0,100,Sell,235946896
2024-08-30 09:57:50,49450.0,100,Sell,235946895
2024-08-30 09:57:50,49450.0,100,Sell,235946894
2024-08-30 09:58:13,49400.0,3600,Sell,235947357
2024-08-30 09:58:13,49400.0,100,Sell,235947356
2024-08-30 09:58:13,49400.0,100,Sell,235947355
2024-08-30 09:58:13,49400.0,100,Sell,235947350
2024-08-30 09:58:13,49400.0,100,Sell,235947353
2024-08-30 09:58:13,49400.0,100,Sell,235947352
2024-08-30 09:58:13,49400.0,500,Sell,235947351
2024-08-30 09:58:13,49400.0,400,Sell,235947354
2024-08-30 09:58:14,49400.0,500,Sell,235947377
2024-08-30 09:58:24,49400.0,3900,Sell,235947524
2024-08-30 09:58:24,49400.0,300,Sell,235947525
2024-08-30 09:58:24,49400.0,500,Sell,235947526
2024-08-30 09:58:33,49400.0,100,Buy,235947705
2024-08-30 09:58:38,49350.0,100,Sell,235947830
2024-08-30 09:58:38,49350.0,200,Sell,235947829
2024-08-30 09:58:38,49350.0,200,Sell,235947831
2024-08-30 09:58:44,49400.0,200,Buy,235947948
2024-08-30 09:59:02,49350.0,500,Sell,235948235
2024-08-30 09:59:26,49400.0,300,Sell,235948673
2024-08-30 09:59:39,49350.0,4000,Sell,235948941
2024-08-30 09:59:50,49350.0,300,Sell,235949148
2024-08-30 09:59:50,49350.0,200,Sell,235949149
2024-08-30 10:00:14,49350.0,500,Sell,235949684
2024-08-30 10:00:37,49400.0,200,Buy,235950190
2024-08-30 10:00:38,49350.0,500,Sell,235950217
2024-08-30 10:01:02,49400.0,400,Sell,235950666
2024-08-30 10:01:02,49400.0,100,Sell,235950667
2024-08-30 10:01:26,49400.0,100,Sell,235951008
2024-08-30 10:01:26,49400.0,300,Sell,235951006
2024-08-30 10:01:26,49400.0,100,Sell,235951007
2024-08-30 10:01:50,49350.0,500,Sell,235951611
2024-08-30 10:02:13,49350.0,300,Sell,235952147
2024-08-30 10:02:13,49350.0,200,Sell,235952148
2024-08-30 10:02:27,49350.0,100,Sell,235952444
2024-08-30 10:02:37,49350.0,200,Sell,235952566
2024-08-30 10:02:37,49350.0,200,Sell,235952567
2024-08-30 10:02:37,49350.0,100,Sell,235952568
2024-08-30 10:02:58,49350.0,100,Sell,235953085
2024-08-30 10:02:58,49350.0,300,Sell,235953084
2024-08-30 10:02:58,49350.0,300,Sell,235953083
2024-08-30 10:02:58,49350.0,200,Sell,235953082
2024-08-30 10:02:58,49350.0,200,Sell,235953081
2024-08-30 10:02:58,49350.0,100,Sell,235953079
2024-08-30 10:02:58,49350.0,100,Sell,235953078
2024-08-30 10:02:58,49350.0,400,Sell,235953077
2024-08-30 10:02:58,49350.0,100,Sell,235953080
2024-08-30 10:03:01,49300.0,500,Sell,235953178
2024-08-30 10:03:12,49300.0,100,Sell,235953316
2024-08-30 10:03:25,49300.0,100,Sell,235953574
2024-08-30 10:03:25,49300.0,300,Sell,235953575
2024-08-30 10:03:25,49300.0,100,Sell,235953576
2024-08-30 10:03:49,49300.0,300,Sell,235954130
2024-08-30 10:03:49,49300.0,200,Sell,235954131
2024-08-30 10:04:13,49300.0,400,Sell,235954586
2024-08-30 10:04:13,49300.0,100,Sell,235954585
2024-08-30 10:04:25,49350.0,100,Buy,235954754
2024-08-30 10:04:37,49300.0,500,Sell,235954977
2024-08-30 10:04:38,49350.0,300,Buy,235954984
2024-08-30 10:04:39,49300.0,1000,Sell,235955035
2024-08-30 10:04:46,49300.0,1000,Sell,235955282
2024-08-30 10:04:49,49350.0,100,Buy,235955352
2024-08-30 10:04:57,49350.0,700,Buy,235955497
2024-08-30 10:05:01,49350.0,500,Sell,235955556
2024-08-30 10:05:03,49350.0,300,Sell,235955609
2024-08-30 10:05:03,49350.0,700,Sell,235955610
2024-08-30 10:05:25,49350.0,500,Sell,235955949
2024-08-30 10:05:49,49350.0,500,Sell,235956443
2024-08-30 10:06:05,49350.0,100,Sell,235956687
2024-08-30 10:06:05,49350.0,500,Sell,235956685
2024-08-30 10:06:05,49350.0,300,Sell,235956684
2024-08-30 10:06:05,49350.0,100,Sell,235956686
2024-08-30 10:06:13,49400.0,100,Sell,235956862
2024-08-30 10:06:37,49350.0,100,Sell,235957200
2024-08-30 10:06:37,49350.0,200,Sell,235957201
2024-08-30 10:06:37,49350.0,200,Sell,235957210
2024-08-30 10:06:37,49350.0,100,Sell,235957211
2024-08-30 10:06:37,49350.0,100,Sell,235957212
2024-08-30 10:06:37,49350.0,100,Sell,235957213
2024-08-30 10:07:01,49350.0,100,Sell,235957717
2024-08-30 10:07:01,49350.0,400,Sell,235957718
2024-08-30 10:07:08,49350.0,100,Sell,235957780
2024-08-30 10:07:08,49350.0,900,Sell,235957778
2024-08-30 10:07:08,49350.0,1000,Sell,235957782
2024-08-30 10:07:08,49350.0,2000,Sell,235957776
2024-08-30 10:07:08,49350.0,100,Sell,235957777
2024-08-30 10:07:08,49350.0,100,Sell,235957781
2024-08-30 10:07:08,49350.0,1600,Sell,235957775
2024-08-30 10:07:25,49300.0,500,Sell,235958097
2024-08-30 10:07:26,49350.0,2600,Buy,235958121
2024-08-30 10:07:40,49350.0,100,Buy,235958369
2024-08-30 10:07:46,49300.0,5000,Sell,235958432
2024-08-30 10:07:49,49300.0,500,Sell,235958485
2024-08-30 10:07:51,49350.0,1000,Buy,235958508
2024-08-30 10:07:55,49350.0,200,Buy,235958573
2024-08-30 10:08:03,49350.0,100,Buy,235958720
2024-08-30 10:08:13,49300.0,500,Sell,235958835
2024-08-30 10:08:25,49300.0,100,Sell,235959053
2024-08-30 10:08:25,49300.0,100,Sell,235959052
2024-08-30 10:08:25,49300.0,500,Sell,235959051
2024-08-30 10:08:25,49300.0,1000,Sell,235959050
2024-08-30 10:08:25,49300.0,3600,Sell,235959055
2024-08-30 10:08:25,49300.0,2000,Sell,235959048
2024-08-30 10:08:25,49300.0,5000,Sell,235959049
2024-08-30 10:08:25,49300.0,600,Sell,235959045
2024-08-30 10:08:25,49300.0,5000,Sell,235959054
2024-08-30 10:08:25,49300.0,2000,Sell,235959046
2024-08-30 10:08:25,49300.0,200,Sell,235959047
2024-08-30 10:08:27,49300.0,700,Sell,235959077
2024-08-30 10:08:37,49300.0,500,Sell,235959191
2024-08-30 10:08:56,49350.0,200,Buy,235959482
2024-08-30 10:08:56,49350.0,100,Buy,235959484
2024-08-30 10:08:56,49350.0,400,Buy,235959483
2024-08-30 10:09:01,49300.0,200,Sell,235959557
2024-08-30 10:09:01,49300.0,300,Sell,235959558
2024-08-30 10:09:25,49300.0,200,Sell,235959974
2024-08-30 10:09:25,49300.0,100,Sell,235959975
2024-08-30 10:09:25,49300.0,200,Sell,235959976
2024-08-30 10:09:49,49300.0,500,Sell,235960329
2024-08-30 10:09:50,49300.0,500,Sell,235960343
2024-08-30 10:09:51,49300.0,100,Sell,235960351
2024-08-30 10:09:51,49300.0,9500,Sell,235960366
2024-08-30 10:09:51,49300.0,500,Sell,235960365
2024-08-30 10:09:51,49300.0,400,Sell,235960364
2024-08-30 10:09:51,49300.0,2600,Sell,235960362
2024-08-30 10:09:51,49300.0,100,Sell,235960361
2024-08-30 10:09:51,49300.0,100,Sell,235960360
2024-08-30 10:09:51,49300.0,1000,Sell,235960359
2024-08-30 10:09:51,49300.0,1000,Sell,235960363
2024-08-30 10:09:51,49300.0,100,Sell,235960357
2024-08-30 10:09:51,49300.0,300,Sell,235960358
2024-08-30 10:09:51,49300.0,100,Sell,235960352
2024-08-30 10:09:51,49300.0,500,Sell,235960353
2024-08-30 10:09:51,49300.0,800,Sell,235960350
2024-08-30 10:09:51,49300.0,2000,Sell,235960355
2024-08-30 10:09:51,49300.0,700,Sell,235960356
2024-08-30 10:09:51,49300.0,200,Sell,235960354
2024-08-30 10:10:01,49300.0,2800,Sell,235960499
2024-08-30 10:10:04,49300.0,5000,Sell,235960545
2024-08-30 10:10:06,49300.0,2700,Sell,235960571
2024-08-30 10:10:06,49300.0,200,Sell,235960572
2024-08-30 10:10:06,49300.0,1500,Sell,235960573
2024-08-30 10:10:06,49300.0,200,Sell,235960574
2024-08-30 10:10:06,49300.0,100,Sell,235960575
2024-08-30 10:10:06,49300.0,300,Sell,235960576
2024-08-30 10:10:13,49300.0,200,Sell,235960677
2024-08-30 10:10:13,49300.0,100,Sell,235960676
2024-08-30 10:10:13,49300.0,100,Sell,235960674
2024-08-30 10:10:13,49300.0,100,Sell,235960675
2024-08-30 10:10:19,49300.0,100,Sell,235960792
2024-08-30 10:10:19,49250.0,100,Sell,235960816
2024-08-30 10:10:19,49250.0,100,Sell,235960815
2024-08-30 10:10:19,49250.0,300,Sell,235960814
2024-08-30 10:10:19,49250.0,100,Sell,235960813
2024-08-30 10:10:19,49300.0,100,Sell,235960791
2024-08-30 10:10:19,49250.0,400,Sell,235960811
2024-08-30 10:10:19,49250.0,8000,Sell,235960810
2024-08-30 10:10:19,49250.0,100,Sell,235960809
2024-08-30 10:10:19,49250.0,100,Sell,235960808
2024-08-30 10:10:19,49250.0,100,Sell,235960812
2024-08-30 10:10:20,49250.0,100,Buy,235960825
2024-08-30 10:10:23,49250.0,100,Buy,235960864
2024-08-30 10:10:23,49250.0,300,Buy,235960870
2024-08-30 10:10:34,49250.0,200,Buy,235961060
2024-08-30 10:10:34,49250.0,100,Buy,235961061
2024-08-30 10:10:36,49300.0,2000,Buy,235961082
2024-08-30 10:10:37,49200.0,100,Sell,235961102
2024-08-30 10:10:37,49200.0,300,Sell,235961103
2024-08-30 10:10:37,49200.0,100,Sell,235961101
2024-08-30 10:10:58,49250.0,1000,Sell,235961442
2024-08-30 10:10:58,49250.0,200,Sell,235961443
2024-08-30 10:10:58,49250.0,100,Sell,235961444
2024-08-30 10:10:58,49250.0,400,Sell,235961445
2024-08-30 10:10:58,49200.0,800,Sell,235961446
2024-08-30 10:11:01,49200.0,500,Sell,235961494
2024-08-30 10:11:07,49200.0,100,Sell,235961560
2024-08-30 10:11:07,49200.0,100,Sell,235961559
2024-08-30 10:11:07,49200.0,1400,Sell,235961558
2024-08-30 10:11:16,49250.0,100,Sell,235961719
2024-08-30 10:11:25,49200.0,100,Sell,235961818
2024-08-30 10:11:25,49200.0,400,Sell,235961817
2024-08-30 10:11:49,49200.0,400,Sell,235962163
2024-08-30 10:11:49,49200.0,100,Sell,235962164
2024-08-30 10:11:49,49200.0,400,Sell,235962167
2024-08-30 10:11:49,49200.0,100,Sell,235962168
2024-08-30 10:11:49,49200.0,100,Sell,235962169
2024-08-30 10:11:49,49200.0,400,Sell,235962170
2024-08-30 10:11:52,49250.0,5000,Buy,235962211
2024-08-30 10:11:52,49250.0,200,Buy,235962214
2024-08-30 10:11:58,49200.0,800,Sell,235962336
2024-08-30 10:12:13,49200.0,500,Sell,235962578
2024-08-30 10:12:22,49300.0,2000,Buy,235962775
2024-08-30 10:12:27,49200.0,300,Sell,235962860
2024-08-30 10:12:27,49200.0,500,Sell,235962861
2024-08-30 10:12:27,49200.0,200,Sell,235962862
2024-08-30 10:12:27,49200.0,100,Sell,235962863
2024-08-30 10:12:35,49300.0,1300,Buy,235963014
2024-08-30 10:12:35,49300.0,700,Buy,235963015
2024-08-30 10:12:37,49200.0,100,Sell,235963057
2024-08-30 10:12:37,49200.0,300,Sell,235963058
2024-08-30 10:12:37,49200.0,100,Sell,235963059
2024-08-30 10:13:01,49250.0,500,Sell,235963450
2024-08-30 10:13:25,49250.0,500,Sell,235963822
2024-08-30 10:13:47,49300.0,500,Buy,235964252
2024-08-30 10:13:49,49250.0,100,Sell,235964296
2024-08-30 10:13:49,49250.0,500,Sell,235964288
2024-08-30 10:13:50,49300.0,400,Buy,235964307
2024-08-30 10:13:50,49250.0,1400,Sell,235964299
2024-08-30 10:13:56,49300.0,400,Buy,235964396
2024-08-30 10:14:05,49300.0,100,Buy,235964585
2024-08-30 10:14:06,49300.0,400,Buy,235964595
2024-08-30 10:14:10,49300.0,200,Buy,235964677
2024-08-30 10:14:13,49250.0,500,Sell,235964767
2024-08-30 10:14:25,49250.0,4300,Sell,235964944
2024-08-30 10:14:33,49300.0,1000,Buy,235965066
2024-08-30 10:14:36,49300.0,2000,Buy,235965098
2024-08-30 10:14:37,49250.0,500,Sell,235965117
2024-08-30 10:14:41,49300.0,200,Buy,235965171
2024-08-30 10:14:42,49300.0,100,Buy,235965185
2024-08-30 10:14:46,49300.0,700,Buy,235965238
2024-08-30 10:14:46,49300.0,1300,Buy,235965239
2024-08-30 10:15:01,49250.0,500,Sell,235965412
2024-08-30 10:15:04,49300.0,100,Buy,235965449
2024-08-30 10:15:09,49300.0,600,Buy,235965495
2024-08-30 10:15:09,49300.0,1400,Buy,235965496
2024-08-30 10:15:19,49300.0,300,Buy,235965631
2024-08-30 10:15:24,49250.0,200,Sell,235965731
2024-08-30 10:15:24,49250.0,300,Sell,235965732
2024-08-30 10:15:32,49300.0,3000,Buy,235965828
2024-08-30 10:15:43,49300.0,1000,Buy,235966099
2024-08-30 10:15:45,49300.0,100,Buy,235966146
2024-08-30 10:15:48,49300.0,100,Buy,235966176
2024-08-30 10:15:48,49250.0,200,Sell,235966191
2024-08-30 10:15:48,49250.0,300,Sell,235966192
2024-08-30 10:16:00,49300.0,100,Buy,235966380
2024-08-30 10:16:12,49300.0,500,Sell,235966532
2024-08-30 10:16:29,49300.0,400,Sell,235966789
2024-08-30 10:16:29,49300.0,600,Sell,235966790
2024-08-30 10:16:36,49300.0,500,Sell,235966881
2024-08-30 10:17:00,49300.0,500,Sell,235967241
2024-08-30 10:17:24,49300.0,500,Sell,235967622
2024-08-30 10:17:25,49300.0,200,Sell,235967633
2024-08-30 10:17:48,49300.0,300,Sell,235968021
2024-08-30 10:17:48,49300.0,200,Sell,235968022
2024-08-30 10:18:12,49300.0,100,Sell,235968350
2024-08-30 10:18:12,49300.0,400,Sell,235968351
2024-08-30 10:18:36,49300.0,100,Sell,235968673
2024-08-30 10:18:36,49300.0,400,Sell,235968674
2024-08-30 10:18:56,49350.0,300,Buy,235969074
2024-08-30 10:18:56,49350.0,200,Buy,235969073
2024-08-30 10:19:00,49300.0,500,Sell,235969124
2024-08-30 10:19:00,49350.0,100,Buy,235969122
2024-08-30 10:19:24,49300.0,100,Sell,235969476
2024-08-30 10:19:24,49300.0,400,Sell,235969477
2024-08-30 10:19:48,49300.0,100,Sell,235969780
2024-08-30 10:19:48,49300.0,400,Sell,235969781
2024-08-30 10:20:00,49300.0,600,Sell,235969933
2024-08-30 10:20:00,49300.0,400,Sell,235969934
2024-08-30 10:20:00,49300.0,100,Sell,235969935
2024-08-30 10:20:00,49300.0,900,Sell,235969936
2024-08-30 10:20:12,49300.0,100,Sell,235970099
2024-08-30 10:20:12,49300.0,100,Sell,235970098
2024-08-30 10:20:12,49300.0,100,Sell,235970097
2024-08-30 10:20:12,49300.0,100,Sell,235970095
2024-08-30 10:20:12,49300.0,100,Sell,235970096
2024-08-30 10:20:36,49300.0,500,Sell,235970408
2024-08-30 10:20:48,49300.0,100,Sell,235970605
2024-08-30 10:20:48,49300.0,100,Sell,235970604
2024-08-30 10:20:48,49300.0,100,Sell,235970603
2024-08-30 10:20:48,49300.0,500,Sell,235970602
2024-08-30 10:20:48,49300.0,200,Sell,235970601
2024-08-30 10:20:48,49300.0,400,Sell,235970595
2024-08-30 10:20:48,49300.0,100,Sell,235970599
2024-08-30 10:20:48,49300.0,200,Sell,235970598
2024-08-30 10:20:48,49300.0,100,Sell,235970597
2024-08-30 10:20:48,49300.0,100,Sell,235970596
2024-08-30 10:20:48,49300.0,200,Sell,235970600
2024-08-30 10:21:00,49250.0,500,Sell,235970894
2024-08-30 10:21:05,49300.0,100,Buy,235970975
2024-08-30 10:21:24,49250.0,500,Sell,235971292
2024-08-30 10:21:48,49250.0,500,Sell,235971659
2024-08-30 10:22:12,49250.0,500,Sell,235972028
2024-08-30 10:22:36,49250.0,500,Sell,235972301
2024-08-30 10:22:48,49250.0,500,Sell,235972443
2024-08-30 10:22:48,49250.0,100,Sell,235972444
2024-08-30 10:23:00,49250.0,400,Sell,235972582
2024-08-30 10:23:00,49250.0,100,Sell,235972583
2024-08-30 10:23:24,49250.0,500,Sell,235972992
2024-08-30 10:23:48,49250.0,100,Sell,235973411
2024-08-30 10:23:48,49250.0,300,Sell,235973412
2024-08-30 10:23:48,49250.0,100,Sell,235973413
2024-08-30 10:24:12,49250.0,200,Sell,235973761
2024-08-30 10:24:12,49250.0,100,Sell,235973759
2024-08-30 10:24:12,49250.0,100,Sell,235973758
2024-08-30 10:24:12,49250.0,100,Sell,235973760
2024-08-30 10:24:36,49250.0,100,Sell,235974055
2024-08-30 10:24:36,49250.0,200,Sell,235974056
2024-08-30 10:24:36,49250.0,100,Sell,235974057
2024-08-30 10:24:36,49250.0,100,Sell,235974058
2024-08-30 10:25:00,49250.0,500,Sell,235974407
2024-08-30 10:25:24,49250.0,500,Sell,235974706
2024-08-30 10:25:48,49250.0,100,Sell,235975034
2024-08-30 10:25:48,49250.0,100,Sell,235975035
2024-08-30 10:25:48,49250.0,300,Sell,235975036
2024-08-30 10:25:49,49250.0,100,Sell,235975052
2024-08-30 10:25:54,49300.0,400,Buy,235975105
2024-08-30 10:26:12,49250.0,500,Sell,235975489
2024-08-30 10:26:20,49300.0,400,Buy,235975603
2024-08-30 10:26:36,49250.0,100,Sell,235975943
2024-08-30 10:26:36,49250.0,400,Sell,235975944
2024-08-30 10:26:45,49300.0,400,Buy,235976076
2024-08-30 10:27:00,49250.0,500,Sell,235976308
2024-08-30 10:27:01,49300.0,2000,Buy,235976320
2024-08-30 10:27:24,49250.0,100,Sell,235976633
2024-08-30 10:27:24,49250.0,100,Sell,235976634
2024-08-30 10:27:24,49250.0,200,Sell,235976635
2024-08-30 10:27:24,49250.0,100,Sell,235976636
2024-08-30 10:27:48,49250.0,500,Sell,235976940
2024-08-30 10:28:04,49250.0,200,Sell,235977143
2024-08-30 10:28:12,49250.0,200,Sell,235977254
2024-08-30 10:28:12,49250.0,300,Sell,235977253
2024-08-30 10:28:36,49250.0,500,Sell,235977535
2024-08-30 10:28:38,49250.0,100,Sell,235977548
2024-08-30 10:28:50,49300.0,500,Buy,235977717
2024-08-30 10:28:59,49250.0,200,Sell,235977845
2024-08-30 10:28:59,49250.0,100,Sell,235977846
2024-08-30 10:28:59,49250.0,100,Sell,235977847
2024-08-30 10:28:59,49250.0,100,Sell,235977848
2024-08-30 10:29:20,49300.0,4100,Buy,235978105
2024-08-30 10:29:20,49300.0,10000,Buy,235978106
2024-08-30 10:29:20,49300.0,200,Buy,235978107
2024-08-30 10:29:20,49300.0,100,Buy,235978108
2024-08-30 10:29:20,49300.0,500,Buy,235978109
2024-08-30 10:29:22,49300.0,100,Sell,235978140
2024-08-30 10:29:22,49250.0,100,Sell,235978141
2024-08-30 10:29:23,49250.0,100,Sell,235978175
2024-08-30 10:29:23,49250.0,400,Sell,235978174
2024-08-30 10:29:47,49250.0,500,Sell,235978561
2024-08-30 10:30:11,49250.0,400,Sell,235978947
2024-08-30 10:30:11,49250.0,100,Sell,235978948
2024-08-30 10:30:35,49300.0,500,Sell,235979290
2024-08-30 10:30:40,49300.0,200,Sell,235979321
2024-08-30 10:30:59,49300.0,500,Sell,235979646
2024-08-30 10:31:23,49300.0,500,Sell,235980032
2024-08-30 10:31:47,49300.0,500,Sell,235980493
2024-08-30 10:32:11,49300.0,500,Sell,235981003
2024-08-30 10:32:24,49350.0,600,Buy,235981183
2024-08-30 10:32:24,49350.0,1400,Buy,235981184
2024-08-30 10:32:35,49300.0,500,Sell,235981366
2024-08-30 10:32:59,49300.0,500,Sell,235981844
2024-08-30 10:33:23,49300.0,500,Sell,235982267
2024-08-30 10:33:47,49300.0,500,Sell,235982760
2024-08-30 10:34:11,49300.0,500,Sell,235983107
2024-08-30 10:34:35,49300.0,500,Sell,235983673
2024-08-30 10:34:48,49300.0,1500,Sell,235983906
2024-08-30 10:34:59,49300.0,500,Sell,235984114
2024-08-30 10:35:09,49350.0,200,Buy,235984424
2024-08-30 10:35:10,49300.0,2000,Sell,235984451
2024-08-30 10:35:23,49300.0,500,Sell,235984661
2024-08-30 10:35:26,49350.0,200,Buy,235984695
2024-08-30 10:35:47,49350.0,100,Buy,235985118
2024-08-30 10:35:47,49300.0,500,Sell,235985119
2024-08-30 10:35:55,49350.0,100,Buy,235985202
2024-08-30 10:36:07,49350.0,1900,Buy,235985450
2024-08-30 10:36:11,49300.0,500,Sell,235985513
2024-08-30 10:36:17,49300.0,100,Sell,235985565
2024-08-30 10:36:28,49350.0,200,Buy,235985736
2024-08-30 10:36:35,49350.0,5900,Buy,235985847
2024-08-30 10:36:35,49350.0,500,Sell,235985860
2024-08-30 10:36:59,49350.0,500,Sell,235986278
2024-08-30 10:37:23,49350.0,500,Sell,235986722
2024-08-30 10:37:47,49350.0,500,Sell,235987094
2024-08-30 10:38:11,49350.0,500,Sell,235987559
2024-08-30 10:38:19,49350.0,100,Sell,235987691
2024-08-30 10:38:21,49400.0,100,Buy,235987733
2024-08-30 10:38:35,49350.0,500,Sell,235987997
2024-08-30 10:38:38,49400.0,100,Buy,235988142
2024-08-30 10:38:44,49400.0,100,Buy,235988220
2024-08-30 10:38:50,49350.0,10000,Sell,235988363
2024-08-30 10:38:59,49350.0,500,Sell,235988515
2024-08-30 10:39:06,49350.0,500,Sell,235988627
2024-08-30 10:39:06,49350.0,500,Sell,235988628
2024-08-30 10:39:06,49350.0,100,Sell,235988629
2024-08-30 10:39:08,49350.0,100,Buy,235988655
2024-08-30 10:39:18,49350.0,100,Buy,235988786
2024-08-30 10:39:23,49300.0,500,Sell,235988835
2024-08-30 10:39:47,49300.0,500,Sell,235989146
2024-08-30 10:40:11,49300.0,500,Sell,235989620
2024-08-30 10:40:28,49300.0,1900,Sell,235989864
2024-08-30 10:40:28,49300.0,100,Sell,235989863
2024-08-30 10:40:28,49300.0,100,Sell,235989861
2024-08-30 10:40:28,49300.0,800,Sell,235989860
2024-08-30 10:40:28,49300.0,6200,Sell,235989859
2024-08-30 10:40:28,49300.0,200,Sell,235989862
2024-08-30 10:40:35,49300.0,500,Sell,235989966
2024-08-30 10:40:37,49300.0,200,Sell,235990010
2024-08-30 10:40:37,49300.0,700,Sell,235990006
2024-08-30 10:40:37,49300.0,200,Sell,235990007
2024-08-30 10:40:37,49300.0,100,Sell,235990008
2024-08-30 10:40:37,49300.0,200,Sell,235990009
2024-08-30 10:40:37,49300.0,100,Sell,235990011
2024-08-30 10:40:37,49300.0,400,Sell,235990018
2024-08-30 10:40:37,49300.0,10000,Sell,235990013
2024-08-30 10:40:37,49300.0,100,Sell,235990014
2024-08-30 10:40:37,49300.0,500,Sell,235990015
2024-08-30 10:40:37,49300.0,100,Sell,235990016
2024-08-30 10:40:37,49300.0,400,Sell,235990017
2024-08-30 10:40:37,49300.0,200,Sell,235990005
2024-08-30 10:40:37,49300.0,400,Sell,235990012
2024-08-30 10:40:37,49300.0,100,Sell,235990004
2024-08-30 10:40:37,49300.0,100,Sell,235990001
2024-08-30 10:40:37,49300.0,300,Sell,235990002
2024-08-30 10:40:37,49300.0,200,Sell,235989988
2024-08-30 10:40:37,49300.0,400,Sell,235990003
2024-08-30 10:40:37,49300.0,1600,Sell,235989990
2024-08-30 10:40:37,49300.0,400,Sell,235989991
2024-08-30 10:40:37,49300.0,100,Sell,235989992
2024-08-30 10:40:37,49300.0,100,Sell,235989993
2024-08-30 10:40:37,49300.0,200,Sell,235989989
2024-08-30 10:40:37,49300.0,500,Sell,235989995
2024-08-30 10:40:37,49300.0,100,Sell,235989996
2024-08-30 10:40:37,49300.0,3000,Sell,235989997
2024-08-30 10:40:37,49300.0,2000,Sell,235989998
2024-08-30 10:40:37,49300.0,100,Sell,235989999
2024-08-30 10:40:37,49300.0,5000,Sell,235990000
2024-08-30 10:40:37,49300.0,100,Sell,235989994
2024-08-30 10:40:55,49300.0,400,Buy,235990272
2024-08-30 10:40:59,49250.0,500,Sell,235990384
2024-08-30 10:41:01,49300.0,1700,Buy,235990403
2024-08-30 10:41:01,49300.0,18300,Buy,235990404
2024-08-30 10:41:22,49300.0,500,Buy,235990702
2024-08-30 10:41:23,49250.0,500,Sell,235990708
2024-08-30 10:41:42,49300.0,100,Buy,235990938
2024-08-30 10:41:47,49250.0,500,Sell,235991008
2024-08-30 10:42:02,49250.0,2000,Sell,235991231
2024-08-30 10:42:10,49250.0,500,Sell,235991338
2024-08-30 10:42:20,49250.0,500,Sell,235991474
2024-08-30 10:42:20,49250.0,900,Sell,235991471
2024-08-30 10:42:20,49250.0,600,Sell,235991472
2024-08-30 10:42:20,49250.0,3000,Sell,235991473
2024-08-30 10:42:34,49250.0,500,Sell,235991699
2024-08-30 10:42:54,49300.0,100,Buy,235992021
2024-08-30 10:42:58,49250.0,100,Sell,235992127
2024-08-30 10:42:58,49250.0,100,Sell,235992128
2024-08-30 10:42:58,49250.0,100,Sell,235992129
2024-08-30 10:42:58,49250.0,100,Sell,235992130
2024-08-30 10:42:58,49250.0,100,Sell,235992126
2024-08-30 10:43:19,49250.0,100,Sell,235992508
2024-08-30 10:43:19,49250.0,100,Sell,235992509
2024-08-30 10:43:19,49250.0,300,Sell,235992510
2024-08-30 10:43:19,49250.0,400,Sell,235992511
2024-08-30 10:43:22,49250.0,200,Sell,235992578
2024-08-30 10:43:22,49250.0,300,Sell,235992579
2024-08-30 10:43:46,49250.0,100,Sell,235992975
2024-08-30 10:43:46,49250.0,400,Sell,235992974
2024-08-30 10:43:50,49300.0,300,Buy,235993015
2024-08-30 10:43:50,49300.0,13700,Buy,235993016
2024-08-30 10:43:50,49300.0,11000,Buy,235993014
2024-08-30 10:44:01,49300.0,1300,Buy,235993245
2024-08-30 10:44:10,49300.0,500,Sell,235993485
2024-08-30 10:44:34,49300.0,500,Sell,235994020
2024-08-30 10:44:58,49300.0,500,Sell,235994369
2024-08-30 10:45:22,49300.0,500,Sell,235994749
2024-08-30 10:45:46,49300.0,500,Sell,235995110
2024-08-30 10:46:10,49300.0,500,Sell,235995471
2024-08-30 10:46:34,49300.0,500,Sell,235995837
2024-08-30 10:46:58,49300.0,100,Sell,235996242
2024-08-30 10:46:58,49300.0,200,Sell,235996241
2024-08-30 10:46:58,49300.0,200,Sell,235996240
2024-08-30 10:47:17,49350.0,100,Buy,235996571
2024-08-30 10:47:22,49300.0,500,Sell,235996642
2024-08-30 10:47:46,49300.0,500,Sell,235996971
2024-08-30 10:47:57,49350.0,100,Buy,235997113
2024-08-30 10:47:58,49350.0,2500,Buy,235997122
2024-08-30 10:48:10,49300.0,500,Sell,235997323
2024-08-30 10:48:34,49300.0,500,Sell,235997659
2024-08-30 10:48:52,49350.0,100,Buy,235997934
2024-08-30 10:48:58,49300.0,500,Sell,235998044
2024-08-30 10:49:22,49300.0,500,Sell,235998375
2024-08-30 10:49:46,49300.0,200,Sell,235998788
2024-08-30 10:49:46,49300.0,300,Sell,235998789
2024-08-30 10:50:10,49300.0,100,Sell,235999141
2024-08-30 10:50:10,49300.0,100,Sell,235999139
2024-08-30 10:50:10,49300.0,200,Sell,235999140
2024-08-30 10:50:10,49300.0,100,Sell,235999138
2024-08-30 10:50:34,49300.0,500,Sell,235999408
2024-08-30 10:50:58,49300.0,100,Sell,235999667
2024-08-30 10:50:58,49300.0,400,Sell,235999668
2024-08-30 10:51:00,49300.0,400,Sell,235999678
2024-08-30 10:51:00,49300.0,100,Sell,235999682
2024-08-30 10:51:22,49300.0,300,Sell,235999982
2024-08-30 10:51:22,49300.0,200,Sell,235999983
2024-08-30 10:51:24,49350.0,100,Buy,236000000
2024-08-30 10:51:43,49350.0,100,Buy,236000250
2024-08-30 10:51:46,49300.0,400,Sell,236000275
2024-08-30 10:51:46,49300.0,100,Sell,236000274
2024-08-30 10:52:10,49300.0,500,Sell,236000586
2024-08-30 10:52:34,49300.0,500,Sell,236000909
2024-08-30 10:52:58,49300.0,500,Sell,236001168
2024-08-30 10:53:22,49300.0,500,Sell,236001470
2024-08-30 10:53:36,49350.0,100,Buy,236001664
2024-08-30 10:53:46,49300.0,500,Sell,236001767
2024-08-30 10:53:56,49300.0,200,Sell,236001913
2024-08-30 10:54:01,49350.0,100,Buy,236002054
2024-08-30 10:54:10,49300.0,500,Sell,236002191
2024-08-30 10:54:34,49300.0,500,Sell,236002489
2024-08-30 10:54:58,49300.0,500,Sell,236002781
2024-08-30 10:55:22,49300.0,500,Sell,236003177
2024-08-30 10:55:23,49350.0,300,Buy,236003247
2024-08-30 10:55:45,49300.0,500,Sell,236003540
2024-08-30 10:56:01,49300.0,400,Sell,236003769
2024-08-30 10:56:09,49300.0,500,Sell,236003846
2024-08-30 10:56:33,49300.0,500,Sell,236004081
2024-08-30 10:56:57,49300.0,500,Sell,236004371
2024-08-30 10:57:04,49300.0,2500,Sell,236004469
2024-08-30 10:57:04,49300.0,200,Sell,236004470
2024-08-30 10:57:04,49300.0,1200,Sell,236004471
2024-08-30 10:57:04,49300.0,100,Sell,236004472
2024-08-30 10:57:04,49300.0,1000,Sell,236004473
2024-08-30 10:57:04,49300.0,1000,Sell,236004474
2024-08-30 10:57:04,49300.0,100,Sell,236004475
2024-08-30 10:57:04,49300.0,200,Sell,236004476
2024-08-30 10:57:04,49300.0,300,Sell,236004477
2024-08-30 10:57:04,49300.0,1000,Sell,236004478
2024-08-30 10:57:18,49300.0,600,Sell,236004732
2024-08-30 10:57:21,49300.0,500,Sell,236004763
2024-08-30 10:57:45,49300.0,500,Sell,236005017
2024-08-30 10:58:09,49300.0,100,Sell,236005255
2024-08-30 10:58:09,49300.0,400,Sell,236005256
2024-08-30 10:58:33,49300.0,100,Sell,236005515
2024-08-30 10:58:33,49300.0,400,Sell,236005516
2024-08-30 10:58:36,49350.0,100,Buy,236005648
2024-08-30 10:58:47,49350.0,400,Buy,236005765
2024-08-30 10:58:49,49350.0,4700,Buy,236005786
2024-08-30 10:58:49,49350.0,100,Buy,236005787
2024-08-30 10:58:49,49350.0,200,Buy,236005788
2024-08-30 10:58:57,49300.0,100,Sell,236005858
2024-08-30 10:58:57,49300.0,100,Sell,236005859
2024-08-30 10:58:57,49300.0,300,Sell,236005860
2024-08-30 10:59:07,49300.0,200,Sell,236006002
2024-08-30 10:59:07,49300.0,200,Sell,236006000
2024-08-30 10:59:07,49300.0,100,Sell,236006001
2024-08-30 10:59:21,49350.0,800,Buy,236006122
2024-08-30 10:59:21,49350.0,100,Buy,236006123
2024-08-30 10:59:21,49300.0,500,Sell,236006125
2024-08-30 10:59:45,49300.0,500,Sell,236006347
2024-08-30 11:00:09,49300.0,500,Sell,236006693
2024-08-30 11:00:33,49300.0,300,Sell,236006902
2024-08-30 11:00:33,49300.0,100,Sell,236006903
2024-08-30 11:00:33,49300.0,100,Sell,236006904
2024-08-30 11:00:57,49300.0,200,Sell,236007175
2024-08-30 11:00:57,49300.0,100,Sell,236007176
2024-08-30 11:00:57,49300.0,200,Sell,236007177
2024-08-30 11:01:21,49300.0,500,Sell,236007468
2024-08-30 11:01:45,49300.0,500,Sell,236007737
2024-08-30 11:02:09,49300.0,200,Sell,236008033
2024-08-30 11:02:09,49300.0,200,Sell,236008032
2024-08-30 11:02:09,49300.0,100,Sell,236008034
2024-08-30 11:02:10,49350.0,2000,Buy,236008036
2024-08-30 11:02:33,49350.0,500,Sell,236008351
2024-08-30 11:02:57,49350.0,500,Sell,236008609
2024-08-30 11:03:00,49350.0,100,Sell,236008630
2024-08-30 11:03:21,49350.0,500,Sell,236008911
2024-08-30 11:03:45,49350.0,600,Sell,236009198
2024-08-30 11:03:45,49350.0,500,Sell,236009215
2024-08-30 11:04:09,49350.0,500,Sell,236009537
2024-08-30 11:04:33,49350.0,500,Sell,236009850
2024-08-30 11:04:57,49350.0,500,Sell,236010180
2024-08-30 11:05:21,49350.0,500,Sell,236010510
2024-08-30 11:05:45,49350.0,500,Sell,236010811
2024-08-30 11:06:09,49350.0,300,Sell,236011119
2024-08-30 11:06:09,49350.0,2300,Sell,236011117
2024-08-30 11:06:09,49350.0,500,Sell,236011112
2024-08-30 11:06:09,49350.0,400,Sell,236011118
2024-08-30 11:06:33,49350.0,500,Sell,236011512
2024-08-30 11:06:57,49350.0,200,Sell,236011774
2024-08-30 11:06:57,49350.0,100,Sell,236011775
2024-08-30 11:06:57,49350.0,200,Sell,236011776
2024-08-30 11:07:16,49350.0,100,Sell,236011936
2024-08-30 11:07:16,49350.0,300,Sell,236011935
2024-08-30 11:07:16,49350.0,600,Sell,236011934
2024-08-30 11:07:16,49350.0,300,Sell,236011931
2024-08-30 11:07:16,49350.0,300,Sell,236011933
2024-08-30 11:07:16,49350.0,400,Sell,236011932
2024-08-30 11:07:16,49350.0,1600,Sell,236011929
2024-08-30 11:07:16,49350.0,100,Sell,236011928
2024-08-30 11:07:16,49350.0,200,Sell,236011927
2024-08-30 11:07:16,49350.0,100,Sell,236011926
2024-08-30 11:07:16,49350.0,100,Sell,236011930
2024-08-30 11:07:21,49300.0,100,Sell,236011995
2024-08-30 11:07:21,49300.0,200,Sell,236011996
2024-08-30 11:07:21,49300.0,200,Sell,236011997
2024-08-30 11:07:45,49300.0,500,Sell,236012276
2024-08-30 11:08:09,49300.0,500,Sell,236012633
2024-08-30 11:08:22,49300.0,400,Sell,236012763
2024-08-30 11:08:33,49300.0,500,Sell,236012870
2024-08-30 11:08:56,49300.0,500,Sell,236013143
2024-08-30 11:09:20,49300.0,400,Sell,236013475
2024-08-30 11:09:20,49300.0,100,Sell,236013476
2024-08-30 11:09:44,49300.0,500,Sell,236013847
2024-08-30 11:10:04,49300.0,100,Sell,236014140
2024-08-30 11:10:04,49300.0,200,Sell,236014141
2024-08-30 11:10:08,49300.0,100,Sell,236014207
2024-08-30 11:10:08,49300.0,100,Sell,236014208
2024-08-30 11:10:08,49300.0,100,Sell,236014209
2024-08-30 11:10:08,49300.0,100,Sell,236014210
2024-08-30 11:10:08,49300.0,100,Sell,236014211
2024-08-30 11:10:11,49350.0,100,Buy,236014312
2024-08-30 11:10:32,49300.0,100,Sell,236014570
2024-08-30 11:10:32,49300.0,200,Sell,236014571
2024-08-30 11:10:32,49300.0,200,Sell,236014572
2024-08-30 11:10:44,49300.0,700,Sell,236014704
2024-08-30 11:10:44,49300.0,100,Sell,236014702
2024-08-30 11:10:44,49300.0,200,Sell,236014703
2024-08-30 11:10:56,49300.0,500,Sell,236014905
2024-08-30 11:11:12,49350.0,5800,Buy,236015167
2024-08-30 11:11:12,49350.0,100,Buy,236015168
2024-08-30 11:11:12,49350.0,1000,Buy,236015169
2024-08-30 11:11:20,49350.0,500,Sell,236015258
2024-08-30 11:11:44,49350.0,500,Sell,236015541
2024-08-30 11:12:08,49350.0,500,Sell,236015872
2024-08-30 11:12:32,49350.0,500,Sell,236016193
2024-08-30 11:12:56,49350.0,500,Sell,236016516
2024-08-30 11:13:20,49350.0,500,Sell,236016755
2024-08-30 11:13:40,49400.0,100,Buy,236017009
2024-08-30 11:13:40,49400.0,300,Buy,236017008
2024-08-30 11:13:40,49400.0,100,Buy,236017007
2024-08-30 11:13:44,49350.0,100,Sell,236017071
2024-08-30 11:13:44,49350.0,400,Sell,236017072
2024-08-30 11:14:08,49350.0,500,Sell,236017284
2024-08-30 11:14:32,49350.0,500,Sell,236017654
2024-08-30 11:14:56,49350.0,500,Sell,236017934
2024-08-30 11:15:20,49350.0,500,Sell,236018215
2024-08-30 11:15:43,49350.0,1500,Sell,236018524
2024-08-30 11:15:43,49350.0,100,Sell,236018523
2024-08-30 11:15:43,49350.0,400,Sell,236018522
2024-08-30 11:15:43,49350.0,100,Sell,236018520
2024-08-30 11:15:43,49350.0,300,Sell,236018519
2024-08-30 11:15:43,49350.0,800,Sell,236018521
2024-08-30 11:15:43,49350.0,200,Sell,236018517
2024-08-30 11:15:43,49350.0,5000,Sell,236018516
2024-08-30 11:15:43,49350.0,400,Sell,236018515
2024-08-30 11:15:43,49350.0,600,Sell,236018514
2024-08-30 11:15:43,49350.0,400,Sell,236018513
2024-08-30 11:15:43,49350.0,200,Sell,236018518
2024-08-30 11:15:44,49350.0,500,Sell,236018536
2024-08-30 11:16:08,49350.0,500,Sell,236018840
2024-08-30 11:16:32,49350.0,500,Sell,236019161
2024-08-30 11:16:56,49350.0,500,Sell,236019413
2024-08-30 11:17:20,49350.0,400,Sell,236019665
2024-08-30 11:17:20,49350.0,100,Sell,236019666
2024-08-30 11:17:44,49350.0,500,Sell,236019907
2024-08-30 11:17:45,49400.0,1000,Buy,236019908
2024-08-30 11:17:47,49400.0,100,Buy,236019919
2024-08-30 11:18:08,49350.0,400,Sell,236020226
2024-08-30 11:18:08,49350.0,100,Sell,236020225
2024-08-30 11:18:32,49350.0,500,Sell,236020456
2024-08-30 11:18:56,49350.0,500,Sell,236020810
2024-08-30 11:19:20,49350.0,500,Sell,236021092
2024-08-30 11:19:31,49350.0,100,Sell,236021211
2024-08-30 11:19:44,49350.0,500,Sell,236021377
2024-08-30 11:20:08,49350.0,500,Sell,236021646
2024-08-30 11:20:32,49350.0,500,Sell,236021905
2024-08-30 11:20:33,49350.0,600,Sell,236021908
2024-08-30 11:20:33,49350.0,800,Sell,236021909
2024-08-30 11:20:33,49350.0,1100,Sell,236021910
2024-08-30 11:20:33,49350.0,400,Sell,236021911
2024-08-30 11:20:33,49350.0,100,Sell,236021912
2024-08-30 11:20:56,49350.0,500,Sell,236022185
2024-08-30 11:21:20,49350.0,500,Sell,236022460
2024-08-30 11:21:44,49350.0,500,Sell,236022770
2024-08-30 11:22:08,49350.0,500,Sell,236023031
2024-08-30 11:22:31,49350.0,1000,Sell,236023281
2024-08-30 11:22:31,49350.0,500,Sell,236023283
2024-08-30 11:22:55,49350.0,500,Sell,236023496
2024-08-30 11:23:19,49350.0,500,Sell,236023778
2024-08-30 11:23:43,49350.0,500,Sell,236024019
2024-08-30 11:24:07,49350.0,500,Sell,236024289
2024-08-30 11:24:31,49350.0,500,Sell,236024550
2024-08-30 11:24:55,49350.0,500,Sell,236024814
2024-08-30 11:25:11,49400.0,100,Buy,236024973
2024-08-30 11:25:19,49350.0,500,Sell,236025122
2024-08-30 11:25:43,49350.0,500,Sell,236025382
2024-08-30 11:25:49,49400.0,500,Buy,236025435
2024-08-30 11:26:07,49350.0,500,Sell,236025613
2024-08-30 11:26:31,49350.0,500,Sell,236025936
2024-08-30 11:26:55,49350.0,200,Sell,236026173
2024-08-30 11:26:55,49350.0,500,Sell,236026174
2024-08-30 11:26:55,49350.0,100,Sell,236026169
2024-08-30 11:26:55,49350.0,400,Sell,236026168
2024-08-30 11:26:55,49350.0,300,Sell,236026172
2024-08-30 11:26:58,49400.0,500,Buy,236026205
2024-08-30 11:27:19,49350.0,200,Sell,236026416
2024-08-30 11:27:19,49350.0,100,Sell,236026417
2024-08-30 11:27:19,49350.0,200,Sell,236026418
2024-08-30 11:27:43,49350.0,300,Sell,236026864
2024-08-30 11:27:43,49350.0,200,Sell,236026870
2024-08-30 11:28:07,49350.0,200,Sell,236027224
2024-08-30 11:28:07,49350.0,300,Sell,236027225
2024-08-30 11:28:31,49350.0,500,Sell,236027616
2024-08-30 11:28:55,49350.0,500,Sell,236027860
2024-08-30 12:59:56,49350.0,400,Sell,236029154
2024-08-30 12:59:56,49350.0,100,Sell,236029155
2024-08-30 12:59:56,49350.0,100,Sell,236029153
2024-08-30 12:59:56,49350.0,100,Sell,236029150
2024-08-30 12:59:56,49350.0,500,Sell,236029151
2024-08-30 12:59:56,49350.0,300,Sell,236029152
2024-08-30 12:59:56,49350.0,100,Sell,236028747
2024-08-30 12:59:59,49350.0,200,Sell,236030127
2024-08-30 13:00:02,49350.0,1800,Sell,236030418
2024-08-30 13:00:09,49350.0,400,Sell,236031130
2024-08-30 13:00:09,49350.0,100,Sell,236031131
2024-08-30 13:00:15,49400.0,100,Buy,236031485
2024-08-30 13:00:15,49400.0,1400,Buy,236031486
2024-08-30 13:00:15,49400.0,100,Buy,236031487
2024-08-30 13:00:15,49400.0,1400,Buy,236031488
2024-08-30 13:00:15,49400.0,100,Buy,236031516
2024-08-30 13:00:16,49400.0,900,Sell,236031622
2024-08-30 13:00:17,49400.0,3800,Buy,236031646
2024-08-30 13:00:19,49400.0,500,Sell,236031740
2024-08-30 13:00:43,49400.0,500,Sell,236032131
2024-08-30 13:01:07,49400.0,500,Sell,236032653
2024-08-30 13:01:32,49400.0,500,Sell,236033272
2024-08-30 13:01:47,49400.0,1000,Sell,236033556
2024-08-30 13:01:56,49400.0,500,Sell,236033714
2024-08-30 13:02:20,49400.0,500,Sell,236034120
2024-08-30 13:02:44,49400.0,500,Sell,236034610
2024-08-30 13:03:08,49400.0,500,Sell,236035064
2024-08-30 13:03:15,49450.0,400,Buy,236035218
2024-08-30 13:03:15,49450.0,100,Buy,236035216
2024-08-30 13:03:15,49450.0,500,Buy,236035217
2024-08-30 13:03:29,49450.0,1000,Buy,236035476
2024-08-30 13:03:29,49450.0,600,Buy,236035474
2024-08-30 13:03:29,49450.0,5000,Buy,236035477
2024-08-30 13:03:32,49450.0,500,Sell,236035531
2024-08-30 13:03:41,49450.0,100,Sell,236035677
2024-08-30 13:03:57,49450.0,500,Sell,236035912
2024-08-30 13:04:21,49450.0,500,Sell,236036386
2024-08-30 13:04:45,49450.0,500,Sell,236036821
2024-08-30 13:05:09,49450.0,500,Sell,236037201
2024-08-30 13:05:33,49450.0,500,Sell,236037623
2024-08-30 13:05:57,49450.0,300,Sell,236038145
2024-08-30 13:05:57,49450.0,200,Sell,236038146
2024-08-30 13:06:21,49500.0,200,Buy,236038565
2024-08-30 13:06:21,49500.0,2000,Buy,236038564
2024-08-30 13:06:21,49500.0,100,Buy,236038563
2024-08-30 13:06:21,49500.0,1000,Buy,236038562
2024-08-30 13:06:21,49500.0,100,Buy,236038561
2024-08-30 13:06:21,49500.0,6600,Buy,236038558
2024-08-30 13:06:21,49500.0,300,Buy,236038559
2024-08-30 13:06:21,49500.0,300,Buy,236038556
2024-08-30 13:06:21,49500.0,3200,Buy,236038555
2024-08-30 13:06:21,49500.0,900,Buy,236038560
2024-08-30 13:06:21,49500.0,300,Buy,236038557
2024-08-30 13:06:22,49450.0,100,Sell,236038575
2024-08-30 13:06:22,49450.0,200,Sell,236038572
2024-08-30 13:06:22,49450.0,100,Sell,236038573
2024-08-30 13:06:22,49450.0,100,Sell,236038574
2024-08-30 13:06:46,49450.0,400,Sell,236039055
2024-08-30 13:06:46,49450.0,100,Sell,236039054
2024-08-30 13:07:10,49450.0,500,Sell,236039480
2024-08-30 13:07:14,49500.0,100,Buy,236039540
2024-08-30 13:07:34,49450.0,500,Sell,236040006
2024-08-30 13:07:40,49500.0,200,Buy,236040141
2024-08-30 13:07:40,49500.0,100,Buy,236040142
2024-08-30 13:07:40,49500.0,1300,Buy,236040143
2024-08-30 13:07:40,49500.0,3400,Buy,236040144
2024-08-30 13:07:58,49450.0,500,Sell,236040512
2024-08-30 13:08:22,49450.0,500,Sell,236041008
2024-08-30 13:08:29,49500.0,1000,Buy,236041211
2024-08-30 13:08:47,49450.0,500,Sell,236041722
2024-08-30 13:09:11,49450.0,500,Sell,236042134
2024-08-30 13:09:27,49500.0,400,Buy,236042488
2024-08-30 13:09:27,49500.0,200,Buy,236042477
2024-08-30 13:09:35,49450.0,500,Sell,236042680
2024-08-30 13:09:45,49500.0,500,Buy,236042905
2024-08-30 13:09:53,49500.0,200,Buy,236043172
2024-08-30 13:09:59,49450.0,500,Sell,236043321
2024-08-30 13:10:13,49450.0,600,Sell,236043803
2024-08-30 13:10:13,49450.0,100,Sell,236043804
2024-08-30 13:10:13,49450.0,1700,Sell,236043805
2024-08-30 13:10:23,49450.0,300,Sell,236043989
2024-08-30 13:10:23,49450.0,200,Sell,236043990
2024-08-30 13:10:47,49450.0,500,Sell,236044537
2024-08-30 13:10:58,49500.0,100,Buy,236044801
2024-08-30 13:10:59,49500.0,1900,Buy,236044841
2024-08-30 13:11:12,49450.0,500,Sell,236045184
2024-08-30 13:11:31,49500.0,500,Buy,236045597
2024-08-30 13:11:34,49500.0,100,Buy,236045637
2024-08-30 13:11:36,49450.0,500,Sell,236045682
2024-08-30 13:11:54,49500.0,100,Buy,236046067
2024-08-30 13:11:54,49500.0,3400,Buy,236046066
2024-08-30 13:11:54,49500.0,2400,Buy,236046068
2024-08-30 13:12:00,49500.0,500,Sell,236046231
2024-08-30 13:12:24,49500.0,500,Sell,236046759
2024-08-30 13:12:48,49500.0,500,Sell,236047247
2024-08-30 13:13:12,49500.0,500,Sell,236047827
2024-08-30 13:13:37,49500.0,500,Sell,236048416
2024-08-30 13:14:01,49500.0,500,Sell,236049140
2024-08-30 13:14:25,49500.0,500,Sell,236049650
2024-08-30 13:14:49,49500.0,500,Sell,236050226
2024-08-30 13:15:13,49500.0,100,Sell,236050841
2024-08-30 13:15:13,49500.0,200,Sell,236050842
2024-08-30 13:15:13,49500.0,200,Sell,236050843
2024-08-30 13:15:19,49550.0,300,Buy,236051031
2024-08-30 13:15:19,49550.0,500,Buy,236051032
2024-08-30 13:15:34,49550.0,100,Buy,236051520
2024-08-30 13:15:34,49550.0,100,Buy,236051519
2024-08-30 13:15:34,49550.0,500,Buy,236051518
2024-08-30 13:15:37,49500.0,500,Sell,236051614
2024-08-30 13:15:49,49550.0,900,Buy,236052088
2024-08-30 13:15:54,49550.0,300,Buy,236052274
2024-08-30 13:16:02,49500.0,300,Sell,236052497
2024-08-30 13:16:02,49500.0,200,Sell,236052498
2024-08-30 13:16:26,49500.0,200,Sell,236053113
2024-08-30 13:16:26,49500.0,100,Sell,236053114
2024-08-30 13:16:26,49500.0,200,Sell,236053115
2024-08-30 13:16:48,49500.0,100,Sell,236053692
2024-08-30 13:16:48,49500.0,300,Sell,236053691
2024-08-30 13:16:48,49500.0,100,Sell,236053690
2024-08-30 13:16:48,49500.0,1000,Sell,236053689
2024-08-30 13:16:48,49500.0,200,Sell,236053685
2024-08-30 13:16:48,49500.0,400,Sell,236053687
2024-08-30 13:16:48,49500.0,100,Sell,236053688
2024-08-30 13:16:48,49500.0,100,Sell,236053683
2024-08-30 13:16:48,49500.0,900,Sell,236053684
2024-08-30 13:16:48,49500.0,400,Sell,236053686
2024-08-30 13:16:50,49450.0,400,Sell,236053772
2024-08-30 13:16:50,49450.0,100,Sell,236053773
2024-08-30 13:17:07,49450.0,100,Sell,236054131
2024-08-30 13:17:07,49450.0,100,Sell,236054130
2024-08-30 13:17:07,49450.0,9400,Sell,236054132
2024-08-30 13:17:07,49450.0,400,Sell,236054128
2024-08-30 13:17:07,49450.0,4900,Sell,236054127
2024-08-30 13:17:07,49450.0,100,Sell,236054129
2024-08-30 13:17:14,49450.0,500,Sell,236054352
2024-08-30 13:17:35,49500.0,100,Buy,236055017
2024-08-30 13:17:38,49450.0,100,Sell,236055079
2024-08-30 13:17:38,49450.0,100,Sell,236055080
2024-08-30 13:17:38,49450.0,200,Sell,236055081
2024-08-30 13:17:38,49450.0,100,Sell,236055082
2024-08-30 13:17:50,49500.0,200,Buy,236055358
2024-08-30 13:17:57,49500.0,400,Buy,236055542
2024-08-30 13:17:58,49500.0,100,Buy,236055555
2024-08-30 13:18:02,49450.0,500,Sell,236055650
2024-08-30 13:18:20,49500.0,200,Buy,236056141
2024-08-30 13:18:26,49450.0,100,Sell,236056341
2024-08-30 13:18:26,49450.0,400,Sell,236056340
2024-08-30 13:18:34,49450.0,100,Sell,236056547
2024-08-30 13:18:34,49450.0,100,Sell,236056544
2024-08-30 13:18:34,49450.0,600,Sell,236056545
2024-08-30 13:18:34,49450.0,200,Sell,236056546
2024-08-30 13:18:48,49450.0,100,Buy,236056886
2024-08-30 13:18:51,49400.0,500,Sell,236056948
2024-08-30 13:18:56,49400.0,100,Sell,236057100
2024-08-30 13:18:59,49450.0,100,Buy,236057166
2024-08-30 13:19:11,49450.0,3000,Buy,236057454
2024-08-30 13:19:12,49450.0,800,Buy,236057478
2024-08-30 13:19:15,49450.0,500,Sell,236057542
2024-08-30 13:19:15,49450.0,100,Sell,236057545
2024-08-30 13:19:20,49450.0,900,Sell,236057656
2024-08-30 13:19:20,49500.0,100,Buy,236057697
2024-08-30 13:19:39,49450.0,500,Sell,236058200
2024-08-30 13:20:03,49450.0,200,Sell,236058779
2024-08-30 13:20:03,49450.0,100,Sell,236058778
2024-08-30 13:20:03,49450.0,200,Sell,236058777
2024-08-30 13:20:10,49450.0,1200,Sell,236058920
2024-08-30 13:20:27,49450.0,500,Sell,236059334
2024-08-30 13:20:43,49500.0,300,Buy,236059814
2024-08-30 13:20:43,49500.0,2000,Buy,236059815
2024-08-30 13:20:51,49500.0,300,Sell,236060155
2024-08-30 13:20:53,49500.0,100,Buy,236060229
2024-08-30 13:21:16,49450.0,500,Sell,236060935
2024-08-30 13:21:40,49450.0,500,Sell,236061592
2024-08-30 13:22:04,49500.0,100,Buy,236062169
2024-08-30 13:22:04,49450.0,500,Sell,236062170
2024-08-30 13:22:28,49450.0,500,Sell,236062741
2024-08-30 13:22:48,49500.0,100,Buy,236063381
2024-08-30 13:22:52,49450.0,500,Sell,236063435
2024-08-30 13:23:16,49450.0,500,Sell,236064186
2024-08-30 13:23:41,49450.0,500,Sell,236064719
2024-08-30 13:23:51,49450.0,2000,Sell,236064946
2024-08-30 13:23:51,49450.0,900,Sell,236064958
2024-08-30 13:24:05,49450.0,500,Sell,236065250
2024-08-30 13:24:29,49450.0,500,Sell,236065773
2024-08-30 13:24:53,49450.0,500,Sell,236066303
2024-08-30 13:25:17,49450.0,200,Sell,236066874
2024-08-30 13:25:17,49450.0,100,Sell,236066871
2024-08-30 13:25:17,49450.0,100,Sell,236066872
2024-08-30 13:25:17,49450.0,100,Sell,236066873
2024-08-30 13:25:19,49450.0,100,Sell,236066937
2024-08-30 13:25:19,49450.0,100,Sell,236066934
2024-08-30 13:25:19,49450.0,100,Sell,236066936
2024-08-30 13:25:19,49450.0,200,Sell,236066935
2024-08-30 13:25:19,49450.0,300,Sell,236066933
2024-08-30 13:25:19,49450.0,100,Sell,236066928
2024-08-30 13:25:19,49450.0,400,Sell,236066931
2024-08-30 13:25:19,49450.0,100,Sell,236066930
2024-08-30 13:25:19,49450.0,100,Sell,236066929
2024-08-30 13:25:19,49450.0,3100,Sell,236066927
2024-08-30 13:25:19,49450.0,400,Sell,236066932
2024-08-30 13:25:28,49450.0,100,Sell,236067138
2024-08-30 13:25:28,49450.0,100,Sell,236067139
2024-08-30 13:25:41,49400.0,500,Sell,236067388
2024-08-30 13:26:06,49400.0,500,Sell,236067897
2024-08-30 13:26:30,49400.0,500,Sell,236068476
2024-08-30 13:26:47,49450.0,200,Buy,236068794
2024-08-30 13:26:54,49400.0,500,Sell,236068934
2024-08-30 13:26:54,49450.0,100,Buy,236068931
2024-08-30 13:26:54,49450.0,300,Buy,236068932
2024-08-30 13:27:18,49400.0,500,Sell,236069534
2024-08-30 13:27:25,49450.0,500,Buy,236069670
2024-08-30 13:27:25,49450.0,500,Buy,236069669
2024-08-30 13:27:42,49400.0,500,Sell,236070011
2024-08-30 13:28:03,49400.0,4200,Sell,236070432
2024-08-30 13:28:06,49400.0,500,Sell,236070495
2024-08-30 13:28:31,49400.0,500,Sell,236071093
2024-08-30 13:28:43,49400.0,1000,Sell,236071316
2024-08-30 13:28:55,49400.0,500,Sell,236071601
2024-08-30 13:29:19,49400.0,500,Sell,236072459
2024-08-30 13:29:43,49400.0,400,Sell,236072867
2024-08-30 13:29:43,49400.0,100,Sell,236072868
2024-08-30 13:30:05,49400.0,100,Sell,236073358
2024-08-30 13:30:05,49400.0,400,Sell,236073357
2024-08-30 13:30:07,49400.0,300,Sell,236073414
2024-08-30 13:30:07,49400.0,200,Sell,236073415
2024-08-30 13:30:09,49450.0,600,Buy,236073485
2024-08-30 13:30:31,49400.0,500,Sell,236074014
2024-08-30 13:30:32,49400.0,200,Sell,236074047
2024-08-30 13:30:56,49400.0,500,Sell,236074617
2024-08-30 13:31:20,49400.0,500,Sell,236075179
2024-08-30 13:31:44,49400.0,500,Sell,236075787
2024-08-30 13:32:08,49400.0,500,Sell,236076405
2024-08-30 13:32:13,49450.0,3600,Buy,236076464
2024-08-30 13:32:30,49450.0,100,Buy,236076831
2024-08-30 13:32:32,49400.0,500,Sell,236076875
2024-08-30 13:32:36,49450.0,600,Buy,236077039
2024-08-30 13:32:36,49450.0,200,Buy,236077038
2024-08-30 13:32:56,49400.0,400,Sell,236077429
2024-08-30 13:32:56,49400.0,100,Sell,236077430
2024-08-30 13:33:16,49450.0,500,Buy,236077775
2024-08-30 13:33:21,49400.0,400,Sell,236077949
2024-08-30 13:33:21,49400.0,100,Sell,236077950
2024-08-30 13:33:27,49450.0,3900,Buy,236078148
2024-08-30 13:33:27,49450.0,100,Buy,236078149
2024-08-30 13:33:27,49450.0,800,Buy,236078150
2024-08-30 13:33:30,49500.0,900,Buy,236078245
2024-08-30 13:33:44,49500.0,900,Buy,236078670
2024-08-30 13:33:45,49450.0,500,Sell,236078690
2024-08-30 13:33:55,49450.0,100,Sell,236078902
2024-08-30 13:34:09,49450.0,500,Sell,236079181
2024-08-30 13:34:33,49450.0,500,Sell,236079579
2024-08-30 13:34:34,49500.0,900,Buy,236079613
2024-08-30 13:34:43,49500.0,100,Buy,236079798
2024-08-30 13:34:57,49450.0,500,Sell,236080099
2024-08-30 13:35:21,49450.0,500,Sell,236080545
2024-08-30 13:35:33,49450.0,400,Sell,236080785
2024-08-30 13:35:33,49450.0,600,Sell,236080786
2024-08-30 13:35:45,49450.0,500,Sell,236081054
2024-08-30 13:35:56,49450.0,400,Sell,236081295
2024-08-30 13:36:10,49450.0,500,Sell,236081562
2024-08-30 13:36:18,49500.0,2000,Buy,236081703
2024-08-30 13:36:34,49450.0,100,Sell,236082076
2024-08-30 13:36:34,49450.0,100,Sell,236082075
2024-08-30 13:36:34,49450.0,100,Sell,236082074
2024-08-30 13:36:34,49450.0,100,Sell,236082072
2024-08-30 13:36:34,49450.0,100,Sell,236082073
2024-08-30 13:36:58,49450.0,400,Sell,236082623
2024-08-30 13:36:58,49450.0,100,Sell,236082622
2024-08-30 13:37:13,49450.0,600,Sell,236082863
2024-08-30 13:37:22,49450.0,400,Sell,236083121
2024-08-30 13:37:42,49450.0,100,Buy,236083489
2024-08-30 13:37:42,49450.0,400,Buy,236083490
2024-08-30 13:37:46,49400.0,300,Sell,236083568
2024-08-30 13:37:46,49400.0,100,Sell,236083569
2024-08-30 13:37:46,49400.0,100,Sell,236083570
2024-08-30 13:37:46,49450.0,2600,Buy,236083572
2024-08-30 13:38:10,49450.0,500,Sell,236084044
2024-08-30 13:38:21,49450.0,500,Sell,236084313
2024-08-30 13:38:35,49400.0,500,Sell,236084568
2024-08-30 13:38:53,49450.0,1500,Buy,236084928
2024-08-30 13:38:59,49450.0,500,Sell,236085028
2024-08-30 13:39:23,49450.0,500,Sell,236085514
2024-08-30 13:39:31,49450.0,100,Sell,236085688
2024-08-30 13:39:35,49450.0,100,Buy,236085802
2024-08-30 13:39:47,49400.0,400,Sell,236086022
2024-08-30 13:39:47,49400.0,100,Sell,236086023
2024-08-30 13:39:51,49400.0,100,Sell,236086141
2024-08-30 13:40:11,49400.0,500,Sell,236086561
2024-08-30 13:40:12,49450.0,800,Buy,236086587
2024-08-30 13:40:18,49450.0,200,Buy,236086719
2024-08-30 13:40:18,49450.0,200,Buy,236086720
2024-08-30 13:40:23,49450.0,800,Buy,236086846
2024-08-30 13:40:35,49400.0,500,Sell,236087215
2024-08-30 13:40:40,49450.0,100,Buy,236087369
2024-08-30 13:41:00,49400.0,500,Sell,236087838
2024-08-30 13:41:23,49400.0,400,Sell,236088340
2024-08-30 13:41:24,49400.0,500,Sell,236088351
2024-08-30 13:41:48,49400.0,500,Sell,236088878
2024-08-30 13:42:12,49400.0,500,Sell,236089539
2024-08-30 13:42:36,49400.0,500,Sell,236090043
2024-08-30 13:43:00,49400.0,500,Sell,236090697
2024-08-30 13:43:09,49450.0,100,Buy,236090880
2024-08-30 13:43:25,49400.0,500,Sell,236091163
2024-08-30 13:43:42,49450.0,400,Buy,236091465
2024-08-30 13:43:49,49400.0,500,Sell,236091672
2024-08-30 13:43:57,49450.0,800,Buy,236091872
2024-08-30 13:44:09,49450.0,100,Buy,236092197
2024-08-30 13:44:13,49400.0,500,Sell,236092272
2024-08-30 13:44:25,49450.0,800,Buy,236092505
2024-08-30 13:44:37,49400.0,500,Sell,236092781
2024-08-30 13:44:38,49400.0,100,Sell,236092810
2024-08-30 13:44:38,49450.0,700,Buy,236092812
2024-08-30 13:44:43,49450.0,400,Buy,236092893
2024-08-30 13:44:56,49450.0,1300,Buy,236093244
2024-08-30 13:45:01,49400.0,500,Sell,236093331
2024-08-30 13:45:25,49400.0,500,Sell,236093890
2024-08-30 13:45:50,49400.0,300,Sell,236094389
2024-08-30 13:45:50,49400.0,200,Sell,236094390
2024-08-30 13:46:01,49450.0,700,Buy,236094705
2024-08-30 13:46:01,49450.0,500,Buy,236094704
2024-08-30 13:46:01,49450.0,100,Buy,236094701
2024-08-30 13:46:01,49450.0,1000,Buy,236094702
2024-08-30 13:46:01,49450.0,100,Buy,236094703
2024-08-30 13:46:01,49450.0,800,Buy,236094700
2024-08-30 13:46:14,49400.0,500,Sell,236095006
2024-08-30 13:46:15,49450.0,100,Buy,236095021
2024-08-30 13:46:25,49450.0,100,Buy,236095219
2024-08-30 13:46:38,49400.0,200,Sell,236095462
2024-08-30 13:46:38,49400.0,300,Sell,236095461
2024-08-30 13:46:38,49450.0,100,Buy,236095474
2024-08-30 13:46:52,49450.0,200,Buy,236095759
2024-08-30 13:47:02,49450.0,500,Sell,236095938
2024-08-30 13:47:26,49450.0,500,Sell,236096540
2024-08-30 13:47:50,49450.0,500,Sell,236097203
2024-08-30 13:48:15,49450.0,300,Sell,236097857
2024-08-30 13:48:15,49450.0,200,Sell,236097858
2024-08-30 13:48:27,49450.0,1800,Sell,236098155
2024-08-30 13:48:27,49450.0,300,Sell,236098156
2024-08-30 13:48:39,49450.0,500,Sell,236098483
2024-08-30 13:49:03,49450.0,100,Sell,236099255
2024-08-30 13:49:03,49450.0,200,Sell,236099253
2024-08-30 13:49:03,49450.0,300,Sell,236099254
2024-08-30 13:49:27,49450.0,500,Sell,236099763
2024-08-30 13:49:51,49450.0,100,Sell,236100441
2024-08-30 13:49:51,49450.0,400,Sell,236100442
2024-08-30 13:50:15,49450.0,500,Sell,236100960
2024-08-30 13:50:35,49500.0,200,Buy,236101388
2024-08-30 13:50:35,49500.0,100,Buy,236101389
2024-08-30 13:50:35,49500.0,200,Buy,236101390
2024-08-30 13:50:35,49500.0,1000,Buy,236101391
2024-08-30 13:50:35,49500.0,500,Buy,236101392
2024-08-30 13:50:40,49450.0,500,Sell,236101492
2024-08-30 13:50:46,49500.0,400,Buy,236101618
2024-08-30 13:50:50,49500.0,200,Buy,236101687
2024-08-30 13:51:04,49450.0,500,Sell,236102001
2024-08-30 13:51:28,49450.0,500,Sell,236102558
2024-08-30 13:51:42,49500.0,600,Buy,236102838
2024-08-30 13:51:52,49450.0,500,Sell,236103033
2024-08-30 13:51:57,49500.0,100,Buy,236103218
2024-08-30 13:52:16,49450.0,500,Sell,236103665
2024-08-30 13:52:40,49450.0,400,Sell,236104237
2024-08-30 13:52:40,49450.0,100,Sell,236104238
2024-08-30 13:53:05,49450.0,500,Sell,236104807
2024-08-30 13:53:29,49450.0,500,Sell,236105270
2024-08-30 13:53:45,49450.0,1000,Sell,236105642
2024-08-30 13:53:53,49450.0,500,Sell,236105797
2024-08-30 13:54:11,49500.0,2900,Buy,236106242
2024-08-30 13:54:17,49450.0,500,Sell,236106329
2024-08-30 13:54:29,49450.0,3200,Sell,236106539
2024-08-30 13:54:41,49450.0,500,Sell,236106765
2024-08-30 13:54:43,49500.0,100,Buy,236106792
2024-08-30 13:54:47,49500.0,200,Buy,236106865
2024-08-30 13:54:47,49500.0,300,Buy,236106866
2024-08-30 13:55:05,49450.0,500,Sell,236107252
2024-08-30 13:55:09,49500.0,100,Buy,236107329
2024-08-30 13:55:29,49450.0,500,Sell,236107744
2024-08-30 13:55:30,49500.0,200,Buy,236107786
2024-08-30 13:55:39,49500.0,1500,Buy,236108001
2024-08-30 13:55:54,49450.0,500,Sell,236108280
2024-08-30 13:56:18,49450.0,500,Sell,236108866
2024-08-30 13:56:20,49500.0,1000,Buy,236108886
2024-08-30 13:56:29,49450.0,100,Sell,236109061
2024-08-30 13:56:32,49450.0,500,Sell,236109121
2024-08-30 13:56:36,49500.0,1500,Buy,236109243
2024-08-30 13:56:42,49450.0,500,Sell,236109403
2024-08-30 13:57:06,49450.0,500,Sell,236109982
2024-08-30 13:57:14,49500.0,400,Buy,236110183
2024-08-30 13:57:14,49500.0,300,Buy,236110184
2024-08-30 13:57:30,49450.0,500,Sell,236110532
2024-08-30 13:57:39,49450.0,1000,Sell,236110695
2024-08-30 13:57:54,49450.0,500,Sell,236111015
2024-08-30 13:57:55,49450.0,500,Sell,236111051
2024-08-30 13:58:01,49450.0,2000,Sell,236111177
2024-08-30 13:58:01,49500.0,1000,Buy,236111178
2024-08-30 13:58:10,49500.0,200,Buy,236111389
2024-08-30 13:58:10,49500.0,300,Buy,236111392
2024-08-30 13:58:19,49450.0,500,Sell,236111557
2024-08-30 13:58:43,49450.0,500,Sell,236112101
2024-08-30 13:59:01,49450.0,100,Sell,236112481
2024-08-30 13:59:07,49450.0,500,Sell,236112664
2024-08-30 13:59:25,49450.0,100,Sell,236113073
2024-08-30 13:59:25,49450.0,100,Sell,236113069
2024-08-30 13:59:25,49450.0,1000,Sell,236113070
2024-08-30 13:59:25,49450.0,100,Sell,236113068
2024-08-30 13:59:25,49450.0,200,Sell,236113072
2024-08-30 13:59:25,49450.0,100,Sell,236113066
2024-08-30 13:59:25,49450.0,100,Sell,236113067
2024-08-30 13:59:25,49450.0,3500,Sell,236113062
2024-08-30 13:59:25,49450.0,200,Sell,236113063
2024-08-30 13:59:25,49450.0,200,Sell,236113071
2024-08-30 13:59:25,49450.0,300,Sell,236113064
2024-08-30 13:59:25,49450.0,100,Sell,236113065
2024-08-30 13:59:31,49450.0,500,Sell,236113200
2024-08-30 13:59:55,49450.0,500,Sell,236113714
2024-08-30 13:59:56,49450.0,200,Sell,236113746
2024-08-30 14:00:19,49450.0,500,Sell,236114192
2024-08-30 14:00:44,49450.0,300,Sell,236114749
2024-08-30 14:00:44,49450.0,200,Sell,236114750
2024-08-30 14:01:00,49450.0,400,Sell,236115067
2024-08-30 14:01:00,49450.0,200,Sell,236115068
2024-08-30 14:01:00,49450.0,200,Sell,236115065
2024-08-30 14:01:00,49450.0,200,Sell,236115066
2024-08-30 14:01:08,49450.0,500,Sell,236115217
2024-08-30 14:01:13,49500.0,400,Buy,236115369
2024-08-30 14:01:32,49450.0,500,Sell,236115824
2024-08-30 14:01:56,49450.0,500,Sell,236116369
2024-08-30 14:02:08,49500.0,1000,Buy,236116624
2024-08-30 14:02:09,49500.0,300,Buy,236116637
2024-08-30 14:02:20,49450.0,500,Sell,236116892
2024-08-30 14:02:26,49500.0,400,Buy,236116995
2024-08-30 14:02:31,49500.0,1000,Buy,236117086
2024-08-30 14:02:39,49500.0,300,Buy,236117292
2024-08-30 14:02:41,49500.0,500,Buy,236117388
2024-08-30 14:02:44,49450.0,500,Sell,236117454
2024-08-30 14:02:51,49450.0,100,Sell,236117673
2024-08-30 14:03:04,49500.0,200,Buy,236117981
2024-08-30 14:03:09,49450.0,100,Sell,236118113
2024-08-30 14:03:09,49450.0,100,Sell,236118112
2024-08-30 14:03:09,49450.0,200,Sell,236118110
2024-08-30 14:03:09,49450.0,100,Sell,236118111
2024-08-30 14:03:17,49500.0,800,Buy,236118346
2024-08-30 14:03:33,49450.0,100,Sell,236118802
2024-08-30 14:03:33,49450.0,200,Sell,236118799
2024-08-30 14:03:33,49450.0,100,Sell,236118800
2024-08-30 14:03:33,49450.0,100,Sell,236118801
2024-08-30 14:03:37,49500.0,400,Buy,236118951
2024-08-30 14:03:38,49500.0,1000,Buy,236118971
2024-08-30 14:03:57,49450.0,200,Sell,236119479
2024-08-30 14:03:57,49450.0,300,Sell,236119480
2024-08-30 14:04:21,49450.0,300,Sell,236120176
2024-08-30 14:04:21,49450.0,200,Sell,236120177
2024-08-30 14:04:25,49500.0,9200,Buy,236120332
2024-08-30 14:04:25,49500.0,5000,Buy,236120331
2024-08-30 14:04:25,49500.0,100,Buy,236120330
2024-08-30 14:04:25,49500.0,1000,Buy,236120329
2024-08-30 14:04:25,49500.0,1200,Buy,236120328
2024-08-30 14:04:25,49500.0,200,Buy,236120326
2024-08-30 14:04:25,49500.0,1000,Buy,236120325
2024-08-30 14:04:25,49500.0,100,Buy,236120324
2024-08-30 14:04:25,49500.0,100,Buy,236120323
2024-08-30 14:04:25,49500.0,1900,Buy,236120322
2024-08-30 14:04:25,49500.0,200,Buy,236120327
2024-08-30 14:04:40,49500.0,800,Buy,236120719
2024-08-30 14:04:40,49500.0,900,Buy,236120720
2024-08-30 14:04:45,49450.0,200,Sell,236120839
2024-08-30 14:04:45,49450.0,300,Sell,236120840
2024-08-30 14:04:52,49500.0,400,Buy,236121036
2024-08-30 14:05:09,49450.0,500,Sell,236121451
2024-08-30 14:05:28,49500.0,3700,Buy,236122203
2024-08-30 14:05:28,49500.0,300,Buy,236122204
2024-08-30 14:05:34,49450.0,200,Sell,236122330
2024-08-30 14:05:34,49450.0,200,Sell,236122331
2024-08-30 14:05:34,49450.0,100,Sell,236122332
2024-08-30 14:05:40,49500.0,1000,Buy,236122503
2024-08-30 14:05:42,49450.0,100,Sell,236122555
2024-08-30 14:05:42,49450.0,100,Sell,236122556
2024-08-30 14:05:44,49500.0,3700,Buy,236122587
2024-08-30 14:05:44,49500.0,300,Buy,236122588
2024-08-30 14:05:44,49500.0,100,Buy,236122589
2024-08-30 14:05:44,49500.0,900,Buy,236122590
2024-08-30 14:05:58,49450.0,200,Sell,236122931
2024-08-30 14:05:58,49450.0,100,Sell,236122932
2024-08-30 14:05:58,49450.0,200,Sell,236122933
2024-08-30 14:06:11,49500.0,1000,Buy,236123361
2024-08-30 14:06:14,49500.0,200,Buy,236123470
2024-08-30 14:06:22,49450.0,100,Sell,236123631
2024-08-30 14:06:22,49450.0,300,Sell,236123632
2024-08-30 14:06:22,49450.0,100,Sell,236123633
2024-08-30 14:06:23,49500.0,400,Buy,236123666
2024-08-30 14:06:46,49450.0,200,Sell,236124341
2024-08-30 14:06:46,49450.0,300,Sell,236124342
2024-08-30 14:07:06,49500.0,100,Buy,236124850
2024-08-30 14:07:10,49450.0,500,Sell,236124950
2024-08-30 14:07:18,49450.0,100,Sell,236125156
2024-08-30 14:07:34,49450.0,500,Sell,236125628
2024-08-30 14:07:51,49500.0,400,Buy,236126084
2024-08-30 14:07:59,49450.0,500,Sell,236126361
2024-08-30 14:08:07,49450.0,200,Sell,236126649
2024-08-30 14:08:23,49450.0,500,Sell,236127096
2024-08-30 14:08:47,49450.0,500,Sell,236127712
2024-08-30 14:09:11,49450.0,500,Sell,236128356
2024-08-30 14:09:27,49500.0,400,Buy,236128865
2024-08-30 14:09:35,49450.0,500,Sell,236129067
2024-08-30 14:09:39,49450.0,100,Sell,236129243
2024-08-30 14:09:59,49450.0,500,Sell,236130075
2024-08-30 14:10:24,49450.0,500,Sell,236130708
2024-08-30 14:10:48,49450.0,500,Sell,236131343
2024-08-30 14:10:58,49500.0,400,Buy,236131734
2024-08-30 14:11:04,49500.0,100,Buy,236132072
2024-08-30 14:11:12,49450.0,500,Sell,236132389
2024-08-30 14:11:36,49450.0,500,Sell,236133023
2024-08-30 14:12:00,49450.0,500,Sell,236133817
2024-08-30 14:12:24,49450.0,500,Sell,236134594
2024-08-30 14:12:46,49500.0,200,Buy,236135417
2024-08-30 14:12:48,49450.0,500,Sell,236135476
2024-08-30 14:13:12,49450.0,300,Sell,236136298
2024-08-30 14:13:13,49450.0,500,Sell,236136335
2024-08-30 14:13:37,49450.0,500,Sell,236137297
2024-08-30 14:13:45,49500.0,400,Buy,236137736
2024-08-30 14:13:53,49450.0,1000,Sell,236138057
2024-08-30 14:14:01,49450.0,500,Sell,236138274
2024-08-30 14:14:14,49500.0,400,Buy,236138939
2024-08-30 14:14:20,49450.0,100,Sell,236139153
2024-08-30 14:14:25,49450.0,500,Sell,236139270
2024-08-30 14:14:49,49450.0,500,Sell,236140425
2024-08-30 14:15:00,49500.0,100,Buy,236140804
2024-08-30 14:15:13,49450.0,500,Sell,236141275
2024-08-30 14:15:21,49450.0,100,Sell,236141670
2024-08-30 14:15:21,49500.0,400,Buy,236141671
2024-08-30 14:15:38,49450.0,500,Sell,236142453
2024-08-30 14:15:50,49500.0,200,Buy,236142994
2024-08-30 14:15:58,49500.0,300,Buy,236143226
2024-08-30 14:16:02,49500.0,800,Buy,236143426
2024-08-30 14:16:02,49450.0,500,Sell,236143434
2024-08-30 14:16:04,49500.0,600,Buy,236143546
2024-08-30 14:16:11,49500.0,100,Buy,236143729
2024-08-30 14:16:14,49500.0,400,Buy,236143854
2024-08-30 14:16:16,49500.0,700,Buy,236143925
2024-08-30 14:16:26,49450.0,500,Sell,236144426
2024-08-30 14:16:26,49500.0,400,Buy,236144527
2024-08-30 14:16:27,49500.0,400,Buy,236144548
2024-08-30 14:16:32,49500.0,700,Buy,236144819
2024-08-30 14:16:42,49500.0,100,Buy,236145181
2024-08-30 14:16:50,49450.0,500,Sell,236145478
2024-08-30 14:17:11,49450.0,200,Sell,236146374
2024-08-30 14:17:14,49450.0,100,Sell,236146460
2024-08-30 14:17:14,49450.0,400,Sell,236146461
2024-08-30 14:17:21,49450.0,500,Sell,236146676
2024-08-30 14:17:21,49450.0,500,Sell,236146677
2024-08-30 14:17:21,49450.0,200,Sell,236146678
2024-08-30 14:17:21,49450.0,300,Sell,236146679
2024-08-30 14:17:27,49450.0,500,Sell,236146876
2024-08-30 14:17:38,49450.0,300,Sell,236147343
2024-08-30 14:17:38,49450.0,100,Sell,236147342
2024-08-30 14:17:38,49450.0,100,Sell,236147341
2024-08-30 14:17:48,49450.0,200,Sell,236147685
2024-08-30 14:17:48,49450.0,1800,Sell,236147686
2024-08-30 14:17:59,49450.0,10700,Sell,236148097
2024-08-30 14:18:03,49450.0,500,Sell,236148230
2024-08-30 14:18:12,49450.0,1000,Sell,236148565
2024-08-30 14:18:18,49450.0,500,Sell,236148760
2024-08-30 14:18:23,49450.0,400,Sell,236148932
2024-08-30 14:18:27,49450.0,500,Sell,236149076
2024-08-30 14:18:28,49450.0,100,Sell,236149114
2024-08-30 14:18:33,49450.0,1000,Sell,236149321
2024-08-30 14:18:41,49450.0,1000,Sell,236149529
2024-08-30 14:18:50,49450.0,1000,Sell,236149933
2024-08-30 14:18:51,49450.0,500,Sell,236149943
2024-08-30 14:18:52,49450.0,100,Sell,236149967
2024-08-30 14:19:09,49450.0,300,Sell,236150563
2024-08-30 14:19:09,49450.0,100,Sell,236150562
2024-08-30 14:19:09,49450.0,100,Sell,236150561
2024-08-30 14:19:09,49450.0,500,Sell,236150559
2024-08-30 14:19:09,49450.0,500,Sell,236150560
2024-08-30 14:19:09,49450.0,900,Sell,236150557
2024-08-30 14:19:09,49450.0,1000,Sell,236150556
2024-08-30 14:19:09,49450.0,500,Sell,236150555
2024-08-30 14:19:09,49450.0,100,Sell,236150554
2024-08-30 14:19:09,49450.0,100,Sell,236150558
2024-08-30 14:19:09,49450.0,900,Sell,236150553
2024-08-30 14:19:12,49450.0,1000,Sell,236150682
2024-08-30 14:19:12,49450.0,500,Sell,236150683
2024-08-30 14:19:12,49450.0,5000,Sell,236150684
2024-08-30 14:19:12,49450.0,500,Sell,236150685
2024-08-30 14:19:12,49450.0,400,Sell,236150686
2024-08-30 14:19:12,49450.0,500,Sell,236150687
2024-08-30 14:19:12,49450.0,100,Sell,236150689
2024-08-30 14:19:12,49450.0,100,Sell,236150690
2024-08-30 14:19:12,49450.0,400,Sell,236150691
2024-08-30 14:19:12,49450.0,100,Sell,236150692
2024-08-30 14:19:12,49450.0,400,Sell,236150693
2024-08-30 14:19:12,49450.0,100,Sell,236150681
2024-08-30 14:19:12,49450.0,1000,Sell,236150688
2024-08-30 14:19:12,49450.0,400,Sell,236150680
2024-08-30 14:19:12,49450.0,1000,Sell,236150669
2024-08-30 14:19:12,49450.0,100,Sell,236150678
2024-08-30 14:19:12,49450.0,600,Sell,236150677
2024-08-30 14:19:12,49450.0,100,Sell,236150676
2024-08-30 14:19:12,49450.0,100,Sell,236150675
2024-08-30 14:19:12,49450.0,100,Sell,236150674
2024-08-30 14:19:12,49450.0,100,Sell,236150673
2024-08-30 14:19:12,49450.0,1000,Sell,236150672
2024-08-30 14:19:12,49450.0,1000,Sell,236150671
2024-08-30 14:19:12,49450.0,100,Sell,236150670
2024-08-30 14:19:12,49450.0,1600,Sell,236150667
2024-08-30 14:19:12,49450.0,700,Sell,236150665
2024-08-30 14:19:12,49450.0,600,Sell,236150664
2024-08-30 14:19:12,49450.0,100,Sell,236150657
2024-08-30 14:19:12,49450.0,100,Sell,236150679
2024-08-30 14:19:12,49450.0,100,Sell,236150668
2024-08-30 14:19:15,49400.0,500,Sell,236150774
2024-08-30 14:19:32,49450.0,2700,Buy,236151453
2024-08-30 14:19:32,49450.0,2200,Buy,236151452
2024-08-30 14:19:39,49400.0,500,Sell,236151696
2024-08-30 14:19:47,49400.0,100,Sell,236152026
2024-08-30 14:19:47,49400.0,300,Sell,236152038
2024-08-30 14:19:47,49400.0,2000,Sell,236152037
2024-08-30 14:19:47,49400.0,100,Sell,236152036
2024-08-30 14:19:47,49400.0,100,Sell,236152035
2024-08-30 14:19:47,49400.0,100,Sell,236152034
2024-08-30 14:19:47,49400.0,100,Sell,236152033
2024-08-30 14:19:47,49400.0,800,Sell,236152025
2024-08-30 14:19:47,49400.0,300,Sell,236152031
2024-08-30 14:19:47,49400.0,100,Sell,236152030
2024-08-30 14:19:47,49400.0,500,Sell,236152029
2024-08-30 14:19:47,49400.0,200,Sell,236152028
2024-08-30 14:19:47,49400.0,200,Sell,236152027
2024-08-30 14:19:47,49400.0,100,Sell,236152032
2024-08-30 14:19:57,49400.0,100,Sell,236152453
2024-08-30 14:19:57,49400.0,300,Sell,236152452
2024-08-30 14:19:57,49400.0,100,Sell,236152451
2024-08-30 14:19:57,49400.0,100,Sell,236152450
2024-08-30 14:19:57,49400.0,100,Sell,236152449
2024-08-30 14:19:57,49400.0,300,Sell,236152446
2024-08-30 14:19:57,49400.0,500,Sell,236152447
2024-08-30 14:19:57,49400.0,100,Sell,236152445
2024-08-30 14:19:57,49400.0,100,Sell,236152444
2024-08-30 14:19:57,49400.0,100,Sell,236152443
2024-08-30 14:19:57,49400.0,100,Sell,236152448
2024-08-30 14:19:57,49400.0,100,Sell,236152442
2024-08-30 14:20:03,49400.0,200,Sell,236152634
2024-08-30 14:20:03,49400.0,100,Sell,236152633
2024-08-30 14:20:03,49400.0,100,Sell,236152631
2024-08-30 14:20:03,49400.0,100,Sell,236152632
2024-08-30 14:20:23,49450.0,700,Buy,236153466
2024-08-30 14:20:28,49400.0,200,Sell,236153678
2024-08-30 14:20:28,49400.0,100,Sell,236153679
2024-08-30 14:20:28,49400.0,200,Sell,236153680
2024-08-30 14:20:30,49450.0,600,Buy,236153741
2024-08-30 14:20:41,49400.0,100,Sell,236154293
2024-08-30 14:20:52,49400.0,400,Sell,236154843
2024-08-30 14:20:52,49400.0,100,Sell,236154844
2024-08-30 14:21:05,49400.0,200,Sell,236155317
2024-08-30 14:21:05,49400.0,1600,Sell,236155318
2024-08-30 14:21:05,49400.0,1000,Sell,236155315
2024-08-30 14:21:05,49400.0,200,Sell,236155314
2024-08-30 14:21:05,49400.0,2000,Sell,236155316
2024-08-30 14:21:16,49400.0,100,Sell,236155792
2024-08-30 14:21:16,49400.0,400,Sell,236155791
2024-08-30 14:21:19,49400.0,200,Sell,236155950
2024-08-30 14:21:27,49400.0,400,Sell,236156179
2024-08-30 14:21:32,49400.0,100,Sell,236156320
2024-08-30 14:21:32,49400.0,100,Sell,236156322
2024-08-30 14:21:32,49400.0,100,Sell,236156323
2024-08-30 14:21:40,49400.0,500,Sell,236156654
2024-08-30 14:21:41,49400.0,400,Sell,236156675
2024-08-30 14:21:41,49400.0,600,Sell,236156676
2024-08-30 14:21:45,49400.0,5000,Sell,236156860
2024-08-30 14:21:45,49400.0,500,Sell,236156861
2024-08-30 14:22:04,49400.0,500,Sell,236157527
2024-08-30 14:22:09,49400.0,1000,Sell,236157714
2024-08-30 14:22:28,49400.0,500,Sell,236158312
2024-08-30 14:22:53,49400.0,500,Sell,236159183
2024-08-30 14:23:04,49400.0,500,Sell,236159692
2024-08-30 14:23:17,49400.0,500,Sell,236160350
2024-08-30 14:23:39,49400.0,1000,Sell,236161195
2024-08-30 14:23:41,49400.0,500,Sell,236161324
2024-08-30 14:23:47,49400.0,1900,Sell,236161600
2024-08-30 14:23:47,49400.0,100,Sell,236161601
2024-08-30 14:23:47,49400.0,100,Sell,236161602
2024-08-30 14:23:47,49400.0,900,Sell,236161603
2024-08-30 14:23:56,49400.0,600,Sell,236162009
2024-08-30 14:24:05,49400.0,100,Sell,236162414
2024-08-30 14:24:05,49400.0,100,Sell,236162411
2024-08-30 14:24:05,49400.0,200,Sell,236162412
2024-08-30 14:24:05,49400.0,100,Sell,236162413
2024-08-30 14:24:08,49450.0,1000,Buy,236162583
2024-08-30 14:24:13,49450.0,1000,Buy,236162810
2024-08-30 14:24:19,49450.0,100,Buy,236163191
2024-08-30 14:24:29,49400.0,500,Sell,236163755
2024-08-30 14:24:47,49400.0,400,Sell,236165054
2024-08-30 14:24:47,49400.0,100,Sell,236165055
2024-08-30 14:24:47,49400.0,100,Sell,236165056
2024-08-30 14:24:47,49400.0,400,Sell,236165057
2024-08-30 14:24:53,49400.0,100,Sell,236165375
2024-08-30 14:24:53,49400.0,400,Sell,236165376
2024-08-30 14:25:09,49400.0,200,Sell,236166613
2024-08-30 14:25:18,49400.0,500,Sell,236167186
2024-08-30 14:25:33,49400.0,500,Sell,236168197
2024-08-30 14:25:42,49400.0,500,Sell,236168687
2024-08-30 14:25:43,49400.0,300,Sell,236168762
2024-08-30 14:26:06,49400.0,100,Sell,236170202
2024-08-30 14:26:06,49400.0,400,Sell,236170203
2024-08-30 14:26:11,49400.0,100,Sell,236170446
2024-08-30 14:26:20,49450.0,100,Buy,236171256
2024-08-30 14:26:21,49450.0,100,Buy,236171301
2024-08-30 14:26:27,49450.0,100,Buy,236171573
2024-08-30 14:26:30,49400.0,500,Sell,236171721
2024-08-30 14:26:43,49400.0,100,Sell,236172527
2024-08-30 14:26:47,49450.0,500,Buy,236172787
2024-08-30 14:26:47,49400.0,2000,Sell,236172766
2024-08-30 14:26:54,49400.0,500,Sell,236173241
2024-08-30 14:26:59,49400.0,100,Sell,236173650
2024-08-30 14:27:05,49400.0,500,Sell,236173974
2024-08-30 14:27:12,49400.0,2200,Sell,236174437
2024-08-30 14:27:12,49400.0,500,Sell,236174438
2024-08-30 14:27:12,49400.0,2300,Sell,236174439
2024-08-30 14:27:14,49450.0,100,Buy,236174655
2024-08-30 14:27:14,49450.0,7000,Buy,236174658
2024-08-30 14:27:14,49450.0,2500,Buy,236174657
2024-08-30 14:27:14,49450.0,100,Buy,236174656
2024-08-30 14:27:14,49450.0,1000,Buy,236174654
2024-08-30 14:27:14,49450.0,5900,Buy,236174659
2024-08-30 14:27:14,49450.0,500,Buy,236174652
2024-08-30 14:27:14,49450.0,100,Buy,236174651
2024-08-30 14:27:14,49450.0,1000,Buy,236174650
2024-08-30 14:27:14,49450.0,100,Buy,236174649
2024-08-30 14:27:14,49450.0,2700,Buy,236174648
2024-08-30 14:27:14,49450.0,5000,Buy,236174653
2024-08-30 14:27:16,49400.0,200,Sell,236174835
2024-08-30 14:27:18,49450.0,100,Buy,236174933
2024-08-30 14:27:18,49400.0,500,Sell,236174934
2024-08-30 14:27:22,49450.0,300,Buy,236175142
2024-08-30 14:27:25,49450.0,300,Buy,236175404
2024-08-30 14:27:29,49450.0,500,Buy,236175642
2024-08-30 14:27:43,49400.0,500,Sell,236176349
2024-08-30 14:27:46,49450.0,2000,Buy,236176515
2024-08-30 14:28:07,49400.0,500,Sell,236177885
2024-08-30 14:28:10,49400.0,1000,Sell,236178168
2024-08-30 14:28:10,49400.0,500,Sell,236178169
2024-08-30 14:28:10,49400.0,100,Sell,236178170
2024-08-30 14:28:10,49400.0,400,Sell,236178171
2024-08-30 14:28:10,49400.0,2000,Sell,236178172
2024-08-30 14:28:10,49400.0,6000,Sell,236178167
2024-08-30 14:28:13,49450.0,200,Buy,236178421
2024-08-30 14:28:15,49400.0,2000,Sell,236178538
2024-08-30 14:28:15,49400.0,100,Sell,236178541
2024-08-30 14:28:16,49400.0,1000,Sell,236178610
2024-08-30 14:28:29,49400.0,1200,Sell,236179476
2024-08-30 14:28:29,49400.0,100,Sell,236179474
2024-08-30 14:28:29,49400.0,100,Sell,236179473
2024-08-30 14:28:29,49400.0,200,Sell,236179475
2024-08-30 14:28:29,49400.0,100,Sell,236179471
2024-08-30 14:28:29,49400.0,4900,Sell,236179469
2024-08-30 14:28:29,49400.0,500,Sell,236179472
2024-08-30 14:28:29,49400.0,500,Sell,236179470
2024-08-30 14:28:31,49350.0,200,Sell,236179582
2024-08-30 14:28:31,49350.0,300,Sell,236179583
2024-08-30 14:28:40,49350.0,1100,Sell,236180135
2024-08-30 14:28:55,49350.0,500,Sell,236181336
2024-08-30 14:29:06,49350.0,1300,Sell,236182100
2024-08-30 14:29:06,49350.0,100,Sell,236182102
2024-08-30 14:29:06,49350.0,100,Sell,236182103
2024-08-30 14:29:06,49350.0,500,Sell,236182104
2024-08-30 14:29:06,49350.0,300,Sell,236182105
2024-08-30 14:29:06,49350.0,2600,Sell,236182106
2024-08-30 14:29:06,49350.0,100,Sell,236182101
2024-08-30 14:29:14,49350.0,7400,Sell,236182838
2024-08-30 14:29:22,49400.0,500,Buy,236183387
2024-08-30 14:29:24,49400.0,500,Buy,236183517
2024-08-30 14:29:37,49400.0,100,Buy,236184370
2024-08-30 14:29:37,49400.0,200,Buy,236184369
2024-08-30 14:29:39,49400.0,200,Buy,236184423
2024-08-30 14:29:42,49400.0,600,Buy,236184630
2024-08-30 14:29:45,49400.0,3700,Buy,236184939
2024-08-30 14:29:45,49400.0,300,Buy,236184942
2024-08-30 14:29:48,49400.0,700,Buy,236185096
2024-08-30 14:29:48,49400.0,1300,Buy,236185097
2024-08-30 14:29:50,49350.0,100,Sell,236185175
2024-08-30 14:29:50,49350.0,100,Sell,236185176
2024-08-30 14:29:50,49350.0,200,Sell,236185177
2024-08-30 14:29:50,49350.0,100,Sell,236185178
2024-08-30 14:29:50,49400.0,2700,Buy,236185226
2024-08-30 14:29:50,49400.0,300,Buy,236185227
2024-08-30 14:44:56,48900.0,595600,ATO/ATC,236186326
