time,price,volume,match_type,id
2024-08-29 09:14:57,49300.0,29200,ATO/ATC,235599510
2024-08-29 09:15:30,49500.0,100,Buy,235600168
2024-08-29 09:15:38,49800.0,300,Buy,235600258
2024-08-29 09:15:38,49700.0,700,Buy,235600257
2024-08-29 09:16:37,49800.0,2000,Buy,235601243
2024-08-29 09:16:39,49800.0,500,Buy,235601265
2024-08-29 09:16:39,49800.0,1500,Buy,235601262
2024-08-29 09:16:39,49800.0,100,Buy,235601263
2024-08-29 09:16:39,49800.0,500,Buy,235601264
2024-08-29 09:17:04,49800.0,1000,Sell,235601663
2024-08-29 09:17:40,49900.0,300,Buy,235602420
2024-08-29 09:17:41,49800.0,1000,Sell,235602432
2024-08-29 09:18:38,49800.0,400,Sell,235603546
2024-08-29 09:18:38,49800.0,100,Sell,235603547
2024-08-29 09:18:44,49800.0,1900,Sell,235603646
2024-08-29 09:18:44,49800.0,100,Sell,235603647
2024-08-29 09:19:53,49800.0,500,Sell,235605158
2024-08-29 09:20:09,49800.0,200,Sell,235605591
2024-08-29 09:20:21,49800.0,200,Sell,235605868
2024-08-29 09:20:21,49800.0,500,Sell,235605869
2024-08-29 09:20:24,49800.0,300,Buy,235605937
2024-08-29 09:21:36,49900.0,1800,Buy,235607436
2024-08-29 09:21:36,49900.0,200,Buy,235607434
2024-08-29 09:21:39,49800.0,500,Sell,235607466
2024-08-29 09:21:41,49900.0,200,Buy,235607527
2024-08-29 09:21:41,49900.0,400,Buy,235607528
2024-08-29 09:22:09,50000.0,100,Buy,235608196
2024-08-29 09:22:16,50000.0,100,Buy,235608332
2024-08-29 09:22:16,50000.0,500,Buy,235608333
2024-08-29 09:22:16,50000.0,400,Buy,235608334
2024-08-29 09:22:21,50000.0,100,Buy,235608405
2024-08-29 09:22:21,50000.0,500,Buy,235608404
2024-08-29 09:23:37,50200.0,400,Buy,235610287
2024-08-29 09:23:37,50200.0,600,Buy,235610292
2024-08-29 09:23:39,50000.0,300,Sell,235610385
2024-08-29 09:23:54,50200.0,100,Buy,235610766
2024-08-29 09:23:54,50200.0,200,Buy,235610765
2024-08-29 09:23:54,50200.0,100,Buy,235610768
2024-08-29 09:23:54,50200.0,3000,Buy,235610763
2024-08-29 09:23:54,50200.0,100,Buy,235610762
2024-08-29 09:23:54,50200.0,400,Buy,235610761
2024-08-29 09:23:54,50200.0,400,Buy,235610764
2024-08-29 09:23:54,50200.0,700,Buy,235610767
2024-08-29 09:23:55,50200.0,500,Buy,235610786
2024-08-29 09:23:55,50200.0,500,Buy,235610787
2024-08-29 09:24:00,50200.0,100,Buy,235610932
2024-08-29 09:24:08,50200.0,400,Buy,235611155
2024-08-29 09:24:08,50200.0,100,Buy,235611156
2024-08-29 09:24:36,50200.0,100,Buy,235612095
2024-08-29 09:24:36,50200.0,100,Buy,235612096
2024-08-29 09:24:36,50200.0,400,Buy,235612082
2024-08-29 09:24:36,50200.0,200,Buy,235612080
2024-08-29 09:24:36,50200.0,900,Buy,235612078
2024-08-29 09:24:36,50200.0,400,Buy,235612081
2024-08-29 09:24:36,50200.0,100,Buy,235612079
2024-08-29 09:24:46,50200.0,100,Buy,235612433
2024-08-29 09:24:46,50200.0,600,Buy,235612434
2024-08-29 09:24:46,50200.0,300,Buy,235612435
2024-08-29 09:24:54,50200.0,9700,Buy,235612646
2024-08-29 09:24:54,50200.0,200,Buy,235612647
2024-08-29 09:24:54,50200.0,100,Buy,235612648
2024-08-29 09:24:56,50200.0,4900,Buy,235612707
2024-08-29 09:24:56,50200.0,100,Buy,235612708
2024-08-29 09:24:57,50200.0,2100,Buy,235612747
2024-08-29 09:24:57,50200.0,200,Buy,235612745
2024-08-29 09:24:57,50200.0,200,Buy,235612744
2024-08-29 09:24:57,50200.0,600,Buy,235612746
2024-08-29 09:24:58,50200.0,700,Buy,235612793
2024-08-29 09:24:58,50200.0,400,Buy,235612794
2024-08-29 09:25:05,50200.0,500,Sell,235613137
2024-08-29 09:25:10,50300.0,2000,Buy,235613239
2024-08-29 09:25:10,50300.0,5000,Buy,235613238
2024-08-29 09:25:10,50300.0,2000,Buy,235613228
2024-08-29 09:25:10,50300.0,3000,Buy,235613237
2024-08-29 09:25:10,50300.0,200,Buy,235613226
2024-08-29 09:25:10,50300.0,200,Buy,235613224
2024-08-29 09:25:10,50300.0,100,Buy,235613227
2024-08-29 09:25:10,50300.0,500,Buy,235613225
2024-08-29 09:25:11,50300.0,2000,Buy,235613270
2024-08-29 09:25:11,50300.0,2300,Buy,235613271
2024-08-29 09:25:13,50300.0,3000,Buy,235613311
2024-08-29 09:25:14,50300.0,500,Buy,235613328
2024-08-29 09:25:14,50300.0,500,Buy,235613330
2024-08-29 09:25:14,50300.0,200,Buy,235613326
2024-08-29 09:25:14,50300.0,700,Buy,235613325
2024-08-29 09:25:14,50300.0,1000,Buy,235613327
2024-08-29 09:25:14,50300.0,200,Buy,235613329
2024-08-29 09:25:15,50300.0,100,Buy,235613351
2024-08-29 09:25:17,50400.0,500,Buy,235613455
2024-08-29 09:25:17,50400.0,3000,Buy,235613425
2024-08-29 09:25:17,50400.0,10000,Buy,235613450
2024-08-29 09:25:17,50400.0,10000,Buy,235613451
2024-08-29 09:25:17,50400.0,300,Buy,235613452
2024-08-29 09:25:17,50400.0,200,Buy,235613453
2024-08-29 09:25:17,50400.0,1000,Buy,235613454
2024-08-29 09:25:27,50400.0,100,Buy,235613703
2024-08-29 09:25:27,50400.0,200,Buy,235613702
2024-08-29 09:25:28,50400.0,100,Sell,235613761
2024-08-29 09:25:28,50500.0,700,Buy,235613754
2024-08-29 09:25:28,50500.0,2200,Buy,235613753
2024-08-29 09:25:28,50500.0,500,Buy,235613748
2024-08-29 09:25:28,50500.0,5000,Buy,235613751
2024-08-29 09:25:28,50500.0,1000,Buy,235613749
2024-08-29 09:25:28,50500.0,100,Buy,235613752
2024-08-29 09:25:28,50500.0,500,Buy,235613750
2024-08-29 09:25:36,50500.0,4300,Buy,235613951
2024-08-29 09:25:36,50500.0,100,Buy,235613952
2024-08-29 09:25:36,50500.0,300,Buy,235613953
2024-08-29 09:25:36,50500.0,500,Buy,235613954
2024-08-29 09:25:36,50500.0,2000,Buy,235613955
2024-08-29 09:25:36,50500.0,100,Buy,235613956
2024-08-29 09:25:36,50500.0,1000,Buy,235613957
2024-08-29 09:25:36,50500.0,100,Buy,235613958
2024-08-29 09:25:36,50500.0,300,Buy,235613959
2024-08-29 09:25:36,50500.0,500,Buy,235613960
2024-08-29 09:25:36,50500.0,800,Buy,235613961
2024-08-29 09:25:37,50500.0,200,Buy,235613993
2024-08-29 09:25:37,50500.0,600,Buy,235613991
2024-08-29 09:25:37,50500.0,1000,Sell,235614071
2024-08-29 09:25:37,50500.0,1000,Buy,235613989
2024-08-29 09:25:37,50500.0,500,Buy,235613990
2024-08-29 09:25:37,50500.0,200,Buy,235613987
2024-08-29 09:25:37,50500.0,300,Buy,235613992
2024-08-29 09:25:37,50500.0,100,Buy,235613988
2024-08-29 09:25:39,50500.0,200,Sell,235614126
2024-08-29 09:25:45,50500.0,1000,Sell,235614332
2024-08-29 09:25:46,50500.0,500,Sell,235614351
2024-08-29 09:25:46,50500.0,200,Sell,235614356
2024-08-29 09:25:50,50500.0,200,Sell,235614452
2024-08-29 09:25:50,50500.0,2000,Sell,235614455
2024-08-29 09:25:51,50500.0,500,Sell,235614461
2024-08-29 09:25:53,50500.0,500,Sell,235614502
2024-08-29 09:25:53,50500.0,1500,Sell,235614503
2024-08-29 09:25:55,50500.0,100,Sell,235614554
2024-08-29 09:25:57,50500.0,1000,Sell,235614598
2024-08-29 09:25:58,50600.0,1000,Buy,235614645
2024-08-29 09:25:58,50500.0,500,Sell,235614646
2024-08-29 09:25:59,50600.0,400,Buy,235614656
2024-08-29 09:26:03,50500.0,200,Sell,235614799
2024-08-29 09:26:06,50600.0,500,Buy,235614900
2024-08-29 09:26:07,50500.0,500,Sell,235614942
2024-08-29 09:26:16,50500.0,200,Sell,235615152
2024-08-29 09:26:18,50500.0,1000,Sell,235615267
2024-08-29 09:26:20,50500.0,100,Sell,235615292
2024-08-29 09:26:20,50500.0,1900,Sell,235615293
2024-08-29 09:26:21,50500.0,100,Sell,235615330
2024-08-29 09:26:27,50500.0,900,Buy,235615553
2024-08-29 09:26:27,50500.0,800,Buy,235615554
2024-08-29 09:26:27,50500.0,1000,Buy,235615555
2024-08-29 09:26:27,50500.0,1000,Buy,235615556
2024-08-29 09:26:27,50500.0,400,Buy,235615557
2024-08-29 09:26:27,50500.0,200,Buy,235615558
2024-08-29 09:26:27,50500.0,300,Sell,235615559
2024-08-29 09:26:45,50500.0,100,Buy,235615997
2024-08-29 09:26:45,50500.0,500,Buy,235615995
2024-08-29 09:26:45,50500.0,200,Buy,235615996
2024-08-29 09:26:45,50500.0,200,Buy,235615994
2024-08-29 09:26:49,50400.0,100,Sell,235616103
2024-08-29 09:26:49,50400.0,900,Sell,235616104
2024-08-29 09:26:56,50500.0,300,Buy,235616224
2024-08-29 09:26:56,50400.0,200,Sell,235616225
2024-08-29 09:26:56,50400.0,300,Sell,235616226
2024-08-29 09:26:59,50400.0,2000,Sell,235616284
2024-08-29 09:26:59,50400.0,200,Sell,235616274
2024-08-29 09:27:00,50400.0,2000,Sell,235616307
2024-08-29 09:27:01,50400.0,100,Sell,235616311
2024-08-29 09:27:03,50400.0,100,Sell,235616355
2024-08-29 09:27:04,50400.0,300,Sell,235616367
2024-08-29 09:27:04,50400.0,700,Sell,235616368
2024-08-29 09:27:04,50400.0,1300,Sell,235616369
2024-08-29 09:27:04,50400.0,500,Sell,235616370
2024-08-29 09:27:15,50300.0,100,Sell,235616630
2024-08-29 09:27:15,50300.0,900,Sell,235616634
2024-08-29 09:27:29,50300.0,500,Sell,235616995
2024-08-29 09:27:31,50300.0,500,Sell,235617030
2024-08-29 09:27:39,50400.0,7000,Buy,235617244
2024-08-29 09:27:40,50300.0,1000,Sell,235617271
2024-08-29 09:27:45,50300.0,1400,Sell,235617374
2024-08-29 09:27:48,50300.0,1000,Sell,235617490
2024-08-29 09:27:53,50300.0,2000,Sell,235617626
2024-08-29 09:27:57,50400.0,1000,Buy,235617696
2024-08-29 09:27:59,50300.0,1300,Sell,235617749
2024-08-29 09:27:59,50300.0,300,Sell,235617750
2024-08-29 09:28:03,50300.0,1100,Sell,235617788
2024-08-29 09:28:03,50300.0,900,Sell,235617789
2024-08-29 09:28:06,50300.0,300,Sell,235617871
2024-08-29 09:28:06,50300.0,600,Sell,235617869
2024-08-29 09:28:06,50300.0,1000,Sell,235617870
2024-08-29 09:28:25,50200.0,500,Sell,235618295
2024-08-29 09:28:35,50200.0,2900,Sell,235618550
2024-08-29 09:28:35,50200.0,400,Sell,235618551
2024-08-29 09:28:35,50200.0,1000,Sell,235618552
2024-08-29 09:28:35,50200.0,5000,Sell,235618553
2024-08-29 09:28:35,50200.0,300,Sell,235618554
2024-08-29 09:28:38,50100.0,100,Sell,235618624
2024-08-29 09:28:38,50100.0,100,Sell,235618625
2024-08-29 09:28:39,50200.0,500,Buy,235618651
2024-08-29 09:28:41,50200.0,800,Buy,235618757
2024-08-29 09:28:41,50200.0,200,Buy,235618758
2024-08-29 09:28:45,50200.0,800,Buy,235618855
2024-08-29 09:29:27,50200.0,200,Sell,235619846
2024-08-29 09:29:42,50300.0,100,Buy,235620161
2024-08-29 09:30:16,50300.0,1000,Buy,235620787
2024-08-29 09:30:24,50300.0,100,Buy,235620905
2024-08-29 09:30:24,50300.0,100,Buy,235620904
2024-08-29 09:30:24,50300.0,200,Buy,235620902
2024-08-29 09:30:24,50300.0,100,Buy,235620901
2024-08-29 09:30:24,50300.0,600,Buy,235620903
2024-08-29 09:30:24,50300.0,500,Buy,235620899
2024-08-29 09:30:24,50300.0,300,Buy,235620898
2024-08-29 09:30:24,50300.0,1000,Buy,235620897
2024-08-29 09:30:24,50300.0,1900,Buy,235620896
2024-08-29 09:30:24,50300.0,5000,Buy,235620900
2024-08-29 09:30:32,50300.0,200,Sell,235621076
2024-08-29 09:30:34,50300.0,3200,Sell,235621107
2024-08-29 09:30:46,50300.0,300,Sell,235621301
2024-08-29 09:30:59,50300.0,5000,Sell,235621718
2024-08-29 09:31:10,50400.0,100,Buy,235622018
2024-08-29 09:31:29,50400.0,600,Buy,235622483
2024-08-29 09:31:29,50400.0,3000,Buy,235622482
2024-08-29 09:31:29,50400.0,600,Buy,235622480
2024-08-29 09:31:29,50400.0,500,Buy,235622479
2024-08-29 09:31:29,50400.0,300,Buy,235622481
2024-08-29 09:31:36,50400.0,1100,Buy,235622808
2024-08-29 09:31:44,50400.0,1000,Buy,235622947
2024-08-29 09:32:06,50400.0,100,Buy,235623558
2024-08-29 09:32:08,50400.0,100,Buy,235623613
2024-08-29 09:32:24,50400.0,200,Buy,235623919
2024-08-29 09:32:24,50400.0,4800,Buy,235623920
2024-08-29 09:32:39,50300.0,1500,Sell,235624364
2024-08-29 09:32:39,50300.0,500,Sell,235624365
2024-08-29 09:32:39,50300.0,700,Sell,235624366
2024-08-29 09:32:47,50400.0,100,Buy,235624564
2024-08-29 09:32:49,50300.0,1100,Sell,235624606
2024-08-29 09:32:49,50300.0,500,Sell,235624604
2024-08-29 09:32:49,50300.0,300,Sell,235624603
2024-08-29 09:32:49,50300.0,1000,Sell,235624605
2024-08-29 09:32:51,50300.0,2000,Sell,235624650
2024-08-29 09:32:51,50300.0,900,Sell,235624649
2024-08-29 09:32:52,50300.0,100,Buy,235624674
2024-08-29 09:32:58,50300.0,900,Sell,235624800
2024-08-29 09:32:58,50200.0,1100,Sell,235624801
2024-08-29 09:33:30,50400.0,100,Buy,235625575
2024-08-29 09:33:30,50400.0,400,Buy,235625576
2024-08-29 09:33:31,50300.0,2500,Sell,235625602
2024-08-29 09:33:47,50300.0,1000,Sell,235625985
2024-08-29 09:33:57,50300.0,500,Sell,235626224
2024-08-29 09:33:58,50300.0,200,Sell,235626243
2024-08-29 09:34:04,50300.0,200,Sell,235626383
2024-08-29 09:34:18,50300.0,300,Sell,235626722
2024-08-29 09:34:18,50300.0,200,Sell,235626725
2024-08-29 09:34:19,50300.0,200,Sell,235626757
2024-08-29 09:34:51,50300.0,200,Sell,235627483
2024-08-29 09:34:56,50300.0,500,Buy,235627633
2024-08-29 09:34:56,50300.0,5000,Sell,235627630
2024-08-29 09:34:56,50300.0,1000,Sell,235627629
2024-08-29 09:34:56,50300.0,1000,Sell,235627628
2024-08-29 09:34:56,50300.0,100,Sell,235627627
2024-08-29 09:34:56,50300.0,600,Sell,235627626
2024-08-29 09:34:56,50300.0,100,Sell,235627624
2024-08-29 09:34:56,50300.0,100,Sell,235627623
2024-08-29 09:34:56,50300.0,4000,Sell,235627622
2024-08-29 09:34:56,50300.0,1700,Sell,235627621
2024-08-29 09:34:56,50300.0,10000,Sell,235627625
2024-08-29 09:35:08,50200.0,500,Sell,235627921
2024-08-29 09:35:08,50200.0,500,Sell,235627920
2024-08-29 09:35:08,50200.0,500,Sell,235627919
2024-08-29 09:35:08,50200.0,700,Sell,235627918
2024-08-29 09:35:08,50200.0,1000,Sell,235627917
2024-08-29 09:35:08,50200.0,4500,Sell,235627922
2024-08-29 09:35:08,50200.0,100,Sell,235627915
2024-08-29 09:35:08,50200.0,1000,Sell,235627913
2024-08-29 09:35:08,50200.0,100,Sell,235627912
2024-08-29 09:35:08,50200.0,1000,Sell,235627911
2024-08-29 09:35:08,50200.0,900,Sell,235627910
2024-08-29 09:35:08,50200.0,1000,Sell,235627916
2024-08-29 09:35:08,50200.0,300,Sell,235627914
2024-08-29 09:35:13,50100.0,100,Sell,235628038
2024-08-29 09:35:13,50100.0,100,Sell,235628057
2024-08-29 09:35:13,50100.0,600,Sell,235628039
2024-08-29 09:35:13,50100.0,500,Sell,235628037
2024-08-29 09:35:13,50100.0,1000,Sell,235628034
2024-08-29 09:35:13,50100.0,1000,Sell,235628035
2024-08-29 09:35:13,50100.0,500,Sell,235628033
2024-08-29 09:35:13,50100.0,800,Sell,235628032
2024-08-29 09:35:13,50100.0,500,Sell,235628036
2024-08-29 09:35:52,50200.0,900,Buy,235628963
2024-08-29 09:35:52,50200.0,300,Buy,235628964
2024-08-29 09:35:52,50200.0,500,Buy,235628965
2024-08-29 09:35:52,50200.0,300,Buy,235628966
2024-08-29 09:36:08,50200.0,100,Buy,235629303
2024-08-29 09:36:11,50200.0,100,Buy,235629405
2024-08-29 09:37:29,50300.0,2500,Buy,235631093
2024-08-29 09:37:29,50300.0,300,Buy,235631092
2024-08-29 09:37:29,50300.0,100,Buy,235631091
2024-08-29 09:37:29,50300.0,200,Buy,235631090
2024-08-29 09:37:29,50300.0,16900,Buy,235631089
2024-08-29 09:37:30,50300.0,500,Buy,235631110
2024-08-29 09:37:30,50300.0,300,Buy,235631111
2024-08-29 09:37:30,50300.0,500,Buy,235631112
2024-08-29 09:37:30,50300.0,1000,Buy,235631113
2024-08-29 09:37:33,50200.0,100,Sell,235631191
2024-08-29 09:37:35,50200.0,100,Sell,235631237
2024-08-29 09:37:39,50200.0,1300,Sell,235631288
2024-08-29 09:37:39,50200.0,500,Sell,235631286
2024-08-29 09:37:39,50200.0,500,Sell,235631287
2024-08-29 09:37:39,50200.0,500,Sell,235631284
2024-08-29 09:37:39,50200.0,9700,Sell,235631283
2024-08-29 09:37:39,50200.0,500,Sell,235631285
2024-08-29 09:37:52,50300.0,500,Sell,235631518
2024-08-29 09:37:56,50300.0,400,Sell,235631639
2024-08-29 09:38:01,50200.0,100,Sell,235631700
2024-08-29 09:38:04,50300.0,200,Buy,235631767
2024-08-29 09:38:05,50200.0,100,Sell,235631794
2024-08-29 09:38:51,50200.0,400,Buy,235632593
2024-08-29 09:38:51,50200.0,300,Buy,235632594
2024-08-29 09:39:06,50200.0,200,Buy,235632931
2024-08-29 09:39:17,50200.0,500,Sell,235633189
2024-08-29 09:39:57,50200.0,100,Sell,235634006
2024-08-29 09:40:29,50200.0,1300,Sell,235634788
2024-08-29 09:41:17,50200.0,1000,Sell,235636093
2024-08-29 09:41:17,50200.0,100,Sell,235636094
2024-08-29 09:41:17,50200.0,500,Sell,235636095
2024-08-29 09:41:17,50200.0,300,Sell,235636096
2024-08-29 09:41:17,50200.0,100,Sell,235636092
2024-08-29 09:41:19,50200.0,1700,Sell,235636138
2024-08-29 09:41:24,50200.0,300,Buy,235636246
2024-08-29 09:41:54,50300.0,300,Buy,235637058
2024-08-29 09:41:54,50300.0,500,Buy,235637057
2024-08-29 09:41:54,50300.0,600,Buy,235637060
2024-08-29 09:41:54,50300.0,300,Buy,235637059
2024-08-29 09:41:54,50300.0,1000,Buy,235637056
2024-08-29 09:41:54,50300.0,5400,Buy,235637049
2024-08-29 09:41:54,50300.0,100,Buy,235637054
2024-08-29 09:41:54,50300.0,100,Buy,235637050
2024-08-29 09:41:54,50300.0,400,Buy,235637051
2024-08-29 09:41:54,50300.0,700,Buy,235637055
2024-08-29 09:41:54,50300.0,500,Buy,235637053
2024-08-29 09:41:54,50300.0,100,Buy,235637052
2024-08-29 09:42:00,50300.0,200,Buy,235637219
2024-08-29 09:42:00,50300.0,300,Buy,235637220
2024-08-29 09:42:17,50300.0,100,Sell,235637503
2024-08-29 09:42:24,50300.0,200,Sell,235637641
2024-08-29 09:42:28,50400.0,100,Buy,235637774
2024-08-29 09:42:37,50300.0,100,Sell,235637996
2024-08-29 09:43:10,50300.0,700,Sell,235639366
2024-08-29 09:43:10,50300.0,500,Sell,235639367
2024-08-29 09:43:10,50300.0,2000,Sell,235639368
2024-08-29 09:43:10,50300.0,200,Sell,235639369
2024-08-29 09:43:26,50300.0,1600,Buy,235639854
2024-08-29 09:43:48,50300.0,100,Sell,235640682
2024-08-29 09:43:59,50300.0,100,Sell,235641022
2024-08-29 09:44:00,50300.0,800,Sell,235641057
2024-08-29 09:44:00,50300.0,1000,Sell,235641056
2024-08-29 09:44:00,50300.0,200,Sell,235641055
2024-08-29 09:44:07,50300.0,100,Sell,235641285
2024-08-29 09:44:07,50300.0,400,Sell,235641286
2024-08-29 09:44:10,50200.0,100,Sell,235641354
2024-08-29 09:44:11,50300.0,500,Buy,235641383
2024-08-29 09:44:27,50300.0,500,Sell,235641785
2024-08-29 09:44:38,50300.0,100,Sell,235642086
2024-08-29 09:44:46,50300.0,700,Sell,235642321
2024-08-29 09:44:46,50300.0,800,Sell,235642322
2024-08-29 09:44:53,50300.0,1700,Sell,235642582
2024-08-29 09:44:53,50300.0,200,Sell,235642579
2024-08-29 09:44:53,50300.0,1900,Sell,235642580
2024-08-29 09:44:53,50300.0,200,Sell,235642581
2024-08-29 09:45:04,50300.0,100,Sell,235642935
2024-08-29 09:45:16,50300.0,700,Buy,235643302
2024-08-29 09:45:16,50300.0,100,Buy,235643303
2024-08-29 09:45:18,50300.0,100,Sell,235643337
2024-08-29 09:45:19,50300.0,500,Sell,235643366
2024-08-29 09:46:25,50300.0,100,Sell,235645182
2024-08-29 09:46:25,50400.0,500,Buy,235645162
2024-08-29 09:46:25,50400.0,2000,Buy,235645161
2024-08-29 09:46:25,50400.0,500,Buy,235645160
2024-08-29 09:46:46,50400.0,200,Buy,235645591
2024-08-29 09:46:55,50400.0,100,Buy,235645826
2024-08-29 09:46:58,50400.0,200,Buy,235645882
2024-08-29 09:46:58,50400.0,2000,Buy,235645883
2024-08-29 09:46:58,50400.0,500,Buy,235645884
2024-08-29 09:46:58,50400.0,600,Buy,235645885
2024-08-29 09:46:58,50400.0,100,Buy,235645886
2024-08-29 09:46:58,50400.0,1000,Buy,235645887
2024-08-29 09:46:58,50400.0,300,Buy,235645888
2024-08-29 09:47:01,50400.0,1700,Buy,235645950
2024-08-29 09:47:01,50400.0,5000,Buy,235645951
2024-08-29 09:47:01,50400.0,800,Buy,235645952
2024-08-29 09:47:01,50400.0,100,Buy,235645953
2024-08-29 09:47:01,50400.0,2400,Buy,235645954
2024-08-29 09:47:02,50400.0,100,Buy,235645962
2024-08-29 09:47:04,50400.0,100,Buy,235645996
2024-08-29 09:47:11,50400.0,700,Buy,235646184
2024-08-29 09:47:12,50400.0,500,Buy,235646192
2024-08-29 09:47:16,50400.0,1200,Buy,235646305
2024-08-29 09:47:16,50400.0,600,Buy,235646306
2024-08-29 09:47:16,50400.0,500,Buy,235646307
2024-08-29 09:47:16,50400.0,400,Buy,235646308
2024-08-29 09:47:16,50400.0,200,Buy,235646309
2024-08-29 09:47:18,50400.0,100,Buy,235646359
2024-08-29 09:47:18,50400.0,100,Buy,235646360
2024-08-29 09:47:18,50400.0,500,Buy,235646358
2024-08-29 09:47:18,50400.0,300,Buy,235646356
2024-08-29 09:47:18,50400.0,500,Buy,235646355
2024-08-29 09:47:18,50400.0,1000,Buy,235646357
2024-08-29 09:47:18,50400.0,300,Buy,235646354
2024-08-29 09:47:34,50400.0,100,Sell,235646706
2024-08-29 09:48:14,50400.0,200,Sell,235647622
2024-08-29 09:48:33,50400.0,100,Sell,235648040
2024-08-29 09:48:39,50400.0,600,Sell,235648216
2024-08-29 09:48:41,50500.0,100,Buy,235648259
2024-08-29 09:48:41,50500.0,900,Buy,235648260
2024-08-29 09:48:51,50500.0,1500,Buy,235648544
2024-08-29 09:49:23,50400.0,200,Sell,235649319
2024-08-29 09:49:23,50400.0,100,Sell,235649318
2024-08-29 09:49:25,50500.0,2000,Buy,235649386
2024-08-29 09:49:30,50500.0,200,Buy,235649477
2024-08-29 09:49:35,50500.0,100,Buy,235649627
2024-08-29 09:49:35,50500.0,700,Buy,235649628
2024-08-29 09:49:35,50500.0,500,Buy,235649626
2024-08-29 09:49:35,50500.0,300,Buy,235649630
2024-08-29 09:49:35,50500.0,800,Buy,235649631
2024-08-29 09:49:35,50500.0,500,Buy,235649632
2024-08-29 09:49:35,50500.0,100,Buy,235649629
2024-08-29 09:49:35,50500.0,100,Buy,235649625
2024-08-29 09:49:35,50500.0,100,Buy,235649620
2024-08-29 09:49:35,50500.0,100,Buy,235649623
2024-08-29 09:49:35,50500.0,500,Buy,235649624
2024-08-29 09:49:35,50500.0,400,Buy,235649615
2024-08-29 09:49:35,50500.0,3000,Buy,235649616
2024-08-29 09:49:35,50500.0,300,Buy,235649617
2024-08-29 09:49:35,50500.0,2700,Buy,235649619
2024-08-29 09:49:35,50500.0,100,Buy,235649618
2024-08-29 09:49:35,50500.0,500,Buy,235649621
2024-08-29 09:49:35,50500.0,1200,Buy,235649622
2024-08-29 09:49:36,50500.0,500,Buy,235649700
2024-08-29 09:49:37,50500.0,100,Buy,235649731
2024-08-29 09:49:41,50400.0,500,Sell,235649805
2024-08-29 09:49:41,50400.0,300,Sell,235649806
2024-08-29 09:49:41,50400.0,1000,Sell,235649803
2024-08-29 09:49:41,50400.0,100,Sell,235649802
2024-08-29 09:49:41,50400.0,100,Sell,235649804
2024-08-29 09:49:50,50500.0,200,Buy,235649940
2024-08-29 09:50:00,50400.0,1300,Sell,235650174
2024-08-29 09:50:00,50400.0,700,Sell,235650175
2024-08-29 09:50:05,50500.0,1000,Buy,235650264
2024-08-29 09:50:08,50400.0,300,Sell,235650356
2024-08-29 09:50:08,50400.0,200,Sell,235650357
2024-08-29 09:50:12,50300.0,200,Sell,235650516
2024-08-29 09:50:12,50400.0,100,Sell,235650515
2024-08-29 09:50:41,50400.0,1000,Sell,235651241
2024-08-29 09:50:42,50400.0,9000,Sell,235651243
2024-08-29 09:50:44,50400.0,500,Sell,235651290
2024-08-29 09:50:52,50400.0,1000,Sell,235651466
2024-08-29 09:51:01,50400.0,13800,Sell,235651594
2024-08-29 09:51:01,50400.0,2000,Sell,235651595
2024-08-29 09:51:09,50400.0,200,Buy,235651761
2024-08-29 09:51:14,50300.0,100,Sell,235651837
2024-08-29 09:51:25,50400.0,2300,Buy,235652091
2024-08-29 09:51:47,50400.0,200,Buy,235652523
2024-08-29 09:51:59,50400.0,200,Buy,235652750
2024-08-29 09:52:33,50400.0,800,Buy,235653389
2024-08-29 09:52:36,50400.0,500,Buy,235653459
2024-08-29 09:52:36,50400.0,600,Buy,235653460
2024-08-29 09:52:36,50400.0,200,Buy,235653461
2024-08-29 09:52:36,50400.0,500,Buy,235653462
2024-08-29 09:53:10,50400.0,500,Buy,235654286
2024-08-29 09:53:54,50400.0,300,Buy,235655219
2024-08-29 09:54:07,50300.0,200,Sell,235655486
2024-08-29 09:54:08,50300.0,500,Sell,235655506
2024-08-29 09:54:26,50300.0,300,Sell,235655938
2024-08-29 09:54:26,50300.0,600,Sell,235655942
2024-08-29 09:54:26,50300.0,500,Sell,235655941
2024-08-29 09:54:26,50300.0,500,Sell,235655937
2024-08-29 09:54:26,50300.0,1000,Sell,235655939
2024-08-29 09:54:26,50300.0,100,Sell,235655940
2024-08-29 09:54:29,50300.0,1300,Sell,235655982
2024-08-29 09:54:44,50300.0,200,Sell,235656325
2024-08-29 09:54:56,50300.0,100,Sell,235656619
2024-08-29 09:54:57,50300.0,1000,Sell,235656645
2024-08-29 09:55:07,50300.0,4800,Sell,235656854
2024-08-29 09:55:07,50300.0,200,Sell,235656855
2024-08-29 09:55:27,50300.0,400,Sell,235657218
2024-08-29 09:55:27,50300.0,200,Sell,235657217
2024-08-29 09:55:27,50300.0,100,Sell,235657215
2024-08-29 09:55:27,50300.0,300,Sell,235657214
2024-08-29 09:55:27,50300.0,1000,Sell,235657216
2024-08-29 09:55:31,50300.0,100,Sell,235657334
2024-08-29 09:55:31,50300.0,500,Sell,235657335
2024-08-29 09:55:31,50300.0,1000,Sell,235657336
2024-08-29 09:55:31,50300.0,100,Sell,235657337
2024-08-29 09:55:42,50200.0,100,Sell,235657510
2024-08-29 09:55:42,50200.0,200,Sell,235657511
2024-08-29 09:55:42,50200.0,600,Sell,235657508
2024-08-29 09:55:42,50200.0,1100,Sell,235657509
2024-08-29 09:55:44,50300.0,500,Buy,235657552
2024-08-29 09:55:57,50200.0,300,Sell,235657805
2024-08-29 09:56:34,50200.0,100,Sell,235658513
2024-08-29 09:56:34,50200.0,500,Sell,235658514
2024-08-29 09:56:34,50200.0,100,Sell,235658515
2024-08-29 09:56:34,50200.0,1000,Sell,235658516
2024-08-29 09:56:34,50200.0,200,Sell,235658517
2024-08-29 09:56:34,50200.0,600,Sell,235658518
2024-08-29 09:57:22,50200.0,100,Sell,235659417
2024-08-29 09:57:22,50200.0,1400,Sell,235659416
2024-08-29 09:57:22,50200.0,500,Sell,235659414
2024-08-29 09:57:22,50200.0,1000,Sell,235659415
2024-08-29 09:57:22,50200.0,4400,Sell,235659413
2024-08-29 09:57:36,50200.0,2600,Buy,235659632
2024-08-29 09:58:34,50200.0,100,Sell,235660604
2024-08-29 10:00:03,50200.0,100,Sell,235662100
2024-08-29 10:00:26,50200.0,300,Sell,235662511
2024-08-29 10:00:26,50200.0,200,Sell,235662510
2024-08-29 10:02:14,50200.0,1300,Sell,235664208
2024-08-29 10:02:14,50200.0,400,Sell,235664207
2024-08-29 10:02:14,50200.0,200,Sell,235664205
2024-08-29 10:02:14,50200.0,100,Sell,235664206
2024-08-29 10:02:51,50300.0,200,Buy,235664885
2024-08-29 10:02:51,50300.0,800,Buy,235664886
2024-08-29 10:03:00,50200.0,700,Sell,235665033
2024-08-29 10:03:00,50200.0,200,Sell,235665034
2024-08-29 10:03:00,50200.0,100,Sell,235665035
2024-08-29 10:03:01,50200.0,200,Sell,235665048
2024-08-29 10:04:11,50200.0,10000,Sell,235666299
2024-08-29 10:04:11,50200.0,100,Sell,235666298
2024-08-29 10:04:11,50200.0,700,Sell,235666297
2024-08-29 10:04:11,50200.0,1000,Sell,235666296
2024-08-29 10:04:11,50200.0,400,Sell,235666294
2024-08-29 10:04:11,50200.0,2000,Sell,235666293
2024-08-29 10:04:11,50200.0,500,Sell,235666292
2024-08-29 10:04:11,50200.0,500,Sell,235666291
2024-08-29 10:04:11,50200.0,200,Sell,235666290
2024-08-29 10:04:11,50200.0,500,Sell,235666295
2024-08-29 10:04:20,50200.0,100,Buy,235666422
2024-08-29 10:04:24,50200.0,100,Sell,235666506
2024-08-29 10:05:09,50200.0,300,Buy,235667400
2024-08-29 10:05:25,50300.0,100,Buy,235667804
2024-08-29 10:06:40,50200.0,200,Sell,235669313
2024-08-29 10:08:07,50200.0,100,Sell,235671112
2024-08-29 10:08:07,50200.0,100,Sell,235671111
2024-08-29 10:08:07,50200.0,1300,Sell,235671107
2024-08-29 10:08:07,50200.0,600,Sell,235671109
2024-08-29 10:08:07,50200.0,100,Sell,235671108
2024-08-29 10:08:07,50200.0,500,Sell,235671110
2024-08-29 10:09:24,50200.0,200,Buy,235672453
2024-08-29 10:09:50,50100.0,400,Sell,235673070
2024-08-29 10:09:51,50100.0,400,Sell,235673084
2024-08-29 10:10:25,50100.0,200,Sell,235674001
2024-08-29 10:10:25,50100.0,500,Sell,235674002
2024-08-29 10:10:25,50100.0,100,Sell,235674003
2024-08-29 10:10:39,50100.0,700,Sell,235674450
2024-08-29 10:10:39,50100.0,500,Sell,235674448
2024-08-29 10:10:39,50100.0,2100,Sell,235674447
2024-08-29 10:10:39,50100.0,500,Sell,235674449
2024-08-29 10:10:50,50100.0,300,Sell,235674615
2024-08-29 10:10:50,50100.0,500,Sell,235674616
2024-08-29 10:10:50,50100.0,200,Sell,235674617
2024-08-29 10:10:59,50100.0,300,Sell,235674852
2024-08-29 10:10:59,50100.0,100,Sell,235674853
2024-08-29 10:11:16,50100.0,1300,Sell,235675321
2024-08-29 10:11:16,50100.0,500,Sell,235675320
2024-08-29 10:11:16,50100.0,100,Sell,235675319
2024-08-29 10:11:16,50100.0,400,Sell,235675317
2024-08-29 10:11:16,50100.0,200,Sell,235675318
2024-08-29 10:11:27,50100.0,100,Sell,235675459
2024-08-29 10:11:27,50100.0,100,Sell,235675458
2024-08-29 10:11:36,50100.0,1500,Sell,235675652
2024-08-29 10:11:56,50100.0,100,Sell,235676021
2024-08-29 10:12:14,50100.0,100,Sell,235676358
2024-08-29 10:12:45,50100.0,400,Sell,235677018
2024-08-29 10:12:49,50100.0,500,Sell,235677104
2024-08-29 10:12:54,50100.0,100,Sell,235677190
2024-08-29 10:13:22,50100.0,200,Sell,235677724
2024-08-29 10:13:22,50100.0,3000,Sell,235677725
2024-08-29 10:13:22,50100.0,100,Sell,235677726
2024-08-29 10:13:22,50100.0,700,Sell,235677727
2024-08-29 10:13:32,50200.0,200,Buy,235677931
2024-08-29 10:13:37,50200.0,200,Buy,235678017
2024-08-29 10:15:44,50100.0,200,Sell,235680014
2024-08-29 10:15:51,50100.0,1000,Sell,235680132
2024-08-29 10:16:09,50200.0,200,Buy,235680476
2024-08-29 10:16:17,50200.0,100,Buy,235680590
2024-08-29 10:16:38,50200.0,1000,Buy,235680883
2024-08-29 10:16:40,50200.0,600,Buy,235680903
2024-08-29 10:16:43,50200.0,200,Buy,235680943
2024-08-29 10:16:56,50200.0,500,Buy,235681152
2024-08-29 10:16:57,50200.0,1000,Buy,235681177
2024-08-29 10:16:58,50100.0,500,Sell,235681191
2024-08-29 10:16:58,50100.0,100,Sell,235681200
2024-08-29 10:16:58,50100.0,1300,Sell,235681199
2024-08-29 10:16:58,50100.0,100,Sell,235681198
2024-08-29 10:16:58,50100.0,500,Sell,235681197
2024-08-29 10:16:58,50100.0,1600,Sell,235681201
2024-08-29 10:16:58,50100.0,100,Sell,235681195
2024-08-29 10:16:58,50100.0,1000,Sell,235681194
2024-08-29 10:16:58,50100.0,500,Sell,235681193
2024-08-29 10:16:58,50100.0,200,Sell,235681192
2024-08-29 10:16:58,50100.0,500,Sell,235681196
2024-08-29 10:16:58,50100.0,3100,Sell,235681190
2024-08-29 10:17:39,50200.0,3000,Buy,235681801
2024-08-29 10:17:48,50200.0,100,Buy,235681936
2024-08-29 10:17:48,50200.0,200,Buy,235681937
2024-08-29 10:17:48,50200.0,500,Buy,235681938
2024-08-29 10:17:48,50200.0,200,Buy,235681939
2024-08-29 10:17:53,50200.0,200,Buy,235682092
2024-08-29 10:17:53,50200.0,600,Buy,235682093
2024-08-29 10:18:01,50200.0,1000,Buy,235682184
2024-08-29 10:18:25,50200.0,400,Buy,235682645
2024-08-29 10:18:40,50200.0,200,Buy,235682886
2024-08-29 10:18:52,50100.0,200,Sell,235683123
2024-08-29 10:18:53,50200.0,100,Buy,235683159
2024-08-29 10:18:53,50200.0,600,Buy,235683156
2024-08-29 10:18:53,50200.0,200,Buy,235683157
2024-08-29 10:18:53,50200.0,100,Buy,235683158
2024-08-29 10:18:54,50200.0,1800,Buy,235683161
2024-08-29 10:18:54,50200.0,100,Buy,235683160
2024-08-29 10:18:54,50200.0,200,Buy,235683167
2024-08-29 10:18:54,50200.0,700,Buy,235683166
2024-08-29 10:18:54,50200.0,200,Buy,235683169
2024-08-29 10:18:54,50200.0,1000,Buy,235683164
2024-08-29 10:18:54,50200.0,500,Buy,235683163
2024-08-29 10:18:54,50200.0,200,Buy,235683162
2024-08-29 10:18:54,50200.0,200,Buy,235683165
2024-08-29 10:18:54,50200.0,100,Buy,235683168
2024-08-29 10:19:03,50200.0,300,Buy,235683313
2024-08-29 10:19:08,50200.0,1000,Buy,235683471
2024-08-29 10:19:24,50200.0,1000,Buy,235683732
2024-08-29 10:19:25,50200.0,100,Buy,235683774
2024-08-29 10:19:33,50200.0,100,Buy,235683897
2024-08-29 10:19:34,50200.0,200,Buy,235683916
2024-08-29 10:19:34,50200.0,800,Buy,235683914
2024-08-29 10:19:34,50200.0,1000,Buy,235683915
2024-08-29 10:20:26,50200.0,100,Sell,235684726
2024-08-29 10:20:35,50200.0,100,Sell,235684899
2024-08-29 10:20:35,50200.0,200,Sell,235684894
2024-08-29 10:20:41,50200.0,200,Sell,235685006
2024-08-29 10:20:55,50200.0,100,Sell,235685316
2024-08-29 10:21:26,50200.0,300,Sell,235685848
2024-08-29 10:21:26,50200.0,700,Sell,235685849
2024-08-29 10:21:31,50200.0,100,Sell,235685947
2024-08-29 10:21:45,50200.0,200,Sell,235686214
2024-08-29 10:22:18,50200.0,200,Buy,235686713
2024-08-29 10:22:43,50200.0,200,Buy,235687191
2024-08-29 10:22:47,50200.0,100,Buy,235687256
2024-08-29 10:23:36,50200.0,200,Buy,235688070
2024-08-29 10:23:36,50200.0,200,Buy,235688069
2024-08-29 10:23:36,50200.0,200,Buy,235688067
2024-08-29 10:23:36,50200.0,200,Buy,235688068
2024-08-29 10:23:36,50200.0,500,Buy,235688066
2024-08-29 10:24:08,50200.0,2000,Sell,235688426
2024-08-29 10:24:28,50200.0,1000,Sell,235688722
2024-08-29 10:25:01,50200.0,200,Sell,235689316
2024-08-29 10:25:02,50300.0,100,Buy,235689330
2024-08-29 10:25:24,50300.0,100,Buy,235689623
2024-08-29 10:26:59,50300.0,1100,Buy,235691062
2024-08-29 10:26:59,50300.0,1900,Buy,235691061
2024-08-29 10:27:19,50300.0,400,Buy,235691416
2024-08-29 10:27:19,50300.0,100,Buy,235691417
2024-08-29 10:27:26,50300.0,400,Buy,235691552
2024-08-29 10:28:25,50200.0,2000,Sell,235692465
2024-08-29 10:28:31,50200.0,1000,Sell,235692539
2024-08-29 10:29:23,50200.0,100,Sell,235693205
2024-08-29 10:29:34,50200.0,200,Sell,235693357
2024-08-29 10:29:53,50300.0,200,Buy,235693639
2024-08-29 10:30:09,50300.0,100,Buy,235693872
2024-08-29 10:30:35,50300.0,1200,Buy,235694272
2024-08-29 10:30:35,50300.0,100,Buy,235694273
2024-08-29 10:30:35,50300.0,700,Buy,235694274
2024-08-29 10:31:00,50300.0,600,Buy,235694606
2024-08-29 10:31:13,50200.0,1000,Sell,235694781
2024-08-29 10:31:34,50200.0,1000,Sell,235695035
2024-08-29 10:32:40,50300.0,100,Buy,235696004
2024-08-29 10:33:24,50200.0,700,Sell,235696652
2024-08-29 10:33:38,50200.0,2000,Sell,235696870
2024-08-29 10:33:51,50200.0,500,Sell,235697060
2024-08-29 10:34:01,50200.0,1000,Sell,235697176
2024-08-29 10:34:21,50200.0,1000,Sell,235697416
2024-08-29 10:34:39,50300.0,100,Buy,235697622
2024-08-29 10:35:28,50200.0,500,Sell,235698182
2024-08-29 10:35:28,50200.0,1000,Sell,235698181
2024-08-29 10:35:28,50200.0,700,Sell,235698180
2024-08-29 10:35:28,50200.0,100,Sell,235698177
2024-08-29 10:35:28,50200.0,400,Sell,235698178
2024-08-29 10:35:28,50200.0,7000,Sell,235698179
2024-08-29 10:35:28,50200.0,1000,Sell,235698176
2024-08-29 10:35:28,50200.0,1300,Sell,235698175
2024-08-29 10:35:37,50200.0,200,Sell,235698282
2024-08-29 10:35:45,50200.0,900,Sell,235698404
2024-08-29 10:35:45,50200.0,100,Sell,235698405
2024-08-29 10:35:45,50200.0,600,Sell,235698406
2024-08-29 10:36:22,50200.0,200,Buy,235698768
2024-08-29 10:36:22,50200.0,200,Buy,235698769
2024-08-29 10:36:32,50200.0,100,Buy,235698859
2024-08-29 10:37:25,50100.0,1700,Sell,235699419
2024-08-29 10:39:30,50100.0,1000,Sell,235700830
2024-08-29 10:40:33,50100.0,500,Sell,235701875
2024-08-29 10:40:33,50100.0,500,Sell,235701876
2024-08-29 10:40:46,50200.0,100,Buy,235702039
2024-08-29 10:41:38,50100.0,500,Sell,235702602
2024-08-29 10:41:44,50100.0,100,Sell,235702655
2024-08-29 10:41:46,50100.0,3200,Sell,235702685
2024-08-29 10:41:46,50100.0,800,Sell,235702684
2024-08-29 10:43:10,50100.0,2000,Sell,235703663
2024-08-29 10:44:09,50100.0,1000,Sell,235704317
2024-08-29 10:44:47,50100.0,200,Sell,235704798
2024-08-29 10:45:38,50100.0,700,Sell,235705319
2024-08-29 10:45:49,50100.0,200,Sell,235705458
2024-08-29 10:46:09,50100.0,200,Sell,235705647
2024-08-29 10:46:26,50100.0,300,Sell,235705833
2024-08-29 10:46:32,50100.0,3000,Sell,235705907
2024-08-29 10:47:02,50100.0,500,Sell,235706170
2024-08-29 10:47:06,50100.0,200,Sell,235706226
2024-08-29 10:47:06,50100.0,100,Sell,235706225
2024-08-29 10:47:06,50100.0,100,Sell,235706224
2024-08-29 10:47:06,50100.0,2000,Sell,235706222
2024-08-29 10:47:06,50100.0,1000,Sell,235706221
2024-08-29 10:47:06,50100.0,100,Sell,235706220
2024-08-29 10:47:06,50100.0,2000,Sell,235706219
2024-08-29 10:47:06,50100.0,2000,Sell,235706218
2024-08-29 10:47:06,50100.0,1000,Sell,235706223
2024-08-29 10:47:06,50100.0,1000,Sell,235706216
2024-08-29 10:47:06,50100.0,500,Sell,235706215
2024-08-29 10:47:06,50100.0,500,Sell,235706214
2024-08-29 10:47:06,50100.0,5000,Sell,235706213
2024-08-29 10:47:06,50100.0,1000,Sell,235706212
2024-08-29 10:47:06,50100.0,10000,Sell,235706211
2024-08-29 10:47:06,50100.0,100,Sell,235706210
2024-08-29 10:47:06,50100.0,100,Sell,235706209
2024-08-29 10:47:06,50100.0,700,Sell,235706208
2024-08-29 10:47:06,50100.0,1000,Sell,235706217
2024-08-29 10:48:06,50100.0,1000,Buy,235706875
2024-08-29 10:48:24,50100.0,100,Buy,235707154
2024-08-29 10:50:29,50100.0,400,Buy,235709014
2024-08-29 10:50:30,50100.0,300,Buy,235709073
2024-08-29 10:50:30,50100.0,100,Buy,235709072
2024-08-29 10:50:53,50100.0,2000,Buy,235709412
2024-08-29 10:50:56,50100.0,400,Buy,235709464
2024-08-29 10:51:01,50100.0,600,Buy,235709539
2024-08-29 10:51:01,50100.0,100,Buy,235709540
2024-08-29 10:51:01,50100.0,100,Buy,235709541
2024-08-29 10:51:01,50100.0,300,Buy,235709542
2024-08-29 10:51:01,50100.0,3000,Buy,235709543
2024-08-29 10:52:41,50100.0,200,Sell,235711048
2024-08-29 10:53:24,50100.0,100,Sell,235711621
2024-08-29 10:53:44,50100.0,900,Sell,235711876
2024-08-29 10:53:44,50100.0,500,Sell,235711877
2024-08-29 10:54:02,50100.0,100,Buy,235712119
2024-08-29 10:55:07,50100.0,2500,Buy,235712981
2024-08-29 10:55:07,50100.0,300,Buy,235712982
2024-08-29 10:57:06,50100.0,3800,Sell,235714450
2024-08-29 10:57:06,50100.0,200,Sell,235714449
2024-08-29 10:57:15,50100.0,100,Sell,235714618
2024-08-29 10:57:31,50100.0,1100,Sell,235714793
2024-08-29 10:59:49,50100.0,100,Buy,235716645
2024-08-29 11:00:26,50100.0,2900,Buy,235717149
2024-08-29 11:00:26,50100.0,2100,Buy,235717150
2024-08-29 11:01:32,50100.0,1800,Buy,235717887
2024-08-29 11:01:32,50100.0,100,Buy,235717888
2024-08-29 11:01:32,50100.0,100,Buy,235717889
2024-08-29 11:02:03,50100.0,400,Buy,235718192
2024-08-29 11:02:03,50100.0,100,Buy,235718193
2024-08-29 11:02:47,50100.0,500,Sell,235718719
2024-08-29 11:03:46,50100.0,2200,Buy,235719482
2024-08-29 11:03:52,50100.0,100,Sell,235719523
2024-08-29 11:04:24,50100.0,2000,Sell,235719876
2024-08-29 11:06:04,50200.0,100,Buy,235721099
2024-08-29 11:06:04,50200.0,1900,Buy,235721100
2024-08-29 11:06:25,50200.0,500,Buy,235721358
2024-08-29 11:06:25,50200.0,1000,Buy,235721359
2024-08-29 11:07:07,50200.0,100,Buy,235721812
2024-08-29 11:07:16,50100.0,700,Sell,235721900
2024-08-29 11:07:29,50100.0,300,Buy,235722055
2024-08-29 11:08:17,50100.0,100,Sell,235722650
2024-08-29 11:09:32,50200.0,400,Buy,235723463
2024-08-29 11:10:10,50100.0,100,Sell,235724068
2024-08-29 11:10:20,50200.0,400,Buy,235724178
2024-08-29 11:11:02,50100.0,300,Sell,235724859
2024-08-29 11:11:02,50100.0,100,Sell,235724860
2024-08-29 11:11:54,50100.0,500,Buy,235725466
2024-08-29 11:12:02,50100.0,100,Buy,235725562
2024-08-29 11:13:07,50100.0,800,Sell,235726289
2024-08-29 11:13:26,50100.0,500,Sell,235726570
2024-08-29 11:14:35,50100.0,600,Sell,235727416
2024-08-29 11:14:35,50100.0,400,Sell,235727417
2024-08-29 11:15:43,50200.0,700,Buy,235728513
2024-08-29 11:15:43,50200.0,2100,Buy,235728511
2024-08-29 11:15:43,50200.0,7200,Buy,235728512
2024-08-29 11:16:08,50200.0,200,Buy,235728936
2024-08-29 11:16:23,50200.0,100,Buy,235729128
2024-08-29 11:16:23,50200.0,300,Buy,235729129
2024-08-29 11:16:23,50200.0,3000,Buy,235729130
2024-08-29 11:16:23,50200.0,300,Buy,235729131
2024-08-29 11:16:23,50200.0,1300,Buy,235729132
2024-08-29 11:16:27,50200.0,100,Buy,235729189
2024-08-29 11:16:27,50200.0,1300,Buy,235729190
2024-08-29 11:16:27,50200.0,1700,Buy,235729187
2024-08-29 11:16:27,50200.0,200,Buy,235729188
2024-08-29 11:16:37,50200.0,700,Buy,235729333
2024-08-29 11:16:37,50200.0,2000,Buy,235729334
2024-08-29 11:16:37,50200.0,2000,Buy,235729335
2024-08-29 11:16:37,50200.0,200,Buy,235729336
2024-08-29 11:16:37,50200.0,100,Buy,235729337
2024-08-29 11:16:49,50200.0,100,Buy,235729580
2024-08-29 11:16:54,50200.0,300,Buy,235729652
2024-08-29 11:19:16,50200.0,100,Buy,235732060
2024-08-29 11:20:09,50200.0,400,Buy,235733531
2024-08-29 11:20:21,50100.0,100,Sell,235733852
2024-08-29 11:23:00,50100.0,100,Sell,235737015
2024-08-29 11:23:00,50100.0,1000,Sell,235737016
2024-08-29 11:23:00,50100.0,900,Sell,235737017
2024-08-29 11:23:47,50100.0,100,Sell,235737681
2024-08-29 11:26:08,50100.0,1500,Sell,235739520
2024-08-29 11:26:08,50100.0,100,Sell,235739521
2024-08-29 11:26:08,50100.0,4500,Sell,235739519
2024-08-29 11:26:08,50100.0,200,Sell,235739522
2024-08-29 11:26:08,50100.0,1000,Sell,235739517
2024-08-29 11:26:08,50100.0,200,Sell,235739516
2024-08-29 11:26:08,50100.0,500,Sell,235739515
2024-08-29 11:26:08,50100.0,200,Sell,235739514
2024-08-29 11:26:08,50100.0,1000,Sell,235739518
2024-08-29 11:26:20,50000.0,100,Sell,235739648
2024-08-29 11:26:20,50000.0,300,Sell,235739649
2024-08-29 11:26:20,50000.0,300,Sell,235739687
2024-08-29 11:26:43,50000.0,1000,Sell,235739953
2024-08-29 11:27:39,50000.0,400,Sell,235740600
2024-08-29 11:27:52,50000.0,400,Sell,235740819
2024-08-29 11:28:12,50000.0,2000,Sell,235741082
2024-08-29 11:28:15,50100.0,5800,Buy,235741108
2024-08-29 11:29:32,50100.0,500,Sell,235742152
2024-08-29 11:29:46,50100.0,300,Sell,235742372
2024-08-29 12:59:57,50100.0,500,Sell,235742564
2024-08-29 12:59:58,50100.0,2000,Sell,235742899
2024-08-29 12:59:58,50100.0,900,Sell,235742900
2024-08-29 12:59:58,50000.0,1100,Sell,235742901
2024-08-29 12:59:59,50100.0,100,Buy,235743445
2024-08-29 12:59:59,50100.0,100,Buy,235743446
2024-08-29 12:59:59,50100.0,100,Buy,235743447
2024-08-29 13:00:00,50100.0,300,Sell,235743607
2024-08-29 13:00:00,50100.0,400,Sell,235743647
2024-08-29 13:00:01,50100.0,900,Buy,235743905
2024-08-29 13:00:03,50100.0,700,Buy,235744223
2024-08-29 13:00:03,50100.0,2000,Buy,235744244
2024-08-29 13:00:06,50000.0,300,Sell,235744537
2024-08-29 13:00:10,50100.0,100,Buy,235744984
2024-08-29 13:00:11,50100.0,500,Buy,235745053
2024-08-29 13:00:12,50000.0,4000,Sell,235745120
2024-08-29 13:00:13,50100.0,800,Buy,235745175
2024-08-29 13:00:15,50100.0,9400,Buy,235745309
2024-08-29 13:00:15,50100.0,200,Buy,235745310
2024-08-29 13:00:15,50100.0,100,Buy,235745311
2024-08-29 13:00:15,50100.0,100,Buy,235745312
2024-08-29 13:00:15,50100.0,200,Buy,235745313
2024-08-29 13:00:17,50000.0,200,Sell,235745405
2024-08-29 13:00:17,50000.0,100,Sell,235745406
2024-08-29 13:00:17,50000.0,900,Sell,235745407
2024-08-29 13:00:20,50100.0,200,Buy,235745567
2024-08-29 13:00:20,50100.0,800,Buy,235745565
2024-08-29 13:00:20,50100.0,1000,Buy,235745566
2024-08-29 13:00:38,50100.0,300,Buy,235745912
2024-08-29 13:00:46,50100.0,100,Buy,235746041
2024-08-29 13:00:59,50100.0,400,Buy,235746248
2024-08-29 13:00:59,50100.0,600,Buy,235746249
2024-08-29 13:02:04,50000.0,100,Sell,235747534
2024-08-29 13:02:24,50000.0,2000,Sell,235747974
2024-08-29 13:02:24,50000.0,3300,Sell,235747976
2024-08-29 13:02:24,50000.0,100,Sell,235747975
2024-08-29 13:02:24,50000.0,1000,Sell,235747972
2024-08-29 13:02:24,50000.0,1000,Sell,235747973
2024-08-29 13:02:32,50000.0,2000,Sell,235748171
2024-08-29 13:02:48,50000.0,200,Sell,235748491
2024-08-29 13:02:48,50000.0,2000,Sell,235748518
2024-08-29 13:03:21,50000.0,1000,Sell,235749146
2024-08-29 13:03:51,50000.0,100,Sell,235749707
2024-08-29 13:03:51,50000.0,100,Sell,235749727
2024-08-29 13:03:53,50000.0,1000,Sell,235749750
2024-08-29 13:04:11,50000.0,300,Sell,235750164
2024-08-29 13:04:11,50000.0,100,Sell,235750165
2024-08-29 13:04:38,50000.0,800,Sell,235750706
2024-08-29 13:04:38,50000.0,900,Sell,235750704
2024-08-29 13:04:38,50000.0,300,Sell,235750705
2024-08-29 13:04:58,50000.0,200,Sell,235751078
2024-08-29 13:04:58,50000.0,200,Sell,235751079
2024-08-29 13:05:04,50000.0,1800,Sell,235751208
2024-08-29 13:05:04,50000.0,100,Sell,235751209
2024-08-29 13:05:04,50000.0,3100,Sell,235751210
2024-08-29 13:05:16,50000.0,300,Sell,235751502
2024-08-29 13:05:18,50000.0,6600,Sell,235751555
2024-08-29 13:05:18,50000.0,900,Sell,235751556
2024-08-29 13:05:20,50000.0,700,Sell,235751618
2024-08-29 13:05:20,50000.0,1000,Sell,235751616
2024-08-29 13:05:20,50000.0,300,Sell,235751615
2024-08-29 13:05:20,50000.0,1000,Sell,235751617
2024-08-29 13:05:21,50000.0,2000,Sell,235751642
2024-08-29 13:05:25,50000.0,100,Sell,235751709
2024-08-29 13:05:27,50000.0,500,Sell,235751738
2024-08-29 13:05:29,50000.0,200,Sell,235751782
2024-08-29 13:05:29,50000.0,200,Sell,235751781
2024-08-29 13:05:29,50000.0,500,Sell,235751780
2024-08-29 13:05:29,50000.0,100,Sell,235751779
2024-08-29 13:05:29,50000.0,200,Sell,235751778
2024-08-29 13:05:29,50000.0,300,Sell,235751777
2024-08-29 13:05:29,50000.0,100,Sell,235751776
2024-08-29 13:05:29,50000.0,500,Sell,235751775
2024-08-29 13:05:29,50000.0,100,Sell,235751773
2024-08-29 13:05:29,50000.0,100,Sell,235751772
2024-08-29 13:05:29,50000.0,200,Sell,235751771
2024-08-29 13:05:29,50000.0,500,Sell,235751770
2024-08-29 13:05:29,50000.0,200,Sell,235751769
2024-08-29 13:05:29,50000.0,1700,Sell,235751768
2024-08-29 13:05:29,50000.0,100,Sell,235751774
2024-08-29 13:05:30,50000.0,200,Sell,235751790
2024-08-29 13:05:30,50000.0,100,Sell,235751789
2024-08-29 13:05:30,50000.0,300,Sell,235751787
2024-08-29 13:05:30,50000.0,1400,Sell,235751788
2024-08-29 13:05:32,50000.0,400,Sell,235751834
2024-08-29 13:05:32,50000.0,300,Sell,235751835
2024-08-29 13:05:32,50000.0,200,Sell,235751846
2024-08-29 13:05:32,50000.0,100,Sell,235751847
2024-08-29 13:05:32,50000.0,400,Sell,235751848
2024-08-29 13:05:32,50000.0,200,Sell,235751849
2024-08-29 13:05:32,50000.0,300,Sell,235751850
2024-08-29 13:05:39,50000.0,100,Buy,235751949
2024-08-29 13:05:59,50000.0,300,Buy,235752353
2024-08-29 13:06:12,50000.0,200,Buy,235752602
2024-08-29 13:06:12,50000.0,1600,Buy,235752599
2024-08-29 13:06:12,50000.0,100,Buy,235752600
2024-08-29 13:06:12,50000.0,100,Buy,235752601
2024-08-29 13:07:21,49950.0,1000,Sell,235754006
2024-08-29 13:07:21,49950.0,9000,Sell,235754007
2024-08-29 13:07:38,49950.0,200,Sell,235754433
2024-08-29 13:08:05,49950.0,2000,Sell,235755025
2024-08-29 13:08:14,49950.0,1000,Sell,235755227
2024-08-29 13:08:26,49950.0,100,Sell,235755577
2024-08-29 13:08:26,49950.0,100,Sell,235755576
2024-08-29 13:08:26,49950.0,400,Sell,235755578
2024-08-29 13:08:26,49950.0,100,Sell,235755574
2024-08-29 13:08:26,49950.0,100,Sell,235755575
2024-08-29 13:08:26,49950.0,7800,Sell,235755573
2024-08-29 13:08:45,49950.0,1000,Buy,235755998
2024-08-29 13:08:51,49900.0,200,Sell,235756144
2024-08-29 13:08:51,49900.0,600,Sell,235756151
2024-08-29 13:08:51,49900.0,200,Sell,235756150
2024-08-29 13:08:51,49900.0,100,Sell,235756149
2024-08-29 13:08:51,49900.0,1000,Sell,235756143
2024-08-29 13:08:51,49900.0,1200,Sell,235756147
2024-08-29 13:08:51,49900.0,100,Sell,235756146
2024-08-29 13:08:51,49900.0,2000,Sell,235756145
2024-08-29 13:08:51,49900.0,500,Sell,235756148
2024-08-29 13:08:55,49950.0,900,Buy,235756198
2024-08-29 13:09:04,49950.0,2500,Buy,235756369
2024-08-29 13:09:04,49950.0,400,Buy,235756371
2024-08-29 13:09:04,49950.0,300,Buy,235756370
2024-08-29 13:09:19,49950.0,900,Sell,235756730
2024-08-29 13:09:31,49950.0,1000,Sell,235756979
2024-08-29 13:09:33,49950.0,4900,Sell,235757003
2024-08-29 13:09:33,49950.0,100,Sell,235757004
2024-08-29 13:09:35,49950.0,100,Sell,235757091
2024-08-29 13:09:41,49900.0,600,Sell,235757267
2024-08-29 13:09:59,49950.0,100,Buy,235757678
2024-08-29 13:09:59,49950.0,4900,Buy,235757677
2024-08-29 13:10:21,49950.0,300,Buy,235758186
2024-08-29 13:10:29,49950.0,1100,Sell,235758425
2024-08-29 13:10:38,49950.0,200,Sell,235758598
2024-08-29 13:10:38,49950.0,100,Sell,235758605
2024-08-29 13:11:39,49950.0,700,Sell,235760080
2024-08-29 13:11:39,49950.0,400,Sell,235760081
2024-08-29 13:12:16,49900.0,8800,Sell,235761349
2024-08-29 13:12:16,49900.0,3000,Sell,235761350
2024-08-29 13:12:16,49900.0,100,Sell,235761351
2024-08-29 13:12:16,49900.0,1000,Sell,235761352
2024-08-29 13:12:16,49900.0,2000,Sell,235761353
2024-08-29 13:12:16,49900.0,100,Sell,235761354
2024-08-29 13:13:02,49950.0,100,Buy,235762503
2024-08-29 13:13:02,49950.0,400,Buy,235762502
2024-08-29 13:13:04,49900.0,100,Sell,235762537
2024-08-29 13:13:10,49900.0,100,Buy,235762796
2024-08-29 13:13:31,49900.0,400,Buy,235763411
2024-08-29 13:13:42,49900.0,100,Sell,235763709
2024-08-29 13:14:11,49900.0,300,Buy,235764450
2024-08-29 13:14:11,49900.0,1000,Buy,235764451
2024-08-29 13:14:11,49900.0,100,Buy,235764452
2024-08-29 13:15:17,49900.0,1100,Sell,235766619
2024-08-29 13:15:35,49900.0,1000,Sell,235767051
2024-08-29 13:16:19,49900.0,900,Sell,235768298
2024-08-29 13:16:41,49900.0,100,Sell,235768814
2024-08-29 13:16:41,49900.0,600,Sell,235768812
2024-08-29 13:16:41,49900.0,100,Sell,235768813
2024-08-29 13:16:49,49900.0,700,Buy,235769065
2024-08-29 13:17:49,49900.0,500,Sell,235770900
2024-08-29 13:18:02,49950.0,1000,Buy,235771276
2024-08-29 13:18:02,49950.0,3000,Buy,235771277
2024-08-29 13:18:27,49950.0,100,Buy,235771896
2024-08-29 13:18:27,49950.0,3900,Buy,235771897
2024-08-29 13:18:51,49950.0,500,Buy,235772461
2024-08-29 13:19:29,49950.0,100,Buy,235773631
2024-08-29 13:19:47,49950.0,500,Buy,235774038
2024-08-29 13:19:47,49950.0,4000,Buy,235774039
2024-08-29 13:19:47,49950.0,4000,Buy,235774040
2024-08-29 13:19:47,49950.0,1500,Buy,235774041
2024-08-29 13:20:03,49950.0,500,Buy,235774411
2024-08-29 13:20:28,49900.0,300,Sell,235775160
2024-08-29 13:20:28,49900.0,400,Sell,235775159
2024-08-29 13:20:28,49900.0,100,Sell,235775161
2024-08-29 13:20:28,49900.0,100,Sell,235775157
2024-08-29 13:20:28,49900.0,100,Sell,235775156
2024-08-29 13:20:28,49900.0,900,Sell,235775158
2024-08-29 13:20:28,49900.0,1800,Sell,235775155
2024-08-29 13:21:08,49900.0,300,Buy,235776343
2024-08-29 13:21:13,49900.0,300,Buy,235776591
2024-08-29 13:21:40,49900.0,5000,Buy,235777253
2024-08-29 13:22:19,49900.0,10700,Buy,235778201
2024-08-29 13:22:19,49900.0,700,Buy,235778202
2024-08-29 13:23:00,49900.0,300,Buy,235779167
2024-08-29 13:23:11,49950.0,500,Buy,235779438
2024-08-29 13:23:38,49950.0,2000,Buy,235780227
2024-08-29 13:24:00,49900.0,1000,Sell,235780754
2024-08-29 13:24:24,49900.0,1000,Sell,235781188
2024-08-29 13:24:38,49900.0,6200,Sell,235781481
2024-08-29 13:24:44,49900.0,1000,Sell,235781566
2024-08-29 13:24:52,49900.0,1000,Sell,235781696
2024-08-29 13:25:42,49900.0,1000,Sell,235782821
2024-08-29 13:26:00,49900.0,100,Sell,235783475
2024-08-29 13:27:10,49900.0,3500,Sell,235785250
2024-08-29 13:27:10,49900.0,100,Sell,235785251
2024-08-29 13:27:10,49900.0,400,Sell,235785252
2024-08-29 13:27:10,49900.0,400,Sell,235785253
2024-08-29 13:27:14,49900.0,1000,Buy,235785348
2024-08-29 13:27:49,49900.0,2000,Buy,235786107
2024-08-29 13:27:49,49900.0,4600,Buy,235786106
2024-08-29 13:28:00,49850.0,900,Sell,235786372
2024-08-29 13:28:00,49850.0,100,Sell,235786371
2024-08-29 13:29:03,49850.0,1000,Sell,235788287
2024-08-29 13:30:10,49900.0,300,Sell,235790459
2024-08-29 13:30:12,49900.0,400,Sell,235790503
2024-08-29 13:30:19,49900.0,100,Sell,235790748
2024-08-29 13:30:20,49900.0,10000,Sell,235790758
2024-08-29 13:30:48,49900.0,1000,Sell,235791679
2024-08-29 13:30:48,49950.0,500,Buy,235791690
2024-08-29 13:31:03,49900.0,100,Sell,235792115
2024-08-29 13:31:11,49900.0,1000,Sell,235792413
2024-08-29 13:32:01,49900.0,500,Sell,235793911
2024-08-29 13:32:17,49900.0,1000,Sell,235794301
2024-08-29 13:32:18,49900.0,1000,Sell,235794327
2024-08-29 13:32:21,49900.0,300,Sell,235794368
2024-08-29 13:32:21,49900.0,1700,Sell,235794366
2024-08-29 13:32:21,49900.0,2000,Sell,235794367
2024-08-29 13:32:22,49900.0,100,Sell,235794390
2024-08-29 13:32:40,49900.0,1000,Buy,235794799
2024-08-29 13:32:40,49900.0,1400,Buy,235794800
2024-08-29 13:32:46,49900.0,200,Sell,235794968
2024-08-29 13:33:02,49900.0,500,Sell,235795312
2024-08-29 13:33:03,49900.0,500,Sell,235795335
2024-08-29 13:33:10,49900.0,1200,Sell,235795455
2024-08-29 13:34:11,49850.0,200,Sell,235797369
2024-08-29 13:34:11,49850.0,200,Sell,235797370
2024-08-29 13:34:11,49850.0,800,Sell,235797368
2024-08-29 13:34:11,49850.0,2100,Sell,235797363
2024-08-29 13:34:11,49850.0,500,Sell,235797366
2024-08-29 13:34:11,49850.0,100,Sell,235797365
2024-08-29 13:34:11,49850.0,300,Sell,235797364
2024-08-29 13:34:11,49850.0,500,Sell,235797367
2024-08-29 13:34:18,49900.0,100,Buy,235797568
2024-08-29 13:35:20,49850.0,1000,Sell,235799016
2024-08-29 13:35:20,49850.0,100,Sell,235799015
2024-08-29 13:35:20,49850.0,400,Sell,235799017
2024-08-29 13:35:20,49850.0,300,Sell,235799013
2024-08-29 13:35:20,49850.0,400,Sell,235799012
2024-08-29 13:35:20,49850.0,5000,Sell,235799014
2024-08-29 13:35:21,49850.0,1000,Buy,235799051
2024-08-29 13:35:23,49850.0,100,Buy,235799094
2024-08-29 13:35:50,49850.0,100,Buy,235799735
2024-08-29 13:35:59,49850.0,1600,Buy,235799916
2024-08-29 13:35:59,49850.0,200,Buy,235799917
2024-08-29 13:36:12,49850.0,200,Sell,235800253
2024-08-29 13:36:12,49850.0,100,Sell,235800254
2024-08-29 13:37:25,49850.0,2000,Buy,235802379
2024-08-29 13:37:25,49850.0,200,Buy,235802380
2024-08-29 13:37:25,49850.0,800,Buy,235802377
2024-08-29 13:37:25,49850.0,2000,Buy,235802378
2024-08-29 13:37:50,49850.0,200,Buy,235802979
2024-08-29 13:38:01,49800.0,500,Sell,235803170
2024-08-29 13:38:14,49850.0,400,Buy,235803487
2024-08-29 13:38:14,49850.0,100,Buy,235803513
2024-08-29 13:38:33,49850.0,1900,Sell,235804032
2024-08-29 13:38:48,49800.0,100,Sell,235804407
2024-08-29 13:38:48,49800.0,1900,Sell,235804408
2024-08-29 13:39:07,49850.0,700,Buy,235804854
2024-08-29 13:39:18,49850.0,400,Buy,235805076
2024-08-29 13:39:23,49850.0,1000,Buy,235805181
2024-08-29 13:40:37,49850.0,100,Buy,235806623
2024-08-29 13:40:39,49850.0,1000,Buy,235806674
2024-08-29 13:40:40,49800.0,5000,Sell,235806692
2024-08-29 13:40:52,49850.0,3900,Buy,235806913
2024-08-29 13:40:52,49850.0,200,Buy,235806914
2024-08-29 13:40:52,49850.0,300,Buy,235806915
2024-08-29 13:42:14,49850.0,300,Sell,235808566
2024-08-29 13:42:21,49850.0,900,Sell,235808697
2024-08-29 13:43:01,49900.0,100,Buy,235809578
2024-08-29 13:43:01,49900.0,300,Buy,235809577
2024-08-29 13:43:01,49900.0,100,Buy,235809576
2024-08-29 13:43:01,49900.0,1000,Buy,235809575
2024-08-29 13:43:01,49900.0,200,Buy,235809574
2024-08-29 13:43:01,49900.0,1000,Buy,235809572
2024-08-29 13:43:01,49900.0,100,Buy,235809571
2024-08-29 13:43:01,49900.0,600,Buy,235809570
2024-08-29 13:43:01,49900.0,1000,Buy,235809573
2024-08-29 13:43:19,49900.0,100,Buy,235809935
2024-08-29 13:43:46,49900.0,1000,Buy,235810615
2024-08-29 13:44:05,49900.0,500,Buy,235811022
2024-08-29 13:44:11,49900.0,900,Buy,235811165
2024-08-29 13:44:19,49900.0,3000,Buy,235811301
2024-08-29 13:44:38,49850.0,500,Sell,235811767
2024-08-29 13:44:52,49850.0,200,Sell,235812034
2024-08-29 13:44:55,49850.0,100,Sell,235812081
2024-08-29 13:45:06,49850.0,500,Sell,235812275
2024-08-29 13:45:15,49850.0,200,Sell,235812459
2024-08-29 13:45:45,49900.0,1000,Buy,235812969
2024-08-29 13:46:02,49850.0,1000,Sell,235813239
2024-08-29 13:46:21,49850.0,1000,Sell,235813632
2024-08-29 13:46:34,49850.0,100,Sell,235813950
2024-08-29 13:47:08,49850.0,500,Sell,235814511
2024-08-29 13:47:20,49850.0,200,Sell,235814715
2024-08-29 13:47:24,49850.0,600,Sell,235814778
2024-08-29 13:47:48,49850.0,1700,Sell,235815210
2024-08-29 13:47:48,49850.0,1000,Sell,235815209
2024-08-29 13:47:48,49850.0,100,Sell,235815206
2024-08-29 13:47:48,49850.0,1000,Sell,235815207
2024-08-29 13:47:48,49850.0,500,Sell,235815208
2024-08-29 13:47:57,49850.0,1000,Sell,235815350
2024-08-29 13:47:57,49850.0,2000,Sell,235815355
2024-08-29 13:47:57,49850.0,1500,Sell,235815354
2024-08-29 13:47:57,49850.0,1300,Sell,235815349
2024-08-29 13:47:57,49850.0,7000,Sell,235815352
2024-08-29 13:47:57,49850.0,500,Sell,235815351
2024-08-29 13:47:57,49850.0,1000,Sell,235815353
2024-08-29 13:48:08,49850.0,2000,Buy,235815652
2024-08-29 13:48:20,49850.0,2000,Buy,235815867
2024-08-29 13:48:47,49800.0,100,Sell,235816532
2024-08-29 13:49:34,49800.0,500,Sell,235817655
2024-08-29 13:49:34,49800.0,100,Sell,235817656
2024-08-29 13:49:36,49800.0,300,Sell,235817691
2024-08-29 13:49:36,49800.0,200,Sell,235817690
2024-08-29 13:49:36,49800.0,1000,Sell,235817689
2024-08-29 13:49:39,49800.0,2500,Sell,235817769
2024-08-29 13:50:01,49800.0,200,Sell,235818497
2024-08-29 13:50:01,49800.0,1000,Sell,235818498
2024-08-29 13:50:14,49800.0,1000,Sell,235818854
2024-08-29 13:50:14,49800.0,200,Sell,235818853
2024-08-29 13:50:14,49800.0,2000,Sell,235818851
2024-08-29 13:50:14,49800.0,1000,Sell,235818850
2024-08-29 13:50:14,49800.0,1000,Sell,235818852
2024-08-29 13:50:14,49800.0,1000,Sell,235818848
2024-08-29 13:50:14,49800.0,100,Sell,235818847
2024-08-29 13:50:14,49800.0,1000,Sell,235818846
2024-08-29 13:50:14,49800.0,1500,Sell,235818845
2024-08-29 13:50:14,49800.0,200,Sell,235818849
2024-08-29 13:50:18,49750.0,100,Sell,235818930
2024-08-29 13:50:18,49750.0,100,Sell,235818931
2024-08-29 13:50:18,49750.0,1000,Sell,235818932
2024-08-29 13:50:18,49750.0,500,Sell,235818933
2024-08-29 13:50:18,49750.0,1000,Sell,235818934
2024-08-29 13:50:18,49750.0,2300,Sell,235818935
2024-08-29 13:50:37,49800.0,100,Buy,235819486
2024-08-29 13:50:53,49750.0,100,Sell,235820141
2024-08-29 13:50:53,49750.0,700,Sell,235820139
2024-08-29 13:50:53,49750.0,1000,Sell,235820140
2024-08-29 13:51:41,49700.0,4000,Sell,235821767
2024-08-29 13:51:41,49700.0,500,Sell,235821768
2024-08-29 13:51:41,49700.0,500,Sell,235821769
2024-08-29 13:51:41,49700.0,200,Sell,235821770
2024-08-29 13:51:41,49700.0,4800,Sell,235821771
2024-08-29 13:52:12,49700.0,100,Sell,235823294
2024-08-29 13:52:30,49750.0,100,Buy,235823975
2024-08-29 13:53:15,49700.0,2000,Sell,235826146
2024-08-29 13:53:15,49750.0,100,Buy,235826145
2024-08-29 13:53:15,49750.0,4900,Buy,235826144
2024-08-29 13:53:37,49600.0,1000,Sell,235827014
2024-08-29 13:53:37,49600.0,6700,Sell,235827013
2024-08-29 13:53:37,49600.0,100,Sell,235827011
2024-08-29 13:53:37,49600.0,100,Sell,235827010
2024-08-29 13:53:37,49650.0,200,Sell,235827009
2024-08-29 13:53:37,49650.0,100,Sell,235827008
2024-08-29 13:53:37,49650.0,100,Sell,235827007
2024-08-29 13:53:37,49650.0,500,Sell,235827006
2024-08-29 13:53:37,49650.0,500,Sell,235827005
2024-08-29 13:53:37,49700.0,100,Sell,235827004
2024-08-29 13:53:37,49700.0,500,Sell,235827003
2024-08-29 13:53:37,49600.0,200,Sell,235827012
2024-08-29 13:53:37,49700.0,500,Sell,235827001
2024-08-29 13:53:37,49700.0,500,Sell,235827002
2024-08-29 13:53:37,49700.0,500,Sell,235826992
2024-08-29 13:53:37,49700.0,200,Sell,235826993
2024-08-29 13:53:37,49700.0,300,Sell,235826994
2024-08-29 13:53:37,49700.0,100,Sell,235826995
2024-08-29 13:53:37,49700.0,3100,Sell,235826991
2024-08-29 13:53:37,49700.0,1000,Sell,235826997
2024-08-29 13:53:37,49700.0,200,Sell,235826996
2024-08-29 13:53:37,49700.0,1000,Sell,235826998
2024-08-29 13:53:37,49700.0,10000,Sell,235826999
2024-08-29 13:53:37,49700.0,2500,Sell,235827000
2024-08-29 13:53:54,49650.0,500,Sell,235827660
2024-08-29 13:53:54,49600.0,100,Sell,235827661
2024-08-29 13:53:54,49600.0,700,Sell,235827662
2024-08-29 13:54:06,49600.0,200,Sell,235828175
2024-08-29 13:54:06,49600.0,500,Sell,235828174
2024-08-29 13:54:06,49600.0,300,Sell,235828173
2024-08-29 13:54:07,49600.0,300,Sell,235828185
2024-08-29 13:54:07,49600.0,10000,Sell,235828187
2024-08-29 13:54:07,49600.0,1000,Sell,235828188
2024-08-29 13:54:07,49600.0,900,Sell,235828189
2024-08-29 13:54:07,49600.0,1900,Sell,235828190
2024-08-29 13:54:07,49600.0,100,Sell,235828186
2024-08-29 13:54:53,49650.0,100,Sell,235830264
2024-08-29 13:55:07,49700.0,1000,Sell,235830801
2024-08-29 13:55:42,49800.0,500,Buy,235831887
2024-08-29 13:55:51,49700.0,500,Sell,235832110
2024-08-29 13:56:04,49800.0,200,Buy,235832555
2024-08-29 13:56:11,49800.0,700,Buy,235832757
2024-08-29 13:56:14,49800.0,2200,Buy,235832862
2024-08-29 13:56:21,49800.0,300,Buy,235833121
2024-08-29 13:56:22,49800.0,600,Buy,235833147
2024-08-29 13:56:22,49800.0,100,Buy,235833146
2024-08-29 13:56:26,49850.0,100,Buy,235833253
2024-08-29 13:56:36,49850.0,1000,Buy,235833586
2024-08-29 13:56:50,49850.0,100,Buy,235833968
2024-08-29 13:56:53,49850.0,1000,Buy,235834039
2024-08-29 13:57:18,49850.0,200,Sell,235834722
2024-08-29 13:57:20,49850.0,600,Sell,235834752
2024-08-29 13:57:22,49850.0,200,Sell,235834799
2024-08-29 13:57:22,49850.0,1000,Sell,235834800
2024-08-29 13:57:22,49850.0,100,Sell,235834801
2024-08-29 13:57:31,49850.0,500,Buy,235835005
2024-08-29 13:57:48,49850.0,500,Buy,235835475
2024-08-29 13:57:53,49850.0,100,Buy,235835571
2024-08-29 13:58:47,49850.0,1000,Buy,235836725
2024-08-29 13:58:58,49850.0,100,Buy,235836990
2024-08-29 13:59:27,49850.0,500,Buy,235837558
2024-08-29 13:59:27,49850.0,500,Buy,235837557
2024-08-29 13:59:39,49800.0,200,Sell,235837811
2024-08-29 14:00:15,49800.0,300,Sell,235838541
2024-08-29 14:00:47,49800.0,1000,Sell,235839227
2024-08-29 14:01:46,49850.0,100,Buy,235840379
2024-08-29 14:01:58,49800.0,100,Sell,235840687
2024-08-29 14:02:25,49800.0,100,Sell,235841668
2024-08-29 14:02:26,49800.0,700,Sell,235841681
2024-08-29 14:02:26,49800.0,1000,Sell,235841680
2024-08-29 14:02:26,49800.0,8300,Sell,235841679
2024-08-29 14:02:32,49800.0,100,Sell,235841770
2024-08-29 14:02:32,49800.0,100,Sell,235841758
2024-08-29 14:02:32,49800.0,300,Sell,235841755
2024-08-29 14:02:32,49800.0,100,Sell,235841756
2024-08-29 14:02:32,49800.0,500,Sell,235841757
2024-08-29 14:03:18,49800.0,900,Buy,235842921
2024-08-29 14:03:18,49800.0,200,Buy,235842922
2024-08-29 14:03:20,49800.0,1000,Buy,235842971
2024-08-29 14:03:32,49800.0,800,Buy,235843201
2024-08-29 14:03:48,49800.0,800,Buy,235843591
2024-08-29 14:03:48,49800.0,200,Buy,235843590
2024-08-29 14:03:54,49800.0,700,Buy,235843724
2024-08-29 14:04:01,49800.0,100,Sell,235843949
2024-08-29 14:04:06,49800.0,100,Sell,235844039
2024-08-29 14:04:08,49800.0,500,Sell,235844088
2024-08-29 14:04:20,49850.0,100,Buy,235844489
2024-08-29 14:04:20,49850.0,400,Buy,235844490
2024-08-29 14:04:35,49850.0,100,Buy,235844856
2024-08-29 14:04:37,49800.0,300,Sell,235844981
2024-08-29 14:05:07,49800.0,300,Sell,235845542
2024-08-29 14:05:09,49800.0,1000,Sell,235845596
2024-08-29 14:05:09,49800.0,100,Sell,235845601
2024-08-29 14:05:09,49800.0,1000,Sell,235845600
2024-08-29 14:05:09,49800.0,1000,Sell,235845595
2024-08-29 14:05:09,49800.0,1100,Sell,235845598
2024-08-29 14:05:09,49800.0,2000,Sell,235845599
2024-08-29 14:05:09,49800.0,1000,Sell,235845597
2024-08-29 14:05:19,49800.0,1000,Buy,235845854
2024-08-29 14:05:49,49800.0,1000,Buy,235846579
2024-08-29 14:06:00,49750.0,600,Sell,235846849
2024-08-29 14:06:00,49750.0,100,Sell,235846850
2024-08-29 14:06:00,49750.0,200,Sell,235846851
2024-08-29 14:06:00,49750.0,1100,Sell,235846852
2024-08-29 14:06:19,49750.0,400,Sell,235847310
2024-08-29 14:07:21,49750.0,1000,Sell,235848653
2024-08-29 14:07:22,49800.0,1100,Buy,235848677
2024-08-29 14:07:31,49800.0,3700,Buy,235848885
2024-08-29 14:07:52,49800.0,1000,Buy,235849394
2024-08-29 14:08:00,49800.0,100,Buy,235849602
2024-08-29 14:08:03,49750.0,100,Sell,235849668
2024-08-29 14:08:23,49800.0,100,Buy,235850157
2024-08-29 14:08:23,49800.0,1000,Buy,235850173
2024-08-29 14:08:45,49800.0,5000,Buy,235850678
2024-08-29 14:08:54,49800.0,1100,Buy,235850983
2024-08-29 14:09:01,49800.0,1000,Buy,235851115
2024-08-29 14:09:02,49800.0,1000,Buy,235851197
2024-08-29 14:09:25,49800.0,1000,Buy,235851624
2024-08-29 14:09:26,49750.0,2400,Sell,235851638
2024-08-29 14:09:26,49750.0,1000,Sell,235851639
2024-08-29 14:09:26,49750.0,100,Sell,235851640
2024-08-29 14:09:26,49750.0,1100,Sell,235851641
2024-08-29 14:09:26,49750.0,200,Sell,235851642
2024-08-29 14:09:26,49750.0,200,Sell,235851643
2024-08-29 14:09:31,49800.0,1000,Buy,235851753
2024-08-29 14:09:32,49800.0,1000,Buy,235851789
2024-08-29 14:09:47,49800.0,1100,Buy,235852135
2024-08-29 14:09:56,49800.0,100,Buy,235852266
2024-08-29 14:09:56,49800.0,400,Buy,235852267
2024-08-29 14:09:56,49800.0,500,Buy,235852265
2024-08-29 14:10:26,49800.0,300,Buy,235852921
2024-08-29 14:10:26,49800.0,100,Buy,235852922
2024-08-29 14:10:26,49800.0,600,Buy,235852923
2024-08-29 14:10:57,49800.0,1100,Buy,235853712
2024-08-29 14:10:58,49800.0,3900,Buy,235853768
2024-08-29 14:10:58,49800.0,1100,Buy,235853769
2024-08-29 14:11:03,49800.0,100,Buy,235853841
2024-08-29 14:11:18,49800.0,500,Buy,235854141
2024-08-29 14:11:28,49800.0,200,Buy,235854347
2024-08-29 14:11:28,49800.0,800,Buy,235854348
2024-08-29 14:11:58,49800.0,200,Buy,235855014
2024-08-29 14:11:59,49800.0,1000,Buy,235855035
2024-08-29 14:12:30,49850.0,1100,Buy,235855567
2024-08-29 14:12:37,49800.0,100,Buy,235855750
2024-08-29 14:12:47,49800.0,4900,Sell,235856053
2024-08-29 14:12:47,49800.0,100,Sell,235856054
2024-08-29 14:12:54,49800.0,600,Sell,235856183
2024-08-29 14:12:54,49800.0,600,Sell,235856184
2024-08-29 14:12:56,49800.0,400,Sell,235856213
2024-08-29 14:12:58,49800.0,500,Buy,235856243
2024-08-29 14:13:01,49800.0,100,Buy,235856308
2024-08-29 14:13:01,49850.0,900,Buy,235856309
2024-08-29 14:13:32,49850.0,1000,Buy,235856936
2024-08-29 14:13:51,49850.0,100,Buy,235857368
2024-08-29 14:14:02,49850.0,1100,Buy,235857646
2024-08-29 14:14:33,49850.0,1000,Buy,235858260
2024-08-29 14:15:04,49800.0,300,Sell,235858842
2024-08-29 14:15:04,49850.0,1100,Buy,235858844
2024-08-29 14:15:35,49850.0,1100,Buy,235859509
2024-08-29 14:16:01,49850.0,300,Buy,235860012
2024-08-29 14:16:06,49850.0,1100,Buy,235860238
2024-08-29 14:16:30,49800.0,100,Buy,235860876
2024-08-29 14:16:30,49800.0,2000,Sell,235860866
2024-08-29 14:16:30,49800.0,1000,Sell,235860865
2024-08-29 14:16:37,49800.0,1000,Buy,235861062
2024-08-29 14:16:37,49850.0,100,Buy,235861063
2024-08-29 14:17:08,49800.0,200,Buy,235861975
2024-08-29 14:17:08,49800.0,900,Buy,235861976
2024-08-29 14:17:39,49800.0,1100,Buy,235862806
2024-08-29 14:17:48,49800.0,1000,Buy,235862997
2024-08-29 14:18:03,49800.0,600,Buy,235863417
2024-08-29 14:18:03,49800.0,200,Buy,235863433
2024-08-29 14:18:09,49800.0,1100,Buy,235863679
2024-08-29 14:18:11,49800.0,1000,Buy,235863737
2024-08-29 14:18:20,49800.0,500,Buy,235864011
2024-08-29 14:18:40,49800.0,600,Buy,235864747
2024-08-29 14:18:40,49800.0,500,Buy,235864748
2024-08-29 14:18:42,49800.0,200,Buy,235864905
2024-08-29 14:18:42,49800.0,600,Buy,235864906
2024-08-29 14:18:44,49800.0,500,Buy,235864963
2024-08-29 14:19:05,49800.0,2000,Buy,235865635
2024-08-29 14:19:08,49800.0,100,Buy,235865720
2024-08-29 14:19:10,49800.0,200,Buy,235865744
2024-08-29 14:19:10,49800.0,100,Buy,235865742
2024-08-29 14:19:10,49800.0,700,Buy,235865743
2024-08-29 14:19:11,49800.0,1100,Buy,235865800
2024-08-29 14:19:15,49800.0,100,Buy,235865949
2024-08-29 14:19:37,49800.0,1400,Buy,235866648
2024-08-29 14:19:37,49800.0,200,Buy,235866649
2024-08-29 14:19:37,49800.0,700,Buy,235866650
2024-08-29 14:19:37,49800.0,3300,Buy,235866651
2024-08-29 14:19:37,49800.0,1400,Buy,235866652
2024-08-29 14:19:37,49800.0,6100,Buy,235866653
2024-08-29 14:19:37,49800.0,1900,Buy,235866647
2024-08-29 14:19:39,49800.0,100,Buy,235866700
2024-08-29 14:19:42,49800.0,700,Buy,235866793
2024-08-29 14:19:42,49800.0,400,Buy,235866792
2024-08-29 14:19:46,49800.0,500,Buy,235866920
2024-08-29 14:19:51,49800.0,800,Buy,235867041
2024-08-29 14:19:54,49800.0,500,Sell,235867156
2024-08-29 14:20:13,49800.0,200,Sell,235867726
2024-08-29 14:20:13,49850.0,600,Buy,235867736
2024-08-29 14:20:13,49850.0,200,Buy,235867737
2024-08-29 14:20:13,49850.0,300,Buy,235867738
2024-08-29 14:20:45,49850.0,300,Buy,235868763
2024-08-29 14:20:45,49850.0,700,Buy,235868761
2024-08-29 14:20:45,49850.0,100,Buy,235868762
2024-08-29 14:21:56,49800.0,2000,Sell,235870877
2024-08-29 14:22:14,49800.0,1400,Sell,235871450
2024-08-29 14:22:16,49800.0,3100,Sell,235871515
2024-08-29 14:22:16,49800.0,1100,Sell,235871516
2024-08-29 14:22:16,49800.0,500,Sell,235871517
2024-08-29 14:22:16,49800.0,100,Sell,235871518
2024-08-29 14:22:16,49800.0,200,Sell,235871519
2024-08-29 14:22:16,49800.0,1000,Sell,235871520
2024-08-29 14:22:16,49800.0,600,Sell,235871521
2024-08-29 14:22:18,49800.0,200,Sell,235871601
2024-08-29 14:22:18,49800.0,500,Sell,235871600
2024-08-29 14:22:41,49800.0,1400,Buy,235872392
2024-08-29 14:22:41,49800.0,6600,Buy,235872393
2024-08-29 14:22:41,49800.0,1400,Buy,235872394
2024-08-29 14:22:41,49800.0,100,Buy,235872395
2024-08-29 14:22:41,49800.0,5500,Buy,235872396
2024-08-29 14:22:47,49800.0,500,Buy,235872565
2024-08-29 14:23:01,49800.0,600,Buy,235872924
2024-08-29 14:23:19,49800.0,2700,Sell,235873393
2024-08-29 14:23:22,49800.0,6700,Sell,235873519
2024-08-29 14:24:00,49800.0,500,Buy,235874820
2024-08-29 14:24:04,49750.0,200,Sell,235875063
2024-08-29 14:24:13,49800.0,1000,Buy,235875344
2024-08-29 14:24:36,49750.0,500,Sell,235876085
2024-08-29 14:24:47,49800.0,500,Buy,235876403
2024-08-29 14:25:15,49800.0,1000,Buy,235877497
2024-08-29 14:25:26,49750.0,1400,Sell,235877875
2024-08-29 14:25:30,49800.0,4600,Buy,235877967
2024-08-29 14:25:35,49750.0,2900,Sell,235878146
2024-08-29 14:25:35,49750.0,2600,Sell,235878147
2024-08-29 14:25:39,49750.0,200,Sell,235878280
2024-08-29 14:25:42,49800.0,200,Buy,235878357
2024-08-29 14:25:45,49750.0,1400,Sell,235878462
2024-08-29 14:25:51,49750.0,900,Sell,235878692
2024-08-29 14:25:51,49750.0,5800,Sell,235878690
2024-08-29 14:25:51,49750.0,1000,Sell,235878691
2024-08-29 14:25:56,49750.0,1600,Sell,235878850
2024-08-29 14:25:56,49750.0,100,Sell,235878849
2024-08-29 14:25:59,49750.0,100,Sell,235878988
2024-08-29 14:26:05,49750.0,2000,Sell,235879210
2024-08-29 14:26:06,49750.0,5000,Sell,235879231
2024-08-29 14:26:07,49750.0,500,Sell,235879278
2024-08-29 14:26:07,49750.0,200,Sell,235879276
2024-08-29 14:26:07,49750.0,200,Sell,235879277
2024-08-29 14:26:14,49750.0,500,Buy,235879487
2024-08-29 14:26:14,49750.0,300,Buy,235879485
2024-08-29 14:26:14,49750.0,300,Buy,235879486
2024-08-29 14:26:21,49750.0,900,Buy,235879792
2024-08-29 14:26:21,49750.0,200,Buy,235879793
2024-08-29 14:26:30,49750.0,1100,Buy,235880106
2024-08-29 14:26:34,49700.0,200,Sell,235880277
2024-08-29 14:26:34,49700.0,100,Sell,235880278
2024-08-29 14:26:34,49700.0,100,Sell,235880279
2024-08-29 14:26:34,49700.0,600,Sell,235880280
2024-08-29 14:26:35,49750.0,500,Buy,235880325
2024-08-29 14:26:36,49750.0,200,Buy,235880350
2024-08-29 14:26:36,49750.0,900,Buy,235880351
2024-08-29 14:26:43,49750.0,1100,Buy,235880577
2024-08-29 14:26:44,49750.0,500,Buy,235880619
2024-08-29 14:26:47,49750.0,500,Buy,235880702
2024-08-29 14:26:50,49750.0,1100,Buy,235880809
2024-08-29 14:26:58,49750.0,200,Buy,235881109
2024-08-29 14:26:58,49750.0,900,Buy,235881110
2024-08-29 14:27:05,49750.0,1100,Buy,235881484
2024-08-29 14:27:05,49700.0,500,Sell,235881498
2024-08-29 14:27:12,49750.0,1100,Buy,235881834
2024-08-29 14:27:16,49750.0,1400,Buy,235881941
2024-08-29 14:27:20,49750.0,1100,Buy,235882156
2024-08-29 14:27:27,49750.0,1100,Buy,235882559
2024-08-29 14:27:34,49750.0,1100,Buy,235882821
2024-08-29 14:27:41,49750.0,100,Buy,235883132
2024-08-29 14:27:41,49750.0,1000,Buy,235883134
2024-08-29 14:27:41,49750.0,1000,Buy,235883131
2024-08-29 14:27:41,49750.0,1300,Buy,235883133
2024-08-29 14:27:49,49750.0,1100,Buy,235883486
2024-08-29 14:27:56,49750.0,900,Buy,235883780
2024-08-29 14:27:56,49750.0,200,Buy,235883781
2024-08-29 14:27:57,49750.0,500,Buy,235883958
2024-08-29 14:28:00,49750.0,200,Buy,235884167
2024-08-29 14:28:04,49750.0,200,Buy,235884362
2024-08-29 14:28:06,49700.0,200,Sell,235884487
2024-08-29 14:28:06,49700.0,100,Sell,235884486
2024-08-29 14:28:06,49700.0,1000,Sell,235884485
2024-08-29 14:28:06,49700.0,700,Sell,235884484
2024-08-29 14:28:06,49700.0,500,Sell,235884483
2024-08-29 14:28:06,49700.0,2000,Sell,235884480
2024-08-29 14:28:06,49700.0,100,Sell,235884481
2024-08-29 14:28:06,49700.0,500,Sell,235884479
2024-08-29 14:28:06,49700.0,900,Sell,235884477
2024-08-29 14:28:06,49700.0,100,Sell,235884482
2024-08-29 14:28:06,49700.0,900,Sell,235884478
2024-08-29 14:28:10,49750.0,300,Buy,235884688
2024-08-29 14:28:32,49700.0,100,Sell,235885599
2024-08-29 14:28:40,49700.0,200,Sell,235885922
2024-08-29 14:28:52,49700.0,500,Sell,235886490
2024-08-29 14:28:52,49700.0,500,Sell,235886491
2024-08-29 14:28:59,49750.0,5200,Buy,235886808
2024-08-29 14:28:59,49750.0,1000,Buy,235886809
2024-08-29 14:28:59,49750.0,100,Buy,235886810
2024-08-29 14:28:59,49750.0,400,Buy,235886811
2024-08-29 14:29:01,49750.0,6000,Sell,235886925
2024-08-29 14:29:03,49750.0,1400,Sell,235887036
2024-08-29 14:29:04,49750.0,1400,Sell,235887082
2024-08-29 14:29:04,49700.0,200,Sell,235887083
2024-08-29 14:29:11,49700.0,1500,Sell,235887627
2024-08-29 14:29:13,49700.0,1000,Sell,235887731
2024-08-29 14:29:17,49750.0,5000,Buy,235887971
2024-08-29 14:29:28,49750.0,1000,Buy,235888531
2024-08-29 14:29:33,49750.0,100,Buy,235888784
2024-08-29 14:29:37,49750.0,500,Buy,235889142
2024-08-29 14:29:46,49700.0,1000,Sell,235889687
2024-08-29 14:29:53,49750.0,1000,Buy,235889965
2024-08-29 14:29:53,49750.0,100,Buy,235889966
2024-08-29 14:44:56,49300.0,287000,ATO/ATC,235890717
