time,price,volume,match_type,id
2024-08-28 09:14:58,49600.0,11400,ATO/ATC,235229732
2024-08-28 09:17:07,49600.0,300,Sell,235232797
2024-08-28 09:19:48,49650.0,100,Sell,235236848
2024-08-28 09:19:49,49650.0,100,Sell,235236851
2024-08-28 09:19:57,49650.0,100,Buy,235236978
2024-08-28 09:19:57,49650.0,400,Buy,235236977
2024-08-28 09:20:28,49600.0,1600,Sell,235237630
2024-08-28 09:20:28,49650.0,100,Sell,235237629
2024-08-28 09:20:42,49600.0,100,Sell,235237933
2024-08-28 09:20:42,49650.0,500,Sell,235237932
2024-08-28 09:20:42,49600.0,100,Sell,235237949
2024-08-28 09:20:42,49600.0,500,Sell,235237948
2024-08-28 09:20:42,49600.0,100,Sell,235237947
2024-08-28 09:20:42,49600.0,100,Sell,235237945
2024-08-28 09:20:42,49600.0,200,Sell,235237944
2024-08-28 09:20:42,49600.0,100,Sell,235237946
2024-08-28 09:20:42,49600.0,3000,Sell,235237942
2024-08-28 09:20:42,49600.0,1000,Sell,235237941
2024-08-28 09:20:42,49600.0,1000,Sell,235237936
2024-08-28 09:20:42,49600.0,200,Sell,235237935
2024-08-28 09:20:42,49600.0,200,Sell,235237934
2024-08-28 09:20:42,49600.0,500,Sell,235237943
2024-08-28 09:20:51,49600.0,200,Buy,235238144
2024-08-28 09:21:46,49600.0,400,Buy,235239079
2024-08-28 09:21:46,49600.0,200,Buy,235239081
2024-08-28 09:21:46,49600.0,400,Buy,235239080
2024-08-28 09:21:46,49600.0,400,Buy,235239078
2024-08-28 09:21:46,49600.0,400,Buy,235239075
2024-08-28 09:21:46,49600.0,400,Buy,235239076
2024-08-28 09:21:46,49600.0,400,Buy,235239074
2024-08-28 09:21:46,49600.0,2200,Buy,235239073
2024-08-28 09:21:46,49600.0,400,Buy,235239077
2024-08-28 09:21:52,49600.0,800,Sell,235239152
2024-08-28 09:22:05,49600.0,600,Buy,235239463
2024-08-28 09:25:30,49600.0,100,Buy,235243840
2024-08-28 09:25:52,49600.0,1000,Buy,235244260
2024-08-28 09:26:04,49600.0,800,Buy,235244509
2024-08-28 09:26:17,49600.0,100,Buy,235244680
2024-08-28 09:26:17,49600.0,500,Buy,235244702
2024-08-28 09:26:42,49700.0,200,Buy,235245197
2024-08-28 09:26:42,49700.0,10000,Buy,235245196
2024-08-28 09:26:42,49700.0,1000,Buy,235245195
2024-08-28 09:26:42,49600.0,1000,Buy,235245192
2024-08-28 09:26:42,49600.0,100,Buy,235245193
2024-08-28 09:26:42,49700.0,5600,Buy,235245194
2024-08-28 09:26:42,49600.0,1000,Buy,235245191
2024-08-28 09:26:42,49600.0,6100,Buy,235245190
2024-08-28 09:27:14,49700.0,200,Buy,235245803
2024-08-28 09:28:08,49700.0,100,Buy,235246997
2024-08-28 09:28:08,49700.0,400,Buy,235246998
2024-08-28 09:28:08,49700.0,100,Buy,235246999
2024-08-28 09:28:08,49700.0,400,Buy,235247000
2024-08-28 09:28:17,49750.0,400,Buy,235247168
2024-08-28 09:29:07,49750.0,100,Buy,235248374
2024-08-28 09:29:13,49750.0,900,Sell,235248504
2024-08-28 09:29:13,49700.0,100,Sell,235248505
2024-08-28 09:29:56,49700.0,1000,Sell,235249445
2024-08-28 09:30:41,49750.0,600,Sell,235250510
2024-08-28 09:30:45,49800.0,400,Buy,235250641
2024-08-28 09:30:45,49800.0,600,Buy,235250640
2024-08-28 09:31:24,49800.0,500,Buy,235251571
2024-08-28 09:31:37,49700.0,100,Sell,235251884
2024-08-28 09:31:37,49800.0,100,Buy,235251893
2024-08-28 09:31:37,49800.0,400,Buy,235251894
2024-08-28 09:33:39,49800.0,9600,Buy,235254831
2024-08-28 09:33:39,49800.0,300,Buy,235254832
2024-08-28 09:33:39,49800.0,17100,Buy,235254833
2024-08-28 09:33:47,49800.0,1900,Buy,235255050
2024-08-28 09:33:47,49800.0,200,Buy,235255060
2024-08-28 09:33:47,49800.0,800,Buy,235255061
2024-08-28 09:33:47,49800.0,400,Buy,235255062
2024-08-28 09:33:47,49800.0,100,Buy,235255063
2024-08-28 09:33:47,49800.0,500,Buy,235255064
2024-08-28 09:34:28,49800.0,1000,Sell,235255918
2024-08-28 09:34:35,49800.0,700,Sell,235256048
2024-08-28 09:34:35,49800.0,300,Sell,235256046
2024-08-28 09:34:35,49800.0,1000,Sell,235256047
2024-08-28 09:34:54,49800.0,100,Sell,235256425
2024-08-28 09:34:54,49700.0,100,Sell,235256431
2024-08-28 09:34:54,49700.0,100,Sell,235256430
2024-08-28 09:34:54,49700.0,500,Sell,235256429
2024-08-28 09:34:54,49800.0,800,Sell,235256424
2024-08-28 09:34:54,49700.0,3000,Sell,235256427
2024-08-28 09:34:54,49700.0,300,Sell,235256426
2024-08-28 09:34:54,49700.0,1000,Sell,235256428
2024-08-28 09:34:56,49700.0,500,Buy,235256457
2024-08-28 09:35:51,49600.0,200,Sell,235257802
2024-08-28 09:35:51,49600.0,400,Sell,235257803
2024-08-28 09:35:51,49600.0,200,Sell,235257804
2024-08-28 09:36:24,49700.0,100,Buy,235258403
2024-08-28 09:37:01,49700.0,2000,Buy,235259125
2024-08-28 09:37:14,49650.0,100,Sell,235259515
2024-08-28 09:37:46,49700.0,1000,Buy,235260151
2024-08-28 09:38:22,49700.0,1000,Buy,235260756
2024-08-28 09:38:42,49700.0,1000,Buy,235261096
2024-08-28 09:38:55,49700.0,600,Buy,235261353
2024-08-28 09:39:04,49700.0,200,Buy,235261498
2024-08-28 09:39:10,49700.0,2000,Buy,235261609
2024-08-28 09:39:20,49700.0,2000,Buy,235261826
2024-08-28 09:40:56,49700.0,200,Buy,235263551
2024-08-28 09:41:06,49700.0,400,Buy,235263682
2024-08-28 09:41:10,49700.0,2000,Buy,235263761
2024-08-28 09:41:12,49700.0,1100,Buy,235263797
2024-08-28 09:41:12,49700.0,400,Buy,235263798
2024-08-28 09:41:12,49700.0,400,Buy,235263799
2024-08-28 09:41:12,49700.0,100,Buy,235263800
2024-08-28 09:41:34,49700.0,300,Buy,235264166
2024-08-28 09:41:34,49700.0,500,Buy,235264167
2024-08-28 09:41:34,49700.0,200,Buy,235264168
2024-08-28 09:41:50,49700.0,500,Buy,235264448
2024-08-28 09:41:51,49700.0,1000,Buy,235264478
2024-08-28 09:42:00,49650.0,1000,Sell,235264683
2024-08-28 09:42:00,49650.0,700,Sell,235264681
2024-08-28 09:42:00,49650.0,100,Sell,235264680
2024-08-28 09:42:00,49650.0,300,Sell,235264682
2024-08-28 09:43:05,49650.0,900,Buy,235265826
2024-08-28 09:43:51,49650.0,1000,Sell,235266688
2024-08-28 09:44:22,49700.0,300,Buy,235267247
2024-08-28 09:44:22,49700.0,1000,Buy,235267248
2024-08-28 09:44:22,49700.0,3700,Buy,235267249
2024-08-28 09:45:30,49700.0,100,Buy,235268534
2024-08-28 09:45:59,49700.0,1200,Buy,235269302
2024-08-28 09:45:59,49700.0,100,Buy,235269304
2024-08-28 09:45:59,49700.0,3000,Buy,235269305
2024-08-28 09:45:59,49700.0,300,Buy,235269306
2024-08-28 09:45:59,49700.0,400,Buy,235269303
2024-08-28 09:46:16,49700.0,100,Buy,235269719
2024-08-28 09:46:36,49700.0,1000,Buy,235270079
2024-08-28 09:48:32,49700.0,200,Buy,235272695
2024-08-28 09:48:57,49700.0,1000,Buy,235273290
2024-08-28 09:49:00,49700.0,100,Buy,235273363
2024-08-28 09:49:43,49700.0,700,Buy,235274318
2024-08-28 09:50:03,49800.0,5000,Buy,235274638
2024-08-28 09:50:23,49800.0,2000,Buy,235274983
2024-08-28 09:50:55,49800.0,100,Buy,235275735
2024-08-28 09:50:55,49800.0,900,Buy,235275736
2024-08-28 09:51:43,49700.0,5000,Sell,235276876
2024-08-28 09:51:48,49700.0,500,Sell,235276981
2024-08-28 09:51:55,49700.0,2000,Sell,235277124
2024-08-28 09:51:55,49700.0,300,Sell,235277125
2024-08-28 09:52:59,49650.0,100,Sell,235278301
2024-08-28 09:52:59,49650.0,200,Sell,235278302
2024-08-28 09:52:59,49650.0,1000,Sell,235278303
2024-08-28 09:52:59,49650.0,100,Sell,235278304
2024-08-28 09:52:59,49650.0,1800,Sell,235278305
2024-08-28 09:52:59,49650.0,800,Sell,235278306
2024-08-28 09:53:02,49700.0,100,Buy,235278358
2024-08-28 09:53:10,49650.0,4200,Sell,235278580
2024-08-28 09:53:18,49650.0,500,Buy,235278709
2024-08-28 09:53:38,49650.0,100,Buy,235279146
2024-08-28 09:54:19,49650.0,5200,Buy,235280120
2024-08-28 09:54:20,49650.0,4800,Sell,235280152
2024-08-28 09:54:25,49650.0,500,Buy,235280253
2024-08-28 09:54:36,49600.0,100,Sell,235280577
2024-08-28 09:54:36,49600.0,1000,Sell,235280578
2024-08-28 09:54:36,49600.0,300,Sell,235280579
2024-08-28 09:54:36,49600.0,300,Sell,235280580
2024-08-28 09:54:36,49600.0,300,Sell,235280581
2024-08-28 09:54:36,49600.0,100,Sell,235280582
2024-08-28 09:54:36,49600.0,500,Sell,235280583
2024-08-28 09:54:36,49600.0,200,Sell,235280584
2024-08-28 09:54:36,49600.0,500,Sell,235280585
2024-08-28 09:54:36,49600.0,500,Sell,235280586
2024-08-28 09:54:36,49600.0,1000,Sell,235280587
2024-08-28 09:54:36,49600.0,1000,Sell,235280588
2024-08-28 09:54:36,49600.0,7400,Sell,235280589
2024-08-28 09:54:36,49600.0,500,Sell,235280576
2024-08-28 09:54:39,49600.0,1000,Buy,235280652
2024-08-28 09:54:47,49600.0,300,Buy,235280801
2024-08-28 09:54:54,49600.0,100,Sell,235280956
2024-08-28 09:55:21,49650.0,500,Buy,235281531
2024-08-28 09:55:31,49600.0,100,Sell,235281748
2024-08-28 09:55:31,49600.0,1000,Sell,235281749
2024-08-28 09:55:31,49600.0,200,Sell,235281750
2024-08-28 09:55:55,49600.0,1500,Buy,235282170
2024-08-28 09:56:10,49600.0,3200,Buy,235282568
2024-08-28 09:56:10,49600.0,100,Buy,235282569
2024-08-28 09:56:10,49650.0,3700,Buy,235282570
2024-08-28 09:58:02,49650.0,10000,Buy,235284914
2024-08-28 09:58:07,49650.0,500,Buy,235285043
2024-08-28 09:58:07,49650.0,100,Buy,235285044
2024-08-28 09:59:46,49650.0,200,Sell,235286941
2024-08-28 09:59:48,49650.0,100,Sell,235287052
2024-08-28 10:00:19,49650.0,3900,Sell,235287589
2024-08-28 10:00:19,49650.0,1000,Sell,235287588
2024-08-28 10:00:19,49650.0,100,Sell,235287587
2024-08-28 10:00:26,49650.0,1100,Sell,235287713
2024-08-28 10:00:26,49650.0,1000,Sell,235287714
2024-08-28 10:00:46,49650.0,3500,Buy,235288041
2024-08-28 10:01:36,49650.0,9400,Buy,235289025
2024-08-28 10:01:36,49650.0,300,Buy,235289026
2024-08-28 10:01:36,49700.0,5300,Buy,235289027
2024-08-28 10:03:29,49700.0,1000,Buy,235291390
2024-08-28 10:03:32,49700.0,100,Buy,235291495
2024-08-28 10:03:46,49700.0,1200,Buy,235291762
2024-08-28 10:03:46,49700.0,500,Buy,235291763
2024-08-28 10:03:46,49700.0,200,Buy,235291764
2024-08-28 10:03:46,49700.0,4000,Buy,235291765
2024-08-28 10:03:46,49700.0,1000,Buy,235291766
2024-08-28 10:04:17,49700.0,2900,Sell,235292361
2024-08-28 10:04:41,49700.0,200,Sell,235292755
2024-08-28 10:04:49,49700.0,200,Buy,235292886
2024-08-28 10:07:20,49700.0,500,Buy,235295424
2024-08-28 10:07:51,49650.0,400,Sell,235295991
2024-08-28 10:09:01,49650.0,500,Sell,235297537
2024-08-28 10:09:29,49650.0,100,Sell,235298088
2024-08-28 10:10:06,49650.0,500,Sell,235298782
2024-08-28 10:10:06,49650.0,200,Sell,235298783
2024-08-28 10:10:06,49650.0,1300,Sell,235298784
2024-08-28 10:10:10,49600.0,700,Sell,235298844
2024-08-28 10:10:10,49600.0,700,Sell,235298843
2024-08-28 10:10:10,49600.0,1000,Sell,235298842
2024-08-28 10:10:10,49600.0,5000,Sell,235298841
2024-08-28 10:10:10,49650.0,5000,Sell,235298839
2024-08-28 10:10:10,49650.0,100,Sell,235298838
2024-08-28 10:10:10,49600.0,900,Sell,235298840
2024-08-28 10:10:55,49600.0,500,Buy,235299823
2024-08-28 10:11:12,49700.0,500,Buy,235300098
2024-08-28 10:11:12,49700.0,5000,Buy,235300097
2024-08-28 10:11:12,49700.0,200,Buy,235300096
2024-08-28 10:11:12,49700.0,500,Buy,235300093
2024-08-28 10:11:12,49700.0,4100,Buy,235300092
2024-08-28 10:11:12,49600.0,16100,Buy,235300090
2024-08-28 10:11:12,49700.0,2000,Buy,235300094
2024-08-28 10:11:12,49650.0,1000,Buy,235300091
2024-08-28 10:11:14,49700.0,600,Sell,235300140
2024-08-28 10:11:14,49600.0,400,Sell,235300141
2024-08-28 10:12:05,49650.0,6000,Buy,235301214
2024-08-28 10:12:17,49650.0,2000,Sell,235301505
2024-08-28 10:12:21,49650.0,300,Sell,235301580
2024-08-28 10:12:48,49650.0,1000,Sell,235302183
2024-08-28 10:13:07,49650.0,200,Sell,235302606
2024-08-28 10:13:31,49650.0,100,Sell,235303173
2024-08-28 10:13:43,49650.0,100,Sell,235303476
2024-08-28 10:13:46,49650.0,200,Sell,235303520
2024-08-28 10:13:49,49650.0,100,Sell,235303559
2024-08-28 10:14:44,49650.0,10000,Buy,235304702
2024-08-28 10:14:47,49650.0,900,Buy,235304742
2024-08-28 10:15:38,49650.0,100,Sell,235305683
2024-08-28 10:15:52,49650.0,400,Sell,235305976
2024-08-28 10:16:10,49650.0,100,Buy,235306290
2024-08-28 10:16:37,49650.0,500,Buy,235306954
2024-08-28 10:16:50,49650.0,500,Sell,235307193
2024-08-28 10:16:50,49650.0,1200,Sell,235307194
2024-08-28 10:16:51,49650.0,2300,Buy,235307198
2024-08-28 10:16:59,49650.0,1000,Sell,235307355
2024-08-28 10:17:44,49650.0,1000,Sell,235308202
2024-08-28 10:18:17,49700.0,200,Buy,235308780
2024-08-28 10:18:17,49700.0,500,Buy,235308781
2024-08-28 10:18:17,49700.0,1000,Buy,235308782
2024-08-28 10:18:17,49700.0,200,Buy,235308783
2024-08-28 10:18:17,49700.0,600,Buy,235308784
2024-08-28 10:19:36,49700.0,2000,Buy,235310125
2024-08-28 10:21:41,49700.0,400,Buy,235311992
2024-08-28 10:22:03,49700.0,400,Buy,235312408
2024-08-28 10:22:14,49700.0,200,Buy,235312618
2024-08-28 10:22:14,49700.0,100,Buy,235312616
2024-08-28 10:22:14,49700.0,600,Buy,235312615
2024-08-28 10:22:14,49700.0,100,Buy,235312617
2024-08-28 10:22:36,49700.0,100,Sell,235312968
2024-08-28 10:22:54,49700.0,200,Sell,235313229
2024-08-28 10:23:48,49700.0,400,Buy,235314052
2024-08-28 10:24:06,49700.0,1000,Buy,235314366
2024-08-28 10:24:16,49700.0,1000,Buy,235314502
2024-08-28 10:24:32,49700.0,100,Buy,235314722
2024-08-28 10:25:17,49700.0,2000,Buy,235315564
2024-08-28 10:25:32,49700.0,100,Buy,235316148
2024-08-28 10:25:32,49700.0,500,Buy,235316149
2024-08-28 10:25:32,49700.0,100,Buy,235316150
2024-08-28 10:25:32,49700.0,100,Buy,235316151
2024-08-28 10:25:32,49700.0,100,Buy,235316152
2024-08-28 10:25:32,49700.0,300,Buy,235316147
2024-08-28 10:26:28,49700.0,800,Sell,235317148
2024-08-28 10:26:47,49700.0,200,Buy,235317425
2024-08-28 10:27:18,49700.0,4000,Buy,235317868
2024-08-28 10:28:47,49700.0,300,Sell,235319333
2024-08-28 10:30:09,49700.0,700,Sell,235320621
2024-08-28 10:30:09,49700.0,400,Sell,235320622
2024-08-28 10:30:09,49700.0,2000,Sell,235320623
2024-08-28 10:30:26,49700.0,500,Buy,235320862
2024-08-28 10:31:07,49700.0,1000,Buy,235321444
2024-08-28 10:31:11,49700.0,400,Buy,235321500
2024-08-28 10:31:11,49700.0,200,Buy,235321501
2024-08-28 10:31:53,49700.0,400,Sell,235322162
2024-08-28 10:32:10,49700.0,100,Buy,235322345
2024-08-28 10:32:29,49650.0,700,Sell,235322647
2024-08-28 10:32:29,49650.0,200,Sell,235322648
2024-08-28 10:32:29,49650.0,100,Sell,235322649
2024-08-28 10:32:33,49650.0,3500,Sell,235322742
2024-08-28 10:32:35,49650.0,500,Sell,235322755
2024-08-28 10:32:52,49650.0,3400,Sell,235323028
2024-08-28 10:32:52,49650.0,900,Sell,235323026
2024-08-28 10:32:52,49650.0,200,Sell,235323027
2024-08-28 10:33:57,49650.0,500,Sell,235323858
2024-08-28 10:33:57,49650.0,900,Sell,235323859
2024-08-28 10:33:57,49650.0,100,Sell,235323857
2024-08-28 10:37:05,49650.0,100,Sell,235327704
2024-08-28 10:37:05,49650.0,1200,Sell,235327705
2024-08-28 10:37:05,49650.0,2000,Sell,235327706
2024-08-28 10:37:05,49650.0,500,Sell,235327707
2024-08-28 10:37:05,49650.0,100,Sell,235327708
2024-08-28 10:37:05,49650.0,2000,Sell,235327709
2024-08-28 10:37:23,49650.0,400,Sell,235328023
2024-08-28 10:37:43,49700.0,3100,Buy,235328293
2024-08-28 10:37:43,49700.0,1000,Buy,235328292
2024-08-28 10:37:43,49700.0,2000,Buy,235328291
2024-08-28 10:37:43,49700.0,400,Buy,235328289
2024-08-28 10:37:43,49700.0,1000,Buy,235328288
2024-08-28 10:37:43,49700.0,1000,Buy,235328290
2024-08-28 10:37:43,49700.0,300,Buy,235328286
2024-08-28 10:37:43,49700.0,1000,Buy,235328285
2024-08-28 10:37:43,49700.0,10000,Buy,235328284
2024-08-28 10:37:43,49700.0,4500,Buy,235328283
2024-08-28 10:37:43,49650.0,600,Buy,235328282
2024-08-28 10:37:43,49700.0,100,Buy,235328287
2024-08-28 10:37:54,49700.0,100,Buy,235328488
2024-08-28 10:38:46,49700.0,1200,Buy,235329482
2024-08-28 10:39:49,49700.0,500,Buy,235330583
2024-08-28 10:42:33,49700.0,100,Buy,235333123
2024-08-28 10:42:57,49700.0,200,Buy,235333521
2024-08-28 10:42:57,49700.0,1000,Buy,235333522
2024-08-28 10:42:59,49700.0,400,Buy,235333592
2024-08-28 10:43:59,49700.0,600,Buy,235334586
2024-08-28 10:43:59,49700.0,400,Buy,235334587
2024-08-28 10:45:06,49650.0,100,Sell,235335428
2024-08-28 10:45:06,49650.0,200,Sell,235335429
2024-08-28 10:45:06,49650.0,500,Sell,235335430
2024-08-28 10:45:06,49650.0,100,Sell,235335431
2024-08-28 10:46:25,49700.0,1500,Buy,235336417
2024-08-28 10:46:25,49650.0,100,Buy,235336415
2024-08-28 10:46:25,49700.0,400,Buy,235336416
2024-08-28 10:47:46,49650.0,500,Buy,235337639
2024-08-28 10:49:17,49650.0,500,Buy,235338939
2024-08-28 10:49:31,49650.0,100,Buy,235339132
2024-08-28 10:49:36,49650.0,3000,Buy,235339181
2024-08-28 10:49:48,49600.0,900,Sell,235339320
2024-08-28 10:51:01,49650.0,500,Buy,235340222
2024-08-28 10:51:45,49650.0,500,Buy,235340951
2024-08-28 10:53:12,49600.0,100,Sell,235342450
2024-08-28 10:53:34,49650.0,100,Buy,235342872
2024-08-28 10:53:54,49650.0,600,Buy,235343166
2024-08-28 10:53:54,49650.0,100,Buy,235343167
2024-08-28 10:53:54,49650.0,2000,Buy,235343168
2024-08-28 10:54:02,49700.0,300,Buy,235343300
2024-08-28 10:54:09,49700.0,1600,Buy,235343382
2024-08-28 10:54:09,49700.0,4000,Buy,235343381
2024-08-28 10:54:09,49700.0,1000,Buy,235343380
2024-08-28 10:54:09,49700.0,3200,Buy,235343378
2024-08-28 10:54:09,49700.0,200,Buy,235343379
2024-08-28 10:54:24,49700.0,100,Buy,235343623
2024-08-28 10:54:27,49700.0,3300,Buy,235343697
2024-08-28 10:54:27,49700.0,500,Buy,235343698
2024-08-28 10:55:16,49700.0,1200,Sell,235344446
2024-08-28 10:58:03,49700.0,500,Sell,235347431
2024-08-28 10:58:03,49700.0,1500,Sell,235347432
2024-08-28 10:59:00,49750.0,1000,Buy,235349059
2024-08-28 10:59:00,49750.0,200,Buy,235349060
2024-08-28 10:59:00,49750.0,100,Buy,235349061
2024-08-28 10:59:00,49750.0,400,Buy,235349062
2024-08-28 10:59:05,49750.0,100,Buy,235349136
2024-08-28 10:59:05,49750.0,400,Buy,235349137
2024-08-28 10:59:05,49750.0,800,Buy,235349135
2024-08-28 10:59:05,49750.0,1000,Buy,235349133
2024-08-28 10:59:05,49750.0,100,Buy,235349130
2024-08-28 10:59:05,49750.0,1000,Buy,235349132
2024-08-28 10:59:05,49750.0,1500,Buy,235349131
2024-08-28 10:59:05,49750.0,2000,Buy,235349134
2024-08-28 10:59:08,49800.0,600,Buy,235349206
2024-08-28 10:59:08,49800.0,100,Buy,235349205
2024-08-28 10:59:08,49800.0,100,Buy,235349204
2024-08-28 10:59:08,49800.0,5000,Buy,235349203
2024-08-28 10:59:08,49800.0,500,Buy,235349202
2024-08-28 10:59:08,49800.0,1400,Buy,235349201
2024-08-28 10:59:08,49800.0,100,Buy,235349199
2024-08-28 10:59:08,49800.0,5000,Buy,235349198
2024-08-28 10:59:08,49800.0,100,Buy,235349197
2024-08-28 10:59:08,49800.0,100,Buy,235349196
2024-08-28 10:59:08,49800.0,100,Buy,235349200
2024-08-28 10:59:12,49800.0,1000,Buy,235349263
2024-08-28 10:59:12,49800.0,2000,Buy,235349262
2024-08-28 10:59:12,49800.0,1000,Buy,235349260
2024-08-28 10:59:12,49800.0,1200,Buy,235349259
2024-08-28 10:59:12,49800.0,500,Buy,235349261
2024-08-28 11:00:12,49900.0,1000,Buy,235350619
2024-08-28 11:00:12,49900.0,500,Buy,235350620
2024-08-28 11:00:12,49900.0,2000,Buy,235350621
2024-08-28 11:00:12,49900.0,200,Buy,235350622
2024-08-28 11:00:12,49900.0,1300,Buy,235350623
2024-08-28 11:00:18,49900.0,700,Buy,235350725
2024-08-28 11:00:18,49900.0,1000,Buy,235350726
2024-08-28 11:00:18,49900.0,1000,Buy,235350727
2024-08-28 11:00:18,49900.0,400,Buy,235350728
2024-08-28 11:00:18,49900.0,100,Buy,235350729
2024-08-28 11:00:18,49900.0,900,Buy,235350730
2024-08-28 11:00:20,49800.0,500,Sell,235350777
2024-08-28 11:00:20,49800.0,500,Sell,235350775
2024-08-28 11:00:20,49800.0,1000,Sell,235350776
2024-08-28 11:00:21,49900.0,100,Buy,235350824
2024-08-28 11:00:21,49900.0,1000,Buy,235350825
2024-08-28 11:00:21,49900.0,400,Buy,235350826
2024-08-28 11:00:31,49950.0,200,Buy,235351058
2024-08-28 11:00:31,49950.0,1000,Buy,235351059
2024-08-28 11:00:31,49950.0,800,Buy,235351060
2024-08-28 11:00:31,49950.0,500,Buy,235351063
2024-08-28 11:00:32,49950.0,1000,Buy,235351079
2024-08-28 11:00:32,49950.0,1700,Buy,235351077
2024-08-28 11:00:32,49950.0,1400,Buy,235351078
2024-08-28 11:00:54,50000.0,500,Buy,235351528
2024-08-28 11:00:54,50000.0,400,Buy,235351529
2024-08-28 11:00:55,50000.0,500,Buy,235351566
2024-08-28 11:00:55,50000.0,100,Buy,235351570
2024-08-28 11:00:55,50000.0,1000,Buy,235351569
2024-08-28 11:00:55,50000.0,100,Buy,235351568
2024-08-28 11:00:55,50000.0,100,Buy,235351567
2024-08-28 11:00:55,50000.0,500,Buy,235351565
2024-08-28 11:00:55,50000.0,100,Buy,235351559
2024-08-28 11:00:55,50000.0,100,Buy,235351563
2024-08-28 11:00:55,50000.0,1500,Buy,235351562
2024-08-28 11:00:55,50000.0,100,Buy,235351561
2024-08-28 11:00:55,50000.0,100,Buy,235351560
2024-08-28 11:00:55,50000.0,600,Buy,235351558
2024-08-28 11:00:55,50000.0,200,Buy,235351564
2024-08-28 11:00:58,50000.0,2500,Buy,235351658
2024-08-28 11:00:58,50000.0,1000,Buy,235351659
2024-08-28 11:00:58,50000.0,500,Buy,235351657
2024-08-28 11:00:58,50000.0,500,Buy,235351663
2024-08-28 11:00:58,50000.0,1300,Buy,235351664
2024-08-28 11:00:58,50000.0,400,Buy,235351665
2024-08-28 11:00:58,50000.0,500,Buy,235351662
2024-08-28 11:00:58,50000.0,200,Buy,235351656
2024-08-28 11:00:58,50000.0,1000,Buy,235351661
2024-08-28 11:00:58,50000.0,100,Buy,235351654
2024-08-28 11:00:58,50000.0,400,Buy,235351655
2024-08-28 11:00:58,50000.0,100,Buy,235351646
2024-08-28 11:00:58,50000.0,200,Buy,235351647
2024-08-28 11:00:58,50000.0,700,Buy,235351648
2024-08-28 11:00:58,50000.0,500,Buy,235351649
2024-08-28 11:00:58,50000.0,100,Buy,235351660
2024-08-28 11:00:58,50000.0,1000,Buy,235351650
2024-08-28 11:00:58,50000.0,100,Buy,235351652
2024-08-28 11:00:58,50000.0,2000,Buy,235351653
2024-08-28 11:00:58,50000.0,300,Buy,235351651
2024-08-28 11:01:00,50100.0,100,Buy,235351713
2024-08-28 11:01:00,50100.0,900,Buy,235351714
2024-08-28 11:01:08,50100.0,100,Buy,235351878
2024-08-28 11:01:08,50100.0,500,Buy,235351879
2024-08-28 11:01:08,50100.0,100,Buy,235351880
2024-08-28 11:01:08,50100.0,2000,Buy,235351881
2024-08-28 11:01:08,50100.0,1000,Buy,235351882
2024-08-28 11:01:10,50200.0,100,Buy,235351906
2024-08-28 11:01:10,50200.0,500,Buy,235351905
2024-08-28 11:01:10,50200.0,100,Buy,235351903
2024-08-28 11:01:10,50200.0,100,Buy,235351902
2024-08-28 11:01:10,50200.0,100,Buy,235351901
2024-08-28 11:01:10,50200.0,100,Buy,235351904
2024-08-28 11:01:24,50200.0,1600,Buy,235352298
2024-08-28 11:01:30,50300.0,100,Buy,235352526
2024-08-28 11:01:30,50300.0,800,Buy,235352528
2024-08-28 11:01:30,50300.0,100,Buy,235352527
2024-08-28 11:01:30,50200.0,100,Buy,235352525
2024-08-28 11:01:30,50200.0,100,Buy,235352521
2024-08-28 11:01:30,50200.0,500,Buy,235352523
2024-08-28 11:01:30,50200.0,100,Buy,235352522
2024-08-28 11:01:30,50200.0,1000,Buy,235352524
2024-08-28 11:01:30,50200.0,1300,Buy,235352520
2024-08-28 11:01:32,50300.0,100,Buy,235352577
2024-08-28 11:01:52,50300.0,100,Buy,235353182
2024-08-28 11:02:06,50300.0,1000,Buy,235354148
2024-08-28 11:02:06,50300.0,100,Buy,235354149
2024-08-28 11:02:06,50300.0,400,Buy,235354150
2024-08-28 11:02:08,50200.0,2000,Sell,235354200
2024-08-28 11:02:10,50200.0,400,Sell,235354249
2024-08-28 11:02:17,50200.0,1000,Sell,235354603
2024-08-28 11:02:33,50200.0,500,Buy,235355275
2024-08-28 11:02:33,50200.0,500,Buy,235355274
2024-08-28 11:02:41,50200.0,200,Buy,235355689
2024-08-28 11:03:08,50200.0,300,Buy,235357247
2024-08-28 11:03:08,50200.0,700,Buy,235357246
2024-08-28 11:03:17,50100.0,600,Sell,235357847
2024-08-28 11:03:17,50100.0,28100,Sell,235357848
2024-08-28 11:03:29,50000.0,200,Sell,235358537
2024-08-28 11:04:02,50000.0,1000,Buy,235360597
2024-08-28 11:04:08,49950.0,500,Sell,235360809
2024-08-28 11:04:12,49950.0,1000,Sell,235360986
2024-08-28 11:04:14,49950.0,500,Sell,235361038
2024-08-28 11:04:19,49900.0,500,Sell,235361302
2024-08-28 11:04:19,49900.0,300,Sell,235361303
2024-08-28 11:04:24,49900.0,700,Sell,235361632
2024-08-28 11:04:24,49900.0,100,Sell,235361640
2024-08-28 11:04:36,49800.0,200,Sell,235362309
2024-08-28 11:04:42,49800.0,2700,Sell,235362660
2024-08-28 11:04:42,49800.0,1300,Sell,235362659
2024-08-28 11:04:50,49900.0,100,Buy,235363081
2024-08-28 11:04:54,49700.0,500,Sell,235363225
2024-08-28 11:04:54,49700.0,1200,Sell,235363226
2024-08-28 11:04:54,49700.0,100,Sell,235363227
2024-08-28 11:04:54,49700.0,1000,Sell,235363224
2024-08-28 11:05:02,49800.0,500,Buy,235363573
2024-08-28 11:05:03,49800.0,500,Buy,235363648
2024-08-28 11:05:03,49800.0,400,Buy,235363649
2024-08-28 11:05:44,49800.0,100,Sell,235365970
2024-08-28 11:05:51,49800.0,400,Buy,235366415
2024-08-28 11:06:00,49700.0,100,Sell,235366884
2024-08-28 11:06:00,49700.0,500,Sell,235366883
2024-08-28 11:06:00,49800.0,600,Sell,235366878
2024-08-28 11:06:00,49750.0,100,Sell,235366880
2024-08-28 11:06:00,49750.0,300,Sell,235366879
2024-08-28 11:06:00,49700.0,100,Sell,235366881
2024-08-28 11:06:00,49700.0,100,Sell,235366882
2024-08-28 11:06:10,49700.0,6200,Buy,235367538
2024-08-28 11:06:28,49800.0,500,Buy,235368680
2024-08-28 11:06:47,49800.0,100,Buy,235370079
2024-08-28 11:06:47,49800.0,400,Buy,235370078
2024-08-28 11:07:06,49700.0,1000,Sell,235371639
2024-08-28 11:07:22,49700.0,1000,Sell,235372924
2024-08-28 11:08:00,49700.0,1000,Sell,235376135
2024-08-28 11:08:08,49700.0,2000,Sell,235376794
2024-08-28 11:08:20,49700.0,800,Sell,235378087
2024-08-28 11:08:20,49700.0,1200,Sell,235378088
2024-08-28 11:08:20,49700.0,1000,Sell,235378089
2024-08-28 11:08:20,49700.0,500,Sell,235378090
2024-08-28 11:08:20,49700.0,300,Sell,235378091
2024-08-28 11:08:20,49700.0,500,Sell,235378092
2024-08-28 11:08:30,49650.0,400,Sell,235379160
2024-08-28 11:08:42,49700.0,2300,Buy,235380316
2024-08-28 11:08:42,49700.0,700,Buy,235380315
2024-08-28 11:08:42,49650.0,100,Sell,235380313
2024-08-28 11:08:42,49650.0,500,Sell,235380314
2024-08-28 11:08:42,49650.0,200,Sell,235380311
2024-08-28 11:08:42,49650.0,100,Sell,235380308
2024-08-28 11:08:42,49650.0,300,Sell,235380310
2024-08-28 11:08:42,49650.0,500,Sell,235380309
2024-08-28 11:08:42,49650.0,300,Sell,235380312
2024-08-28 11:08:47,49650.0,600,Sell,235380842
2024-08-28 11:08:51,49650.0,100,Sell,235381180
2024-08-28 11:08:52,49600.0,200,Sell,235381275
2024-08-28 11:08:52,49600.0,13500,Sell,235381276
2024-08-28 11:08:52,49650.0,300,Sell,235381273
2024-08-28 11:08:52,49600.0,1000,Sell,235381274
2024-08-28 11:09:04,49600.0,900,Sell,235382449
2024-08-28 11:09:07,49600.0,100,Sell,235382656
2024-08-28 11:09:14,49650.0,2400,Buy,235383375
2024-08-28 11:09:15,49600.0,500,Sell,235383536
2024-08-28 11:09:22,49600.0,100,Sell,235384475
2024-08-28 11:09:31,49600.0,400,Sell,235385381
2024-08-28 11:09:43,49600.0,400,Sell,235386651
2024-08-28 11:09:56,49600.0,100,Sell,235387711
2024-08-28 11:09:56,49600.0,500,Sell,235387710
2024-08-28 11:09:56,49600.0,100,Sell,235387706
2024-08-28 11:09:56,49600.0,100,Sell,235387708
2024-08-28 11:09:56,49600.0,500,Sell,235387707
2024-08-28 11:09:56,49600.0,200,Sell,235387709
2024-08-28 11:10:27,49650.0,100,Buy,235391033
2024-08-28 11:10:28,49600.0,300,Sell,235391147
2024-08-28 11:10:28,49600.0,1000,Sell,235391148
2024-08-28 11:10:28,49600.0,600,Sell,235391149
2024-08-28 11:10:28,49600.0,5100,Sell,235391150
2024-08-28 11:10:29,49600.0,100,Sell,235391291
2024-08-28 11:10:47,49600.0,500,Sell,235393091
2024-08-28 11:10:50,49600.0,1000,Sell,235393363
2024-08-28 11:10:51,49600.0,3300,Sell,235393448
2024-08-28 11:10:51,49600.0,500,Sell,235393449
2024-08-28 11:10:51,49600.0,1200,Sell,235393450
2024-08-28 11:10:52,49600.0,800,Sell,235393541
2024-08-28 11:10:52,49600.0,200,Sell,235393542
2024-08-28 11:10:57,49700.0,2700,Buy,235394174
2024-08-28 11:10:57,49700.0,700,Buy,235394171
2024-08-28 11:10:57,49700.0,100,Buy,235394172
2024-08-28 11:10:57,49700.0,1000,Buy,235394173
2024-08-28 11:11:06,49600.0,14800,Sell,235394844
2024-08-28 11:11:06,49600.0,100,Sell,235394845
2024-08-28 11:11:06,49600.0,5000,Sell,235394846
2024-08-28 11:11:06,49600.0,100,Sell,235394847
2024-08-28 11:11:14,49600.0,200,Sell,235395484
2024-08-28 11:11:30,49600.0,700,Sell,235396736
2024-08-28 11:11:30,49600.0,200,Sell,235396737
2024-08-28 11:11:30,49600.0,1000,Sell,235396738
2024-08-28 11:11:30,49600.0,100,Sell,235396739
2024-08-28 11:11:37,49600.0,4000,Sell,235397343
2024-08-28 11:11:40,49600.0,100,Sell,235397583
2024-08-28 11:12:10,49600.0,700,Sell,235399654
2024-08-28 11:12:10,49600.0,300,Sell,235399655
2024-08-28 11:12:13,49600.0,100,Sell,235399879
2024-08-28 11:12:18,49600.0,600,Sell,235400113
2024-08-28 11:12:21,49600.0,500,Sell,235400337
2024-08-28 11:12:21,49600.0,4000,Sell,235400336
2024-08-28 11:12:38,49550.0,100,Sell,235401465
2024-08-28 11:12:39,49600.0,1000,Buy,235401482
2024-08-28 11:12:42,49600.0,3000,Buy,235401671
2024-08-28 11:12:58,49600.0,1000,Buy,235402484
2024-08-28 11:13:13,49600.0,100,Buy,235403376
2024-08-28 11:13:27,49600.0,3400,Buy,235404064
2024-08-28 11:13:27,49600.0,1600,Buy,235404065
2024-08-28 11:13:29,49600.0,1000,Buy,235404103
2024-08-28 11:13:29,49600.0,2000,Buy,235404134
2024-08-28 11:13:32,49600.0,400,Buy,235404232
2024-08-28 11:13:32,49600.0,100,Buy,235404233
2024-08-28 11:13:33,49600.0,2000,Buy,235404299
2024-08-28 11:13:35,49550.0,500,Sell,235404365
2024-08-28 11:13:42,49550.0,100,Sell,235404692
2024-08-28 11:13:42,49550.0,500,Sell,235404691
2024-08-28 11:13:42,49550.0,500,Sell,235404694
2024-08-28 11:13:42,49550.0,1000,Sell,235404689
2024-08-28 11:13:42,49550.0,100,Sell,235404690
2024-08-28 11:13:42,49550.0,100,Sell,235404693
2024-08-28 11:13:42,49550.0,500,Sell,235404688
2024-08-28 11:13:56,49600.0,3000,Buy,235405222
2024-08-28 11:13:57,49600.0,1000,Buy,235405271
2024-08-28 11:14:02,49600.0,200,Buy,235405470
2024-08-28 11:14:03,49600.0,1300,Buy,235405540
2024-08-28 11:14:04,49600.0,400,Buy,235405651
2024-08-28 11:14:04,49600.0,2000,Buy,235405652
2024-08-28 11:14:11,49600.0,500,Sell,235405918
2024-08-28 11:14:21,49650.0,200,Buy,235406401
2024-08-28 11:14:21,49650.0,300,Buy,235406402
2024-08-28 11:14:54,49600.0,100,Sell,235407605
2024-08-28 11:14:54,49600.0,900,Sell,235407606
2024-08-28 11:15:32,49650.0,500,Sell,235408859
2024-08-28 11:15:49,49700.0,100,Buy,235409395
2024-08-28 11:15:50,49650.0,1000,Sell,235409457
2024-08-28 11:16:30,49700.0,100,Buy,235410870
2024-08-28 11:16:30,49700.0,600,Buy,235410855
2024-08-28 11:16:30,49700.0,300,Buy,235410854
2024-08-28 11:16:38,49700.0,500,Buy,235411143
2024-08-28 11:16:41,49700.0,400,Buy,235411201
2024-08-28 11:16:41,49700.0,2000,Buy,235411202
2024-08-28 11:16:41,49700.0,400,Buy,235411203
2024-08-28 11:16:41,49700.0,400,Buy,235411204
2024-08-28 11:16:41,49700.0,800,Buy,235411200
2024-08-28 11:17:09,49700.0,500,Sell,235412142
2024-08-28 11:18:48,49700.0,200,Sell,235415327
2024-08-28 11:18:48,49700.0,100,Sell,235415328
2024-08-28 11:18:48,49650.0,600,Sell,235415329
2024-08-28 11:18:48,49650.0,4000,Sell,235415330
2024-08-28 11:18:48,49650.0,100,Sell,235415331
2024-08-28 11:18:48,49650.0,1000,Sell,235415332
2024-08-28 11:18:48,49700.0,500,Sell,235415326
2024-08-28 11:18:55,49650.0,100,Buy,235415572
2024-08-28 11:18:58,49650.0,3000,Buy,235415649
2024-08-28 11:19:14,49650.0,1000,Buy,235416147
2024-08-28 11:19:32,49650.0,400,Buy,235416709
2024-08-28 11:19:32,49650.0,500,Buy,235416710
2024-08-28 11:19:32,49650.0,700,Buy,235416711
2024-08-28 11:19:32,49650.0,2400,Buy,235416708
2024-08-28 11:20:13,49650.0,100,Buy,235417982
2024-08-28 11:20:25,49600.0,300,Sell,235418343
2024-08-28 11:20:25,49600.0,100,Sell,235418341
2024-08-28 11:20:25,49600.0,2000,Sell,235418342
2024-08-28 11:20:25,49600.0,100,Sell,235418339
2024-08-28 11:20:25,49600.0,300,Sell,235418338
2024-08-28 11:20:25,49600.0,100,Sell,235418340
2024-08-28 11:20:57,49550.0,2700,Sell,235419167
2024-08-28 11:20:57,49550.0,100,Sell,235419166
2024-08-28 11:20:57,49550.0,500,Sell,235419165
2024-08-28 11:20:57,49550.0,500,Sell,235419164
2024-08-28 11:20:57,49550.0,500,Sell,235419163
2024-08-28 11:20:57,49550.0,5000,Sell,235419162
2024-08-28 11:20:57,49550.0,500,Sell,235419161
2024-08-28 11:20:57,49550.0,300,Sell,235419159
2024-08-28 11:20:57,49550.0,500,Sell,235419155
2024-08-28 11:20:57,49550.0,200,Sell,235419156
2024-08-28 11:20:57,49550.0,2000,Sell,235419160
2024-08-28 11:20:57,49550.0,200,Sell,235419158
2024-08-28 11:20:57,49550.0,100,Sell,235419157
2024-08-28 11:21:11,49600.0,100,Buy,235419604
2024-08-28 11:21:28,49550.0,400,Sell,235420300
2024-08-28 11:21:28,49550.0,400,Sell,235420313
2024-08-28 11:21:33,49550.0,2100,Sell,235420475
2024-08-28 11:21:37,49600.0,400,Buy,235420561
2024-08-28 11:21:37,49650.0,800,Buy,235420562
2024-08-28 11:21:37,49650.0,100,Buy,235420563
2024-08-28 11:21:37,49700.0,100,Buy,235420564
2024-08-28 11:21:37,49750.0,100,Buy,235420565
2024-08-28 11:21:37,49800.0,10000,Buy,235420566
2024-08-28 11:21:37,49800.0,1000,Buy,235420567
2024-08-28 11:21:37,49850.0,5000,Buy,235420568
2024-08-28 11:21:37,49900.0,500,Buy,235420569
2024-08-28 11:21:37,49900.0,2000,Buy,235420570
2024-08-28 11:25:29,49700.0,100,Buy,235426755
2024-08-28 11:27:11,49700.0,100,Buy,235429162
2024-08-28 11:27:45,49600.0,400,Sell,235430008
2024-08-28 11:28:39,49600.0,400,Sell,235431488
2024-08-28 11:29:07,49600.0,100,Sell,235432132
2024-08-28 11:29:07,49600.0,300,Sell,235432133
2024-08-28 11:29:17,49600.0,400,Sell,235432494
2024-08-28 11:29:18,49600.0,1300,Sell,235432547
2024-08-28 11:29:18,49600.0,200,Sell,235432548
2024-08-28 11:29:18,49600.0,2700,Sell,235432549
2024-08-28 13:00:03,49600.0,800,Buy,235433689
2024-08-28 13:00:03,49650.0,100,Buy,235433690
2024-08-28 13:00:03,49700.0,4100,Buy,235433691
2024-08-28 13:00:05,49550.0,100,Sell,235435217
2024-08-28 13:00:05,49600.0,500,Buy,235435218
2024-08-28 13:00:07,49600.0,500,Buy,235435978
2024-08-28 13:00:09,49600.0,500,Sell,235436718
2024-08-28 13:00:20,49600.0,100,Buy,235438654
2024-08-28 13:00:26,49550.0,100,Sell,235438979
2024-08-28 13:00:40,49550.0,100,Sell,235440031
2024-08-28 13:00:40,49550.0,100,Sell,235440032
2024-08-28 13:00:40,49550.0,200,Sell,235440033
2024-08-28 13:01:21,49500.0,1000,Sell,235441287
2024-08-28 13:01:21,49500.0,600,Sell,235441288
2024-08-28 13:01:50,49500.0,100,Sell,235442133
2024-08-28 13:01:50,49500.0,500,Sell,235442132
2024-08-28 13:01:50,49500.0,200,Sell,235442131
2024-08-28 13:01:50,49500.0,500,Sell,235442130
2024-08-28 13:01:50,49500.0,1000,Sell,235442129
2024-08-28 13:01:50,49500.0,100,Sell,235442128
2024-08-28 13:01:50,49500.0,100,Sell,235442126
2024-08-28 13:01:50,49500.0,1100,Sell,235442125
2024-08-28 13:01:50,49500.0,300,Sell,235442124
2024-08-28 13:01:50,49500.0,400,Sell,235442122
2024-08-28 13:01:50,49500.0,200,Sell,235442121
2024-08-28 13:01:50,49500.0,500,Sell,235442120
2024-08-28 13:01:50,49500.0,100,Sell,235442119
2024-08-28 13:01:50,49500.0,1000,Sell,235442118
2024-08-28 13:01:50,49500.0,10000,Sell,235442117
2024-08-28 13:01:50,49500.0,100,Sell,235442116
2024-08-28 13:01:50,49500.0,400,Sell,235442115
2024-08-28 13:01:50,49500.0,200,Sell,235442123
2024-08-28 13:02:47,49500.0,100,Sell,235443628
2024-08-28 13:02:59,49500.0,100,Sell,235443997
2024-08-28 13:02:59,49500.0,100,Sell,235443998
2024-08-28 13:02:59,49500.0,200,Sell,235443999
2024-08-28 13:02:59,49500.0,100,Sell,235444000
2024-08-28 13:02:59,49500.0,1400,Sell,235444001
2024-08-28 13:02:59,49500.0,600,Sell,235443996
2024-08-28 13:03:12,49550.0,300,Buy,235444472
2024-08-28 13:03:13,49500.0,200,Sell,235444496
2024-08-28 13:03:40,49550.0,200,Buy,235445254
2024-08-28 13:03:40,49550.0,2400,Buy,235445253
2024-08-28 13:03:40,49550.0,400,Buy,235445255
2024-08-28 13:04:41,49550.0,100,Sell,235447004
2024-08-28 13:04:44,49550.0,100,Sell,235447111
2024-08-28 13:05:07,49550.0,500,Sell,235447694
2024-08-28 13:05:07,49550.0,300,Sell,235447695
2024-08-28 13:05:24,49600.0,400,Buy,235448279
2024-08-28 13:05:39,49600.0,200,Buy,235448707
2024-08-28 13:05:39,49600.0,1000,Buy,235448708
2024-08-28 13:05:39,49600.0,500,Buy,235448709
2024-08-28 13:05:39,49600.0,3300,Buy,235448710
2024-08-28 13:05:48,49600.0,1900,Buy,235448962
2024-08-28 13:05:48,49600.0,2100,Buy,235448963
2024-08-28 13:05:53,49600.0,200,Buy,235449123
2024-08-28 13:05:53,49600.0,100,Buy,235449131
2024-08-28 13:06:12,49600.0,200,Buy,235449621
2024-08-28 13:06:22,49600.0,100,Buy,235449955
2024-08-28 13:06:22,49600.0,900,Buy,235449956
2024-08-28 13:06:34,49600.0,300,Buy,235450227
2024-08-28 13:06:34,49600.0,200,Buy,235450226
2024-08-28 13:06:34,49600.0,1000,Buy,235450225
2024-08-28 13:06:34,49600.0,500,Buy,235450223
2024-08-28 13:06:34,49600.0,200,Buy,235450222
2024-08-28 13:06:34,49600.0,500,Buy,235450224
2024-08-28 13:06:35,49600.0,400,Buy,235450240
2024-08-28 13:06:36,49600.0,300,Buy,235450270
2024-08-28 13:06:36,49600.0,1000,Buy,235450271
2024-08-28 13:07:56,49600.0,1000,Sell,235452152
2024-08-28 13:07:59,49600.0,1700,Sell,235452199
2024-08-28 13:07:59,49600.0,100,Sell,235452200
2024-08-28 13:07:59,49600.0,1000,Sell,235452201
2024-08-28 13:08:12,49550.0,100,Sell,235452550
2024-08-28 13:08:20,49600.0,100,Buy,235452760
2024-08-28 13:10:34,49600.0,2000,Buy,235456224
2024-08-28 13:11:06,49600.0,1000,Buy,235456979
2024-08-28 13:11:06,49600.0,100,Buy,235456982
2024-08-28 13:12:03,49600.0,200,Buy,235458340
2024-08-28 13:12:41,49600.0,1000,Buy,235459198
2024-08-28 13:12:51,49600.0,1000,Buy,235459482
2024-08-28 13:12:56,49600.0,1000,Buy,235459574
2024-08-28 13:12:56,49600.0,900,Buy,235459553
2024-08-28 13:13:34,49600.0,5000,Buy,235460541
2024-08-28 13:13:56,49600.0,500,Buy,235461029
2024-08-28 13:14:06,49550.0,100,Sell,235461358
2024-08-28 13:15:09,49550.0,1000,Sell,235463030
2024-08-28 13:15:27,49550.0,300,Sell,235463429
2024-08-28 13:15:48,49550.0,600,Sell,235463913
2024-08-28 13:15:48,49550.0,100,Sell,235463914
2024-08-28 13:16:20,49550.0,100,Sell,235464734
2024-08-28 13:16:20,49550.0,2900,Sell,235464735
2024-08-28 13:16:38,49600.0,100,Buy,235465060
2024-08-28 13:16:50,49550.0,2000,Sell,235465373
2024-08-28 13:17:08,49600.0,2000,Buy,235465793
2024-08-28 13:17:13,49600.0,7900,Buy,235465946
2024-08-28 13:17:24,49600.0,1000,Buy,235466243
2024-08-28 13:17:47,49600.0,3400,Buy,235466796
2024-08-28 13:17:48,49600.0,200,Sell,235466824
2024-08-28 13:19:12,49600.0,100,Sell,235468730
2024-08-28 13:19:38,49650.0,1000,Buy,235469192
2024-08-28 13:19:38,49650.0,1000,Buy,235469193
2024-08-28 13:19:38,49650.0,200,Buy,235469194
2024-08-28 13:19:38,49650.0,400,Buy,235469195
2024-08-28 13:19:44,49650.0,100,Buy,235469356
2024-08-28 13:20:19,49650.0,100,Buy,235470086
2024-08-28 13:20:44,49650.0,200,Sell,235470522
2024-08-28 13:20:44,49650.0,100,Sell,235470523
2024-08-28 13:20:44,49650.0,100,Sell,235470524
2024-08-28 13:21:18,49600.0,300,Sell,235471275
2024-08-28 13:21:18,49600.0,1200,Sell,235471276
2024-08-28 13:21:18,49600.0,500,Sell,235471277
2024-08-28 13:21:26,49600.0,400,Sell,235471453
2024-08-28 13:21:26,49600.0,100,Sell,235471451
2024-08-28 13:21:26,49600.0,200,Sell,235471452
2024-08-28 13:22:39,49600.0,200,Buy,235473011
2024-08-28 13:22:40,49550.0,200,Sell,235473037
2024-08-28 13:22:40,49550.0,100,Sell,235473036
2024-08-28 13:22:40,49550.0,100,Sell,235473033
2024-08-28 13:22:40,49550.0,1000,Sell,235473034
2024-08-28 13:22:40,49550.0,600,Sell,235473035
2024-08-28 13:22:42,49600.0,100,Buy,235473079
2024-08-28 13:22:42,49600.0,900,Buy,235473080
2024-08-28 13:22:50,49600.0,900,Buy,235473238
2024-08-28 13:23:10,49600.0,10000,Buy,235473681
2024-08-28 13:23:26,49600.0,5000,Buy,235474034
2024-08-28 13:24:02,49600.0,100,Buy,235474741
2024-08-28 13:24:29,49600.0,100,Buy,235475398
2024-08-28 13:24:31,49600.0,100,Buy,235475459
2024-08-28 13:25:02,49600.0,2900,Buy,235476230
2024-08-28 13:25:02,49600.0,100,Buy,235476231
2024-08-28 13:25:02,49600.0,400,Buy,235476232
2024-08-28 13:25:02,49600.0,1800,Buy,235476233
2024-08-28 13:25:34,49600.0,100,Sell,235477086
2024-08-28 13:25:34,49600.0,1000,Sell,235477085
2024-08-28 13:25:34,49600.0,100,Sell,235477084
2024-08-28 13:25:34,49600.0,800,Sell,235477083
2024-08-28 13:26:31,49650.0,1800,Buy,235478837
2024-08-28 13:26:31,49650.0,2000,Buy,235478838
2024-08-28 13:26:31,49650.0,200,Buy,235478839
2024-08-28 13:26:31,49650.0,6000,Buy,235478840
2024-08-28 13:26:44,49650.0,300,Buy,235479328
2024-08-28 13:27:11,49650.0,500,Buy,235480565
2024-08-28 13:27:22,49600.0,5000,Sell,235481102
2024-08-28 13:27:22,49600.0,2100,Sell,235481103
2024-08-28 13:27:22,49600.0,500,Sell,235481104
2024-08-28 13:27:51,49650.0,2200,Buy,235482322
2024-08-28 13:27:51,49650.0,100,Buy,235482323
2024-08-28 13:28:00,49650.0,100,Sell,235482661
2024-08-28 13:28:04,49600.0,1600,Sell,235483058
2024-08-28 13:28:04,49600.0,500,Sell,235483057
2024-08-28 13:28:04,49650.0,900,Sell,235483056
2024-08-28 13:28:05,49700.0,100,Buy,235483155
2024-08-28 13:28:11,49700.0,100,Buy,235483364
2024-08-28 13:28:44,49650.0,1000,Sell,235484885
2024-08-28 13:30:10,49700.0,3000,Buy,235489465
2024-08-28 13:30:40,49700.0,500,Buy,235490757
2024-08-28 13:30:40,49700.0,1000,Buy,235490758
2024-08-28 13:30:40,49700.0,500,Buy,235490759
2024-08-28 13:30:45,49650.0,500,Sell,235490953
2024-08-28 13:31:32,49700.0,1500,Buy,235492627
2024-08-28 13:31:32,49700.0,500,Buy,235492628
2024-08-28 13:31:32,49700.0,100,Buy,235492629
2024-08-28 13:31:32,49700.0,1000,Buy,235492630
2024-08-28 13:31:32,49700.0,100,Buy,235492631
2024-08-28 13:31:32,49700.0,11900,Buy,235492632
2024-08-28 13:31:32,49700.0,100,Buy,235492633
2024-08-28 13:31:37,49750.0,500,Buy,235492794
2024-08-28 13:31:37,49750.0,100,Buy,235492792
2024-08-28 13:31:37,49750.0,1000,Buy,235492793
2024-08-28 13:32:37,49750.0,1000,Sell,235494898
2024-08-28 13:32:37,49750.0,1000,Sell,235494899
2024-08-28 13:32:37,49750.0,100,Sell,235494900
2024-08-28 13:32:37,49750.0,200,Sell,235494904
2024-08-28 13:32:37,49750.0,400,Sell,235494897
2024-08-28 13:33:10,49700.0,100,Sell,235496072
2024-08-28 13:33:32,49750.0,400,Buy,235496816
2024-08-28 13:34:27,49750.0,500,Buy,235498753
2024-08-28 13:34:49,49700.0,2500,Sell,235499368
2024-08-28 13:35:01,49700.0,2200,Sell,235499652
2024-08-28 13:35:01,49700.0,200,Sell,235499653
2024-08-28 13:35:01,49700.0,400,Sell,235499654
2024-08-28 13:35:01,49700.0,100,Sell,235499655
2024-08-28 13:35:01,49700.0,100,Sell,235499656
2024-08-28 13:35:20,49700.0,200,Sell,235500181
2024-08-28 13:35:20,49700.0,100,Sell,235500180
2024-08-28 13:35:20,49700.0,200,Sell,235500179
2024-08-28 13:36:12,49650.0,100,Sell,235501449
2024-08-28 13:36:12,49650.0,2000,Sell,235501448
2024-08-28 13:36:12,49700.0,100,Sell,235501444
2024-08-28 13:36:12,49650.0,3400,Sell,235501446
2024-08-28 13:36:12,49700.0,300,Sell,235501445
2024-08-28 13:36:12,49650.0,1000,Sell,235501447
2024-08-28 13:36:13,49650.0,1000,Sell,235501453
2024-08-28 13:36:13,49650.0,100,Sell,235501454
2024-08-28 13:36:13,49650.0,100,Sell,235501455
2024-08-28 13:36:13,49650.0,100,Sell,235501457
2024-08-28 13:36:13,49650.0,100,Sell,235501458
2024-08-28 13:36:13,49650.0,200,Sell,235501459
2024-08-28 13:36:13,49650.0,100,Sell,235501460
2024-08-28 13:36:13,49650.0,1000,Sell,235501461
2024-08-28 13:36:13,49650.0,100,Sell,235501462
2024-08-28 13:36:13,49650.0,200,Sell,235501463
2024-08-28 13:36:13,49650.0,100,Sell,235501456
2024-08-28 13:36:45,49700.0,5000,Sell,235502451
2024-08-28 13:36:51,49700.0,300,Sell,235502601
2024-08-28 13:36:59,49700.0,400,Sell,235502747
2024-08-28 13:36:59,49700.0,100,Sell,235502746
2024-08-28 13:38:20,49700.0,200,Buy,235504653
2024-08-28 13:38:26,49700.0,100,Buy,235504798
2024-08-28 13:38:26,49700.0,200,Sell,235504800
2024-08-28 13:39:17,49700.0,300,Buy,235505817
2024-08-28 13:39:17,49700.0,500,Buy,235505818
2024-08-28 13:39:31,49700.0,100,Sell,235506118
2024-08-28 13:39:33,49700.0,100,Buy,235506143
2024-08-28 13:39:40,49700.0,100,Buy,235506269
2024-08-28 13:40:12,49700.0,400,Sell,235506834
2024-08-28 13:40:12,49700.0,200,Sell,235506835
2024-08-28 13:40:12,49700.0,400,Sell,235506833
2024-08-28 13:41:40,49700.0,100,Sell,235508618
2024-08-28 13:41:56,49750.0,100,Buy,235508984
2024-08-28 13:41:56,49750.0,100,Buy,235508985
2024-08-28 13:41:56,49750.0,400,Buy,235508986
2024-08-28 13:43:24,49750.0,500,Buy,235510810
2024-08-28 13:43:24,49750.0,1600,Buy,235510808
2024-08-28 13:43:24,49750.0,5000,Buy,235510809
2024-08-28 13:43:35,49750.0,3600,Sell,235511094
2024-08-28 13:43:35,49750.0,400,Sell,235511095
2024-08-28 13:44:11,49750.0,1000,Buy,235511732
2024-08-28 13:44:13,49750.0,100,Buy,235511781
2024-08-28 13:45:02,49750.0,500,Buy,235512853
2024-08-28 13:45:18,49750.0,400,Buy,235513293
2024-08-28 13:45:18,49750.0,100,Buy,235513294
2024-08-28 13:46:37,49700.0,600,Sell,235515050
2024-08-28 13:46:37,49700.0,100,Sell,235515049
2024-08-28 13:46:37,49700.0,100,Sell,235515048
2024-08-28 13:46:37,49700.0,100,Sell,235515044
2024-08-28 13:46:37,49700.0,400,Sell,235515043
2024-08-28 13:46:37,49700.0,400,Sell,235515042
2024-08-28 13:46:37,49700.0,400,Sell,235515041
2024-08-28 13:46:37,49700.0,500,Sell,235515039
2024-08-28 13:46:37,49700.0,400,Sell,235515040
2024-08-28 13:46:37,49700.0,100,Sell,235515037
2024-08-28 13:46:37,49700.0,100,Sell,235515036
2024-08-28 13:46:37,49700.0,400,Sell,235515035
2024-08-28 13:46:37,49700.0,200,Sell,235515034
2024-08-28 13:46:37,49700.0,100,Sell,235515033
2024-08-28 13:46:37,49700.0,400,Sell,235515032
2024-08-28 13:46:37,49700.0,400,Sell,235515031
2024-08-28 13:46:37,49700.0,100,Sell,235515030
2024-08-28 13:46:37,49700.0,200,Sell,235515038
2024-08-28 13:48:03,49700.0,100,Sell,235517180
2024-08-28 13:48:05,49750.0,500,Buy,235517220
2024-08-28 13:48:05,49750.0,100,Buy,235517221
2024-08-28 13:48:05,49750.0,200,Buy,235517222
2024-08-28 13:48:05,49750.0,200,Buy,235517219
2024-08-28 13:48:50,49750.0,500,Buy,235518195
2024-08-28 13:48:58,49750.0,300,Buy,235518332
2024-08-28 13:48:58,49750.0,200,Buy,235518333
2024-08-28 13:49:32,49750.0,500,Buy,235519079
2024-08-28 13:49:32,49750.0,300,Buy,235519077
2024-08-28 13:49:32,49750.0,200,Buy,235519078
2024-08-28 13:49:37,49750.0,500,Buy,235519198
2024-08-28 13:49:40,49750.0,100,Buy,235519306
2024-08-28 13:49:40,49750.0,700,Buy,235519305
2024-08-28 13:51:43,49800.0,1000,Buy,235523421
2024-08-28 13:51:43,49800.0,600,Buy,235523422
2024-08-28 13:51:44,49800.0,400,Buy,235523489
2024-08-28 13:52:07,49800.0,100,Buy,235524362
2024-08-28 13:52:07,49800.0,600,Buy,235524363
2024-08-28 13:52:07,49800.0,2000,Buy,235524364
2024-08-28 13:52:07,49800.0,2000,Buy,235524365
2024-08-28 13:52:07,49800.0,2500,Buy,235524366
2024-08-28 13:52:07,49800.0,300,Buy,235524367
2024-08-28 13:52:07,49800.0,500,Buy,235524368
2024-08-28 13:52:20,49800.0,200,Buy,235524932
2024-08-28 13:52:20,49800.0,200,Buy,235524933
2024-08-28 13:52:38,49800.0,100,Sell,235525617
2024-08-28 13:52:39,49800.0,100,Sell,235525658
2024-08-28 13:53:32,49800.0,500,Sell,235527312
2024-08-28 13:53:34,49850.0,100,Buy,235527342
2024-08-28 13:54:49,49850.0,1000,Buy,235529274
2024-08-28 13:54:49,49850.0,200,Buy,235529275
2024-08-28 13:54:49,49850.0,500,Buy,235529276
2024-08-28 13:54:49,49850.0,200,Buy,235529277
2024-08-28 13:55:30,49850.0,100,Sell,235530349
2024-08-28 13:55:33,49850.0,100,Sell,235530407
2024-08-28 13:55:54,49850.0,100,Buy,235530964
2024-08-28 13:56:07,49800.0,900,Sell,235531306
2024-08-28 13:56:07,49800.0,100,Sell,235531307
2024-08-28 13:56:24,49850.0,100,Buy,235531734
2024-08-28 13:56:39,49800.0,1900,Sell,235532152
2024-08-28 13:56:39,49800.0,100,Sell,235532153
2024-08-28 13:56:41,49800.0,400,Sell,235532213
2024-08-28 13:56:46,49800.0,500,Sell,235532437
2024-08-28 13:56:52,49800.0,200,Sell,235532665
2024-08-28 13:56:52,49800.0,500,Sell,235532663
2024-08-28 13:56:52,49800.0,300,Sell,235532664
2024-08-28 13:57:05,49800.0,100,Sell,235533007
2024-08-28 13:57:05,49800.0,100,Sell,235533008
2024-08-28 13:57:05,49800.0,100,Sell,235533009
2024-08-28 13:57:05,49800.0,100,Sell,235533010
2024-08-28 13:57:05,49800.0,100,Sell,235533011
2024-08-28 13:57:17,49750.0,500,Sell,235533446
2024-08-28 13:57:34,49750.0,300,Sell,235533997
2024-08-28 13:57:34,49750.0,100,Sell,235533998
2024-08-28 13:58:08,49750.0,400,Sell,235534924
2024-08-28 13:58:08,49750.0,600,Sell,235534925
2024-08-28 13:58:22,49750.0,400,Sell,235535356
2024-08-28 13:58:58,49700.0,8300,Sell,235536378
2024-08-28 13:58:58,49700.0,1000,Sell,235536377
2024-08-28 13:58:58,49700.0,100,Sell,235536375
2024-08-28 13:58:58,49700.0,100,Sell,235536376
2024-08-28 13:58:58,49700.0,100,Sell,235536373
2024-08-28 13:58:58,49700.0,100,Sell,235536372
2024-08-28 13:58:58,49700.0,200,Sell,235536371
2024-08-28 13:58:58,49700.0,100,Sell,235536374
2024-08-28 13:59:16,49700.0,1000,Sell,235536941
2024-08-28 13:59:17,49700.0,200,Sell,235536978
2024-08-28 13:59:17,49700.0,100,Sell,235536977
2024-08-28 13:59:17,49700.0,100,Sell,235536975
2024-08-28 13:59:17,49700.0,200,Sell,235536976
2024-08-28 13:59:17,49700.0,100,Sell,235536973
2024-08-28 13:59:17,49700.0,200,Sell,235536972
2024-08-28 13:59:17,49700.0,10700,Sell,235536971
2024-08-28 13:59:17,49700.0,100,Sell,235536974
2024-08-28 13:59:18,49700.0,400,Sell,235536979
2024-08-28 13:59:18,49700.0,1000,Sell,235536980
2024-08-28 13:59:33,49700.0,400,Buy,235537312
2024-08-28 14:00:24,49700.0,7800,Buy,235538940
2024-08-28 14:01:22,49700.0,400,Buy,235540992
2024-08-28 14:03:01,49700.0,800,Buy,235544367
2024-08-28 14:03:01,49700.0,100,Buy,235544365
2024-08-28 14:03:01,49700.0,100,Buy,235544366
2024-08-28 14:03:04,49700.0,2000,Buy,235544414
2024-08-28 14:03:17,49700.0,1800,Buy,235544834
2024-08-28 14:04:01,49650.0,300,Sell,235545905
2024-08-28 14:04:01,49650.0,200,Sell,235545906
2024-08-28 14:04:22,49650.0,300,Sell,235546772
2024-08-28 14:04:22,49650.0,3000,Sell,235546773
2024-08-28 14:04:22,49650.0,1700,Sell,235546774
2024-08-28 14:04:30,49650.0,700,Sell,235546976
2024-08-28 14:04:30,49650.0,400,Sell,235546977
2024-08-28 14:04:30,49650.0,400,Sell,235546978
2024-08-28 14:04:34,49650.0,100,Buy,235547071
2024-08-28 14:05:00,49650.0,400,Buy,235548009
2024-08-28 14:05:02,49600.0,400,Sell,235548057
2024-08-28 14:05:04,49600.0,100,Sell,235548114
2024-08-28 14:05:24,49600.0,2200,Sell,235548631
2024-08-28 14:05:35,49600.0,300,Sell,235548891
2024-08-28 14:05:36,49650.0,2900,Buy,235548919
2024-08-28 14:06:18,49650.0,600,Sell,235550070
2024-08-28 14:07:07,49650.0,1000,Sell,235551295
2024-08-28 14:08:09,49700.0,5000,Buy,235552880
2024-08-28 14:08:59,49700.0,400,Buy,235554193
2024-08-28 14:08:59,49700.0,100,Buy,235554194
2024-08-28 14:09:07,49700.0,100,Buy,235554449
2024-08-28 14:09:11,49700.0,500,Buy,235554591
2024-08-28 14:09:17,49700.0,100,Buy,235554853
2024-08-28 14:09:17,49700.0,300,Buy,235554854
2024-08-28 14:09:23,49700.0,100,Sell,235555004
2024-08-28 14:09:44,49700.0,400,Sell,235555550
2024-08-28 14:09:44,49700.0,400,Sell,235555551
2024-08-28 14:09:44,49700.0,200,Sell,235555552
2024-08-28 14:11:03,49750.0,500,Buy,235557453
2024-08-28 14:11:12,49750.0,100,Buy,235557659
2024-08-28 14:11:20,49750.0,200,Buy,235557850
2024-08-28 14:11:20,49750.0,1000,Buy,235557849
2024-08-28 14:12:46,49800.0,1000,Buy,235559924
2024-08-28 14:13:03,49800.0,500,Buy,235560342
2024-08-28 14:13:03,49800.0,500,Buy,235560343
2024-08-28 14:13:11,49800.0,2000,Buy,235560531
2024-08-28 14:13:11,49800.0,2000,Buy,235560532
2024-08-28 14:13:11,49800.0,500,Buy,235560533
2024-08-28 14:13:11,49800.0,500,Buy,235560534
2024-08-28 14:13:22,49800.0,500,Buy,235560717
2024-08-28 14:13:30,49850.0,200,Buy,235560935
2024-08-28 14:13:30,49850.0,400,Buy,235560954
2024-08-28 14:13:32,49850.0,300,Buy,235561026
2024-08-28 14:13:32,49850.0,100,Buy,235561027
2024-08-28 14:13:33,49850.0,300,Buy,235561067
2024-08-28 14:13:33,49850.0,100,Buy,235561068
2024-08-28 14:13:44,49850.0,1000,Buy,235561365
2024-08-28 14:16:29,49800.0,100,Sell,235565852
2024-08-28 14:16:34,49800.0,400,Sell,235565988
2024-08-28 14:16:34,49800.0,1100,Sell,235565985
2024-08-28 14:16:34,49800.0,1000,Sell,235565986
2024-08-28 14:16:34,49800.0,400,Sell,235565987
2024-08-28 14:17:14,49750.0,100,Sell,235567172
2024-08-28 14:17:14,49750.0,1000,Sell,235567173
2024-08-28 14:17:44,49750.0,400,Buy,235568128
2024-08-28 14:18:41,49750.0,500,Buy,235569859
2024-08-28 14:18:53,49750.0,100,Buy,235570233
2024-08-28 14:19:20,49750.0,1000,Buy,235570894
2024-08-28 14:19:21,49750.0,1500,Buy,235570929
2024-08-28 14:19:47,49700.0,100,Sell,235571677
2024-08-28 14:20:22,49750.0,400,Buy,235573461
2024-08-28 14:20:23,49700.0,500,Sell,235573487
2024-08-28 14:20:23,49700.0,100,Sell,235573488
2024-08-28 14:20:23,49700.0,1200,Sell,235573486
2024-08-28 14:20:23,49700.0,2200,Sell,235573489
2024-08-28 14:20:23,49700.0,300,Sell,235573484
2024-08-28 14:20:23,49700.0,100,Sell,235573482
2024-08-28 14:20:23,49700.0,500,Sell,235573485
2024-08-28 14:20:23,49700.0,100,Sell,235573483
2024-08-28 14:21:06,49700.0,100,Sell,235575055
2024-08-28 14:21:15,49750.0,400,Buy,235575307
2024-08-28 14:21:16,49750.0,400,Buy,235575335
2024-08-28 14:22:08,49750.0,600,Buy,235576861
2024-08-28 14:22:08,49750.0,1100,Buy,235576862
2024-08-28 14:22:08,49750.0,1300,Buy,235576863
2024-08-28 14:22:20,49750.0,100,Buy,235577302
2024-08-28 14:22:21,49750.0,300,Buy,235577306
2024-08-28 14:22:25,49750.0,1000,Buy,235577400
2024-08-28 14:22:25,49750.0,1100,Buy,235577401
2024-08-28 14:22:29,49750.0,500,Buy,235577519
2024-08-28 14:22:31,49700.0,100,Sell,235577581
2024-08-28 14:22:36,49750.0,100,Buy,235577716
2024-08-28 14:23:06,49750.0,100,Buy,235578765
2024-08-28 14:23:06,49750.0,1000,Buy,235578764
2024-08-28 14:23:06,49750.0,1800,Buy,235578762
2024-08-28 14:23:06,49750.0,100,Buy,235578763
2024-08-28 14:23:36,49750.0,3000,Buy,235579754
2024-08-28 14:23:46,49750.0,500,Buy,235580263
2024-08-28 14:23:55,49750.0,1400,Buy,235580653
2024-08-28 14:23:55,49750.0,500,Buy,235580654
2024-08-28 14:23:55,49750.0,400,Buy,235580655
2024-08-28 14:24:04,49750.0,100,Sell,235580981
2024-08-28 14:24:27,49800.0,100,Buy,235581673
2024-08-28 14:24:27,49800.0,400,Buy,235581674
2024-08-28 14:25:56,49800.0,100,Buy,235585223
2024-08-28 14:26:16,49750.0,100,Sell,235585950
2024-08-28 14:26:16,49750.0,100,Sell,235585951
2024-08-28 14:26:24,49750.0,100,Sell,235586320
2024-08-28 14:27:01,49750.0,100,Sell,235587951
2024-08-28 14:27:29,49750.0,100,Sell,235589120
2024-08-28 14:27:35,49750.0,600,Sell,235589378
2024-08-28 14:27:35,49750.0,100,Sell,235589376
2024-08-28 14:27:35,49750.0,100,Sell,235589377
2024-08-28 14:27:36,49800.0,100,Buy,235589431
2024-08-28 14:27:36,49800.0,200,Buy,235589432
2024-08-28 14:27:36,49800.0,100,Buy,235589430
2024-08-28 14:27:37,49750.0,1000,Sell,235589510
2024-08-28 14:27:56,49750.0,900,Sell,235590349
2024-08-28 14:27:56,49750.0,100,Sell,235590350
2024-08-28 14:27:56,49750.0,800,Sell,235590351
2024-08-28 14:27:56,49750.0,100,Sell,235590353
2024-08-28 14:27:56,49750.0,100,Sell,235590352
2024-08-28 14:28:06,49750.0,500,Sell,235590688
2024-08-28 14:28:06,49750.0,4500,Sell,235590689
2024-08-28 14:28:07,49750.0,500,Sell,235590767
2024-08-28 14:28:07,49750.0,400,Sell,235590768
2024-08-28 14:28:40,49750.0,100,Buy,235592242
2024-08-28 14:29:01,49750.0,400,Sell,235593124
2024-08-28 14:29:02,49750.0,400,Sell,235593170
2024-08-28 14:29:02,49750.0,400,Sell,235593169
2024-08-28 14:29:02,49750.0,400,Sell,235593167
2024-08-28 14:29:02,49750.0,400,Sell,235593168
2024-08-28 14:29:22,49750.0,500,Sell,235594380
2024-08-28 14:29:22,49750.0,2000,Buy,235594381
2024-08-28 14:29:23,49750.0,500,Sell,235594445
2024-08-28 14:29:30,49750.0,1500,Sell,235594770
2024-08-28 14:29:31,49750.0,1000,Sell,235594810
2024-08-28 14:29:41,49800.0,1000,Buy,235595215
2024-08-28 14:29:41,49800.0,1700,Buy,235595216
2024-08-28 14:29:41,49800.0,200,Buy,235595213
2024-08-28 14:29:41,49800.0,100,Buy,235595214
2024-08-28 14:29:43,49800.0,500,Buy,235595269
2024-08-28 14:29:46,49700.0,2600,Sell,235595421
2024-08-28 14:29:46,49700.0,200,Sell,235595422
2024-08-28 14:29:46,49700.0,100,Sell,235595423
2024-08-28 14:29:46,49700.0,2000,Sell,235595424
2024-08-28 14:29:46,49700.0,5000,Sell,235595425
2024-08-28 14:29:46,49700.0,100,Sell,235595426
2024-08-28 14:44:58,49600.0,92000,ATO/ATC,235596693
