time,price,volume,match_type,id
2024-07-31 09:14:38,47000.0,17900,ATO/ATC,227498799
2024-07-31 09:16:06,47000.0,400,Buy,227501565
2024-07-31 09:16:06,47000.0,300,Buy,227501563
2024-07-31 09:16:06,47000.0,300,Buy,227501564
2024-07-31 09:16:44,47000.0,500,Buy,227502860
2024-07-31 09:17:19,46950.0,2100,Sell,227504450
2024-07-31 09:18:19,46900.0,3000,Sell,227506425
2024-07-31 09:18:22,46900.0,200,Sell,227506541
2024-07-31 09:18:43,46950.0,3000,Buy,227507379
2024-07-31 09:19:49,46900.0,400,Sell,227509743
2024-07-31 09:19:49,46900.0,400,Sell,227509710
2024-07-31 09:20:15,46900.0,100,Sell,227510658
2024-07-31 09:20:25,46950.0,1000,Buy,227510999
2024-07-31 09:20:40,46950.0,100,Buy,227511570
2024-07-31 09:20:40,46950.0,100,Buy,227511571
2024-07-31 09:20:47,46950.0,100,Sell,227511837
2024-07-31 09:21:10,47000.0,600,Buy,227512951
2024-07-31 09:21:10,47000.0,300,Buy,227512952
2024-07-31 09:21:16,47000.0,6500,Buy,227513159
2024-07-31 09:21:16,47000.0,500,Buy,227513158
2024-07-31 09:21:17,46950.0,200,Sell,227513189
2024-07-31 09:21:18,47000.0,6000,Buy,227513232
2024-07-31 09:21:29,47000.0,7000,Buy,227513616
2024-07-31 09:21:36,47000.0,500,Buy,227513819
2024-07-31 09:21:36,47000.0,200,Buy,227513821
2024-07-31 09:21:47,47000.0,200,Sell,227514197
2024-07-31 09:21:56,47000.0,100,Sell,227514553
2024-07-31 09:22:24,47000.0,300,Sell,227515469
2024-07-31 09:23:39,47000.0,3800,Sell,227517562
2024-07-31 09:23:39,47000.0,700,Sell,227517561
2024-07-31 09:23:44,47000.0,2000,Buy,227517710
2024-07-31 09:24:18,47000.0,100,Buy,227518664
2024-07-31 09:24:21,47000.0,3000,Buy,227518817
2024-07-31 09:24:56,47000.0,100,Buy,227519869
2024-07-31 09:25:43,47000.0,1000,Buy,227521031
2024-07-31 09:25:55,46950.0,500,Sell,227521269
2024-07-31 09:25:55,46950.0,4500,Sell,227521270
2024-07-31 09:26:53,46950.0,100,Sell,227523074
2024-07-31 09:27:12,46950.0,200,Sell,227523592
2024-07-31 09:27:47,46950.0,1200,Sell,227524614
2024-07-31 09:27:47,46950.0,400,Sell,227524618
2024-07-31 09:27:47,46950.0,500,Sell,227524619
2024-07-31 09:27:47,46950.0,3900,Sell,227524620
2024-07-31 09:28:34,46950.0,400,Sell,227526204
2024-07-31 09:28:34,46950.0,100,Sell,227526203
2024-07-31 09:28:34,46950.0,100,Sell,227526202
2024-07-31 09:28:38,47000.0,9000,Buy,227526318
2024-07-31 09:28:59,46950.0,2000,Sell,227527084
2024-07-31 09:29:00,47000.0,300,Buy,227527090
2024-07-31 09:29:00,47000.0,700,Buy,227527091
2024-07-31 09:29:15,47000.0,100,Buy,227527626
2024-07-31 09:29:28,47000.0,600,Buy,227528454
2024-07-31 09:29:28,47000.0,600,Buy,227528455
2024-07-31 09:29:28,47000.0,400,Buy,227528456
2024-07-31 09:29:28,47000.0,200,Buy,227528457
2024-07-31 09:29:28,47000.0,200,Buy,227528458
2024-07-31 09:29:30,47000.0,100,Buy,227528539
2024-07-31 09:29:34,47000.0,100,Buy,227528711
2024-07-31 09:29:54,46950.0,600,Sell,227529438
2024-07-31 09:29:54,46950.0,2000,Sell,227529439
2024-07-31 09:30:04,47000.0,300,Buy,227529886
2024-07-31 09:30:04,47000.0,100,Buy,227529885
2024-07-31 09:30:04,47000.0,200,Buy,227529884
2024-07-31 09:30:04,46950.0,2400,Buy,227529883
2024-07-31 09:30:34,47000.0,200,Buy,227531070
2024-07-31 09:30:34,47000.0,500,Buy,227531071
2024-07-31 09:30:34,47000.0,100,Buy,227531072
2024-07-31 09:30:40,47000.0,1000,Sell,227531280
2024-07-31 09:31:50,47000.0,100,Sell,227533217
2024-07-31 09:31:50,47000.0,4200,Sell,227533218
2024-07-31 09:31:50,47000.0,6800,Sell,227533215
2024-07-31 09:31:50,47000.0,500,Sell,227533216
2024-07-31 09:32:35,47000.0,100,Buy,227534742
2024-07-31 09:33:31,47000.0,1500,Buy,227536598
2024-07-31 09:33:31,47000.0,1000,Buy,227536599
2024-07-31 09:34:02,47050.0,5000,Buy,227537481
2024-07-31 09:34:02,47050.0,1400,Buy,227537482
2024-07-31 09:34:10,47050.0,200,Buy,227537912
2024-07-31 09:34:10,47050.0,600,Buy,227537911
2024-07-31 09:34:10,47050.0,300,Buy,227537913
2024-07-31 09:34:10,47050.0,3100,Buy,227537909
2024-07-31 09:34:10,47050.0,2900,Buy,227537910
2024-07-31 09:34:10,47050.0,200,Buy,227537908
2024-07-31 09:34:19,47100.0,2600,Buy,227538184
2024-07-31 09:34:20,47100.0,1500,Buy,227538236
2024-07-31 09:34:20,47100.0,300,Buy,227538237
2024-07-31 09:34:20,47100.0,900,Buy,227538238
2024-07-31 09:34:20,47100.0,2400,Buy,227538235
2024-07-31 09:35:10,47100.0,400,Sell,227539745
2024-07-31 09:35:17,47100.0,100,Sell,227539972
2024-07-31 09:35:19,47150.0,4700,Buy,227540061
2024-07-31 09:35:27,47150.0,300,Buy,227540293
2024-07-31 09:35:27,47150.0,1400,Buy,227540294
2024-07-31 09:35:33,47150.0,200,Buy,227540545
2024-07-31 09:35:33,47150.0,300,Buy,227540546
2024-07-31 09:35:57,47200.0,100,Buy,227541319
2024-07-31 09:36:12,47200.0,1000,Buy,227541682
2024-07-31 09:36:13,47200.0,2500,Buy,227541721
2024-07-31 09:36:25,47200.0,200,Buy,227542126
2024-07-31 09:36:26,47200.0,200,Buy,227542157
2024-07-31 09:36:26,47200.0,500,Buy,227542156
2024-07-31 09:36:26,47200.0,300,Buy,227542153
2024-07-31 09:36:26,47200.0,100,Buy,227542154
2024-07-31 09:36:26,47200.0,1200,Buy,227542152
2024-07-31 09:36:26,47200.0,1500,Buy,227542155
2024-07-31 09:36:34,47200.0,200,Sell,227542394
2024-07-31 09:37:04,47200.0,1500,Sell,227543197
2024-07-31 09:37:04,47200.0,500,Sell,227543198
2024-07-31 09:37:12,47200.0,100,Sell,227543461
2024-07-31 09:37:21,47200.0,200,Sell,227543645
2024-07-31 09:37:27,47200.0,200,Sell,227543831
2024-07-31 09:37:27,47200.0,100,Sell,227543848
2024-07-31 09:37:27,47200.0,500,Sell,227543849
2024-07-31 09:37:31,47200.0,200,Buy,227543977
2024-07-31 09:37:33,47150.0,1000,Sell,227544003
2024-07-31 09:37:33,47150.0,700,Sell,227544004
2024-07-31 09:37:33,47150.0,500,Sell,227544001
2024-07-31 09:37:33,47150.0,1000,Sell,227544002
2024-07-31 09:37:33,47200.0,1800,Sell,227544000
2024-07-31 09:38:07,47200.0,300,Sell,227545059
2024-07-31 09:38:21,47200.0,1000,Sell,227545584
2024-07-31 09:38:26,47200.0,100,Sell,227545738
2024-07-31 09:38:29,47200.0,100,Sell,227545843
2024-07-31 09:39:14,47200.0,1000,Sell,227547286
2024-07-31 09:39:52,47250.0,800,Buy,227548598
2024-07-31 09:40:27,47250.0,4200,Buy,227549802
2024-07-31 09:40:27,47250.0,300,Buy,227549803
2024-07-31 09:40:27,47250.0,1000,Buy,227549804
2024-07-31 09:40:27,47250.0,1400,Buy,227549805
2024-07-31 09:40:27,47250.0,8100,Buy,227549806
2024-07-31 09:40:28,47250.0,100,Buy,227549853
2024-07-31 09:40:28,47250.0,400,Buy,227549852
2024-07-31 09:40:28,47250.0,400,Buy,227549854
2024-07-31 09:40:28,47250.0,1000,Buy,227549850
2024-07-31 09:40:28,47250.0,400,Buy,227549849
2024-07-31 09:40:28,47250.0,400,Buy,227549851
2024-07-31 09:40:28,47250.0,2200,Buy,227549848
2024-07-31 09:40:34,47250.0,200,Sell,227549977
2024-07-31 09:40:39,47250.0,100,Buy,227550160
2024-07-31 09:40:44,47250.0,200,Buy,227550364
2024-07-31 09:40:50,47250.0,1000,Buy,227550564
2024-07-31 09:40:51,47250.0,1500,Buy,227550605
2024-07-31 09:41:14,47250.0,600,Sell,227551461
2024-07-31 09:41:52,47250.0,100,Sell,227552710
2024-07-31 09:42:02,47250.0,100,Sell,227553063
2024-07-31 09:42:35,47250.0,500,Sell,227554025
2024-07-31 09:42:35,47250.0,200,Sell,227554026
2024-07-31 09:42:35,47250.0,100,Sell,227554027
2024-07-31 09:42:35,47250.0,100,Sell,227554028
2024-07-31 09:42:35,47250.0,100,Sell,227554029
2024-07-31 09:42:35,47250.0,200,Sell,227554024
2024-07-31 09:42:36,47250.0,2000,Buy,227554099
2024-07-31 09:42:54,47200.0,100,Sell,227554605
2024-07-31 09:42:54,47200.0,500,Sell,227554614
2024-07-31 09:43:01,47200.0,400,Sell,227554955
2024-07-31 09:43:01,47200.0,500,Sell,227554954
2024-07-31 09:43:10,47200.0,100,Sell,227555201
2024-07-31 09:43:19,47150.0,300,Sell,227555455
2024-07-31 09:43:19,47200.0,100,Sell,227555439
2024-07-31 09:43:19,47150.0,300,Sell,227555456
2024-07-31 09:43:26,47150.0,2000,Sell,227555621
2024-07-31 09:43:34,47150.0,700,Sell,227555869
2024-07-31 09:43:36,47150.0,500,Sell,227555957
2024-07-31 09:43:36,47150.0,100,Sell,227555958
2024-07-31 09:43:46,47150.0,500,Sell,227556322
2024-07-31 09:44:10,47150.0,400,Sell,227556973
2024-07-31 09:44:10,47150.0,100,Sell,227556974
2024-07-31 09:44:21,47200.0,400,Buy,227557284
2024-07-31 09:44:21,47200.0,1500,Buy,227557285
2024-07-31 09:44:21,47200.0,400,Buy,227557286
2024-07-31 09:44:21,47200.0,200,Buy,227557287
2024-07-31 09:44:47,47200.0,200,Buy,227558148
2024-07-31 09:44:47,47200.0,400,Buy,227558149
2024-07-31 09:44:47,47200.0,400,Buy,227558150
2024-07-31 09:44:47,47200.0,100,Buy,227558151
2024-07-31 09:44:47,47200.0,200,Buy,227558152
2024-07-31 09:44:47,47200.0,400,Buy,227558153
2024-07-31 09:44:52,47200.0,1000,Sell,227558287
2024-07-31 09:46:03,47200.0,100,Sell,227559986
2024-07-31 09:46:53,47200.0,500,Sell,227560979
2024-07-31 09:47:13,47200.0,400,Sell,227561472
2024-07-31 09:47:18,47200.0,1000,Sell,227561562
2024-07-31 09:47:19,47200.0,200,Sell,227561602
2024-07-31 09:47:19,47200.0,300,Sell,227561601
2024-07-31 09:47:28,47200.0,100,Sell,227561845
2024-07-31 09:47:34,47200.0,400,Sell,227561929
2024-07-31 09:47:42,47200.0,100,Sell,227562091
2024-07-31 09:47:44,47200.0,500,Sell,227562144
2024-07-31 09:48:15,47200.0,500,Sell,227562819
2024-07-31 09:49:22,47250.0,1500,Buy,227564024
2024-07-31 09:49:22,47250.0,200,Buy,227564025
2024-07-31 09:49:22,47250.0,400,Buy,227564026
2024-07-31 09:49:22,47250.0,500,Buy,227564027
2024-07-31 09:49:22,47250.0,2400,Buy,227564023
2024-07-31 09:49:35,47250.0,2500,Buy,227564352
2024-07-31 09:49:35,47250.0,500,Buy,227564353
2024-07-31 09:49:44,47250.0,200,Buy,227564524
2024-07-31 09:49:44,47250.0,400,Buy,227564523
2024-07-31 09:49:44,47250.0,100,Buy,227564522
2024-07-31 09:50:24,47250.0,1000,Sell,227565527
2024-07-31 09:50:43,47250.0,300,Sell,227565865
2024-07-31 09:50:45,47250.0,100,Sell,227565919
2024-07-31 09:50:51,47250.0,400,Sell,227566051
2024-07-31 09:50:51,47250.0,100,Sell,227566052
2024-07-31 09:51:22,47250.0,100,Sell,227566732
2024-07-31 09:51:22,47250.0,800,Sell,227566733
2024-07-31 09:51:27,47250.0,300,Buy,227566854
2024-07-31 09:52:06,47200.0,100,Sell,227567587
2024-07-31 09:52:23,47250.0,1800,Buy,227567949
2024-07-31 09:52:23,47250.0,1200,Buy,227567950
2024-07-31 09:52:31,47200.0,600,Sell,227568186
2024-07-31 09:52:46,47200.0,1300,Sell,227568491
2024-07-31 09:52:46,47200.0,200,Sell,227568492
2024-07-31 09:53:00,47200.0,100,Buy,227568877
2024-07-31 09:53:04,47150.0,100,Sell,227568992
2024-07-31 09:53:28,47200.0,200,Buy,227569469
2024-07-31 09:54:05,47200.0,200,Buy,227570061
2024-07-31 09:54:05,47200.0,400,Buy,227570062
2024-07-31 09:54:05,47200.0,400,Buy,227570063
2024-07-31 09:54:05,47200.0,400,Buy,227570064
2024-07-31 09:54:05,47200.0,500,Buy,227570065
2024-07-31 09:54:05,47200.0,400,Buy,227570066
2024-07-31 09:54:05,47200.0,700,Buy,227570060
2024-07-31 09:54:16,47200.0,100,Buy,227570305
2024-07-31 09:54:16,47200.0,400,Buy,227570306
2024-07-31 09:54:43,47200.0,500,Sell,227570816
2024-07-31 09:54:55,47250.0,200,Buy,227571139
2024-07-31 09:54:55,47250.0,100,Buy,227571140
2024-07-31 09:55:03,47200.0,3000,Sell,227571295
2024-07-31 09:55:39,47200.0,2000,Sell,227572127
2024-07-31 09:55:39,47200.0,1000,Sell,227572128
2024-07-31 09:56:00,47200.0,100,Sell,227572636
2024-07-31 09:56:03,47200.0,100,Sell,227572737
2024-07-31 09:56:20,47200.0,100,Sell,227573087
2024-07-31 09:56:30,47250.0,200,Buy,227573349
2024-07-31 09:56:34,47200.0,800,Sell,227573476
2024-07-31 09:56:40,47250.0,7700,Buy,227573730
2024-07-31 09:56:40,47250.0,1300,Buy,227573731
2024-07-31 09:56:55,47200.0,800,Sell,227574027
2024-07-31 09:57:11,47200.0,800,Sell,227574536
2024-07-31 09:57:38,47200.0,500,Sell,227575078
2024-07-31 09:58:01,47200.0,100,Sell,227575474
2024-07-31 09:58:08,47200.0,300,Sell,227575616
2024-07-31 09:58:34,47200.0,100,Sell,227576291
2024-07-31 09:58:41,47200.0,500,Sell,227576425
2024-07-31 09:58:58,47200.0,300,Sell,227576791
2024-07-31 10:00:22,47250.0,500,Buy,227578857
2024-07-31 10:00:25,47250.0,4000,Buy,227578922
2024-07-31 10:00:36,47200.0,1100,Sell,227579211
2024-07-31 10:00:39,47250.0,10000,Buy,227579311
2024-07-31 10:00:44,47250.0,300,Buy,227579644
2024-07-31 10:00:44,47250.0,4000,Buy,227579605
2024-07-31 10:00:46,47200.0,400,Sell,227579691
2024-07-31 10:00:46,47200.0,100,Sell,227579692
2024-07-31 10:01:09,47200.0,2800,Sell,227580229
2024-07-31 10:01:14,47250.0,10000,Buy,227580302
2024-07-31 10:01:19,47200.0,100,Sell,227580442
2024-07-31 10:01:28,47200.0,100,Sell,227580583
2024-07-31 10:01:41,47250.0,900,Buy,227580883
2024-07-31 10:01:41,47250.0,400,Buy,227580884
2024-07-31 10:01:41,47250.0,400,Buy,227580885
2024-07-31 10:01:41,47250.0,300,Buy,227580886
2024-07-31 10:01:41,47250.0,400,Buy,227580887
2024-07-31 10:01:41,47250.0,300,Buy,227580888
2024-07-31 10:01:42,47250.0,100,Buy,227580913
2024-07-31 10:01:44,47200.0,200,Sell,227580972
2024-07-31 10:01:50,47300.0,6200,Buy,227581086
2024-07-31 10:01:50,47300.0,100,Buy,227581083
2024-07-31 10:01:50,47300.0,500,Buy,227581085
2024-07-31 10:01:50,47300.0,500,Buy,227581084
2024-07-31 10:01:50,47300.0,100,Buy,227581080
2024-07-31 10:01:50,47300.0,100,Buy,227581082
2024-07-31 10:01:50,47300.0,5000,Buy,227581081
2024-07-31 10:01:51,47300.0,8800,Buy,227581095
2024-07-31 10:01:51,47300.0,1600,Buy,227581096
2024-07-31 10:01:51,47300.0,2500,Buy,227581097
2024-07-31 10:01:51,47300.0,200,Buy,227581098
2024-07-31 10:01:51,47300.0,100,Buy,227581099
2024-07-31 10:01:51,47300.0,100,Buy,227581100
2024-07-31 10:01:51,47300.0,500,Buy,227581102
2024-07-31 10:01:51,47300.0,500,Buy,227581101
2024-07-31 10:02:01,47350.0,100,Buy,227581237
2024-07-31 10:02:06,47350.0,400,Buy,227581319
2024-07-31 10:02:13,47350.0,500,Buy,227581466
2024-07-31 10:02:16,47350.0,100,Buy,227581511
2024-07-31 10:02:30,47350.0,3900,Buy,227581759
2024-07-31 10:02:30,47350.0,1100,Buy,227581760
2024-07-31 10:02:36,47350.0,1800,Buy,227581888
2024-07-31 10:02:36,47350.0,300,Buy,227581886
2024-07-31 10:02:36,47350.0,400,Buy,227581885
2024-07-31 10:02:36,47350.0,2500,Buy,227581887
2024-07-31 10:02:40,47350.0,200,Buy,227581933
2024-07-31 10:02:40,47350.0,100,Buy,227581934
2024-07-31 10:02:40,47350.0,400,Buy,227581935
2024-07-31 10:02:40,47400.0,1300,Buy,227581936
2024-07-31 10:02:48,47400.0,3700,Buy,227582121
2024-07-31 10:02:48,47400.0,300,Buy,227582122
2024-07-31 10:03:04,47400.0,200,Buy,227582442
2024-07-31 10:03:04,47400.0,300,Buy,227582441
2024-07-31 10:03:04,47400.0,1600,Buy,227582440
2024-07-31 10:03:04,47400.0,400,Buy,227582437
2024-07-31 10:03:04,47400.0,500,Buy,227582438
2024-07-31 10:03:04,47400.0,200,Buy,227582436
2024-07-31 10:03:04,47400.0,100,Buy,227582439
2024-07-31 10:03:06,47450.0,100,Buy,227582495
2024-07-31 10:03:22,47450.0,200,Buy,227582878
2024-07-31 10:03:25,47450.0,300,Buy,227582932
2024-07-31 10:03:28,47450.0,100,Buy,227583119
2024-07-31 10:03:29,47400.0,100,Sell,227583136
2024-07-31 10:03:30,47450.0,200,Buy,227583158
2024-07-31 10:03:31,47450.0,100,Buy,227583183
2024-07-31 10:03:38,47450.0,500,Buy,227583306
2024-07-31 10:03:41,47450.0,2000,Buy,227583408
2024-07-31 10:03:48,47450.0,1500,Buy,227583544
2024-07-31 10:03:48,47450.0,500,Buy,227583545
2024-07-31 10:04:00,47450.0,400,Buy,227583758
2024-07-31 10:04:04,47450.0,600,Buy,227583854
2024-07-31 10:04:04,47450.0,200,Buy,227583855
2024-07-31 10:04:04,47450.0,200,Buy,227583856
2024-07-31 10:04:06,47500.0,100,Buy,227583920
2024-07-31 10:04:16,47500.0,1000,Buy,227584212
2024-07-31 10:04:16,47500.0,500,Buy,227584209
2024-07-31 10:04:16,47500.0,500,Buy,227584208
2024-07-31 10:04:16,47500.0,100,Buy,227584207
2024-07-31 10:04:16,47500.0,500,Buy,227584210
2024-07-31 10:04:16,47500.0,1100,Buy,227584205
2024-07-31 10:04:16,47500.0,100,Buy,227584204
2024-07-31 10:04:16,47500.0,200,Buy,227584203
2024-07-31 10:04:16,47500.0,200,Buy,227584201
2024-07-31 10:04:16,47500.0,5000,Buy,227584202
2024-07-31 10:04:16,47500.0,800,Buy,227584206
2024-07-31 10:04:17,47500.0,500,Buy,227584221
2024-07-31 10:04:17,47500.0,1600,Buy,227584227
2024-07-31 10:04:18,47500.0,2000,Buy,227584255
2024-07-31 10:04:18,47500.0,400,Buy,227584256
2024-07-31 10:04:18,47500.0,200,Buy,227584253
2024-07-31 10:04:18,47500.0,1900,Buy,227584252
2024-07-31 10:04:18,47500.0,100,Buy,227584254
2024-07-31 10:04:19,47500.0,3000,Buy,227584292
2024-07-31 10:04:20,47500.0,1000,Buy,227584318
2024-07-31 10:04:20,47500.0,500,Buy,227584326
2024-07-31 10:04:20,47500.0,400,Buy,227584325
2024-07-31 10:04:20,47500.0,500,Buy,227584324
2024-07-31 10:04:20,47500.0,5000,Buy,227584323
2024-07-31 10:04:20,47500.0,100,Buy,227584322
2024-07-31 10:04:20,47500.0,100,Buy,227584321
2024-07-31 10:04:20,47500.0,1400,Buy,227584320
2024-07-31 10:04:20,47500.0,100,Buy,227584319
2024-07-31 10:04:20,47500.0,3000,Buy,227584317
2024-07-31 10:04:20,47500.0,1100,Buy,227584309
2024-07-31 10:04:20,47500.0,100,Buy,227584315
2024-07-31 10:04:20,47500.0,1000,Buy,227584314
2024-07-31 10:04:20,47500.0,100,Buy,227584313
2024-07-31 10:04:20,47500.0,100,Buy,227584312
2024-07-31 10:04:20,47500.0,100,Buy,227584311
2024-07-31 10:04:20,47500.0,900,Buy,227584310
2024-07-31 10:04:20,47500.0,12900,Buy,227584306
2024-07-31 10:04:20,47500.0,200,Buy,227584308
2024-07-31 10:04:20,47500.0,4700,Buy,227584307
2024-07-31 10:04:20,47500.0,1000,Buy,227584316
2024-07-31 10:04:23,47550.0,100,Buy,227584373
2024-07-31 10:04:24,47500.0,100,Buy,227584391
2024-07-31 10:04:26,47550.0,100,Buy,227584434
2024-07-31 10:04:31,47550.0,200,Buy,227584528
2024-07-31 10:04:32,47500.0,300,Sell,227584535
2024-07-31 10:04:32,47550.0,600,Buy,227584542
2024-07-31 10:04:32,47550.0,100,Buy,227584543
2024-07-31 10:04:32,47550.0,800,Buy,227584544
2024-07-31 10:04:32,47500.0,700,Sell,227584534
2024-07-31 10:04:38,47550.0,400,Buy,227584690
2024-07-31 10:04:38,47550.0,100,Buy,227584691
2024-07-31 10:04:39,47600.0,500,Buy,227584700
2024-07-31 10:04:39,47600.0,900,Buy,227584702
2024-07-31 10:04:39,47600.0,500,Buy,227584701
2024-07-31 10:04:39,47600.0,300,Buy,227584699
2024-07-31 10:04:39,47600.0,1000,Buy,227584697
2024-07-31 10:04:39,47600.0,100,Buy,227584698
2024-07-31 10:04:39,47500.0,200,Buy,227584694
2024-07-31 10:04:39,47550.0,1800,Sell,227584692
2024-07-31 10:04:39,47600.0,300,Buy,227584696
2024-07-31 10:04:39,47600.0,300,Buy,227584695
2024-07-31 10:04:41,47650.0,100,Buy,227584749
2024-07-31 10:04:46,47650.0,100,Buy,227584857
2024-07-31 10:04:48,47650.0,100,Buy,227584881
2024-07-31 10:04:48,47650.0,800,Buy,227584882
2024-07-31 10:04:48,47750.0,800,Buy,227584890
2024-07-31 10:04:48,47700.0,1000,Buy,227584884
2024-07-31 10:04:48,47700.0,100,Buy,227584885
2024-07-31 10:04:48,47700.0,500,Buy,227584886
2024-07-31 10:04:48,47700.0,900,Buy,227584887
2024-07-31 10:04:48,47750.0,20900,Buy,227584888
2024-07-31 10:04:48,47750.0,1000,Buy,227584889
2024-07-31 10:04:48,47700.0,1000,Buy,227584883
2024-07-31 10:04:49,47750.0,400,Sell,227584901
2024-07-31 10:04:50,47800.0,100,Buy,227584929
2024-07-31 10:04:50,47800.0,100,Buy,227584925
2024-07-31 10:04:54,47750.0,300,Sell,227584984
2024-07-31 10:04:55,47800.0,100,Buy,227585057
2024-07-31 10:04:55,47800.0,100,Buy,227585058
2024-07-31 10:04:55,47800.0,1000,Buy,227585059
2024-07-31 10:04:55,47800.0,500,Buy,227585060
2024-07-31 10:04:55,47800.0,1000,Buy,227585061
2024-07-31 10:04:55,47800.0,200,Buy,227585062
2024-07-31 10:04:55,47800.0,500,Buy,227585063
2024-07-31 10:04:57,47850.0,100,Buy,227585088
2024-07-31 10:04:58,47800.0,200,Sell,227585101
2024-07-31 10:04:59,47850.0,100,Buy,227585130
2024-07-31 10:05:04,47850.0,100,Buy,227585249
2024-07-31 10:05:09,47850.0,1700,Buy,227585381
2024-07-31 10:05:09,47850.0,200,Buy,227585380
2024-07-31 10:05:09,47850.0,100,Buy,227585379
2024-07-31 10:05:12,47850.0,3900,Buy,227585469
2024-07-31 10:05:12,47900.0,1100,Buy,227585470
2024-07-31 10:05:14,47850.0,500,Sell,227585518
2024-07-31 10:05:20,47900.0,200,Buy,227585611
2024-07-31 10:05:20,47900.0,1000,Buy,227585612
2024-07-31 10:05:20,47900.0,1000,Buy,227585613
2024-07-31 10:05:20,47900.0,100,Buy,227585614
2024-07-31 10:05:22,47900.0,6500,Sell,227585671
2024-07-31 10:05:25,47900.0,500,Sell,227585721
2024-07-31 10:05:28,47950.0,500,Buy,227585874
2024-07-31 10:05:30,47950.0,1700,Buy,227585957
2024-07-31 10:05:30,47950.0,100,Buy,227585955
2024-07-31 10:05:30,47950.0,200,Buy,227585956
2024-07-31 10:05:32,47950.0,100,Buy,227585985
2024-07-31 10:05:34,48000.0,3000,Buy,227586042
2024-07-31 10:05:34,48000.0,700,Buy,227586037
2024-07-31 10:05:34,48000.0,200,Buy,227586038
2024-07-31 10:05:34,48000.0,500,Buy,227586039
2024-07-31 10:05:34,48000.0,100,Buy,227586040
2024-07-31 10:05:34,48000.0,200,Buy,227586041
2024-07-31 10:05:34,48000.0,100,Buy,227586043
2024-07-31 10:05:34,48000.0,500,Buy,227586036
2024-07-31 10:05:34,48000.0,1000,Buy,227586045
2024-07-31 10:05:34,48000.0,2000,Buy,227586046
2024-07-31 10:05:34,48000.0,300,Buy,227586047
2024-07-31 10:05:34,48000.0,100,Buy,227586048
2024-07-31 10:05:34,48000.0,2000,Buy,227586049
2024-07-31 10:05:34,48000.0,5000,Buy,227586050
2024-07-31 10:05:34,48000.0,500,Buy,227586044
2024-07-31 10:05:34,48000.0,2000,Buy,227586035
2024-07-31 10:05:34,48000.0,3500,Buy,227586052
2024-07-31 10:05:34,48000.0,100,Buy,227586033
2024-07-31 10:05:34,48000.0,100,Buy,227586034
2024-07-31 10:05:34,47950.0,3200,Buy,227586018
2024-07-31 10:05:34,47950.0,200,Buy,227586019
2024-07-31 10:05:34,47950.0,100,Buy,227586020
2024-07-31 10:05:34,47950.0,500,Buy,227586021
2024-07-31 10:05:34,48000.0,800,Buy,227586022
2024-07-31 10:05:34,48000.0,5000,Buy,227586023
2024-07-31 10:05:34,48000.0,1000,Buy,227586024
2024-07-31 10:05:34,48000.0,500,Buy,227586051
2024-07-31 10:05:34,48000.0,500,Buy,227586026
2024-07-31 10:05:34,48000.0,100,Buy,227586031
2024-07-31 10:05:34,48000.0,100,Buy,227586025
2024-07-31 10:05:34,48000.0,100,Buy,227586030
2024-07-31 10:05:34,48000.0,100,Buy,227586032
2024-07-31 10:05:34,48000.0,100,Buy,227586028
2024-07-31 10:05:34,48000.0,1000,Buy,227586029
2024-07-31 10:05:34,48000.0,1500,Buy,227586027
2024-07-31 10:05:39,47950.0,3000,Buy,227586240
2024-07-31 10:05:39,47900.0,800,Sell,227586249
2024-07-31 10:05:50,47900.0,800,Sell,227586618
2024-07-31 10:05:50,47900.0,200,Sell,227586619
2024-07-31 10:05:51,47950.0,1000,Buy,227586626
2024-07-31 10:05:52,47900.0,800,Sell,227586671
2024-07-31 10:05:53,47950.0,6000,Buy,227586732
2024-07-31 10:05:53,47950.0,100,Buy,227586733
2024-07-31 10:05:53,47950.0,500,Buy,227586734
2024-07-31 10:05:53,47950.0,400,Buy,227586735
2024-07-31 10:05:56,47950.0,100,Sell,227586806
2024-07-31 10:05:56,47950.0,500,Sell,227586823
2024-07-31 10:05:57,48000.0,5000,Buy,227586862
2024-07-31 10:06:02,48000.0,1400,Buy,227586963
2024-07-31 10:06:02,48000.0,1500,Buy,227586962
2024-07-31 10:06:06,47950.0,800,Sell,227587102
2024-07-31 10:06:07,48000.0,600,Buy,227587111
2024-07-31 10:06:07,48000.0,1800,Buy,227587112
2024-07-31 10:06:07,48000.0,100,Buy,227587113
2024-07-31 10:06:07,48000.0,100,Buy,227587114
2024-07-31 10:06:07,48000.0,1500,Buy,227587115
2024-07-31 10:06:07,48000.0,1500,Buy,227587116
2024-07-31 10:06:07,48000.0,100,Buy,227587117
2024-07-31 10:06:07,48000.0,400,Buy,227587118
2024-07-31 10:06:07,48000.0,100,Buy,227587119
2024-07-31 10:06:07,48000.0,100,Buy,227587120
2024-07-31 10:06:07,48000.0,200,Buy,227587121
2024-07-31 10:06:07,48000.0,200,Buy,227587122
2024-07-31 10:06:07,48000.0,100,Buy,227587123
2024-07-31 10:06:11,48000.0,1000,Buy,227587346
2024-07-31 10:06:11,48000.0,200,Buy,227587347
2024-07-31 10:06:19,48000.0,1700,Sell,227587566
2024-07-31 10:06:19,48000.0,300,Buy,227587561
2024-07-31 10:06:19,48000.0,500,Buy,227587562
2024-07-31 10:06:19,48000.0,100,Buy,227587563
2024-07-31 10:06:21,48050.0,100,Buy,227587598
2024-07-31 10:06:23,48050.0,900,Buy,227587742
2024-07-31 10:06:23,48050.0,400,Buy,227587743
2024-07-31 10:06:23,48100.0,2000,Buy,227587744
2024-07-31 10:06:23,48100.0,1000,Buy,227587746
2024-07-31 10:06:23,48100.0,600,Buy,227587747
2024-07-31 10:06:23,48100.0,100,Buy,227587745
2024-07-31 10:06:25,48000.0,7400,Sell,227587785
2024-07-31 10:06:25,48000.0,1000,Sell,227587786
2024-07-31 10:06:26,48000.0,600,Buy,227587805
2024-07-31 10:06:29,47950.0,200,Sell,227587909
2024-07-31 10:06:31,48000.0,100,Buy,227588015
2024-07-31 10:06:32,48000.0,100,Buy,227588044
2024-07-31 10:06:33,48000.0,100,Buy,227588054
2024-07-31 10:06:34,48000.0,700,Buy,227588065
2024-07-31 10:06:36,48100.0,100,Buy,227588127
2024-07-31 10:06:45,48000.0,300,Sell,227588308
2024-07-31 10:06:54,48000.0,1200,Buy,227588505
2024-07-31 10:06:54,48000.0,500,Buy,227588506
2024-07-31 10:07:01,48000.0,300,Sell,227588673
2024-07-31 10:07:01,48000.0,500,Sell,227588674
2024-07-31 10:07:08,48000.0,700,Buy,227588840
2024-07-31 10:07:11,47950.0,1000,Sell,227588913
2024-07-31 10:07:25,47950.0,100,Sell,227589216
2024-07-31 10:07:25,47950.0,300,Sell,227589222
2024-07-31 10:07:25,47950.0,700,Sell,227589223
2024-07-31 10:07:32,47950.0,500,Sell,227589332
2024-07-31 10:07:33,47950.0,300,Sell,227589379
2024-07-31 10:07:33,47950.0,1000,Sell,227589380
2024-07-31 10:07:45,47950.0,200,Buy,227589581
2024-07-31 10:07:46,47900.0,500,Sell,227589632
2024-07-31 10:07:46,47900.0,1000,Sell,227589638
2024-07-31 10:07:54,47900.0,100,Sell,227589924
2024-07-31 10:07:56,47900.0,200,Sell,227589944
2024-07-31 10:08:00,47900.0,100,Sell,227590044
2024-07-31 10:08:09,47900.0,100,Sell,227590215
2024-07-31 10:08:10,47900.0,3000,Sell,227590250
2024-07-31 10:08:21,47900.0,200,Sell,227590510
2024-07-31 10:08:29,47900.0,19700,Sell,227590691
2024-07-31 10:08:29,47900.0,300,Sell,227590690
2024-07-31 10:08:36,47900.0,1000,Sell,227590801
2024-07-31 10:08:37,47900.0,3000,Sell,227590818
2024-07-31 10:08:38,47900.0,200,Sell,227590822
2024-07-31 10:08:41,47900.0,3000,Sell,227590882
2024-07-31 10:08:42,47900.0,100,Sell,227590916
2024-07-31 10:08:45,47900.0,1000,Sell,227590983
2024-07-31 10:08:45,47900.0,100,Sell,227590982
2024-07-31 10:08:47,47950.0,200,Buy,227591002
2024-07-31 10:08:48,47900.0,1900,Sell,227591033
2024-07-31 10:08:48,47900.0,300,Sell,227591034
2024-07-31 10:08:48,47900.0,2000,Sell,227591035
2024-07-31 10:09:09,47900.0,6000,Buy,227591493
2024-07-31 10:09:09,47900.0,100,Buy,227591494
2024-07-31 10:09:09,47900.0,2000,Buy,227591492
2024-07-31 10:09:09,47900.0,5000,Buy,227591490
2024-07-31 10:09:09,47900.0,500,Buy,227591489
2024-07-31 10:09:09,47900.0,500,Buy,227591485
2024-07-31 10:09:09,47900.0,100,Buy,227591491
2024-07-31 10:09:13,47900.0,3300,Sell,227591562
2024-07-31 10:09:15,47900.0,500,Sell,227591603
2024-07-31 10:09:16,47900.0,2000,Sell,227591616
2024-07-31 10:09:20,47900.0,1200,Sell,227591694
2024-07-31 10:09:20,47900.0,200,Sell,227591698
2024-07-31 10:09:22,47900.0,200,Sell,227591729
2024-07-31 10:09:27,47900.0,100,Sell,227591823
2024-07-31 10:09:33,47900.0,2200,Sell,227591984
2024-07-31 10:09:36,47900.0,600,Sell,227592070
2024-07-31 10:09:36,47900.0,100,Sell,227592121
2024-07-31 10:09:41,47900.0,500,Sell,227592267
2024-07-31 10:09:42,47900.0,900,Sell,227592287
2024-07-31 10:09:43,47950.0,1100,Buy,227592337
2024-07-31 10:09:43,47950.0,300,Buy,227592336
2024-07-31 10:09:43,47950.0,1000,Buy,227592334
2024-07-31 10:09:43,47950.0,1000,Buy,227592335
2024-07-31 10:09:43,47950.0,600,Buy,227592332
2024-07-31 10:09:43,47950.0,400,Buy,227592330
2024-07-31 10:09:43,47950.0,200,Buy,227592333
2024-07-31 10:09:43,47950.0,400,Buy,227592331
2024-07-31 10:09:46,47900.0,500,Sell,227592485
2024-07-31 10:09:46,47900.0,4000,Sell,227592486
2024-07-31 10:09:46,47900.0,500,Sell,227592487
2024-07-31 10:09:46,47900.0,200,Sell,227592488
2024-07-31 10:09:46,47900.0,3300,Sell,227592489
2024-07-31 10:10:00,47900.0,700,Sell,227592741
2024-07-31 10:10:15,47850.0,3500,Sell,227593020
2024-07-31 10:10:15,47850.0,1500,Sell,227593019
2024-07-31 10:10:27,47850.0,100,Sell,227593222
2024-07-31 10:10:39,47850.0,200,Sell,227593442
2024-07-31 10:10:42,47850.0,500,Sell,227593621
2024-07-31 10:10:53,47850.0,100,Sell,227593828
2024-07-31 10:10:56,47850.0,600,Sell,227593875
2024-07-31 10:10:56,47850.0,3000,Sell,227593876
2024-07-31 10:11:09,47800.0,1000,Sell,227594178
2024-07-31 10:11:30,47800.0,1600,Sell,227594638
2024-07-31 10:11:30,47800.0,400,Sell,227594637
2024-07-31 10:11:31,47800.0,900,Sell,227594652
2024-07-31 10:11:38,47850.0,100,Buy,227594812
2024-07-31 10:11:46,47800.0,2000,Sell,227594965
2024-07-31 10:12:22,47800.0,500,Sell,227595800
2024-07-31 10:12:22,47800.0,100,Sell,227595801
2024-07-31 10:12:22,47800.0,400,Sell,227595802
2024-07-31 10:12:34,47800.0,600,Sell,227596050
2024-07-31 10:12:52,47800.0,300,Sell,227596378
2024-07-31 10:13:07,47800.0,4000,Sell,227596633
2024-07-31 10:13:07,47800.0,200,Sell,227596631
2024-07-31 10:13:07,47800.0,700,Sell,227596630
2024-07-31 10:13:07,47800.0,100,Sell,227596632
2024-07-31 10:13:12,47800.0,1000,Sell,227596706
2024-07-31 10:13:12,47800.0,1500,Sell,227596707
2024-07-31 10:13:12,47800.0,300,Sell,227596708
2024-07-31 10:13:12,47800.0,100,Sell,227596709
2024-07-31 10:13:12,47800.0,100,Sell,227596710
2024-07-31 10:13:14,47800.0,2000,Sell,227596757
2024-07-31 10:13:14,47800.0,2800,Sell,227596756
2024-07-31 10:13:14,47800.0,400,Sell,227596755
2024-07-31 10:13:32,47750.0,200,Sell,227597142
2024-07-31 10:13:55,47800.0,200,Buy,227597615
2024-07-31 10:14:01,47800.0,500,Buy,227597743
2024-07-31 10:14:08,47750.0,5000,Sell,227597879
2024-07-31 10:14:08,47750.0,2000,Sell,227597878
2024-07-31 10:14:08,47750.0,3000,Sell,227597880
2024-07-31 10:14:43,47750.0,1300,Sell,227598661
2024-07-31 10:14:48,47750.0,4700,Sell,227598742
2024-07-31 10:15:00,47800.0,1000,Buy,227598965
2024-07-31 10:15:18,47750.0,5000,Sell,227599412
2024-07-31 10:16:11,47750.0,100,Sell,227600539
2024-07-31 10:16:46,47750.0,7900,Sell,227601399
2024-07-31 10:17:03,47750.0,100,Sell,227601773
2024-07-31 10:17:37,47750.0,1000,Sell,227602591
2024-07-31 10:17:43,47750.0,1300,Sell,227602672
2024-07-31 10:17:50,47750.0,5000,Sell,227602795
2024-07-31 10:17:54,47750.0,600,Sell,227602871
2024-07-31 10:17:54,47750.0,1500,Sell,227602872
2024-07-31 10:17:56,47750.0,200,Sell,227602889
2024-07-31 10:18:10,47750.0,1000,Sell,227603174
2024-07-31 10:18:10,47750.0,300,Sell,227603172
2024-07-31 10:18:10,47750.0,100,Sell,227603173
2024-07-31 10:18:10,47750.0,2300,Sell,227603171
2024-07-31 10:18:13,47750.0,500,Sell,227603227
2024-07-31 10:18:45,47750.0,500,Sell,227603886
2024-07-31 10:18:45,47750.0,500,Sell,227603887
2024-07-31 10:18:45,47750.0,1100,Sell,227603888
2024-07-31 10:18:45,47750.0,100,Sell,227603889
2024-07-31 10:18:45,47750.0,5000,Sell,227603890
2024-07-31 10:19:07,47750.0,500,Buy,227604302
2024-07-31 10:19:15,47700.0,600,Sell,227604538
2024-07-31 10:19:33,47750.0,100,Buy,227604891
2024-07-31 10:19:55,47750.0,200,Buy,227605247
2024-07-31 10:19:55,47750.0,1000,Buy,227605248
2024-07-31 10:19:55,47750.0,2800,Buy,227605249
2024-07-31 10:20:01,47750.0,100,Buy,227605366
2024-07-31 10:20:15,47750.0,100,Buy,227605626
2024-07-31 10:21:06,47750.0,1000,Buy,227606603
2024-07-31 10:21:25,47750.0,900,Buy,227607034
2024-07-31 10:21:28,47750.0,100,Buy,227607095
2024-07-31 10:21:28,47750.0,3900,Buy,227607096
2024-07-31 10:21:28,47750.0,400,Buy,227607097
2024-07-31 10:21:28,47750.0,400,Buy,227607098
2024-07-31 10:21:28,47750.0,400,Buy,227607099
2024-07-31 10:21:28,47750.0,100,Buy,227607100
2024-07-31 10:21:28,47750.0,1000,Buy,227607101
2024-07-31 10:21:38,47750.0,100,Sell,227607286
2024-07-31 10:21:39,47800.0,1600,Buy,227607314
2024-07-31 10:21:43,47800.0,1900,Buy,227607374
2024-07-31 10:21:43,47800.0,100,Buy,227607373
2024-07-31 10:21:43,47800.0,100,Buy,227607372
2024-07-31 10:21:43,47800.0,100,Buy,227607371
2024-07-31 10:21:43,47800.0,200,Buy,227607370
2024-07-31 10:21:43,47800.0,100,Buy,227607369
2024-07-31 10:21:43,47800.0,400,Buy,227607368
2024-07-31 10:21:43,47800.0,400,Buy,227607366
2024-07-31 10:21:43,47800.0,400,Buy,227607365
2024-07-31 10:21:43,47800.0,100,Buy,227607364
2024-07-31 10:21:43,47800.0,400,Buy,227607363
2024-07-31 10:21:43,47800.0,2000,Buy,227607362
2024-07-31 10:21:43,47800.0,1500,Buy,227607361
2024-07-31 10:21:43,47800.0,400,Buy,227607367
2024-07-31 10:21:59,47800.0,6000,Sell,227607599
2024-07-31 10:22:36,47800.0,1000,Sell,227608239
2024-07-31 10:23:24,47850.0,1000,Buy,227609131
2024-07-31 10:23:24,47850.0,9000,Buy,227609132
2024-07-31 10:23:52,47850.0,6000,Buy,227609632
2024-07-31 10:24:39,47900.0,1000,Buy,227610757
2024-07-31 10:24:39,47900.0,100,Buy,227610756
2024-07-31 10:24:39,47900.0,20000,Buy,227610755
2024-07-31 10:24:39,47900.0,500,Buy,227610754
2024-07-31 10:24:39,47900.0,100,Buy,227610753
2024-07-31 10:24:39,47900.0,200,Buy,227610749
2024-07-31 10:24:39,47900.0,1000,Buy,227610751
2024-07-31 10:24:39,47900.0,18200,Buy,227610746
2024-07-31 10:24:39,47900.0,900,Buy,227610747
2024-07-31 10:24:39,47900.0,2000,Buy,227610752
2024-07-31 10:24:39,47900.0,900,Buy,227610750
2024-07-31 10:24:39,47900.0,100,Buy,227610748
2024-07-31 10:24:51,47850.0,100,Sell,227610947
2024-07-31 10:24:58,47850.0,100,Sell,227611289
2024-07-31 10:25:00,47900.0,100,Buy,227611392
2024-07-31 10:25:02,47900.0,300,Buy,227611492
2024-07-31 10:25:02,47900.0,500,Buy,227611493
2024-07-31 10:25:56,47900.0,100,Sell,227612451
2024-07-31 10:25:59,47950.0,100,Buy,227612482
2024-07-31 10:26:01,47900.0,900,Sell,227612510
2024-07-31 10:26:10,47900.0,100,Sell,227612700
2024-07-31 10:26:13,47900.0,1100,Sell,227612782
2024-07-31 10:26:24,47900.0,400,Buy,227612947
2024-07-31 10:26:24,47900.0,900,Buy,227612948
2024-07-31 10:26:24,47900.0,2900,Buy,227612945
2024-07-31 10:26:24,47900.0,400,Buy,227612946
2024-07-31 10:26:56,47900.0,100,Sell,227613419
2024-07-31 10:27:07,47900.0,1000,Sell,227613615
2024-07-31 10:27:18,47900.0,500,Sell,227613818
2024-07-31 10:27:35,47900.0,1000,Sell,227614078
2024-07-31 10:27:50,47900.0,500,Sell,227614338
2024-07-31 10:27:51,47900.0,1000,Sell,227614354
2024-07-31 10:27:59,47900.0,1000,Sell,227614449
2024-07-31 10:28:13,47900.0,200,Sell,227614673
2024-07-31 10:28:31,47900.0,100,Sell,227614950
2024-07-31 10:28:31,47900.0,1900,Sell,227614951
2024-07-31 10:28:34,47900.0,1000,Sell,227615016
2024-07-31 10:28:50,47900.0,100,Sell,227615323
2024-07-31 10:28:50,47900.0,3000,Sell,227615324
2024-07-31 10:29:25,47850.0,500,Sell,227615873
2024-07-31 10:29:53,47850.0,100,Sell,227616373
2024-07-31 10:30:00,47850.0,100,Sell,227616596
2024-07-31 10:30:01,47900.0,100,Buy,227616613
2024-07-31 10:30:02,47900.0,100,Buy,227616623
2024-07-31 10:30:24,47850.0,10000,Sell,227617220
2024-07-31 10:30:24,47850.0,3100,Sell,227617235
2024-07-31 10:30:24,47850.0,100,Sell,227617236
2024-07-31 10:31:03,47800.0,1500,Sell,227617942
2024-07-31 10:32:11,47850.0,100,Sell,227619158
2024-07-31 10:32:11,47800.0,300,Sell,227619159
2024-07-31 10:32:27,47800.0,100,Sell,227619426
2024-07-31 10:32:44,47900.0,2600,Buy,227619681
2024-07-31 10:32:44,47900.0,2000,Buy,227619682
2024-07-31 10:32:44,47900.0,100,Buy,227619683
2024-07-31 10:32:44,47900.0,100,Buy,227619684
2024-07-31 10:32:44,47900.0,200,Buy,227619685
2024-07-31 10:33:16,47800.0,200,Sell,227620141
2024-07-31 10:34:23,47850.0,300,Sell,227621322
2024-07-31 10:34:38,47850.0,10000,Sell,227621582
2024-07-31 10:34:51,47850.0,5000,Sell,227621799
2024-07-31 10:35:00,47850.0,400,Sell,227622014
2024-07-31 10:35:34,47850.0,2000,Sell,227622790
2024-07-31 10:35:34,47850.0,1000,Sell,227622791
2024-07-31 10:35:45,47850.0,1000,Sell,227623041
2024-07-31 10:37:39,47900.0,100,Buy,227625033
2024-07-31 10:37:39,47900.0,900,Buy,227625034
2024-07-31 10:37:58,47900.0,100,Buy,227625308
2024-07-31 10:37:58,47900.0,900,Buy,227625309
2024-07-31 10:38:54,47900.0,200,Buy,227627110
2024-07-31 10:38:55,47900.0,500,Buy,227627146
2024-07-31 10:39:07,47850.0,100,Sell,227627639
2024-07-31 10:39:36,47850.0,3700,Sell,227628287
2024-07-31 10:39:36,47850.0,100,Sell,227628285
2024-07-31 10:39:36,47850.0,1000,Sell,227628286
2024-07-31 10:39:36,47850.0,200,Sell,227628284
2024-07-31 10:40:53,47850.0,1000,Sell,227629652
2024-07-31 10:41:27,47850.0,1400,Sell,227630292
2024-07-31 10:41:29,47850.0,1000,Sell,227630309
2024-07-31 10:41:33,47850.0,1000,Sell,227630397
2024-07-31 10:42:01,47850.0,300,Sell,227630911
2024-07-31 10:42:19,47850.0,11600,Sell,227631377
2024-07-31 10:42:19,47850.0,100,Sell,227631378
2024-07-31 10:42:19,47850.0,3000,Sell,227631379
2024-07-31 10:42:19,47850.0,300,Sell,227631380
2024-07-31 10:42:19,47850.0,10000,Sell,227631381
2024-07-31 10:42:19,47850.0,100,Sell,227631382
2024-07-31 10:42:39,47850.0,4900,Buy,227631807
2024-07-31 10:42:39,47850.0,500,Buy,227631808
2024-07-31 10:42:59,47850.0,1000,Sell,227632169
2024-07-31 10:43:33,47900.0,600,Buy,227632849
2024-07-31 10:43:33,47900.0,2000,Buy,227632848
2024-07-31 10:43:33,47900.0,400,Buy,227632846
2024-07-31 10:43:33,47900.0,1000,Buy,227632847
2024-07-31 10:43:55,47900.0,300,Buy,227633348
2024-07-31 10:44:01,47900.0,1000,Buy,227633502
2024-07-31 10:44:01,47900.0,2800,Buy,227633501
2024-07-31 10:44:01,47900.0,300,Buy,227633500
2024-07-31 10:44:01,47900.0,500,Buy,227633499
2024-07-31 10:44:01,47900.0,100,Buy,227633498
2024-07-31 10:44:01,47900.0,100,Buy,227633497
2024-07-31 10:44:01,47900.0,400,Buy,227633503
2024-07-31 10:44:01,47900.0,1100,Buy,227633494
2024-07-31 10:44:01,47900.0,100,Buy,227633493
2024-07-31 10:44:01,47900.0,200,Buy,227633492
2024-07-31 10:44:01,47900.0,1000,Buy,227633491
2024-07-31 10:44:01,47900.0,1100,Buy,227633490
2024-07-31 10:44:01,47900.0,100,Buy,227633496
2024-07-31 10:44:01,47900.0,2500,Buy,227633495
2024-07-31 10:44:55,47900.0,200,Sell,227634611
2024-07-31 10:45:14,47900.0,100,Sell,227635028
2024-07-31 10:45:18,47900.0,400,Sell,227635151
2024-07-31 10:45:18,47900.0,500,Sell,227635152
2024-07-31 10:45:18,47900.0,1100,Sell,227635153
2024-07-31 10:45:33,47900.0,900,Sell,227635426
2024-07-31 10:45:33,47900.0,100,Sell,227635427
2024-07-31 10:45:33,47900.0,500,Sell,227635428
2024-07-31 10:45:33,47900.0,3000,Sell,227635429
2024-07-31 10:45:43,47900.0,5000,Buy,227635693
2024-07-31 10:45:57,47900.0,100,Buy,227635905
2024-07-31 10:46:08,47900.0,400,Buy,227636157
2024-07-31 10:46:15,47900.0,100,Sell,227636273
2024-07-31 10:46:38,47900.0,100,Sell,227636780
2024-07-31 10:46:49,47900.0,1500,Sell,227636988
2024-07-31 10:46:49,47900.0,2000,Sell,227636986
2024-07-31 10:46:49,47900.0,1000,Sell,227636987
2024-07-31 10:46:49,47900.0,100,Sell,227636984
2024-07-31 10:46:49,47900.0,4400,Sell,227636983
2024-07-31 10:46:49,47900.0,1000,Sell,227636985
2024-07-31 10:47:19,47900.0,1500,Sell,227637636
2024-07-31 10:47:19,47900.0,2000,Sell,227637637
2024-07-31 10:47:19,47900.0,500,Sell,227637638
2024-07-31 10:47:23,47900.0,2000,Sell,227637748
2024-07-31 10:47:41,47900.0,1000,Sell,227638118
2024-07-31 10:47:44,47900.0,5000,Sell,227638154
2024-07-31 10:47:44,47900.0,2000,Sell,227638153
2024-07-31 10:47:44,47900.0,1500,Sell,227638152
2024-07-31 10:47:57,47900.0,1500,Buy,227638612
2024-07-31 10:48:02,47900.0,400,Buy,227638714
2024-07-31 10:48:03,47900.0,4000,Sell,227638753
2024-07-31 10:48:40,47900.0,100,Sell,227639673
2024-07-31 10:48:41,47900.0,1000,Sell,227639715
2024-07-31 10:49:01,47900.0,100,Sell,227640483
2024-07-31 10:49:03,47950.0,100,Buy,227640524
2024-07-31 10:49:15,47900.0,400,Sell,227640800
2024-07-31 10:49:29,47900.0,4000,Sell,227641090
2024-07-31 10:49:29,47900.0,100,Sell,227641091
2024-07-31 10:49:29,47900.0,900,Sell,227641092
2024-07-31 10:49:36,47900.0,600,Sell,227641275
2024-07-31 10:49:36,47900.0,400,Sell,227641276
2024-07-31 10:49:40,47900.0,4600,Sell,227641400
2024-07-31 10:49:40,47900.0,200,Sell,227641401
2024-07-31 10:49:40,47900.0,1000,Sell,227641402
2024-07-31 10:49:41,47900.0,1600,Buy,227641450
2024-07-31 10:49:51,47900.0,1000,Sell,227641582
2024-07-31 10:50:03,47950.0,500,Buy,227641791
2024-07-31 10:50:30,47900.0,200,Sell,227642349
2024-07-31 10:50:41,47950.0,400,Buy,227642621
2024-07-31 10:50:41,47950.0,100,Buy,227642620
2024-07-31 10:50:41,47950.0,1000,Buy,227642619
2024-07-31 10:50:41,47950.0,500,Buy,227642618
2024-07-31 10:50:41,47950.0,100,Buy,227642617
2024-07-31 10:50:41,47950.0,500,Buy,227642616
2024-07-31 10:50:41,47950.0,200,Buy,227642615
2024-07-31 10:50:41,47950.0,2000,Buy,227642614
2024-07-31 10:50:41,47950.0,100,Buy,227642622
2024-07-31 10:50:41,47950.0,4000,Buy,227642609
2024-07-31 10:50:41,47950.0,100,Buy,227642613
2024-07-31 10:50:41,47950.0,100,Buy,227642607
2024-07-31 10:50:41,47950.0,5000,Buy,227642608
2024-07-31 10:50:41,47950.0,4200,Buy,227642598
2024-07-31 10:50:41,47950.0,100,Buy,227642600
2024-07-31 10:50:41,47950.0,600,Buy,227642601
2024-07-31 10:50:41,47950.0,1000,Buy,227642599
2024-07-31 10:50:41,47950.0,500,Buy,227642603
2024-07-31 10:50:41,47950.0,1000,Buy,227642604
2024-07-31 10:50:41,47950.0,500,Buy,227642605
2024-07-31 10:50:41,47950.0,100,Buy,227642606
2024-07-31 10:50:41,47950.0,500,Buy,227642602
2024-07-31 10:50:44,48000.0,200,Buy,227642850
2024-07-31 10:50:44,48000.0,100,Buy,227642853
2024-07-31 10:50:44,48000.0,30600,Buy,227642852
2024-07-31 10:50:44,48000.0,500,Buy,227642851
2024-07-31 10:50:44,48000.0,400,Buy,227642854
2024-07-31 10:50:44,48000.0,1000,Buy,227642849
2024-07-31 10:50:44,48000.0,500,Buy,227642843
2024-07-31 10:50:44,48000.0,400,Buy,227642847
2024-07-31 10:50:44,48000.0,200,Buy,227642846
2024-07-31 10:50:44,48000.0,100,Buy,227642845
2024-07-31 10:50:44,48000.0,500,Buy,227642844
2024-07-31 10:50:44,48000.0,500,Buy,227642842
2024-07-31 10:50:44,48000.0,500,Buy,227642841
2024-07-31 10:50:44,48000.0,500,Buy,227642848
2024-07-31 10:50:44,48000.0,7000,Buy,227642855
2024-07-31 10:50:44,48000.0,1000,Buy,227642840
2024-07-31 10:50:44,48000.0,100,Buy,227642857
2024-07-31 10:50:44,48000.0,3500,Buy,227642858
2024-07-31 10:50:44,48000.0,500,Buy,227642859
2024-07-31 10:50:44,48000.0,200,Buy,227642860
2024-07-31 10:50:44,48000.0,100,Buy,227642863
2024-07-31 10:50:44,48000.0,200,Buy,227642864
2024-07-31 10:50:44,48000.0,5000,Buy,227642865
2024-07-31 10:50:44,48000.0,2000,Buy,227642866
2024-07-31 10:50:44,48000.0,1000,Buy,227642867
2024-07-31 10:50:44,48000.0,1000,Buy,227642868
2024-07-31 10:50:44,48000.0,100,Buy,227642869
2024-07-31 10:50:44,48000.0,200,Buy,227642870
2024-07-31 10:50:44,48000.0,300,Buy,227642871
2024-07-31 10:50:44,48000.0,5000,Buy,227642872
2024-07-31 10:50:44,48000.0,3000,Buy,227642856
2024-07-31 10:50:44,48000.0,500,Buy,227642839
2024-07-31 10:50:44,48000.0,300,Buy,227642862
2024-07-31 10:50:44,48000.0,2000,Buy,227642837
2024-07-31 10:50:44,48000.0,700,Buy,227642817
2024-07-31 10:50:44,48000.0,1600,Buy,227642816
2024-07-31 10:50:44,48000.0,200,Buy,227642815
2024-07-31 10:50:44,48000.0,100,Buy,227642814
2024-07-31 10:50:44,48000.0,8000,Buy,227642813
2024-07-31 10:50:44,48000.0,6000,Buy,227642812
2024-07-31 10:50:44,48000.0,500,Buy,227642818
2024-07-31 10:50:44,48000.0,1000,Buy,227642811
2024-07-31 10:50:44,48000.0,100,Buy,227642809
2024-07-31 10:50:44,48000.0,1000,Buy,227642808
2024-07-31 10:50:44,48000.0,500,Buy,227642807
2024-07-31 10:50:44,48000.0,100,Buy,227642806
2024-07-31 10:50:44,48000.0,500,Buy,227642805
2024-07-31 10:50:44,48000.0,2000,Buy,227642838
2024-07-31 10:50:44,48000.0,1100,Buy,227642810
2024-07-31 10:50:44,48000.0,1000,Buy,227642819
2024-07-31 10:50:44,48000.0,200,Buy,227642861
2024-07-31 10:50:44,48000.0,100,Buy,227642821
2024-07-31 10:50:44,48000.0,100,Buy,227642835
2024-07-31 10:50:44,48000.0,1500,Buy,227642834
2024-07-31 10:50:44,48000.0,500,Buy,227642833
2024-07-31 10:50:44,48000.0,1000,Buy,227642832
2024-07-31 10:50:44,48000.0,100,Buy,227642831
2024-07-31 10:50:44,48000.0,1000,Buy,227642830
2024-07-31 10:50:44,48000.0,100,Buy,227642829
2024-07-31 10:50:44,48000.0,500,Buy,227642820
2024-07-31 10:50:44,48000.0,100,Buy,227642827
2024-07-31 10:50:44,48000.0,100,Buy,227642826
2024-07-31 10:50:44,48000.0,100,Buy,227642825
2024-07-31 10:50:44,48000.0,4000,Buy,227642836
2024-07-31 10:50:44,48000.0,100,Buy,227642824
2024-07-31 10:50:44,48000.0,100,Buy,227642823
2024-07-31 10:50:44,48000.0,1000,Buy,227642822
2024-07-31 10:50:44,48000.0,1000,Buy,227642828
2024-07-31 10:50:45,48000.0,400,Sell,227642893
2024-07-31 10:50:45,48050.0,6000,Buy,227642903
2024-07-31 10:50:45,48050.0,200,Buy,227642904
2024-07-31 10:50:45,48050.0,300,Buy,227642905
2024-07-31 10:50:45,48050.0,100,Buy,227642906
2024-07-31 10:50:45,48050.0,100,Buy,227642907
2024-07-31 10:51:13,48100.0,4800,Buy,227643686
2024-07-31 10:51:13,48100.0,200,Buy,227643685
2024-07-31 10:51:14,48100.0,1000,Buy,227643735
2024-07-31 10:51:14,48100.0,700,Buy,227643734
2024-07-31 10:51:14,48100.0,1000,Buy,227643733
2024-07-31 10:51:14,48100.0,200,Buy,227643732
2024-07-31 10:51:14,48100.0,500,Buy,227643729
2024-07-31 10:51:14,48100.0,200,Buy,227643728
2024-07-31 10:51:14,48100.0,100,Buy,227643727
2024-07-31 10:51:14,48100.0,400,Buy,227643726
2024-07-31 10:51:14,48100.0,100,Buy,227643725
2024-07-31 10:51:14,48100.0,400,Buy,227643724
2024-07-31 10:51:14,48100.0,200,Buy,227643722
2024-07-31 10:51:14,48100.0,100,Buy,227643721
2024-07-31 10:51:14,48100.0,600,Buy,227643720
2024-07-31 10:51:14,48100.0,500,Buy,227643723
2024-07-31 10:51:14,48100.0,500,Buy,227643718
2024-07-31 10:51:14,48100.0,200,Buy,227643706
2024-07-31 10:51:14,48100.0,200,Buy,227643707
2024-07-31 10:51:14,48100.0,100,Buy,227643708
2024-07-31 10:51:14,48100.0,1100,Buy,227643719
2024-07-31 10:51:14,48100.0,1000,Buy,227643710
2024-07-31 10:51:14,48100.0,6000,Buy,227643711
2024-07-31 10:51:14,48100.0,100,Buy,227643709
2024-07-31 10:51:14,48100.0,200,Buy,227643713
2024-07-31 10:51:14,48100.0,500,Buy,227643714
2024-07-31 10:51:14,48100.0,500,Buy,227643715
2024-07-31 10:51:14,48100.0,1600,Buy,227643716
2024-07-31 10:51:14,48100.0,100,Buy,227643717
2024-07-31 10:51:14,48100.0,500,Buy,227643712
2024-07-31 10:51:17,48100.0,3000,Buy,227643793
2024-07-31 10:51:17,48100.0,100,Buy,227643794
2024-07-31 10:51:17,48100.0,200,Buy,227643795
2024-07-31 10:51:17,48100.0,300,Buy,227643796
2024-07-31 10:51:27,48150.0,200,Buy,227644236
2024-07-31 10:51:27,48150.0,100,Buy,227644233
2024-07-31 10:51:27,48150.0,2500,Buy,227644234
2024-07-31 10:51:27,48150.0,200,Buy,227644235
2024-07-31 10:51:28,48100.0,100,Sell,227644264
2024-07-31 10:51:32,48150.0,300,Buy,227644419
2024-07-31 10:51:32,48150.0,100,Buy,227644420
2024-07-31 10:51:40,48150.0,200,Sell,227644683
2024-07-31 10:51:54,48150.0,100,Sell,227644987
2024-07-31 10:51:56,48200.0,100,Buy,227645016
2024-07-31 10:52:03,48150.0,100,Sell,227645222
2024-07-31 10:52:04,48150.0,200,Sell,227645244
2024-07-31 10:52:04,48150.0,400,Sell,227645245
2024-07-31 10:52:04,48150.0,800,Sell,227645246
2024-07-31 10:52:04,48150.0,500,Sell,227645247
2024-07-31 10:52:47,48100.0,500,Sell,227646280
2024-07-31 10:52:57,48100.0,100,Sell,227646517
2024-07-31 10:53:00,48100.0,100,Sell,227646595
2024-07-31 10:53:26,48100.0,200,Sell,227647365
2024-07-31 10:53:29,48100.0,200,Sell,227647526
2024-07-31 10:53:32,48100.0,100,Sell,227647624
2024-07-31 10:53:43,48150.0,100,Buy,227647878
2024-07-31 10:53:44,48100.0,100,Sell,227647893
2024-07-31 10:53:57,48100.0,900,Sell,227648362
2024-07-31 10:53:59,48100.0,2000,Sell,227648415
2024-07-31 10:53:59,48100.0,2400,Sell,227648416
2024-07-31 10:54:01,48100.0,600,Sell,227648460
2024-07-31 10:54:01,48100.0,600,Sell,227648458
2024-07-31 10:54:01,48100.0,300,Sell,227648459
2024-07-31 10:54:12,48100.0,1000,Sell,227648732
2024-07-31 10:54:13,48100.0,1000,Sell,227648773
2024-07-31 10:54:15,48100.0,600,Sell,227648823
2024-07-31 10:54:16,48100.0,100,Sell,227648857
2024-07-31 10:54:18,48100.0,6700,Sell,227648890
2024-07-31 10:54:18,48100.0,1000,Sell,227648891
2024-07-31 10:54:18,48100.0,3000,Sell,227648892
2024-07-31 10:54:34,48050.0,2000,Sell,227649407
2024-07-31 10:54:34,48050.0,100,Sell,227649406
2024-07-31 10:54:34,48050.0,500,Sell,227649404
2024-07-31 10:54:34,48050.0,2000,Sell,227649403
2024-07-31 10:54:34,48050.0,2000,Sell,227649405
2024-07-31 10:54:36,48050.0,100,Buy,227649440
2024-07-31 10:54:45,48050.0,8300,Buy,227649712
2024-07-31 10:54:46,48000.0,5000,Sell,227649740
2024-07-31 10:54:48,48050.0,200,Buy,227649832
2024-07-31 10:54:48,48050.0,2000,Buy,227649833
2024-07-31 10:54:49,48050.0,5000,Sell,227649860
2024-07-31 10:55:02,48050.0,2200,Sell,227650340
2024-07-31 10:55:02,48050.0,12800,Sell,227650339
2024-07-31 10:55:08,48050.0,400,Buy,227650507
2024-07-31 10:55:10,48050.0,13900,Buy,227650568
2024-07-31 10:55:10,48050.0,400,Buy,227650569
2024-07-31 10:55:20,48050.0,100,Buy,227650827
2024-07-31 10:55:20,48050.0,200,Buy,227650828
2024-07-31 10:55:38,48100.0,2000,Buy,227651333
2024-07-31 10:55:44,48100.0,400,Buy,227651429
2024-07-31 10:55:44,48100.0,1000,Buy,227651427
2024-07-31 10:55:44,48100.0,2000,Buy,227651428
2024-07-31 10:56:07,48100.0,600,Sell,227652018
2024-07-31 10:56:09,48100.0,200,Sell,227652109
2024-07-31 10:56:09,48100.0,900,Sell,227652108
2024-07-31 10:56:23,48150.0,18000,Buy,227652586
2024-07-31 10:56:23,48150.0,100,Buy,227652587
2024-07-31 10:56:23,48150.0,500,Buy,227652588
2024-07-31 10:56:23,48150.0,1000,Buy,227652589
2024-07-31 10:56:23,48150.0,400,Buy,227652590
2024-07-31 10:56:24,48100.0,800,Sell,227652687
2024-07-31 10:56:28,48100.0,600,Sell,227652909
2024-07-31 10:56:31,48100.0,500,Sell,227653008
2024-07-31 10:56:39,48150.0,600,Buy,227653223
2024-07-31 10:56:39,48150.0,100,Buy,227653224
2024-07-31 10:56:39,48150.0,100,Buy,227653225
2024-07-31 10:56:39,48150.0,2200,Buy,227653226
2024-07-31 10:56:48,48150.0,700,Buy,227653455
2024-07-31 10:57:00,48150.0,200,Buy,227653756
2024-07-31 10:57:38,48150.0,800,Buy,227654556
2024-07-31 10:57:43,48100.0,100,Sell,227654635
2024-07-31 10:58:06,48100.0,2000,Sell,227655142
2024-07-31 10:58:32,48100.0,1000,Sell,227655772
2024-07-31 10:58:33,48100.0,500,Sell,227655799
2024-07-31 10:58:40,48100.0,2000,Sell,227655946
2024-07-31 10:58:43,48100.0,100,Sell,227655994
2024-07-31 10:58:49,48100.0,100,Sell,227656075
2024-07-31 10:58:55,48100.0,100,Sell,227656171
2024-07-31 10:58:58,48150.0,5000,Buy,227656261
2024-07-31 10:58:58,48150.0,100,Buy,227656256
2024-07-31 10:58:58,48150.0,2000,Buy,227656259
2024-07-31 10:58:58,48150.0,200,Buy,227656258
2024-07-31 10:58:58,48150.0,500,Buy,227656262
2024-07-31 10:58:58,48150.0,1000,Buy,227656257
2024-07-31 10:58:58,48150.0,100,Buy,227656255
2024-07-31 10:58:58,48150.0,100,Buy,227656260
2024-07-31 10:58:58,48150.0,200,Buy,227656253
2024-07-31 10:58:58,48150.0,100,Buy,227656254
2024-07-31 10:58:58,48150.0,1400,Buy,227656247
2024-07-31 10:58:58,48150.0,3500,Buy,227656248
2024-07-31 10:58:58,48150.0,300,Buy,227656251
2024-07-31 10:58:58,48150.0,400,Buy,227656250
2024-07-31 10:58:58,48150.0,100,Buy,227656252
2024-07-31 10:58:58,48150.0,10000,Buy,227656249
2024-07-31 10:59:18,48150.0,500,Buy,227656716
2024-07-31 10:59:18,48150.0,400,Buy,227656717
2024-07-31 10:59:26,48150.0,100,Sell,227656947
2024-07-31 10:59:36,48150.0,100,Sell,227657088
2024-07-31 10:59:37,48100.0,100,Sell,227657117
2024-07-31 10:59:45,48100.0,100,Sell,227657239
2024-07-31 11:00:25,48100.0,1900,Sell,227657827
2024-07-31 11:00:28,48100.0,200,Sell,227657876
2024-07-31 11:00:36,48100.0,2000,Sell,227658055
2024-07-31 11:00:38,48100.0,500,Sell,227658074
2024-07-31 11:00:48,48200.0,100,Buy,227658271
2024-07-31 11:00:48,48200.0,10000,Buy,227658272
2024-07-31 11:00:48,48200.0,200,Buy,227658273
2024-07-31 11:00:48,48200.0,100,Buy,227658274
2024-07-31 11:00:48,48200.0,2000,Buy,227658275
2024-07-31 11:00:48,48200.0,100,Buy,227658284
2024-07-31 11:00:48,48200.0,200,Buy,227658277
2024-07-31 11:00:48,48200.0,100,Buy,227658280
2024-07-31 11:00:48,48200.0,500,Buy,227658283
2024-07-31 11:00:48,48200.0,1000,Buy,227658270
2024-07-31 11:00:48,48200.0,500,Buy,227658285
2024-07-31 11:00:48,48200.0,1000,Buy,227658276
2024-07-31 11:00:48,48200.0,100,Buy,227658269
2024-07-31 11:00:48,48200.0,400,Buy,227658279
2024-07-31 11:00:48,48200.0,100,Buy,227658267
2024-07-31 11:00:48,48200.0,100,Buy,227658268
2024-07-31 11:00:48,48150.0,100,Buy,227658254
2024-07-31 11:00:48,48150.0,400,Buy,227658255
2024-07-31 11:00:48,48150.0,3000,Buy,227658256
2024-07-31 11:00:48,48150.0,1000,Buy,227658257
2024-07-31 11:00:48,48150.0,5000,Buy,227658258
2024-07-31 11:00:48,48150.0,300,Buy,227658259
2024-07-31 11:00:48,48200.0,500,Buy,227658278
2024-07-31 11:00:48,48200.0,1000,Buy,227658261
2024-07-31 11:00:48,48200.0,500,Buy,227658262
2024-07-31 11:00:48,48200.0,100,Buy,227658263
2024-07-31 11:00:48,48200.0,500,Buy,227658264
2024-07-31 11:00:48,48200.0,100,Buy,227658265
2024-07-31 11:00:48,48200.0,500,Buy,227658260
2024-07-31 11:00:48,48200.0,500,Buy,227658266
2024-07-31 11:02:29,48150.0,4000,Sell,227660174
2024-07-31 11:02:35,48150.0,1100,Sell,227660320
2024-07-31 11:02:37,48200.0,500,Buy,227660364
2024-07-31 11:02:37,48200.0,1000,Buy,227660368
2024-07-31 11:02:37,48200.0,400,Buy,227660369
2024-07-31 11:02:37,48200.0,3500,Buy,227660370
2024-07-31 11:02:37,48200.0,400,Buy,227660375
2024-07-31 11:02:37,48200.0,400,Buy,227660372
2024-07-31 11:02:37,48200.0,1000,Buy,227660373
2024-07-31 11:02:37,48200.0,100,Buy,227660374
2024-07-31 11:02:37,48200.0,900,Buy,227660376
2024-07-31 11:02:37,48200.0,200,Buy,227660371
2024-07-31 11:02:37,48200.0,100,Buy,227660367
2024-07-31 11:02:37,48200.0,1000,Buy,227660360
2024-07-31 11:02:37,48200.0,1900,Buy,227660365
2024-07-31 11:02:37,48200.0,100,Buy,227660354
2024-07-31 11:02:37,48200.0,100,Buy,227660366
2024-07-31 11:02:37,48200.0,100,Buy,227660356
2024-07-31 11:02:37,48200.0,2000,Buy,227660357
2024-07-31 11:02:37,48200.0,200,Buy,227660355
2024-07-31 11:02:37,48200.0,4500,Buy,227660359
2024-07-31 11:02:37,48200.0,2000,Buy,227660361
2024-07-31 11:02:37,48200.0,100,Buy,227660362
2024-07-31 11:02:37,48200.0,1000,Buy,227660363
2024-07-31 11:02:37,48200.0,500,Buy,227660358
2024-07-31 11:02:39,48200.0,300,Sell,227660432
2024-07-31 11:02:41,48200.0,200,Sell,227660495
2024-07-31 11:02:43,48200.0,2500,Sell,227660552
2024-07-31 11:02:43,48200.0,5000,Buy,227660556
2024-07-31 11:02:53,48200.0,3000,Buy,227660703
2024-07-31 11:03:08,48200.0,600,Buy,227660913
2024-07-31 11:03:28,48200.0,200,Buy,227661399
2024-07-31 11:03:30,48200.0,3000,Buy,227661422
2024-07-31 11:03:32,48150.0,1000,Sell,227661491
2024-07-31 11:03:35,48200.0,700,Buy,227661548
2024-07-31 11:03:35,48200.0,300,Buy,227661549
2024-07-31 11:03:50,48200.0,100,Buy,227661809
2024-07-31 11:03:50,48200.0,1000,Buy,227661820
2024-07-31 11:03:50,48200.0,3000,Buy,227661819
2024-07-31 11:03:50,48200.0,100,Buy,227661818
2024-07-31 11:03:50,48200.0,300,Buy,227661817
2024-07-31 11:03:50,48200.0,500,Buy,227661821
2024-07-31 11:03:50,48200.0,200,Buy,227661815
2024-07-31 11:03:50,48200.0,100,Buy,227661814
2024-07-31 11:03:50,48200.0,1000,Buy,227661813
2024-07-31 11:03:50,48200.0,100,Buy,227661810
2024-07-31 11:03:50,48200.0,500,Buy,227661816
2024-07-31 11:04:01,48200.0,500,Sell,227662024
2024-07-31 11:04:01,48200.0,100,Sell,227662026
2024-07-31 11:04:03,48200.0,2000,Sell,227662040
2024-07-31 11:04:09,48200.0,200,Sell,227662235
2024-07-31 11:04:10,48200.0,500,Sell,227662261
2024-07-31 11:04:10,48200.0,100,Sell,227662265
2024-07-31 11:04:11,48200.0,100,Sell,227662279
2024-07-31 11:04:11,48200.0,200,Sell,227662281
2024-07-31 11:04:11,48200.0,100,Sell,227662280
2024-07-31 11:04:11,48200.0,100,Sell,227662278
2024-07-31 11:04:11,48200.0,100,Sell,227662276
2024-07-31 11:04:11,48200.0,100,Sell,227662275
2024-07-31 11:04:11,48200.0,100,Sell,227662274
2024-07-31 11:04:11,48200.0,100,Sell,227662277
2024-07-31 11:04:11,48200.0,100,Sell,227662273
2024-07-31 11:04:13,48200.0,1800,Sell,227662323
2024-07-31 11:04:13,48200.0,200,Sell,227662324
2024-07-31 11:04:13,48200.0,400,Sell,227662332
2024-07-31 11:04:16,48200.0,100,Sell,227662384
2024-07-31 11:04:21,48200.0,700,Sell,227662468
2024-07-31 11:04:22,48250.0,500,Buy,227662559
2024-07-31 11:04:22,48250.0,500,Buy,227662560
2024-07-31 11:04:22,48250.0,500,Buy,227662561
2024-07-31 11:04:22,48250.0,100,Buy,227662562
2024-07-31 11:04:22,48250.0,10000,Buy,227662566
2024-07-31 11:04:22,48250.0,100,Buy,227662564
2024-07-31 11:04:22,48250.0,100,Buy,227662565
2024-07-31 11:04:22,48250.0,200,Buy,227662567
2024-07-31 11:04:22,48250.0,500,Buy,227662563
2024-07-31 11:04:22,48250.0,500,Buy,227662558
2024-07-31 11:04:22,48250.0,1900,Buy,227662553
2024-07-31 11:04:22,48250.0,500,Buy,227662556
2024-07-31 11:04:22,48250.0,100,Buy,227662557
2024-07-31 11:04:22,48250.0,100,Buy,227662547
2024-07-31 11:04:22,48250.0,100,Buy,227662548
2024-07-31 11:04:22,48250.0,200,Buy,227662549
2024-07-31 11:04:22,48250.0,100,Buy,227662551
2024-07-31 11:04:22,48250.0,100,Buy,227662552
2024-07-31 11:04:22,48250.0,1000,Buy,227662554
2024-07-31 11:04:22,48250.0,200,Buy,227662555
2024-07-31 11:04:22,48250.0,100,Buy,227662550
2024-07-31 11:04:28,48250.0,100,Sell,227662629
2024-07-31 11:04:33,48250.0,100,Sell,227662731
2024-07-31 11:04:36,48250.0,500,Sell,227662933
2024-07-31 11:04:45,48250.0,100,Sell,227663163
2024-07-31 11:05:03,48250.0,300,Sell,227663638
2024-07-31 11:05:05,48300.0,1500,Buy,227663686
2024-07-31 11:05:05,48300.0,100,Buy,227663681
2024-07-31 11:05:05,48300.0,100,Buy,227663682
2024-07-31 11:05:05,48300.0,1000,Buy,227663685
2024-07-31 11:05:05,48300.0,500,Buy,227663684
2024-07-31 11:05:05,48300.0,5400,Buy,227663680
2024-07-31 11:05:05,48300.0,100,Buy,227663683
2024-07-31 11:05:05,48300.0,100,Buy,227663679
2024-07-31 11:05:05,48300.0,1000,Buy,227663674
2024-07-31 11:05:05,48300.0,20000,Buy,227663677
2024-07-31 11:05:05,48300.0,100,Buy,227663676
2024-07-31 11:05:05,48300.0,500,Buy,227663675
2024-07-31 11:05:05,48300.0,300,Buy,227663673
2024-07-31 11:05:05,48300.0,11000,Buy,227663672
2024-07-31 11:05:05,48300.0,100,Buy,227663670
2024-07-31 11:05:05,48300.0,200,Buy,227663678
2024-07-31 11:05:05,48300.0,300,Buy,227663671
2024-07-31 11:05:05,48300.0,100,Buy,227663687
2024-07-31 11:05:05,48300.0,100,Buy,227663689
2024-07-31 11:05:05,48300.0,700,Buy,227663692
2024-07-31 11:05:05,48300.0,100,Buy,227663688
2024-07-31 11:05:05,48300.0,500,Buy,227663690
2024-07-31 11:05:05,48300.0,200,Buy,227663691
2024-07-31 11:05:08,48250.0,1000,Sell,227663729
2024-07-31 11:05:28,48250.0,100,Sell,227664056
2024-07-31 11:05:46,48250.0,200,Sell,227664338
2024-07-31 11:06:06,48250.0,100,Sell,227664761
2024-07-31 11:06:10,48250.0,500,Sell,227664816
2024-07-31 11:06:10,48250.0,100,Sell,227664815
2024-07-31 11:06:10,48250.0,1900,Sell,227664817
2024-07-31 11:06:12,48250.0,100,Sell,227664837
2024-07-31 11:06:16,48250.0,600,Sell,227664884
2024-07-31 11:06:16,48250.0,100,Sell,227664893
2024-07-31 11:06:17,48250.0,100,Sell,227664898
2024-07-31 11:06:17,48300.0,300,Buy,227664906
2024-07-31 11:06:17,48300.0,200,Buy,227664907
2024-07-31 11:06:33,48250.0,100,Sell,227665144
2024-07-31 11:06:45,48250.0,100,Sell,227665332
2024-07-31 11:06:45,48250.0,1400,Sell,227665333
2024-07-31 11:06:53,48250.0,100,Sell,227665443
2024-07-31 11:06:55,48250.0,500,Sell,227665473
2024-07-31 11:06:56,48300.0,100,Buy,227665489
2024-07-31 11:06:56,48300.0,1700,Buy,227665488
2024-07-31 11:06:56,48300.0,200,Buy,227665487
2024-07-31 11:06:56,48300.0,1000,Buy,227665486
2024-07-31 11:06:56,48300.0,300,Buy,227665484
2024-07-31 11:06:56,48250.0,200,Buy,227665482
2024-07-31 11:06:56,48250.0,1200,Buy,227665481
2024-07-31 11:06:56,48250.0,300,Sell,227665477
2024-07-31 11:06:56,48300.0,7400,Buy,227665485
2024-07-31 11:06:56,48300.0,100,Buy,227665483
2024-07-31 11:07:27,48250.0,100,Buy,227666179
2024-07-31 11:08:06,48250.0,900,Sell,227666647
2024-07-31 11:08:06,48250.0,100,Sell,227666648
2024-07-31 11:08:07,48250.0,300,Sell,227666653
2024-07-31 11:08:07,48250.0,1000,Sell,227666654
2024-07-31 11:08:07,48250.0,200,Sell,227666655
2024-07-31 11:08:32,48250.0,100,Sell,227667044
2024-07-31 11:08:48,48250.0,200,Sell,227667293
2024-07-31 11:09:15,48250.0,2000,Sell,227667771
2024-07-31 11:09:18,48250.0,300,Sell,227667814
2024-07-31 11:09:28,48250.0,100,Sell,227667995
2024-07-31 11:09:36,48250.0,1900,Sell,227668076
2024-07-31 11:09:37,48250.0,100,Sell,227668078
2024-07-31 11:09:40,48250.0,300,Sell,227668125
2024-07-31 11:10:00,48250.0,200,Sell,227668353
2024-07-31 11:10:01,48250.0,300,Sell,227668360
2024-07-31 11:10:02,48250.0,3000,Sell,227668371
2024-07-31 11:10:20,48250.0,3300,Sell,227668634
2024-07-31 11:10:20,48250.0,700,Sell,227668635
2024-07-31 11:10:23,48250.0,1000,Sell,227668675
2024-07-31 11:10:24,48250.0,200,Sell,227668689
2024-07-31 11:10:32,48250.0,100,Sell,227668832
2024-07-31 11:10:32,48250.0,200,Sell,227668833
2024-07-31 11:10:44,48250.0,1000,Sell,227669123
2024-07-31 11:10:48,48250.0,100,Sell,227669214
2024-07-31 11:10:49,48250.0,100,Sell,227669225
2024-07-31 11:10:58,48250.0,200,Buy,227669375
2024-07-31 11:11:08,48250.0,2000,Buy,227669525
2024-07-31 11:11:11,48250.0,400,Buy,227669589
2024-07-31 11:11:11,48250.0,2000,Buy,227669587
2024-07-31 11:11:11,48250.0,400,Buy,227669588
2024-07-31 11:11:19,48250.0,200,Sell,227669699
2024-07-31 11:11:22,48250.0,800,Buy,227669779
2024-07-31 11:11:53,48250.0,2300,Sell,227670247
2024-07-31 11:11:56,48250.0,700,Sell,227670299
2024-07-31 11:11:56,48250.0,200,Sell,227670300
2024-07-31 11:12:03,48250.0,300,Sell,227670374
2024-07-31 11:12:03,48250.0,200,Sell,227670375
2024-07-31 11:12:04,48250.0,2800,Sell,227670384
2024-07-31 11:12:25,48250.0,2200,Buy,227670688
2024-07-31 11:12:46,48250.0,100,Sell,227670998
2024-07-31 11:12:46,48250.0,100,Sell,227671000
2024-07-31 11:13:14,48250.0,200,Sell,227671446
2024-07-31 11:13:15,48250.0,300,Sell,227671463
2024-07-31 11:13:20,48250.0,2000,Sell,227671517
2024-07-31 11:13:31,48250.0,800,Sell,227671670
2024-07-31 11:13:33,48250.0,100,Sell,227671693
2024-07-31 11:13:34,48250.0,1000,Sell,227671703
2024-07-31 11:13:37,48250.0,500,Sell,227671728
2024-07-31 11:13:49,48250.0,4000,Sell,227671897
2024-07-31 11:13:51,48250.0,2000,Sell,227671937
2024-07-31 11:13:59,48250.0,5000,Sell,227672009
2024-07-31 11:14:06,48250.0,500,Sell,227672089
2024-07-31 11:14:07,48250.0,1200,Sell,227672118
2024-07-31 11:14:07,48250.0,2000,Sell,227672119
2024-07-31 11:14:23,48250.0,1000,Buy,227672363
2024-07-31 11:14:23,48250.0,400,Buy,227672364
2024-07-31 11:14:24,48250.0,400,Sell,227672372
2024-07-31 11:14:38,48250.0,200,Sell,227672556
2024-07-31 11:14:45,48250.0,100,Sell,227672641
2024-07-31 11:14:47,48250.0,100,Sell,227672652
2024-07-31 11:14:53,48250.0,2000,Sell,227672722
2024-07-31 11:14:54,48250.0,800,Sell,227672729
2024-07-31 11:14:57,48250.0,200,Buy,227672790
2024-07-31 11:15:06,48300.0,100,Buy,227672943
2024-07-31 11:15:06,48300.0,2000,Buy,227672942
2024-07-31 11:15:06,48300.0,1000,Buy,227672941
2024-07-31 11:15:06,48300.0,100,Buy,227672940
2024-07-31 11:15:06,48300.0,31400,Buy,227672939
2024-07-31 11:15:06,48300.0,600,Buy,227672931
2024-07-31 11:15:06,48300.0,5000,Buy,227672936
2024-07-31 11:15:06,48300.0,5000,Buy,227672935
2024-07-31 11:15:06,48300.0,900,Buy,227672934
2024-07-31 11:15:06,48300.0,500,Buy,227672932
2024-07-31 11:15:06,48300.0,400,Buy,227672944
2024-07-31 11:15:06,48300.0,1500,Buy,227672930
2024-07-31 11:15:06,48300.0,400,Buy,227672938
2024-07-31 11:15:06,48300.0,1000,Buy,227672928
2024-07-31 11:15:06,48300.0,100,Buy,227672929
2024-07-31 11:15:06,48300.0,1400,Buy,227672916
2024-07-31 11:15:06,48300.0,500,Buy,227672917
2024-07-31 11:15:06,48300.0,1000,Buy,227672918
2024-07-31 11:15:06,48300.0,1500,Buy,227672919
2024-07-31 11:15:06,48300.0,100,Buy,227672920
2024-07-31 11:15:06,48300.0,100,Buy,227672921
2024-07-31 11:15:06,48300.0,1000,Buy,227672937
2024-07-31 11:15:06,48300.0,100,Buy,227672923
2024-07-31 11:15:06,48300.0,2000,Buy,227672924
2024-07-31 11:15:06,48300.0,10000,Buy,227672925
2024-07-31 11:15:06,48300.0,100,Buy,227672926
2024-07-31 11:15:06,48300.0,100,Buy,227672927
2024-07-31 11:15:06,48300.0,5000,Buy,227672922
2024-07-31 11:15:09,48250.0,5000,Buy,227672990
2024-07-31 11:15:13,48250.0,5000,Buy,227673037
2024-07-31 11:15:13,48250.0,100,Buy,227673038
2024-07-31 11:15:33,48300.0,400,Buy,227673288
2024-07-31 11:15:33,48300.0,500,Buy,227673289
2024-07-31 11:15:33,48300.0,100,Buy,227673290
2024-07-31 11:15:43,48250.0,3000,Sell,227673423
2024-07-31 11:16:02,48300.0,100,Sell,227673713
2024-07-31 11:16:11,48350.0,200,Buy,227673968
2024-07-31 11:16:11,48350.0,2000,Buy,227673969
2024-07-31 11:16:11,48350.0,300,Buy,227673966
2024-07-31 11:16:11,48350.0,1000,Buy,227673967
2024-07-31 11:16:19,48350.0,400,Buy,227674130
2024-07-31 11:16:38,48300.0,100,Buy,227674403
2024-07-31 11:16:47,48300.0,100,Buy,227674584
2024-07-31 11:16:47,48300.0,1000,Buy,227674585
2024-07-31 11:17:13,48300.0,100,Buy,227674950
2024-07-31 11:17:25,48250.0,500,Sell,227675168
2024-07-31 11:17:29,48300.0,200,Buy,227675234
2024-07-31 11:17:38,48300.0,100,Buy,227675457
2024-07-31 11:17:38,48300.0,900,Buy,227675458
2024-07-31 11:17:50,48300.0,100,Buy,227675637
2024-07-31 11:18:07,48300.0,1900,Sell,227675837
2024-07-31 11:18:07,48300.0,3000,Sell,227675838
2024-07-31 11:18:10,48300.0,100,Buy,227675878
2024-07-31 11:18:24,48300.0,100,Sell,227676075
2024-07-31 11:18:27,48300.0,600,Sell,227676137
2024-07-31 11:18:38,48300.0,10000,Sell,227676270
2024-07-31 11:19:17,48300.0,200,Sell,227676930
2024-07-31 11:19:26,48350.0,200,Buy,227677033
2024-07-31 11:19:26,48350.0,1100,Buy,227677036
2024-07-31 11:19:26,48350.0,2600,Buy,227677032
2024-07-31 11:19:26,48350.0,100,Buy,227677034
2024-07-31 11:19:26,48350.0,1000,Buy,227677035
2024-07-31 11:19:27,48300.0,500,Sell,227677067
2024-07-31 11:19:55,48350.0,2900,Buy,227677521
2024-07-31 11:19:55,48350.0,1000,Buy,227677520
2024-07-31 11:19:55,48350.0,5000,Buy,227677519
2024-07-31 11:19:55,48350.0,100,Buy,227677518
2024-07-31 11:19:55,48350.0,500,Buy,227677517
2024-07-31 11:19:55,48350.0,500,Buy,227677516
2024-07-31 11:19:55,48350.0,200,Buy,227677515
2024-07-31 11:19:55,48350.0,3900,Buy,227677506
2024-07-31 11:19:55,48350.0,2000,Buy,227677513
2024-07-31 11:19:55,48350.0,100,Buy,227677512
2024-07-31 11:19:55,48350.0,300,Buy,227677511
2024-07-31 11:19:55,48350.0,100,Buy,227677510
2024-07-31 11:19:55,48350.0,100,Buy,227677509
2024-07-31 11:19:55,48350.0,400,Buy,227677508
2024-07-31 11:19:55,48350.0,300,Buy,227677507
2024-07-31 11:19:55,48350.0,2600,Buy,227677514
2024-07-31 11:20:08,48350.0,700,Buy,227677712
2024-07-31 11:20:09,48350.0,100,Sell,227677721
2024-07-31 11:20:10,48350.0,100,Sell,227677748
2024-07-31 11:20:22,48350.0,100,Sell,227677950
2024-07-31 11:20:33,48350.0,100,Sell,227678108
2024-07-31 11:20:35,48350.0,100,Sell,227678116
2024-07-31 11:20:46,48350.0,200,Sell,227678285
2024-07-31 11:21:14,48350.0,100,Sell,227678562
2024-07-31 11:21:34,48350.0,1300,Sell,227678854
2024-07-31 11:21:53,48350.0,100,Sell,227679201
2024-07-31 11:22:05,48350.0,200,Sell,227679374
2024-07-31 11:22:17,48350.0,100,Sell,227679568
2024-07-31 11:22:24,48350.0,100,Sell,227679729
2024-07-31 11:22:33,48350.0,100,Sell,227679856
2024-07-31 11:22:42,48350.0,100,Sell,227679982
2024-07-31 11:22:48,48350.0,5000,Sell,227680054
2024-07-31 11:22:52,48350.0,6600,Sell,227680129
2024-07-31 11:22:53,48350.0,100,Sell,227680141
2024-07-31 11:22:56,48350.0,2000,Sell,227680202
2024-07-31 11:22:57,48350.0,100,Sell,227680216
2024-07-31 11:22:59,48350.0,1000,Sell,227680244
2024-07-31 11:23:03,48350.0,500,Sell,227680287
2024-07-31 11:23:22,48350.0,100,Sell,227680555
2024-07-31 11:23:23,48400.0,100,Buy,227680577
2024-07-31 11:23:23,48400.0,400,Buy,227680578
2024-07-31 11:23:27,48350.0,100,Sell,227680625
2024-07-31 11:23:49,48350.0,200,Sell,227680960
2024-07-31 11:24:05,48350.0,700,Sell,227681143
2024-07-31 11:24:12,48350.0,100,Sell,227681272
2024-07-31 11:24:12,48350.0,200,Sell,227681273
2024-07-31 11:24:12,48350.0,2000,Sell,227681274
2024-07-31 11:24:12,48350.0,1000,Sell,227681275
2024-07-31 11:24:12,48350.0,900,Sell,227681276
2024-07-31 11:24:12,48350.0,800,Sell,227681277
2024-07-31 11:24:53,48350.0,100,Sell,227681944
2024-07-31 11:25:09,48350.0,1000,Sell,227682153
2024-07-31 11:25:23,48350.0,900,Sell,227682338
2024-07-31 11:25:23,48350.0,100,Sell,227682337
2024-07-31 11:25:30,48350.0,500,Sell,227682428
2024-07-31 11:25:52,48350.0,200,Sell,227682823
2024-07-31 11:25:58,48350.0,1700,Sell,227682896
2024-07-31 11:26:19,48350.0,2000,Sell,227683223
2024-07-31 11:26:35,48350.0,100,Sell,227683416
2024-07-31 11:26:42,48400.0,1600,Buy,227683513
2024-07-31 11:26:42,48400.0,100,Buy,227683514
2024-07-31 11:26:42,48400.0,300,Buy,227683515
2024-07-31 11:27:16,48400.0,200,Buy,227683910
2024-07-31 11:27:16,48400.0,400,Buy,227683911
2024-07-31 11:27:20,48350.0,5000,Sell,227683966
2024-07-31 11:28:01,48350.0,1500,Sell,227684442
2024-07-31 11:28:16,48350.0,500,Sell,227684604
2024-07-31 11:28:54,48350.0,600,Sell,227685060
2024-07-31 11:28:56,48350.0,500,Sell,227685082
2024-07-31 11:29:02,48350.0,2000,Sell,227685239
2024-07-31 11:29:26,48350.0,5000,Sell,227685665
2024-07-31 12:59:37,48350.0,300,Sell,227686014
2024-07-31 12:59:37,48350.0,100,Sell,227686173
2024-07-31 12:59:38,48350.0,200,Sell,227686424
2024-07-31 12:59:38,48350.0,400,Sell,227686922
2024-07-31 12:59:39,48350.0,1000,Sell,227687291
2024-07-31 12:59:39,48350.0,100,Sell,227687611
2024-07-31 12:59:39,48350.0,100,Sell,227687612
2024-07-31 12:59:41,48350.0,100,Sell,227687848
2024-07-31 12:59:41,48350.0,3000,Sell,227687849
2024-07-31 12:59:41,48350.0,1000,Sell,227687850
2024-07-31 12:59:42,48350.0,100,Sell,227688198
2024-07-31 12:59:43,48300.0,2800,Sell,227688539
2024-07-31 12:59:43,48350.0,2000,Sell,227688538
2024-07-31 12:59:43,48350.0,200,Sell,227688537
2024-07-31 12:59:43,48350.0,100,Sell,227688534
2024-07-31 12:59:43,48350.0,1900,Sell,227688533
2024-07-31 12:59:43,48350.0,1000,Sell,227688536
2024-07-31 12:59:43,48350.0,600,Sell,227688530
2024-07-31 12:59:43,48350.0,500,Sell,227688532
2024-07-31 12:59:43,48350.0,1000,Sell,227688523
2024-07-31 12:59:43,48350.0,200,Sell,227688525
2024-07-31 12:59:43,48350.0,500,Sell,227688535
2024-07-31 12:59:43,48350.0,1400,Sell,227688529
2024-07-31 12:59:43,48350.0,500,Sell,227688528
2024-07-31 12:59:44,48350.0,100,Buy,227688867
2024-07-31 12:59:44,48350.0,100,Buy,227688868
2024-07-31 12:59:47,48350.0,800,Buy,227689629
2024-07-31 12:59:47,48350.0,100,Buy,227689631
2024-07-31 12:59:47,48350.0,100,Buy,227689632
2024-07-31 12:59:47,48350.0,100,Buy,227689716
2024-07-31 12:59:47,48350.0,1000,Buy,227689630
2024-07-31 12:59:49,48350.0,200,Buy,227689886
2024-07-31 12:59:57,48350.0,1000,Buy,227690898
2024-07-31 12:59:57,48350.0,500,Sell,227690949
2024-07-31 12:59:57,48350.0,100,Buy,227690901
2024-07-31 12:59:57,48350.0,700,Buy,227690900
2024-07-31 12:59:57,48350.0,500,Buy,227690899
2024-07-31 12:59:57,48350.0,200,Buy,227690897
2024-07-31 12:59:57,48350.0,400,Buy,227690895
2024-07-31 12:59:57,48350.0,100,Buy,227690892
2024-07-31 12:59:57,48350.0,10000,Buy,227690896
2024-07-31 12:59:57,48350.0,300,Buy,227690894
2024-07-31 12:59:57,48350.0,100,Buy,227690893
2024-07-31 12:59:58,48350.0,100,Sell,227691069
2024-07-31 12:59:59,48350.0,100,Sell,227691229
2024-07-31 13:00:00,48350.0,100,Sell,227691293
2024-07-31 13:00:00,48350.0,100,Sell,227691294
2024-07-31 13:00:37,48350.0,10000,Sell,227692535
2024-07-31 13:01:00,48350.0,200,Sell,227693055
2024-07-31 13:01:02,48350.0,4500,Sell,227693074
2024-07-31 13:01:02,48350.0,200,Sell,227693075
2024-07-31 13:01:02,48350.0,2200,Sell,227693076
2024-07-31 13:01:02,48350.0,700,Sell,227693077
2024-07-31 13:01:04,48400.0,500,Buy,227693132
2024-07-31 13:01:04,48400.0,300,Buy,227693129
2024-07-31 13:01:04,48400.0,2200,Buy,227693130
2024-07-31 13:01:10,48350.0,1100,Sell,227693244
2024-07-31 13:01:13,48350.0,3200,Sell,227693337
2024-07-31 13:01:13,48350.0,3000,Sell,227693338
2024-07-31 13:01:13,48350.0,800,Sell,227693339
2024-07-31 13:01:37,48350.0,2000,Sell,227694012
2024-07-31 13:01:48,48350.0,1500,Buy,227694365
2024-07-31 13:01:48,48350.0,100,Buy,227694366
2024-07-31 13:02:15,48350.0,4600,Sell,227694847
2024-07-31 13:02:15,48350.0,1000,Sell,227694845
2024-07-31 13:02:15,48350.0,200,Sell,227694846
2024-07-31 13:02:34,48350.0,1900,Buy,227695283
2024-07-31 13:02:34,48350.0,100,Buy,227695284
2024-07-31 13:02:50,48300.0,100,Sell,227695620
2024-07-31 13:02:58,48300.0,200,Sell,227695788
2024-07-31 13:03:35,48300.0,3500,Sell,227696834
2024-07-31 13:03:47,48300.0,1000,Sell,227697132
2024-07-31 13:04:05,48350.0,100,Buy,227697521
2024-07-31 13:04:37,48350.0,1800,Buy,227698263
2024-07-31 13:06:14,48300.0,100,Sell,227700616
2024-07-31 13:06:31,48300.0,2100,Sell,227701121
2024-07-31 13:06:31,48300.0,400,Sell,227701128
2024-07-31 13:06:31,48300.0,900,Sell,227701120
2024-07-31 13:06:51,48300.0,500,Sell,227701618
2024-07-31 13:06:52,48300.0,1000,Sell,227701634
2024-07-31 13:06:53,48300.0,6000,Sell,227701675
2024-07-31 13:06:53,48300.0,500,Sell,227701676
2024-07-31 13:06:53,48300.0,500,Sell,227701677
2024-07-31 13:06:55,48300.0,100,Sell,227701716
2024-07-31 13:06:58,48300.0,1000,Sell,227701826
2024-07-31 13:07:06,48300.0,100,Sell,227702031
2024-07-31 13:07:09,48300.0,100,Sell,227702096
2024-07-31 13:07:12,48300.0,100,Sell,227702206
2024-07-31 13:07:14,48300.0,500,Sell,227702293
2024-07-31 13:07:16,48300.0,100,Sell,227702321
2024-07-31 13:07:37,48300.0,100,Sell,227702899
2024-07-31 13:07:37,48300.0,100,Sell,227702898
2024-07-31 13:07:37,48300.0,100,Sell,227702896
2024-07-31 13:07:37,48300.0,500,Sell,227702895
2024-07-31 13:07:37,48300.0,200,Sell,227702897
2024-07-31 13:07:43,48300.0,2000,Sell,227703090
2024-07-31 13:07:43,48300.0,500,Sell,227703091
2024-07-31 13:07:43,48300.0,500,Sell,227703092
2024-07-31 13:07:44,48300.0,100,Sell,227703114
2024-07-31 13:07:44,48300.0,500,Sell,227703115
2024-07-31 13:08:02,48300.0,700,Buy,227703816
2024-07-31 13:08:02,48300.0,100,Buy,227703817
2024-07-31 13:08:02,48300.0,200,Buy,227703818
2024-07-31 13:08:12,48200.0,2000,Sell,227704186
2024-07-31 13:08:12,48200.0,3600,Sell,227704185
2024-07-31 13:08:12,48250.0,100,Sell,227704184
2024-07-31 13:08:12,48250.0,2000,Sell,227704180
2024-07-31 13:08:12,48250.0,600,Sell,227704182
2024-07-31 13:08:12,48250.0,100,Sell,227704181
2024-07-31 13:08:12,48250.0,5000,Sell,227704183
2024-07-31 13:08:15,48300.0,100,Buy,227704232
2024-07-31 13:08:45,48250.0,100,Buy,227704933
2024-07-31 13:09:20,48250.0,2000,Sell,227705864
2024-07-31 13:09:20,48250.0,100,Sell,227705862
2024-07-31 13:09:20,48250.0,100,Sell,227705863
2024-07-31 13:09:36,48250.0,1000,Buy,227706350
2024-07-31 13:09:36,48200.0,300,Sell,227706355
2024-07-31 13:09:55,48250.0,800,Buy,227706850
2024-07-31 13:09:55,48250.0,400,Buy,227706851
2024-07-31 13:09:55,48250.0,800,Buy,227706852
2024-07-31 13:09:56,48200.0,2000,Sell,227706883
2024-07-31 13:10:15,48200.0,100,Sell,227707326
2024-07-31 13:10:21,48200.0,100,Sell,227707444
2024-07-31 13:10:26,48250.0,100,Buy,227707645
2024-07-31 13:10:26,48250.0,1200,Buy,227707644
2024-07-31 13:10:26,48250.0,100,Buy,227707643
2024-07-31 13:10:26,48250.0,100,Buy,227707641
2024-07-31 13:10:26,48250.0,500,Buy,227707642
2024-07-31 13:10:52,48200.0,500,Sell,227708269
2024-07-31 13:10:58,48200.0,100,Sell,227708393
2024-07-31 13:10:58,48200.0,300,Sell,227708406
2024-07-31 13:11:02,48250.0,2000,Buy,227708486
2024-07-31 13:11:08,48250.0,100,Buy,227708781
2024-07-31 13:11:14,48200.0,500,Sell,227708908
2024-07-31 13:11:21,48250.0,2500,Buy,227709094
2024-07-31 13:11:25,48200.0,400,Sell,227709234
2024-07-31 13:11:40,48200.0,3300,Sell,227709633
2024-07-31 13:11:47,48250.0,300,Buy,227709833
2024-07-31 13:11:47,48250.0,1000,Buy,227709834
2024-07-31 13:11:47,48250.0,500,Buy,227709835
2024-07-31 13:11:47,48250.0,200,Buy,227709836
2024-07-31 13:12:11,48250.0,100,Buy,227710581
2024-07-31 13:12:17,48200.0,600,Sell,227710725
2024-07-31 13:12:17,48200.0,5000,Sell,227710724
2024-07-31 13:12:17,48200.0,400,Sell,227710723
2024-07-31 13:12:32,48200.0,1400,Sell,227711032
2024-07-31 13:12:32,48200.0,600,Sell,227711033
2024-07-31 13:12:35,48200.0,100,Sell,227711127
2024-07-31 13:12:35,48200.0,100,Sell,227711129
2024-07-31 13:12:35,48200.0,2000,Sell,227711128
2024-07-31 13:12:35,48200.0,100,Sell,227711126
2024-07-31 13:12:35,48200.0,200,Sell,227711125
2024-07-31 13:12:35,48200.0,5000,Sell,227711124
2024-07-31 13:12:35,48200.0,1500,Sell,227711122
2024-07-31 13:12:35,48200.0,400,Sell,227711121
2024-07-31 13:12:35,48200.0,500,Sell,227711123
2024-07-31 13:13:09,48200.0,100,Buy,227711958
2024-07-31 13:13:28,48200.0,100,Buy,227712371
2024-07-31 13:13:59,48200.0,900,Buy,227713034
2024-07-31 13:13:59,48200.0,400,Buy,227713035
2024-07-31 13:13:59,48200.0,200,Buy,227713036
2024-07-31 13:15:20,48200.0,1800,Buy,227715469
2024-07-31 13:15:20,48200.0,1000,Buy,227715470
2024-07-31 13:15:20,48200.0,100,Buy,227715471
2024-07-31 13:15:20,48200.0,100,Buy,227715472
2024-07-31 13:15:49,48250.0,100,Buy,227716448
2024-07-31 13:15:49,48250.0,500,Buy,227716447
2024-07-31 13:15:49,48200.0,1000,Buy,227716444
2024-07-31 13:15:49,48200.0,400,Buy,227716443
2024-07-31 13:15:49,48250.0,100,Buy,227716446
2024-07-31 13:15:49,48200.0,500,Buy,227716441
2024-07-31 13:15:49,48200.0,500,Buy,227716442
2024-07-31 13:15:49,48200.0,900,Buy,227716438
2024-07-31 13:15:49,48250.0,400,Buy,227716445
2024-07-31 13:15:49,48200.0,200,Buy,227716440
2024-07-31 13:15:49,48200.0,400,Buy,227716439
2024-07-31 13:15:52,48150.0,11400,Sell,227716536
2024-07-31 13:16:38,48150.0,100,Sell,227717762
2024-07-31 13:16:44,48150.0,100,Sell,227718075
2024-07-31 13:16:55,48150.0,1000,Sell,227718408
2024-07-31 13:17:31,48150.0,500,Sell,227719336
2024-07-31 13:17:44,48150.0,1500,Sell,227719744
2024-07-31 13:17:44,48150.0,100,Sell,227719743
2024-07-31 13:17:44,48150.0,200,Sell,227719741
2024-07-31 13:17:44,48150.0,1000,Sell,227719740
2024-07-31 13:17:44,48150.0,10000,Sell,227719742
2024-07-31 13:17:44,48150.0,600,Sell,227719739
2024-07-31 13:17:45,48150.0,100,Buy,227719760
2024-07-31 13:18:02,48100.0,1700,Sell,227720256
2024-07-31 13:18:02,48100.0,6300,Sell,227720254
2024-07-31 13:18:02,48100.0,2000,Sell,227720255
2024-07-31 13:18:29,48100.0,300,Sell,227720941
2024-07-31 13:18:29,48100.0,200,Sell,227720942
2024-07-31 13:18:38,48100.0,9000,Sell,227721162
2024-07-31 13:18:38,48100.0,2000,Sell,227721159
2024-07-31 13:18:38,48100.0,2000,Sell,227721160
2024-07-31 13:18:38,48100.0,2000,Sell,227721161
2024-07-31 13:18:46,48100.0,1000,Sell,227721373
2024-07-31 13:18:47,48100.0,1000,Sell,227721392
2024-07-31 13:18:51,48100.0,2500,Sell,227721581
2024-07-31 13:18:51,48100.0,100,Sell,227721582
2024-07-31 13:18:51,48100.0,2000,Sell,227721583
2024-07-31 13:18:51,48100.0,300,Sell,227721584
2024-07-31 13:19:00,48100.0,1100,Sell,227722025
2024-07-31 13:19:02,48100.0,3600,Sell,227722082
2024-07-31 13:19:02,48100.0,400,Sell,227722083
2024-07-31 13:19:16,48100.0,600,Sell,227722555
2024-07-31 13:19:16,48100.0,100,Sell,227722557
2024-07-31 13:19:16,48100.0,100,Sell,227722558
2024-07-31 13:19:21,48100.0,500,Buy,227722655
2024-07-31 13:19:54,48100.0,2000,Buy,227723908
2024-07-31 13:19:59,48100.0,200,Buy,227724056
2024-07-31 13:19:59,48100.0,200,Buy,227724057
2024-07-31 13:20:25,48100.0,400,Buy,227724736
2024-07-31 13:20:26,48050.0,19700,Sell,227724750
2024-07-31 13:20:26,48050.0,2000,Sell,227724751
2024-07-31 13:20:26,48050.0,2000,Sell,227724752
2024-07-31 13:20:26,48050.0,4000,Sell,227724753
2024-07-31 13:20:26,48050.0,1000,Sell,227724754
2024-07-31 13:20:26,48050.0,300,Sell,227724755
2024-07-31 13:20:28,48100.0,400,Buy,227724817
2024-07-31 13:20:28,48100.0,500,Buy,227724816
2024-07-31 13:20:28,48100.0,100,Buy,227724815
2024-07-31 13:21:55,48150.0,1700,Buy,227727399
2024-07-31 13:21:55,48150.0,2000,Buy,227727395
2024-07-31 13:21:55,48150.0,1900,Buy,227727398
2024-07-31 13:21:55,48150.0,5900,Buy,227727397
2024-07-31 13:21:55,48150.0,300,Buy,227727396
2024-07-31 13:21:55,48150.0,500,Buy,227727394
2024-07-31 13:21:55,48100.0,100,Buy,227727388
2024-07-31 13:21:55,48150.0,1500,Buy,227727392
2024-07-31 13:21:55,48100.0,500,Buy,227727387
2024-07-31 13:21:55,48100.0,300,Buy,227727389
2024-07-31 13:21:55,48150.0,1500,Buy,227727393
2024-07-31 13:21:55,48100.0,3000,Buy,227727391
2024-07-31 13:21:55,48100.0,100,Buy,227727390
2024-07-31 13:23:18,48100.0,2000,Buy,227729815
2024-07-31 13:23:26,48100.0,2000,Sell,227729951
2024-07-31 13:23:33,48150.0,1000,Buy,227730273
2024-07-31 13:23:58,48150.0,500,Buy,227731052
2024-07-31 13:24:20,48100.0,400,Sell,227731695
2024-07-31 13:24:57,48100.0,4300,Sell,227732980
2024-07-31 13:24:57,48100.0,600,Sell,227732978
2024-07-31 13:24:57,48100.0,100,Sell,227732979
2024-07-31 13:25:39,48150.0,200,Buy,227734084
2024-07-31 13:26:13,48150.0,5300,Buy,227735050
2024-07-31 13:26:13,48150.0,200,Buy,227735051
2024-07-31 13:26:13,48150.0,200,Buy,227735052
2024-07-31 13:26:13,48150.0,2900,Buy,227735053
2024-07-31 13:26:13,48150.0,900,Buy,227735054
2024-07-31 13:26:23,48100.0,100,Sell,227735323
2024-07-31 13:26:28,48150.0,900,Buy,227735482
2024-07-31 13:26:28,48150.0,100,Buy,227735479
2024-07-31 13:26:28,48150.0,500,Buy,227735480
2024-07-31 13:26:28,48150.0,500,Buy,227735481
2024-07-31 13:26:39,48150.0,100,Buy,227735719
2024-07-31 13:26:39,48150.0,500,Buy,227735720
2024-07-31 13:26:39,48150.0,400,Buy,227735721
2024-07-31 13:26:43,48150.0,100,Buy,227735833
2024-07-31 13:26:46,48150.0,500,Buy,227735921
2024-07-31 13:26:47,48150.0,500,Sell,227735926
2024-07-31 13:27:05,48150.0,300,Sell,227736262
2024-07-31 13:27:06,48150.0,300,Sell,227736286
2024-07-31 13:27:24,48200.0,100,Buy,227736803
2024-07-31 13:28:13,48150.0,400,Sell,227738300
2024-07-31 13:28:13,48150.0,100,Sell,227738301
2024-07-31 13:28:14,48150.0,100,Sell,227738367
2024-07-31 13:28:14,48150.0,1500,Sell,227738366
2024-07-31 13:28:14,48150.0,1900,Sell,227738365
2024-07-31 13:29:06,48200.0,200,Buy,227739845
2024-07-31 13:29:06,48200.0,1000,Buy,227739844
2024-07-31 13:29:06,48200.0,300,Buy,227739843
2024-07-31 13:29:06,48200.0,1000,Buy,227739842
2024-07-31 13:29:06,48150.0,6500,Buy,227739837
2024-07-31 13:29:06,48200.0,500,Buy,227739840
2024-07-31 13:29:06,48150.0,100,Buy,227739839
2024-07-31 13:29:06,48150.0,100,Buy,227739838
2024-07-31 13:29:06,48200.0,300,Buy,227739841
2024-07-31 13:30:17,48200.0,800,Buy,227741770
2024-07-31 13:30:17,48200.0,200,Buy,227741771
2024-07-31 13:30:17,48200.0,100,Buy,227741772
2024-07-31 13:30:17,48200.0,500,Buy,227741773
2024-07-31 13:30:17,48200.0,1400,Buy,227741774
2024-07-31 13:30:32,48200.0,2000,Buy,227742225
2024-07-31 13:30:35,48200.0,500,Buy,227742317
2024-07-31 13:31:01,48200.0,200,Buy,227743095
2024-07-31 13:31:59,48200.0,600,Buy,227744683
2024-07-31 13:32:01,48200.0,200,Buy,227744796
2024-07-31 13:32:01,48200.0,300,Buy,227744795
2024-07-31 13:32:08,48200.0,100,Buy,227745013
2024-07-31 13:32:08,48200.0,200,Buy,227745014
2024-07-31 13:32:08,48200.0,400,Buy,227745015
2024-07-31 13:32:08,48200.0,8800,Buy,227745016
2024-07-31 13:32:08,48200.0,500,Buy,227745012
2024-07-31 13:32:11,48200.0,500,Buy,227745121
2024-07-31 13:32:16,48200.0,700,Buy,227745234
2024-07-31 13:32:16,48200.0,400,Buy,227745235
2024-07-31 13:32:16,48200.0,500,Buy,227745236
2024-07-31 13:32:16,48200.0,100,Buy,227745237
2024-07-31 13:32:16,48200.0,500,Buy,227745238
2024-07-31 13:32:16,48200.0,600,Buy,227745239
2024-07-31 13:32:16,48200.0,200,Buy,227745240
2024-07-31 13:32:23,48150.0,100,Sell,227745451
2024-07-31 13:32:25,48200.0,200,Buy,227745489
2024-07-31 13:32:25,48200.0,500,Buy,227745490
2024-07-31 13:32:47,48200.0,800,Sell,227746185
2024-07-31 13:32:47,48200.0,200,Sell,227746186
2024-07-31 13:33:14,48200.0,400,Sell,227746896
2024-07-31 13:33:29,48200.0,200,Sell,227747311
2024-07-31 13:33:36,48250.0,1000,Buy,227747466
2024-07-31 13:33:36,48250.0,500,Buy,227747467
2024-07-31 13:33:36,48250.0,300,Buy,227747464
2024-07-31 13:33:36,48250.0,500,Buy,227747463
2024-07-31 13:33:36,48250.0,400,Buy,227747465
2024-07-31 13:34:04,48200.0,1400,Sell,227748254
2024-07-31 13:34:04,48200.0,600,Sell,227748255
2024-07-31 13:34:43,48250.0,500,Buy,227749093
2024-07-31 13:34:43,48250.0,500,Buy,227749094
2024-07-31 13:34:57,48250.0,500,Buy,227749513
2024-07-31 13:34:57,48250.0,500,Buy,227749514
2024-07-31 13:34:57,48250.0,100,Buy,227749526
2024-07-31 13:35:08,48200.0,300,Sell,227749874
2024-07-31 13:35:08,48200.0,600,Sell,227749875
2024-07-31 13:35:08,48200.0,1000,Sell,227749872
2024-07-31 13:35:08,48200.0,100,Sell,227749873
2024-07-31 13:35:11,48250.0,400,Buy,227749960
2024-07-31 13:35:11,48250.0,1000,Buy,227749961
2024-07-31 13:35:11,48250.0,200,Buy,227749962
2024-07-31 13:35:11,48250.0,500,Buy,227749963
2024-07-31 13:35:22,48300.0,100,Buy,227750281
2024-07-31 13:35:22,48300.0,500,Buy,227750282
2024-07-31 13:35:22,48300.0,200,Buy,227750283
2024-07-31 13:35:22,48300.0,300,Buy,227750284
2024-07-31 13:35:22,48300.0,200,Buy,227750285
2024-07-31 13:35:22,48300.0,800,Buy,227750286
2024-07-31 13:35:22,48300.0,400,Buy,227750289
2024-07-31 13:35:22,48300.0,2000,Buy,227750288
2024-07-31 13:35:22,48300.0,1000,Buy,227750290
2024-07-31 13:35:22,48300.0,200,Buy,227750291
2024-07-31 13:35:22,48300.0,100,Buy,227750292
2024-07-31 13:35:22,48300.0,5000,Buy,227750293
2024-07-31 13:35:22,48300.0,1000,Buy,227750287
2024-07-31 13:35:22,48300.0,1000,Buy,227750280
2024-07-31 13:35:22,48300.0,900,Buy,227750275
2024-07-31 13:35:22,48300.0,100,Buy,227750278
2024-07-31 13:35:22,48300.0,500,Buy,227750277
2024-07-31 13:35:22,48300.0,2000,Buy,227750276
2024-07-31 13:35:22,48300.0,2000,Buy,227750274
2024-07-31 13:35:22,48300.0,2000,Buy,227750273
2024-07-31 13:35:22,48300.0,500,Buy,227750272
2024-07-31 13:35:22,48300.0,6000,Buy,227750271
2024-07-31 13:35:22,48300.0,1000,Buy,227750270
2024-07-31 13:35:22,48300.0,400,Buy,227750269
2024-07-31 13:35:22,48300.0,2800,Buy,227750268
2024-07-31 13:35:22,48300.0,700,Buy,227750267
2024-07-31 13:35:22,48250.0,100,Buy,227750266
2024-07-31 13:35:22,48250.0,200,Buy,227750265
2024-07-31 13:35:22,48250.0,4300,Buy,227750264
2024-07-31 13:35:22,48300.0,20000,Buy,227750279
2024-07-31 13:35:39,48300.0,1000,Sell,227750620
2024-07-31 13:35:44,48300.0,500,Sell,227750765
2024-07-31 13:35:50,48350.0,500,Buy,227750875
2024-07-31 13:35:50,48350.0,1900,Buy,227750876
2024-07-31 13:35:50,48350.0,200,Buy,227750877
2024-07-31 13:35:50,48350.0,100,Buy,227750878
2024-07-31 13:35:50,48350.0,500,Buy,227750879
2024-07-31 13:35:50,48350.0,200,Buy,227750880
2024-07-31 13:35:50,48400.0,4100,Buy,227750881
2024-07-31 13:35:50,48350.0,2500,Buy,227750874
2024-07-31 13:36:05,48350.0,500,Buy,227751168
2024-07-31 13:36:15,48350.0,200,Buy,227751411
2024-07-31 13:36:16,48350.0,1000,Buy,227751432
2024-07-31 13:36:19,48350.0,300,Buy,227751500
2024-07-31 13:36:25,48350.0,500,Sell,227751634
2024-07-31 13:36:35,48350.0,200,Sell,227751827
2024-07-31 13:36:36,48350.0,3000,Sell,227751858
2024-07-31 13:36:40,48350.0,2000,Sell,227751951
2024-07-31 13:36:42,48350.0,100,Sell,227751974
2024-07-31 13:36:58,48350.0,500,Sell,227752372
2024-07-31 13:37:17,48350.0,1000,Sell,227752866
2024-07-31 13:37:21,48350.0,200,Sell,227752946
2024-07-31 13:37:29,48350.0,100,Sell,227753090
2024-07-31 13:37:29,48350.0,100,Sell,227753091
2024-07-31 13:37:45,48350.0,700,Sell,227753338
2024-07-31 13:37:45,48350.0,1700,Sell,227753339
2024-07-31 13:37:53,48350.0,300,Sell,227753520
2024-07-31 13:37:53,48350.0,900,Sell,227753521
2024-07-31 13:37:55,48350.0,700,Sell,227753552
2024-07-31 13:37:55,48350.0,1300,Sell,227753553
2024-07-31 13:38:01,48350.0,200,Sell,227753632
2024-07-31 13:38:01,48350.0,800,Sell,227753633
2024-07-31 13:38:03,48350.0,500,Sell,227753661
2024-07-31 13:38:10,48350.0,100,Sell,227753780
2024-07-31 13:38:16,48350.0,200,Sell,227753873
2024-07-31 13:38:16,48350.0,1600,Sell,227753872
2024-07-31 13:38:37,48350.0,200,Sell,227754304
2024-07-31 13:38:45,48350.0,1600,Sell,227754443
2024-07-31 13:38:45,48350.0,6400,Sell,227754444
2024-07-31 13:38:45,48350.0,1000,Sell,227754445
2024-07-31 13:39:29,48350.0,3000,Buy,227755267
2024-07-31 13:39:29,48350.0,5800,Buy,227755268
2024-07-31 13:39:29,48350.0,100,Buy,227755266
2024-07-31 13:39:29,48350.0,1000,Buy,227755264
2024-07-31 13:39:29,48350.0,100,Buy,227755265
2024-07-31 13:39:31,48300.0,1000,Sell,227755318
2024-07-31 13:39:51,48300.0,400,Sell,227755881
2024-07-31 13:40:35,48300.0,500,Sell,227756775
2024-07-31 13:41:23,48300.0,300,Sell,227757623
2024-07-31 13:41:23,48300.0,1000,Sell,227757624
2024-07-31 13:41:23,48300.0,500,Sell,227757625
2024-07-31 13:41:23,48300.0,1400,Sell,227757626
2024-07-31 13:41:33,48300.0,100,Sell,227757759
2024-07-31 13:41:50,48300.0,5000,Sell,227758073
2024-07-31 13:41:54,48300.0,200,Sell,227758170
2024-07-31 13:41:57,48300.0,500,Sell,227758218
2024-07-31 13:42:07,48300.0,400,Sell,227758348
2024-07-31 13:42:07,48300.0,600,Sell,227758349
2024-07-31 13:42:13,48300.0,100,Sell,227758447
2024-07-31 13:42:14,48300.0,100,Sell,227758468
2024-07-31 13:42:14,48300.0,300,Sell,227758467
2024-07-31 13:42:14,48300.0,600,Sell,227758469
2024-07-31 13:42:18,48300.0,1400,Sell,227758515
2024-07-31 13:42:18,48300.0,1500,Sell,227758516
2024-07-31 13:42:53,48300.0,100,Buy,227759292
2024-07-31 13:43:15,48250.0,900,Sell,227759647
2024-07-31 13:43:20,48250.0,100,Sell,227759759
2024-07-31 13:43:20,48250.0,2000,Sell,227759760
2024-07-31 13:43:20,48250.0,500,Sell,227759761
2024-07-31 13:43:20,48250.0,2400,Sell,227759762
2024-07-31 13:43:58,48250.0,800,Sell,227760578
2024-07-31 13:43:58,48250.0,500,Sell,227760579
2024-07-31 13:43:58,48250.0,400,Sell,227760580
2024-07-31 13:45:02,48250.0,100,Sell,227761974
2024-07-31 13:45:02,48250.0,100,Sell,227761975
2024-07-31 13:45:03,48250.0,100,Sell,227761999
2024-07-31 13:45:15,48250.0,200,Sell,227762243
2024-07-31 13:45:15,48250.0,300,Sell,227762239
2024-07-31 13:45:45,48250.0,200,Sell,227762813
2024-07-31 13:46:00,48250.0,600,Sell,227763071
2024-07-31 13:46:04,48300.0,1300,Buy,227763141
2024-07-31 13:46:04,48300.0,400,Buy,227763142
2024-07-31 13:46:04,48300.0,100,Buy,227763143
2024-07-31 13:46:04,48300.0,200,Buy,227763144
2024-07-31 13:46:04,48300.0,1000,Buy,227763145
2024-07-31 13:46:21,48300.0,4000,Buy,227763497
2024-07-31 13:46:21,48300.0,400,Buy,227763499
2024-07-31 13:46:21,48300.0,1000,Buy,227763500
2024-07-31 13:46:21,48300.0,400,Buy,227763501
2024-07-31 13:46:21,48300.0,400,Buy,227763502
2024-07-31 13:46:21,48300.0,5000,Buy,227763498
2024-07-31 13:46:39,48300.0,500,Sell,227763904
2024-07-31 13:46:43,48300.0,300,Sell,227764007
2024-07-31 13:46:52,48300.0,5000,Sell,227764241
2024-07-31 13:47:01,48300.0,1000,Sell,227764452
2024-07-31 13:47:12,48350.0,4000,Buy,227764859
2024-07-31 13:47:13,48300.0,1000,Sell,227764951
2024-07-31 13:47:22,48300.0,500,Sell,227765223
2024-07-31 13:47:25,48300.0,500,Sell,227765284
2024-07-31 13:47:25,48300.0,500,Sell,227765311
2024-07-31 13:47:27,48300.0,1500,Sell,227765401
2024-07-31 13:47:30,48300.0,500,Buy,227765481
2024-07-31 13:47:33,48300.0,200,Sell,227765573
2024-07-31 13:47:37,48300.0,2000,Sell,227765649
2024-07-31 13:47:54,48300.0,400,Sell,227766256
2024-07-31 13:48:15,48300.0,100,Sell,227767005
2024-07-31 13:48:18,48300.0,2000,Sell,227767060
2024-07-31 13:48:21,48300.0,100,Sell,227767155
2024-07-31 13:48:21,48300.0,1000,Sell,227767154
2024-07-31 13:48:21,48300.0,4800,Sell,227767153
2024-07-31 13:48:36,48250.0,400,Sell,227767536
2024-07-31 13:48:36,48250.0,600,Sell,227767537
2024-07-31 13:48:37,48200.0,100,Sell,227767586
2024-07-31 13:48:37,48200.0,1100,Sell,227767585
2024-07-31 13:48:37,48200.0,500,Sell,227767584
2024-07-31 13:48:37,48200.0,8000,Sell,227767583
2024-07-31 13:48:37,48200.0,1000,Sell,227767582
2024-07-31 13:48:37,48200.0,2000,Sell,227767579
2024-07-31 13:48:37,48200.0,1500,Sell,227767580
2024-07-31 13:48:37,48200.0,1400,Sell,227767577
2024-07-31 13:48:37,48250.0,100,Sell,227767576
2024-07-31 13:48:37,48250.0,1900,Sell,227767575
2024-07-31 13:48:37,48200.0,200,Sell,227767581
2024-07-31 13:48:37,48200.0,1000,Sell,227767578
2024-07-31 13:49:04,48200.0,200,Buy,227768400
2024-07-31 13:49:04,48200.0,800,Buy,227768401
2024-07-31 13:49:08,48200.0,2000,Buy,227768509
2024-07-31 13:49:16,48200.0,3300,Buy,227768863
2024-07-31 13:49:17,48200.0,500,Sell,227768873
2024-07-31 13:49:21,48200.0,300,Sell,227768995
2024-07-31 13:49:43,48200.0,200,Sell,227769691
2024-07-31 13:50:12,48200.0,100,Sell,227770680
2024-07-31 13:50:34,48250.0,100,Buy,227771578
2024-07-31 13:50:41,48200.0,400,Sell,227771811
2024-07-31 13:50:54,48200.0,10200,Sell,227772168
2024-07-31 13:51:02,48200.0,400,Sell,227772430
2024-07-31 13:51:15,48200.0,100,Sell,227772873
2024-07-31 13:51:41,48200.0,1000,Sell,227773663
2024-07-31 13:51:52,48200.0,100,Sell,227773942
2024-07-31 13:52:03,48200.0,400,Sell,227774286
2024-07-31 13:52:03,48200.0,100,Sell,227774287
2024-07-31 13:52:04,48250.0,100,Buy,227774363
2024-07-31 13:52:24,48200.0,1200,Sell,227774998
2024-07-31 13:52:24,48200.0,500,Sell,227774999
2024-07-31 13:52:24,48200.0,1000,Sell,227775000
2024-07-31 13:52:24,48200.0,500,Sell,227775001
2024-07-31 13:52:26,48250.0,300,Buy,227775070
2024-07-31 13:52:26,48250.0,400,Buy,227775071
2024-07-31 13:52:26,48250.0,300,Buy,227775072
2024-07-31 13:52:44,48250.0,300,Buy,227775974
2024-07-31 13:52:44,48250.0,200,Buy,227775975
2024-07-31 13:53:21,48200.0,1000,Sell,227778143
2024-07-31 13:53:44,48200.0,1000,Sell,227778994
2024-07-31 13:53:56,48200.0,200,Sell,227779511
2024-07-31 13:53:56,48200.0,100,Sell,227779586
2024-07-31 13:53:56,48200.0,100,Sell,227779587
2024-07-31 13:54:11,48200.0,1000,Sell,227780170
2024-07-31 13:54:14,48200.0,500,Sell,227780314
2024-07-31 13:54:14,48200.0,500,Sell,227780315
2024-07-31 13:54:17,48200.0,300,Sell,227780511
2024-07-31 13:54:35,48200.0,200,Sell,227781422
2024-07-31 13:54:35,48200.0,1000,Sell,227781423
2024-07-31 13:54:35,48200.0,800,Sell,227781424
2024-07-31 13:54:46,48200.0,500,Sell,227782083
2024-07-31 13:54:46,48200.0,200,Sell,227782096
2024-07-31 13:54:46,48200.0,500,Sell,227782097
2024-07-31 13:55:50,48150.0,900,Sell,227785957
2024-07-31 13:55:50,48150.0,18300,Sell,227785958
2024-07-31 13:56:08,48150.0,300,Sell,227786865
2024-07-31 13:56:08,48150.0,1700,Sell,227786864
2024-07-31 13:56:13,48150.0,200,Sell,227787020
2024-07-31 13:56:13,48150.0,500,Sell,227787019
2024-07-31 13:56:13,48150.0,1000,Sell,227787018
2024-07-31 13:56:13,48150.0,200,Sell,227787014
2024-07-31 13:56:13,48150.0,2000,Sell,227787016
2024-07-31 13:56:13,48150.0,1000,Sell,227787017
2024-07-31 13:56:13,48150.0,100,Sell,227787015
2024-07-31 13:56:24,48150.0,700,Sell,227787770
2024-07-31 13:56:24,48150.0,300,Sell,227787771
2024-07-31 13:56:28,48150.0,200,Sell,227788060
2024-07-31 13:56:28,48150.0,1800,Sell,227788061
2024-07-31 13:56:34,48150.0,2000,Sell,227788392
2024-07-31 13:56:55,48150.0,200,Sell,227789507
2024-07-31 13:57:18,48100.0,1400,Sell,227790651
2024-07-31 13:57:18,48100.0,500,Sell,227790650
2024-07-31 13:57:18,48100.0,1000,Sell,227790648
2024-07-31 13:57:18,48100.0,100,Sell,227790649
2024-07-31 13:57:19,48150.0,200,Buy,227790706
2024-07-31 13:57:19,48150.0,500,Buy,227790707
2024-07-31 13:57:19,48150.0,100,Buy,227790708
2024-07-31 13:57:19,48150.0,500,Buy,227790709
2024-07-31 13:57:19,48150.0,300,Buy,227790710
2024-07-31 13:57:34,48100.0,600,Sell,227791507
2024-07-31 13:57:34,48100.0,400,Sell,227791508
2024-07-31 13:57:42,48100.0,200,Sell,227791833
2024-07-31 13:57:46,48150.0,200,Buy,227791995
2024-07-31 13:57:56,48150.0,500,Buy,227792488
2024-07-31 13:57:56,48150.0,100,Buy,227792489
2024-07-31 13:57:56,48150.0,900,Buy,227792490
2024-07-31 13:58:02,48000.0,100,Sell,227792920
2024-07-31 13:58:02,48000.0,200,Sell,227792921
2024-07-31 13:58:02,48000.0,300,Sell,227792919
2024-07-31 13:58:02,48000.0,100,Sell,227792922
2024-07-31 13:58:02,48000.0,1000,Sell,227792923
2024-07-31 13:58:02,48000.0,200,Sell,227792924
2024-07-31 13:58:02,48000.0,500,Sell,227792926
2024-07-31 13:58:02,48000.0,500,Sell,227792927
2024-07-31 13:58:02,48000.0,100,Sell,227792928
2024-07-31 13:58:02,48000.0,1000,Sell,227792929
2024-07-31 13:58:02,48000.0,3200,Sell,227792930
2024-07-31 13:58:02,48000.0,300,Sell,227792931
2024-07-31 13:58:02,48000.0,1000,Sell,227792925
2024-07-31 13:58:02,48000.0,2000,Sell,227792918
2024-07-31 13:58:02,48050.0,2000,Sell,227792912
2024-07-31 13:58:02,48000.0,2000,Sell,227792916
2024-07-31 13:58:02,48050.0,1000,Sell,227792915
2024-07-31 13:58:02,48050.0,1000,Sell,227792914
2024-07-31 13:58:02,48050.0,1000,Sell,227792913
2024-07-31 13:58:02,48050.0,1000,Sell,227792911
2024-07-31 13:58:02,48050.0,100,Sell,227792910
2024-07-31 13:58:02,48100.0,400,Sell,227792909
2024-07-31 13:58:02,48100.0,1000,Sell,227792908
2024-07-31 13:58:02,48100.0,4000,Sell,227792907
2024-07-31 13:58:02,48100.0,3000,Sell,227792906
2024-07-31 13:58:02,48100.0,1500,Sell,227792905
2024-07-31 13:58:02,48100.0,1000,Sell,227792904
2024-07-31 13:58:02,48100.0,2000,Sell,227792903
2024-07-31 13:58:02,48100.0,700,Sell,227792902
2024-07-31 13:58:02,48000.0,1000,Sell,227792917
2024-07-31 13:58:05,47950.0,2700,Sell,227793105
2024-07-31 13:58:05,48000.0,1300,Buy,227793108
2024-07-31 13:58:18,47950.0,100,Sell,227793816
2024-07-31 13:58:23,48000.0,1000,Buy,227794041
2024-07-31 13:58:26,48000.0,2000,Buy,227794202
2024-07-31 13:58:49,47950.0,2000,Sell,227795384
2024-07-31 13:59:02,48000.0,1500,Buy,227796002
2024-07-31 13:59:03,47950.0,5500,Sell,227796178
2024-07-31 13:59:03,47950.0,4500,Sell,227796179
2024-07-31 13:59:05,47950.0,200,Sell,227796351
2024-07-31 13:59:05,47950.0,100,Sell,227796352
2024-07-31 13:59:08,47950.0,300,Sell,227796478
2024-07-31 13:59:16,47950.0,200,Sell,227796999
2024-07-31 13:59:17,47950.0,200,Sell,227797088
2024-07-31 13:59:42,47950.0,200,Sell,227798602
2024-07-31 13:59:42,47950.0,400,Sell,227798601
2024-07-31 13:59:42,47950.0,200,Sell,227798600
2024-07-31 13:59:42,47950.0,200,Sell,227798599
2024-07-31 13:59:52,48000.0,1500,Buy,227799202
2024-07-31 14:00:08,48000.0,100,Buy,227800022
2024-07-31 14:00:10,48000.0,800,Buy,227800159
2024-07-31 14:00:18,48000.0,200,Buy,227800418
2024-07-31 14:00:18,48000.0,1000,Buy,227800419
2024-07-31 14:00:18,48000.0,1300,Buy,227800420
2024-07-31 14:00:18,48000.0,500,Buy,227800421
2024-07-31 14:00:18,48000.0,1000,Buy,227800422
2024-07-31 14:00:18,48000.0,1000,Buy,227800423
2024-07-31 14:00:18,48000.0,100,Buy,227800424
2024-07-31 14:00:18,48000.0,1000,Buy,227800425
2024-07-31 14:00:18,48000.0,100,Buy,227800426
2024-07-31 14:00:18,48000.0,3600,Buy,227800417
2024-07-31 14:00:24,48000.0,200,Sell,227800654
2024-07-31 14:00:49,48000.0,100,Sell,227801833
2024-07-31 14:00:58,48000.0,5000,Sell,227802320
2024-07-31 14:01:01,48000.0,300,Sell,227802466
2024-07-31 14:01:06,48000.0,100,Sell,227802837
2024-07-31 14:01:09,48000.0,100,Sell,227802969
2024-07-31 14:01:09,48000.0,4500,Sell,227802968
2024-07-31 14:01:28,48000.0,100,Sell,227803817
2024-07-31 14:01:31,48000.0,100,Sell,227803943
2024-07-31 14:01:42,48000.0,100,Sell,227804426
2024-07-31 14:01:44,48000.0,100,Sell,227804518
2024-07-31 14:01:50,48000.0,100,Sell,227804742
2024-07-31 14:01:50,48000.0,400,Sell,227804743
2024-07-31 14:02:07,48000.0,2500,Buy,227805477
2024-07-31 14:02:07,48000.0,200,Buy,227805478
2024-07-31 14:02:07,48000.0,500,Buy,227805479
2024-07-31 14:02:07,48000.0,3700,Buy,227805480
2024-07-31 14:02:23,48050.0,100,Buy,227806041
2024-07-31 14:02:23,48050.0,1000,Buy,227806042
2024-07-31 14:02:34,48050.0,1000,Sell,227806418
2024-07-31 14:02:34,48100.0,100,Buy,227806430
2024-07-31 14:03:16,48150.0,200,Buy,227807977
2024-07-31 14:03:16,48150.0,100,Buy,227807976
2024-07-31 14:03:16,48150.0,100,Buy,227807975
2024-07-31 14:03:16,48150.0,1100,Buy,227807974
2024-07-31 14:03:17,48100.0,300,Sell,227808061
2024-07-31 14:03:17,48100.0,1000,Sell,227808062
2024-07-31 14:03:25,48150.0,4000,Buy,227808284
2024-07-31 14:03:31,48100.0,200,Sell,227808505
2024-07-31 14:03:31,48100.0,1800,Sell,227808506
2024-07-31 14:03:50,48150.0,1000,Buy,227809201
2024-07-31 14:03:50,48150.0,5800,Buy,227809198
2024-07-31 14:03:50,48150.0,700,Buy,227809199
2024-07-31 14:03:50,48150.0,1000,Buy,227809200
2024-07-31 14:04:02,48150.0,100,Sell,227809800
2024-07-31 14:04:17,48150.0,100,Sell,227810261
2024-07-31 14:04:24,48150.0,100,Sell,227810537
2024-07-31 14:04:40,48200.0,300,Buy,227811212
2024-07-31 14:04:47,48150.0,200,Sell,227811502
2024-07-31 14:05:26,48200.0,400,Buy,227812721
2024-07-31 14:05:26,48200.0,1300,Buy,227812722
2024-07-31 14:05:26,48200.0,100,Buy,227812720
2024-07-31 14:05:26,48200.0,200,Buy,227812718
2024-07-31 14:05:26,48200.0,1000,Buy,227812719
2024-07-31 14:05:27,48200.0,500,Buy,227812760
2024-07-31 14:05:27,48200.0,200,Buy,227812761
2024-07-31 14:05:27,48200.0,100,Buy,227812762
2024-07-31 14:05:27,48200.0,800,Buy,227812763
2024-07-31 14:05:27,48200.0,1000,Buy,227812764
2024-07-31 14:05:27,48200.0,5000,Buy,227812765
2024-07-31 14:05:34,48150.0,100,Sell,227812932
2024-07-31 14:05:53,48150.0,200,Sell,227813481
2024-07-31 14:06:04,48150.0,200,Sell,227813849
2024-07-31 14:06:04,48150.0,500,Sell,227813850
2024-07-31 14:06:04,48150.0,2600,Sell,227813851
2024-07-31 14:06:04,48150.0,700,Sell,227813848
2024-07-31 14:06:37,48200.0,5000,Buy,227814999
2024-07-31 14:06:37,48200.0,200,Buy,227815000
2024-07-31 14:06:38,48200.0,400,Sell,227815037
2024-07-31 14:06:58,48200.0,500,Sell,227815597
2024-07-31 14:07:36,48200.0,100,Buy,227816794
2024-07-31 14:08:10,48200.0,200,Buy,227817563
2024-07-31 14:08:21,48200.0,2100,Sell,227817835
2024-07-31 14:08:24,48250.0,100,Buy,227817912
2024-07-31 14:08:29,48250.0,400,Buy,227818088
2024-07-31 14:08:29,48250.0,600,Buy,227818089
2024-07-31 14:08:43,48200.0,1000,Sell,227818790
2024-07-31 14:09:25,48200.0,100,Sell,227820007
2024-07-31 14:09:39,48200.0,100,Sell,227820454
2024-07-31 14:09:51,48200.0,200,Sell,227820680
2024-07-31 14:10:01,48250.0,200,Buy,227820985
2024-07-31 14:10:01,48250.0,100,Buy,227820989
