time,price,volume,match_type,id
2024-08-15 09:14:38,47050.0,4900,ATO/ATC,231691193
2024-08-15 09:15:32,47100.0,100,Sell,231692246
2024-08-15 09:15:32,47050.0,700,Sell,231692247
2024-08-15 09:16:06,47100.0,100,Sell,231692676
2024-08-15 09:16:06,47100.0,700,Sell,231692677
2024-08-15 09:17:13,47100.0,3000,Sell,231693762
2024-08-15 09:17:21,47100.0,500,Sell,231694012
2024-08-15 09:17:29,47100.0,400,Sell,231694182
2024-08-15 09:17:37,47100.0,1000,Sell,231694396
2024-08-15 09:17:37,47100.0,100,Sell,231694397
2024-08-15 09:17:37,47100.0,1300,Sell,231694398
2024-08-15 09:17:37,47100.0,2400,Sell,231694395
2024-08-15 09:17:41,47100.0,100,Buy,231694487
2024-08-15 09:17:50,47100.0,100,Buy,231694629
2024-08-15 09:18:23,47100.0,200,Sell,231695224
2024-08-15 09:19:56,47100.0,500,Sell,231696926
2024-08-15 09:20:17,47100.0,200,Sell,231697417
2024-08-15 09:20:17,47100.0,200,Sell,231697422
2024-08-15 09:20:17,47050.0,100,Sell,231697423
2024-08-15 09:21:30,47150.0,100,Sell,231698828
2024-08-15 09:21:30,47100.0,900,Sell,231698829
2024-08-15 09:21:47,47100.0,100,Sell,231699188
2024-08-15 09:22:31,47100.0,500,Sell,231699905
2024-08-15 09:22:56,47250.0,100,Buy,231700220
2024-08-15 09:24:40,47150.0,100,Buy,231701996
2024-08-15 09:24:41,47150.0,400,Buy,231702009
2024-08-15 09:24:58,47200.0,100,Buy,231702351
2024-08-15 09:25:24,47200.0,100,Buy,231702748
2024-08-15 09:25:49,47200.0,200,Buy,231703133
2024-08-15 09:26:01,47200.0,500,Sell,231703340
2024-08-15 09:26:17,47200.0,1300,Sell,231703577
2024-08-15 09:26:17,47200.0,200,Sell,231703578
2024-08-15 09:26:28,47200.0,100,Buy,231703760
2024-08-15 09:26:44,47200.0,100,Buy,231703980
2024-08-15 09:26:44,47200.0,5000,Buy,231703984
2024-08-15 09:27:36,47150.0,100,Sell,231704793
2024-08-15 09:27:36,47150.0,1000,Sell,231704794
2024-08-15 09:27:36,47150.0,500,Sell,231704795
2024-08-15 09:28:10,47100.0,500,Sell,231705231
2024-08-15 09:28:17,47150.0,400,Buy,231705318
2024-08-15 09:29:30,47100.0,2000,Sell,231706449
2024-08-15 09:29:55,47100.0,5000,Sell,231706875
2024-08-15 09:29:55,47100.0,400,Sell,231706876
2024-08-15 09:29:55,47100.0,300,Sell,231706877
2024-08-15 09:29:55,47100.0,100,Sell,231706878
2024-08-15 09:29:55,47100.0,200,Sell,231706879
2024-08-15 09:29:55,47100.0,1000,Sell,231706874
2024-08-15 09:30:15,47150.0,100,Buy,231707171
2024-08-15 09:30:18,47100.0,100,Sell,231707262
2024-08-15 09:30:26,47100.0,500,Sell,231707407
2024-08-15 09:31:35,47100.0,800,Sell,231708348
2024-08-15 09:32:41,47100.0,300,Sell,231709385
2024-08-15 09:32:41,47100.0,600,Sell,231709386
2024-08-15 09:32:44,47100.0,100,Sell,231709423
2024-08-15 09:32:44,47100.0,100,Sell,231709424
2024-08-15 09:33:09,47100.0,800,Sell,231709663
2024-08-15 09:33:09,47100.0,100,Sell,231709662
2024-08-15 09:33:09,47100.0,900,Sell,231709661
2024-08-15 09:34:22,47100.0,1500,Sell,231710821
2024-08-15 09:34:53,47100.0,500,Sell,231711306
2024-08-15 09:35:02,47100.0,200,Sell,231711485
2024-08-15 09:35:02,47100.0,100,Sell,231711486
2024-08-15 09:35:02,47100.0,2000,Sell,231711487
2024-08-15 09:35:02,47100.0,100,Sell,231711488
2024-08-15 09:35:02,47100.0,500,Sell,231711489
2024-08-15 09:35:02,47050.0,1800,Sell,231711490
2024-08-15 09:35:02,47050.0,100,Sell,231711491
2024-08-15 09:35:02,47050.0,200,Sell,231711492
2024-08-15 09:35:38,47100.0,2000,Sell,231712061
2024-08-15 09:36:08,47100.0,5000,Buy,231712743
2024-08-15 09:36:18,47100.0,3000,Buy,231712939
2024-08-15 09:36:29,47100.0,900,Buy,231713135
2024-08-15 09:36:29,47100.0,1100,Buy,231713134
2024-08-15 09:36:29,47100.0,500,Buy,231713133
2024-08-15 09:36:29,47100.0,500,Buy,231713132
2024-08-15 09:36:44,47100.0,200,Sell,231713452
2024-08-15 09:37:15,47150.0,200,Buy,231713956
2024-08-15 09:37:15,47150.0,200,Buy,231713957
2024-08-15 09:37:15,47150.0,200,Buy,231713955
2024-08-15 09:38:47,47150.0,500,Sell,231715658
2024-08-15 09:38:51,47150.0,800,Sell,231715766
2024-08-15 09:38:51,47150.0,200,Sell,231715767
2024-08-15 09:39:08,47200.0,800,Buy,231715976
2024-08-15 09:39:13,47150.0,500,Sell,231716121
2024-08-15 09:40:03,47200.0,1000,Buy,231717109
2024-08-15 09:40:09,47200.0,200,Buy,231717254
2024-08-15 09:40:15,47200.0,300,Buy,231717375
2024-08-15 09:41:11,47200.0,500,Sell,231718361
2024-08-15 09:41:41,47200.0,200,Sell,231719002
2024-08-15 09:41:45,47200.0,500,Sell,231719109
2024-08-15 09:41:58,47250.0,5500,Buy,231719359
2024-08-15 09:41:58,47250.0,500,Buy,231719357
2024-08-15 09:41:58,47250.0,100,Buy,231719358
2024-08-15 09:41:58,47250.0,200,Buy,231719356
2024-08-15 09:42:24,47250.0,4500,Buy,231719788
2024-08-15 09:42:26,47250.0,300,Buy,231719824
2024-08-15 09:42:34,47250.0,2000,Buy,231719978
2024-08-15 09:42:36,47250.0,1000,Buy,231720004
2024-08-15 09:42:43,47200.0,500,Sell,231720122
2024-08-15 09:43:03,47200.0,100,Sell,231720481
2024-08-15 09:43:03,47200.0,400,Sell,231720482
2024-08-15 09:43:04,47250.0,2100,Buy,231720531
2024-08-15 09:43:18,47250.0,500,Buy,231720750
2024-08-15 09:43:50,47200.0,500,Sell,231721151
2024-08-15 09:44:00,47250.0,1000,Buy,231721321
2024-08-15 09:44:24,47250.0,2100,Buy,231721658
2024-08-15 09:44:55,47250.0,500,Buy,231722207
2024-08-15 09:46:05,47200.0,200,Sell,231723193
2024-08-15 09:46:13,47250.0,6300,Buy,231723313
2024-08-15 09:46:47,47250.0,1700,Buy,231723847
2024-08-15 09:46:47,47250.0,100,Buy,231723841
2024-08-15 09:46:48,47250.0,6300,Buy,231723853
2024-08-15 09:46:56,47250.0,3200,Buy,231723994
2024-08-15 09:46:56,47250.0,100,Buy,231723995
2024-08-15 09:46:56,47250.0,600,Buy,231723996
2024-08-15 09:46:57,47250.0,400,Buy,231724030
2024-08-15 09:46:57,47250.0,1000,Buy,231724029
2024-08-15 09:46:57,47250.0,300,Buy,231724027
2024-08-15 09:46:57,47250.0,900,Buy,231724026
2024-08-15 09:46:57,47250.0,400,Buy,231724028
2024-08-15 09:47:09,47300.0,500,Buy,231724199
2024-08-15 09:47:21,47300.0,500,Buy,231724337
2024-08-15 09:48:01,47350.0,100,Buy,231724944
2024-08-15 09:48:01,47350.0,100,Buy,231724945
2024-08-15 09:48:08,47350.0,900,Buy,231725044
2024-08-15 09:48:08,47350.0,100,Buy,231725045
2024-08-15 09:48:40,47400.0,2400,Buy,231725621
2024-08-15 09:48:40,47400.0,100,Buy,231725618
2024-08-15 09:48:40,47400.0,500,Buy,231725619
2024-08-15 09:48:40,47400.0,2000,Buy,231725620
2024-08-15 09:48:50,47350.0,1000,Sell,231725857
2024-08-15 09:48:50,47350.0,100,Sell,231725858
2024-08-15 09:48:57,47400.0,900,Buy,231725929
2024-08-15 09:49:27,47400.0,900,Buy,231726548
2024-08-15 09:49:56,47400.0,300,Buy,231727137
2024-08-15 09:49:57,47400.0,500,Buy,231727158
2024-08-15 09:49:57,47400.0,500,Buy,231727159
2024-08-15 09:50:04,47350.0,400,Sell,231727264
2024-08-15 09:50:04,47350.0,100,Sell,231727265
2024-08-15 09:50:13,47400.0,500,Buy,231727434
2024-08-15 09:50:22,47400.0,500,Buy,231727573
2024-08-15 09:50:38,47350.0,200,Sell,231727821
2024-08-15 09:50:41,47400.0,200,Buy,231727865
2024-08-15 09:50:51,47400.0,300,Buy,231728126
2024-08-15 09:50:51,47400.0,700,Buy,231728127
2024-08-15 09:51:23,47400.0,100,Buy,231728741
2024-08-15 09:51:24,47400.0,400,Buy,231728750
2024-08-15 09:51:24,47400.0,600,Buy,231728752
2024-08-15 09:51:24,47400.0,200,Buy,231728749
2024-08-15 09:51:24,47400.0,500,Buy,231728751
2024-08-15 09:51:26,47400.0,400,Buy,231728812
2024-08-15 09:51:26,47400.0,1000,Buy,231728813
2024-08-15 09:51:26,47400.0,1000,Buy,231728814
2024-08-15 09:51:39,47400.0,500,Sell,231729125
2024-08-15 09:51:40,47400.0,100,Sell,231729170
2024-08-15 09:52:01,47400.0,1000,Sell,231729512
2024-08-15 09:52:09,47400.0,500,Sell,231729659
2024-08-15 09:52:18,47400.0,100,Sell,231729829
2024-08-15 09:52:27,47400.0,700,Sell,231729944
2024-08-15 09:52:28,47450.0,1300,Buy,231729952
2024-08-15 09:52:33,47450.0,2700,Buy,231730037
2024-08-15 09:52:33,47450.0,15300,Buy,231730038
2024-08-15 09:52:39,47450.0,200,Buy,231730109
2024-08-15 09:52:39,47450.0,500,Buy,231730108
2024-08-15 09:52:39,47450.0,500,Buy,231730106
2024-08-15 09:52:39,47450.0,100,Buy,231730105
2024-08-15 09:52:39,47450.0,1000,Buy,231730107
2024-08-15 09:52:39,47450.0,200,Buy,231730104
2024-08-15 09:52:53,47450.0,3500,Sell,231730326
2024-08-15 09:52:53,47450.0,2600,Sell,231730327
2024-08-15 09:53:55,47400.0,1000,Sell,231731297
2024-08-15 09:53:56,47400.0,1800,Sell,231731302
2024-08-15 09:53:56,47400.0,300,Sell,231731303
2024-08-15 09:53:56,47400.0,800,Sell,231731304
2024-08-15 09:54:46,47400.0,500,Buy,231731994
2024-08-15 09:54:47,47400.0,8500,Sell,231732010
2024-08-15 09:55:02,47350.0,300,Sell,231732246
2024-08-15 09:55:02,47350.0,200,Sell,231732245
2024-08-15 09:55:21,47300.0,200,Sell,231732576
2024-08-15 09:55:21,47300.0,300,Sell,231732575
2024-08-15 09:56:58,47250.0,100,Sell,231733906
2024-08-15 09:56:58,47300.0,500,Sell,231733895
2024-08-15 09:56:58,47300.0,100,Sell,231733894
2024-08-15 09:56:58,47300.0,100,Sell,231733889
2024-08-15 09:56:58,47300.0,200,Sell,231733892
2024-08-15 09:56:58,47300.0,200,Sell,231733891
2024-08-15 09:56:58,47300.0,300,Sell,231733890
2024-08-15 09:56:58,47300.0,500,Sell,231733893
2024-08-15 10:01:10,47300.0,100,Sell,231737643
2024-08-15 10:02:42,47400.0,1100,Buy,231738899
2024-08-15 10:03:22,47400.0,2000,Buy,231739782
2024-08-15 10:04:33,47350.0,2200,Sell,231740932
2024-08-15 10:04:38,47350.0,200,Buy,231740992
2024-08-15 10:05:00,47350.0,200,Buy,231741490
2024-08-15 10:05:22,47350.0,400,Buy,231741900
2024-08-15 10:05:28,47350.0,500,Sell,231742060
2024-08-15 10:05:37,47350.0,100,Sell,231742281
2024-08-15 10:05:38,47350.0,4700,Sell,231742291
2024-08-15 10:05:38,47350.0,200,Sell,231742292
2024-08-15 10:06:45,47350.0,1000,Buy,231743536
2024-08-15 10:06:45,47350.0,900,Buy,231743537
2024-08-15 10:06:45,47350.0,2000,Buy,231743538
2024-08-15 10:06:45,47350.0,100,Buy,231743535
2024-08-15 10:07:15,47350.0,1000,Sell,231744074
2024-08-15 10:07:52,47300.0,100,Sell,231744942
2024-08-15 10:08:14,47300.0,600,Sell,231745379
2024-08-15 10:08:43,47300.0,300,Sell,231745860
2024-08-15 10:08:47,47300.0,500,Sell,231745923
2024-08-15 10:08:47,47300.0,400,Sell,231745929
2024-08-15 10:08:47,47300.0,100,Sell,231745928
2024-08-15 10:08:47,47300.0,400,Sell,231745927
2024-08-15 10:08:47,47300.0,5000,Sell,231745926
2024-08-15 10:08:47,47300.0,100,Sell,231745925
2024-08-15 10:08:47,47300.0,200,Sell,231745924
2024-08-15 10:08:47,47300.0,100,Sell,231745921
2024-08-15 10:08:47,47300.0,100,Sell,231745920
2024-08-15 10:08:47,47300.0,100,Sell,231745919
2024-08-15 10:08:47,47300.0,200,Sell,231745918
2024-08-15 10:08:47,47300.0,2500,Sell,231745917
2024-08-15 10:08:47,47300.0,600,Sell,231745916
2024-08-15 10:08:47,47300.0,800,Sell,231745915
2024-08-15 10:08:47,47300.0,1900,Sell,231745914
2024-08-15 10:08:47,47300.0,100,Sell,231745922
2024-08-15 10:08:55,47300.0,1900,Buy,231746054
2024-08-15 10:09:54,47300.0,900,Sell,231746994
2024-08-15 10:09:54,47300.0,4100,Sell,231746995
2024-08-15 10:11:21,47300.0,5000,Sell,231748062
2024-08-15 10:11:21,47300.0,100,Sell,231748061
2024-08-15 10:11:21,47300.0,1600,Sell,231748063
2024-08-15 10:11:21,47300.0,1000,Sell,231748059
2024-08-15 10:11:21,47300.0,2200,Sell,231748058
2024-08-15 10:11:21,47300.0,100,Sell,231748060
2024-08-15 10:11:38,47300.0,1200,Sell,231748313
2024-08-15 10:11:38,47300.0,3800,Sell,231748314
2024-08-15 10:13:33,47300.0,1200,Sell,231750078
2024-08-15 10:13:33,47300.0,400,Sell,231750079
2024-08-15 10:13:33,47300.0,400,Sell,231750080
2024-08-15 10:13:48,47300.0,1000,Sell,231750230
2024-08-15 10:14:26,47300.0,1300,Sell,231750805
2024-08-15 10:14:26,47300.0,500,Sell,231750806
2024-08-15 10:14:51,47300.0,9000,Buy,231751257
2024-08-15 10:15:31,47250.0,400,Sell,231751722
2024-08-15 10:15:31,47250.0,100,Sell,231751723
2024-08-15 10:15:54,47250.0,600,Sell,231752175
2024-08-15 10:15:54,47250.0,100,Sell,231752176
2024-08-15 10:16:15,47250.0,2800,Sell,231752582
2024-08-15 10:16:15,47250.0,300,Sell,231752580
2024-08-15 10:16:15,47250.0,300,Sell,231752581
2024-08-15 10:16:15,47250.0,200,Sell,231752578
2024-08-15 10:16:15,47250.0,300,Sell,231752579
2024-08-15 10:16:15,47250.0,100,Sell,231752577
2024-08-15 10:16:39,47250.0,1400,Sell,231752984
2024-08-15 10:17:00,47250.0,5000,Sell,231753305
2024-08-15 10:17:20,47250.0,800,Sell,231753603
2024-08-15 10:17:20,47250.0,100,Sell,231753604
2024-08-15 10:17:20,47250.0,300,Sell,231753605
2024-08-15 10:17:20,47250.0,1000,Sell,231753606
2024-08-15 10:17:20,47200.0,400,Sell,231753615
2024-08-15 10:17:20,47200.0,200,Sell,231753608
2024-08-15 10:17:20,47200.0,100,Sell,231753609
2024-08-15 10:17:20,47200.0,500,Sell,231753610
2024-08-15 10:17:20,47200.0,500,Sell,231753611
2024-08-15 10:17:20,47200.0,500,Sell,231753612
2024-08-15 10:17:20,47200.0,100,Sell,231753613
2024-08-15 10:17:20,47200.0,500,Sell,231753614
2024-08-15 10:17:20,47200.0,10000,Sell,231753607
2024-08-15 10:17:55,47200.0,400,Sell,231754179
2024-08-15 10:17:55,47200.0,200,Sell,231754180
2024-08-15 10:18:43,47150.0,1000,Sell,231754878
2024-08-15 10:18:46,47000.0,200,Sell,231754929
2024-08-15 10:18:46,47000.0,3000,Sell,231754928
2024-08-15 10:18:46,47050.0,200,Sell,231754911
2024-08-15 10:18:46,47000.0,3000,Sell,231754927
2024-08-15 10:18:46,47000.0,100,Sell,231754926
2024-08-15 10:18:46,47000.0,800,Sell,231754925
2024-08-15 10:18:46,47000.0,2000,Sell,231754918
2024-08-15 10:18:46,47000.0,100,Sell,231754917
2024-08-15 10:18:46,47050.0,300,Sell,231754916
2024-08-15 10:18:46,47050.0,500,Sell,231754915
2024-08-15 10:18:46,47050.0,500,Sell,231754914
2024-08-15 10:18:46,47050.0,5000,Sell,231754913
2024-08-15 10:18:46,47050.0,500,Sell,231754912
2024-08-15 10:18:46,47050.0,300,Sell,231754910
2024-08-15 10:18:46,47150.0,1000,Sell,231754897
2024-08-15 10:18:46,47050.0,1000,Sell,231754908
2024-08-15 10:18:46,47050.0,100,Sell,231754909
2024-08-15 10:18:46,47150.0,1000,Sell,231754895
2024-08-15 10:18:46,47100.0,2800,Sell,231754898
2024-08-15 10:18:46,47100.0,400,Sell,231754899
2024-08-15 10:18:46,47100.0,200,Sell,231754900
2024-08-15 10:18:46,47100.0,200,Sell,231754901
2024-08-15 10:18:46,47150.0,100,Sell,231754896
2024-08-15 10:18:46,47100.0,200,Sell,231754903
2024-08-15 10:18:46,47050.0,100,Sell,231754906
2024-08-15 10:18:46,47100.0,5000,Sell,231754902
2024-08-15 10:18:46,47050.0,100,Sell,231754907
2024-08-15 10:18:46,47100.0,500,Sell,231754904
2024-08-15 10:18:46,47050.0,800,Sell,231754905
2024-08-15 10:18:49,47000.0,300,Sell,231754979
2024-08-15 10:18:49,47000.0,700,Sell,231754978
2024-08-15 10:18:57,47200.0,100,Buy,231755153
2024-08-15 10:20:04,47200.0,200,Buy,231756533
2024-08-15 10:23:16,47050.0,100,Sell,231761488
2024-08-15 10:23:16,47100.0,400,Sell,231761487
2024-08-15 10:23:16,47100.0,400,Sell,231761485
2024-08-15 10:23:16,47100.0,200,Sell,231761486
2024-08-15 10:23:16,47100.0,100,Sell,231761483
2024-08-15 10:23:16,47100.0,5700,Sell,231761482
2024-08-15 10:23:16,47100.0,3000,Sell,231761481
2024-08-15 10:23:16,47100.0,100,Sell,231761484
2024-08-15 10:23:26,47000.0,500,Sell,231761661
2024-08-15 10:23:26,47000.0,100,Sell,231761665
2024-08-15 10:23:26,47000.0,500,Sell,231761664
2024-08-15 10:23:26,47000.0,1000,Sell,231761663
2024-08-15 10:23:26,47000.0,500,Sell,231761662
2024-08-15 10:23:26,47000.0,200,Sell,231761660
2024-08-15 10:23:26,47000.0,400,Sell,231761667
2024-08-15 10:23:26,47000.0,500,Sell,231761658
2024-08-15 10:23:26,47000.0,200,Sell,231761659
2024-08-15 10:23:26,47050.0,2900,Sell,231761652
2024-08-15 10:23:26,47050.0,200,Sell,231761653
2024-08-15 10:23:26,47000.0,3000,Sell,231761666
2024-08-15 10:23:26,47050.0,100,Sell,231761655
2024-08-15 10:23:26,47050.0,100,Sell,231761654
2024-08-15 10:23:26,47000.0,1700,Sell,231761656
2024-08-15 10:23:26,47000.0,100,Sell,231761657
2024-08-15 10:23:47,47100.0,200,Sell,231762272
2024-08-15 10:23:53,47100.0,800,Sell,231762432
2024-08-15 10:23:53,47100.0,400,Sell,231762433
2024-08-15 10:24:10,47100.0,800,Buy,231762803
2024-08-15 10:24:21,47100.0,1200,Sell,231763044
2024-08-15 10:25:17,47100.0,1200,Buy,231764231
2024-08-15 10:25:17,47100.0,500,Buy,231764232
2024-08-15 10:25:38,47100.0,100,Sell,231764707
2024-08-15 10:27:17,47100.0,1000,Sell,231766911
2024-08-15 10:28:19,47100.0,1100,Sell,231768126
2024-08-15 10:28:19,47100.0,100,Sell,231768127
2024-08-15 10:28:51,47100.0,400,Sell,231768933
2024-08-15 10:29:23,47100.0,100,Sell,231769564
2024-08-15 10:29:31,47150.0,5500,Buy,231769707
2024-08-15 10:29:31,47200.0,300,Buy,231769708
2024-08-15 10:29:31,47200.0,2500,Buy,231769709
2024-08-15 10:29:31,47200.0,500,Buy,231769710
2024-08-15 10:29:31,47200.0,200,Buy,231769711
2024-08-15 10:29:31,47200.0,1000,Buy,231769712
2024-08-15 10:29:31,47300.0,1100,Buy,231769713
2024-08-15 10:29:31,47300.0,400,Buy,231769714
2024-08-15 10:29:31,47300.0,2100,Buy,231769715
2024-08-15 10:29:31,47300.0,200,Buy,231769716
2024-08-15 10:29:31,47300.0,100,Buy,231769717
2024-08-15 10:29:31,47300.0,100,Buy,231769718
2024-08-15 10:30:01,47300.0,500,Buy,231770236
2024-08-15 10:30:04,47350.0,100,Buy,231770286
2024-08-15 10:30:14,47300.0,4500,Sell,231770497
2024-08-15 10:31:57,47300.0,100,Buy,231772211
2024-08-15 10:33:57,47300.0,1000,Buy,231774244
2024-08-15 10:34:03,47300.0,100,Buy,231774334
2024-08-15 10:34:04,47300.0,100,Buy,231774358
2024-08-15 10:34:11,47300.0,100,Buy,231774429
2024-08-15 10:36:46,47300.0,100,Buy,231776890
2024-08-15 10:40:24,47300.0,300,Buy,231779688
2024-08-15 10:40:24,47300.0,200,Buy,231779689
2024-08-15 10:40:26,47300.0,500,Buy,231779728
2024-08-15 10:45:26,47300.0,400,Buy,231783584
2024-08-15 10:45:56,47300.0,500,Buy,231784026
2024-08-15 10:46:57,47300.0,200,Buy,231784768
2024-08-15 10:46:57,47300.0,800,Buy,231784769
2024-08-15 10:48:21,47300.0,3000,Buy,231785742
2024-08-15 10:49:08,47300.0,1200,Buy,231786212
2024-08-15 10:50:28,47300.0,500,Buy,231787101
2024-08-15 10:50:58,47300.0,4500,Buy,231787492
2024-08-15 10:50:58,47300.0,500,Buy,231787493
2024-08-15 10:51:00,47300.0,700,Buy,231787527
2024-08-15 10:51:05,47300.0,900,Buy,231787578
2024-08-15 10:51:05,47300.0,800,Buy,231787579
2024-08-15 10:51:31,47300.0,200,Buy,231788011
2024-08-15 10:51:31,47300.0,200,Buy,231788012
2024-08-15 10:51:31,47300.0,300,Buy,231788013
2024-08-15 10:51:31,47300.0,200,Buy,231788014
2024-08-15 10:51:31,47300.0,200,Buy,231788015
2024-08-15 10:52:25,47350.0,200,Buy,231788665
2024-08-15 10:52:25,47350.0,200,Buy,231788664
2024-08-15 10:52:25,47350.0,100,Buy,231788663
2024-08-15 10:52:25,47350.0,400,Buy,231788662
2024-08-15 10:52:25,47350.0,1000,Buy,231788660
2024-08-15 10:52:25,47350.0,4900,Buy,231788659
2024-08-15 10:52:25,47350.0,100,Buy,231788661
2024-08-15 10:53:02,47350.0,200,Sell,231789223
2024-08-15 10:54:20,47350.0,2900,Sell,231790231
2024-08-15 10:54:20,47350.0,100,Sell,231790232
2024-08-15 10:54:20,47350.0,200,Sell,231790233
2024-08-15 10:54:20,47350.0,100,Sell,231790234
2024-08-15 10:54:20,47350.0,100,Sell,231790235
2024-08-15 10:54:20,47300.0,500,Sell,231790236
2024-08-15 10:54:20,47250.0,300,Sell,231790237
2024-08-15 10:54:20,47250.0,100,Sell,231790238
2024-08-15 10:54:20,47250.0,500,Sell,231790239
2024-08-15 10:54:20,47250.0,200,Sell,231790240
2024-08-15 10:55:58,47300.0,100,Buy,231791670
2024-08-15 10:58:16,47300.0,200,Buy,231793717
2024-08-15 10:58:28,47300.0,100,Sell,231793873
2024-08-15 10:58:48,47300.0,200,Sell,231794281
2024-08-15 10:59:22,47300.0,300,Buy,231794825
2024-08-15 10:59:22,47300.0,5000,Buy,231794826
2024-08-15 11:00:32,47300.0,200,Sell,231795783
2024-08-15 11:00:41,47300.0,1000,Sell,231795879
2024-08-15 11:01:01,47300.0,3500,Sell,231796208
2024-08-15 11:01:01,47300.0,200,Sell,231796209
2024-08-15 11:01:01,47300.0,100,Sell,231796210
2024-08-15 11:01:01,47300.0,100,Sell,231796211
2024-08-15 11:01:01,47300.0,300,Sell,231796212
2024-08-15 11:01:01,47300.0,100,Sell,231796213
2024-08-15 11:02:21,47300.0,400,Buy,231797453
2024-08-15 11:02:40,47250.0,500,Sell,231797726
2024-08-15 11:03:50,47250.0,100,Sell,231799155
2024-08-15 11:04:54,47250.0,3900,Sell,231800146
2024-08-15 11:04:54,47250.0,200,Sell,231800145
2024-08-15 11:04:54,47250.0,100,Sell,231800144
2024-08-15 11:04:54,47250.0,500,Sell,231800143
2024-08-15 11:04:54,47250.0,100,Sell,231800139
2024-08-15 11:04:54,47250.0,400,Sell,231800141
2024-08-15 11:04:54,47250.0,100,Sell,231800142
2024-08-15 11:04:54,47250.0,600,Sell,231800138
2024-08-15 11:04:54,47250.0,100,Sell,231800140
2024-08-15 11:04:59,47250.0,200,Sell,231800381
2024-08-15 11:05:22,47250.0,100,Sell,231800786
2024-08-15 11:05:22,47300.0,400,Buy,231800763
2024-08-15 11:06:06,47250.0,300,Sell,231801406
2024-08-15 11:07:09,47250.0,100,Sell,231802309
2024-08-15 11:07:10,47250.0,500,Sell,231802313
2024-08-15 11:09:09,47250.0,100,Sell,231804073
2024-08-15 11:09:33,47250.0,200,Sell,231804382
2024-08-15 11:10:51,47250.0,300,Sell,231805494
2024-08-15 11:10:51,47250.0,200,Sell,231805493
2024-08-15 11:10:51,47250.0,100,Sell,231805492
2024-08-15 11:10:51,47250.0,100,Sell,231805491
2024-08-15 11:10:51,47250.0,100,Sell,231805490
2024-08-15 11:10:51,47250.0,100,Sell,231805488
2024-08-15 11:10:51,47250.0,100,Sell,231805487
2024-08-15 11:10:51,47250.0,300,Sell,231805486
2024-08-15 11:10:51,47250.0,600,Sell,231805485
2024-08-15 11:10:51,47250.0,100,Sell,231805489
2024-08-15 11:11:35,47250.0,100,Sell,231805947
2024-08-15 11:11:35,47250.0,200,Sell,231805948
2024-08-15 11:12:31,47250.0,100,Sell,231806705
2024-08-15 11:13:25,47250.0,400,Sell,231807672
2024-08-15 11:14:20,47250.0,200,Sell,231808492
2024-08-15 11:15:18,47250.0,100,Sell,231809272
2024-08-15 11:17:22,47250.0,100,Sell,231811831
2024-08-15 11:17:22,47250.0,400,Sell,231811832
2024-08-15 11:17:29,47250.0,100,Sell,231811900
2024-08-15 11:17:29,47250.0,100,Sell,231811904
2024-08-15 11:17:42,47250.0,400,Sell,231812381
2024-08-15 11:17:42,47250.0,100,Sell,231812382
2024-08-15 11:19:48,47200.0,400,Sell,231814718
2024-08-15 11:19:48,47200.0,1400,Sell,231814719
2024-08-15 11:19:48,47200.0,500,Sell,231814720
2024-08-15 11:20:31,47150.0,2000,Sell,231815696
2024-08-15 11:21:06,47150.0,1000,Sell,231816447
2024-08-15 11:21:11,47150.0,2000,Sell,231816549
2024-08-15 11:21:11,47150.0,100,Sell,231816550
2024-08-15 11:21:11,47100.0,700,Sell,231816551
2024-08-15 11:22:05,47100.0,100,Sell,231817569
2024-08-15 11:22:38,47100.0,200,Sell,231818328
2024-08-15 11:23:06,47100.0,1200,Sell,231818861
2024-08-15 11:24:08,47150.0,200,Buy,231819958
2024-08-15 11:26:26,47150.0,200,Sell,231822822
2024-08-15 11:26:26,47150.0,100,Sell,231822823
2024-08-15 11:26:26,47150.0,100,Sell,231822824
2024-08-15 11:26:56,47150.0,400,Buy,231823330
2024-08-15 11:27:14,47100.0,800,Sell,231823840
2024-08-15 11:27:14,47100.0,1000,Sell,231823841
2024-08-15 11:28:33,47100.0,3900,Sell,231825185
2024-08-15 11:28:33,47100.0,1100,Sell,231825186
2024-08-15 11:28:43,47100.0,1000,Sell,231825422
2024-08-15 11:28:58,47100.0,2700,Sell,231825729
2024-08-15 11:28:58,47100.0,100,Sell,231825727
2024-08-15 11:28:58,47100.0,400,Sell,231825726
2024-08-15 11:28:58,47100.0,1000,Sell,231825728
2024-08-15 11:29:17,47150.0,300,Sell,231826021
2024-08-15 12:59:40,47150.0,600,Sell,231827614
2024-08-15 12:59:42,47100.0,300,Sell,231828545
2024-08-15 12:59:42,47100.0,2200,Sell,231828546
2024-08-15 12:59:42,47100.0,800,Sell,231828547
2024-08-15 12:59:42,47050.0,1400,Sell,231828548
2024-08-15 12:59:42,47150.0,100,Sell,231828509
2024-08-15 12:59:46,47100.0,3000,Buy,231829527
2024-08-15 12:59:53,47050.0,1600,Sell,231830543
2024-08-15 12:59:53,47050.0,400,Sell,231830544
2024-08-15 12:59:55,47050.0,500,Sell,231830695
2024-08-15 13:00:16,47050.0,300,Sell,231831648
2024-08-15 13:00:29,47050.0,1800,Sell,231832122
2024-08-15 13:00:29,47050.0,100,Sell,231832123
2024-08-15 13:00:29,47050.0,100,Sell,231832124
2024-08-15 13:00:36,47100.0,400,Buy,231832288
2024-08-15 13:00:46,47050.0,800,Sell,231832652
2024-08-15 13:00:49,47000.0,600,Sell,231832734
2024-08-15 13:00:49,47000.0,600,Sell,231832731
2024-08-15 13:00:49,47000.0,100,Sell,231832730
2024-08-15 13:00:49,47000.0,200,Sell,231832729
2024-08-15 13:00:49,47000.0,200,Sell,231832728
2024-08-15 13:00:49,47000.0,200,Sell,231832727
2024-08-15 13:00:49,47000.0,100,Sell,231832726
2024-08-15 13:00:49,47000.0,500,Sell,231832725
2024-08-15 13:00:49,47000.0,100,Sell,231832723
2024-08-15 13:00:49,47000.0,200,Sell,231832721
2024-08-15 13:00:49,47000.0,200,Sell,231832724
2024-08-15 13:00:49,47000.0,100,Sell,231832722
2024-08-15 13:00:49,47000.0,5000,Sell,231832719
2024-08-15 13:00:49,47000.0,500,Sell,231832718
2024-08-15 13:00:49,47000.0,200,Sell,231832717
2024-08-15 13:00:49,47000.0,4000,Sell,231832716
2024-08-15 13:00:49,47000.0,2000,Sell,231832715
2024-08-15 13:00:49,47050.0,100,Sell,231832714
2024-08-15 13:00:49,47050.0,100,Sell,231832713
2024-08-15 13:00:49,47050.0,100,Sell,231832712
2024-08-15 13:00:49,47050.0,300,Sell,231832711
2024-08-15 13:00:49,47050.0,4100,Sell,231832710
2024-08-15 13:00:49,47000.0,500,Sell,231832720
2024-08-15 13:00:51,47000.0,1000,Sell,231832783
2024-08-15 13:00:51,47050.0,1000,Buy,231832794
2024-08-15 13:00:55,47050.0,1000,Sell,231832895
2024-08-15 13:01:02,47050.0,600,Sell,231833105
2024-08-15 13:01:09,47050.0,400,Sell,231833324
2024-08-15 13:01:21,47050.0,2000,Buy,231833650
2024-08-15 13:01:21,47050.0,700,Buy,231833649
2024-08-15 13:01:45,47100.0,500,Buy,231834439
2024-08-15 13:02:00,47050.0,300,Sell,231834817
2024-08-15 13:02:00,47050.0,100,Sell,231834818
2024-08-15 13:02:00,47050.0,600,Sell,231834819
2024-08-15 13:02:04,47100.0,2000,Buy,231834904
2024-08-15 13:03:03,47050.0,500,Sell,231836646
2024-08-15 13:03:18,47050.0,200,Sell,231836990
2024-08-15 13:03:29,47050.0,1700,Sell,231837281
2024-08-15 13:03:29,47050.0,2000,Sell,231837282
2024-08-15 13:03:29,47050.0,300,Sell,231837283
2024-08-15 13:03:31,47100.0,500,Buy,231837346
2024-08-15 13:03:33,47050.0,600,Sell,231837418
2024-08-15 13:03:46,47050.0,200,Buy,231837785
2024-08-15 13:04:27,47050.0,2700,Buy,231838843
2024-08-15 13:04:27,47050.0,2000,Buy,231838844
2024-08-15 13:04:33,47050.0,100,Sell,231839013
2024-08-15 13:04:43,47050.0,400,Sell,231839290
2024-08-15 13:04:43,47050.0,200,Sell,231839289
2024-08-15 13:04:46,47050.0,700,Sell,231839356
2024-08-15 13:04:54,47050.0,100,Sell,231839589
2024-08-15 13:05:15,47100.0,100,Buy,231840449
2024-08-15 13:05:29,47100.0,1000,Buy,231840905
2024-08-15 13:07:28,47050.0,100,Sell,231844604
2024-08-15 13:08:05,47050.0,2000,Sell,231845590
2024-08-15 13:10:31,47050.0,100,Sell,231849635
2024-08-15 13:10:34,47100.0,500,Buy,231849712
2024-08-15 13:10:45,47100.0,500,Buy,231850042
2024-08-15 13:10:58,47100.0,100,Buy,231850458
2024-08-15 13:11:09,47100.0,500,Buy,231850813
2024-08-15 13:11:26,47050.0,600,Sell,231851404
2024-08-15 13:11:26,47050.0,200,Sell,231851405
2024-08-15 13:11:36,47050.0,300,Sell,231851701
2024-08-15 13:11:36,47050.0,500,Sell,231851702
2024-08-15 13:11:57,47050.0,100,Sell,231852219
2024-08-15 13:12:16,47050.0,1000,Sell,231852911
2024-08-15 13:12:21,47050.0,400,Sell,231852990
2024-08-15 13:12:21,47050.0,2600,Sell,231852991
2024-08-15 13:12:29,47050.0,900,Sell,231853250
2024-08-15 13:12:29,47050.0,100,Sell,231853251
2024-08-15 13:12:49,47050.0,100,Sell,231853840
2024-08-15 13:12:49,47050.0,300,Sell,231853841
2024-08-15 13:12:51,47050.0,1000,Sell,231853904
2024-08-15 13:12:51,47050.0,1000,Sell,231853905
2024-08-15 13:12:51,47050.0,300,Sell,231853906
2024-08-15 13:12:51,47050.0,100,Sell,231853907
2024-08-15 13:13:25,47050.0,100,Sell,231854704
2024-08-15 13:13:31,47050.0,400,Sell,231854806
2024-08-15 13:14:12,47050.0,100,Sell,231855794
2024-08-15 13:14:44,47050.0,400,Sell,231856488
2024-08-15 13:14:54,47050.0,700,Sell,231856719
2024-08-15 13:15:04,47100.0,300,Buy,231857035
2024-08-15 13:15:04,47100.0,200,Buy,231857034
2024-08-15 13:15:23,47100.0,500,Buy,231857573
2024-08-15 13:15:34,47100.0,100,Buy,231857983
2024-08-15 13:15:40,47100.0,100,Buy,231858139
2024-08-15 13:15:40,47100.0,1900,Buy,231858140
2024-08-15 13:16:10,47100.0,1000,Buy,231859008
2024-08-15 13:18:27,47100.0,500,Buy,231862265
2024-08-15 13:19:25,47100.0,1000,Buy,231863477
2024-08-15 13:19:29,47100.0,400,Buy,231863585
2024-08-15 13:21:02,47100.0,200,Buy,231865507
2024-08-15 13:21:02,47100.0,500,Buy,231865508
2024-08-15 13:21:02,47100.0,300,Buy,231865509
2024-08-15 13:21:08,47050.0,200,Sell,231865619
2024-08-15 13:21:39,47050.0,200,Sell,231866174
2024-08-15 13:21:39,47050.0,300,Sell,231866175
2024-08-15 13:21:47,47050.0,600,Sell,231866354
2024-08-15 13:21:47,47050.0,1400,Sell,231866353
2024-08-15 13:22:48,47100.0,100,Buy,231867667
2024-08-15 13:23:35,47100.0,8400,Buy,231868714
2024-08-15 13:23:51,47100.0,1200,Buy,231869164
2024-08-15 13:23:51,47100.0,500,Buy,231869165
2024-08-15 13:23:54,47100.0,700,Buy,231869253
2024-08-15 13:23:55,47100.0,100,Buy,231869291
2024-08-15 13:24:03,47100.0,700,Buy,231869506
2024-08-15 13:24:03,47100.0,400,Buy,231869507
2024-08-15 13:24:03,47100.0,200,Buy,231869509
2024-08-15 13:24:03,47100.0,6600,Buy,231869510
2024-08-15 13:24:03,47100.0,500,Buy,231869508
2024-08-15 13:24:09,47100.0,3000,Buy,231869617
2024-08-15 13:24:15,47100.0,200,Buy,231869737
2024-08-15 13:24:15,47100.0,400,Buy,231869734
2024-08-15 13:24:15,47100.0,200,Buy,231869735
2024-08-15 13:24:15,47100.0,300,Buy,231869736
2024-08-15 13:24:16,47100.0,100,Sell,231869747
2024-08-15 13:24:42,47150.0,100,Buy,231870288
2024-08-15 13:24:42,47150.0,100,Buy,231870287
2024-08-15 13:24:49,47150.0,100,Buy,231870425
2024-08-15 13:25:41,47150.0,100,Buy,231871631
2024-08-15 13:25:46,47100.0,8800,Sell,231871712
2024-08-15 13:25:46,47100.0,4800,Sell,231871713
2024-08-15 13:25:46,47100.0,5000,Sell,231871714
2024-08-15 13:25:46,47100.0,1400,Sell,231871715
2024-08-15 13:26:03,47100.0,200,Sell,231872035
2024-08-15 13:26:42,47100.0,100,Sell,231872799
2024-08-15 13:26:54,47150.0,200,Buy,231873065
2024-08-15 13:28:28,47100.0,100,Sell,231875135
2024-08-15 13:28:37,47100.0,300,Sell,231875323
2024-08-15 13:28:49,47100.0,500,Sell,231875551
2024-08-15 13:29:06,47150.0,500,Buy,231875906
2024-08-15 13:29:16,47150.0,500,Buy,231876148
2024-08-15 13:29:28,47150.0,500,Buy,231876434
2024-08-15 13:29:38,47150.0,500,Buy,231876714
2024-08-15 13:29:40,47150.0,1700,Buy,231876739
2024-08-15 13:30:08,47150.0,500,Buy,231877350
2024-08-15 13:30:17,47150.0,300,Buy,231877547
2024-08-15 13:30:17,47150.0,200,Buy,231877548
2024-08-15 13:30:17,47150.0,100,Buy,231877549
2024-08-15 13:30:17,47150.0,500,Buy,231877550
2024-08-15 13:30:17,47150.0,900,Buy,231877551
2024-08-15 13:30:48,47150.0,1700,Buy,231878191
2024-08-15 13:30:55,47100.0,2400,Sell,231878293
2024-08-15 13:30:55,47150.0,100,Buy,231878294
2024-08-15 13:30:55,47150.0,500,Buy,231878295
2024-08-15 13:30:55,47150.0,200,Buy,231878296
2024-08-15 13:30:56,47100.0,1000,Sell,231878330
2024-08-15 13:31:05,47150.0,200,Buy,231878511
2024-08-15 13:31:12,47150.0,600,Buy,231878637
2024-08-15 13:31:12,47150.0,100,Buy,231878638
2024-08-15 13:31:23,47150.0,900,Buy,231878824
2024-08-15 13:31:23,47150.0,800,Buy,231878825
2024-08-15 13:31:43,47150.0,1800,Buy,231879259
2024-08-15 13:31:43,47150.0,200,Buy,231879257
2024-08-15 13:31:43,47150.0,2000,Buy,231879258
2024-08-15 13:31:47,47100.0,6600,Sell,231879360
2024-08-15 13:31:47,47100.0,1200,Sell,231879361
2024-08-15 13:31:47,47100.0,2200,Sell,231879362
2024-08-15 13:31:52,47100.0,1700,Sell,231879439
2024-08-15 13:32:06,47100.0,100,Sell,231879686
2024-08-15 13:32:06,47100.0,200,Sell,231879687
2024-08-15 13:32:11,47100.0,200,Buy,231879771
2024-08-15 13:32:11,47100.0,1000,Buy,231879772
2024-08-15 13:32:25,47100.0,500,Sell,231880062
2024-08-15 13:32:46,47100.0,500,Sell,231880526
2024-08-15 13:33:07,47100.0,1300,Sell,231880955
2024-08-15 13:33:07,47100.0,700,Sell,231880956
2024-08-15 13:33:08,47150.0,100,Buy,231880988
2024-08-15 13:33:20,47100.0,100,Sell,231881195
2024-08-15 13:33:58,47150.0,100,Buy,231881970
2024-08-15 13:34:43,47150.0,300,Buy,231883000
2024-08-15 13:34:50,47150.0,300,Buy,231883180
2024-08-15 13:35:27,47150.0,200,Buy,231883900
2024-08-15 13:35:49,47100.0,200,Sell,231884471
2024-08-15 13:35:49,47100.0,200,Sell,231884472
2024-08-15 13:36:04,47100.0,100,Sell,231885206
2024-08-15 13:36:52,47100.0,200,Sell,231886351
2024-08-15 13:37:20,47100.0,100,Sell,231886837
2024-08-15 13:37:20,47100.0,700,Sell,231886838
2024-08-15 13:37:40,47150.0,1100,Buy,231887381
2024-08-15 13:37:57,47150.0,1000,Buy,231887783
2024-08-15 13:38:01,47150.0,100,Buy,231887879
2024-08-15 13:38:01,47150.0,500,Buy,231887880
2024-08-15 13:38:01,47150.0,1000,Buy,231887878
2024-08-15 13:38:01,47150.0,2800,Buy,231887874
2024-08-15 13:38:01,47150.0,500,Buy,231887876
2024-08-15 13:38:01,47150.0,100,Buy,231887877
2024-08-15 13:38:01,47150.0,1000,Buy,231887875
2024-08-15 13:39:04,47150.0,500,Buy,231889315
2024-08-15 13:39:04,47150.0,500,Buy,231889316
2024-08-15 13:39:19,47150.0,200,Buy,231889700
2024-08-15 13:39:43,47150.0,800,Sell,231890213
2024-08-15 13:39:43,47150.0,200,Sell,231890214
2024-08-15 13:40:04,47150.0,100,Sell,231890744
2024-08-15 13:42:10,47100.0,1000,Sell,231893730
2024-08-15 13:43:31,47050.0,4600,Sell,231895374
2024-08-15 13:43:31,47050.0,100,Sell,231895373
2024-08-15 13:43:31,47050.0,1800,Sell,231895372
2024-08-15 13:43:31,47050.0,100,Sell,231895371
2024-08-15 13:43:31,47050.0,300,Sell,231895369
2024-08-15 13:43:31,47050.0,100,Sell,231895368
2024-08-15 13:43:31,47050.0,200,Sell,231895370
2024-08-15 13:43:31,47050.0,1000,Sell,231895366
2024-08-15 13:43:31,47050.0,500,Sell,231895365
2024-08-15 13:43:31,47100.0,3300,Sell,231895360
2024-08-15 13:43:31,47050.0,100,Sell,231895364
2024-08-15 13:43:31,47100.0,500,Sell,231895363
2024-08-15 13:43:31,47100.0,2000,Sell,231895362
2024-08-15 13:43:31,47100.0,300,Sell,231895361
2024-08-15 13:43:31,47050.0,100,Sell,231895367
2024-08-15 13:44:50,47100.0,400,Buy,231897146
2024-08-15 13:44:50,47050.0,300,Sell,231897147
2024-08-15 13:45:43,47100.0,400,Buy,231898200
2024-08-15 13:46:09,47100.0,1000,Buy,231898874
2024-08-15 13:46:35,47100.0,400,Buy,231899372
2024-08-15 13:47:55,47000.0,200,Sell,231901081
2024-08-15 13:47:55,47000.0,100,Sell,231901080
2024-08-15 13:47:55,47000.0,100,Sell,231901079
2024-08-15 13:47:55,47000.0,200,Sell,231901078
2024-08-15 13:47:55,47000.0,5000,Sell,231901076
2024-08-15 13:47:55,47000.0,1000,Sell,231901077
2024-08-15 13:47:55,47000.0,1000,Sell,231901075
2024-08-15 13:47:55,47050.0,300,Sell,231901070
2024-08-15 13:47:55,47050.0,100,Sell,231901073
2024-08-15 13:47:55,47050.0,500,Sell,231901074
2024-08-15 13:47:55,47050.0,100,Sell,231901066
2024-08-15 13:47:55,47050.0,100,Sell,231901067
2024-08-15 13:47:55,47050.0,100,Sell,231901069
2024-08-15 13:47:55,47050.0,1000,Sell,231901071
2024-08-15 13:47:55,47050.0,100,Sell,231901072
2024-08-15 13:47:55,47050.0,100,Sell,231901068
2024-08-15 13:48:02,47050.0,400,Buy,231901221
2024-08-15 13:48:02,47100.0,1800,Buy,231901222
2024-08-15 13:48:53,47100.0,200,Buy,231902177
2024-08-15 13:48:53,47100.0,200,Buy,231902178
2024-08-15 13:48:57,47100.0,200,Buy,231902248
2024-08-15 13:48:57,47100.0,300,Buy,231902249
2024-08-15 13:49:25,47100.0,200,Buy,231902882
2024-08-15 13:49:25,47100.0,100,Buy,231902883
2024-08-15 13:50:00,47100.0,300,Buy,231903572
2024-08-15 13:50:12,47100.0,400,Buy,231903784
2024-08-15 13:50:34,47100.0,1000,Buy,231904305
2024-08-15 13:50:39,47100.0,1500,Buy,231904406
2024-08-15 13:50:39,47100.0,5000,Buy,231904407
2024-08-15 13:50:39,47100.0,100,Buy,231904408
2024-08-15 13:50:39,47100.0,1000,Buy,231904409
2024-08-15 13:50:39,47100.0,400,Buy,231904410
2024-08-15 13:50:39,47100.0,500,Buy,231904411
2024-08-15 13:51:18,47100.0,1500,Sell,231905171
2024-08-15 13:51:18,47100.0,100,Sell,231905172
2024-08-15 13:51:23,47100.0,100,Buy,231905257
2024-08-15 13:51:29,47100.0,200,Buy,231905418
2024-08-15 13:51:45,47050.0,200,Sell,231905754
2024-08-15 13:51:58,47100.0,100,Buy,231906055
2024-08-15 13:52:03,47100.0,400,Buy,231906179
2024-08-15 13:52:14,47050.0,100,Sell,231906398
2024-08-15 13:52:41,47050.0,100,Sell,231906965
2024-08-15 13:53:14,47050.0,2000,Buy,231907605
2024-08-15 13:53:20,47050.0,1000,Buy,231907741
2024-08-15 13:53:23,47050.0,400,Buy,231907794
2024-08-15 13:53:40,47050.0,100,Buy,231908220
2024-08-15 13:54:02,47000.0,900,Sell,231908726
2024-08-15 13:54:02,47000.0,1000,Sell,231908725
2024-08-15 13:54:02,47000.0,5000,Sell,231908724
2024-08-15 13:54:02,47000.0,200,Sell,231908723
2024-08-15 13:54:02,47000.0,1000,Sell,231908722
2024-08-15 13:54:02,47000.0,300,Sell,231908721
2024-08-15 13:54:02,47000.0,1000,Sell,231908720
2024-08-15 13:54:02,47000.0,100,Sell,231908719
2024-08-15 13:54:02,47000.0,100,Sell,231908717
2024-08-15 13:54:02,47000.0,500,Sell,231908716
2024-08-15 13:54:02,47000.0,100,Sell,231908715
2024-08-15 13:54:02,47000.0,100,Sell,231908714
2024-08-15 13:54:02,47000.0,100,Sell,231908713
2024-08-15 13:54:02,47000.0,100,Sell,231908712
2024-08-15 13:54:02,47000.0,2000,Sell,231908711
2024-08-15 13:54:02,47000.0,1800,Sell,231908710
2024-08-15 13:54:02,47000.0,1000,Sell,231908718
2024-08-15 13:54:17,47000.0,500,Buy,231908992
2024-08-15 13:54:17,47050.0,100,Buy,231908993
2024-08-15 13:54:26,47050.0,400,Buy,231909246
2024-08-15 13:54:40,47000.0,100,Sell,231909562
2024-08-15 13:54:57,47000.0,500,Sell,231910064
2024-08-15 13:55:01,47050.0,100,Buy,231910208
2024-08-15 13:55:29,47000.0,100,Sell,231911000
2024-08-15 13:55:54,47000.0,400,Buy,231911552
2024-08-15 13:55:59,47000.0,500,Buy,231911756
2024-08-15 13:56:04,47000.0,200,Buy,231911993
2024-08-15 13:56:05,46950.0,4300,Sell,231912050
2024-08-15 13:56:06,46950.0,100,Sell,231912073
2024-08-15 13:56:07,46950.0,600,Sell,231912105
2024-08-15 13:56:07,46950.0,200,Sell,231912106
2024-08-15 13:56:07,46950.0,1000,Sell,231912107
2024-08-15 13:56:07,46950.0,200,Sell,231912108
2024-08-15 13:56:17,47000.0,300,Buy,231912378
2024-08-15 13:56:19,46950.0,400,Sell,231912464
2024-08-15 13:56:22,46950.0,3400,Sell,231912563
2024-08-15 13:56:22,46950.0,100,Sell,231912564
2024-08-15 13:56:22,46950.0,100,Sell,231912565
2024-08-15 13:56:22,46950.0,100,Sell,231912566
2024-08-15 13:56:22,46950.0,2000,Sell,231912567
2024-08-15 13:56:52,46900.0,100,Sell,231913494
2024-08-15 13:56:52,46900.0,100,Sell,231913493
2024-08-15 13:56:54,46900.0,1100,Sell,231913548
2024-08-15 13:56:57,46950.0,400,Buy,231913697
2024-08-15 13:57:07,46900.0,400,Sell,231914105
2024-08-15 13:57:24,46900.0,2000,Sell,231914654
2024-08-15 13:57:29,46900.0,100,Sell,231914809
2024-08-15 13:57:42,46950.0,400,Buy,231915377
2024-08-15 13:57:53,46950.0,500,Buy,231915865
2024-08-15 13:58:06,46900.0,300,Sell,231916324
2024-08-15 13:58:25,46950.0,100,Buy,231916916
2024-08-15 13:58:28,46950.0,200,Buy,231917048
2024-08-15 13:58:29,46900.0,1000,Sell,231917074
2024-08-15 13:59:01,46900.0,1000,Sell,231918210
2024-08-15 13:59:01,46900.0,800,Sell,231918211
2024-08-15 13:59:01,46900.0,300,Sell,231918209
2024-08-15 13:59:01,46900.0,100,Sell,231918205
2024-08-15 13:59:01,46900.0,500,Sell,231918207
2024-08-15 13:59:01,46900.0,200,Sell,231918208
2024-08-15 13:59:01,46900.0,100,Sell,231918206
2024-08-15 13:59:38,46900.0,100,Sell,231919530
2024-08-15 13:59:54,46900.0,100,Sell,231920105
2024-08-15 13:59:54,46900.0,700,Sell,231920106
2024-08-15 13:59:57,46950.0,100,Buy,231920203
2024-08-15 14:00:40,46950.0,1000,Buy,231921503
2024-08-15 14:01:06,46950.0,100,Buy,231922226
2024-08-15 14:01:09,46950.0,800,Buy,231922317
2024-08-15 14:01:35,46900.0,400,Sell,231923211
2024-08-15 14:01:50,46900.0,400,Sell,231923814
2024-08-15 14:01:51,46900.0,500,Sell,231923889
2024-08-15 14:01:51,46900.0,100,Sell,231923890
2024-08-15 14:01:51,46900.0,400,Sell,231923891
2024-08-15 14:01:58,46900.0,2500,Sell,231924198
2024-08-15 14:02:05,46900.0,200,Sell,231924517
2024-08-15 14:02:11,46900.0,100,Sell,231924819
2024-08-15 14:02:11,46900.0,1900,Sell,231924818
2024-08-15 14:02:14,46900.0,100,Sell,231924924
2024-08-15 14:02:16,46900.0,4900,Sell,231925013
2024-08-15 14:02:16,46900.0,100,Sell,231925014
2024-08-15 14:02:21,46900.0,100,Sell,231925178
2024-08-15 14:02:21,46900.0,100,Sell,231925179
2024-08-15 14:02:21,46900.0,1000,Sell,231925180
2024-08-15 14:02:21,46900.0,2000,Sell,231925181
2024-08-15 14:02:21,46900.0,100,Sell,231925182
2024-08-15 14:02:21,46900.0,500,Sell,231925183
2024-08-15 14:02:40,46850.0,200,Sell,231926047
2024-08-15 14:02:40,46850.0,100,Sell,231926045
2024-08-15 14:02:40,46850.0,100,Sell,231926046
2024-08-15 14:02:44,46850.0,1800,Sell,231926237
2024-08-15 14:02:44,46850.0,200,Sell,231926238
2024-08-15 14:02:53,46850.0,2300,Sell,231926511
2024-08-15 14:02:53,46850.0,8900,Sell,231926512
2024-08-15 14:02:56,46900.0,100,Buy,231926643
2024-08-15 14:03:21,46850.0,1100,Sell,231927851
2024-08-15 14:03:21,46850.0,200,Sell,231927852
2024-08-15 14:03:21,46850.0,100,Sell,231927853
2024-08-15 14:03:22,46850.0,100,Buy,231927888
2024-08-15 14:03:49,46850.0,100,Buy,231929137
2024-08-15 14:03:59,46850.0,3400,Buy,231930148
2024-08-15 14:04:01,46800.0,100,Sell,231930242
2024-08-15 14:04:01,46800.0,200,Sell,231930237
2024-08-15 14:04:01,46800.0,500,Sell,231930240
2024-08-15 14:04:01,46800.0,1000,Sell,231930241
2024-08-15 14:04:01,46750.0,100,Sell,231930243
2024-08-15 14:04:01,46800.0,1000,Sell,231930236
2024-08-15 14:04:01,46750.0,100,Sell,231930245
2024-08-15 14:04:01,46750.0,100,Sell,231930246
2024-08-15 14:04:01,46750.0,100,Sell,231930247
2024-08-15 14:04:01,46750.0,300,Sell,231930248
2024-08-15 14:04:01,46750.0,500,Sell,231930244
2024-08-15 14:04:01,46800.0,100,Sell,231930235
2024-08-15 14:04:01,46700.0,4400,Sell,231930250
2024-08-15 14:04:01,46800.0,500,Sell,231930233
2024-08-15 14:04:01,46800.0,200,Sell,231930234
2024-08-15 14:04:01,46850.0,600,Sell,231930222
2024-08-15 14:04:01,46800.0,500,Sell,231930223
2024-08-15 14:04:01,46800.0,100,Sell,231930224
2024-08-15 14:04:01,46800.0,200,Sell,231930225
2024-08-15 14:04:01,46800.0,2000,Sell,231930226
2024-08-15 14:04:01,46700.0,100,Sell,231930249
2024-08-15 14:04:01,46800.0,1000,Sell,231930228
2024-08-15 14:04:01,46800.0,500,Sell,231930231
2024-08-15 14:04:01,46800.0,200,Sell,231930227
2024-08-15 14:04:01,46800.0,5000,Sell,231930232
2024-08-15 14:04:01,46800.0,200,Sell,231930229
2024-08-15 14:04:01,46800.0,400,Sell,231930230
2024-08-15 14:04:09,46800.0,300,Buy,231930597
2024-08-15 14:04:35,46700.0,400,Sell,231932109
2024-08-15 14:04:36,46800.0,200,Buy,231932147
2024-08-15 14:04:36,46800.0,700,Buy,231932148
2024-08-15 14:04:58,46800.0,100,Sell,231933619
2024-08-15 14:04:59,46800.0,1000,Sell,231933664
2024-08-15 14:05:30,46800.0,200,Sell,231935320
2024-08-15 14:05:30,46800.0,600,Sell,231935321
2024-08-15 14:05:45,46800.0,5600,Sell,231935966
2024-08-15 14:05:45,46800.0,800,Sell,231935965
2024-08-15 14:05:45,46800.0,1100,Sell,231935962
2024-08-15 14:05:48,46900.0,1100,Buy,231936045
2024-08-15 14:05:50,46800.0,1000,Sell,231936150
2024-08-15 14:05:50,46800.0,500,Sell,231936151
2024-08-15 14:05:52,46800.0,200,Buy,231936214
2024-08-15 14:06:05,46800.0,100,Buy,231936932
2024-08-15 14:06:11,46800.0,200,Buy,231937246
2024-08-15 14:06:29,46750.0,100,Sell,231938143
2024-08-15 14:06:29,46750.0,600,Sell,231938144
2024-08-15 14:07:03,46800.0,600,Buy,231939335
2024-08-15 14:07:06,46750.0,1000,Sell,231939485
2024-08-15 14:07:27,46750.0,100,Sell,231940205
2024-08-15 14:07:27,46750.0,800,Sell,231940206
2024-08-15 14:07:36,46800.0,1800,Buy,231940575
2024-08-15 14:07:42,46800.0,100,Buy,231940742
2024-08-15 14:07:42,46750.0,100,Sell,231940730
2024-08-15 14:08:08,46800.0,500,Buy,231941433
2024-08-15 14:08:37,46800.0,800,Buy,231942310
2024-08-15 14:08:40,46800.0,100,Buy,231942409
2024-08-15 14:08:42,46800.0,300,Buy,231942504
2024-08-15 14:08:47,46750.0,300,Sell,231942638
2024-08-15 14:08:47,46750.0,200,Sell,231942639
2024-08-15 14:08:47,46750.0,5000,Sell,231942640
2024-08-15 14:08:47,46750.0,100,Sell,231942641
2024-08-15 14:08:47,46750.0,2000,Sell,231942642
2024-08-15 14:08:47,46750.0,100,Sell,231942643
2024-08-15 14:08:47,46750.0,300,Sell,231942644
2024-08-15 14:08:47,46750.0,1000,Sell,231942645
2024-08-15 14:08:47,46750.0,1900,Sell,231942646
2024-08-15 14:08:47,46750.0,100,Sell,231942637
2024-08-15 14:08:52,46800.0,5000,Buy,231942796
2024-08-15 14:08:59,46800.0,1000,Buy,231942928
2024-08-15 14:09:06,46800.0,200,Buy,231943177
2024-08-15 14:09:30,46800.0,500,Buy,231943785
2024-08-15 14:09:33,46750.0,400,Sell,231943882
2024-08-15 14:09:33,46750.0,5000,Sell,231943881
2024-08-15 14:09:33,46750.0,5000,Sell,231943879
2024-08-15 14:09:33,46750.0,600,Sell,231943878
2024-08-15 14:09:33,46750.0,1000,Sell,231943880
2024-08-15 14:09:36,46800.0,400,Buy,231943952
2024-08-15 14:10:02,46800.0,100,Buy,231944616
2024-08-15 14:10:03,46800.0,1400,Buy,231944650
2024-08-15 14:10:08,46800.0,200,Buy,231944752
2024-08-15 14:10:32,46900.0,200,Buy,231945386
2024-08-15 14:10:32,46900.0,100,Buy,231945387
2024-08-15 14:10:46,46900.0,300,Buy,231945819
2024-08-15 14:10:46,46950.0,500,Buy,231945820
2024-08-15 14:11:11,46950.0,500,Buy,231946502
2024-08-15 14:11:36,46950.0,100,Buy,231947246
2024-08-15 14:11:39,46950.0,200,Buy,231947278
2024-08-15 14:11:39,46950.0,100,Buy,231947279
2024-08-15 14:11:49,47000.0,100,Buy,231947576
2024-08-15 14:12:38,47000.0,500,Buy,231948812
2024-08-15 14:12:38,47000.0,200,Buy,231948813
2024-08-15 14:12:49,47000.0,300,Sell,231949096
2024-08-15 14:13:24,47000.0,100,Buy,231949922
2024-08-15 14:13:36,47000.0,100,Buy,231950337
2024-08-15 14:13:54,47000.0,100,Buy,231950791
2024-08-15 14:14:25,46950.0,1300,Sell,231951579
2024-08-15 14:14:25,46950.0,100,Sell,231951578
2024-08-15 14:14:25,46950.0,200,Sell,231951575
2024-08-15 14:14:25,46950.0,200,Sell,231951576
2024-08-15 14:14:25,46950.0,200,Sell,231951577
2024-08-15 14:14:26,46950.0,700,Sell,231951606
2024-08-15 14:14:28,46950.0,500,Sell,231951707
2024-08-15 14:14:56,46950.0,500,Sell,231952483
2024-08-15 14:14:56,46950.0,500,Sell,231952498
2024-08-15 14:14:57,46950.0,500,Sell,231952530
2024-08-15 14:15:06,46950.0,400,Buy,231952870
2024-08-15 14:15:06,46950.0,100,Buy,231952871
2024-08-15 14:15:12,46950.0,200,Buy,231953085
2024-08-15 14:15:20,46950.0,100,Buy,231953488
2024-08-15 14:15:48,46950.0,100,Buy,231954191
2024-08-15 14:15:48,46950.0,100,Buy,231954192
2024-08-15 14:15:48,46950.0,400,Buy,231954189
2024-08-15 14:15:48,46950.0,400,Buy,231954190
2024-08-15 14:16:00,46950.0,300,Buy,231954555
2024-08-15 14:16:00,46950.0,100,Buy,231954556
2024-08-15 14:16:10,46950.0,200,Buy,231954807
2024-08-15 14:16:18,46950.0,100,Buy,231955045
2024-08-15 14:16:35,46950.0,300,Buy,231955507
2024-08-15 14:16:46,46950.0,100,Buy,231955914
2024-08-15 14:16:46,46950.0,200,Buy,231955915
2024-08-15 14:16:46,46950.0,100,Buy,231955916
2024-08-15 14:16:55,46950.0,700,Buy,231956209
2024-08-15 14:17:30,47000.0,700,Buy,231957283
2024-08-15 14:17:33,47000.0,400,Buy,231957390
2024-08-15 14:17:36,47000.0,600,Buy,231957448
2024-08-15 14:17:36,47000.0,700,Buy,231957447
2024-08-15 14:17:36,47000.0,200,Buy,231957445
2024-08-15 14:17:36,47000.0,200,Buy,231957446
2024-08-15 14:18:18,47000.0,200,Buy,231958714
2024-08-15 14:18:18,47000.0,200,Buy,231958713
2024-08-15 14:18:49,46950.0,300,Sell,231959754
2024-08-15 14:18:49,46950.0,100,Sell,231959755
2024-08-15 14:18:52,47000.0,500,Buy,231959867
2024-08-15 14:18:58,47000.0,100,Buy,231960017
2024-08-15 14:18:58,47000.0,800,Buy,231960018
2024-08-15 14:18:58,47000.0,100,Buy,231960019
2024-08-15 14:18:58,47000.0,200,Buy,231960020
2024-08-15 14:19:13,47050.0,800,Buy,231960515
2024-08-15 14:19:45,47050.0,100,Buy,231961438
2024-08-15 14:19:55,47050.0,800,Buy,231961883
2024-08-15 14:20:06,47000.0,1300,Sell,231962228
2024-08-15 14:20:06,47000.0,1000,Sell,231962229
2024-08-15 14:20:33,46950.0,500,Sell,231962991
2024-08-15 14:20:40,47000.0,800,Buy,231963298
2024-08-15 14:21:20,47000.0,900,Buy,231964399
2024-08-15 14:21:27,47000.0,800,Buy,231964574
2024-08-15 14:21:55,47000.0,100,Buy,231965462
2024-08-15 14:22:01,47000.0,700,Buy,231965622
2024-08-15 14:22:01,47000.0,1300,Buy,231965623
2024-08-15 14:22:11,47000.0,200,Buy,231965966
2024-08-15 14:22:11,47000.0,300,Buy,231965967
2024-08-15 14:22:11,47000.0,200,Buy,231965968
2024-08-15 14:22:11,47000.0,100,Buy,231965969
2024-08-15 14:22:13,46950.0,700,Sell,231966012
2024-08-15 14:22:35,47000.0,700,Buy,231966739
2024-08-15 14:22:35,47000.0,800,Buy,231966740
2024-08-15 14:22:35,47000.0,500,Buy,231966741
2024-08-15 14:22:56,47000.0,100,Buy,231967473
2024-08-15 14:22:56,47000.0,200,Buy,231967471
2024-08-15 14:22:56,47000.0,100,Buy,231967454
2024-08-15 14:22:56,47000.0,2000,Buy,231967472
2024-08-15 14:23:07,47000.0,300,Buy,231967756
2024-08-15 14:23:07,47000.0,400,Buy,231967757
2024-08-15 14:23:07,47000.0,400,Buy,231967758
2024-08-15 14:23:53,47000.0,400,Buy,231969108
2024-08-15 14:23:53,47000.0,400,Buy,231969109
2024-08-15 14:23:56,47000.0,400,Buy,231969193
2024-08-15 14:23:56,47000.0,600,Buy,231969194
2024-08-15 14:24:01,47000.0,200,Buy,231969399
2024-08-15 14:24:01,47000.0,300,Buy,231969400
2024-08-15 14:24:30,47000.0,200,Buy,231970216
2024-08-15 14:24:30,47000.0,300,Buy,231970217
2024-08-15 14:24:35,47000.0,500,Buy,231970371
2024-08-15 14:24:39,47050.0,800,Buy,231970549
2024-08-15 14:25:25,47050.0,200,Buy,231972356
2024-08-15 14:25:25,47050.0,400,Buy,231972354
2024-08-15 14:25:25,47050.0,200,Buy,231972355
2024-08-15 14:25:42,47000.0,400,Sell,231973023
2024-08-15 14:26:10,47050.0,600,Buy,231974240
2024-08-15 14:26:10,47050.0,200,Buy,231974241
2024-08-15 14:26:26,47000.0,400,Sell,231974856
2024-08-15 14:27:00,47050.0,400,Buy,231976220
2024-08-15 14:27:42,47050.0,400,Buy,231977979
2024-08-15 14:27:45,47000.0,300,Sell,231978103
2024-08-15 14:27:51,47000.0,1100,Sell,231978340
2024-08-15 14:27:51,47000.0,400,Sell,231978338
2024-08-15 14:27:51,47000.0,500,Sell,231978339
2024-08-15 14:28:26,47050.0,400,Buy,231979714
2024-08-15 14:28:28,47000.0,100,Sell,231979777
2024-08-15 14:28:29,47000.0,2700,Sell,231979811
2024-08-15 14:28:29,47000.0,1100,Sell,231979810
2024-08-15 14:28:29,47000.0,1000,Sell,231979809
2024-08-15 14:28:29,47000.0,100,Sell,231979807
2024-08-15 14:28:29,47000.0,2400,Sell,231979806
2024-08-15 14:28:29,47000.0,700,Sell,231979805
2024-08-15 14:28:29,47000.0,2000,Sell,231979808
2024-08-15 14:28:30,47000.0,7300,Sell,231979838
2024-08-15 14:28:39,46950.0,100,Sell,231980293
2024-08-15 14:28:39,46950.0,100,Sell,231980294
2024-08-15 14:28:43,46950.0,800,Buy,231980627
2024-08-15 14:29:09,46950.0,100,Buy,231982267
2024-08-15 14:29:10,46950.0,700,Buy,231982321
2024-08-15 14:29:10,46950.0,300,Buy,231982322
2024-08-15 14:29:16,46900.0,200,Sell,231982559
2024-08-15 14:29:16,46900.0,800,Sell,231982560
2024-08-15 14:29:17,46900.0,100,Sell,231982653
2024-08-15 14:29:17,46900.0,900,Sell,231982625
2024-08-15 14:29:17,46900.0,100,Sell,231982624
2024-08-15 14:29:17,46900.0,300,Sell,231982623
2024-08-15 14:29:17,46900.0,400,Sell,231982584
2024-08-15 14:29:17,46900.0,900,Sell,231982583
2024-08-15 14:29:17,46900.0,300,Sell,231982622
2024-08-15 14:29:23,46850.0,300,Sell,231982997
2024-08-15 14:29:23,46850.0,100,Sell,231982998
2024-08-15 14:29:29,46800.0,800,Sell,231983275
2024-08-15 14:29:29,46800.0,300,Sell,231983276
2024-08-15 14:29:29,46800.0,100,Sell,231983279
2024-08-15 14:29:29,46800.0,200,Sell,231983280
2024-08-15 14:29:29,46800.0,100,Sell,231983281
2024-08-15 14:29:29,46800.0,1000,Sell,231983282
2024-08-15 14:29:29,46800.0,200,Sell,231983283
2024-08-15 14:29:34,47000.0,800,Buy,231983501
2024-08-15 14:44:38,46650.0,129400,ATO/ATC,231984323
