time,price,volume,match_type,id
2024-07-19 09:14:39,48800.0,6300,ATO/ATC,224500931
2024-07-19 09:16:09,48750.0,500,Buy,224503161
2024-07-19 09:16:17,48750.0,2000,Buy,224503378
2024-07-19 09:16:33,48750.0,100,Buy,224503778
2024-07-19 09:17:09,48650.0,400,Buy,224504769
2024-07-19 09:17:25,48650.0,100,Buy,224505293
2024-07-19 09:17:42,48550.0,500,Sell,224505773
2024-07-19 09:17:42,48600.0,100,Sell,224505772
2024-07-19 09:17:54,48550.0,1000,Sell,224506110
2024-07-19 09:17:54,48550.0,200,Sell,224506109
2024-07-19 09:17:54,48550.0,500,Sell,224506111
2024-07-19 09:18:02,48500.0,200,Sell,224506372
2024-07-19 09:18:02,48500.0,400,Sell,224506373
2024-07-19 09:18:09,48500.0,5000,Sell,224506643
2024-07-19 09:18:10,48500.0,800,Sell,224506679
2024-07-19 09:18:12,48500.0,3800,Sell,224506731
2024-07-19 09:18:12,48500.0,1000,Sell,224506732
2024-07-19 09:18:12,48500.0,300,Sell,224506733
2024-07-19 09:18:12,48500.0,500,Sell,224506734
2024-07-19 09:18:12,48500.0,1000,Sell,224506735
2024-07-19 09:18:12,48500.0,300,Sell,224506736
2024-07-19 09:18:21,48500.0,500,Sell,224506993
2024-07-19 09:18:22,48500.0,4200,Sell,224507019
2024-07-19 09:18:22,48500.0,500,Sell,224507020
2024-07-19 09:18:34,48400.0,300,Sell,224507408
2024-07-19 09:18:49,48350.0,100,Buy,224507836
2024-07-19 09:18:51,48350.0,100,Buy,224507904
2024-07-19 09:19:00,48250.0,300,Sell,224508178
2024-07-19 09:19:05,48400.0,200,Buy,224508353
2024-07-19 09:19:05,48500.0,300,Buy,224508354
2024-07-19 09:19:05,48500.0,700,Buy,224508355
2024-07-19 09:19:05,48350.0,900,Buy,224508352
2024-07-19 09:19:11,48500.0,100,Sell,224508524
2024-07-19 09:19:40,48500.0,400,Sell,224509288
2024-07-19 09:19:41,48500.0,800,Sell,224509375
2024-07-19 09:19:50,48500.0,400,Sell,224509657
2024-07-19 09:20:04,48500.0,7000,Sell,224510079
2024-07-19 09:20:13,48500.0,600,Sell,224510312
2024-07-19 09:20:17,48500.0,1500,Sell,224510442
2024-07-19 09:20:17,48550.0,1500,Buy,224510444
2024-07-19 09:20:18,48550.0,1000,Buy,224510446
2024-07-19 09:20:18,48550.0,500,Buy,224510447
2024-07-19 09:20:39,48500.0,1500,Sell,224511079
2024-07-19 09:20:45,48500.0,10000,Sell,224511252
2024-07-19 09:20:56,48550.0,100,Buy,224511509
2024-07-19 09:21:02,48550.0,100,Buy,224511684
2024-07-19 09:21:02,48550.0,500,Buy,224511686
2024-07-19 09:21:02,48550.0,100,Buy,224511683
2024-07-19 09:21:02,48550.0,4000,Buy,224511685
2024-07-19 09:21:18,48550.0,300,Sell,224512078
2024-07-19 09:21:42,48550.0,600,Sell,224512861
2024-07-19 09:21:50,48550.0,200,Buy,224513090
2024-07-19 09:21:58,48600.0,100,Buy,224513260
2024-07-19 09:21:58,48600.0,900,Buy,224513261
2024-07-19 09:22:01,48550.0,800,Sell,224513336
2024-07-19 09:22:01,48500.0,800,Sell,224513337
2024-07-19 09:22:19,48600.0,100,Buy,224513866
2024-07-19 09:22:19,48600.0,100,Buy,224513867
2024-07-19 09:22:19,48600.0,1600,Buy,224513868
2024-07-19 09:22:22,48600.0,200,Sell,224513939
2024-07-19 09:22:22,48500.0,100,Sell,224513940
2024-07-19 09:23:56,48550.0,1000,Sell,224516212
2024-07-19 09:24:12,48650.0,800,Buy,224516515
2024-07-19 09:24:12,48550.0,200,Buy,224516514
2024-07-19 09:25:17,48650.0,200,Buy,224517961
2024-07-19 09:25:17,48650.0,4700,Buy,224517962
2024-07-19 09:25:28,48700.0,1000,Buy,224518215
2024-07-19 09:25:28,48700.0,100,Buy,224518216
2024-07-19 09:25:28,48700.0,1000,Buy,224518217
2024-07-19 09:25:42,48750.0,100,Buy,224518485
2024-07-19 09:25:42,48750.0,100,Buy,224518486
2024-07-19 09:25:43,48750.0,900,Buy,224518501
2024-07-19 09:25:43,48800.0,2000,Buy,224518509
2024-07-19 09:25:43,48800.0,1200,Buy,224518503
2024-07-19 09:25:43,48800.0,300,Buy,224518504
2024-07-19 09:25:43,48800.0,100,Buy,224518505
2024-07-19 09:25:43,48800.0,2000,Buy,224518506
2024-07-19 09:25:43,48800.0,1000,Buy,224518507
2024-07-19 09:25:43,48800.0,1000,Buy,224518508
2024-07-19 09:25:43,48750.0,600,Buy,224518502
2024-07-19 09:25:56,48850.0,6800,Sell,224518953
2024-07-19 09:25:56,48850.0,100,Buy,224518946
2024-07-19 09:25:56,48850.0,1000,Buy,224518947
2024-07-19 09:25:59,48800.0,200,Sell,224519018
2024-07-19 09:26:08,48850.0,500,Buy,224519216
2024-07-19 09:26:08,48900.0,500,Buy,224519217
2024-07-19 09:26:19,48800.0,10700,Sell,224519548
2024-07-19 09:26:19,48800.0,1000,Sell,224519549
2024-07-19 09:26:25,48900.0,100,Buy,224519687
2024-07-19 09:26:25,48900.0,900,Buy,224519688
2024-07-19 09:26:35,48800.0,500,Sell,224519948
2024-07-19 09:26:45,48900.0,100,Buy,224520255
2024-07-19 09:26:45,48900.0,300,Buy,224520256
2024-07-19 09:26:49,48800.0,100,Sell,224520407
2024-07-19 09:27:18,48900.0,500,Buy,224521256
2024-07-19 09:27:22,48900.0,800,Buy,224521372
2024-07-19 09:27:22,48900.0,4300,Buy,224521373
2024-07-19 09:27:32,48900.0,700,Buy,224521766
2024-07-19 09:27:32,48900.0,100,Buy,224521767
2024-07-19 09:27:32,48900.0,100,Buy,224521768
2024-07-19 09:27:46,48950.0,1500,Buy,224522314
2024-07-19 09:27:46,48950.0,100,Buy,224522312
2024-07-19 09:27:46,48950.0,400,Buy,224522313
2024-07-19 09:27:46,48950.0,1000,Buy,224522311
2024-07-19 09:27:50,48950.0,1000,Buy,224522474
2024-07-19 09:27:51,48900.0,2000,Sell,224522493
2024-07-19 09:27:52,48950.0,1500,Buy,224522538
2024-07-19 09:27:54,48950.0,1000,Buy,224522626
2024-07-19 09:27:54,48950.0,100,Buy,224522627
2024-07-19 09:27:55,49000.0,3000,Buy,224522676
2024-07-19 09:28:05,49000.0,2000,Buy,224523229
2024-07-19 09:28:05,49000.0,500,Buy,224523230
2024-07-19 09:28:05,49000.0,100,Buy,224523231
2024-07-19 09:28:05,49000.0,100,Buy,224523232
2024-07-19 09:28:05,49000.0,300,Buy,224523233
2024-07-19 09:28:06,49000.0,100,Buy,224523296
2024-07-19 09:28:06,49000.0,200,Buy,224523297
2024-07-19 09:28:06,49000.0,700,Buy,224523295
2024-07-19 09:28:06,49000.0,300,Buy,224523255
2024-07-19 09:28:06,49000.0,200,Buy,224523253
2024-07-19 09:28:06,49000.0,200,Buy,224523252
2024-07-19 09:28:06,49000.0,200,Buy,224523251
2024-07-19 09:28:06,49000.0,100,Buy,224523254
2024-07-19 09:28:07,48950.0,900,Sell,224523313
2024-07-19 09:28:07,48950.0,3000,Sell,224523314
2024-07-19 09:28:07,48950.0,1800,Sell,224523315
2024-07-19 09:28:07,48950.0,1000,Sell,224523316
2024-07-19 09:28:19,48950.0,2000,Buy,224523738
2024-07-19 09:28:31,48950.0,500,Buy,224524241
2024-07-19 09:28:32,48900.0,600,Sell,224524316
2024-07-19 09:28:35,48950.0,1000,Buy,224524447
2024-07-19 09:28:37,48900.0,400,Sell,224524492
2024-07-19 09:28:47,48950.0,100,Buy,224524825
2024-07-19 09:28:47,48900.0,22000,Sell,224524850
2024-07-19 09:28:48,48950.0,6600,Buy,224524877
2024-07-19 09:28:51,48900.0,1600,Sell,224524993
2024-07-19 09:28:57,48900.0,2000,Sell,224525197
2024-07-19 09:28:59,48900.0,300,Sell,224525269
2024-07-19 09:28:59,48900.0,200,Sell,224525268
2024-07-19 09:28:59,48900.0,500,Sell,224525265
2024-07-19 09:28:59,48900.0,400,Sell,224525266
2024-07-19 09:28:59,48900.0,200,Sell,224525267
2024-07-19 09:29:05,48900.0,200,Sell,224525505
2024-07-19 09:29:05,48900.0,300,Sell,224525506
2024-07-19 09:29:05,48900.0,500,Sell,224525507
2024-07-19 09:29:06,48950.0,10000,Buy,224525562
2024-07-19 09:29:11,48950.0,6700,Buy,224525707
2024-07-19 09:29:26,48950.0,300,Buy,224526257
2024-07-19 09:29:28,48950.0,100,Buy,224526342
2024-07-19 09:29:36,48950.0,100,Buy,224526632
2024-07-19 09:29:37,48950.0,2000,Buy,224526676
2024-07-19 09:29:49,48950.0,600,Buy,224527055
2024-07-19 09:29:51,48950.0,1000,Buy,224527104
2024-07-19 09:30:07,48950.0,9100,Buy,224527651
2024-07-19 09:30:09,48950.0,200,Buy,224527716
2024-07-19 09:30:09,48950.0,700,Buy,224527744
2024-07-19 09:30:10,48950.0,500,Buy,224527806
2024-07-19 09:30:21,48950.0,200,Buy,224528450
2024-07-19 09:30:21,48950.0,700,Buy,224528448
2024-07-19 09:30:30,48950.0,200,Buy,224528822
2024-07-19 09:30:33,48950.0,700,Buy,224528951
2024-07-19 09:30:33,48950.0,300,Buy,224528952
2024-07-19 09:30:43,48950.0,200,Buy,224529410
2024-07-19 09:30:43,48950.0,100,Buy,224529411
2024-07-19 09:30:43,48950.0,100,Buy,224529412
2024-07-19 09:30:43,48950.0,100,Buy,224529413
2024-07-19 09:30:43,48950.0,800,Buy,224529414
2024-07-19 09:30:43,48950.0,100,Buy,224529415
2024-07-19 09:30:43,48950.0,600,Buy,224529416
2024-07-19 09:30:43,48950.0,300,Buy,224529431
2024-07-19 09:30:44,48950.0,300,Buy,224529522
2024-07-19 09:30:47,48950.0,700,Buy,224529611
2024-07-19 09:30:47,48950.0,800,Buy,224529612
2024-07-19 09:30:50,48950.0,600,Sell,224529807
2024-07-19 09:31:10,48950.0,900,Sell,224530694
2024-07-19 09:31:10,48950.0,300,Sell,224530695
2024-07-19 09:31:12,48950.0,600,Sell,224530809
2024-07-19 09:31:13,48950.0,100,Sell,224530908
2024-07-19 09:31:13,48950.0,500,Sell,224530909
2024-07-19 09:31:13,48950.0,300,Sell,224530910
2024-07-19 09:31:13,48950.0,100,Sell,224530907
2024-07-19 09:31:16,48950.0,1200,Sell,224531060
2024-07-19 09:31:16,48900.0,1500,Sell,224531061
2024-07-19 09:31:16,48900.0,200,Sell,224531062
2024-07-19 09:31:16,48900.0,10000,Sell,224531063
2024-07-19 09:31:16,48900.0,1000,Sell,224531064
2024-07-19 09:31:32,48800.0,600,Sell,224531766
2024-07-19 09:31:34,48800.0,6000,Sell,224531876
2024-07-19 09:31:40,48900.0,3000,Buy,224532184
2024-07-19 09:31:40,48800.0,800,Sell,224532195
2024-07-19 09:31:51,48800.0,600,Sell,224532698
2024-07-19 09:31:55,48800.0,1000,Sell,224532999
2024-07-19 09:31:57,48800.0,200,Sell,224533129
2024-07-19 09:31:57,48800.0,100,Sell,224533128
2024-07-19 09:32:00,48800.0,500,Sell,224533263
2024-07-19 09:32:03,48900.0,5600,Buy,224533371
2024-07-19 09:32:06,48800.0,100,Sell,224533478
2024-07-19 09:32:11,48800.0,200,Sell,224533739
2024-07-19 09:32:11,48800.0,200,Sell,224533740
2024-07-19 09:32:11,48800.0,100,Sell,224533741
2024-07-19 09:32:11,48800.0,100,Sell,224533742
2024-07-19 09:32:16,48900.0,27500,Buy,224534003
2024-07-19 09:32:29,48950.0,1500,Buy,224534612
2024-07-19 09:32:29,48950.0,3000,Buy,224534613
2024-07-19 09:32:29,48950.0,500,Buy,224534614
2024-07-19 09:32:33,48900.0,600,Sell,224534905
2024-07-19 09:32:44,48950.0,500,Buy,224535513
2024-07-19 09:32:44,48950.0,500,Buy,224535514
2024-07-19 09:32:45,48900.0,100,Sell,224535532
2024-07-19 09:32:45,48900.0,100,Sell,224535531
2024-07-19 09:32:45,48900.0,100,Sell,224535525
2024-07-19 09:32:45,48900.0,400,Sell,224535524
2024-07-19 09:32:54,48900.0,100,Sell,224536000
2024-07-19 09:32:54,48900.0,600,Sell,224536034
2024-07-19 09:33:00,48900.0,500,Sell,224536276
2024-07-19 09:33:00,48900.0,2000,Sell,224536277
2024-07-19 09:33:00,48900.0,300,Sell,224536278
2024-07-19 09:33:02,48950.0,1000,Buy,224536348
2024-07-19 09:33:02,48850.0,100,Sell,224536349
2024-07-19 09:33:02,48850.0,200,Sell,224536358
2024-07-19 09:33:03,48800.0,200,Sell,224536404
2024-07-19 09:33:03,48800.0,300,Sell,224536389
2024-07-19 09:33:03,48800.0,100,Sell,224536388
2024-07-19 09:33:03,48800.0,100,Sell,224536387
2024-07-19 09:33:03,48800.0,500,Sell,224536386
2024-07-19 09:33:03,48800.0,100,Sell,224536379
2024-07-19 09:33:03,48800.0,200,Sell,224536403
2024-07-19 09:33:03,48800.0,100,Sell,224536377
2024-07-19 09:33:03,48800.0,100,Sell,224536378
2024-07-19 09:33:03,48850.0,100,Sell,224536372
2024-07-19 09:33:03,48850.0,200,Sell,224536373
2024-07-19 09:33:03,48800.0,100,Sell,224536390
2024-07-19 09:33:03,48850.0,200,Sell,224536374
2024-07-19 09:33:03,48850.0,100,Sell,224536376
2024-07-19 09:33:03,48850.0,100,Sell,224536375
2024-07-19 09:33:08,48900.0,1000,Buy,224536645
2024-07-19 09:33:08,48900.0,3100,Buy,224536646
2024-07-19 09:33:11,48900.0,900,Sell,224536832
2024-07-19 09:33:26,48900.0,200,Buy,224537566
2024-07-19 09:33:34,48800.0,200,Sell,224537967
2024-07-19 09:33:34,48800.0,300,Sell,224537968
2024-07-19 09:33:34,48800.0,100,Sell,224537969
2024-07-19 09:33:34,48900.0,400,Buy,224537974
2024-07-19 09:33:46,48900.0,300,Sell,224538445
2024-07-19 09:33:46,48900.0,900,Sell,224538446
2024-07-19 09:33:55,48900.0,600,Sell,224538830
2024-07-19 09:34:14,48900.0,600,Sell,224539768
2024-07-19 09:34:20,48900.0,600,Sell,224540029
2024-07-19 09:34:25,48900.0,1000,Sell,224540237
2024-07-19 09:34:26,48900.0,100,Sell,224540319
2024-07-19 09:34:26,48900.0,1300,Sell,224540305
2024-07-19 09:34:26,48900.0,500,Sell,224540306
2024-07-19 09:34:27,48900.0,4800,Sell,224540348
2024-07-19 09:34:27,48900.0,400,Sell,224540347
2024-07-19 09:34:29,48900.0,5200,Sell,224540400
2024-07-19 09:34:29,48900.0,200,Sell,224540401
2024-07-19 09:34:39,48800.0,100,Sell,224540814
2024-07-19 09:34:39,48800.0,400,Sell,224540815
2024-07-19 09:34:39,48800.0,100,Sell,224540816
2024-07-19 09:34:58,48900.0,600,Buy,224541679
2024-07-19 09:34:58,48800.0,400,Sell,224541697
2024-07-19 09:34:58,48900.0,400,Buy,224541678
2024-07-19 09:35:02,48800.0,600,Sell,224541930
2024-07-19 09:35:13,48800.0,5000,Sell,224542385
2024-07-19 09:35:18,48800.0,100,Sell,224542607
2024-07-19 09:35:22,48800.0,600,Sell,224542768
2024-07-19 09:35:33,48900.0,1600,Buy,224543170
2024-07-19 09:36:16,48850.0,200,Buy,224544670
2024-07-19 09:36:35,48800.0,100,Sell,224545322
2024-07-19 09:36:35,48800.0,4200,Sell,224545321
2024-07-19 09:36:35,48800.0,2200,Sell,224545323
2024-07-19 09:36:36,48850.0,1000,Buy,224545419
2024-07-19 09:36:46,48800.0,3000,Sell,224545764
2024-07-19 09:37:01,48800.0,300,Sell,224546420
2024-07-19 09:37:01,48800.0,800,Sell,224546405
2024-07-19 09:37:10,48800.0,300,Buy,224546646
2024-07-19 09:37:17,48800.0,500,Buy,224546916
2024-07-19 09:37:25,48800.0,100,Buy,224547122
2024-07-19 09:37:32,48800.0,3800,Buy,224547321
2024-07-19 09:37:32,48800.0,1200,Buy,224547322
2024-07-19 09:37:32,48800.0,500,Buy,224547328
2024-07-19 09:37:55,48800.0,1000,Buy,224548019
2024-07-19 09:38:01,48800.0,300,Buy,224548160
2024-07-19 09:38:30,48750.0,100,Sell,224548899
2024-07-19 09:39:11,48750.0,100,Sell,224550120
2024-07-19 09:39:13,48750.0,600,Sell,224550265
2024-07-19 09:39:32,48750.0,100,Sell,224550718
2024-07-19 09:39:32,48750.0,500,Sell,224550717
2024-07-19 09:39:52,48750.0,600,Sell,224551323
2024-07-19 09:40:19,48750.0,600,Sell,224552069
2024-07-19 09:40:21,48750.0,3800,Sell,224552171
2024-07-19 09:40:21,48750.0,5000,Sell,224552172
2024-07-19 09:40:47,48700.0,200,Sell,224552897
2024-07-19 09:40:47,48700.0,100,Sell,224552898
2024-07-19 09:40:47,48700.0,100,Sell,224552899
2024-07-19 09:41:13,48700.0,200,Sell,224553624
2024-07-19 09:41:15,48700.0,200,Sell,224553689
2024-07-19 09:41:20,48700.0,8000,Sell,224553787
2024-07-19 09:41:33,48700.0,300,Sell,224554092
2024-07-19 09:41:33,48700.0,100,Sell,224554093
2024-07-19 09:41:33,48700.0,500,Sell,224554094
2024-07-19 09:41:33,48700.0,600,Sell,224554095
2024-07-19 09:41:33,48700.0,1500,Sell,224554091
2024-07-19 09:41:50,48700.0,1000,Sell,224554564
2024-07-19 09:42:10,48700.0,1000,Sell,224555005
2024-07-19 09:42:29,48700.0,200,Sell,224555461
2024-07-19 09:42:29,48700.0,2400,Sell,224555460
2024-07-19 09:42:45,48700.0,100,Buy,224555879
2024-07-19 09:42:47,48700.0,500,Buy,224555956
2024-07-19 09:42:56,48700.0,100,Buy,224556130
2024-07-19 09:43:06,48650.0,200,Sell,224556347
2024-07-19 09:43:46,48650.0,200,Sell,224557595
2024-07-19 09:43:46,48650.0,800,Sell,224557592
2024-07-19 09:43:46,48650.0,10000,Sell,224557593
2024-07-19 09:43:46,48650.0,200,Sell,224557594
2024-07-19 09:44:19,48650.0,2000,Buy,224558503
2024-07-19 09:45:20,48600.0,200,Sell,224559961
2024-07-19 09:45:26,48600.0,100,Sell,224560124
2024-07-19 09:46:09,48600.0,200,Sell,224561185
2024-07-19 09:46:09,48600.0,800,Sell,224561186
2024-07-19 09:47:28,48600.0,200,Sell,224562905
2024-07-19 09:47:28,48600.0,500,Sell,224562906
2024-07-19 09:47:28,48600.0,100,Sell,224562907
2024-07-19 09:47:49,48600.0,200,Sell,224563373
2024-07-19 09:47:50,48600.0,100,Sell,224563396
2024-07-19 09:48:42,48600.0,200,Sell,224564471
2024-07-19 09:49:37,48650.0,100,Buy,224565858
2024-07-19 09:49:54,48650.0,1200,Buy,224566222
2024-07-19 09:50:03,48650.0,5000,Buy,224566374
2024-07-19 09:50:08,48600.0,100,Sell,224566468
2024-07-19 09:50:57,48650.0,1200,Buy,224567610
2024-07-19 09:50:57,48650.0,200,Buy,224567608
2024-07-19 09:50:57,48650.0,500,Buy,224567607
2024-07-19 09:50:57,48650.0,100,Buy,224567609
2024-07-19 09:51:03,48600.0,200,Sell,224567736
2024-07-19 09:51:12,48600.0,200,Sell,224568034
2024-07-19 09:51:12,48600.0,9800,Sell,224568035
2024-07-19 09:51:19,48600.0,200,Sell,224568222
2024-07-19 09:51:19,48600.0,200,Sell,224568223
2024-07-19 09:51:19,48600.0,500,Sell,224568224
2024-07-19 09:51:19,48600.0,500,Sell,224568225
2024-07-19 09:51:19,48600.0,2000,Sell,224568226
2024-07-19 09:51:19,48600.0,200,Sell,224568227
2024-07-19 09:51:19,48600.0,2300,Sell,224568228
2024-07-19 09:51:19,48600.0,300,Sell,224568234
2024-07-19 09:51:19,48600.0,2400,Sell,224568235
2024-07-19 09:51:19,48600.0,2200,Sell,224568236
2024-07-19 09:52:27,48550.0,9800,Sell,224570009
2024-07-19 09:52:27,48550.0,100,Sell,224570007
2024-07-19 09:52:27,48550.0,500,Sell,224570008
2024-07-19 09:52:44,48550.0,200,Sell,224570504
2024-07-19 09:52:44,48550.0,500,Sell,224570505
2024-07-19 09:52:44,48550.0,200,Sell,224570506
2024-07-19 09:52:44,48550.0,100,Sell,224570507
2024-07-19 09:52:45,48500.0,100,Sell,224570546
2024-07-19 09:52:45,48500.0,100,Sell,224570545
2024-07-19 09:52:45,48500.0,100,Sell,224570544
2024-07-19 09:52:45,48500.0,100,Sell,224570536
2024-07-19 09:52:45,48500.0,100,Sell,224570535
2024-07-19 09:52:45,48500.0,300,Sell,224570534
2024-07-19 09:52:45,48500.0,100,Sell,224570537
2024-07-19 09:52:45,48500.0,200,Sell,224570532
2024-07-19 09:52:45,48500.0,200,Sell,224570523
2024-07-19 09:52:45,48500.0,100,Sell,224570522
2024-07-19 09:52:45,48500.0,100,Sell,224570521
2024-07-19 09:52:45,48550.0,100,Sell,224570520
2024-07-19 09:52:45,48550.0,100,Sell,224570519
2024-07-19 09:52:45,48550.0,100,Sell,224570510
2024-07-19 09:52:45,48500.0,100,Sell,224570533
2024-07-19 09:52:46,48500.0,800,Sell,224570552
2024-07-19 09:52:46,48500.0,200,Sell,224570550
2024-07-19 09:52:46,48500.0,100,Sell,224570551
2024-07-19 09:53:02,48500.0,7500,Sell,224571052
2024-07-19 09:53:02,48500.0,100,Sell,224571053
2024-07-19 09:53:02,48500.0,1000,Sell,224571054
2024-07-19 09:53:02,48500.0,100,Sell,224571055
2024-07-19 09:53:02,48500.0,500,Sell,224571056
2024-07-19 09:53:02,48500.0,4000,Sell,224571057
2024-07-19 09:53:04,48500.0,500,Sell,224571118
2024-07-19 09:53:04,48500.0,2000,Sell,224571117
2024-07-19 09:53:04,48500.0,200,Sell,224571119
2024-07-19 09:53:04,48500.0,100,Sell,224571115
2024-07-19 09:53:04,48500.0,100,Sell,224571114
2024-07-19 09:53:04,48500.0,100,Sell,224571116
2024-07-19 09:53:04,48500.0,1000,Sell,224571113
2024-07-19 09:53:38,48450.0,200,Sell,224572213
2024-07-19 09:53:38,48500.0,400,Sell,224572212
2024-07-19 09:53:53,48450.0,6700,Sell,224572632
2024-07-19 09:54:00,48450.0,200,Sell,224572866
2024-07-19 09:54:30,48450.0,3800,Sell,224573723
2024-07-19 09:54:40,48550.0,200,Buy,224574056
2024-07-19 09:54:46,48450.0,500,Sell,224574216
2024-07-19 09:55:20,48450.0,600,Sell,224575050
2024-07-19 09:55:20,48450.0,400,Sell,224575051
2024-07-19 09:55:27,48450.0,100,Sell,224575296
2024-07-19 09:55:27,48450.0,900,Sell,224575297
2024-07-19 09:55:30,48450.0,600,Sell,224575387
2024-07-19 09:55:38,48450.0,200,Sell,224575659
2024-07-19 09:55:52,48450.0,600,Sell,224575985
2024-07-19 09:56:12,48450.0,100,Sell,224576497
2024-07-19 09:57:42,48500.0,100,Buy,224578275
2024-07-19 09:58:14,48500.0,2000,Buy,224579204
2024-07-19 09:58:14,48500.0,500,Buy,224579202
2024-07-19 09:58:14,48500.0,200,Buy,224579203
2024-07-19 10:00:14,48500.0,300,Sell,224581410
2024-07-19 10:00:14,48500.0,1000,Sell,224581411
2024-07-19 10:00:14,48500.0,600,Sell,224581412
2024-07-19 10:00:14,48500.0,1400,Sell,224581413
2024-07-19 10:00:17,48500.0,1200,Sell,224581448
2024-07-19 10:00:17,48500.0,2100,Sell,224581449
2024-07-19 10:00:20,48500.0,700,Buy,224581495
2024-07-19 10:00:28,48450.0,5100,Sell,224581615
2024-07-19 10:00:28,48450.0,500,Sell,224581614
2024-07-19 10:00:28,48450.0,500,Sell,224581613
2024-07-19 10:00:28,48450.0,100,Sell,224581609
2024-07-19 10:00:28,48450.0,100,Sell,224581611
2024-07-19 10:00:28,48450.0,200,Sell,224581610
2024-07-19 10:00:28,48450.0,1500,Sell,224581612
2024-07-19 10:00:42,48450.0,100,Sell,224581905
2024-07-19 10:01:06,48450.0,1000,Sell,224582339
2024-07-19 10:02:08,48500.0,500,Sell,224583404
2024-07-19 10:02:08,48450.0,500,Sell,224583405
2024-07-19 10:02:32,48500.0,1000,Sell,224583823
2024-07-19 10:03:13,48500.0,300,Sell,224584858
2024-07-19 10:03:13,48500.0,200,Sell,224584884
2024-07-19 10:03:13,48500.0,500,Sell,224584885
2024-07-19 10:03:13,48500.0,500,Sell,224584857
2024-07-19 10:03:53,48500.0,1000,Sell,224585619
2024-07-19 10:03:55,48500.0,500,Sell,224585647
2024-07-19 10:03:55,48500.0,500,Sell,224585648
2024-07-19 10:03:56,48500.0,300,Sell,224585663
2024-07-19 10:04:06,48500.0,500,Sell,224585974
2024-07-19 10:04:10,48550.0,300,Buy,224586039
2024-07-19 10:04:10,48550.0,1700,Buy,224586040
2024-07-19 10:04:23,48550.0,1000,Buy,224586323
2024-07-19 10:05:22,48550.0,300,Buy,224587745
2024-07-19 10:05:41,48550.0,1000,Sell,224588135
2024-07-19 10:05:55,48550.0,100,Sell,224588432
2024-07-19 10:06:33,48550.0,400,Sell,224589055
2024-07-19 10:06:33,48550.0,600,Sell,224589053
2024-07-19 10:06:33,48550.0,1000,Sell,224589054
2024-07-19 10:07:58,48550.0,600,Sell,224591876
2024-07-19 10:07:58,48550.0,100,Sell,224591877
2024-07-19 10:07:58,48550.0,300,Sell,224591878
2024-07-19 10:08:35,48550.0,1000,Sell,224592899
2024-07-19 10:09:17,48550.0,500,Sell,224593965
2024-07-19 10:09:50,48550.0,1700,Sell,224594984
2024-07-19 10:09:50,48550.0,1000,Sell,224594983
2024-07-19 10:09:50,48550.0,100,Sell,224594981
2024-07-19 10:09:50,48550.0,1200,Sell,224594980
2024-07-19 10:09:50,48550.0,1800,Sell,224594982
2024-07-19 10:10:02,48550.0,600,Sell,224595591
2024-07-19 10:10:03,48550.0,400,Sell,224595629
2024-07-19 10:10:22,48500.0,600,Sell,224596312
2024-07-19 10:11:00,48550.0,200,Buy,224597563
2024-07-19 10:11:00,48600.0,100,Buy,224597564
2024-07-19 10:11:00,48600.0,100,Buy,224597565
2024-07-19 10:11:00,48600.0,2600,Buy,224597566
2024-07-19 10:12:42,48600.0,1100,Buy,224599972
2024-07-19 10:12:42,48600.0,1000,Buy,224599971
2024-07-19 10:12:42,48600.0,2900,Buy,224599970
2024-07-19 10:12:46,48600.0,100,Buy,224600056
2024-07-19 10:13:06,48600.0,2000,Buy,224600484
2024-07-19 10:13:12,48600.0,500,Buy,224600593
2024-07-19 10:14:33,48600.0,200,Buy,224602753
2024-07-19 10:14:33,48600.0,1800,Buy,224602752
2024-07-19 10:15:30,48600.0,500,Buy,224603807
2024-07-19 10:15:58,48600.0,1500,Buy,224604336
2024-07-19 10:15:58,48600.0,100,Buy,224604337
2024-07-19 10:15:58,48600.0,400,Buy,224604338
2024-07-19 10:15:58,48600.0,300,Buy,224604339
2024-07-19 10:16:05,48600.0,4200,Sell,224604536
2024-07-19 10:16:06,48600.0,2500,Sell,224604577
2024-07-19 10:16:27,48600.0,100,Buy,224605128
2024-07-19 10:16:29,48600.0,100,Buy,224605185
2024-07-19 10:16:42,48600.0,300,Buy,224605445
2024-07-19 10:17:30,48600.0,600,Buy,224606401
2024-07-19 10:17:52,48600.0,200,Buy,224606982
2024-07-19 10:18:43,48550.0,1000,Sell,224607981
2024-07-19 10:19:05,48550.0,100,Buy,224608423
2024-07-19 10:19:40,48550.0,500,Buy,224609244
2024-07-19 10:20:28,48550.0,900,Buy,224610425
2024-07-19 10:20:48,48550.0,1100,Sell,224610886
2024-07-19 10:21:28,48500.0,600,Sell,224611920
2024-07-19 10:21:29,48500.0,8000,Sell,224611955
2024-07-19 10:21:29,48500.0,500,Sell,224611956
2024-07-19 10:21:29,48500.0,100,Sell,224611957
2024-07-19 10:21:29,48500.0,100,Sell,224611958
2024-07-19 10:21:29,48500.0,300,Sell,224611959
2024-07-19 10:21:29,48500.0,200,Sell,224611960
2024-07-19 10:21:29,48500.0,2500,Sell,224611961
2024-07-19 10:21:29,48500.0,100,Sell,224611962
2024-07-19 10:21:29,48500.0,800,Sell,224611963
2024-07-19 10:21:30,48500.0,1000,Sell,224611996
2024-07-19 10:21:30,48500.0,5000,Sell,224611994
2024-07-19 10:21:30,48500.0,300,Sell,224611995
2024-07-19 10:21:30,48500.0,500,Sell,224611993
2024-07-19 10:21:30,48500.0,5000,Sell,224611992
2024-07-19 10:21:30,48500.0,2200,Sell,224611991
2024-07-19 10:21:48,48450.0,600,Sell,224612443
2024-07-19 10:22:39,48450.0,100,Sell,224613762
2024-07-19 10:22:53,48500.0,3000,Buy,224614248
2024-07-19 10:24:38,48500.0,200,Buy,224617105
2024-07-19 10:24:38,48500.0,500,Buy,224617106
2024-07-19 10:24:38,48500.0,200,Buy,224617107
2024-07-19 10:24:38,48500.0,100,Buy,224617108
2024-07-19 10:24:58,48500.0,700,Buy,224617534
2024-07-19 10:25:00,48500.0,300,Sell,224617559
2024-07-19 10:25:00,48500.0,300,Sell,224617560
2024-07-19 10:25:01,48500.0,400,Buy,224617582
2024-07-19 10:25:29,48500.0,100,Buy,224618241
2024-07-19 10:25:59,48450.0,500,Sell,224618974
2024-07-19 10:26:07,48450.0,1000,Sell,224619109
2024-07-19 10:26:38,48450.0,5000,Sell,224619671
2024-07-19 10:28:50,48450.0,200,Sell,224622669
2024-07-19 10:28:50,48450.0,800,Sell,224622668
2024-07-19 10:29:01,48500.0,100,Buy,224622882
2024-07-19 10:29:25,48450.0,100,Sell,224623595
2024-07-19 10:29:25,48450.0,300,Sell,224623594
2024-07-19 10:29:38,48450.0,400,Sell,224623874
2024-07-19 10:29:38,48450.0,100,Sell,224623875
2024-07-19 10:29:38,48450.0,200,Sell,224623876
2024-07-19 10:29:38,48450.0,300,Sell,224623877
2024-07-19 10:29:38,48450.0,1500,Sell,224623878
2024-07-19 10:29:38,48450.0,600,Sell,224623879
2024-07-19 10:29:38,48450.0,100,Sell,224623880
2024-07-19 10:30:10,48450.0,1200,Sell,224624452
2024-07-19 10:30:10,48450.0,500,Sell,224624449
2024-07-19 10:30:10,48450.0,500,Sell,224624450
2024-07-19 10:30:10,48450.0,100,Sell,224624451
2024-07-19 10:30:19,48450.0,300,Sell,224624588
2024-07-19 10:30:37,48450.0,200,Buy,224624868
2024-07-19 10:30:43,48450.0,2000,Sell,224624970
2024-07-19 10:30:44,48500.0,1600,Buy,224625047
2024-07-19 10:31:33,48500.0,100,Buy,224625864
2024-07-19 10:32:54,48500.0,100,Buy,224627503
2024-07-19 10:32:54,48500.0,100,Buy,224627508
2024-07-19 10:32:56,48500.0,100,Buy,224627837
2024-07-19 10:34:02,48450.0,100,Sell,224629284
2024-07-19 10:34:34,48500.0,100,Buy,224630352
2024-07-19 10:34:47,48450.0,200,Sell,224630619
2024-07-19 10:36:37,48450.0,200,Sell,224632788
2024-07-19 10:36:37,48450.0,100,Sell,224632789
2024-07-19 10:36:37,48450.0,200,Sell,224632790
2024-07-19 10:36:39,48500.0,2400,Buy,224632872
2024-07-19 10:36:39,48500.0,200,Buy,224632871
2024-07-19 10:36:39,48500.0,100,Buy,224632870
2024-07-19 10:36:39,48500.0,100,Buy,224632869
2024-07-19 10:36:39,48500.0,100,Buy,224632868
2024-07-19 10:36:39,48500.0,200,Buy,224632866
2024-07-19 10:36:39,48500.0,100,Buy,224632865
2024-07-19 10:36:39,48500.0,100,Buy,224632864
2024-07-19 10:36:39,48500.0,300,Buy,224632862
2024-07-19 10:36:39,48500.0,1000,Buy,224632856
2024-07-19 10:36:39,48500.0,100,Buy,224632867
2024-07-19 10:36:40,48500.0,300,Buy,224632907
2024-07-19 10:36:40,48500.0,200,Buy,224632915
2024-07-19 10:36:40,48500.0,200,Buy,224632914
2024-07-19 10:36:40,48500.0,400,Buy,224632912
2024-07-19 10:36:40,48500.0,100,Buy,224632911
2024-07-19 10:36:40,48500.0,200,Buy,224632910
2024-07-19 10:36:40,48500.0,200,Buy,224632909
2024-07-19 10:36:40,48500.0,100,Buy,224632906
2024-07-19 10:36:40,48500.0,100,Buy,224632881
2024-07-19 10:36:40,48500.0,1700,Buy,224632902
2024-07-19 10:36:40,48500.0,100,Buy,224632901
2024-07-19 10:36:40,48500.0,500,Buy,224632900
2024-07-19 10:36:40,48500.0,200,Buy,224632899
2024-07-19 10:36:40,48500.0,100,Buy,224632877
2024-07-19 10:36:40,48500.0,100,Buy,224632880
2024-07-19 10:36:40,48500.0,1400,Buy,224632879
2024-07-19 10:36:40,48500.0,600,Buy,224632878
2024-07-19 10:36:40,48500.0,100,Buy,224632905
2024-07-19 10:37:06,48500.0,500,Buy,224633389
2024-07-19 10:37:07,48500.0,100,Buy,224633414
2024-07-19 10:37:07,48500.0,100,Buy,224633413
2024-07-19 10:37:07,48500.0,200,Buy,224633412
2024-07-19 10:37:07,48500.0,100,Buy,224633411
2024-07-19 10:37:07,48500.0,1300,Buy,224633410
2024-07-19 10:37:07,48500.0,100,Buy,224633409
2024-07-19 10:37:07,48500.0,100,Buy,224633401
2024-07-19 10:37:07,48500.0,300,Buy,224633400
2024-07-19 10:37:07,48500.0,100,Buy,224633391
2024-07-19 10:37:07,48500.0,100,Buy,224633398
2024-07-19 10:37:07,48500.0,100,Buy,224633397
2024-07-19 10:37:07,48500.0,400,Buy,224633396
2024-07-19 10:37:07,48500.0,400,Buy,224633395
2024-07-19 10:37:07,48500.0,100,Buy,224633394
2024-07-19 10:37:07,48500.0,200,Buy,224633393
2024-07-19 10:37:07,48500.0,100,Buy,224633392
2024-07-19 10:37:07,48500.0,200,Buy,224633399
2024-07-19 10:37:08,48500.0,100,Buy,224633449
2024-07-19 10:37:08,48500.0,100,Buy,224633448
2024-07-19 10:37:08,48500.0,300,Buy,224633447
2024-07-19 10:37:08,48500.0,100,Buy,224633446
2024-07-19 10:37:08,48500.0,100,Buy,224633445
2024-07-19 10:37:08,48500.0,100,Buy,224633444
2024-07-19 10:37:08,48500.0,900,Buy,224633443
2024-07-19 10:37:08,48500.0,100,Buy,224633421
2024-07-19 10:37:08,48500.0,100,Buy,224633420
2024-07-19 10:37:08,48500.0,100,Buy,224633419
2024-07-19 10:37:08,48500.0,100,Buy,224633418
2024-07-19 10:37:08,48500.0,100,Buy,224633417
2024-07-19 10:37:08,48500.0,200,Buy,224633442
2024-07-19 10:37:09,48500.0,600,Buy,224633471
2024-07-19 10:37:09,48500.0,400,Buy,224633472
2024-07-19 10:37:19,48500.0,100,Buy,224633664
2024-07-19 10:37:19,48500.0,500,Buy,224633665
2024-07-19 10:37:19,48500.0,1000,Buy,224633666
2024-07-19 10:37:19,48500.0,400,Buy,224633667
2024-07-19 10:37:26,48500.0,100,Buy,224633818
2024-07-19 10:37:55,48550.0,200,Buy,224634253
2024-07-19 10:37:55,48550.0,200,Buy,224634252
2024-07-19 10:38:17,48500.0,1000,Buy,224634743
2024-07-19 10:39:00,48500.0,100,Sell,224635517
2024-07-19 10:39:00,48500.0,100,Sell,224635516
2024-07-19 10:39:00,48500.0,500,Sell,224635518
2024-07-19 10:40:14,48500.0,200,Sell,224636712
2024-07-19 10:40:31,48500.0,200,Sell,224636890
2024-07-19 10:40:31,48500.0,800,Sell,224636889
2024-07-19 10:40:50,48500.0,100,Sell,224637202
2024-07-19 10:40:50,48450.0,3000,Sell,224637203
2024-07-19 10:40:50,48500.0,800,Sell,224637201
2024-07-19 10:41:23,48550.0,1200,Buy,224637749
2024-07-19 10:41:31,48550.0,200,Buy,224637834
2024-07-19 10:41:38,48450.0,1200,Sell,224637918
2024-07-19 10:41:38,48450.0,300,Sell,224637919
2024-07-19 10:41:38,48450.0,200,Sell,224637920
2024-07-19 10:41:38,48450.0,300,Sell,224637921
2024-07-19 10:41:39,48450.0,100,Buy,224637940
2024-07-19 10:41:50,48450.0,200,Buy,224638077
2024-07-19 10:41:50,48450.0,100,Buy,224638076
2024-07-19 10:41:57,48400.0,5000,Sell,224638205
2024-07-19 10:41:57,48400.0,1000,Sell,224638204
2024-07-19 10:41:57,48400.0,400,Sell,224638203
2024-07-19 10:41:57,48400.0,100,Sell,224638202
2024-07-19 10:41:57,48400.0,1500,Sell,224638201
2024-07-19 10:41:57,48400.0,5000,Sell,224638200
2024-07-19 10:41:57,48400.0,300,Sell,224638197
2024-07-19 10:41:57,48400.0,500,Sell,224638198
2024-07-19 10:41:57,48400.0,1000,Sell,224638195
2024-07-19 10:41:57,48400.0,100,Sell,224638194
2024-07-19 10:41:57,48400.0,10000,Sell,224638193
2024-07-19 10:41:57,48400.0,2000,Sell,224638192
2024-07-19 10:41:57,48400.0,200,Sell,224638199
2024-07-19 10:41:57,48400.0,1300,Sell,224638196
2024-07-19 10:41:58,48400.0,100,Sell,224638207
2024-07-19 10:41:58,48400.0,1500,Sell,224638208
2024-07-19 10:42:08,48400.0,100,Sell,224638351
2024-07-19 10:43:10,48400.0,3100,Sell,224639611
2024-07-19 10:43:39,48450.0,100,Buy,224640045
2024-07-19 10:43:43,48400.0,100,Sell,224640101
2024-07-19 10:44:05,48400.0,100,Sell,224640572
2024-07-19 10:44:44,48400.0,100,Sell,224641556
2024-07-19 10:44:44,48400.0,100,Sell,224641555
2024-07-19 10:45:13,48450.0,100,Buy,224642026
2024-07-19 10:45:39,48450.0,1000,Buy,224642628
2024-07-19 10:46:09,48450.0,6000,Buy,224643335
2024-07-19 10:46:36,48450.0,1000,Buy,224643960
2024-07-19 10:46:39,48450.0,500,Buy,224644019
2024-07-19 10:46:40,48450.0,2000,Buy,224644043
2024-07-19 10:46:48,48450.0,200,Buy,224644238
2024-07-19 10:47:09,48450.0,1000,Buy,224644800
2024-07-19 10:48:53,48400.0,200,Sell,224647601
2024-07-19 10:48:53,48400.0,100,Sell,224647602
2024-07-19 10:48:53,48400.0,100,Sell,224647603
2024-07-19 10:48:53,48400.0,4600,Sell,224647604
2024-07-19 10:49:19,48400.0,100,Sell,224648300
2024-07-19 10:49:28,48400.0,300,Sell,224648620
2024-07-19 10:49:28,48400.0,5700,Sell,224648621
2024-07-19 10:49:29,48400.0,1000,Sell,224648671
2024-07-19 10:50:38,48400.0,200,Sell,224650464
2024-07-19 10:50:39,48450.0,200,Buy,224650477
2024-07-19 10:50:39,48450.0,200,Buy,224650476
2024-07-19 10:51:32,48400.0,13100,Sell,224652026
2024-07-19 10:51:32,48400.0,500,Sell,224652027
2024-07-19 10:51:32,48400.0,1000,Sell,224652028
2024-07-19 10:51:32,48400.0,500,Sell,224652029
2024-07-19 10:51:32,48400.0,100,Sell,224652030
2024-07-19 10:51:32,48400.0,500,Sell,224652031
2024-07-19 10:51:32,48400.0,500,Sell,224652032
2024-07-19 10:51:32,48400.0,100,Sell,224652033
2024-07-19 10:51:45,48350.0,5200,Sell,224652340
2024-07-19 10:51:45,48400.0,500,Buy,224652360
2024-07-19 10:51:46,48350.0,200,Sell,224652400
2024-07-19 10:51:46,48350.0,500,Sell,224652399
2024-07-19 10:51:46,48350.0,100,Sell,224652398
2024-07-19 10:51:46,48350.0,200,Sell,224652397
2024-07-19 10:51:46,48350.0,900,Sell,224652396
2024-07-19 10:51:46,48350.0,300,Sell,224652395
2024-07-19 10:51:46,48350.0,500,Sell,224652393
2024-07-19 10:51:46,48350.0,4800,Sell,224652390
2024-07-19 10:51:46,48350.0,2000,Sell,224652394
2024-07-19 10:51:46,48350.0,100,Sell,224652392
2024-07-19 10:51:46,48350.0,1000,Sell,224652391
2024-07-19 10:52:28,48350.0,200,Sell,224653345
2024-07-19 10:52:28,48300.0,9800,Sell,224653346
2024-07-19 10:52:35,48300.0,200,Sell,224653478
2024-07-19 10:52:35,48300.0,1000,Sell,224653479
2024-07-19 10:52:35,48300.0,300,Sell,224653480
2024-07-19 10:52:35,48300.0,600,Sell,224653481
2024-07-19 10:52:35,48300.0,500,Sell,224653482
2024-07-19 10:52:35,48300.0,100,Sell,224653483
2024-07-19 10:52:35,48300.0,500,Sell,224653484
2024-07-19 10:52:57,48300.0,200,Buy,224653964
2024-07-19 10:53:02,48300.0,1000,Buy,224654111
2024-07-19 10:53:27,48300.0,3000,Buy,224654705
2024-07-19 10:53:57,48250.0,1000,Sell,224655379
2024-07-19 10:54:28,48250.0,1000,Sell,224656029
2024-07-19 10:54:50,48250.0,800,Sell,224656426
2024-07-19 10:55:06,48250.0,7200,Sell,224656701
2024-07-19 10:55:06,48250.0,800,Sell,224656702
2024-07-19 10:55:08,48300.0,100,Buy,224656772
2024-07-19 10:55:17,48300.0,600,Buy,224656954
2024-07-19 10:56:51,48350.0,1000,Buy,224659279
2024-07-19 10:56:54,48300.0,100,Sell,224659350
2024-07-19 10:57:41,48300.0,200,Sell,224660558
2024-07-19 10:57:52,48350.0,500,Buy,224660748
2024-07-19 10:58:05,48350.0,4500,Sell,224661079
2024-07-19 10:58:05,48350.0,1000,Sell,224661080
2024-07-19 10:58:12,48350.0,600,Buy,224661196
2024-07-19 10:58:22,48350.0,2000,Buy,224661367
2024-07-19 10:59:16,48350.0,100,Buy,224662341
2024-07-19 10:59:18,48350.0,100,Buy,224662392
2024-07-19 10:59:28,48300.0,500,Sell,224662542
2024-07-19 10:59:31,48350.0,1700,Buy,224662576
2024-07-19 10:59:31,48350.0,700,Buy,224662575
2024-07-19 10:59:35,48350.0,300,Buy,224662637
2024-07-19 10:59:58,48350.0,100,Buy,224663045
2024-07-19 11:00:02,48350.0,1000,Buy,224663110
2024-07-19 11:00:05,48350.0,1000,Buy,224663154
2024-07-19 11:00:06,48350.0,900,Buy,224663172
2024-07-19 11:00:58,48400.0,1900,Buy,224664065
2024-07-19 11:01:06,48400.0,9400,Buy,224664158
2024-07-19 11:03:19,48400.0,1300,Buy,224666384
2024-07-19 11:03:23,48400.0,100,Buy,224666438
2024-07-19 11:05:11,48350.0,1100,Sell,224668447
2024-07-19 11:05:11,48350.0,400,Sell,224668448
2024-07-19 11:05:11,48350.0,500,Sell,224668449
2024-07-19 11:05:11,48350.0,100,Sell,224668450
2024-07-19 11:05:11,48300.0,300,Sell,224668451
2024-07-19 11:05:31,48300.0,1400,Sell,224668955
2024-07-19 11:05:31,48300.0,800,Sell,224668956
2024-07-19 11:05:31,48300.0,700,Sell,224668953
2024-07-19 11:05:31,48300.0,100,Sell,224668954
2024-07-19 11:06:05,48300.0,9200,Sell,224669669
2024-07-19 11:06:05,48300.0,800,Sell,224669670
2024-07-19 11:06:29,48300.0,1900,Sell,224670138
2024-07-19 11:06:40,48400.0,2000,Buy,224670399
2024-07-19 11:07:14,48400.0,3000,Buy,224671368
2024-07-19 11:09:26,48300.0,2000,Sell,224674908
2024-07-19 11:09:45,48300.0,300,Sell,224675799
2024-07-19 11:09:45,48300.0,100,Sell,224675800
2024-07-19 11:10:19,48250.0,2900,Sell,224677572
2024-07-19 11:10:19,48300.0,100,Sell,224677569
2024-07-19 11:10:19,48300.0,900,Sell,224677570
2024-07-19 11:10:19,48300.0,500,Sell,224677571
2024-07-19 11:10:47,48250.0,1300,Sell,224678869
2024-07-19 11:10:47,48250.0,400,Sell,224678870
2024-07-19 11:10:47,48250.0,100,Sell,224678878
2024-07-19 11:10:47,48250.0,1100,Sell,224678879
2024-07-19 11:11:19,48250.0,100,Sell,224680200
2024-07-19 11:11:19,48250.0,1000,Sell,224680201
2024-07-19 11:11:19,48250.0,1500,Sell,224680198
2024-07-19 11:11:19,48250.0,500,Sell,224680199
2024-07-19 11:11:19,48250.0,1900,Sell,224680197
2024-07-19 11:12:06,48250.0,200,Sell,224681685
2024-07-19 11:12:09,48300.0,200,Buy,224681739
2024-07-19 11:15:06,48300.0,500,Buy,224687360
2024-07-19 11:15:06,48300.0,2400,Buy,224687361
2024-07-19 11:15:06,48300.0,500,Buy,224687362
2024-07-19 11:15:06,48350.0,1000,Buy,224687363
2024-07-19 11:15:06,48350.0,600,Buy,224687364
2024-07-19 11:15:30,48250.0,300,Sell,224688173
2024-07-19 11:15:30,48250.0,500,Sell,224688174
2024-07-19 11:15:30,48250.0,9200,Sell,224688175
2024-07-19 11:16:47,48300.0,1000,Buy,224690076
2024-07-19 11:16:57,48300.0,200,Buy,224690292
2024-07-19 11:17:06,48300.0,1000,Buy,224690541
2024-07-19 11:17:15,48350.0,100,Buy,224690726
2024-07-19 11:17:24,48400.0,100,Buy,224690875
2024-07-19 11:17:43,48400.0,400,Buy,224691255
2024-07-19 11:18:13,48400.0,300,Buy,224691910
2024-07-19 11:18:29,48350.0,1000,Sell,224692279
2024-07-19 11:19:05,48300.0,200,Sell,224692990
2024-07-19 11:19:38,48350.0,100,Buy,224693663
2024-07-19 11:19:38,48400.0,100,Buy,224693664
2024-07-19 11:21:06,48300.0,100,Sell,224695479
2024-07-19 11:21:06,48300.0,400,Sell,224695480
2024-07-19 11:21:07,48400.0,300,Buy,224695491
2024-07-19 11:21:40,48300.0,400,Sell,224696138
2024-07-19 11:21:40,48300.0,400,Sell,224696139
2024-07-19 11:21:40,48300.0,1000,Sell,224696140
2024-07-19 11:21:40,48300.0,1000,Sell,224696141
2024-07-19 11:21:40,48300.0,2500,Sell,224696142
2024-07-19 11:21:53,48400.0,5000,Buy,224696366
2024-07-19 11:21:56,48400.0,1000,Buy,224696404
2024-07-19 11:23:30,48400.0,1000,Buy,224697966
2024-07-19 11:23:30,48400.0,300,Buy,224697964
2024-07-19 11:23:30,48400.0,300,Buy,224697965
2024-07-19 11:23:30,48400.0,200,Buy,224697962
2024-07-19 11:23:30,48400.0,33300,Buy,224697960
2024-07-19 11:23:30,48400.0,1000,Buy,224697963
2024-07-19 11:23:30,48400.0,200,Buy,224697961
2024-07-19 11:24:02,48450.0,800,Buy,224698516
2024-07-19 11:24:02,48450.0,400,Buy,224698517
2024-07-19 11:24:02,48450.0,200,Buy,224698518
2024-07-19 11:24:02,48450.0,10000,Buy,224698519
2024-07-19 11:24:02,48450.0,300,Buy,224698520
2024-07-19 11:24:02,48450.0,400,Buy,224698521
2024-07-19 11:24:16,48450.0,7900,Sell,224698804
2024-07-19 11:24:16,48450.0,1000,Sell,224698805
2024-07-19 11:24:16,48450.0,1100,Sell,224698806
2024-07-19 11:24:22,48500.0,1000,Buy,224698913
2024-07-19 11:24:24,48450.0,10000,Sell,224698944
2024-07-19 11:24:26,48500.0,3000,Buy,224698970
2024-07-19 11:24:41,48500.0,2000,Buy,224699197
2024-07-19 11:24:41,48500.0,9800,Buy,224699198
2024-07-19 11:24:41,48500.0,100,Buy,224699196
2024-07-19 11:24:41,48500.0,100,Buy,224699194
2024-07-19 11:24:41,48500.0,7000,Buy,224699193
2024-07-19 11:24:41,48500.0,1000,Buy,224699195
2024-07-19 11:25:47,48500.0,200,Buy,224700257
2024-07-19 11:26:54,48500.0,100,Sell,224701472
2024-07-19 11:27:41,48500.0,500,Sell,224702051
2024-07-19 11:27:41,48500.0,100,Sell,224702052
2024-07-19 12:59:39,48450.0,4000,Sell,224704394
2024-07-19 12:59:39,48450.0,400,Sell,224704393
2024-07-19 12:59:39,48450.0,8900,Sell,224704388
2024-07-19 12:59:39,48450.0,1100,Sell,224704389
2024-07-19 12:59:40,48450.0,500,Sell,224705023
2024-07-19 12:59:40,48450.0,500,Sell,224705024
2024-07-19 12:59:40,48450.0,4000,Sell,224705032
2024-07-19 12:59:42,48500.0,400,Buy,224705616
2024-07-19 12:59:42,48500.0,3600,Buy,224705617
2024-07-19 12:59:42,48450.0,200,Sell,224705619
2024-07-19 12:59:43,48500.0,200,Buy,224705891
2024-07-19 12:59:43,48450.0,500,Sell,224705890
2024-07-19 12:59:43,48450.0,300,Sell,224705889
2024-07-19 12:59:43,48450.0,200,Sell,224705887
2024-07-19 12:59:43,48450.0,200,Sell,224705886
2024-07-19 12:59:46,48500.0,200,Buy,224706970
2024-07-19 12:59:49,48450.0,8000,Sell,224707536
2024-07-19 12:59:51,48450.0,100,Sell,224707881
2024-07-19 12:59:51,48450.0,1000,Sell,224707882
2024-07-19 12:59:51,48450.0,100,Sell,224707883
2024-07-19 12:59:51,48450.0,200,Sell,224707884
2024-07-19 12:59:53,48400.0,300,Sell,224708133
2024-07-19 13:00:09,48400.0,100,Sell,224709865
2024-07-19 13:00:25,48400.0,10000,Sell,224710366
2024-07-19 13:00:32,48400.0,1300,Sell,224710564
2024-07-19 13:00:34,48400.0,4100,Sell,224710740
2024-07-19 13:00:37,48400.0,4200,Sell,224710878
2024-07-19 13:00:37,48400.0,200,Sell,224710879
2024-07-19 13:00:42,48400.0,800,Sell,224711036
2024-07-19 13:00:42,48400.0,100,Sell,224711041
2024-07-19 13:00:42,48400.0,200,Sell,224711042
2024-07-19 13:01:25,48350.0,200,Sell,224713222
2024-07-19 13:01:41,48350.0,200,Sell,224714272
2024-07-19 13:01:42,48350.0,500,Sell,224714332
2024-07-19 13:01:44,48350.0,200,Sell,224714404
2024-07-19 13:01:44,48350.0,400,Sell,224714446
2024-07-19 13:01:52,48350.0,500,Sell,224714791
2024-07-19 13:02:03,48350.0,3900,Sell,224715251
2024-07-19 13:02:07,48350.0,200,Sell,224715405
2024-07-19 13:02:08,48350.0,100,Sell,224715435
2024-07-19 13:02:20,48350.0,2500,Sell,224715999
2024-07-19 13:02:45,48350.0,3000,Sell,224716983
2024-07-19 13:02:52,48350.0,2900,Sell,224717279
2024-07-19 13:02:53,48350.0,1100,Sell,224717297
2024-07-19 13:02:55,48350.0,1800,Sell,224717406
2024-07-19 13:03:46,48350.0,500,Sell,224719218
2024-07-19 13:03:48,48350.0,100,Sell,224719323
2024-07-19 13:03:50,48400.0,100,Buy,224719390
2024-07-19 13:03:50,48400.0,2600,Buy,224719391
2024-07-19 13:03:50,48400.0,300,Buy,224719392
2024-07-19 13:04:00,48400.0,100,Sell,224719780
2024-07-19 13:04:25,48400.0,500,Sell,224720646
2024-07-19 13:04:33,48400.0,5000,Sell,224720952
2024-07-19 13:04:33,48350.0,3000,Sell,224720959
2024-07-19 13:04:33,48350.0,300,Sell,224720958
2024-07-19 13:04:33,48350.0,200,Sell,224720957
2024-07-19 13:04:33,48400.0,1400,Sell,224720951
2024-07-19 13:04:33,48350.0,300,Sell,224720955
2024-07-19 13:04:33,48350.0,1900,Sell,224720954
2024-07-19 13:04:33,48400.0,400,Sell,224720953
2024-07-19 13:04:33,48350.0,100,Sell,224720956
2024-07-19 13:04:37,48350.0,200,Buy,224721103
2024-07-19 13:04:44,48300.0,500,Sell,224721403
2024-07-19 13:04:46,48300.0,100,Sell,224721482
2024-07-19 13:05:01,48350.0,5000,Buy,224721992
2024-07-19 13:05:06,48350.0,2000,Buy,224722167
2024-07-19 13:05:06,48350.0,2200,Buy,224722168
2024-07-19 13:05:29,48350.0,1600,Sell,224722873
2024-07-19 13:05:32,48350.0,200,Sell,224722968
2024-07-19 13:05:48,48450.0,200,Buy,224723446
2024-07-19 13:05:48,48500.0,500,Buy,224723447
2024-07-19 13:05:48,48450.0,500,Buy,224723444
2024-07-19 13:05:48,48450.0,1000,Buy,224723443
2024-07-19 13:05:48,48450.0,200,Buy,224723442
2024-07-19 13:05:48,48450.0,100,Buy,224723445
2024-07-19 13:05:54,48500.0,200,Buy,224723646
2024-07-19 13:06:32,48450.0,100,Buy,224724714
2024-07-19 13:06:32,48500.0,100,Buy,224724724
2024-07-19 13:06:32,48500.0,100,Buy,224724725
2024-07-19 13:07:16,48500.0,500,Buy,224726130
2024-07-19 13:07:19,48400.0,1000,Sell,224726258
2024-07-19 13:07:19,48450.0,100,Sell,224726246
2024-07-19 13:07:32,48400.0,900,Sell,224726591
2024-07-19 13:07:42,48400.0,3000,Sell,224726918
2024-07-19 13:07:48,48400.0,21000,Sell,224727080
2024-07-19 13:07:53,48400.0,2000,Sell,224727169
2024-07-19 13:07:53,48400.0,500,Sell,224727178
2024-07-19 13:07:54,48400.0,400,Sell,224727201
2024-07-19 13:07:58,48400.0,1200,Sell,224727300
2024-07-19 13:07:59,48400.0,3000,Sell,224727307
2024-07-19 13:07:59,48400.0,500,Sell,224727306
2024-07-19 13:07:59,48400.0,100,Sell,224727305
2024-07-19 13:08:11,48400.0,5000,Buy,224727667
2024-07-19 13:08:13,48350.0,100,Sell,224727736
2024-07-19 13:08:28,48350.0,100,Sell,224728212
2024-07-19 13:08:57,48350.0,500,Sell,224729072
2024-07-19 13:08:57,48350.0,300,Sell,224729073
2024-07-19 13:09:06,48400.0,100,Buy,224729357
2024-07-19 13:09:12,48400.0,5000,Buy,224729498
2024-07-19 13:09:15,48400.0,5000,Buy,224729618
2024-07-19 13:09:16,48400.0,4900,Buy,224729634
2024-07-19 13:09:16,48400.0,100,Buy,224729633
2024-07-19 13:09:22,48400.0,100,Buy,224729809
2024-07-19 13:09:27,48400.0,200,Buy,224729978
2024-07-19 13:09:30,48450.0,1000,Buy,224730089
2024-07-19 13:09:38,48450.0,100,Buy,224730315
2024-07-19 13:10:05,48450.0,500,Buy,224731131
2024-07-19 13:10:16,48400.0,2800,Sell,224731481
2024-07-19 13:10:16,48400.0,1800,Sell,224731482
2024-07-19 13:10:16,48400.0,600,Sell,224731483
2024-07-19 13:10:21,48400.0,400,Buy,224731637
2024-07-19 13:10:44,48400.0,2800,Buy,224732323
2024-07-19 13:10:46,48400.0,200,Buy,224732361
2024-07-19 13:10:50,48400.0,300,Buy,224732475
2024-07-19 13:10:55,48400.0,6000,Buy,224732584
2024-07-19 13:10:58,48400.0,1200,Buy,224732658
2024-07-19 13:11:00,48400.0,500,Buy,224732712
2024-07-19 13:11:40,48400.0,3400,Buy,224733782
2024-07-19 13:11:40,48400.0,700,Buy,224733783
2024-07-19 13:11:42,48400.0,900,Sell,224733837
2024-07-19 13:11:42,48400.0,100,Buy,224733842
2024-07-19 13:12:08,48400.0,100,Buy,224734553
2024-07-19 13:12:08,48400.0,400,Buy,224734552
2024-07-19 13:12:45,48350.0,4000,Sell,224735619
2024-07-19 13:12:45,48350.0,6000,Sell,224735620
2024-07-19 13:12:52,48350.0,2000,Sell,224735811
2024-07-19 13:12:54,48350.0,100,Sell,224735850
2024-07-19 13:12:56,48350.0,100,Sell,224735904
2024-07-19 13:12:59,48400.0,400,Buy,224735988
2024-07-19 13:12:59,48400.0,600,Buy,224735989
2024-07-19 13:13:00,48350.0,1500,Sell,224736045
2024-07-19 13:13:00,48350.0,2000,Sell,224736043
2024-07-19 13:13:00,48350.0,2000,Sell,224736044
2024-07-19 13:13:00,48350.0,400,Sell,224736041
2024-07-19 13:13:00,48350.0,11800,Sell,224736032
2024-07-19 13:13:00,48350.0,200,Sell,224736040
2024-07-19 13:13:00,48350.0,2100,Sell,224736042
2024-07-19 13:13:12,48350.0,100,Sell,224736366
2024-07-19 13:13:25,48350.0,500,Sell,224736755
2024-07-19 13:13:25,48400.0,100,Buy,224736756
2024-07-19 13:13:34,48350.0,400,Sell,224737027
2024-07-19 13:13:45,48350.0,400,Sell,224737354
2024-07-19 13:13:55,48400.0,200,Buy,224737752
2024-07-19 13:13:55,48400.0,100,Buy,224737754
2024-07-19 13:14:11,48350.0,300,Sell,224738205
2024-07-19 13:14:14,48350.0,400,Sell,224738399
2024-07-19 13:14:21,48350.0,400,Sell,224738685
2024-07-19 13:14:33,48350.0,400,Sell,224739098
2024-07-19 13:14:37,48350.0,1500,Sell,224739371
2024-07-19 13:14:37,48350.0,300,Sell,224739382
2024-07-19 13:14:42,48350.0,200,Sell,224739690
2024-07-19 13:14:42,48350.0,100,Sell,224739714
2024-07-19 13:14:44,48350.0,300,Sell,224739771
2024-07-19 13:14:50,48350.0,200,Sell,224739971
2024-07-19 13:14:52,48350.0,400,Sell,224740015
2024-07-19 13:15:01,48350.0,100,Sell,224740295
2024-07-19 13:15:13,48350.0,2500,Sell,224740695
2024-07-19 13:15:14,48350.0,1400,Sell,224740702
2024-07-19 13:15:14,48350.0,100,Sell,224740700
2024-07-19 13:15:14,48350.0,1000,Sell,224740701
2024-07-19 13:15:23,48350.0,500,Sell,224740971
2024-07-19 13:15:33,48400.0,200,Buy,224741245
2024-07-19 13:15:33,48400.0,500,Buy,224741246
2024-07-19 13:15:33,48400.0,300,Buy,224741253
2024-07-19 13:15:34,48400.0,300,Buy,224741297
2024-07-19 13:15:34,48400.0,100,Buy,224741302
2024-07-19 13:15:34,48400.0,200,Buy,224741303
2024-07-19 13:15:34,48400.0,200,Buy,224741304
2024-07-19 13:15:34,48400.0,100,Buy,224741305
2024-07-19 13:15:34,48400.0,100,Buy,224741306
2024-07-19 13:15:34,48400.0,400,Buy,224741315
2024-07-19 13:15:34,48400.0,100,Buy,224741317
2024-07-19 13:15:34,48400.0,100,Buy,224741318
2024-07-19 13:15:34,48400.0,100,Buy,224741319
2024-07-19 13:15:34,48400.0,100,Buy,224741320
2024-07-19 13:15:34,48400.0,100,Buy,224741321
2024-07-19 13:15:34,48400.0,100,Buy,224741322
2024-07-19 13:15:34,48400.0,100,Buy,224741296
2024-07-19 13:15:34,48400.0,100,Buy,224741316
2024-07-19 13:15:34,48400.0,100,Buy,224741295
2024-07-19 13:15:34,48400.0,100,Buy,224741269
2024-07-19 13:15:34,48400.0,100,Buy,224741293
2024-07-19 13:15:34,48400.0,500,Buy,224741266
2024-07-19 13:15:34,48400.0,500,Buy,224741267
2024-07-19 13:15:34,48400.0,100,Buy,224741268
2024-07-19 13:15:34,48400.0,200,Buy,224741265
2024-07-19 13:15:34,48400.0,100,Buy,224741270
2024-07-19 13:15:34,48400.0,100,Buy,224741271
2024-07-19 13:15:34,48400.0,100,Buy,224741272
2024-07-19 13:15:34,48400.0,200,Buy,224741294
2024-07-19 13:15:34,48400.0,100,Buy,224741274
2024-07-19 13:15:34,48400.0,100,Buy,224741275
2024-07-19 13:15:34,48400.0,100,Buy,224741276
2024-07-19 13:15:34,48400.0,200,Buy,224741277
2024-07-19 13:15:34,48400.0,100,Buy,224741278
2024-07-19 13:15:34,48400.0,200,Buy,224741292
2024-07-19 13:15:34,48400.0,100,Buy,224741273
2024-07-19 13:15:35,48400.0,700,Buy,224741370
2024-07-19 13:15:35,48400.0,1700,Buy,224741369
2024-07-19 13:15:35,48400.0,200,Buy,224741363
2024-07-19 13:15:35,48400.0,100,Buy,224741348
2024-07-19 13:15:35,48400.0,200,Buy,224741347
2024-07-19 13:15:35,48400.0,100,Buy,224741332
2024-07-19 13:15:35,48400.0,100,Buy,224741331
2024-07-19 13:15:35,48400.0,400,Buy,224741329
2024-07-19 13:15:35,48400.0,100,Buy,224741333
2024-07-19 13:15:35,48400.0,100,Buy,224741330
2024-07-19 13:16:16,48350.0,100,Sell,224742654
2024-07-19 13:16:16,48350.0,3900,Sell,224742655
2024-07-19 13:16:18,48400.0,3000,Buy,224742683
2024-07-19 13:16:18,48400.0,1000,Buy,224742684
2024-07-19 13:16:18,48400.0,1000,Buy,224742685
2024-07-19 13:16:22,48350.0,500,Sell,224742788
2024-07-19 13:16:23,48350.0,5100,Sell,224742883
2024-07-19 13:16:23,48350.0,2800,Sell,224742881
2024-07-19 13:16:23,48350.0,600,Sell,224742880
2024-07-19 13:16:23,48350.0,300,Sell,224742882
2024-07-19 13:17:46,48350.0,1000,Buy,224745087
2024-07-19 13:18:15,48350.0,200,Buy,224745919
2024-07-19 13:18:15,48350.0,200,Buy,224745920
2024-07-19 13:18:15,48350.0,500,Buy,224745921
2024-07-19 13:18:15,48350.0,2000,Buy,224745922
2024-07-19 13:18:15,48350.0,100,Buy,224745923
2024-07-19 13:18:15,48350.0,300,Buy,224745924
2024-07-19 13:18:15,48350.0,1000,Buy,224745925
2024-07-19 13:18:15,48350.0,4000,Buy,224745926
2024-07-19 13:18:17,48350.0,100,Sell,224745971
2024-07-19 13:18:36,48400.0,1000,Buy,224746589
2024-07-19 13:18:54,48350.0,2000,Sell,224747097
2024-07-19 13:19:13,48350.0,9600,Sell,224747745
2024-07-19 13:19:13,48350.0,2000,Sell,224747746
2024-07-19 13:19:34,48350.0,100,Buy,224748357
2024-07-19 13:20:02,48350.0,200,Buy,224749134
2024-07-19 13:20:14,48350.0,2700,Buy,224749743
2024-07-19 13:20:14,48350.0,2000,Buy,224749744
2024-07-19 13:20:14,48350.0,300,Buy,224749745
2024-07-19 13:20:33,48300.0,1900,Sell,224750344
2024-07-19 13:20:33,48300.0,200,Sell,224750345
2024-07-19 13:20:33,48300.0,1600,Sell,224750346
2024-07-19 13:20:50,48350.0,100,Buy,224750825
2024-07-19 13:20:50,48350.0,200,Buy,224750820
2024-07-19 13:20:50,48350.0,100,Buy,224750819
2024-07-19 13:20:50,48350.0,100,Buy,224750818
2024-07-19 13:20:50,48350.0,100,Buy,224750816
2024-07-19 13:20:50,48350.0,600,Buy,224750817
2024-07-19 13:20:50,48350.0,100,Buy,224750815
2024-07-19 13:20:50,48350.0,100,Buy,224750810
2024-07-19 13:20:50,48350.0,200,Buy,224750813
2024-07-19 13:20:50,48350.0,400,Buy,224750796
2024-07-19 13:20:50,48350.0,100,Buy,224750802
2024-07-19 13:20:50,48350.0,100,Buy,224750803
2024-07-19 13:20:50,48350.0,100,Buy,224750814
2024-07-19 13:20:50,48350.0,100,Buy,224750811
2024-07-19 13:20:50,48350.0,100,Buy,224750812
2024-07-19 13:20:50,48350.0,100,Buy,224750804
2024-07-19 13:20:51,48350.0,100,Buy,224750857
2024-07-19 13:20:51,48350.0,700,Buy,224750855
2024-07-19 13:20:51,48350.0,100,Buy,224750840
2024-07-19 13:20:51,48350.0,100,Buy,224750839
2024-07-19 13:20:51,48350.0,100,Buy,224750838
2024-07-19 13:20:51,48350.0,100,Buy,224750837
2024-07-19 13:20:51,48350.0,100,Buy,224750856
2024-07-19 13:20:51,48350.0,300,Buy,224750835
2024-07-19 13:20:51,48350.0,100,Buy,224750833
2024-07-19 13:20:51,48350.0,100,Buy,224750832
2024-07-19 13:20:51,48350.0,300,Buy,224750831
2024-07-19 13:20:51,48350.0,100,Buy,224750829
2024-07-19 13:20:51,48350.0,100,Buy,224750830
2024-07-19 13:20:51,48350.0,1000,Buy,224750836
2024-07-19 13:20:59,48350.0,800,Buy,224751078
2024-07-19 13:20:59,48350.0,2000,Buy,224751079
2024-07-19 13:20:59,48350.0,2200,Buy,224751080
2024-07-19 13:21:11,48350.0,600,Buy,224751398
2024-07-19 13:21:11,48350.0,3000,Buy,224751397
2024-07-19 13:21:11,48350.0,1800,Buy,224751394
2024-07-19 13:21:11,48350.0,500,Buy,224751395
2024-07-19 13:21:11,48350.0,200,Buy,224751396
2024-07-19 13:21:18,48350.0,100,Sell,224751614
2024-07-19 13:21:51,48350.0,100,Buy,224752404
2024-07-19 13:21:51,48350.0,100,Buy,224752387
2024-07-19 13:21:51,48350.0,100,Buy,224752388
2024-07-19 13:21:51,48350.0,100,Buy,224752385
2024-07-19 13:21:51,48350.0,100,Buy,224752389
2024-07-19 13:21:51,48350.0,600,Buy,224752386
2024-07-19 13:21:51,48350.0,13800,Sell,224752367
2024-07-19 13:21:51,48350.0,400,Sell,224752368
2024-07-19 13:21:51,48350.0,100,Buy,224752384
2024-07-19 13:21:51,48350.0,100,Buy,224752375
2024-07-19 13:21:51,48350.0,200,Buy,224752374
2024-07-19 13:21:52,48350.0,100,Buy,224752413
2024-07-19 13:21:52,48350.0,700,Buy,224752414
2024-07-19 13:21:52,48350.0,100,Buy,224752415
2024-07-19 13:21:52,48350.0,100,Buy,224752416
2024-07-19 13:21:52,48350.0,200,Buy,224752438
2024-07-19 13:21:52,48350.0,100,Buy,224752430
2024-07-19 13:21:52,48350.0,1000,Buy,224752431
2024-07-19 13:21:52,48350.0,100,Buy,224752432
2024-07-19 13:21:52,48350.0,100,Buy,224752433
2024-07-19 13:21:52,48350.0,200,Buy,224752434
2024-07-19 13:21:52,48350.0,100,Buy,224752436
2024-07-19 13:21:52,48350.0,100,Buy,224752437
2024-07-19 13:21:52,48350.0,100,Buy,224752417
2024-07-19 13:22:28,48350.0,1200,Buy,224753735
2024-07-19 13:23:08,48350.0,10000,Buy,224755176
2024-07-19 13:23:12,48350.0,2000,Buy,224755232
2024-07-19 13:23:16,48350.0,1400,Buy,224755343
2024-07-19 13:23:16,48350.0,600,Buy,224755344
2024-07-19 13:23:24,48300.0,1000,Sell,224755569
2024-07-19 13:23:24,48350.0,400,Buy,224755615
2024-07-19 13:23:54,48350.0,100,Buy,224756579
2024-07-19 13:24:23,48350.0,100,Buy,224757458
2024-07-19 13:24:33,48350.0,200,Buy,224757736
2024-07-19 13:24:33,48350.0,300,Buy,224757735
2024-07-19 13:24:35,48300.0,5000,Sell,224757961
2024-07-19 13:24:45,48300.0,500,Sell,224758219
2024-07-19 13:24:49,48350.0,100,Buy,224758338
2024-07-19 13:24:57,48300.0,500,Sell,224758584
2024-07-19 13:25:14,48350.0,100,Buy,224759063
2024-07-19 13:25:17,48300.0,200,Sell,224759123
2024-07-19 13:25:22,48300.0,100,Sell,224759289
2024-07-19 13:25:43,48350.0,100,Buy,224760051
2024-07-19 13:25:53,48300.0,1000,Sell,224760442
2024-07-19 13:25:57,48350.0,200,Buy,224760569
2024-07-19 13:25:58,48300.0,19600,Sell,224760591
2024-07-19 13:25:58,48300.0,10100,Sell,224760589
2024-07-19 13:25:58,48300.0,300,Sell,224760590
2024-07-19 13:26:00,48300.0,100,Sell,224760670
2024-07-19 13:26:02,48300.0,800,Sell,224760715
2024-07-19 13:26:12,48300.0,19500,Sell,224761043
2024-07-19 13:26:12,48300.0,200,Sell,224761044
2024-07-19 13:26:12,48300.0,100,Sell,224761045
2024-07-19 13:26:12,48300.0,100,Sell,224761046
2024-07-19 13:26:12,48300.0,100,Sell,224761047
2024-07-19 13:26:13,48300.0,200,Sell,224761073
2024-07-19 13:26:13,48300.0,700,Sell,224761087
2024-07-19 13:26:13,48300.0,1200,Sell,224761088
2024-07-19 13:26:25,48300.0,800,Sell,224761467
2024-07-19 13:26:25,48300.0,200,Sell,224761468
2024-07-19 13:26:25,48300.0,1000,Sell,224761469
2024-07-19 13:26:25,48300.0,200,Sell,224761470
2024-07-19 13:26:25,48300.0,1800,Sell,224761471
2024-07-19 13:26:30,48300.0,500,Sell,224761587
2024-07-19 13:26:36,48300.0,1000,Sell,224761715
2024-07-19 13:26:36,48300.0,100,Sell,224761726
2024-07-19 13:26:36,48300.0,400,Sell,224761725
2024-07-19 13:26:36,48300.0,400,Sell,224761724
2024-07-19 13:26:36,48300.0,100,Sell,224761722
2024-07-19 13:26:36,48300.0,1000,Sell,224761721
2024-07-19 13:26:36,48300.0,100,Sell,224761723
2024-07-19 13:26:36,48300.0,400,Sell,224761719
2024-07-19 13:26:36,48300.0,1000,Sell,224761718
2024-07-19 13:26:36,48300.0,100,Sell,224761717
2024-07-19 13:26:36,48300.0,300,Sell,224761716
2024-07-19 13:26:36,48300.0,2000,Sell,224761720
2024-07-19 13:26:36,48300.0,1700,Sell,224761714
2024-07-19 13:26:43,48300.0,1000,Buy,224761867
2024-07-19 13:27:01,48300.0,1000,Buy,224762382
2024-07-19 13:27:02,48300.0,400,Buy,224762397
2024-07-19 13:27:02,48300.0,900,Buy,224762396
2024-07-19 13:27:20,48300.0,700,Sell,224762958
2024-07-19 13:27:31,48300.0,100,Sell,224763323
2024-07-19 13:27:35,48350.0,100,Buy,224763439
2024-07-19 13:27:51,48300.0,300,Sell,224763890
2024-07-19 13:27:51,48300.0,700,Sell,224763889
2024-07-19 13:27:57,48350.0,9400,Buy,224764094
2024-07-19 13:27:57,48350.0,600,Buy,224764095
2024-07-19 13:28:57,48350.0,2300,Buy,224766026
2024-07-19 13:29:04,48350.0,800,Buy,224766314
2024-07-19 13:29:09,48350.0,1300,Buy,224766487
2024-07-19 13:29:09,48350.0,100,Buy,224766489
2024-07-19 13:29:09,48350.0,200,Buy,224766490
2024-07-19 13:29:09,48350.0,1000,Buy,224766491
2024-07-19 13:29:09,48350.0,1000,Buy,224766492
2024-07-19 13:29:09,48350.0,6200,Buy,224766493
2024-07-19 13:29:09,48350.0,200,Buy,224766488
2024-07-19 13:29:13,48350.0,1000,Buy,224766580
2024-07-19 13:29:13,48350.0,200,Buy,224766581
2024-07-19 13:29:21,48350.0,100,Sell,224766895
2024-07-19 13:29:37,48400.0,200,Buy,224767317
2024-07-19 13:29:45,48400.0,100,Buy,224767591
2024-07-19 13:30:04,48350.0,500,Sell,224768263
2024-07-19 13:30:04,48350.0,5000,Sell,224768264
2024-07-19 13:30:04,48350.0,4500,Sell,224768265
2024-07-19 13:30:19,48350.0,100,Sell,224768864
2024-07-19 13:30:21,48350.0,400,Sell,224768934
2024-07-19 13:30:21,48350.0,100,Sell,224768935
2024-07-19 13:30:26,48400.0,300,Buy,224769127
2024-07-19 13:30:33,48400.0,200,Buy,224769379
2024-07-19 13:30:57,48400.0,1200,Buy,224770115
2024-07-19 13:30:57,48400.0,3600,Buy,224770116
2024-07-19 13:30:57,48400.0,600,Buy,224770117
2024-07-19 13:30:57,48400.0,1000,Buy,224770118
2024-07-19 13:30:57,48400.0,2000,Buy,224770119
2024-07-19 13:30:57,48400.0,1600,Buy,224770120
2024-07-19 13:31:04,48350.0,100,Sell,224770327
2024-07-19 13:31:04,48350.0,100,Sell,224770328
2024-07-19 13:31:04,48350.0,100,Sell,224770330
2024-07-19 13:31:04,48350.0,100,Sell,224770329
2024-07-19 13:31:04,48350.0,2300,Sell,224770331
2024-07-19 13:31:12,48400.0,1000,Buy,224770531
2024-07-19 13:31:18,48350.0,400,Sell,224770711
2024-07-19 13:31:24,48350.0,500,Sell,224770892
2024-07-19 13:31:38,48350.0,700,Sell,224771285
2024-07-19 13:31:47,48400.0,300,Buy,224771586
2024-07-19 13:32:08,48350.0,2500,Sell,224772462
2024-07-19 13:32:24,48350.0,500,Sell,224773078
2024-07-19 13:32:42,48350.0,500,Sell,224773557
2024-07-19 13:32:51,48400.0,6500,Buy,224773869
2024-07-19 13:32:51,48400.0,100,Buy,224773870
2024-07-19 13:32:51,48400.0,200,Buy,224773871
2024-07-19 13:32:51,48400.0,5000,Buy,224773872
2024-07-19 13:32:51,48400.0,400,Buy,224773873
2024-07-19 13:32:51,48400.0,1000,Buy,224773874
2024-07-19 13:32:51,48400.0,800,Buy,224773875
2024-07-19 13:32:51,48400.0,100,Buy,224773876
2024-07-19 13:32:59,48400.0,400,Sell,224774075
2024-07-19 13:33:10,48450.0,100,Buy,224774513
2024-07-19 13:33:22,48400.0,4500,Sell,224774826
2024-07-19 13:33:22,48400.0,3300,Sell,224774827
2024-07-19 13:33:23,48450.0,400,Buy,224774835
2024-07-19 13:33:31,48450.0,600,Buy,224775039
2024-07-19 13:33:31,48450.0,100,Buy,224775040
2024-07-19 13:33:34,48450.0,100,Buy,224775118
2024-07-19 13:33:34,48450.0,5900,Buy,224775119
2024-07-19 13:33:37,48450.0,100,Buy,224775190
2024-07-19 13:33:38,48450.0,4000,Buy,224775216
2024-07-19 13:33:39,48450.0,500,Sell,224775249
2024-07-19 13:33:43,48500.0,100,Buy,224775327
2024-07-19 13:33:43,48450.0,500,Sell,224775328
2024-07-19 13:33:43,48400.0,500,Sell,224775329
2024-07-19 13:33:45,48500.0,100,Buy,224775434
2024-07-19 13:33:48,48450.0,1000,Sell,224775522
2024-07-19 13:33:53,48450.0,100,Buy,224775681
2024-07-19 13:33:56,48500.0,100,Buy,224775756
2024-07-19 13:34:06,48450.0,900,Sell,224775937
2024-07-19 13:34:17,48450.0,1000,Buy,224776192
2024-07-19 13:35:01,48450.0,1400,Buy,224777461
2024-07-19 13:35:10,48450.0,700,Buy,224777788
2024-07-19 13:35:10,48450.0,100,Buy,224777789
2024-07-19 13:35:10,48450.0,500,Buy,224777790
2024-07-19 13:35:10,48450.0,3000,Buy,224777791
2024-07-19 13:35:10,48450.0,100,Buy,224777792
2024-07-19 13:35:10,48450.0,600,Buy,224777793
2024-07-19 13:35:26,48400.0,900,Sell,224778316
2024-07-19 13:35:26,48400.0,1600,Sell,224778317
2024-07-19 13:35:26,48400.0,600,Sell,224778318
2024-07-19 13:35:26,48400.0,3000,Sell,224778319
2024-07-19 13:35:26,48400.0,1300,Sell,224778320
2024-07-19 13:35:26,48400.0,2300,Sell,224778321
2024-07-19 13:35:42,48350.0,400,Sell,224778774
2024-07-19 13:35:42,48350.0,600,Sell,224778775
2024-07-19 13:35:58,48350.0,2000,Sell,224779245
2024-07-19 13:35:58,48400.0,100,Buy,224779236
2024-07-19 13:36:13,48400.0,100,Buy,224779706
2024-07-19 13:37:09,48350.0,300,Sell,224781361
2024-07-19 13:37:28,48350.0,200,Sell,224781927
2024-07-19 13:37:47,48350.0,500,Sell,224782420
2024-07-19 13:37:51,48350.0,1400,Sell,224782498
2024-07-19 13:37:51,48350.0,500,Sell,224782499
2024-07-19 13:37:51,48350.0,100,Sell,224782500
2024-07-19 13:38:06,48350.0,500,Sell,224782880
2024-07-19 13:38:06,48350.0,500,Sell,224782881
2024-07-19 13:38:13,48350.0,2500,Sell,224783041
2024-07-19 13:38:13,48350.0,1300,Sell,224783042
2024-07-19 13:38:13,48350.0,200,Sell,224783043
2024-07-19 13:38:13,48350.0,2000,Sell,224783044
2024-07-19 13:38:13,48350.0,500,Sell,224783045
2024-07-19 13:38:13,48350.0,100,Sell,224783046
2024-07-19 13:38:32,48350.0,300,Buy,224783482
2024-07-19 13:38:32,48350.0,100,Buy,224783483
2024-07-19 13:38:41,48350.0,200,Sell,224783810
2024-07-19 13:40:01,48300.0,500,Sell,224786128
2024-07-19 13:40:16,48300.0,400,Sell,224786605
2024-07-19 13:40:22,48300.0,500,Sell,224786810
2024-07-19 13:40:26,48300.0,200,Sell,224787051
2024-07-19 13:40:26,48300.0,2200,Sell,224787052
2024-07-19 13:40:26,48300.0,400,Sell,224787053
2024-07-19 13:40:31,48300.0,2800,Sell,224787161
2024-07-19 13:40:31,48300.0,800,Sell,224787160
2024-07-19 13:40:31,48300.0,1000,Sell,224787158
2024-07-19 13:40:31,48300.0,500,Sell,224787157
2024-07-19 13:40:31,48300.0,100,Sell,224787159
2024-07-19 13:40:31,48300.0,100,Sell,224787155
2024-07-19 13:40:31,48300.0,500,Sell,224787154
2024-07-19 13:40:31,48300.0,1600,Sell,224787151
2024-07-19 13:40:31,48300.0,2000,Sell,224787153
2024-07-19 13:40:31,48300.0,100,Sell,224787152
2024-07-19 13:40:31,48300.0,1000,Sell,224787156
2024-07-19 13:40:40,48300.0,4200,Sell,224787500
2024-07-19 13:40:40,48300.0,1500,Sell,224787501
2024-07-19 13:40:41,48300.0,400,Sell,224787573
2024-07-19 13:41:00,48300.0,200,Sell,224788388
2024-07-19 13:41:13,48250.0,100,Sell,224788872
2024-07-19 13:41:13,48250.0,3000,Sell,224788871
2024-07-19 13:41:13,48250.0,1000,Sell,224788870
2024-07-19 13:41:13,48250.0,100,Sell,224788869
2024-07-19 13:41:13,48250.0,10000,Sell,224788866
2024-07-19 13:41:13,48250.0,200,Sell,224788867
2024-07-19 13:41:13,48250.0,100,Sell,224788873
2024-07-19 13:41:13,48250.0,10000,Sell,224788865
2024-07-19 13:41:13,48250.0,100,Sell,224788868
2024-07-19 13:41:13,48250.0,500,Sell,224788863
2024-07-19 13:41:13,48250.0,20000,Sell,224788862
2024-07-19 13:41:13,48250.0,5000,Sell,224788861
2024-07-19 13:41:13,48250.0,500,Sell,224788860
2024-07-19 13:41:13,48250.0,800,Sell,224788859
2024-07-19 13:41:13,48300.0,1000,Sell,224788858
2024-07-19 13:41:13,48300.0,300,Sell,224788857
2024-07-19 13:41:13,48300.0,1000,Sell,224788856
2024-07-19 13:41:13,48300.0,900,Sell,224788855
2024-07-19 13:41:13,48250.0,100,Sell,224788864
2024-07-19 13:41:26,48250.0,500,Buy,224789350
2024-07-19 13:41:44,48250.0,500,Buy,224789826
2024-07-19 13:42:09,48250.0,5000,Buy,224790411
2024-07-19 13:42:13,48250.0,500,Buy,224790674
2024-07-19 13:42:14,48250.0,300,Buy,224790687
2024-07-19 13:42:16,48250.0,1000,Buy,224790784
2024-07-19 13:42:21,48250.0,500,Buy,224790940
2024-07-19 13:42:23,48200.0,400,Sell,224790982
2024-07-19 13:42:24,48200.0,200,Sell,224791031
2024-07-19 13:42:24,48200.0,20000,Sell,224791030
2024-07-19 13:42:24,48200.0,600,Sell,224791028
2024-07-19 13:42:24,48200.0,1000,Sell,224791029
2024-07-19 13:42:24,48200.0,600,Sell,224791027
2024-07-19 13:42:24,48200.0,1000,Sell,224791022
2024-07-19 13:42:24,48200.0,500,Sell,224791025
2024-07-19 13:42:24,48200.0,300,Sell,224791024
2024-07-19 13:42:24,48200.0,100,Sell,224791023
2024-07-19 13:42:24,48200.0,1000,Sell,224791021
2024-07-19 13:42:24,48200.0,9600,Sell,224791020
2024-07-19 13:42:24,48200.0,100,Sell,224791026
2024-07-19 13:42:25,48100.0,200,Sell,224791053
2024-07-19 13:42:25,48100.0,200,Sell,224791052
2024-07-19 13:42:25,48100.0,1000,Sell,224791051
2024-07-19 13:42:25,48100.0,20000,Sell,224791050
2024-07-19 13:42:25,48100.0,1000,Sell,224791045
2024-07-19 13:42:25,48100.0,1000,Sell,224791048
2024-07-19 13:42:25,48100.0,500,Sell,224791047
2024-07-19 13:42:25,48100.0,100,Sell,224791046
2024-07-19 13:42:25,48150.0,20000,Sell,224791044
2024-07-19 13:42:25,48100.0,1000,Sell,224791049
2024-07-19 13:42:25,48150.0,200,Sell,224791042
2024-07-19 13:42:25,48200.0,1800,Sell,224791033
2024-07-19 13:42:25,48200.0,100,Sell,224791034
2024-07-19 13:42:25,48200.0,300,Sell,224791035
2024-07-19 13:42:25,48200.0,1000,Sell,224791036
2024-07-19 13:42:25,48150.0,1000,Sell,224791043
2024-07-19 13:42:25,48200.0,1000,Sell,224791038
2024-07-19 13:42:25,48150.0,100,Sell,224791041
2024-07-19 13:42:25,48200.0,1000,Sell,224791037
2024-07-19 13:42:25,48200.0,100,Sell,224791039
2024-07-19 13:42:25,48150.0,100,Sell,224791040
2024-07-19 13:42:31,48050.0,6000,Sell,224791284
2024-07-19 13:42:31,48050.0,300,Sell,224791285
2024-07-19 13:42:31,48050.0,200,Sell,224791286
2024-07-19 13:42:31,48050.0,16500,Sell,224791287
2024-07-19 13:42:41,48100.0,900,Buy,224791605
2024-07-19 13:43:04,48000.0,1000,Sell,224792320
2024-07-19 13:43:04,48000.0,900,Sell,224792318
2024-07-19 13:43:04,48000.0,100,Sell,224792317
2024-07-19 13:43:04,48000.0,2000,Sell,224792321
2024-07-19 13:43:04,48050.0,500,Sell,224792315
2024-07-19 13:43:04,48000.0,500,Sell,224792316
2024-07-19 13:43:04,48050.0,3500,Sell,224792312
2024-07-19 13:43:04,48000.0,100,Sell,224792319
2024-07-19 13:43:04,48050.0,1000,Sell,224792314
2024-07-19 13:43:04,48050.0,400,Sell,224792313
2024-07-19 13:43:05,48100.0,7400,Buy,224792322
2024-07-19 13:43:05,48100.0,1000,Buy,224792323
2024-07-19 13:43:05,48100.0,1000,Sell,224792376
2024-07-19 13:43:07,48100.0,100,Sell,224792431
2024-07-19 13:43:10,48100.0,400,Sell,224792535
2024-07-19 13:43:18,48150.0,1000,Buy,224792836
2024-07-19 13:43:20,48150.0,500,Sell,224792966
2024-07-19 13:43:34,48150.0,500,Sell,224793529
2024-07-19 13:43:41,48150.0,300,Sell,224793815
2024-07-19 13:43:53,48200.0,500,Sell,224794270
2024-07-19 13:43:56,48100.0,400,Sell,224794376
2024-07-19 13:43:56,48200.0,100,Sell,224794373
2024-07-19 13:43:56,48150.0,400,Sell,224794374
2024-07-19 13:43:56,48150.0,200,Sell,224794375
2024-07-19 13:43:57,48150.0,200,Sell,224794423
2024-07-19 13:44:06,48150.0,200,Sell,224794682
2024-07-19 13:44:08,48150.0,3100,Sell,224794771
2024-07-19 13:44:08,48100.0,2100,Sell,224794775
2024-07-19 13:44:08,48100.0,19700,Sell,224794772
2024-07-19 13:44:08,48100.0,5000,Sell,224794773
2024-07-19 13:44:08,48100.0,100,Sell,224794774
2024-07-19 13:44:17,48100.0,1000,Sell,224795038
2024-07-19 13:44:25,48250.0,100,Buy,224795356
2024-07-19 13:44:34,48100.0,100,Sell,224795616
2024-07-19 13:44:56,48100.0,2000,Sell,224796519
2024-07-19 13:45:01,48100.0,1600,Sell,224796708
2024-07-19 13:45:23,48150.0,500,Buy,224797619
2024-07-19 13:45:34,48200.0,1000,Buy,224798131
2024-07-19 13:45:40,48150.0,200,Sell,224798402
2024-07-19 13:45:41,48150.0,100,Buy,224798436
2024-07-19 13:45:49,48100.0,1000,Sell,224798794
2024-07-19 13:45:54,48150.0,700,Buy,224799044
2024-07-19 13:45:54,48150.0,2000,Buy,224799045
2024-07-19 13:46:07,48150.0,100,Sell,224799504
2024-07-19 13:46:07,48150.0,10000,Sell,224799503
2024-07-19 13:46:07,48150.0,2300,Sell,224799502
2024-07-19 13:46:16,48150.0,1500,Buy,224799805
2024-07-19 13:46:17,48150.0,900,Buy,224799902
2024-07-19 13:46:17,48150.0,100,Buy,224799901
2024-07-19 13:46:22,48150.0,100,Buy,224800184
2024-07-19 13:46:53,48150.0,100,Sell,224801277
2024-07-19 13:46:53,48100.0,300,Sell,224801278
2024-07-19 13:46:58,48200.0,900,Buy,224801517
2024-07-19 13:47:00,48150.0,200,Sell,224801553
2024-07-19 13:47:17,48150.0,400,Sell,224802258
2024-07-19 13:47:45,48150.0,500,Sell,224803042
2024-07-19 13:48:09,48150.0,200,Sell,224803813
2024-07-19 13:48:16,48150.0,3000,Sell,224804050
2024-07-19 13:48:18,48150.0,100,Sell,224804116
2024-07-19 13:48:35,48150.0,5600,Sell,224804621
2024-07-19 13:48:35,48150.0,800,Sell,224804622
2024-07-19 13:48:35,48150.0,3600,Sell,224804623
2024-07-19 13:48:38,48200.0,200,Buy,224804739
2024-07-19 13:48:38,48150.0,500,Sell,224804724
2024-07-19 13:48:38,48150.0,1400,Sell,224804723
2024-07-19 13:48:40,48150.0,500,Sell,224804812
2024-07-19 13:48:40,48150.0,2500,Sell,224804813
2024-07-19 13:49:02,48150.0,500,Sell,224805446
2024-07-19 13:49:02,48150.0,100,Sell,224805447
2024-07-19 13:49:02,48150.0,400,Sell,224805448
2024-07-19 13:49:33,48150.0,400,Sell,224806679
2024-07-19 13:49:36,48150.0,500,Sell,224806808
2024-07-19 13:49:43,48150.0,1700,Sell,224807069
2024-07-19 13:49:43,48150.0,500,Sell,224807070
2024-07-19 13:49:43,48150.0,500,Sell,224807071
2024-07-19 13:49:43,48150.0,1000,Sell,224807072
2024-07-19 13:49:43,48150.0,1500,Sell,224807073
2024-07-19 13:49:51,48150.0,100,Sell,224807290
2024-07-19 13:49:51,48150.0,1500,Sell,224807288
2024-07-19 13:49:51,48150.0,100,Sell,224807289
2024-07-19 13:50:01,48150.0,300,Buy,224807612
2024-07-19 13:50:07,48150.0,400,Sell,224807898
2024-07-19 13:50:31,48100.0,11900,Sell,224808608
2024-07-19 13:50:31,48100.0,1500,Sell,224808609
2024-07-19 13:50:31,48100.0,100,Sell,224808610
2024-07-19 13:50:31,48100.0,300,Sell,224808611
2024-07-19 13:50:31,48100.0,1000,Sell,224808612
2024-07-19 13:50:31,48100.0,5400,Sell,224808613
2024-07-19 13:51:04,48100.0,100,Sell,224809647
2024-07-19 13:51:04,48100.0,100,Sell,224809648
2024-07-19 13:51:18,48150.0,100,Buy,224810035
2024-07-19 13:51:19,48100.0,10000,Sell,224810062
2024-07-19 13:51:19,48100.0,600,Sell,224810063
2024-07-19 13:51:19,48100.0,1000,Sell,224810061
2024-07-19 13:51:19,48100.0,4400,Sell,224810057
2024-07-19 13:51:19,48100.0,100,Sell,224810059
2024-07-19 13:51:19,48100.0,10000,Sell,224810058
2024-07-19 13:51:19,48100.0,10000,Sell,224810060
2024-07-19 13:51:25,48100.0,100,Buy,224810262
2024-07-19 13:51:30,48100.0,5000,Buy,224810427
2024-07-19 13:51:30,48050.0,100,Sell,224810444
2024-07-19 13:51:30,48050.0,500,Sell,224810445
2024-07-19 13:51:37,48000.0,200,Sell,224810629
2024-07-19 13:51:37,48000.0,1000,Sell,224810630
2024-07-19 13:51:37,48000.0,100,Sell,224810631
2024-07-19 13:51:37,48000.0,500,Sell,224810632
2024-07-19 13:51:37,48000.0,300,Sell,224810633
2024-07-19 13:51:37,48000.0,1000,Sell,224810634
2024-07-19 13:51:37,48000.0,300,Sell,224810638
2024-07-19 13:51:37,48000.0,200,Sell,224810636
2024-07-19 13:51:37,48000.0,500,Sell,224810637
2024-07-19 13:51:37,48000.0,5000,Sell,224810639
2024-07-19 13:51:37,48000.0,500,Sell,224810640
2024-07-19 13:51:37,48000.0,100,Sell,224810628
2024-07-19 13:51:37,48000.0,13900,Sell,224810641
2024-07-19 13:51:37,48000.0,1000,Sell,224810635
2024-07-19 13:51:37,48000.0,500,Sell,224810627
2024-07-19 13:51:37,48050.0,1500,Sell,224810612
2024-07-19 13:51:37,48000.0,1000,Sell,224810625
2024-07-19 13:51:37,48100.0,100,Buy,224810605
2024-07-19 13:51:37,48050.0,100,Sell,224810613
2024-07-19 13:51:37,48000.0,500,Sell,224810626
2024-07-19 13:51:37,48050.0,1000,Sell,224810615
2024-07-19 13:51:37,48050.0,3000,Sell,224810616
2024-07-19 13:51:37,48050.0,100,Sell,224810617
2024-07-19 13:51:37,48050.0,200,Sell,224810614
2024-07-19 13:51:37,48000.0,1000,Sell,224810619
2024-07-19 13:51:37,48000.0,100,Sell,224810620
2024-07-19 13:51:37,48000.0,300,Sell,224810621
2024-07-19 13:51:37,48000.0,700,Sell,224810622
2024-07-19 13:51:37,48000.0,100,Sell,224810623
2024-07-19 13:51:37,48000.0,500,Sell,224810624
2024-07-19 13:51:37,48000.0,2000,Sell,224810618
2024-07-19 13:51:50,48050.0,100,Sell,224811059
2024-07-19 13:51:50,48000.0,900,Sell,224811060
2024-07-19 13:52:09,48000.0,3300,Sell,224811675
2024-07-19 13:52:09,48000.0,500,Sell,224811674
2024-07-19 13:52:09,48000.0,100,Sell,224811673
2024-07-19 13:52:09,48000.0,100,Sell,224811672
2024-07-19 13:52:09,48000.0,100,Sell,224811671
2024-07-19 13:52:09,48000.0,1000,Sell,224811669
2024-07-19 13:52:09,48000.0,200,Sell,224811670
2024-07-19 13:52:09,48000.0,500,Sell,224811667
2024-07-19 13:52:09,48000.0,200,Sell,224811661
2024-07-19 13:52:09,48000.0,2000,Sell,224811662
2024-07-19 13:52:09,48000.0,200,Sell,224811663
2024-07-19 13:52:09,48000.0,1000,Sell,224811668
2024-07-19 13:52:09,48000.0,200,Sell,224811665
2024-07-19 13:52:09,48000.0,100,Sell,224811664
2024-07-19 13:52:09,48000.0,500,Sell,224811666
2024-07-19 13:52:10,48000.0,300,Sell,224811803
2024-07-19 13:52:14,48050.0,800,Buy,224811964
2024-07-19 13:52:34,48100.0,200,Buy,224812645
2024-07-19 13:52:43,48100.0,3000,Buy,224812909
2024-07-19 13:53:06,48100.0,300,Buy,224813641
2024-07-19 13:53:09,48050.0,200,Sell,224813690
2024-07-19 13:53:09,48050.0,100,Sell,224813691
2024-07-19 13:53:09,48050.0,200,Sell,224813692
2024-07-19 13:53:09,48050.0,200,Sell,224813693
2024-07-19 13:53:14,48050.0,100,Sell,224813872
2024-07-19 13:53:14,48050.0,100,Sell,224813870
2024-07-19 13:53:14,48050.0,100,Sell,224813871
2024-07-19 13:53:17,48000.0,500,Sell,224813996
2024-07-19 13:53:17,48000.0,300,Sell,224814003
2024-07-19 13:53:17,48000.0,400,Sell,224814002
2024-07-19 13:53:17,48000.0,100,Sell,224814001
2024-07-19 13:53:17,48000.0,1000,Sell,224814000
2024-07-19 13:53:17,48000.0,1000,Sell,224813999
2024-07-19 13:53:17,48000.0,1500,Sell,224813998
2024-07-19 13:53:17,48000.0,100,Sell,224813997
2024-07-19 13:53:17,48000.0,100,Sell,224813995
2024-07-19 13:53:17,48000.0,100,Sell,224813989
2024-07-19 13:53:17,48000.0,100,Sell,224813993
2024-07-19 13:53:17,48000.0,1000,Sell,224813992
2024-07-19 13:53:17,48000.0,100,Sell,224813991
2024-07-19 13:53:17,48000.0,100,Sell,224813990
2024-07-19 13:53:17,48000.0,1000,Sell,224814004
2024-07-19 13:53:17,48000.0,500,Sell,224813987
2024-07-19 13:53:17,48000.0,100,Sell,224813986
2024-07-19 13:53:17,48000.0,10000,Sell,224813985
2024-07-19 13:53:17,48000.0,1400,Sell,224813984
2024-07-19 13:53:17,48000.0,500,Sell,224813994
2024-07-19 13:53:17,48000.0,100,Sell,224813988
2024-07-19 13:53:18,48050.0,500,Buy,224814043
2024-07-19 13:53:20,48050.0,300,Buy,224814082
2024-07-19 13:53:31,48050.0,100,Buy,224814514
2024-07-19 13:53:36,48050.0,300,Buy,224814653
2024-07-19 13:53:36,48050.0,200,Buy,224814654
2024-07-19 13:53:36,48050.0,200,Buy,224814652
2024-07-19 13:53:41,48050.0,300,Sell,224814827
2024-07-19 13:53:49,48050.0,200,Buy,224815094
2024-07-19 13:53:49,48050.0,900,Buy,224815095
2024-07-19 13:53:49,48050.0,1000,Buy,224815096
2024-07-19 13:53:49,48050.0,300,Buy,224815097
2024-07-19 13:53:49,48100.0,2600,Buy,224815098
2024-07-19 13:54:05,48100.0,900,Buy,224815802
2024-07-19 13:54:12,48100.0,1700,Buy,224816126
2024-07-19 13:54:12,48100.0,100,Buy,224816127
2024-07-19 13:54:12,48100.0,500,Buy,224816128
2024-07-19 13:54:12,48100.0,100,Buy,224816129
2024-07-19 13:54:12,48100.0,400,Buy,224816130
2024-07-19 13:54:30,48100.0,800,Sell,224816713
2024-07-19 13:54:45,48100.0,100,Sell,224817458
2024-07-19 13:54:50,48150.0,10000,Buy,224817617
2024-07-19 13:54:51,48150.0,100,Buy,224817625
2024-07-19 13:54:54,48150.0,2400,Buy,224817750
2024-07-19 13:54:54,48150.0,4500,Buy,224817751
2024-07-19 13:54:54,48150.0,2500,Buy,224817752
2024-07-19 13:54:54,48150.0,600,Buy,224817753
2024-07-19 13:54:54,48100.0,1300,Sell,224817754
2024-07-19 13:54:54,48100.0,1700,Sell,224817755
2024-07-19 13:54:54,48100.0,1000,Sell,224817756
2024-07-19 13:54:54,48100.0,100,Sell,224817757
2024-07-19 13:54:54,48100.0,1100,Sell,224817758
2024-07-19 13:54:54,48100.0,400,Sell,224817759
2024-07-19 13:54:54,48100.0,1000,Sell,224817760
2024-07-19 13:54:54,48100.0,3400,Sell,224817761
2024-07-19 13:54:57,48150.0,1600,Buy,224817852
2024-07-19 13:55:11,48150.0,100,Buy,224818444
2024-07-19 13:55:20,48150.0,1000,Buy,224818936
2024-07-19 13:55:20,48150.0,800,Buy,224818935
2024-07-19 13:55:20,48150.0,1000,Buy,224818937
2024-07-19 13:55:20,48150.0,100,Buy,224818938
2024-07-19 13:55:25,48200.0,500,Buy,224819146
2024-07-19 13:55:27,48200.0,3000,Buy,224819173
2024-07-19 13:55:27,48200.0,10000,Buy,224819174
2024-07-19 13:55:27,48200.0,500,Buy,224819175
2024-07-19 13:55:27,48200.0,3100,Buy,224819176
2024-07-19 13:55:27,48200.0,3400,Buy,224819172
2024-07-19 13:55:32,48150.0,2000,Sell,224819375
2024-07-19 13:55:41,48250.0,900,Buy,224819647
2024-07-19 13:55:41,48250.0,500,Buy,224819648
2024-07-19 13:55:41,48250.0,500,Buy,224819649
2024-07-19 13:55:41,48250.0,100,Buy,224819650
2024-07-19 13:55:41,48250.0,500,Buy,224819651
2024-07-19 13:55:54,48350.0,100,Buy,224820307
2024-07-19 13:55:54,48350.0,500,Buy,224820306
2024-07-19 13:55:54,48400.0,5500,Buy,224820309
2024-07-19 13:55:54,48300.0,500,Buy,224820304
2024-07-19 13:55:54,48300.0,2100,Buy,224820305
2024-07-19 13:55:54,48350.0,300,Buy,224820308
2024-07-19 13:55:54,48300.0,1000,Buy,224820303
2024-07-19 13:56:06,48350.0,200,Buy,224820880
2024-07-19 13:56:09,48350.0,800,Buy,224821009
2024-07-19 13:56:09,48400.0,700,Buy,224821010
2024-07-19 13:56:10,48400.0,100,Buy,224821016
2024-07-19 13:56:15,48400.0,3700,Buy,224821208
2024-07-19 13:56:15,48400.0,500,Buy,224821209
2024-07-19 13:56:15,48450.0,4800,Buy,224821211
2024-07-19 13:56:15,48400.0,1000,Buy,224821210
2024-07-19 13:56:43,48400.0,300,Buy,224822298
2024-07-19 13:56:47,48400.0,500,Buy,224822513
2024-07-19 13:56:47,48400.0,100,Buy,224822528
2024-07-19 13:56:55,48400.0,100,Sell,224822812
2024-07-19 13:56:59,48400.0,900,Buy,224822978
2024-07-19 13:57:09,48400.0,500,Sell,224823264
2024-07-19 13:57:09,48400.0,1100,Sell,224823263
2024-07-19 13:57:14,48400.0,100,Buy,224823399
2024-07-19 13:57:16,48400.0,1900,Sell,224823462
2024-07-19 13:57:28,48400.0,5000,Buy,224823873
2024-07-19 13:57:30,48400.0,100,Buy,224823944
2024-07-19 13:57:30,48400.0,600,Buy,224823943
2024-07-19 13:57:35,48400.0,4300,Sell,224824122
2024-07-19 13:57:35,48400.0,500,Sell,224824123
2024-07-19 13:57:43,48400.0,300,Buy,224824462
2024-07-19 13:57:56,48350.0,100,Buy,224824854
2024-07-19 13:58:24,48350.0,5000,Buy,224825830
2024-07-19 13:58:29,48300.0,500,Sell,224826050
2024-07-19 13:58:29,48300.0,200,Sell,224826051
2024-07-19 13:58:29,48300.0,3300,Sell,224826052
2024-07-19 13:59:41,48300.0,100,Sell,224828286
2024-07-19 13:59:42,48300.0,1400,Sell,224828316
2024-07-19 13:59:42,48300.0,1800,Sell,224828317
2024-07-19 13:59:42,48300.0,1600,Sell,224828315
2024-07-19 14:00:35,48350.0,600,Buy,224829936
2024-07-19 14:00:35,48350.0,400,Buy,224829937
2024-07-19 14:00:40,48300.0,200,Sell,224830085
2024-07-19 14:00:40,48300.0,500,Sell,224830083
2024-07-19 14:00:40,48300.0,500,Sell,224830084
2024-07-19 14:00:40,48300.0,300,Sell,224830082
2024-07-19 14:00:40,48300.0,100,Sell,224830078
2024-07-19 14:00:40,48300.0,100,Sell,224830080
2024-07-19 14:00:40,48300.0,600,Sell,224830079
2024-07-19 14:00:40,48300.0,500,Sell,224830081
2024-07-19 14:00:40,48300.0,8200,Sell,224830077
2024-07-19 14:01:18,48300.0,300,Sell,224831274
2024-07-19 14:01:18,48300.0,500,Sell,224831275
2024-07-19 14:01:22,48300.0,300,Sell,224831429
2024-07-19 14:01:22,48300.0,1000,Sell,224831430
2024-07-19 14:01:22,48300.0,400,Sell,224831448
2024-07-19 14:01:24,48300.0,400,Sell,224831529
2024-07-19 14:01:30,48300.0,200,Sell,224831782
2024-07-19 14:01:30,48300.0,600,Sell,224831783
2024-07-19 14:01:37,48300.0,100,Sell,224832025
2024-07-19 14:01:37,48300.0,100,Sell,224832024
2024-07-19 14:01:37,48300.0,2400,Sell,224832022
2024-07-19 14:01:37,48300.0,3200,Sell,224832023
2024-07-19 14:01:44,48300.0,200,Buy,224832234
2024-07-19 14:02:00,48250.0,800,Sell,224832840
2024-07-19 14:02:00,48300.0,500,Buy,224832880
2024-07-19 14:02:01,48300.0,500,Buy,224832927
2024-07-19 14:02:08,48250.0,800,Sell,224833130
2024-07-19 14:02:14,48250.0,5900,Sell,224833447
2024-07-19 14:02:14,48200.0,2000,Sell,224833448
2024-07-19 14:02:14,48150.0,200,Sell,224833449
2024-07-19 14:02:14,48150.0,1000,Sell,224833450
2024-07-19 14:02:14,48150.0,2000,Sell,224833451
2024-07-19 14:02:14,48100.0,1000,Sell,224833452
2024-07-19 14:02:14,48050.0,300,Sell,224833460
2024-07-19 14:02:14,48100.0,1000,Sell,224833454
2024-07-19 14:02:14,48100.0,100,Sell,224833455
2024-07-19 14:02:14,48050.0,400,Sell,224833456
2024-07-19 14:02:14,48050.0,1000,Sell,224833457
2024-07-19 14:02:14,48050.0,2000,Sell,224833458
2024-07-19 14:02:14,48050.0,1000,Sell,224833459
2024-07-19 14:02:14,48100.0,100,Sell,224833453
2024-07-19 14:02:33,48050.0,200,Sell,224834260
2024-07-19 14:02:33,48050.0,200,Sell,224834259
2024-07-19 14:02:41,48100.0,300,Sell,224835012
2024-07-19 14:02:41,48050.0,2700,Sell,224835013
2024-07-19 14:02:45,48050.0,200,Sell,224835159
2024-07-19 14:02:52,48100.0,5000,Sell,224835377
2024-07-19 14:02:52,48050.0,12100,Sell,224835382
2024-07-19 14:02:52,48050.0,900,Sell,224835383
2024-07-19 14:02:52,48050.0,2000,Sell,224835384
2024-07-19 14:02:58,48000.0,1100,Sell,224835613
2024-07-19 14:02:58,48000.0,1500,Sell,224835604
2024-07-19 14:02:58,48000.0,200,Sell,224835611
2024-07-19 14:02:58,48000.0,100,Sell,224835610
2024-07-19 14:02:58,48000.0,1000,Sell,224835609
2024-07-19 14:02:58,48000.0,100,Sell,224835608
2024-07-19 14:02:58,48000.0,500,Sell,224835607
2024-07-19 14:02:58,48000.0,100,Sell,224835606
2024-07-19 14:02:58,48000.0,200,Sell,224835605
2024-07-19 14:02:58,48000.0,500,Sell,224835612
2024-07-19 14:02:58,48000.0,5000,Sell,224835603
2024-07-19 14:02:58,48000.0,1000,Sell,224835601
2024-07-19 14:02:58,48050.0,3000,Sell,224835593
2024-07-19 14:02:58,48050.0,1000,Sell,224835594
2024-07-19 14:02:58,48050.0,100,Sell,224835595
2024-07-19 14:02:58,48050.0,100,Sell,224835596
2024-07-19 14:02:58,48000.0,100,Sell,224835602
2024-07-19 14:02:58,48050.0,3000,Sell,224835598
2024-07-19 14:02:58,48050.0,5200,Sell,224835599
2024-07-19 14:02:58,48000.0,1000,Sell,224835600
2024-07-19 14:02:58,48050.0,200,Sell,224835597
2024-07-19 14:03:08,48000.0,1000,Sell,224835992
2024-07-19 14:03:28,48050.0,500,Sell,224836804
2024-07-19 14:03:42,48050.0,800,Sell,224837262
2024-07-19 14:03:42,48050.0,200,Sell,224837263
2024-07-19 14:03:46,48100.0,100,Buy,224837383
2024-07-19 14:04:04,48000.0,29800,Sell,224838011
2024-07-19 14:04:04,48000.0,300,Sell,224838010
2024-07-19 14:04:04,48000.0,200,Sell,224838009
2024-07-19 14:04:04,48000.0,300,Sell,224838008
2024-07-19 14:04:04,48000.0,1000,Sell,224838007
2024-07-19 14:04:04,48000.0,100,Sell,224838006
2024-07-19 14:04:04,48000.0,500,Sell,224838004
2024-07-19 14:04:04,48000.0,500,Sell,224838003
2024-07-19 14:04:04,48000.0,1800,Sell,224838002
2024-07-19 14:04:04,48050.0,1500,Sell,224838000
2024-07-19 14:04:04,48050.0,5000,Sell,224837999
2024-07-19 14:04:04,48050.0,800,Sell,224837998
2024-07-19 14:04:04,48000.0,100,Sell,224838005
2024-07-19 14:04:04,48050.0,100,Sell,224838001
2024-07-19 14:04:05,48200.0,300,Buy,224838027
2024-07-19 14:04:06,48200.0,100,Buy,224838056
2024-07-19 14:04:23,48100.0,200,Sell,224838496
2024-07-19 14:04:23,48100.0,100,Sell,224838497
2024-07-19 14:04:23,48000.0,8100,Sell,224838498
2024-07-19 14:05:14,48100.0,10000,Sell,224840157
2024-07-19 14:05:28,48100.0,400,Sell,224840661
2024-07-19 14:05:31,48100.0,4000,Sell,224840810
2024-07-19 14:05:40,48100.0,400,Sell,224841295
2024-07-19 14:05:50,48150.0,900,Buy,224841593
2024-07-19 14:05:50,48150.0,100,Buy,224841573
2024-07-19 14:05:50,48150.0,100,Buy,224841591
2024-07-19 14:05:50,48150.0,500,Buy,224841592
2024-07-19 14:05:53,48100.0,1200,Sell,224841678
2024-07-19 14:05:53,48100.0,200,Sell,224841679
2024-07-19 14:05:53,48100.0,300,Sell,224841680
2024-07-19 14:05:57,48100.0,300,Buy,224841787
2024-07-19 14:06:15,48100.0,200,Sell,224842284
2024-07-19 14:06:15,48100.0,700,Sell,224842282
2024-07-19 14:06:15,48100.0,100,Sell,224842283
2024-07-19 14:06:21,48100.0,100,Sell,224842412
2024-07-19 14:06:21,48100.0,100,Sell,224842413
2024-07-19 14:06:21,48100.0,100,Sell,224842414
2024-07-19 14:06:21,48100.0,300,Sell,224842411
2024-07-19 14:06:22,48100.0,100,Buy,224842436
2024-07-19 14:06:36,48000.0,7200,Sell,224842953
2024-07-19 14:06:36,48050.0,100,Sell,224842950
2024-07-19 14:06:36,48050.0,400,Sell,224842951
2024-07-19 14:06:36,48050.0,300,Sell,224842952
2024-07-19 14:06:47,48000.0,500,Sell,224843343
2024-07-19 14:06:55,48050.0,100,Sell,224843609
2024-07-19 14:06:59,48050.0,600,Sell,224843831
2024-07-19 14:06:59,48000.0,500,Sell,224843832
2024-07-19 14:07:10,48050.0,500,Sell,224844260
2024-07-19 14:07:10,48000.0,1000,Sell,224844261
2024-07-19 14:07:15,48000.0,100,Sell,224844552
2024-07-19 14:07:15,48000.0,3000,Sell,224844553
2024-07-19 14:07:15,48000.0,100,Sell,224844551
2024-07-19 14:07:15,48000.0,200,Sell,224844554
2024-07-19 14:07:15,48000.0,1000,Sell,224844555
2024-07-19 14:07:15,48000.0,100,Sell,224844556
2024-07-19 14:07:15,48000.0,300,Sell,224844559
2024-07-19 14:07:15,48000.0,100,Sell,224844558
2024-07-19 14:07:15,48000.0,2000,Sell,224844560
2024-07-19 14:07:15,48000.0,500,Sell,224844561
2024-07-19 14:07:15,48000.0,500,Sell,224844562
2024-07-19 14:07:15,48000.0,100,Sell,224844563
2024-07-19 14:07:15,48000.0,100,Sell,224844564
2024-07-19 14:07:15,48000.0,500,Sell,224844557
2024-07-19 14:07:15,48000.0,1000,Sell,224844550
2024-07-19 14:07:15,48000.0,5000,Sell,224844545
2024-07-19 14:07:15,48000.0,500,Sell,224844548
2024-07-19 14:07:15,48000.0,100,Sell,224844547
2024-07-19 14:07:15,48000.0,3000,Sell,224844546
2024-07-19 14:07:15,48000.0,100,Sell,224844544
2024-07-19 14:07:15,48000.0,100,Sell,224844543
2024-07-19 14:07:15,48000.0,500,Sell,224844542
2024-07-19 14:07:15,48000.0,1600,Sell,224844541
2024-07-19 14:07:15,48000.0,100,Sell,224844540
2024-07-19 14:07:15,48000.0,2000,Sell,224844539
2024-07-19 14:07:15,48000.0,500,Sell,224844538
2024-07-19 14:07:15,48000.0,300,Sell,224844537
2024-07-19 14:07:15,48000.0,100,Sell,224844536
2024-07-19 14:07:15,48000.0,200,Sell,224844535
2024-07-19 14:07:15,48000.0,2900,Sell,224844534
2024-07-19 14:07:15,48000.0,400,Sell,224844549
2024-07-19 14:07:18,48000.0,400,Sell,224844629
2024-07-19 14:07:18,48000.0,1800,Sell,224844628
2024-07-19 14:07:19,47950.0,400,Sell,224844682
2024-07-19 14:07:21,48000.0,100,Buy,224844781
2024-07-19 14:07:26,47950.0,400,Sell,224845092
2024-07-19 14:07:34,47950.0,400,Sell,224845523
2024-07-19 14:07:51,47950.0,400,Sell,224846698
2024-07-19 14:07:58,47950.0,400,Sell,224847238
2024-07-19 14:08:03,47950.0,100,Sell,224847684
2024-07-19 14:08:03,47950.0,200,Sell,224847685
2024-07-19 14:08:03,47950.0,200,Sell,224847686
2024-07-19 14:08:03,47950.0,4500,Sell,224847687
2024-07-19 14:08:08,47950.0,500,Sell,224848942
2024-07-19 14:08:08,47950.0,2500,Sell,224848943
2024-07-19 14:08:09,47950.0,900,Sell,224849092
2024-07-19 14:08:09,47950.0,100,Sell,224849091
2024-07-19 14:08:09,47950.0,100,Sell,224849089
2024-07-19 14:08:09,47950.0,5000,Sell,224849090
2024-07-19 14:08:09,47950.0,200,Sell,224849087
2024-07-19 14:08:09,47950.0,1500,Sell,224849085
2024-07-19 14:08:09,47950.0,1000,Sell,224849088
2024-07-19 14:08:09,47950.0,100,Sell,224849086
2024-07-19 14:08:23,47950.0,200,Buy,224851007
2024-07-19 14:08:29,47900.0,1000,Sell,224851451
2024-07-19 14:08:29,47900.0,1000,Sell,224851452
2024-07-19 14:08:29,47900.0,5000,Sell,224851453
2024-07-19 14:08:29,47900.0,1000,Sell,224851454
2024-07-19 14:08:29,47900.0,1000,Sell,224851455
2024-07-19 14:08:29,47900.0,100,Sell,224851512
2024-07-19 14:08:29,47900.0,100,Sell,224851513
2024-07-19 14:08:29,47900.0,800,Sell,224851514
2024-07-19 14:08:29,47900.0,1000,Sell,224851450
2024-07-19 14:08:30,47900.0,200,Sell,224851622
2024-07-19 14:08:30,47850.0,400,Sell,224851623
2024-07-19 14:08:30,47850.0,300,Sell,224851624
2024-07-19 14:08:30,47850.0,100,Sell,224851625
2024-07-19 14:08:43,47950.0,900,Buy,224852660
2024-07-19 14:08:43,47950.0,1100,Buy,224852661
2024-07-19 14:08:49,47850.0,100,Sell,224853023
2024-07-19 14:08:51,47950.0,5800,Buy,224853272
2024-07-19 14:08:51,47950.0,600,Buy,224853271
2024-07-19 14:08:53,47950.0,400,Sell,224853588
2024-07-19 14:08:54,47950.0,200,Sell,224853745
2024-07-19 14:09:09,47950.0,500,Sell,224855311
2024-07-19 14:09:12,47950.0,400,Sell,224855727
2024-07-19 14:09:21,47950.0,400,Sell,224856644
2024-07-19 14:09:23,47950.0,1000,Sell,224856873
2024-07-19 14:09:26,47950.0,2000,Sell,224857131
2024-07-19 14:09:26,47950.0,1000,Sell,224857149
2024-07-19 14:09:33,48000.0,500,Buy,224857968
2024-07-19 14:09:35,47950.0,400,Sell,224858154
2024-07-19 14:09:41,47950.0,100,Sell,224858831
2024-07-19 14:09:41,47950.0,100,Sell,224858830
2024-07-19 14:09:41,47950.0,200,Sell,224858829
2024-07-19 14:09:41,47950.0,5000,Sell,224858827
2024-07-19 14:09:41,47950.0,100,Sell,224858826
2024-07-19 14:09:41,47950.0,1800,Sell,224858828
2024-07-19 14:09:41,47950.0,2100,Sell,224858825
2024-07-19 14:09:44,47900.0,2000,Buy,224859088
2024-07-19 14:09:45,47900.0,1000,Buy,224859234
2024-07-19 14:09:49,47850.0,300,Sell,224859790
2024-07-19 14:09:49,47850.0,100,Sell,224859791
2024-07-19 14:09:53,47900.0,1000,Buy,224860616
2024-07-19 14:10:01,47850.0,100,Sell,224861638
2024-07-19 14:10:02,47850.0,400,Sell,224861807
2024-07-19 14:10:06,47850.0,300,Sell,224862462
2024-07-19 14:10:06,47850.0,100,Sell,224862458
2024-07-19 14:10:06,47850.0,100,Sell,224862461
2024-07-19 14:10:08,47850.0,200,Sell,224862552
2024-07-19 14:10:12,47850.0,100,Sell,224863055
2024-07-19 14:10:13,47900.0,1000,Buy,224863145
2024-07-19 14:10:13,47900.0,100,Buy,224863143
2024-07-19 14:10:13,47900.0,500,Buy,224863144
2024-07-19 14:10:20,47900.0,400,Sell,224864036
2024-07-19 14:10:23,47800.0,100,Sell,224864348
2024-07-19 14:10:23,47800.0,400,Sell,224864349
2024-07-19 14:10:23,47800.0,500,Sell,224864350
2024-07-19 14:10:23,47800.0,100,Sell,224864351
2024-07-19 14:10:23,47800.0,300,Sell,224864352
2024-07-19 14:10:23,47800.0,300,Sell,224864347
2024-07-19 14:10:23,47750.0,200,Sell,224864354
2024-07-19 14:10:23,47750.0,100,Sell,224864357
2024-07-19 14:10:23,47750.0,300,Sell,224864358
2024-07-19 14:10:23,47750.0,6900,Sell,224864359
2024-07-19 14:10:23,47750.0,100,Sell,224864353
2024-07-19 14:10:23,47800.0,100,Sell,224864346
2024-07-19 14:10:23,47750.0,100,Sell,224864356
2024-07-19 14:10:23,47800.0,100,Sell,224864344
2024-07-19 14:10:23,47800.0,100,Sell,224864345
2024-07-19 14:10:23,47850.0,900,Sell,224864333
2024-07-19 14:10:23,47850.0,100,Sell,224864334
2024-07-19 14:10:23,47800.0,500,Sell,224864335
2024-07-19 14:10:23,47800.0,100,Sell,224864336
2024-07-19 14:10:23,47800.0,300,Sell,224864337
2024-07-19 14:10:23,47750.0,100,Sell,224864355
2024-07-19 14:10:23,47800.0,1900,Sell,224864338
2024-07-19 14:10:23,47800.0,100,Sell,224864339
2024-07-19 14:10:23,47800.0,2000,Sell,224864340
2024-07-19 14:10:23,47800.0,200,Sell,224864341
2024-07-19 14:10:23,47800.0,100,Sell,224864342
2024-07-19 14:10:23,47800.0,2000,Sell,224864343
2024-07-19 14:10:24,47750.0,1000,Sell,224864460
2024-07-19 14:10:25,47750.0,100,Sell,224864594
2024-07-19 14:10:28,47850.0,500,Buy,224864804
2024-07-19 14:10:32,47800.0,100,Sell,224865255
2024-07-19 14:10:34,47700.0,200,Sell,224865404
2024-07-19 14:10:34,47700.0,1000,Sell,224865405
2024-07-19 14:10:34,47700.0,300,Sell,224865406
2024-07-19 14:10:34,47700.0,200,Sell,224865407
2024-07-19 14:10:34,47650.0,1300,Sell,224865408
2024-07-19 14:10:34,47750.0,500,Sell,224865403
2024-07-19 14:10:37,47600.0,200,Sell,224865776
2024-07-19 14:10:37,47600.0,3000,Sell,224865775
2024-07-19 14:10:37,47600.0,2000,Sell,224865774
2024-07-19 14:10:37,47600.0,1300,Sell,224865773
2024-07-19 14:10:37,47650.0,100,Sell,224865772
2024-07-19 14:10:37,47650.0,6700,Sell,224865771
2024-07-19 14:10:44,47600.0,500,Buy,224866628
2024-07-19 14:10:46,47550.0,300,Sell,224866822
2024-07-19 14:10:46,47550.0,100,Sell,224866823
2024-07-19 14:10:46,47550.0,100,Sell,224866824
2024-07-19 14:10:46,47550.0,1000,Sell,224866825
2024-07-19 14:10:46,47550.0,200,Sell,224866826
2024-07-19 14:10:46,47550.0,4300,Sell,224866827
2024-07-19 14:10:49,47550.0,500,Sell,224867215
2024-07-19 14:10:51,47550.0,500,Sell,224867621
2024-07-19 14:10:59,47550.0,100,Sell,224868331
2024-07-19 14:11:00,47550.0,600,Sell,224868489
2024-07-19 14:11:00,47550.0,100,Sell,224868490
2024-07-19 14:11:00,47550.0,200,Sell,224868492
2024-07-19 14:11:00,47800.0,2000,Buy,224868493
2024-07-19 14:11:00,47550.0,100,Sell,224868491
2024-07-19 14:11:13,47550.0,100,Sell,224870953
2024-07-19 14:11:13,47550.0,300,Sell,224870952
2024-07-19 14:11:13,47600.0,400,Sell,224870951
2024-07-19 14:11:18,47600.0,400,Sell,224871606
2024-07-19 14:11:18,47600.0,500,Sell,224871607
2024-07-19 14:11:18,47550.0,100,Sell,224871608
2024-07-19 14:11:24,47550.0,400,Sell,224872369
2024-07-19 14:11:24,47550.0,300,Sell,224872370
2024-07-19 14:11:24,47550.0,100,Sell,224872371
2024-07-19 14:11:24,47550.0,100,Sell,224872372
2024-07-19 14:11:24,47550.0,100,Sell,224872373
2024-07-19 14:11:28,47500.0,500,Sell,224872889
2024-07-19 14:11:28,47500.0,100,Sell,224872888
2024-07-19 14:11:28,47500.0,1000,Sell,224872887
2024-07-19 14:11:28,47500.0,500,Sell,224872886
2024-07-19 14:11:28,47500.0,1100,Sell,224872890
2024-07-19 14:11:28,47500.0,100,Sell,224872884
2024-07-19 14:11:28,47500.0,500,Sell,224872883
2024-07-19 14:11:28,47500.0,400,Sell,224872882
2024-07-19 14:11:28,47500.0,1000,Sell,224872881
2024-07-19 14:11:28,47500.0,300,Sell,224872880
2024-07-19 14:11:28,47500.0,2000,Sell,224872885
2024-07-19 14:11:29,47500.0,100,Sell,224873009
2024-07-19 14:11:32,47600.0,1000,Buy,224873249
2024-07-19 14:11:32,47800.0,2000,Buy,224873250
2024-07-19 14:11:32,47800.0,100,Buy,224873251
2024-07-19 14:11:37,47850.0,2000,Buy,224873774
2024-07-19 14:11:38,47800.0,100,Sell,224873840
2024-07-19 14:11:45,47850.0,100,Buy,224874671
2024-07-19 14:11:57,47800.0,3300,Sell,224875699
2024-07-19 14:11:58,47800.0,100,Buy,224875775
2024-07-19 14:12:03,47800.0,400,Buy,224876113
2024-07-19 14:12:03,47850.0,7400,Buy,224876114
2024-07-19 14:12:06,47850.0,100,Sell,224876365
2024-07-19 14:12:09,47900.0,100,Buy,224876679
2024-07-19 14:12:10,47900.0,1100,Buy,224876746
2024-07-19 14:12:10,47900.0,900,Buy,224876747
2024-07-19 14:12:13,47900.0,1000,Buy,224876918
2024-07-19 14:12:13,47850.0,1000,Sell,224876948
2024-07-19 14:12:15,47850.0,2500,Sell,224877016
2024-07-19 14:12:16,47850.0,500,Sell,224877077
2024-07-19 14:12:18,47900.0,100,Buy,224877225
2024-07-19 14:12:29,48000.0,100,Buy,224878217
2024-07-19 14:12:29,48000.0,400,Buy,224878220
2024-07-19 14:12:29,47950.0,1000,Buy,224878216
2024-07-19 14:12:29,48000.0,100,Buy,224878218
2024-07-19 14:12:29,48000.0,300,Buy,224878219
2024-07-19 14:12:34,48000.0,100,Sell,224878607
2024-07-19 14:12:46,47950.0,1000,Sell,224879640
2024-07-19 14:12:47,48000.0,400,Buy,224879753
2024-07-19 14:12:49,47950.0,1000,Sell,224879875
2024-07-19 14:12:49,47900.0,800,Sell,224879876
2024-07-19 14:12:49,47900.0,200,Sell,224879877
2024-07-19 14:12:58,47850.0,300,Sell,224880467
2024-07-19 14:12:58,47900.0,700,Sell,224880465
2024-07-19 14:12:58,47900.0,300,Sell,224880466
2024-07-19 14:12:59,48000.0,500,Buy,224880521
2024-07-19 14:13:00,48000.0,100,Sell,224880628
2024-07-19 14:13:01,48000.0,400,Sell,224880691
2024-07-19 14:13:11,48000.0,100,Buy,224881328
2024-07-19 14:13:13,48000.0,200,Buy,224881426
2024-07-19 14:13:23,48000.0,1000,Buy,224882286
2024-07-19 14:13:25,48000.0,200,Buy,224882378
2024-07-19 14:13:27,48000.0,300,Buy,224882596
2024-07-19 14:13:31,47950.0,400,Sell,224882764
2024-07-19 14:13:39,48100.0,1000,Buy,224883313
2024-07-19 14:13:39,48000.0,1000,Sell,224883312
2024-07-19 14:14:01,48100.0,100,Buy,224884603
2024-07-19 14:14:08,48100.0,200,Buy,224885065
2024-07-19 14:14:09,48100.0,1700,Buy,224885135
2024-07-19 14:14:09,48100.0,100,Buy,224885136
2024-07-19 14:14:14,48150.0,300,Buy,224885554
2024-07-19 14:14:14,48150.0,1000,Buy,224885555
2024-07-19 14:14:24,48150.0,700,Sell,224886140
2024-07-19 14:14:25,48150.0,5000,Buy,224886161
2024-07-19 14:14:25,48150.0,2000,Buy,224886167
2024-07-19 14:14:26,48150.0,2000,Buy,224886184
2024-07-19 14:14:40,48150.0,300,Buy,224887195
2024-07-19 14:14:40,48150.0,300,Buy,224887196
2024-07-19 14:14:50,48000.0,600,Sell,224887632
2024-07-19 14:14:50,48050.0,500,Sell,224887631
2024-07-19 14:14:50,48050.0,400,Sell,224887630
2024-07-19 14:14:50,48100.0,100,Sell,224887628
2024-07-19 14:14:50,48100.0,400,Sell,224887627
2024-07-19 14:14:50,48100.0,200,Sell,224887629
2024-07-19 14:14:50,48100.0,1200,Sell,224887626
2024-07-19 14:14:54,48000.0,800,Sell,224887919
2024-07-19 14:14:54,48000.0,200,Sell,224887920
2024-07-19 14:14:54,48000.0,400,Sell,224887918
2024-07-19 14:15:04,48000.0,2000,Buy,224888363
2024-07-19 14:15:06,48000.0,100,Buy,224888444
2024-07-19 14:15:13,47950.0,800,Sell,224888808
2024-07-19 14:15:13,47950.0,100,Sell,224888809
2024-07-19 14:15:13,47950.0,300,Sell,224888810
2024-07-19 14:15:13,47950.0,200,Sell,224888811
2024-07-19 14:15:13,47950.0,400,Sell,224888812
2024-07-19 14:15:13,47950.0,1000,Sell,224888813
2024-07-19 14:15:20,47950.0,300,Buy,224889102
2024-07-19 14:15:24,47950.0,500,Buy,224889252
2024-07-19 14:15:24,47900.0,1000,Sell,224889253
2024-07-19 14:15:38,47900.0,2000,Sell,224889965
2024-07-19 14:15:44,47900.0,1500,Sell,224890216
2024-07-19 14:15:44,47900.0,3000,Sell,224890217
2024-07-19 14:15:44,47900.0,900,Sell,224890218
2024-07-19 14:15:44,47950.0,1000,Buy,224890190
2024-07-19 14:15:59,47950.0,400,Buy,224890834
2024-07-19 14:15:59,47950.0,100,Buy,224890835
2024-07-19 14:16:03,47950.0,200,Buy,224890972
2024-07-19 14:16:12,47900.0,100,Sell,224891420
2024-07-19 14:16:12,47900.0,900,Sell,224891421
2024-07-19 14:16:13,47900.0,400,Sell,224891463
2024-07-19 14:16:19,47900.0,6900,Sell,224891720
2024-07-19 14:16:20,47900.0,1800,Sell,224891758
2024-07-19 14:16:20,47900.0,8200,Sell,224891759
2024-07-19 14:16:22,47900.0,1800,Sell,224891888
2024-07-19 14:16:31,47900.0,500,Buy,224892333
2024-07-19 14:16:40,47900.0,200,Buy,224892668
2024-07-19 14:16:48,47850.0,300,Sell,224892916
2024-07-19 14:16:48,47850.0,100,Sell,224892915
2024-07-19 14:16:49,47900.0,200,Buy,224892956
2024-07-19 14:16:51,47900.0,1000,Buy,224893051
2024-07-19 14:16:52,47850.0,500,Sell,224893097
2024-07-19 14:17:04,47850.0,200,Sell,224893597
2024-07-19 14:17:04,47850.0,500,Sell,224893598
2024-07-19 14:17:04,47850.0,100,Sell,224893599
2024-07-19 14:17:04,47850.0,100,Sell,224893600
2024-07-19 14:17:04,47850.0,100,Sell,224893601
2024-07-19 14:17:07,47850.0,500,Buy,224893699
2024-07-19 14:17:10,47850.0,500,Sell,224893823
2024-07-19 14:17:18,47800.0,3000,Sell,224894163
2024-07-19 14:17:18,47800.0,700,Sell,224894162
2024-07-19 14:17:18,47800.0,1000,Sell,224894161
2024-07-19 14:17:18,47800.0,1900,Sell,224894165
2024-07-19 14:17:18,47800.0,100,Sell,224894158
2024-07-19 14:17:18,47800.0,2000,Sell,224894160
2024-07-19 14:17:18,47850.0,700,Sell,224894156
2024-07-19 14:17:18,47800.0,100,Sell,224894164
2024-07-19 14:17:18,47800.0,500,Sell,224894157
2024-07-19 14:17:30,47800.0,3100,Sell,224894585
2024-07-19 14:17:30,47800.0,100,Sell,224894586
2024-07-19 14:17:30,47800.0,2000,Sell,224894587
2024-07-19 14:17:30,47800.0,1000,Sell,224894588
2024-07-19 14:17:30,47800.0,500,Sell,224894589
2024-07-19 14:17:30,47700.0,100,Sell,224894591
2024-07-19 14:17:30,47700.0,500,Sell,224894592
2024-07-19 14:17:30,47700.0,1500,Sell,224894593
2024-07-19 14:17:30,47650.0,100,Sell,224894594
2024-07-19 14:17:30,47650.0,1000,Sell,224894595
2024-07-19 14:17:30,47750.0,100,Sell,224894590
2024-07-19 14:17:33,47900.0,1000,Buy,224894672
2024-07-19 14:17:37,47800.0,100,Buy,224894832
2024-07-19 14:17:41,47800.0,100,Buy,224894952
2024-07-19 14:17:43,47800.0,400,Sell,224895045
2024-07-19 14:17:46,47900.0,600,Buy,224895154
2024-07-19 14:17:46,47800.0,200,Buy,224895153
2024-07-19 14:17:55,47800.0,500,Buy,224895655
2024-07-19 14:17:56,47800.0,500,Buy,224895670
2024-07-19 14:18:18,47750.0,100,Sell,224896588
2024-07-19 14:18:18,47850.0,100,Sell,224896586
2024-07-19 14:18:18,47800.0,200,Sell,224896587
2024-07-19 14:18:24,47800.0,100,Buy,224896894
2024-07-19 14:18:24,47900.0,700,Buy,224896895
2024-07-19 14:18:34,47850.0,100,Sell,224897358
2024-07-19 14:18:34,47750.0,100,Sell,224897359
2024-07-19 14:18:34,47750.0,1600,Sell,224897360
2024-07-19 14:18:52,47750.0,100,Sell,224898334
2024-07-19 14:18:52,47750.0,100,Sell,224898335
2024-07-19 14:18:52,47750.0,100,Sell,224898336
2024-07-19 14:18:52,47750.0,200,Sell,224898337
2024-07-19 14:18:52,47750.0,1000,Sell,224898333
2024-07-19 14:18:59,47750.0,400,Sell,224898619
2024-07-19 14:18:59,47750.0,100,Sell,224898610
2024-07-19 14:18:59,47750.0,600,Sell,224898618
2024-07-19 14:19:09,47800.0,100,Sell,224899021
2024-07-19 14:19:17,47800.0,500,Buy,224899405
2024-07-19 14:19:36,47800.0,100,Buy,224900282
2024-07-19 14:19:37,47800.0,100,Buy,224900358
2024-07-19 14:19:38,47800.0,700,Buy,224900378
2024-07-19 14:19:38,47800.0,300,Buy,224900379
2024-07-19 14:19:40,47800.0,100,Buy,224900471
2024-07-19 14:19:45,47800.0,100,Buy,224900665
2024-07-19 14:19:48,47800.0,1100,Buy,224900763
2024-07-19 14:19:58,47850.0,100,Buy,224901266
