time,price,volume,match_type,id
2024-08-23 09:14:37,50200.0,5300,ATO/ATC,234118918
2024-08-23 09:14:48,50200.0,500,Buy,234119292
2024-08-23 09:16:00,50200.0,400,Sell,234120772
2024-08-23 09:16:07,50200.0,400,Sell,234120935
2024-08-23 09:17:10,50200.0,100,Sell,234122465
2024-08-23 09:17:18,50200.0,900,Sell,234122691
2024-08-23 09:17:18,50200.0,100,Sell,234122690
2024-08-23 09:17:18,50200.0,1600,Sell,234122686
2024-08-23 09:17:18,50200.0,900,Sell,234122688
2024-08-23 09:17:18,50200.0,500,Sell,234122689
2024-08-23 09:17:18,50200.0,1000,Sell,234122687
2024-08-23 09:17:26,50300.0,300,Buy,234122979
2024-08-23 09:17:26,50300.0,200,Buy,234122976
2024-08-23 09:17:26,50300.0,300,Buy,234122977
2024-08-23 09:17:26,50300.0,200,Buy,234122978
2024-08-23 09:17:27,50200.0,100,Sell,234123023
2024-08-23 09:17:27,50200.0,400,Sell,234123024
2024-08-23 09:17:27,50200.0,200,Sell,234123032
2024-08-23 09:18:33,50200.0,200,Sell,234124851
2024-08-23 09:18:33,50200.0,700,Sell,234124852
2024-08-23 09:18:52,50200.0,100,Sell,234125374
2024-08-23 09:19:01,50200.0,100,Sell,234125598
2024-08-23 09:19:01,50200.0,100,Sell,234125597
2024-08-23 09:19:11,50200.0,300,Sell,234125902
2024-08-23 09:19:11,50200.0,900,Sell,234125901
2024-08-23 09:19:17,50200.0,700,Sell,234126060
2024-08-23 09:19:17,50200.0,1000,Sell,234126061
2024-08-23 09:19:17,50200.0,300,Sell,234126062
2024-08-23 09:19:22,50200.0,500,Sell,234126201
2024-08-23 09:20:10,50200.0,100,Buy,234127349
2024-08-23 09:20:22,50200.0,400,Buy,234127647
2024-08-23 09:20:22,50200.0,500,Buy,234127648
2024-08-23 09:20:46,50200.0,100,Buy,234128218
2024-08-23 09:21:00,50200.0,1000,Buy,234128605
2024-08-23 09:21:00,50200.0,500,Buy,234128602
2024-08-23 09:21:00,50200.0,500,Buy,234128603
2024-08-23 09:21:23,50100.0,100,Sell,234129236
2024-08-23 09:21:28,50100.0,100,Sell,234129356
2024-08-23 09:21:30,50200.0,1000,Buy,234129425
2024-08-23 09:21:30,50200.0,500,Buy,234129426
2024-08-23 09:21:30,50200.0,100,Buy,234129427
2024-08-23 09:21:30,50200.0,300,Buy,234129428
2024-08-23 09:21:30,50200.0,500,Buy,234129429
2024-08-23 09:21:44,50200.0,1500,Sell,234129798
2024-08-23 09:21:53,50200.0,1000,Sell,234130022
2024-08-23 09:22:13,50200.0,100,Sell,234130477
2024-08-23 09:22:13,50200.0,400,Sell,234130478
2024-08-23 09:22:33,50200.0,100,Sell,234130970
2024-08-23 09:22:33,50200.0,400,Sell,234130969
2024-08-23 09:22:45,50300.0,400,Buy,234131265
2024-08-23 09:23:00,50300.0,100,Buy,234131643
2024-08-23 09:23:00,50300.0,100,Buy,234131644
2024-08-23 09:23:16,50300.0,400,Buy,234132057
2024-08-23 09:23:16,50300.0,100,Buy,234132058
2024-08-23 09:23:16,50300.0,100,Buy,234132067
2024-08-23 09:23:29,50300.0,100,Sell,234132356
2024-08-23 09:23:38,50300.0,1000,Sell,234132585
2024-08-23 09:23:45,50400.0,200,Buy,234132744
2024-08-23 09:23:48,50300.0,900,Sell,234132844
2024-08-23 09:23:48,50300.0,1100,Sell,234132845
2024-08-23 09:23:51,50400.0,100,Buy,234132956
2024-08-23 09:23:55,50400.0,800,Buy,234133035
2024-08-23 09:24:04,50400.0,1500,Buy,234133272
2024-08-23 09:24:22,50400.0,200,Sell,234133719
2024-08-23 09:24:50,50500.0,100,Buy,234134324
2024-08-23 09:24:50,50400.0,200,Sell,234134333
2024-08-23 09:24:50,50500.0,100,Buy,234134323
2024-08-23 09:25:15,50500.0,600,Buy,234134956
2024-08-23 09:25:15,50500.0,500,Buy,234134957
2024-08-23 09:25:15,50500.0,100,Buy,234134958
2024-08-23 09:25:15,50500.0,200,Buy,234134959
2024-08-23 09:25:15,50500.0,100,Buy,234134960
2024-08-23 09:25:15,50500.0,300,Buy,234134961
2024-08-23 09:25:15,50500.0,200,Buy,234134962
2024-08-23 09:25:15,50500.0,100,Buy,234134984
2024-08-23 09:25:16,50500.0,400,Buy,234135000
2024-08-23 09:25:16,50500.0,2000,Buy,234134998
2024-08-23 09:25:16,50500.0,100,Buy,234134999
2024-08-23 09:25:18,50400.0,100,Sell,234135046
2024-08-23 09:25:18,50400.0,400,Sell,234135047
2024-08-23 09:25:18,50400.0,1000,Sell,234135048
2024-08-23 09:25:18,50400.0,200,Sell,234135049
2024-08-23 09:25:18,50400.0,300,Sell,234135050
2024-08-23 09:25:54,50500.0,1000,Sell,234136004
2024-08-23 09:25:55,50600.0,100,Buy,234136007
2024-08-23 09:26:04,50600.0,400,Buy,234136290
2024-08-23 09:26:04,50600.0,100,Buy,234136291
2024-08-23 09:26:04,50600.0,400,Buy,234136292
2024-08-23 09:26:25,50600.0,100,Sell,234136872
2024-08-23 09:26:29,50700.0,3700,Buy,234136976
2024-08-23 09:26:29,50700.0,200,Buy,234136974
2024-08-23 09:26:29,50700.0,100,Buy,234136973
2024-08-23 09:26:29,50700.0,500,Buy,234136975
2024-08-23 09:27:07,50700.0,1300,Buy,234138050
2024-08-23 09:27:07,50700.0,2500,Buy,234138051
2024-08-23 09:27:07,50700.0,100,Buy,234138059
2024-08-23 09:27:26,50700.0,100,Buy,234138607
2024-08-23 09:27:27,50700.0,300,Buy,234138637
2024-08-23 09:27:27,50700.0,400,Buy,234138638
2024-08-23 09:27:27,50700.0,200,Buy,234138639
2024-08-23 09:27:38,50700.0,200,Buy,234139005
2024-08-23 09:27:38,50700.0,800,Buy,234139006
2024-08-23 09:27:42,50700.0,200,Buy,234139128
2024-08-23 09:28:09,50700.0,200,Buy,234139926
2024-08-23 09:28:13,50700.0,500,Buy,234140048
2024-08-23 09:28:13,50700.0,800,Buy,234140026
2024-08-23 09:28:13,50700.0,200,Buy,234140027
2024-08-23 09:28:16,50700.0,2800,Buy,234140148
2024-08-23 09:28:16,50700.0,400,Buy,234140149
2024-08-23 09:28:16,50700.0,200,Buy,234140150
2024-08-23 09:28:16,50800.0,200,Buy,234140151
2024-08-23 09:28:16,50800.0,5000,Buy,234140152
2024-08-23 09:28:16,50800.0,200,Buy,234140153
2024-08-23 09:28:16,50800.0,1000,Buy,234140154
2024-08-23 09:28:16,50800.0,1000,Buy,234140155
2024-08-23 09:28:16,50800.0,100,Buy,234140156
2024-08-23 09:28:16,50800.0,3600,Buy,234140157
2024-08-23 09:28:17,50800.0,20500,Sell,234140188
2024-08-23 09:28:41,50800.0,800,Sell,234140837
2024-08-23 09:29:00,50800.0,1000,Buy,234141429
2024-08-23 09:29:07,50800.0,100,Buy,234141707
2024-08-23 09:29:09,50800.0,1000,Buy,234141780
2024-08-23 09:29:49,50800.0,900,Buy,234143049
2024-08-23 09:30:10,50700.0,200,Sell,234143681
2024-08-23 09:30:10,50700.0,200,Sell,234143680
2024-08-23 09:30:10,50700.0,1000,Sell,234143679
2024-08-23 09:30:10,50700.0,1500,Sell,234143678
2024-08-23 09:30:10,50700.0,2000,Sell,234143672
2024-08-23 09:30:10,50700.0,5000,Sell,234143676
2024-08-23 09:30:10,50700.0,500,Sell,234143675
2024-08-23 09:30:10,50700.0,2500,Sell,234143674
2024-08-23 09:30:10,50700.0,1200,Sell,234143673
2024-08-23 09:30:10,50700.0,300,Sell,234143677
2024-08-23 09:30:25,50700.0,100,Buy,234144142
2024-08-23 09:30:33,50600.0,600,Sell,234144343
2024-08-23 09:30:41,50700.0,900,Buy,234144575
2024-08-23 09:30:41,50700.0,600,Buy,234144573
2024-08-23 09:30:41,50700.0,500,Buy,234144574
2024-08-23 09:30:42,50700.0,600,Buy,234144628
2024-08-23 09:30:58,50600.0,400,Sell,234145102
2024-08-23 09:30:58,50600.0,800,Sell,234145103
2024-08-23 09:30:58,50600.0,300,Sell,234145104
2024-08-23 09:30:58,50600.0,10000,Sell,234145105
2024-08-23 09:30:58,50600.0,300,Sell,234145106
2024-08-23 09:30:58,50600.0,2000,Sell,234145107
2024-08-23 09:31:08,50600.0,300,Sell,234145451
2024-08-23 09:31:09,50600.0,500,Sell,234145469
2024-08-23 09:31:14,50600.0,100,Sell,234145573
2024-08-23 09:31:24,50600.0,100,Sell,234145817
2024-08-23 09:31:26,50600.0,1000,Sell,234145901
2024-08-23 09:31:32,50600.0,300,Sell,234146072
2024-08-23 09:31:33,50600.0,500,Sell,234146093
2024-08-23 09:32:00,50600.0,100,Buy,234146881
2024-08-23 09:32:06,50500.0,200,Sell,234147044
2024-08-23 09:32:06,50500.0,600,Sell,234147045
2024-08-23 09:32:06,50500.0,200,Sell,234147046
2024-08-23 09:32:10,50500.0,100,Sell,234147123
2024-08-23 09:32:15,50500.0,200,Sell,234147270
2024-08-23 09:32:15,50500.0,300,Sell,234147271
2024-08-23 09:32:15,50500.0,100,Sell,234147284
2024-08-23 09:32:46,50600.0,1000,Buy,234148043
2024-08-23 09:32:46,50600.0,400,Buy,234148041
2024-08-23 09:32:46,50600.0,100,Buy,234148042
2024-08-23 09:33:12,50600.0,100,Buy,234148640
2024-08-23 09:33:22,50600.0,800,Buy,234148878
2024-08-23 09:33:24,50500.0,100,Sell,234148913
2024-08-23 09:33:47,50500.0,100,Sell,234149515
2024-08-23 09:33:48,50500.0,200,Sell,234149523
2024-08-23 09:34:23,50500.0,500,Sell,234150242
2024-08-23 09:34:23,50500.0,700,Sell,234150243
2024-08-23 09:34:24,50500.0,1300,Sell,234150252
2024-08-23 09:34:24,50500.0,600,Sell,234150253
2024-08-23 09:34:39,50500.0,400,Sell,234150648
2024-08-23 09:34:40,50500.0,300,Sell,234150741
2024-08-23 09:34:40,50500.0,100,Sell,234150740
2024-08-23 09:34:42,50500.0,400,Sell,234150869
2024-08-23 09:34:45,50500.0,400,Sell,234151003
2024-08-23 09:34:56,50500.0,1900,Sell,234151307
2024-08-23 09:34:56,50500.0,100,Sell,234151308
2024-08-23 09:35:09,50500.0,200,Sell,234151657
2024-08-23 09:35:16,50500.0,400,Sell,234151866
2024-08-23 09:35:16,50500.0,600,Sell,234151865
2024-08-23 09:35:56,50600.0,100,Buy,234152657
2024-08-23 09:36:09,50500.0,400,Sell,234153114
2024-08-23 09:36:28,50500.0,200,Sell,234153604
2024-08-23 09:36:28,50500.0,200,Sell,234153605
2024-08-23 09:36:29,50600.0,100,Buy,234153664
2024-08-23 09:36:45,50500.0,500,Sell,234154075
2024-08-23 09:36:45,50500.0,300,Sell,234154076
2024-08-23 09:37:01,50500.0,3000,Sell,234154463
2024-08-23 09:37:01,50500.0,9200,Sell,234154461
2024-08-23 09:37:01,50500.0,800,Sell,234154462
2024-08-23 09:37:03,50500.0,200,Sell,234154501
2024-08-23 09:37:06,50500.0,700,Sell,234154620
2024-08-23 09:37:06,50500.0,100,Sell,234154621
2024-08-23 09:37:06,50500.0,100,Sell,234154622
2024-08-23 09:37:06,50500.0,900,Sell,234154623
2024-08-23 09:37:14,50400.0,3700,Sell,234154809
2024-08-23 09:37:14,50400.0,900,Sell,234154810
2024-08-23 09:37:14,50400.0,100,Sell,234154811
2024-08-23 09:37:14,50400.0,300,Sell,234154812
2024-08-23 09:37:16,50400.0,400,Sell,234154875
2024-08-23 09:37:33,50400.0,700,Sell,234155304
2024-08-23 09:37:33,50400.0,300,Sell,234155303
2024-08-23 09:37:42,50400.0,500,Sell,234155564
2024-08-23 09:37:43,50400.0,2000,Sell,234155588
2024-08-23 09:37:43,50400.0,1000,Sell,234155590
2024-08-23 09:37:43,50400.0,3800,Sell,234155587
2024-08-23 09:37:43,50400.0,100,Sell,234155589
2024-08-23 09:38:06,50400.0,100,Buy,234156114
2024-08-23 09:38:06,50400.0,400,Buy,234156115
2024-08-23 09:38:06,50400.0,100,Buy,234156116
2024-08-23 09:38:20,50400.0,200,Sell,234156443
2024-08-23 09:39:17,50400.0,900,Buy,234157595
2024-08-23 09:40:27,50400.0,100,Buy,234158810
2024-08-23 09:40:27,50400.0,100,Buy,234158811
2024-08-23 09:40:27,50400.0,400,Buy,234158808
2024-08-23 09:40:27,50400.0,100,Buy,234158807
2024-08-23 09:40:27,50400.0,100,Buy,234158809
2024-08-23 09:41:38,50400.0,400,Buy,234160330
2024-08-23 09:41:38,50400.0,500,Buy,234160331
2024-08-23 09:41:45,50300.0,500,Sell,234160443
2024-08-23 09:41:45,50300.0,1000,Sell,234160444
2024-08-23 09:41:45,50300.0,500,Sell,234160445
2024-08-23 09:41:56,50300.0,1200,Sell,234160764
2024-08-23 09:41:56,50300.0,500,Sell,234160758
2024-08-23 09:41:56,50300.0,2000,Sell,234160759
2024-08-23 09:41:56,50300.0,200,Sell,234160760
2024-08-23 09:41:56,50300.0,400,Sell,234160761
2024-08-23 09:41:56,50300.0,200,Sell,234160762
2024-08-23 09:41:56,50300.0,500,Sell,234160763
2024-08-23 09:42:13,50300.0,400,Sell,234161043
2024-08-23 09:42:23,50300.0,100,Sell,234161208
2024-08-23 09:42:44,50400.0,3000,Buy,234161529
2024-08-23 09:42:49,50400.0,800,Buy,234161608
2024-08-23 09:42:55,50400.0,200,Buy,234161715
2024-08-23 09:43:31,50400.0,200,Buy,234162290
2024-08-23 09:43:31,50400.0,100,Buy,234162291
2024-08-23 09:43:31,50400.0,100,Buy,234162292
2024-08-23 09:43:31,50400.0,100,Buy,234162293
2024-08-23 09:43:31,50400.0,900,Buy,234162294
2024-08-23 09:43:31,50400.0,900,Buy,234162295
2024-08-23 09:43:31,50400.0,200,Buy,234162289
2024-08-23 09:44:00,50400.0,100,Buy,234162907
2024-08-23 09:44:00,50400.0,800,Buy,234162908
2024-08-23 09:44:06,50400.0,3100,Buy,234163002
2024-08-23 09:44:06,50400.0,1000,Buy,234163001
2024-08-23 09:44:06,50400.0,1000,Buy,234163000
2024-08-23 09:44:06,50400.0,700,Buy,234162999
2024-08-23 09:44:06,50400.0,200,Buy,234162998
2024-08-23 09:45:02,50400.0,800,Buy,234164013
2024-08-23 09:45:11,50400.0,800,Buy,234164166
2024-08-23 09:45:33,50300.0,100,Sell,234164631
2024-08-23 09:46:15,50300.0,200,Sell,234165258
2024-08-23 09:46:46,50300.0,200,Sell,234165815
2024-08-23 09:47:47,50300.0,400,Sell,234166895
2024-08-23 09:47:47,50300.0,500,Sell,234166892
2024-08-23 09:47:47,50300.0,100,Sell,234166891
2024-08-23 09:47:47,50300.0,2000,Sell,234166894
2024-08-23 09:47:47,50300.0,100,Sell,234166889
2024-08-23 09:47:47,50300.0,1000,Sell,234166890
2024-08-23 09:47:47,50300.0,800,Sell,234166887
2024-08-23 09:47:47,50300.0,5000,Sell,234166893
2024-08-23 09:47:47,50300.0,100,Sell,234166888
2024-08-23 09:48:53,50300.0,100,Sell,234168153
2024-08-23 09:49:06,50300.0,500,Sell,234168330
2024-08-23 09:49:06,50300.0,500,Sell,234168331
2024-08-23 09:49:06,50300.0,500,Sell,234168332
2024-08-23 09:49:06,50300.0,500,Sell,234168333
2024-08-23 09:49:35,50400.0,300,Buy,234168754
2024-08-23 09:49:35,50400.0,600,Buy,234168755
2024-08-23 09:49:38,50300.0,400,Sell,234168782
2024-08-23 09:49:38,50300.0,300,Sell,234168783
2024-08-23 09:49:38,50300.0,1300,Sell,234168784
2024-08-23 09:50:35,50300.0,400,Sell,234169900
2024-08-23 09:51:47,50400.0,200,Buy,234171043
2024-08-23 09:52:17,50400.0,800,Buy,234171536
2024-08-23 09:53:28,50400.0,900,Buy,234172797
2024-08-23 09:53:51,50400.0,200,Buy,234173291
2024-08-23 09:54:02,50400.0,200,Buy,234173475
2024-08-23 09:54:06,50300.0,100,Sell,234173564
2024-08-23 09:54:58,50300.0,100,Sell,234174647
2024-08-23 09:55:01,50300.0,100,Sell,234174743
2024-08-23 09:55:53,50400.0,100,Buy,234175626
2024-08-23 09:55:53,50400.0,2800,Buy,234175630
2024-08-23 09:55:53,50400.0,400,Buy,234175629
2024-08-23 09:55:53,50400.0,200,Buy,234175628
2024-08-23 09:55:53,50400.0,700,Buy,234175627
2024-08-23 09:55:53,50400.0,600,Buy,234175625
2024-08-23 09:55:53,50400.0,100,Buy,234175623
2024-08-23 09:55:53,50400.0,4400,Buy,234175618
2024-08-23 09:55:53,50400.0,1000,Buy,234175619
2024-08-23 09:55:53,50400.0,400,Buy,234175624
2024-08-23 09:55:53,50400.0,100,Buy,234175621
2024-08-23 09:55:53,50400.0,100,Buy,234175622
2024-08-23 09:55:53,50400.0,100,Buy,234175620
2024-08-23 09:56:16,50400.0,400,Buy,234175975
2024-08-23 09:56:16,50400.0,100,Buy,234175976
2024-08-23 09:56:16,50400.0,100,Buy,234175977
2024-08-23 09:56:16,50400.0,200,Buy,234175978
2024-08-23 09:56:17,50400.0,100,Sell,234176011
2024-08-23 09:56:20,50300.0,3400,Sell,234176060
2024-08-23 09:56:20,50300.0,2000,Sell,234176059
2024-08-23 09:56:20,50300.0,800,Sell,234176058
2024-08-23 09:56:20,50300.0,100,Sell,234176057
2024-08-23 09:56:20,50300.0,500,Sell,234176055
2024-08-23 09:56:20,50300.0,700,Sell,234176054
2024-08-23 09:56:20,50300.0,800,Sell,234176053
2024-08-23 09:56:20,50300.0,500,Sell,234176052
2024-08-23 09:56:20,50400.0,1100,Sell,234176051
2024-08-23 09:56:20,50300.0,100,Sell,234176056
2024-08-23 09:56:41,50500.0,100,Buy,234176448
2024-08-23 09:56:47,50500.0,1700,Buy,234176567
2024-08-23 09:56:47,50500.0,1000,Buy,234176566
2024-08-23 09:56:47,50500.0,300,Buy,234176565
2024-08-23 09:56:47,50500.0,200,Buy,234176563
2024-08-23 09:56:47,50500.0,200,Buy,234176564
2024-08-23 09:56:47,50500.0,1000,Buy,234176561
2024-08-23 09:56:47,50500.0,10100,Buy,234176557
2024-08-23 09:56:47,50500.0,100,Buy,234176558
2024-08-23 09:56:47,50500.0,200,Buy,234176562
2024-08-23 09:56:47,50500.0,100,Buy,234176560
2024-08-23 09:56:47,50500.0,100,Buy,234176559
2024-08-23 09:57:00,50500.0,300,Buy,234176833
2024-08-23 09:57:00,50500.0,500,Buy,234176834
2024-08-23 09:57:31,50500.0,100,Buy,234177451
2024-08-23 09:57:31,50500.0,100,Buy,234177452
2024-08-23 09:57:31,50500.0,100,Buy,234177453
2024-08-23 09:57:31,50500.0,700,Buy,234177454
2024-08-23 09:58:11,50500.0,900,Buy,234178300
2024-08-23 09:58:15,50500.0,100,Buy,234178392
2024-08-23 09:59:12,50500.0,4000,Sell,234179507
2024-08-23 09:59:12,50500.0,100,Buy,234179503
2024-08-23 09:59:12,50500.0,1000,Buy,234179502
2024-08-23 09:59:12,50500.0,1000,Buy,234179500
2024-08-23 09:59:12,50500.0,100,Buy,234179499
2024-08-23 09:59:12,50500.0,500,Buy,234179501
2024-08-23 09:59:12,50500.0,3300,Buy,234179498
2024-08-23 09:59:13,50500.0,3000,Buy,234179536
2024-08-23 09:59:22,50500.0,800,Buy,234179763
2024-08-23 10:00:17,50400.0,1000,Sell,234181212
2024-08-23 10:00:22,50400.0,100,Sell,234181306
2024-08-23 10:00:26,50400.0,2900,Sell,234181449
2024-08-23 10:00:26,50400.0,2100,Sell,234181450
2024-08-23 10:00:55,50400.0,1000,Sell,234182085
2024-08-23 10:01:08,50400.0,900,Sell,234182332
2024-08-23 10:01:08,50400.0,6900,Sell,234182331
2024-08-23 10:01:44,50400.0,800,Buy,234183125
2024-08-23 10:02:11,50400.0,100,Buy,234183887
2024-08-23 10:02:55,50400.0,900,Buy,234185113
2024-08-23 10:03:56,50300.0,100,Sell,234186851
2024-08-23 10:04:13,50300.0,500,Sell,234187371
2024-08-23 10:04:42,50300.0,3900,Sell,234188019
2024-08-23 10:04:59,50300.0,1800,Sell,234188332
2024-08-23 10:05:28,50300.0,300,Sell,234189181
2024-08-23 10:05:28,50300.0,900,Sell,234189182
2024-08-23 10:05:28,50300.0,100,Sell,234189183
2024-08-23 10:05:28,50300.0,500,Sell,234189184
2024-08-23 10:05:39,50300.0,400,Sell,234189389
2024-08-23 10:05:39,50300.0,100,Sell,234189390
2024-08-23 10:05:39,50300.0,500,Sell,234189391
2024-08-23 10:06:11,50300.0,200,Sell,234189965
2024-08-23 10:06:11,50300.0,800,Sell,234189964
2024-08-23 10:07:28,50300.0,200,Sell,234191611
2024-08-23 10:07:58,50300.0,500,Sell,234192333
2024-08-23 10:07:58,50300.0,100,Sell,234192334
2024-08-23 10:07:58,50300.0,300,Sell,234192335
2024-08-23 10:07:58,50300.0,100,Sell,234192336
2024-08-23 10:08:20,50300.0,400,Sell,234192806
2024-08-23 10:08:20,50300.0,100,Sell,234192807
2024-08-23 10:08:45,50300.0,400,Sell,234193409
2024-08-23 10:08:47,50300.0,100,Sell,234193461
2024-08-23 10:09:17,50300.0,100,Sell,234194014
2024-08-23 10:09:17,50300.0,400,Sell,234194015
2024-08-23 10:09:43,50400.0,1500,Buy,234194679
2024-08-23 10:09:43,50400.0,100,Buy,234194678
2024-08-23 10:09:43,50400.0,400,Buy,234194677
2024-08-23 10:09:44,50300.0,100,Sell,234194684
2024-08-23 10:09:44,50300.0,1600,Sell,234194682
2024-08-23 10:09:44,50300.0,300,Sell,234194683
2024-08-23 10:09:49,50300.0,700,Sell,234194776
2024-08-23 10:09:49,50300.0,300,Sell,234194777
2024-08-23 10:11:52,50300.0,4700,Sell,234197710
2024-08-23 10:11:52,50300.0,900,Sell,234197711
2024-08-23 10:11:52,50300.0,1000,Sell,234197712
2024-08-23 10:11:52,50300.0,200,Sell,234197713
2024-08-23 10:11:52,50300.0,800,Sell,234197714
2024-08-23 10:11:52,50300.0,2400,Sell,234197715
2024-08-23 10:12:15,50300.0,200,Sell,234198353
2024-08-23 10:12:54,50300.0,2000,Sell,234199574
2024-08-23 10:13:00,50400.0,1000,Buy,234199712
2024-08-23 10:13:00,50400.0,300,Buy,234199713
2024-08-23 10:13:00,50400.0,3000,Buy,234199714
2024-08-23 10:13:00,50400.0,1500,Buy,234199715
2024-08-23 10:13:00,50400.0,500,Buy,234199710
2024-08-23 10:13:00,50400.0,100,Buy,234199711
2024-08-23 10:13:33,50400.0,800,Buy,234200465
2024-08-23 10:14:24,50400.0,100,Buy,234201625
2024-08-23 10:14:44,50400.0,900,Buy,234202109
2024-08-23 10:15:17,50400.0,500,Buy,234202744
2024-08-23 10:15:38,50400.0,1000,Buy,234203281
2024-08-23 10:15:55,50400.0,400,Buy,234203802
2024-08-23 10:15:55,50400.0,100,Buy,234203801
2024-08-23 10:15:55,50400.0,200,Buy,234203799
2024-08-23 10:15:55,50400.0,100,Buy,234203800
2024-08-23 10:16:01,50400.0,1000,Buy,234203892
2024-08-23 10:16:24,50400.0,600,Buy,234204457
2024-08-23 10:16:24,50400.0,100,Buy,234204458
2024-08-23 10:16:48,50400.0,300,Buy,234204998
2024-08-23 10:17:03,50400.0,300,Buy,234205346
2024-08-23 10:17:04,50400.0,300,Buy,234205364
2024-08-23 10:17:06,50400.0,100,Buy,234205394
2024-08-23 10:17:06,50400.0,500,Buy,234205395
2024-08-23 10:17:06,50400.0,300,Buy,234205396
2024-08-23 10:17:11,50400.0,100,Buy,234205515
2024-08-23 10:17:14,50400.0,100,Buy,234205579
2024-08-23 10:17:29,50400.0,100,Buy,234205829
2024-08-23 10:19:01,50400.0,100,Sell,234207408
2024-08-23 10:19:04,50400.0,800,Sell,234207456
2024-08-23 10:19:04,50400.0,200,Sell,234207457
2024-08-23 10:19:42,50400.0,500,Sell,234208218
2024-08-23 10:20:09,50400.0,100,Sell,234208550
2024-08-23 10:21:30,50400.0,700,Sell,234210286
2024-08-23 10:21:30,50400.0,100,Sell,234210285
2024-08-23 10:21:30,50400.0,2000,Sell,234210284
2024-08-23 10:21:30,50400.0,100,Sell,234210283
2024-08-23 10:21:30,50400.0,200,Sell,234210280
2024-08-23 10:21:30,50400.0,100,Sell,234210279
2024-08-23 10:21:30,50400.0,100,Sell,234210281
2024-08-23 10:21:30,50400.0,900,Sell,234210277
2024-08-23 10:21:30,50400.0,500,Sell,234210276
2024-08-23 10:21:30,50400.0,3700,Sell,234210275
2024-08-23 10:21:30,50400.0,1200,Sell,234210274
2024-08-23 10:21:30,50400.0,2500,Sell,234210273
2024-08-23 10:21:30,50400.0,800,Sell,234210272
2024-08-23 10:21:30,50400.0,1600,Sell,234210271
2024-08-23 10:21:30,50400.0,500,Sell,234210278
2024-08-23 10:21:42,50400.0,100,Sell,234210516
2024-08-23 10:21:44,50500.0,400,Buy,234210571
2024-08-23 10:21:44,50500.0,400,Buy,234210598
2024-08-23 10:21:45,50500.0,400,Buy,234210638
2024-08-23 10:21:45,50500.0,400,Buy,234210662
2024-08-23 10:21:47,50500.0,400,Buy,234210698
2024-08-23 10:21:50,50500.0,600,Buy,234210769
2024-08-23 10:21:50,50500.0,200,Buy,234210767
2024-08-23 10:21:50,50500.0,100,Buy,234210768
2024-08-23 10:22:47,50400.0,100,Sell,234211829
2024-08-23 10:22:47,50400.0,200,Sell,234211830
2024-08-23 10:22:47,50400.0,200,Sell,234211831
2024-08-23 10:23:32,50400.0,100,Sell,234212527
2024-08-23 10:23:34,50500.0,3000,Buy,234212574
2024-08-23 10:24:12,50500.0,900,Buy,234213237
2024-08-23 10:24:16,50400.0,500,Sell,234213312
2024-08-23 10:25:03,50400.0,500,Sell,234214043
2024-08-23 10:25:47,50400.0,100,Sell,234214863
2024-08-23 10:25:47,50400.0,800,Sell,234214862
2024-08-23 10:25:47,50400.0,100,Sell,234214859
2024-08-23 10:25:47,50400.0,400,Sell,234214861
2024-08-23 10:25:47,50400.0,100,Sell,234214860
2024-08-23 10:25:47,50400.0,300,Sell,234214858
2024-08-23 10:25:47,50400.0,800,Sell,234214853
2024-08-23 10:25:47,50400.0,100,Sell,234214856
2024-08-23 10:25:47,50400.0,1000,Sell,234214857
2024-08-23 10:25:47,50400.0,700,Sell,234214851
2024-08-23 10:25:47,50400.0,500,Sell,234214852
2024-08-23 10:25:47,50400.0,400,Sell,234214854
2024-08-23 10:25:47,50400.0,400,Sell,234214855
2024-08-23 10:26:13,50400.0,2000,Buy,234215420
2024-08-23 10:26:13,50400.0,3000,Buy,234215419
2024-08-23 10:26:13,50400.0,100,Buy,234215421
2024-08-23 10:26:57,50400.0,3000,Sell,234216911
2024-08-23 10:27:12,50400.0,1000,Sell,234217322
2024-08-23 10:27:43,50400.0,2000,Sell,234218206
2024-08-23 10:27:57,50400.0,3600,Sell,234218545
2024-08-23 10:28:03,50400.0,5300,Sell,234218670
2024-08-23 10:28:03,50400.0,900,Sell,234218671
2024-08-23 10:28:03,50400.0,400,Sell,234218672
2024-08-23 10:28:03,50400.0,800,Sell,234218673
2024-08-23 10:28:19,50400.0,2000,Buy,234219063
2024-08-23 10:28:34,50400.0,600,Buy,234219422
2024-08-23 10:29:03,50400.0,2000,Sell,234219933
2024-08-23 10:30:34,50400.0,2000,Sell,234221719
2024-08-23 10:30:48,50400.0,1300,Sell,234221967
2024-08-23 10:31:04,50400.0,100,Sell,234222309
2024-08-23 10:31:24,50500.0,100,Buy,234222747
2024-08-23 10:31:24,50500.0,100,Buy,234222748
2024-08-23 10:31:24,50500.0,1800,Buy,234222749
2024-08-23 10:31:24,50500.0,500,Buy,234222750
2024-08-23 10:31:24,50500.0,1700,Buy,234222751
2024-08-23 10:31:24,50500.0,1000,Buy,234222756
2024-08-23 10:31:24,50500.0,200,Buy,234222753
2024-08-23 10:31:24,50500.0,2500,Buy,234222754
2024-08-23 10:31:24,50500.0,100,Buy,234222755
2024-08-23 10:31:24,50500.0,100,Buy,234222746
2024-08-23 10:31:24,50500.0,1600,Buy,234222752
2024-08-23 10:31:24,50500.0,7400,Buy,234222757
2024-08-23 10:31:24,50500.0,1000,Buy,234222745
2024-08-23 10:31:24,50500.0,100,Buy,234222743
2024-08-23 10:31:24,50500.0,500,Buy,234222733
2024-08-23 10:31:24,50500.0,2000,Buy,234222734
2024-08-23 10:31:24,50500.0,3000,Buy,234222735
2024-08-23 10:31:24,50500.0,800,Buy,234222736
2024-08-23 10:31:24,50500.0,700,Buy,234222737
2024-08-23 10:31:24,50500.0,1000,Buy,234222744
2024-08-23 10:31:24,50500.0,300,Buy,234222739
2024-08-23 10:31:24,50500.0,1000,Buy,234222740
2024-08-23 10:31:24,50500.0,300,Buy,234222741
2024-08-23 10:31:24,50500.0,200,Buy,234222742
2024-08-23 10:31:24,50500.0,2000,Buy,234222738
2024-08-23 10:31:26,50500.0,2000,Buy,234222794
2024-08-23 10:31:28,50500.0,200,Buy,234222813
2024-08-23 10:31:28,50500.0,300,Buy,234222814
2024-08-23 10:31:28,50500.0,600,Buy,234222812
2024-08-23 10:33:12,50500.0,100,Sell,234224577
2024-08-23 10:33:42,50500.0,100,Sell,234225005
2024-08-23 10:34:30,50500.0,100,Sell,234225697
2024-08-23 10:35:47,50500.0,600,Sell,234226772
2024-08-23 10:35:47,50500.0,1900,Sell,234226773
2024-08-23 10:36:28,50500.0,800,Sell,234227484
2024-08-23 10:36:28,50500.0,7100,Sell,234227486
2024-08-23 10:36:28,50500.0,100,Sell,234227485
2024-08-23 10:36:28,50500.0,1000,Sell,234227483
2024-08-23 10:36:28,50500.0,400,Sell,234227481
2024-08-23 10:36:28,50500.0,100,Sell,234227479
2024-08-23 10:36:28,50500.0,400,Sell,234227482
2024-08-23 10:36:28,50500.0,100,Sell,234227480
2024-08-23 10:36:50,50500.0,100,Sell,234227843
2024-08-23 10:37:11,50500.0,500,Sell,234228207
2024-08-23 10:37:19,50500.0,1000,Sell,234228335
2024-08-23 10:37:31,50500.0,300,Sell,234228558
2024-08-23 10:38:05,50500.0,2000,Sell,234229026
2024-08-23 10:38:14,50500.0,100,Sell,234229154
2024-08-23 10:38:26,50500.0,800,Sell,234229317
2024-08-23 10:38:44,50500.0,1600,Sell,234229633
2024-08-23 10:38:52,50500.0,100,Sell,234229741
2024-08-23 10:39:27,50500.0,1900,Sell,234230170
2024-08-23 10:39:38,50500.0,300,Sell,234230289
2024-08-23 10:39:38,50500.0,900,Sell,234230294
2024-08-23 10:39:38,50500.0,100,Sell,234230292
2024-08-23 10:39:38,50500.0,100,Sell,234230291
2024-08-23 10:39:38,50500.0,300,Sell,234230290
2024-08-23 10:39:38,50500.0,100,Sell,234230288
2024-08-23 10:39:38,50500.0,600,Sell,234230295
2024-08-23 10:39:38,50500.0,100,Sell,234230286
2024-08-23 10:39:38,50500.0,100,Sell,234230287
2024-08-23 10:39:38,50500.0,4500,Sell,234230281
2024-08-23 10:39:38,50500.0,900,Sell,234230282
2024-08-23 10:39:38,50500.0,200,Sell,234230293
2024-08-23 10:39:38,50500.0,200,Sell,234230283
2024-08-23 10:39:38,50500.0,800,Sell,234230284
2024-08-23 10:39:38,50500.0,800,Sell,234230285
2024-08-23 10:39:45,50500.0,200,Sell,234230400
2024-08-23 10:39:45,50500.0,5000,Sell,234230401
2024-08-23 10:39:45,50500.0,2000,Sell,234230402
2024-08-23 10:39:45,50500.0,900,Sell,234230403
2024-08-23 10:39:45,50500.0,800,Sell,234230404
2024-08-23 10:39:45,50500.0,100,Sell,234230405
2024-08-23 10:40:03,50500.0,1000,Buy,234230593
2024-08-23 10:40:11,50500.0,5300,Sell,234230720
2024-08-23 10:40:17,50500.0,200,Sell,234230845
2024-08-23 10:40:17,50500.0,100,Sell,234230844
2024-08-23 10:40:17,50500.0,100,Sell,234230843
2024-08-23 10:40:17,50500.0,3700,Sell,234230842
2024-08-23 10:40:34,50500.0,10000,Buy,234231122
2024-08-23 10:40:45,50500.0,900,Buy,234231318
2024-08-23 10:40:55,50500.0,100,Buy,234231521
2024-08-23 10:41:14,50500.0,9900,Buy,234231792
2024-08-23 10:41:14,50500.0,100,Buy,234231793
2024-08-23 10:41:34,50400.0,500,Sell,234232008
2024-08-23 10:41:45,50400.0,400,Sell,234232157
2024-08-23 10:41:46,50500.0,100,Buy,234232167
2024-08-23 10:41:56,50500.0,800,Buy,234232270
2024-08-23 10:42:32,50400.0,700,Sell,234232732
2024-08-23 10:42:58,50500.0,500,Buy,234233073
2024-08-23 10:43:07,50500.0,900,Buy,234233180
2024-08-23 10:43:56,50400.0,1000,Sell,234233876
2024-08-23 10:46:29,50400.0,500,Sell,234235890
2024-08-23 10:47:19,50400.0,100,Sell,234236991
2024-08-23 10:47:19,50400.0,900,Sell,234236990
2024-08-23 10:48:00,50400.0,200,Sell,234237625
2024-08-23 10:48:00,50400.0,100,Sell,234237624
2024-08-23 10:48:00,50400.0,200,Sell,234237623
2024-08-23 10:48:00,50400.0,7100,Sell,234237626
2024-08-23 10:48:00,50400.0,800,Sell,234237621
2024-08-23 10:48:00,50400.0,100,Sell,234237620
2024-08-23 10:48:00,50400.0,600,Sell,234237619
2024-08-23 10:48:00,50400.0,800,Sell,234237618
2024-08-23 10:48:00,50400.0,100,Sell,234237622
2024-08-23 10:48:29,50400.0,3000,Sell,234238001
2024-08-23 10:49:40,50400.0,1000,Sell,234238905
2024-08-23 10:49:40,50400.0,800,Sell,234238913
2024-08-23 10:49:40,50400.0,400,Sell,234238911
2024-08-23 10:49:40,50400.0,900,Sell,234238909
2024-08-23 10:49:40,50400.0,800,Sell,234238908
2024-08-23 10:49:40,50400.0,900,Sell,234238907
2024-08-23 10:49:40,50400.0,200,Sell,234238906
2024-08-23 10:49:40,50400.0,100,Sell,234238904
2024-08-23 10:49:40,50400.0,100,Sell,234238910
2024-08-23 10:49:40,50400.0,200,Sell,234238902
2024-08-23 10:49:40,50400.0,9900,Sell,234238895
2024-08-23 10:49:40,50400.0,900,Sell,234238896
2024-08-23 10:49:40,50400.0,100,Sell,234238897
2024-08-23 10:49:40,50400.0,800,Sell,234238903
2024-08-23 10:49:40,50400.0,100,Sell,234238899
2024-08-23 10:49:40,50400.0,200,Sell,234238900
2024-08-23 10:49:40,50400.0,500,Sell,234238901
2024-08-23 10:49:40,50400.0,100,Sell,234238898
2024-08-23 10:50:12,50400.0,900,Buy,234239307
2024-08-23 10:50:26,50300.0,100,Sell,234239453
2024-08-23 10:50:37,50400.0,100,Buy,234239579
2024-08-23 10:51:23,50400.0,800,Buy,234240155
2024-08-23 10:52:18,50400.0,500,Buy,234240953
2024-08-23 10:52:34,50400.0,900,Buy,234241189
2024-08-23 10:53:43,50400.0,1600,Buy,234241939
2024-08-23 10:53:45,50400.0,800,Buy,234241972
2024-08-23 10:54:30,50400.0,1000,Buy,234242476
2024-08-23 10:54:56,50400.0,900,Buy,234242801
2024-08-23 10:56:07,50400.0,800,Buy,234243752
2024-08-23 10:56:18,50400.0,2000,Buy,234243897
2024-08-23 10:57:17,50400.0,400,Buy,234244606
2024-08-23 10:57:18,50400.0,900,Buy,234244636
2024-08-23 10:58:29,50400.0,800,Buy,234245768
2024-08-23 10:59:25,50400.0,200,Buy,234246464
2024-08-23 10:59:40,50400.0,900,Buy,234246646
2024-08-23 11:00:04,50400.0,300,Buy,234246908
2024-08-23 11:00:33,50300.0,300,Sell,234247212
2024-08-23 11:00:33,50300.0,200,Sell,234247213
2024-08-23 11:00:54,50400.0,2100,Buy,234247736
2024-08-23 11:00:54,50400.0,100,Buy,234247735
2024-08-23 11:00:54,50400.0,100,Buy,234247734
2024-08-23 11:00:54,50400.0,1000,Buy,234247733
2024-08-23 11:00:54,50400.0,300,Buy,234247730
2024-08-23 11:00:54,50400.0,100,Buy,234247731
2024-08-23 11:00:54,50400.0,300,Buy,234247732
2024-08-23 11:00:54,50400.0,1000,Buy,234247727
2024-08-23 11:00:54,50400.0,500,Buy,234247729
2024-08-23 11:00:54,50400.0,500,Buy,234247728
2024-08-23 11:01:05,50400.0,400,Buy,234247911
2024-08-23 11:01:05,50400.0,600,Buy,234247912
2024-08-23 11:01:21,50400.0,1000,Buy,234248056
2024-08-23 11:02:02,50400.0,400,Buy,234248552
2024-08-23 11:02:02,50400.0,500,Buy,234248553
2024-08-23 11:02:05,50400.0,500,Buy,234248594
2024-08-23 11:02:05,50400.0,100,Buy,234248595
2024-08-23 11:02:05,50400.0,100,Buy,234248596
2024-08-23 11:02:05,50400.0,300,Buy,234248597
2024-08-23 11:02:44,50400.0,100,Buy,234249027
2024-08-23 11:03:12,50400.0,800,Buy,234249453
2024-08-23 11:04:23,50400.0,900,Buy,234250476
2024-08-23 11:04:30,50400.0,1000,Buy,234250702
2024-08-23 11:05:34,50400.0,800,Buy,234251485
2024-08-23 11:06:39,50300.0,700,Sell,234252562
2024-08-23 11:06:39,50300.0,800,Sell,234252563
2024-08-23 11:06:39,50300.0,500,Sell,234252564
2024-08-23 11:07:26,50300.0,100,Sell,234253631
2024-08-23 11:07:53,50300.0,400,Sell,234254100
2024-08-23 11:08:27,50300.0,100,Sell,234254670
2024-08-23 11:08:27,50300.0,300,Sell,234254671
2024-08-23 11:08:41,50300.0,300,Sell,234255017
2024-08-23 11:08:41,50300.0,1700,Sell,234255016
2024-08-23 11:08:41,50300.0,1500,Sell,234255014
2024-08-23 11:08:41,50300.0,100,Sell,234255013
2024-08-23 11:08:41,50300.0,800,Sell,234255015
2024-08-23 11:08:41,50300.0,600,Sell,234255012
2024-08-23 11:10:06,50300.0,1600,Sell,234256542
2024-08-23 11:10:06,50300.0,600,Sell,234256541
2024-08-23 11:10:31,50300.0,200,Sell,234256998
2024-08-23 11:11:23,50300.0,100,Sell,234257850
2024-08-23 11:11:23,50300.0,200,Sell,234257851
2024-08-23 11:11:58,50300.0,100,Sell,234258481
2024-08-23 11:11:58,50300.0,1800,Sell,234258482
2024-08-23 11:11:58,50300.0,100,Sell,234258479
2024-08-23 11:11:58,50300.0,100,Sell,234258480
2024-08-23 11:12:42,50300.0,400,Sell,234259237
2024-08-23 11:13:24,50300.0,3000,Sell,234260095
2024-08-23 11:13:24,50300.0,3200,Sell,234260096
2024-08-23 11:13:24,50300.0,100,Sell,234260097
2024-08-23 11:13:24,50300.0,100,Sell,234260098
2024-08-23 11:13:24,50300.0,1000,Sell,234260099
2024-08-23 11:13:24,50300.0,100,Sell,234260100
2024-08-23 11:13:24,50300.0,200,Sell,234260101
2024-08-23 11:13:24,50300.0,2300,Sell,234260094
2024-08-23 11:13:59,50300.0,200,Sell,234260830
2024-08-23 11:13:59,50300.0,1000,Sell,234260831
2024-08-23 11:13:59,50300.0,400,Sell,234260827
2024-08-23 11:13:59,50300.0,300,Sell,234260828
2024-08-23 11:13:59,50300.0,1000,Sell,234260829
2024-08-23 11:13:59,50300.0,100,Sell,234260826
2024-08-23 11:14:12,50300.0,400,Sell,234261139
2024-08-23 11:14:47,50300.0,400,Sell,234261847
2024-08-23 11:14:47,50300.0,100,Sell,234261848
2024-08-23 11:14:50,50300.0,900,Sell,234262093
2024-08-23 11:14:50,50300.0,10000,Sell,234262094
2024-08-23 11:14:50,50300.0,500,Sell,234262095
2024-08-23 11:14:50,50300.0,100,Sell,234262096
2024-08-23 11:14:50,50300.0,100,Sell,234262097
2024-08-23 11:14:50,50300.0,100,Sell,234262098
2024-08-23 11:14:50,50300.0,100,Sell,234262099
2024-08-23 11:14:50,50300.0,13200,Sell,234262100
2024-08-23 11:14:52,50300.0,700,Sell,234262137
2024-08-23 11:14:52,50300.0,100,Sell,234262136
2024-08-23 11:14:52,50300.0,100,Sell,234262135
2024-08-23 11:14:52,50300.0,100,Sell,234262134
2024-08-23 11:14:52,50300.0,3000,Sell,234262133
2024-08-23 11:15:25,50300.0,300,Sell,234262779
2024-08-23 11:15:25,50300.0,300,Sell,234262780
2024-08-23 11:15:25,50300.0,300,Sell,234262781
2024-08-23 11:15:25,50300.0,100,Sell,234262782
2024-08-23 11:15:26,50300.0,900,Sell,234262825
2024-08-23 11:15:26,50300.0,900,Sell,234262824
2024-08-23 11:15:26,50300.0,100,Sell,234262823
2024-08-23 11:15:26,50300.0,200,Sell,234262822
2024-08-23 11:15:26,50300.0,100,Sell,234262820
2024-08-23 11:15:26,50300.0,100,Sell,234262819
2024-08-23 11:15:26,50300.0,100,Sell,234262818
2024-08-23 11:15:26,50300.0,100,Sell,234262813
2024-08-23 11:15:26,50300.0,100,Sell,234262816
2024-08-23 11:15:26,50300.0,100,Sell,234262815
2024-08-23 11:15:26,50300.0,100,Sell,234262814
2024-08-23 11:15:26,50300.0,100,Sell,234262812
2024-08-23 11:15:26,50300.0,200,Sell,234262811
2024-08-23 11:15:26,50300.0,800,Sell,234262817
2024-08-23 11:15:26,50300.0,100,Sell,234262810
2024-08-23 11:16:53,50300.0,100,Sell,234265256
2024-08-23 11:17:08,50300.0,1000,Sell,234265608
2024-08-23 11:17:12,50300.0,400,Sell,234265712
2024-08-23 11:17:12,50300.0,900,Sell,234265713
2024-08-23 11:17:12,50300.0,2500,Sell,234265714
2024-08-23 11:17:12,50300.0,300,Sell,234265719
2024-08-23 11:17:12,50300.0,200,Sell,234265716
2024-08-23 11:17:12,50300.0,1000,Sell,234265718
2024-08-23 11:17:12,50300.0,800,Sell,234265711
2024-08-23 11:17:12,50300.0,400,Sell,234265715
2024-08-23 11:17:12,50300.0,400,Sell,234265710
2024-08-23 11:17:12,50300.0,800,Sell,234265717
2024-08-23 11:17:12,50300.0,100,Sell,234265708
2024-08-23 11:17:12,50300.0,2500,Sell,234265699
2024-08-23 11:17:12,50300.0,400,Sell,234265700
2024-08-23 11:17:12,50300.0,400,Sell,234265701
2024-08-23 11:17:12,50300.0,800,Sell,234265702
2024-08-23 11:17:12,50300.0,900,Sell,234265709
2024-08-23 11:17:12,50300.0,900,Sell,234265704
2024-08-23 11:17:12,50300.0,400,Sell,234265705
2024-08-23 11:17:12,50300.0,800,Sell,234265706
2024-08-23 11:17:12,50300.0,100,Sell,234265707
2024-08-23 11:17:12,50300.0,400,Sell,234265703
2024-08-23 11:17:14,50300.0,5400,Sell,234265770
2024-08-23 11:17:14,50300.0,100,Sell,234265771
2024-08-23 11:17:14,50300.0,900,Sell,234265772
2024-08-23 11:17:14,50300.0,300,Sell,234265773
2024-08-23 11:18:05,50300.0,100,Sell,234266933
2024-08-23 11:18:12,50300.0,100,Sell,234267035
2024-08-23 11:18:21,50300.0,700,Sell,234267163
2024-08-23 11:18:21,50300.0,300,Sell,234267162
2024-08-23 11:20:10,50300.0,400,Sell,234269354
2024-08-23 11:20:10,50300.0,500,Sell,234269355
2024-08-23 11:20:10,50300.0,100,Sell,234269353
2024-08-23 11:20:14,50300.0,400,Sell,234269470
2024-08-23 11:20:14,50300.0,600,Sell,234269471
2024-08-23 11:20:22,50300.0,200,Sell,234269643
2024-08-23 11:20:22,50300.0,300,Sell,234269644
2024-08-23 11:20:39,50300.0,500,Sell,234270006
2024-08-23 11:20:39,50300.0,400,Sell,234270007
2024-08-23 11:20:45,50300.0,200,Buy,234270141
2024-08-23 11:21:02,50300.0,800,Sell,234270493
2024-08-23 11:21:02,50300.0,200,Sell,234270494
2024-08-23 11:21:10,50300.0,100,Sell,234270668
2024-08-23 11:21:16,50300.0,100,Sell,234270864
2024-08-23 11:21:21,50300.0,500,Sell,234270965
2024-08-23 11:21:23,50300.0,400,Sell,234271014
2024-08-23 11:21:24,50300.0,1100,Buy,234271040
2024-08-23 11:21:48,50300.0,1000,Sell,234271714
2024-08-23 11:22:00,50300.0,6500,Sell,234272146
2024-08-23 11:22:12,50300.0,600,Sell,234272377
2024-08-23 11:22:34,50300.0,5000,Sell,234272838
2024-08-23 11:22:40,50300.0,800,Sell,234273010
2024-08-23 11:22:40,50300.0,2000,Sell,234273011
2024-08-23 11:22:41,50300.0,100,Sell,234273033
2024-08-23 11:22:41,50300.0,400,Sell,234273034
2024-08-23 11:22:53,50300.0,400,Sell,234273391
2024-08-23 11:22:53,50300.0,5000,Sell,234273392
2024-08-23 11:22:53,50300.0,500,Sell,234273393
2024-08-23 11:23:18,50300.0,900,Buy,234273969
2024-08-23 11:23:47,50300.0,500,Buy,234274990
2024-08-23 11:24:29,50300.0,800,Buy,234275707
2024-08-23 11:25:40,50300.0,900,Buy,234277330
2024-08-23 11:26:06,50300.0,100,Buy,234277841
2024-08-23 11:26:51,50300.0,800,Buy,234279210
2024-08-23 11:27:21,50200.0,400,Sell,234279899
2024-08-23 11:27:21,50200.0,400,Sell,234279920
2024-08-23 11:28:08,50200.0,200,Sell,234280836
2024-08-23 11:28:08,50200.0,600,Sell,234280837
2024-08-23 11:29:07,50200.0,100,Sell,234282261
2024-08-23 11:29:11,50200.0,5000,Sell,234282351
2024-08-23 11:29:17,50200.0,4300,Sell,234282497
2024-08-23 11:29:17,50200.0,900,Sell,234282498
2024-08-23 11:29:17,50200.0,200,Sell,234282499
2024-08-23 11:29:23,50200.0,300,Sell,234282662
2024-08-23 11:29:23,50200.0,300,Sell,234282661
2024-08-23 11:29:23,50200.0,300,Sell,234282660
2024-08-23 11:29:30,50200.0,100,Sell,234282767
2024-08-23 12:59:37,50200.0,2000,Sell,234283367
2024-08-23 12:59:37,50200.0,100,Sell,234283542
2024-08-23 12:59:37,50200.0,400,Sell,234283423
2024-08-23 12:59:37,50200.0,400,Sell,234283422
2024-08-23 12:59:37,50200.0,400,Sell,234283421
2024-08-23 12:59:37,50200.0,400,Sell,234283420
2024-08-23 12:59:37,50200.0,600,Sell,234283419
2024-08-23 12:59:37,50200.0,400,Sell,234283418
2024-08-23 12:59:37,50200.0,400,Sell,234283417
2024-08-23 12:59:37,50200.0,300,Sell,234283416
2024-08-23 12:59:37,50200.0,100,Sell,234283366
2024-08-23 12:59:37,50200.0,100,Sell,234283375
2024-08-23 12:59:37,50200.0,10000,Sell,234283374
2024-08-23 12:59:37,50200.0,100,Sell,234283373
2024-08-23 12:59:37,50200.0,500,Sell,234283372
2024-08-23 12:59:37,50200.0,10000,Sell,234283371
2024-08-23 12:59:37,50200.0,3900,Sell,234283370
2024-08-23 12:59:37,50200.0,100,Sell,234283369
2024-08-23 12:59:37,50200.0,200,Sell,234283368
2024-08-23 12:59:37,50200.0,2000,Sell,234283376
2024-08-23 12:59:39,50200.0,800,Sell,234284435
2024-08-23 12:59:39,50200.0,100,Sell,234284545
2024-08-23 12:59:41,50300.0,100,Buy,234284954
2024-08-23 12:59:41,50300.0,100,Buy,234284955
2024-08-23 12:59:42,50300.0,100,Buy,234285264
2024-08-23 12:59:46,50200.0,1000,Sell,234286161
2024-08-23 12:59:46,50200.0,2000,Sell,234286162
2024-08-23 12:59:46,50200.0,100,Sell,234286160
2024-08-23 12:59:46,50200.0,600,Sell,234286158
2024-08-23 12:59:46,50200.0,200,Sell,234286157
2024-08-23 12:59:46,50200.0,300,Sell,234286156
2024-08-23 12:59:46,50200.0,500,Sell,234286159
2024-08-23 12:59:48,50300.0,1000,Buy,234286542
2024-08-23 12:59:48,50300.0,1000,Buy,234286561
2024-08-23 12:59:48,50300.0,700,Buy,234286560
2024-08-23 12:59:48,50300.0,3100,Buy,234286559
2024-08-23 12:59:48,50300.0,1000,Buy,234286545
2024-08-23 12:59:48,50300.0,100,Buy,234286544
2024-08-23 12:59:48,50300.0,1000,Buy,234286543
2024-08-23 12:59:48,50200.0,3800,Buy,234286533
2024-08-23 12:59:48,50300.0,1300,Buy,234286540
2024-08-23 12:59:48,50300.0,1000,Buy,234286539
2024-08-23 12:59:48,50300.0,1000,Buy,234286538
2024-08-23 12:59:48,50300.0,1800,Buy,234286537
2024-08-23 12:59:48,50200.0,500,Buy,234286536
2024-08-23 12:59:48,50200.0,100,Buy,234286535
2024-08-23 12:59:48,50200.0,200,Buy,234286534
2024-08-23 12:59:48,50300.0,1000,Buy,234286541
2024-08-23 12:59:49,50300.0,200,Buy,234286565
2024-08-23 12:59:49,50300.0,1200,Buy,234286566
2024-08-23 13:00:00,50200.0,100,Buy,234287480
2024-08-23 13:00:00,50100.0,100,Sell,234287519
2024-08-23 13:00:08,50100.0,100,Sell,234288388
2024-08-23 13:00:15,50100.0,300,Sell,234288661
2024-08-23 13:00:17,50100.0,300,Sell,234288811
2024-08-23 13:00:19,50100.0,1300,Sell,234288884
2024-08-23 13:00:19,50100.0,300,Sell,234288883
2024-08-23 13:00:19,50100.0,500,Sell,234288881
2024-08-23 13:00:19,50100.0,600,Sell,234288880
2024-08-23 13:00:19,50100.0,5000,Sell,234288879
2024-08-23 13:00:19,50100.0,500,Sell,234288878
2024-08-23 13:00:19,50100.0,400,Sell,234288870
2024-08-23 13:00:19,50100.0,300,Sell,234288876
2024-08-23 13:00:19,50100.0,3000,Sell,234288875
2024-08-23 13:00:19,50100.0,200,Sell,234288874
2024-08-23 13:00:19,50100.0,300,Sell,234288873
2024-08-23 13:00:19,50100.0,2000,Sell,234288872
2024-08-23 13:00:19,50100.0,500,Sell,234288871
2024-08-23 13:00:19,50100.0,100,Sell,234288877
2024-08-23 13:00:20,50200.0,900,Buy,234288909
2024-08-23 13:00:20,50200.0,800,Buy,234288910
2024-08-23 13:00:20,50200.0,3000,Buy,234288911
2024-08-23 13:00:24,50300.0,900,Buy,234289131
2024-08-23 13:00:24,50200.0,100,Sell,234289153
2024-08-23 13:00:58,50200.0,100,Sell,234290250
2024-08-23 13:01:32,50200.0,100,Sell,234291509
2024-08-23 13:01:35,50200.0,2000,Sell,234291641
2024-08-23 13:01:43,50300.0,1000,Buy,234291869
2024-08-23 13:02:19,50300.0,1000,Buy,234292818
2024-08-23 13:02:46,50300.0,900,Buy,234293483
2024-08-23 13:03:06,50300.0,1000,Buy,234294097
2024-08-23 13:03:06,50300.0,600,Buy,234294096
2024-08-23 13:03:06,50300.0,1400,Buy,234294017
2024-08-23 13:03:06,50300.0,900,Buy,234294016
2024-08-23 13:03:06,50300.0,1000,Buy,234294015
2024-08-23 13:03:06,50300.0,100,Buy,234294010
2024-08-23 13:03:06,50300.0,200,Buy,234294014
2024-08-23 13:03:06,50300.0,100,Buy,234294013
2024-08-23 13:03:06,50300.0,200,Buy,234294012
2024-08-23 13:03:06,50300.0,800,Buy,234294011
2024-08-23 13:03:06,50300.0,100,Buy,234294009
2024-08-23 13:03:06,50300.0,800,Buy,234294001
2024-08-23 13:03:06,50300.0,200,Buy,234294007
2024-08-23 13:03:06,50300.0,100,Buy,234294006
2024-08-23 13:03:06,50300.0,100,Buy,234294005
2024-08-23 13:03:06,50300.0,100,Buy,234294004
2024-08-23 13:03:06,50300.0,600,Buy,234294003
2024-08-23 13:03:06,50300.0,100,Buy,234294002
2024-08-23 13:03:06,50300.0,100,Buy,234294000
2024-08-23 13:03:06,50300.0,300,Buy,234293999
2024-08-23 13:03:06,50300.0,1000,Buy,234293998
2024-08-23 13:03:06,50300.0,1500,Buy,234293996
2024-08-23 13:03:06,50300.0,100,Buy,234294008
2024-08-23 13:03:06,50300.0,200,Buy,234293997
2024-08-23 13:03:24,50300.0,500,Buy,234294674
2024-08-23 13:03:25,50300.0,200,Buy,234294680
2024-08-23 13:03:27,50300.0,700,Buy,234294713
2024-08-23 13:03:27,50300.0,9300,Buy,234294712
2024-08-23 13:03:28,50300.0,800,Buy,234294743
2024-08-23 13:04:02,50300.0,2000,Sell,234295683
2024-08-23 13:04:21,50300.0,100,Sell,234296369
2024-08-23 13:05:06,50400.0,4600,Buy,234298145
2024-08-23 13:05:06,50400.0,2000,Buy,234298166
2024-08-23 13:05:06,50400.0,1200,Buy,234298165
2024-08-23 13:05:06,50400.0,100,Buy,234298164
2024-08-23 13:05:06,50400.0,100,Buy,234298163
2024-08-23 13:05:06,50400.0,1500,Buy,234298162
2024-08-23 13:05:06,50400.0,100,Buy,234298161
2024-08-23 13:05:06,50400.0,100,Buy,234298160
2024-08-23 13:05:06,50400.0,100,Buy,234298159
2024-08-23 13:05:06,50300.0,100,Sell,234298139
2024-08-23 13:05:06,50400.0,20000,Buy,234298157
2024-08-23 13:05:06,50400.0,1000,Buy,234298146
2024-08-23 13:05:06,50400.0,300,Buy,234298152
2024-08-23 13:05:06,50400.0,500,Buy,234298153
2024-08-23 13:05:06,50400.0,500,Buy,234298158
2024-08-23 13:05:06,50400.0,300,Buy,234298155
2024-08-23 13:05:06,50400.0,300,Buy,234298156
2024-08-23 13:05:06,50400.0,4000,Buy,234298154
2024-08-23 13:05:22,50400.0,900,Sell,234298850
2024-08-23 13:05:23,50400.0,400,Buy,234298861
2024-08-23 13:05:23,50400.0,400,Buy,234298864
2024-08-23 13:05:23,50400.0,300,Buy,234298886
2024-08-23 13:05:27,50400.0,100,Sell,234299027
2024-08-23 13:05:27,50400.0,400,Sell,234299028
2024-08-23 13:05:32,50400.0,100,Buy,234299210
2024-08-23 13:05:47,50300.0,100,Sell,234299680
2024-08-23 13:06:01,50400.0,500,Buy,234300225
2024-08-23 13:06:01,50400.0,8900,Buy,234300238
2024-08-23 13:06:01,50400.0,2000,Buy,234300239
2024-08-23 13:06:01,50400.0,3100,Buy,234300240
2024-08-23 13:06:07,50400.0,200,Buy,234300444
2024-08-23 13:06:39,50400.0,400,Sell,234301478
2024-08-23 13:06:39,50400.0,800,Sell,234301477
2024-08-23 13:06:39,50400.0,300,Sell,234301476
2024-08-23 13:06:59,50400.0,1000,Buy,234302150
2024-08-23 13:07:07,50400.0,300,Buy,234302387
2024-08-23 13:07:15,50400.0,200,Buy,234302617
2024-08-23 13:07:15,50400.0,7600,Buy,234302618
2024-08-23 13:07:15,50400.0,200,Buy,234302616
2024-08-23 13:07:19,50300.0,1000,Sell,234302730
2024-08-23 13:07:34,50400.0,200,Buy,234303128
2024-08-23 13:07:34,50400.0,300,Buy,234303129
2024-08-23 13:08:40,50400.0,800,Buy,234305570
2024-08-23 13:08:44,50400.0,5000,Buy,234305671
2024-08-23 13:09:17,50400.0,2400,Buy,234307111
2024-08-23 13:09:17,50400.0,1400,Buy,234307110
2024-08-23 13:09:17,50400.0,4200,Buy,234307109
2024-08-23 13:09:23,50400.0,12100,Buy,234307425
2024-08-23 13:09:23,50400.0,500,Buy,234307426
2024-08-23 13:09:23,50400.0,100,Buy,234307427
2024-08-23 13:09:23,50400.0,100,Buy,234307428
2024-08-23 13:09:23,50400.0,500,Buy,234307429
2024-08-23 13:09:25,50400.0,400,Sell,234307515
2024-08-23 13:09:33,50400.0,1000,Sell,234307831
2024-08-23 13:10:00,50400.0,700,Sell,234308770
2024-08-23 13:10:00,50400.0,300,Sell,234308769
2024-08-23 13:10:10,50400.0,3300,Sell,234309314
2024-08-23 13:10:10,50400.0,700,Sell,234309315
2024-08-23 13:10:10,50400.0,6000,Sell,234309316
2024-08-23 13:10:21,50400.0,3000,Sell,234310026
2024-08-23 13:10:22,50400.0,1000,Sell,234310043
2024-08-23 13:10:24,50500.0,100,Buy,234310108
2024-08-23 13:10:26,50400.0,1000,Sell,234310182
2024-08-23 13:10:34,50400.0,1000,Sell,234310524
2024-08-23 13:10:34,50400.0,900,Sell,234310525
2024-08-23 13:10:34,50400.0,400,Sell,234310526
2024-08-23 13:10:34,50400.0,100,Sell,234310527
2024-08-23 13:10:34,50400.0,400,Sell,234310528
2024-08-23 13:10:34,50400.0,2200,Sell,234310529
2024-08-23 13:10:51,50500.0,100,Buy,234311367
2024-08-23 13:11:02,50500.0,800,Buy,234311895
2024-08-23 13:11:07,50400.0,400,Sell,234312074
2024-08-23 13:11:15,50400.0,2400,Sell,234312423
2024-08-23 13:11:15,50400.0,200,Sell,234312424
2024-08-23 13:11:18,50400.0,1500,Buy,234312539
2024-08-23 13:11:39,50400.0,300,Sell,234313294
2024-08-23 13:11:51,50400.0,4200,Sell,234313750
2024-08-23 13:11:51,50400.0,800,Sell,234313751
2024-08-23 13:12:00,50400.0,400,Sell,234314081
2024-08-23 13:12:18,50400.0,700,Sell,234314709
2024-08-23 13:12:18,50400.0,200,Sell,234314711
2024-08-23 13:12:18,50400.0,3800,Sell,234314712
2024-08-23 13:12:37,50400.0,100,Sell,234315311
2024-08-23 13:12:37,50400.0,4800,Sell,234315312
2024-08-23 13:12:37,50400.0,1200,Sell,234315309
2024-08-23 13:12:37,50400.0,900,Sell,234315310
2024-08-23 13:12:52,50400.0,100,Sell,234315752
2024-08-23 13:12:59,50400.0,100,Sell,234315910
2024-08-23 13:13:13,50400.0,2500,Sell,234316324
2024-08-23 13:13:20,50400.0,500,Sell,234316549
2024-08-23 13:13:24,50400.0,800,Buy,234316695
2024-08-23 13:13:30,50400.0,200,Buy,234316932
2024-08-23 13:13:30,50400.0,200,Buy,234316933
2024-08-23 13:13:30,50400.0,500,Buy,234316934
2024-08-23 13:13:30,50400.0,100,Sell,234316939
2024-08-23 13:13:57,50400.0,5000,Sell,234317809
2024-08-23 13:14:18,50400.0,100,Sell,234318647
2024-08-23 13:14:18,50400.0,1000,Sell,234318646
2024-08-23 13:14:30,50300.0,400,Sell,234319194
2024-08-23 13:14:30,50300.0,600,Sell,234319195
2024-08-23 13:14:39,50300.0,400,Sell,234319425
2024-08-23 13:14:39,50300.0,600,Sell,234319426
2024-08-23 13:15:06,50300.0,200,Sell,234320377
2024-08-23 13:15:06,50300.0,4800,Sell,234320378
2024-08-23 13:15:21,50300.0,200,Sell,234320868
2024-08-23 13:15:26,50300.0,100,Sell,234321014
2024-08-23 13:15:32,50300.0,100,Sell,234321151
2024-08-23 13:15:45,50300.0,800,Sell,234321501
2024-08-23 13:15:45,50300.0,600,Sell,234321502
2024-08-23 13:15:55,50300.0,400,Sell,234321818
2024-08-23 13:15:55,50300.0,600,Sell,234321819
2024-08-23 13:16:02,50300.0,100,Sell,234322077
2024-08-23 13:16:06,50300.0,500,Sell,234322150
2024-08-23 13:16:27,50400.0,200,Buy,234322769
2024-08-23 13:16:57,50400.0,900,Buy,234323617
2024-08-23 13:16:58,50400.0,2800,Buy,234323670
2024-08-23 13:16:58,50400.0,1000,Buy,234323671
2024-08-23 13:16:58,50400.0,500,Buy,234323672
2024-08-23 13:16:58,50400.0,700,Buy,234323673
2024-08-23 13:17:11,50300.0,100,Sell,234324017
2024-08-23 13:17:13,50300.0,500,Sell,234324052
2024-08-23 13:17:28,50300.0,200,Sell,234324420
2024-08-23 13:17:59,50300.0,500,Sell,234325150
2024-08-23 13:18:06,50300.0,1000,Sell,234325331
2024-08-23 13:18:16,50400.0,800,Buy,234325633
2024-08-23 13:18:44,50400.0,3000,Buy,234326406
2024-08-23 13:18:47,50300.0,100,Sell,234326462
2024-08-23 13:19:10,50400.0,2000,Buy,234327174
2024-08-23 13:19:13,50300.0,1400,Sell,234327270
2024-08-23 13:19:13,50300.0,100,Sell,234327271
2024-08-23 13:19:28,50400.0,100,Buy,234327675
2024-08-23 13:19:55,50300.0,900,Sell,234328522
2024-08-23 13:19:55,50300.0,100,Sell,234328523
2024-08-23 13:19:55,50300.0,100,Sell,234328524
2024-08-23 13:19:55,50300.0,400,Sell,234328525
2024-08-23 13:20:39,50300.0,500,Sell,234329706
2024-08-23 13:20:39,50300.0,500,Sell,234329707
2024-08-23 13:20:57,50400.0,1000,Buy,234330227
2024-08-23 13:20:58,50300.0,500,Sell,234330286
2024-08-23 13:21:06,50300.0,100,Sell,234330476
2024-08-23 13:21:39,50300.0,4200,Sell,234331487
2024-08-23 13:21:49,50300.0,300,Sell,234331852
2024-08-23 13:22:21,50400.0,400,Buy,234332605
2024-08-23 13:22:22,50400.0,400,Buy,234332659
2024-08-23 13:22:25,50400.0,400,Buy,234332795
2024-08-23 13:22:25,50400.0,400,Buy,234332813
2024-08-23 13:22:25,50400.0,400,Buy,234332830
2024-08-23 13:22:25,50400.0,400,Buy,234332842
2024-08-23 13:22:30,50300.0,2000,Sell,234332924
2024-08-23 13:23:15,50300.0,1800,Sell,234334149
2024-08-23 13:23:15,50300.0,1500,Sell,234334148
2024-08-23 13:23:15,50300.0,4000,Sell,234334147
2024-08-23 13:23:15,50300.0,100,Sell,234334145
2024-08-23 13:23:15,50300.0,2400,Sell,234334144
2024-08-23 13:23:15,50300.0,200,Sell,234334146
2024-08-23 13:23:19,50400.0,600,Buy,234334255
2024-08-23 13:23:19,50400.0,4300,Buy,234334256
2024-08-23 13:23:34,50300.0,100,Sell,234334853
2024-08-23 13:23:46,50300.0,100,Sell,234335344
2024-08-23 13:24:09,50300.0,100,Sell,234335998
2024-08-23 13:24:25,50400.0,100,Buy,234336493
2024-08-23 13:24:47,50400.0,100,Buy,234337191
2024-08-23 13:25:03,50300.0,500,Sell,234337615
2024-08-23 13:25:06,50400.0,1000,Buy,234337691
2024-08-23 13:25:13,50400.0,800,Buy,234337875
2024-08-23 13:25:40,50400.0,6000,Buy,234338622
2024-08-23 13:25:40,50400.0,3700,Buy,234338621
2024-08-23 13:25:40,50400.0,300,Buy,234338623
2024-08-23 13:25:51,50400.0,4700,Buy,234338910
2024-08-23 13:25:51,50400.0,700,Buy,234338911
2024-08-23 13:25:51,50400.0,500,Buy,234338912
2024-08-23 13:25:51,50400.0,4100,Buy,234338913
2024-08-23 13:25:52,50400.0,200,Buy,234338931
2024-08-23 13:25:52,50400.0,100,Buy,234338930
2024-08-23 13:25:52,50400.0,100,Buy,234338927
2024-08-23 13:25:52,50400.0,1700,Buy,234338929
2024-08-23 13:25:52,50400.0,100,Buy,234338925
2024-08-23 13:25:52,50400.0,500,Buy,234338924
2024-08-23 13:25:52,50400.0,200,Buy,234338923
2024-08-23 13:25:52,50400.0,5900,Buy,234338922
2024-08-23 13:25:52,50400.0,1000,Buy,234338926
2024-08-23 13:25:52,50400.0,2000,Buy,234338928
2024-08-23 13:26:09,50400.0,900,Buy,234339420
2024-08-23 13:26:11,50400.0,100,Buy,234339450
2024-08-23 13:26:11,50400.0,400,Buy,234339451
2024-08-23 13:26:17,50400.0,400,Buy,234339663
2024-08-23 13:26:37,50400.0,600,Sell,234340135
2024-08-23 13:26:37,50400.0,2300,Sell,234340136
2024-08-23 13:26:37,50400.0,900,Sell,234340137
2024-08-23 13:26:39,50400.0,5000,Buy,234340174
2024-08-23 13:27:07,50400.0,400,Buy,234340857
2024-08-23 13:27:10,50400.0,200,Buy,234340921
2024-08-23 13:27:10,50400.0,800,Buy,234340920
2024-08-23 13:27:23,50400.0,700,Buy,234341214
2024-08-23 13:27:23,50400.0,300,Buy,234341215
2024-08-23 13:27:35,50400.0,800,Buy,234341522
2024-08-23 13:28:11,50400.0,200,Buy,234342420
2024-08-23 13:28:46,50400.0,900,Buy,234343273
2024-08-23 13:29:07,50300.0,1500,Sell,234343832
2024-08-23 13:29:24,50300.0,4600,Sell,234344661
2024-08-23 13:29:38,50300.0,1400,Sell,234345063
2024-08-23 13:29:38,50300.0,1300,Sell,234345062
2024-08-23 13:29:41,50300.0,1000,Sell,234345155
2024-08-23 13:29:45,50300.0,1000,Sell,234345352
2024-08-23 13:29:47,50300.0,1000,Sell,234345382
2024-08-23 13:29:51,50300.0,800,Sell,234345664
2024-08-23 13:29:51,50300.0,3000,Sell,234345665
2024-08-23 13:29:51,50300.0,5000,Sell,234345666
2024-08-23 13:29:51,50300.0,100,Sell,234345676
2024-08-23 13:29:51,50300.0,900,Sell,234345663
2024-08-23 13:29:51,50300.0,200,Sell,234345685
2024-08-23 13:29:51,50300.0,400,Sell,234345680
2024-08-23 13:29:51,50300.0,3000,Sell,234345681
2024-08-23 13:29:51,50300.0,100,Sell,234345682
2024-08-23 13:29:51,50300.0,400,Sell,234345683
2024-08-23 13:29:51,50300.0,400,Sell,234345684
2024-08-23 13:29:51,50300.0,100,Sell,234345679
2024-08-23 13:29:51,50300.0,200,Sell,234345662
2024-08-23 13:29:51,50300.0,400,Sell,234345678
2024-08-23 13:29:51,50300.0,400,Sell,234345660
2024-08-23 13:29:51,50300.0,800,Sell,234345661
2024-08-23 13:29:51,50300.0,600,Sell,234345648
2024-08-23 13:29:51,50300.0,900,Sell,234345649
2024-08-23 13:29:51,50300.0,800,Sell,234345650
2024-08-23 13:29:51,50300.0,1000,Sell,234345651
2024-08-23 13:29:51,50300.0,100,Sell,234345652
2024-08-23 13:29:51,50300.0,200,Sell,234345653
2024-08-23 13:29:51,50300.0,900,Sell,234345677
2024-08-23 13:29:51,50300.0,5000,Sell,234345655
2024-08-23 13:29:51,50300.0,100,Sell,234345658
2024-08-23 13:29:51,50300.0,900,Sell,234345657
2024-08-23 13:29:51,50300.0,100,Sell,234345659
2024-08-23 13:29:51,50300.0,100,Sell,234345654
2024-08-23 13:29:51,50300.0,800,Sell,234345656
2024-08-23 13:29:55,50300.0,1000,Buy,234345783
2024-08-23 13:29:57,50300.0,800,Buy,234345840
2024-08-23 13:30:06,50300.0,2800,Buy,234346139
2024-08-23 13:30:42,50300.0,1000,Buy,234347704
2024-08-23 13:31:04,50300.0,3000,Buy,234348674
2024-08-23 13:31:09,50300.0,900,Buy,234348851
2024-08-23 13:31:12,50300.0,5000,Buy,234349084
2024-08-23 13:31:14,50300.0,10000,Buy,234349212
2024-08-23 13:31:15,50300.0,200,Buy,234349276
2024-08-23 13:31:15,50300.0,2900,Buy,234349275
2024-08-23 13:31:15,50300.0,13200,Buy,234349274
2024-08-23 13:31:15,50300.0,2800,Buy,234349272
2024-08-23 13:31:15,50300.0,100,Buy,234349273
2024-08-23 13:32:26,50400.0,1000,Buy,234353811
2024-08-23 13:32:37,50300.0,400,Sell,234354558
2024-08-23 13:32:37,50300.0,1000,Sell,234354559
2024-08-23 13:32:37,50300.0,600,Sell,234354560
2024-08-23 13:32:55,50300.0,2700,Sell,234355666
2024-08-23 13:33:28,50300.0,1500,Sell,234357998
2024-08-23 13:33:42,50400.0,1000,Buy,234359032
2024-08-23 13:33:47,50300.0,2000,Sell,234359474
2024-08-23 13:33:58,50300.0,900,Sell,234360124
2024-08-23 13:33:58,50300.0,3200,Sell,234360123
2024-08-23 13:34:04,50300.0,700,Sell,234360569
2024-08-23 13:34:42,50400.0,800,Buy,234362824
2024-08-23 13:34:42,50400.0,200,Buy,234362825
2024-08-23 13:34:42,50400.0,300,Buy,234362826
2024-08-23 13:34:42,50400.0,100,Buy,234362827
2024-08-23 13:34:42,50400.0,1000,Buy,234362828
2024-08-23 13:34:42,50400.0,10000,Buy,234362829
2024-08-23 13:34:42,50400.0,10000,Buy,234362830
2024-08-23 13:34:42,50400.0,500,Buy,234362831
2024-08-23 13:34:54,50400.0,3000,Sell,234363343
2024-08-23 13:34:58,50400.0,1000,Sell,234363481
2024-08-23 13:35:20,50500.0,2700,Buy,234364680
2024-08-23 13:35:20,50500.0,100,Buy,234364678
2024-08-23 13:35:20,50500.0,200,Buy,234364679
2024-08-23 13:35:26,50500.0,2000,Buy,234365085
2024-08-23 13:35:29,50400.0,5000,Sell,234365234
2024-08-23 13:35:50,50400.0,4000,Sell,234366339
2024-08-23 13:35:57,50400.0,1000,Sell,234366868
2024-08-23 13:36:08,50400.0,1000,Sell,234367378
2024-08-23 13:36:09,50400.0,1000,Sell,234367464
2024-08-23 13:36:32,50500.0,300,Buy,234368575
2024-08-23 13:36:32,50500.0,700,Buy,234368576
2024-08-23 13:36:35,50400.0,5000,Sell,234368712
2024-08-23 13:37:08,50500.0,900,Buy,234370362
2024-08-23 13:37:08,50500.0,300,Buy,234370361
2024-08-23 13:37:20,50500.0,100,Buy,234371043
2024-08-23 13:37:20,50500.0,100,Buy,234371042
2024-08-23 13:37:20,50500.0,200,Buy,234371041
2024-08-23 13:37:20,50500.0,100,Buy,234371037
2024-08-23 13:37:20,50500.0,100,Buy,234371039
2024-08-23 13:37:20,50500.0,200,Buy,234371038
2024-08-23 13:37:20,50500.0,200,Buy,234371040
2024-08-23 13:37:49,50500.0,1000,Buy,234372709
2024-08-23 13:37:49,50500.0,300,Buy,234372708
2024-08-23 13:37:49,50500.0,200,Buy,234372707
2024-08-23 13:37:49,50500.0,600,Buy,234372706
2024-08-23 13:37:49,50500.0,300,Buy,234372705
2024-08-23 13:37:49,50500.0,500,Buy,234372703
2024-08-23 13:37:49,50500.0,200,Buy,234372704
2024-08-23 13:37:49,50500.0,100,Buy,234372700
2024-08-23 13:37:49,50500.0,1000,Buy,234372699
2024-08-23 13:37:49,50500.0,100,Buy,234372698
2024-08-23 13:37:49,50500.0,100,Buy,234372697
2024-08-23 13:37:49,50500.0,4500,Buy,234372696
2024-08-23 13:37:49,50500.0,100,Buy,234372702
2024-08-23 13:37:49,50500.0,1000,Buy,234372701
2024-08-23 13:37:56,50400.0,300,Sell,234373083
2024-08-23 13:38:03,50500.0,2000,Buy,234373407
2024-08-23 13:38:03,50500.0,7500,Buy,234373405
2024-08-23 13:38:03,50500.0,500,Buy,234373406
2024-08-23 13:38:14,50500.0,900,Buy,234373821
2024-08-23 13:38:20,50500.0,1000,Buy,234374099
2024-08-23 13:38:41,50500.0,1100,Buy,234374917
2024-08-23 13:38:41,50500.0,100,Buy,234374918
2024-08-23 13:38:41,50500.0,100,Buy,234374919
2024-08-23 13:38:41,50500.0,500,Buy,234374920
2024-08-23 13:38:42,50500.0,1200,Buy,234374957
2024-08-23 13:38:48,50500.0,500,Buy,234375137
2024-08-23 13:38:49,50500.0,400,Buy,234375171
2024-08-23 13:39:05,50500.0,1000,Buy,234375960
2024-08-23 13:39:08,50500.0,100,Buy,234376138
2024-08-23 13:39:17,50500.0,6300,Buy,234376460
2024-08-23 13:39:17,50500.0,700,Buy,234376461
2024-08-23 13:39:24,50500.0,500,Buy,234376702
2024-08-23 13:39:24,50500.0,300,Buy,234376701
2024-08-23 13:39:26,50400.0,700,Sell,234376816
2024-08-23 13:39:27,50500.0,500,Buy,234376852
2024-08-23 13:39:43,50500.0,1000,Buy,234377379
2024-08-23 13:39:43,50500.0,200,Buy,234377380
2024-08-23 13:39:48,50500.0,700,Buy,234377633
2024-08-23 13:39:49,50500.0,500,Buy,234377665
2024-08-23 13:39:53,50500.0,700,Buy,234377854
2024-08-23 13:39:53,50500.0,1000,Buy,234377852
2024-08-23 13:39:53,50500.0,200,Buy,234377851
2024-08-23 13:39:53,50500.0,300,Buy,234377850
2024-08-23 13:39:53,50500.0,100,Buy,234377848
2024-08-23 13:39:53,50500.0,10000,Buy,234377853
2024-08-23 13:39:53,50500.0,400,Buy,234377846
2024-08-23 13:39:53,50500.0,100,Buy,234377847
2024-08-23 13:39:53,50500.0,600,Buy,234377841
2024-08-23 13:39:53,50500.0,2500,Buy,234377842
2024-08-23 13:39:53,50500.0,1000,Buy,234377849
2024-08-23 13:39:53,50500.0,1000,Buy,234377844
2024-08-23 13:39:53,50500.0,100,Buy,234377843
2024-08-23 13:39:53,50500.0,2000,Buy,234377845
2024-08-23 13:39:56,50500.0,500,Buy,234377945
2024-08-23 13:39:57,50500.0,200,Buy,234377986
2024-08-23 13:40:02,50500.0,2000,Buy,234378330
2024-08-23 13:40:03,50500.0,5000,Buy,234378361
2024-08-23 13:40:03,50500.0,500,Buy,234378360
2024-08-23 13:40:03,50500.0,8000,Buy,234378359
2024-08-23 13:40:03,50500.0,1000,Buy,234378358
2024-08-23 13:40:03,50500.0,500,Buy,234378356
2024-08-23 13:40:03,50500.0,400,Buy,234378355
2024-08-23 13:40:03,50500.0,1000,Buy,234378354
2024-08-23 13:40:03,50500.0,1600,Buy,234378353
2024-08-23 13:40:03,50500.0,100,Buy,234378357
2024-08-23 13:40:28,50500.0,5000,Sell,234379412
2024-08-23 13:40:35,50500.0,100,Sell,234379686
2024-08-23 13:40:43,50600.0,500,Buy,234380010
2024-08-23 13:40:43,50600.0,3300,Buy,234380014
2024-08-23 13:40:43,50600.0,100,Buy,234380013
2024-08-23 13:40:43,50600.0,3000,Buy,234380011
2024-08-23 13:40:43,50600.0,500,Buy,234380009
2024-08-23 13:40:43,50600.0,500,Buy,234380012
2024-08-23 13:40:43,50600.0,100,Buy,234380007
2024-08-23 13:40:43,50600.0,100,Buy,234380006
2024-08-23 13:40:43,50600.0,100,Buy,234380005
2024-08-23 13:40:43,50600.0,500,Buy,234380004
2024-08-23 13:40:43,50500.0,2000,Sell,234379986
2024-08-23 13:40:43,50600.0,300,Buy,234380008
2024-08-23 13:40:59,50600.0,5000,Buy,234380563
2024-08-23 13:41:46,50600.0,800,Buy,234382380
2024-08-23 13:41:48,50600.0,500,Buy,234382423
2024-08-23 13:42:04,50600.0,1000,Buy,234382909
2024-08-23 13:42:05,50500.0,10000,Sell,234382927
2024-08-23 13:42:06,50600.0,100,Buy,234382953
2024-08-23 13:42:26,50600.0,200,Buy,234383543
2024-08-23 13:42:26,50500.0,300,Sell,234383548
2024-08-23 13:42:31,50600.0,1200,Buy,234383703
2024-08-23 13:42:36,50600.0,100,Buy,234383877
2024-08-23 13:42:52,50500.0,2000,Sell,234384361
2024-08-23 13:42:53,50500.0,300,Sell,234384413
2024-08-23 13:42:55,50500.0,4700,Sell,234384529
2024-08-23 13:42:57,50500.0,500,Sell,234384611
2024-08-23 13:42:57,50500.0,1500,Sell,234384628
2024-08-23 13:42:58,50500.0,500,Sell,234384671
2024-08-23 13:42:58,50500.0,5900,Sell,234384677
2024-08-23 13:43:01,50500.0,100,Sell,234384797
2024-08-23 13:43:01,50500.0,100,Sell,234384848
2024-08-23 13:43:14,50500.0,2000,Sell,234385224
2024-08-23 13:43:17,50500.0,500,Sell,234385314
2024-08-23 13:43:17,50500.0,1200,Sell,234385313
2024-08-23 13:43:17,50500.0,1200,Sell,234385311
2024-08-23 13:43:17,50500.0,900,Sell,234385315
2024-08-23 13:43:17,50500.0,900,Sell,234385309
2024-08-23 13:43:17,50500.0,500,Sell,234385310
2024-08-23 13:43:17,50500.0,200,Sell,234385312
2024-08-23 13:43:17,50500.0,1500,Sell,234385307
2024-08-23 13:43:17,50500.0,2000,Sell,234385308
2024-08-23 13:43:26,50500.0,2100,Buy,234385633
2024-08-23 13:43:26,50500.0,100,Buy,234385634
2024-08-23 13:43:28,50500.0,200,Sell,234385741
2024-08-23 13:43:37,50500.0,2600,Sell,234386035
2024-08-23 13:43:39,50500.0,200,Buy,234386105
2024-08-23 13:43:45,50400.0,200,Sell,234386239
2024-08-23 13:43:52,50500.0,1200,Buy,234386421
2024-08-23 13:44:08,50500.0,800,Buy,234386928
2024-08-23 13:44:09,50500.0,2000,Buy,234386968
2024-08-23 13:44:12,50500.0,500,Buy,234387083
2024-08-23 13:44:14,50500.0,2000,Buy,234387137
2024-08-23 13:44:31,50400.0,100,Sell,234387667
2024-08-23 13:44:48,50500.0,600,Buy,234388151
2024-08-23 13:44:51,50400.0,500,Sell,234388260
2024-08-23 13:44:56,50400.0,500,Sell,234388408
2024-08-23 13:45:03,50400.0,1100,Sell,234388703
2024-08-23 13:45:06,50400.0,5000,Sell,234388772
2024-08-23 13:45:06,50400.0,500,Sell,234388794
2024-08-23 13:45:19,50400.0,500,Sell,234389191
2024-08-23 13:45:33,50500.0,20000,Buy,234389716
2024-08-23 13:45:43,50500.0,100,Buy,234390124
2024-08-23 13:46:06,50500.0,100,Buy,234390864
2024-08-23 13:46:27,50500.0,400,Buy,234391514
2024-08-23 13:46:27,50500.0,500,Buy,234391515
2024-08-23 13:46:27,50500.0,1100,Buy,234391516
2024-08-23 13:46:30,50500.0,800,Buy,234391574
2024-08-23 13:46:31,50500.0,2000,Buy,234391614
2024-08-23 13:46:40,50400.0,1600,Sell,234391859
2024-08-23 13:46:40,50400.0,900,Sell,234391860
2024-08-23 13:46:56,50400.0,100,Sell,234392390
2024-08-23 13:46:56,50400.0,1700,Sell,234392391
2024-08-23 13:47:00,50400.0,400,Sell,234392583
2024-08-23 13:47:01,50400.0,2900,Sell,234392608
2024-08-23 13:47:01,50400.0,800,Sell,234392609
2024-08-23 13:47:01,50400.0,200,Sell,234392610
2024-08-23 13:47:12,50400.0,200,Sell,234392950
2024-08-23 13:47:19,50400.0,300,Sell,234393119
2024-08-23 13:47:24,50400.0,500,Sell,234393246
2024-08-23 13:47:24,50400.0,100,Sell,234393245
2024-08-23 13:47:24,50400.0,1200,Sell,234393243
2024-08-23 13:47:24,50400.0,100,Sell,234393244
2024-08-23 13:47:24,50400.0,100,Sell,234393241
2024-08-23 13:47:24,50400.0,400,Sell,234393240
2024-08-23 13:47:24,50400.0,500,Sell,234393239
2024-08-23 13:47:24,50400.0,100,Sell,234393242
2024-08-23 13:47:31,50400.0,100,Sell,234393461
2024-08-23 13:47:38,50400.0,5000,Sell,234393692
2024-08-23 13:47:46,50400.0,100,Sell,234393904
2024-08-23 13:47:48,50400.0,100,Sell,234393938
2024-08-23 13:47:55,50400.0,5000,Sell,234394116
2024-08-23 13:48:02,50400.0,5000,Sell,234394323
2024-08-23 13:48:04,50400.0,200,Sell,234394473
2024-08-23 13:48:11,50400.0,1000,Sell,234394675
2024-08-23 13:48:54,50400.0,500,Sell,234395945
2024-08-23 13:49:16,50400.0,2000,Sell,234396591
2024-08-23 13:49:18,50400.0,1500,Sell,234396665
2024-08-23 13:49:18,50400.0,500,Sell,234396664
2024-08-23 13:49:31,50400.0,200,Sell,234397129
2024-08-23 13:50:22,50400.0,200,Sell,234398823
2024-08-23 13:50:40,50400.0,100,Sell,234399322
2024-08-23 13:50:52,50400.0,200,Sell,234399621
2024-08-23 13:51:02,50400.0,800,Sell,234399855
2024-08-23 13:51:02,50400.0,900,Sell,234399856
2024-08-23 13:51:02,50400.0,1800,Sell,234399857
2024-08-23 13:51:17,50400.0,200,Sell,234400299
2024-08-23 13:51:17,50400.0,200,Sell,234400300
2024-08-23 13:51:18,50500.0,600,Buy,234400331
2024-08-23 13:51:18,50500.0,2900,Buy,234400330
2024-08-23 13:51:18,50500.0,500,Buy,234400328
2024-08-23 13:51:18,50500.0,5000,Buy,234400329
2024-08-23 13:51:18,50500.0,100,Buy,234400326
2024-08-23 13:51:18,50500.0,100,Buy,234400325
2024-08-23 13:51:18,50500.0,100,Buy,234400324
2024-08-23 13:51:18,50500.0,200,Buy,234400323
2024-08-23 13:51:18,50500.0,500,Buy,234400327
2024-08-23 13:52:05,50500.0,900,Buy,234401643
2024-08-23 13:52:05,50500.0,3000,Buy,234401644
2024-08-23 13:52:05,50500.0,10000,Buy,234401645
2024-08-23 13:52:05,50500.0,1100,Buy,234401646
2024-08-23 13:52:25,50500.0,900,Buy,234402204
2024-08-23 13:52:29,50500.0,1000,Buy,234402359
2024-08-23 13:52:38,50500.0,200,Buy,234402641
2024-08-23 13:52:41,50500.0,5000,Buy,234402725
2024-08-23 13:52:42,50500.0,400,Buy,234402775
2024-08-23 13:53:36,50500.0,100,Buy,234404211
2024-08-23 13:53:36,50500.0,300,Buy,234404210
2024-08-23 13:53:36,50500.0,400,Buy,234404209
2024-08-23 13:53:53,50500.0,900,Buy,234404630
2024-08-23 13:53:53,50500.0,200,Buy,234404631
2024-08-23 13:53:53,50500.0,900,Buy,234404632
2024-08-23 13:54:01,50500.0,2000,Buy,234404816
2024-08-23 13:54:26,50500.0,1100,Buy,234405478
2024-08-23 13:54:26,50500.0,100,Buy,234405479
2024-08-23 13:54:26,50500.0,100,Buy,234405480
2024-08-23 13:54:26,50500.0,200,Buy,234405481
2024-08-23 13:54:26,50500.0,8500,Buy,234405482
2024-08-23 13:54:36,50500.0,300,Buy,234405812
2024-08-23 13:54:47,50500.0,900,Buy,234406088
2024-08-23 13:55:09,50400.0,1000,Sell,234406596
2024-08-23 13:55:20,50400.0,600,Sell,234406957
2024-08-23 13:55:46,50400.0,100,Sell,234407673
2024-08-23 13:55:46,50400.0,400,Sell,234407672
2024-08-23 13:55:50,50400.0,800,Sell,234407760
2024-08-23 13:55:50,50400.0,100,Sell,234407761
2024-08-23 13:55:50,50400.0,19100,Sell,234407762
2024-08-23 13:55:58,50400.0,2000,Sell,234407940
2024-08-23 13:55:58,50400.0,800,Sell,234407954
2024-08-23 13:55:58,50400.0,300,Sell,234407953
2024-08-23 13:55:58,50400.0,1000,Sell,234407952
2024-08-23 13:55:58,50400.0,1000,Sell,234407943
2024-08-23 13:55:58,50400.0,900,Sell,234407941
2024-08-23 13:55:58,50400.0,400,Sell,234407939
2024-08-23 13:55:58,50400.0,1000,Sell,234407942
2024-08-23 13:55:58,50400.0,100,Sell,234407937
2024-08-23 13:55:58,50400.0,5200,Sell,234407932
2024-08-23 13:55:58,50400.0,2000,Sell,234407933
2024-08-23 13:55:58,50400.0,800,Sell,234407934
2024-08-23 13:55:58,50400.0,800,Sell,234407938
2024-08-23 13:55:58,50400.0,900,Sell,234407931
2024-08-23 13:55:58,50400.0,200,Sell,234407936
2024-08-23 13:55:58,50400.0,900,Sell,234407935
2024-08-23 13:56:14,50400.0,2000,Buy,234408333
2024-08-23 13:56:38,50400.0,600,Buy,234408869
2024-08-23 13:56:55,50400.0,100,Buy,234409300
2024-08-23 13:57:08,50400.0,900,Buy,234409654
2024-08-23 13:57:52,50400.0,5000,Buy,234410786
2024-08-23 13:58:19,50400.0,500,Buy,234411453
2024-08-23 13:58:19,50400.0,300,Buy,234411454
2024-08-23 13:58:29,50400.0,100,Buy,234411709
2024-08-23 13:58:29,50400.0,10000,Buy,234411708
2024-08-23 13:58:29,50400.0,5800,Buy,234411707
2024-08-23 13:58:29,50400.0,400,Buy,234411706
2024-08-23 13:58:29,50400.0,300,Buy,234411703
2024-08-23 13:58:29,50400.0,1000,Buy,234411705
2024-08-23 13:58:29,50400.0,12000,Buy,234411704
2024-08-23 13:58:54,50500.0,500,Buy,234412498
2024-08-23 13:59:14,50400.0,100,Sell,234413190
2024-08-23 13:59:30,50400.0,900,Sell,234413551
2024-08-23 13:59:35,50400.0,10000,Sell,234413653
2024-08-23 14:00:20,50400.0,200,Sell,234414904
2024-08-23 14:00:39,50400.0,3000,Sell,234415348
2024-08-23 14:01:20,50500.0,400,Buy,234416408
2024-08-23 14:01:22,50500.0,400,Buy,234416505
2024-08-23 14:01:22,50400.0,200,Sell,234416488
2024-08-23 14:01:35,50400.0,300,Sell,234416953
2024-08-23 14:01:49,50400.0,300,Sell,234417367
2024-08-23 14:01:49,50400.0,5700,Sell,234417366
2024-08-23 14:01:58,50400.0,700,Sell,234417555
2024-08-23 14:01:58,50400.0,900,Sell,234417556
2024-08-23 14:01:58,50400.0,1000,Sell,234417557
2024-08-23 14:01:58,50400.0,200,Sell,234417558
2024-08-23 14:01:58,50400.0,800,Sell,234417559
2024-08-23 14:01:58,50400.0,2000,Sell,234417560
2024-08-23 14:01:58,50400.0,3400,Sell,234417561
2024-08-23 14:02:01,50400.0,1500,Sell,234417666
2024-08-23 14:02:20,50400.0,100,Sell,234418184
2024-08-23 14:02:20,50400.0,200,Sell,234418185
2024-08-23 14:02:20,50400.0,900,Sell,234418186
2024-08-23 14:02:58,50400.0,3000,Buy,234419106
2024-08-23 14:03:03,50400.0,800,Buy,234419247
2024-08-23 14:03:04,50400.0,2000,Buy,234419274
2024-08-23 14:03:08,50400.0,2000,Buy,234419384
2024-08-23 14:03:43,50400.0,300,Buy,234420095
2024-08-23 14:04:14,50400.0,700,Buy,234420953
2024-08-23 14:04:14,50400.0,200,Buy,234420954
2024-08-23 14:05:25,50400.0,800,Buy,234423078
2024-08-23 14:05:57,50300.0,100,Sell,234423926
2024-08-23 14:06:21,50400.0,2000,Buy,234424672
2024-08-23 14:06:36,50400.0,900,Buy,234425168
2024-08-23 14:06:43,50300.0,1500,Sell,234425576
2024-08-23 14:06:43,50300.0,10000,Sell,234425575
2024-08-23 14:06:43,50300.0,800,Sell,234425573
2024-08-23 14:06:43,50300.0,200,Sell,234425574
2024-08-23 14:06:43,50300.0,2000,Sell,234425572
2024-08-23 14:06:43,50300.0,100,Sell,234425567
2024-08-23 14:06:43,50300.0,900,Sell,234425570
2024-08-23 14:06:43,50300.0,100,Sell,234425571
2024-08-23 14:06:43,50300.0,3300,Sell,234425565
2024-08-23 14:06:43,50300.0,800,Sell,234425566
2024-08-23 14:06:43,50300.0,100,Sell,234425568
2024-08-23 14:06:43,50300.0,200,Sell,234425569
2024-08-23 14:06:49,50400.0,200,Buy,234425864
2024-08-23 14:07:30,50300.0,300,Sell,234427461
2024-08-23 14:07:30,50300.0,700,Sell,234427462
2024-08-23 14:07:41,50300.0,100,Sell,234427808
2024-08-23 14:07:46,50300.0,100,Sell,234427965
2024-08-23 14:07:54,50300.0,3000,Sell,234428191
2024-08-23 14:07:55,50400.0,800,Buy,234428200
2024-08-23 14:07:59,50400.0,2000,Buy,234428281
2024-08-23 14:07:59,50400.0,700,Buy,234428280
2024-08-23 14:07:59,50400.0,200,Buy,234428279
2024-08-23 14:07:59,50400.0,1000,Buy,234428278
2024-08-23 14:07:59,50400.0,1000,Buy,234428277
2024-08-23 14:07:59,50400.0,5100,Buy,234428276
2024-08-23 14:08:12,50300.0,2300,Sell,234428677
2024-08-23 14:08:12,50300.0,5000,Sell,234428676
2024-08-23 14:08:12,50300.0,200,Sell,234428675
2024-08-23 14:08:12,50300.0,400,Sell,234428674
2024-08-23 14:08:12,50300.0,1000,Sell,234428673
2024-08-23 14:08:12,50300.0,20000,Sell,234428672
2024-08-23 14:08:12,50300.0,500,Sell,234428671
2024-08-23 14:08:12,50300.0,500,Sell,234428670
2024-08-23 14:08:12,50300.0,20000,Sell,234428667
2024-08-23 14:08:12,50300.0,1200,Sell,234428668
2024-08-23 14:08:12,50300.0,46100,Sell,234428660
2024-08-23 14:08:12,50300.0,200,Sell,234428666
2024-08-23 14:08:12,50300.0,1000,Sell,234428665
2024-08-23 14:08:12,50300.0,100,Sell,234428664
2024-08-23 14:08:12,50300.0,100,Sell,234428663
2024-08-23 14:08:12,50300.0,100,Sell,234428662
2024-08-23 14:08:12,50300.0,1200,Sell,234428661
2024-08-23 14:08:12,50300.0,100,Sell,234428669
2024-08-23 14:08:24,50300.0,1700,Sell,234429065
2024-08-23 14:08:26,50300.0,2000,Sell,234429120
2024-08-23 14:08:26,50300.0,13000,Sell,234429121
2024-08-23 14:08:28,50300.0,4700,Sell,234429147
2024-08-23 14:08:28,50300.0,1000,Sell,234429148
2024-08-23 14:08:30,50400.0,100,Buy,234429321
2024-08-23 14:08:32,50300.0,100,Sell,234429366
2024-08-23 14:08:32,50300.0,200,Sell,234429369
2024-08-23 14:08:32,50300.0,800,Sell,234429368
2024-08-23 14:08:32,50300.0,100,Sell,234429367
2024-08-23 14:08:32,50300.0,100,Sell,234429365
2024-08-23 14:08:32,50300.0,1000,Sell,234429370
2024-08-23 14:08:32,50300.0,400,Sell,234429363
2024-08-23 14:08:32,50300.0,500,Sell,234429362
2024-08-23 14:08:32,50300.0,8000,Sell,234429361
2024-08-23 14:08:32,50300.0,100,Sell,234429360
2024-08-23 14:08:32,50300.0,1300,Sell,234429359
2024-08-23 14:08:32,50300.0,4000,Sell,234429364
2024-08-23 14:08:56,50300.0,100,Buy,234430085
2024-08-23 14:08:58,50300.0,900,Buy,234430109
2024-08-23 14:09:18,50300.0,1000,Buy,234430857
2024-08-23 14:09:45,50200.0,100,Sell,234431916
2024-08-23 14:09:58,50200.0,100,Sell,234432511
2024-08-23 14:09:58,50200.0,900,Sell,234432510
2024-08-23 14:10:06,50200.0,700,Sell,234432840
2024-08-23 14:10:06,50200.0,100,Sell,234432841
2024-08-23 14:10:06,50200.0,100,Sell,234432842
2024-08-23 14:10:06,50200.0,100,Sell,234432843
2024-08-23 14:10:06,50200.0,500,Sell,234432844
2024-08-23 14:10:06,50200.0,1500,Sell,234432845
2024-08-23 14:10:37,50300.0,2000,Buy,234434142
2024-08-23 14:10:37,50300.0,4000,Buy,234434140
2024-08-23 14:10:37,50300.0,1000,Buy,234434141
2024-08-23 14:10:42,50200.0,5000,Sell,234434382
2024-08-23 14:11:05,50200.0,100,Sell,234435216
2024-08-23 14:11:06,50300.0,500,Buy,234435258
2024-08-23 14:11:10,50300.0,1000,Buy,234435387
2024-08-23 14:11:20,50300.0,900,Buy,234435738
2024-08-23 14:11:54,50300.0,500,Buy,234437037
2024-08-23 14:12:11,50300.0,500,Buy,234437633
2024-08-23 14:12:24,50300.0,300,Buy,234438017
2024-08-23 14:12:30,50300.0,800,Buy,234438163
2024-08-23 14:12:53,50300.0,1000,Buy,234438978
2024-08-23 14:12:59,50300.0,200,Buy,234439118
2024-08-23 14:13:41,50300.0,900,Buy,234440469
2024-08-23 14:13:41,50300.0,400,Buy,234440484
2024-08-23 14:13:48,50200.0,2300,Sell,234440829
2024-08-23 14:13:48,50200.0,3400,Sell,234440827
2024-08-23 14:13:48,50200.0,100,Sell,234440828
2024-08-23 14:13:51,50300.0,1000,Buy,234441015
2024-08-23 14:13:51,50300.0,1000,Buy,234441016
2024-08-23 14:13:51,50300.0,2000,Buy,234441017
2024-08-23 14:13:55,50300.0,1000,Buy,234441119
2024-08-23 14:13:55,50300.0,2500,Buy,234441117
2024-08-23 14:13:55,50300.0,100,Buy,234441118
2024-08-23 14:13:55,50300.0,500,Buy,234441115
2024-08-23 14:13:55,50300.0,12000,Buy,234441114
2024-08-23 14:13:55,50300.0,8000,Buy,234441113
2024-08-23 14:13:55,50300.0,1000,Buy,234441116
2024-08-23 14:14:09,50400.0,400,Buy,234441794
2024-08-23 14:14:12,50300.0,500,Sell,234441923
2024-08-23 14:14:17,50300.0,1000,Sell,234442065
2024-08-23 14:15:02,50300.0,3400,Sell,234443611
2024-08-23 14:15:02,50300.0,2300,Sell,234443612
2024-08-23 14:15:02,50300.0,200,Sell,234443613
2024-08-23 14:15:02,50300.0,100,Sell,234443614
2024-08-23 14:15:02,50300.0,4000,Sell,234443615
2024-08-23 14:15:17,50300.0,1000,Sell,234444406
2024-08-23 14:15:17,50300.0,100,Sell,234444407
2024-08-23 14:15:17,50300.0,100,Sell,234444408
2024-08-23 14:15:26,50400.0,200,Buy,234445057
2024-08-23 14:16:03,50400.0,900,Buy,234446609
2024-08-23 14:16:09,50400.0,100,Buy,234446902
2024-08-23 14:16:29,50400.0,500,Buy,234447476
2024-08-23 14:16:38,50300.0,800,Sell,234448157
2024-08-23 14:16:38,50300.0,1100,Sell,234448165
2024-08-23 14:16:38,50300.0,2000,Sell,234448164
2024-08-23 14:16:38,50300.0,100,Sell,234448163
2024-08-23 14:16:38,50300.0,500,Sell,234448162
2024-08-23 14:16:38,50300.0,1900,Sell,234448156
2024-08-23 14:16:38,50300.0,1500,Sell,234448160
2024-08-23 14:16:38,50300.0,1000,Sell,234448159
2024-08-23 14:16:38,50300.0,100,Sell,234448158
2024-08-23 14:16:38,50300.0,1000,Sell,234448161
2024-08-23 14:16:55,50300.0,500,Sell,234448871
2024-08-23 14:16:55,50300.0,1100,Sell,234448872
2024-08-23 14:17:35,50400.0,400,Buy,234450114
2024-08-23 14:18:08,50400.0,200,Buy,234451400
2024-08-23 14:18:13,50400.0,200,Buy,234451577
2024-08-23 14:18:21,50400.0,500,Buy,234451883
2024-08-23 14:18:25,50400.0,800,Buy,234452040
2024-08-23 14:18:35,50400.0,200,Buy,234452409
2024-08-23 14:18:41,50400.0,200,Buy,234452669
2024-08-23 14:18:44,50300.0,200,Sell,234452822
2024-08-23 14:19:09,50300.0,1000,Sell,234453930
2024-08-23 14:19:12,50400.0,1000,Buy,234454019
2024-08-23 14:19:22,50400.0,100,Buy,234454448
2024-08-23 14:19:36,50400.0,900,Buy,234455010
2024-08-23 14:19:39,50400.0,700,Buy,234455134
2024-08-23 14:19:57,50400.0,1000,Buy,234456241
2024-08-23 14:20:09,50400.0,500,Buy,234456818
2024-08-23 14:20:15,50400.0,300,Buy,234457097
2024-08-23 14:20:20,50400.0,1000,Buy,234457300
2024-08-23 14:20:28,50400.0,100,Buy,234457747
2024-08-23 14:20:32,50300.0,800,Sell,234458064
2024-08-23 14:20:36,50400.0,500,Buy,234458306
2024-08-23 14:20:58,50400.0,300,Buy,234459595
2024-08-23 14:20:59,50400.0,1000,Buy,234459664
2024-08-23 14:21:04,50400.0,1000,Buy,234459919
2024-08-23 14:21:06,50400.0,4900,Buy,234460017
2024-08-23 14:21:06,50400.0,100,Buy,234460018
2024-08-23 14:21:06,50400.0,2100,Buy,234460049
2024-08-23 14:21:08,50400.0,1000,Buy,234460129
2024-08-23 14:21:12,50400.0,800,Buy,234460356
2024-08-23 14:21:12,50400.0,800,Buy,234460363
2024-08-23 14:21:13,50400.0,300,Buy,234460412
2024-08-23 14:21:13,50400.0,100,Buy,234460413
2024-08-23 14:21:13,50400.0,600,Buy,234460414
2024-08-23 14:21:16,50400.0,1000,Buy,234460573
2024-08-23 14:21:18,50400.0,300,Buy,234460714
2024-08-23 14:21:19,50400.0,10000,Buy,234460753
2024-08-23 14:21:21,50400.0,5000,Buy,234460876
2024-08-23 14:21:21,50400.0,500,Buy,234460900
2024-08-23 14:21:22,50400.0,100,Buy,234460930
2024-08-23 14:21:22,50400.0,300,Buy,234460929
2024-08-23 14:21:22,50400.0,1500,Buy,234460928
2024-08-23 14:21:22,50400.0,2000,Buy,234460927
2024-08-23 14:21:22,50400.0,100,Buy,234460926
2024-08-23 14:21:22,50400.0,2000,Buy,234460925
2024-08-23 14:21:22,50400.0,1000,Buy,234460924
2024-08-23 14:21:22,50400.0,5000,Buy,234460923
2024-08-23 14:21:22,50400.0,800,Buy,234460919
2024-08-23 14:21:22,50400.0,1000,Buy,234460921
2024-08-23 14:21:22,50400.0,3000,Buy,234460922
2024-08-23 14:21:22,50400.0,7600,Buy,234460913
2024-08-23 14:21:22,50400.0,10000,Buy,234460914
2024-08-23 14:21:22,50400.0,5000,Buy,234460915
2024-08-23 14:21:22,50400.0,1500,Buy,234460918
2024-08-23 14:21:22,50400.0,1000,Buy,234460917
2024-08-23 14:21:22,50400.0,100,Buy,234460916
2024-08-23 14:21:22,50400.0,200,Buy,234460920
2024-08-23 14:21:57,50500.0,100,Buy,234462931
2024-08-23 14:22:05,50500.0,5000,Buy,234463459
2024-08-23 14:22:06,50400.0,2800,Sell,234463492
2024-08-23 14:22:06,50400.0,2000,Sell,234463493
2024-08-23 14:22:06,50400.0,200,Sell,234463494
2024-08-23 14:22:12,50500.0,100,Buy,234463866
2024-08-23 14:22:18,50500.0,2900,Buy,234464241
2024-08-23 14:22:24,50500.0,2100,Buy,234464584
2024-08-23 14:22:27,50500.0,1000,Buy,234464734
2024-08-23 14:22:34,50400.0,200,Sell,234465180
2024-08-23 14:22:34,50400.0,3000,Sell,234465181
2024-08-23 14:22:34,50400.0,1000,Sell,234465182
2024-08-23 14:22:34,50400.0,1000,Sell,234465183
2024-08-23 14:22:34,50400.0,1800,Sell,234465179
2024-08-23 14:22:36,50500.0,300,Buy,234465394
2024-08-23 14:22:36,50500.0,1300,Buy,234465397
2024-08-23 14:22:36,50500.0,100,Buy,234465395
2024-08-23 14:22:36,50500.0,100,Buy,234465396
2024-08-23 14:22:36,50500.0,100,Buy,234465391
2024-08-23 14:22:36,50500.0,100,Buy,234465392
2024-08-23 14:22:36,50500.0,200,Buy,234465393
2024-08-23 14:22:36,50500.0,2800,Buy,234465390
2024-08-23 14:22:40,50400.0,100,Sell,234465656
2024-08-23 14:22:48,50500.0,1000,Buy,234466256
2024-08-23 14:23:08,50500.0,100,Buy,234467419
2024-08-23 14:23:08,50500.0,600,Buy,234467433
2024-08-23 14:23:08,50500.0,200,Buy,234467434
2024-08-23 14:23:08,50500.0,100,Buy,234467435
2024-08-23 14:23:08,50500.0,100,Buy,234467436
2024-08-23 14:23:24,50500.0,1600,Buy,234468545
2024-08-23 14:23:24,50500.0,400,Buy,234468543
2024-08-23 14:23:24,50500.0,1000,Buy,234468544
2024-08-23 14:23:31,50500.0,300,Buy,234469063
2024-08-23 14:24:17,50500.0,600,Buy,234471866
2024-08-23 14:24:17,50500.0,100,Buy,234471867
2024-08-23 14:24:17,50500.0,300,Buy,234471868
2024-08-23 14:24:19,50500.0,1500,Buy,234471973
2024-08-23 14:24:34,50500.0,2000,Buy,234472794
2024-08-23 14:24:45,50500.0,1000,Buy,234473551
2024-08-23 14:24:49,50500.0,100,Buy,234473693
2024-08-23 14:24:50,50500.0,400,Buy,234473752
2024-08-23 14:24:50,50500.0,100,Buy,234473753
2024-08-23 14:24:54,50500.0,100,Buy,234473992
2024-08-23 14:25:00,50500.0,300,Buy,234474437
2024-08-23 14:25:00,50500.0,100,Buy,234474436
2024-08-23 14:25:09,50500.0,600,Buy,234474956
2024-08-23 14:25:14,50500.0,200,Buy,234475221
2024-08-23 14:25:14,50500.0,500,Buy,234475220
2024-08-23 14:25:18,50500.0,300,Buy,234475431
2024-08-23 14:25:25,50500.0,500,Buy,234475949
2024-08-23 14:25:35,50500.0,2000,Buy,234476495
2024-08-23 14:25:36,50400.0,1600,Sell,234476509
2024-08-23 14:25:45,50500.0,3000,Buy,234476955
2024-08-23 14:25:45,50500.0,2000,Buy,234476956
2024-08-23 14:25:45,50500.0,100,Buy,234476957
2024-08-23 14:25:45,50400.0,100,Sell,234476969
2024-08-23 14:25:50,50500.0,1300,Buy,234477305
2024-08-23 14:25:50,50500.0,1000,Buy,234477304
2024-08-23 14:25:50,50500.0,200,Buy,234477303
2024-08-23 14:25:50,50500.0,300,Buy,234477301
2024-08-23 14:25:50,50500.0,900,Buy,234477300
2024-08-23 14:25:50,50500.0,500,Buy,234477296
2024-08-23 14:25:50,50500.0,800,Buy,234477302
2024-08-23 14:25:54,50500.0,5000,Buy,234477573
2024-08-23 14:25:55,50500.0,2000,Buy,234477657
2024-08-23 14:25:56,50500.0,800,Buy,234477781
2024-08-23 14:25:56,50500.0,500,Buy,234477782
2024-08-23 14:25:57,50500.0,300,Buy,234477869
2024-08-23 14:25:57,50500.0,200,Buy,234477868
2024-08-23 14:25:57,50500.0,100,Buy,234477865
2024-08-23 14:25:57,50500.0,500,Buy,234477867
2024-08-23 14:25:57,50500.0,1000,Buy,234477863
2024-08-23 14:25:57,50500.0,500,Buy,234477864
2024-08-23 14:25:57,50500.0,400,Buy,234477860
2024-08-23 14:25:57,50500.0,500,Buy,234477866
2024-08-23 14:25:57,50500.0,200,Buy,234477862
2024-08-23 14:25:57,50500.0,300,Buy,234477861
2024-08-23 14:25:58,50500.0,200,Sell,234477947
2024-08-23 14:26:06,50500.0,800,Sell,234478521
2024-08-23 14:26:06,50500.0,800,Sell,234478522
2024-08-23 14:26:13,50600.0,100,Buy,234478929
2024-08-23 14:26:23,50500.0,1200,Sell,234479772
2024-08-23 14:26:23,50500.0,1800,Sell,234479773
2024-08-23 14:26:28,50500.0,200,Sell,234480072
2024-08-23 14:26:28,50500.0,200,Sell,234480073
2024-08-23 14:26:28,50400.0,900,Sell,234480074
2024-08-23 14:26:38,50600.0,100,Buy,234480813
2024-08-23 14:26:42,50500.0,500,Sell,234481014
2024-08-23 14:26:50,50500.0,100,Sell,234481674
2024-08-23 14:26:55,50500.0,1000,Sell,234482085
2024-08-23 14:26:57,50500.0,400,Sell,234482220
2024-08-23 14:26:57,50500.0,600,Sell,234482221
2024-08-23 14:27:01,50600.0,200,Buy,234482575
2024-08-23 14:27:09,50600.0,500,Buy,234483078
2024-08-23 14:27:14,50600.0,600,Buy,234483420
2024-08-23 14:27:22,50600.0,200,Buy,234483841
2024-08-23 14:27:22,50600.0,700,Buy,234483846
2024-08-23 14:27:22,50600.0,500,Buy,234483845
2024-08-23 14:27:22,50600.0,1000,Buy,234483844
2024-08-23 14:27:22,50600.0,100,Buy,234483843
2024-08-23 14:27:22,50600.0,100,Buy,234483842
2024-08-23 14:27:22,50600.0,500,Buy,234483840
2024-08-23 14:27:22,50600.0,500,Buy,234483838
2024-08-23 14:27:22,50600.0,1000,Buy,234483837
2024-08-23 14:27:22,50600.0,100,Buy,234483836
2024-08-23 14:27:22,50600.0,2500,Buy,234483835
2024-08-23 14:27:22,50600.0,1800,Buy,234483834
2024-08-23 14:27:22,50600.0,1000,Buy,234483839
2024-08-23 14:27:27,50500.0,200,Sell,234484147
2024-08-23 14:28:03,50600.0,1100,Buy,234486426
2024-08-23 14:28:03,50600.0,100,Buy,234486427
2024-08-23 14:28:10,50600.0,100,Buy,234486943
2024-08-23 14:28:10,50600.0,400,Buy,234486944
2024-08-23 14:28:31,50500.0,4200,Sell,234488425
2024-08-23 14:28:31,50500.0,100,Sell,234488426
2024-08-23 14:28:31,50500.0,700,Sell,234488427
2024-08-23 14:28:41,50500.0,200,Sell,234489081
2024-08-23 14:28:41,50500.0,200,Sell,234489047
2024-08-23 14:28:43,50500.0,100,Sell,234489165
2024-08-23 14:28:43,50500.0,800,Sell,234489202
2024-08-23 14:28:43,50500.0,200,Sell,234489203
2024-08-23 14:28:54,50600.0,1900,Buy,234490022
2024-08-23 14:28:54,50600.0,200,Buy,234490021
2024-08-23 14:28:54,50600.0,600,Buy,234490020
2024-08-23 14:28:54,50600.0,500,Buy,234490019
2024-08-23 14:28:54,50600.0,300,Buy,234490018
2024-08-23 14:28:54,50600.0,100,Buy,234490017
2024-08-23 14:28:54,50600.0,300,Buy,234490016
2024-08-23 14:28:54,50600.0,1000,Buy,234490015
2024-08-23 14:28:54,50600.0,500,Buy,234490014
2024-08-23 14:28:54,50600.0,1000,Buy,234490013
2024-08-23 14:28:54,50600.0,500,Buy,234490012
2024-08-23 14:28:54,50500.0,4600,Sell,234489997
2024-08-23 14:28:54,50600.0,100,Buy,234490010
2024-08-23 14:28:54,50500.0,200,Sell,234489996
2024-08-23 14:28:54,50500.0,400,Sell,234489995
2024-08-23 14:28:54,50500.0,500,Sell,234489994
2024-08-23 14:28:54,50500.0,5100,Sell,234489993
2024-08-23 14:28:54,50500.0,100,Sell,234489992
2024-08-23 14:28:54,50500.0,1000,Sell,234489991
2024-08-23 14:28:54,50500.0,2000,Sell,234489990
2024-08-23 14:28:54,50500.0,3000,Sell,234489989
2024-08-23 14:28:54,50500.0,100,Sell,234489988
2024-08-23 14:28:54,50600.0,1000,Buy,234490011
2024-08-23 14:29:01,50500.0,500,Sell,234490516
2024-08-23 14:29:14,50500.0,4900,Sell,234491309
2024-08-23 14:29:14,50500.0,100,Sell,234491310
2024-08-23 14:29:16,50500.0,1000,Sell,234491479
2024-08-23 14:29:16,50500.0,1000,Sell,234491480
2024-08-23 14:29:20,50500.0,200,Sell,234491812
2024-08-23 14:29:24,50500.0,800,Sell,234492069
2024-08-23 14:29:24,50500.0,700,Sell,234492070
2024-08-23 14:29:24,50500.0,2500,Sell,234492071
2024-08-23 14:29:26,50500.0,200,Sell,234492146
2024-08-23 14:29:27,50500.0,2000,Sell,234492219
2024-08-23 14:29:28,50500.0,5000,Sell,234492239
2024-08-23 14:44:37,50500.0,181800,ATO/ATC,234493843
