time,price,volume,match_type,id
2024-07-30 09:14:39,47350.0,12100,ATO/ATC,227139502
2024-07-30 09:15:06,47300.0,200,Sell,227140669
2024-07-30 09:15:23,47300.0,100,Sell,227141451
2024-07-30 09:15:23,47300.0,100,Sell,227141450
2024-07-30 09:15:44,47300.0,100,Sell,227142212
2024-07-30 09:15:44,47300.0,100,Sell,227142211
2024-07-30 09:15:44,47300.0,100,Sell,227142213
2024-07-30 09:16:13,47300.0,500,Buy,227142927
2024-07-30 09:16:25,47300.0,1000,Buy,227143234
2024-07-30 09:16:35,47300.0,500,Buy,227143534
2024-07-30 09:16:42,47300.0,100,Buy,227143725
2024-07-30 09:16:56,47300.0,2000,Buy,227144234
2024-07-30 09:17:16,47300.0,100,Buy,227144856
2024-07-30 09:17:17,47250.0,100,Sell,227144899
2024-07-30 09:17:17,47250.0,200,Sell,227144900
2024-07-30 09:17:17,47250.0,500,Sell,227144901
2024-07-30 09:17:51,47250.0,300,Sell,227146301
2024-07-30 09:17:53,47250.0,200,Sell,227146384
2024-07-30 09:17:53,47250.0,600,Sell,227146385
2024-07-30 09:17:55,47250.0,100,Sell,227146477
2024-07-30 09:18:04,47250.0,100,Sell,227146783
2024-07-30 09:18:12,47300.0,100,Buy,227147004
2024-07-30 09:18:13,47250.0,100,Sell,227147038
2024-07-30 09:18:16,47250.0,1000,Sell,227147209
2024-07-30 09:18:24,47250.0,2000,Sell,227147476
2024-07-30 09:18:25,47250.0,2900,Sell,227147494
2024-07-30 09:18:29,47250.0,100,Sell,227147670
2024-07-30 09:18:33,47300.0,300,Buy,227147763
2024-07-30 09:18:34,47250.0,300,Sell,227147793
2024-07-30 09:18:55,47250.0,1500,Sell,227148604
2024-07-30 09:19:09,47250.0,300,Sell,227149080
2024-07-30 09:19:11,47250.0,500,Sell,227149125
2024-07-30 09:19:35,47250.0,100,Sell,227149986
2024-07-30 09:19:39,47250.0,400,Sell,227150160
2024-07-30 09:19:39,47250.0,100,Sell,227150161
2024-07-30 09:19:44,47250.0,1300,Sell,227150315
2024-07-30 09:19:44,47250.0,100,Sell,227150313
2024-07-30 09:19:44,47250.0,100,Sell,227150314
2024-07-30 09:19:57,47250.0,500,Buy,227150832
2024-07-30 09:20:20,47200.0,100,Sell,227151529
2024-07-30 09:20:20,47200.0,200,Sell,227151530
2024-07-30 09:20:44,47200.0,100,Sell,227152209
2024-07-30 09:20:49,47200.0,400,Sell,227152383
2024-07-30 09:20:49,47200.0,900,Sell,227152384
2024-07-30 09:20:49,47200.0,100,Sell,227152385
2024-07-30 09:20:49,47200.0,100,Sell,227152386
2024-07-30 09:20:49,47200.0,1000,Sell,227152387
2024-07-30 09:20:49,47200.0,100,Sell,227152388
2024-07-30 09:20:49,47150.0,500,Sell,227152389
2024-07-30 09:20:49,47150.0,1000,Sell,227152390
2024-07-30 09:20:49,47150.0,5900,Sell,227152391
2024-07-30 09:22:01,47150.0,5000,Sell,227154449
2024-07-30 09:22:03,47150.0,5000,Sell,227154495
2024-07-30 09:22:04,47150.0,1600,Sell,227154526
2024-07-30 09:22:48,47150.0,300,Sell,227155802
2024-07-30 09:22:54,47150.0,100,Sell,227156021
2024-07-30 09:23:00,47150.0,100,Sell,227156200
2024-07-30 09:23:00,47150.0,900,Sell,227156201
2024-07-30 09:23:14,47150.0,600,Sell,227156655
2024-07-30 09:23:41,47150.0,500,Sell,227157380
2024-07-30 09:23:51,47150.0,1200,Sell,227157639
2024-07-30 09:24:25,47150.0,100,Sell,227158523
2024-07-30 09:24:35,47200.0,500,Buy,227158733
2024-07-30 09:24:35,47200.0,400,Buy,227158734
2024-07-30 09:24:35,47200.0,100,Buy,227158735
2024-07-30 09:24:36,47150.0,700,Sell,227158762
2024-07-30 09:24:36,47150.0,1000,Sell,227158761
2024-07-30 09:24:36,47150.0,1000,Sell,227158759
2024-07-30 09:24:36,47150.0,200,Sell,227158760
2024-07-30 09:24:36,47150.0,1100,Sell,227158758
2024-07-30 09:25:03,47150.0,200,Sell,227159543
2024-07-30 09:25:03,47150.0,1300,Sell,227159541
2024-07-30 09:25:03,47150.0,5000,Sell,227159542
2024-07-30 09:25:04,47150.0,100,Buy,227159588
2024-07-30 09:25:07,47150.0,200,Buy,227159684
2024-07-30 09:25:21,47200.0,200,Buy,227160027
2024-07-30 09:25:33,47200.0,300,Buy,227160367
2024-07-30 09:25:35,47200.0,400,Buy,227160397
2024-07-30 09:25:35,47200.0,300,Buy,227160398
2024-07-30 09:25:43,47200.0,300,Sell,227160618
2024-07-30 09:25:43,47200.0,700,Sell,227160619
2024-07-30 09:26:03,47100.0,300,Sell,227161230
2024-07-30 09:26:03,47100.0,100,Sell,227161229
2024-07-30 09:26:03,47100.0,400,Sell,227161228
2024-07-30 09:26:03,47100.0,1000,Sell,227161227
2024-07-30 09:26:03,47100.0,200,Sell,227161226
2024-07-30 09:26:03,47150.0,1000,Sell,227161223
2024-07-30 09:26:03,47150.0,300,Sell,227161222
2024-07-30 09:26:03,47100.0,1100,Sell,227161225
2024-07-30 09:26:03,47150.0,200,Sell,227161224
2024-07-30 09:27:26,47100.0,1000,Sell,227163596
2024-07-30 09:27:34,47150.0,500,Buy,227163861
2024-07-30 09:27:45,47100.0,500,Sell,227164082
2024-07-30 09:27:45,47100.0,1500,Sell,227164083
2024-07-30 09:27:51,47100.0,4500,Sell,227164256
2024-07-30 09:28:30,47150.0,500,Buy,227165451
2024-07-30 09:28:59,47100.0,300,Sell,227166424
2024-07-30 09:29:47,47150.0,200,Buy,227168140
2024-07-30 09:30:06,47150.0,100,Buy,227168901
2024-07-30 09:30:19,47150.0,3000,Buy,227169318
2024-07-30 09:30:26,47150.0,400,Buy,227169509
2024-07-30 09:30:26,47150.0,200,Buy,227169510
2024-07-30 09:30:26,47150.0,400,Buy,227169508
2024-07-30 09:30:42,47150.0,100,Buy,227170010
2024-07-30 09:30:45,47150.0,900,Buy,227170103
2024-07-30 09:31:26,47200.0,100,Buy,227171399
2024-07-30 09:31:26,47200.0,13500,Buy,227171400
2024-07-30 09:31:41,47150.0,100,Sell,227171826
2024-07-30 09:31:41,47150.0,100,Sell,227171827
2024-07-30 09:31:41,47150.0,1000,Sell,227171828
2024-07-30 09:31:41,47150.0,100,Sell,227171829
2024-07-30 09:31:41,47100.0,700,Sell,227171830
2024-07-30 09:32:05,47100.0,400,Sell,227172532
2024-07-30 09:32:16,47100.0,2000,Sell,227172870
2024-07-30 09:32:36,47100.0,400,Sell,227173529
2024-07-30 09:32:48,47100.0,1000,Sell,227173833
2024-07-30 09:33:07,47100.0,400,Sell,227174322
2024-07-30 09:33:09,47100.0,500,Sell,227174366
2024-07-30 09:33:34,47100.0,400,Sell,227174953
2024-07-30 09:33:40,47100.0,400,Sell,227175082
2024-07-30 09:34:11,47100.0,400,Sell,227175897
2024-07-30 09:34:23,47100.0,9100,Sell,227176233
2024-07-30 09:34:23,47100.0,400,Sell,227176234
2024-07-30 09:34:23,47100.0,100,Sell,227176235
2024-07-30 09:34:23,47100.0,400,Sell,227176236
2024-07-30 09:34:33,47100.0,500,Sell,227176487
2024-07-30 09:34:43,47100.0,400,Sell,227176674
2024-07-30 09:34:55,47100.0,400,Sell,227176983
2024-07-30 09:34:55,47100.0,600,Sell,227176982
2024-07-30 09:35:06,47100.0,500,Sell,227177298
2024-07-30 09:35:06,47100.0,400,Sell,227177296
2024-07-30 09:35:06,47100.0,100,Sell,227177297
2024-07-30 09:35:15,47100.0,100,Sell,227177463
2024-07-30 09:35:16,47100.0,500,Sell,227177489
2024-07-30 09:35:16,47100.0,400,Sell,227177485
2024-07-30 09:35:31,47100.0,100,Sell,227177870
2024-07-30 09:35:31,47100.0,1000,Sell,227177871
2024-07-30 09:35:31,47100.0,100,Sell,227177872
2024-07-30 09:35:31,47100.0,500,Sell,227177873
2024-07-30 09:35:31,47100.0,200,Sell,227177874
2024-07-30 09:35:31,47100.0,100,Sell,227177869
2024-07-30 09:35:48,47100.0,400,Sell,227178275
2024-07-30 09:36:21,47100.0,400,Sell,227178957
2024-07-30 09:36:53,47100.0,100,Sell,227179704
2024-07-30 09:36:53,47100.0,200,Sell,227179705
2024-07-30 09:36:53,47100.0,100,Sell,227179706
2024-07-30 09:37:26,47100.0,400,Sell,227180494
2024-07-30 09:37:43,47100.0,5900,Sell,227180920
2024-07-30 09:37:43,47100.0,200,Sell,227180919
2024-07-30 09:37:43,47100.0,600,Sell,227180918
2024-07-30 09:37:58,47050.0,400,Sell,227181288
2024-07-30 09:38:10,47100.0,600,Buy,227181531
2024-07-30 09:38:28,47050.0,400,Sell,227181944
2024-07-30 09:38:59,47050.0,400,Sell,227182516
2024-07-30 09:39:31,47050.0,400,Sell,227183255
2024-07-30 09:39:32,47050.0,1800,Sell,227183266
2024-07-30 09:40:04,47050.0,400,Sell,227183908
2024-07-30 09:40:21,47050.0,2000,Sell,227184249
2024-07-30 09:40:36,47050.0,400,Sell,227184613
2024-07-30 09:41:07,47050.0,400,Sell,227185309
2024-07-30 09:41:29,47050.0,2000,Sell,227185769
2024-07-30 09:41:39,47050.0,400,Sell,227185956
2024-07-30 09:42:10,47050.0,100,Sell,227186533
2024-07-30 09:42:10,47050.0,200,Sell,227186531
2024-07-30 09:42:10,47050.0,100,Sell,227186532
2024-07-30 09:42:13,47050.0,900,Sell,227186580
2024-07-30 09:42:13,47050.0,100,Sell,227186581
2024-07-30 09:42:42,47050.0,400,Sell,227187051
2024-07-30 09:43:00,47050.0,300,Sell,227187443
2024-07-30 09:43:00,47050.0,300,Sell,227187444
2024-07-30 09:43:00,47050.0,100,Sell,227187445
2024-07-30 09:43:00,47050.0,100,Sell,227187446
2024-07-30 09:43:00,47050.0,800,Sell,227187447
2024-07-30 09:43:07,47000.0,100,Sell,227187551
2024-07-30 09:43:13,47050.0,200,Buy,227187680
2024-07-30 09:43:14,47000.0,400,Sell,227187700
2024-07-30 09:43:31,47000.0,100,Sell,227188190
2024-07-30 09:43:31,47000.0,1500,Sell,227188191
2024-07-30 09:43:31,47000.0,100,Sell,227188188
2024-07-30 09:43:31,47000.0,100,Sell,227188189
2024-07-30 09:43:42,47000.0,100,Sell,227188380
2024-07-30 09:43:46,47000.0,400,Sell,227188467
2024-07-30 09:44:08,47000.0,1400,Sell,227188918
2024-07-30 09:44:17,47000.0,400,Sell,227189075
2024-07-30 09:44:31,47000.0,6200,Sell,227189425
2024-07-30 09:44:31,47000.0,1000,Sell,227189426
2024-07-30 09:44:31,47000.0,800,Sell,227189427
2024-07-30 09:44:48,47000.0,400,Sell,227189739
2024-07-30 09:45:10,47000.0,200,Sell,227190198
2024-07-30 09:45:18,47000.0,400,Sell,227190362
2024-07-30 09:45:51,47000.0,400,Sell,227190991
2024-07-30 09:45:55,47000.0,100,Sell,227191090
2024-07-30 09:45:55,47000.0,800,Sell,227191088
2024-07-30 09:45:55,47000.0,100,Sell,227191089
2024-07-30 09:46:22,47000.0,100,Sell,227191686
2024-07-30 09:46:22,47000.0,300,Sell,227191687
2024-07-30 09:46:33,47000.0,700,Sell,227191907
2024-07-30 09:46:33,47000.0,200,Sell,227191908
2024-07-30 09:46:33,47000.0,100,Sell,227191909
2024-07-30 09:46:33,47000.0,5000,Sell,227191910
2024-07-30 09:46:33,47000.0,500,Sell,227191911
2024-07-30 09:46:33,47000.0,1000,Sell,227191912
2024-07-30 09:46:33,47000.0,100,Sell,227191913
2024-07-30 09:46:33,47000.0,200,Sell,227191914
2024-07-30 09:46:33,47000.0,10000,Sell,227191915
2024-07-30 09:46:33,47000.0,200,Sell,227191916
2024-07-30 09:46:37,47000.0,100,Buy,227192167
2024-07-30 09:46:41,47000.0,500,Buy,227192247
2024-07-30 09:46:47,47000.0,100,Buy,227192369
2024-07-30 09:46:53,46950.0,400,Sell,227192476
2024-07-30 09:47:01,46950.0,600,Sell,227192633
2024-07-30 09:47:01,46950.0,400,Sell,227192634
2024-07-30 09:47:06,46950.0,600,Sell,227192733
2024-07-30 09:47:06,46950.0,100,Sell,227192734
2024-07-30 09:47:23,46900.0,100,Sell,227193225
2024-07-30 09:47:23,46900.0,300,Sell,227193226
2024-07-30 09:47:30,46900.0,1700,Sell,227193329
2024-07-30 09:47:30,46900.0,100,Sell,227193330
2024-07-30 09:47:42,46900.0,100,Sell,227193618
2024-07-30 09:47:54,46900.0,400,Sell,227193819
2024-07-30 09:48:26,46900.0,400,Sell,227194855
2024-07-30 09:48:39,46900.0,1000,Sell,227195110
2024-07-30 09:48:56,46900.0,400,Sell,227195507
2024-07-30 09:49:02,46900.0,2600,Sell,227195625
2024-07-30 09:49:06,46900.0,1000,Sell,227195683
2024-07-30 09:49:28,46950.0,300,Buy,227196157
2024-07-30 09:49:28,46900.0,400,Sell,227196159
2024-07-30 09:49:48,46900.0,500,Sell,227196655
2024-07-30 09:50:00,46900.0,400,Sell,227196885
2024-07-30 09:50:31,46900.0,400,Sell,227197620
2024-07-30 09:50:35,46900.0,2000,Sell,227197795
2024-07-30 09:51:02,46900.0,400,Sell,227198357
2024-07-30 09:51:16,46950.0,100,Buy,227198646
2024-07-30 09:51:32,46900.0,400,Sell,227199005
2024-07-30 09:51:34,46950.0,200,Buy,227199044
2024-07-30 09:51:38,46950.0,300,Buy,227199201
2024-07-30 09:51:38,46950.0,200,Buy,227199177
2024-07-30 09:51:38,46950.0,200,Buy,227199200
2024-07-30 09:51:38,46950.0,100,Buy,227199176
2024-07-30 09:51:47,46950.0,100,Buy,227199425
2024-07-30 09:51:47,46950.0,400,Buy,227199426
2024-07-30 09:51:47,46950.0,500,Buy,227199427
2024-07-30 09:51:52,46950.0,200,Buy,227199537
2024-07-30 09:51:54,46950.0,100,Buy,227199589
2024-07-30 09:51:59,46950.0,200,Buy,227199699
2024-07-30 09:51:59,46950.0,100,Buy,227199700
2024-07-30 09:52:00,46950.0,500,Buy,227199710
2024-07-30 09:52:02,46950.0,1000,Buy,227199763
2024-07-30 09:52:04,46900.0,400,Sell,227199835
2024-07-30 09:52:21,46950.0,400,Buy,227200152
2024-07-30 09:52:21,46950.0,100,Buy,227200151
2024-07-30 09:52:21,46950.0,300,Buy,227200146
2024-07-30 09:52:28,46950.0,300,Buy,227200273
2024-07-30 09:52:37,46900.0,100,Sell,227200479
2024-07-30 09:52:37,46900.0,200,Sell,227200478
2024-07-30 09:52:37,46900.0,100,Sell,227200480
2024-07-30 09:52:40,46950.0,300,Buy,227200522
2024-07-30 09:52:43,46950.0,500,Buy,227200576
2024-07-30 09:52:45,46950.0,200,Buy,227200637
2024-07-30 09:53:01,46950.0,100,Buy,227200997
2024-07-30 09:53:01,47000.0,200,Buy,227200998
2024-07-30 09:53:04,47000.0,500,Buy,227201036
2024-07-30 09:53:09,46900.0,400,Sell,227201165
2024-07-30 09:53:23,47000.0,300,Buy,227201391
2024-07-30 09:53:25,47000.0,300,Buy,227201424
2024-07-30 09:53:25,47000.0,200,Buy,227201425
2024-07-30 09:53:33,46900.0,100,Sell,227201574
2024-07-30 09:53:39,46900.0,400,Sell,227201780
2024-07-30 09:53:43,47000.0,300,Buy,227201838
2024-07-30 09:53:46,47000.0,500,Buy,227201890
2024-07-30 09:54:04,47000.0,300,Buy,227202224
2024-07-30 09:54:07,47000.0,500,Buy,227202313
2024-07-30 09:54:10,46900.0,300,Sell,227202365
2024-07-30 09:54:25,47000.0,200,Buy,227202725
2024-07-30 09:54:25,47000.0,100,Buy,227202726
2024-07-30 09:54:29,47000.0,500,Buy,227202787
2024-07-30 09:54:40,46900.0,400,Sell,227203008
2024-07-30 09:54:46,47000.0,300,Buy,227203129
2024-07-30 09:54:50,47000.0,500,Buy,227203217
2024-07-30 09:54:58,47000.0,400,Buy,227203345
2024-07-30 09:54:58,47000.0,1000,Buy,227203346
2024-07-30 09:54:58,47000.0,600,Buy,227203347
2024-07-30 09:54:59,46950.0,1000,Buy,227203371
2024-07-30 09:55:05,47000.0,2500,Buy,227203480
2024-07-30 09:55:05,47000.0,300,Buy,227203479
2024-07-30 09:55:05,47000.0,400,Buy,227203474
2024-07-30 09:55:06,47050.0,200,Buy,227203542
2024-07-30 09:55:06,47050.0,100,Buy,227203543
2024-07-30 09:55:11,47000.0,400,Sell,227203623
2024-07-30 09:55:11,47050.0,500,Buy,227203624
2024-07-30 09:55:22,47000.0,400,Sell,227203837
2024-07-30 09:55:22,47000.0,1000,Sell,227203838
2024-07-30 09:55:27,47000.0,300,Buy,227203957
2024-07-30 09:55:33,47000.0,300,Buy,227204135
2024-07-30 09:55:33,47000.0,200,Buy,227204136
2024-07-30 09:55:42,47000.0,400,Buy,227204309
2024-07-30 09:55:43,46900.0,400,Sell,227204326
2024-07-30 09:55:48,47000.0,300,Buy,227204396
2024-07-30 09:55:54,47000.0,500,Buy,227204522
2024-07-30 09:55:58,47000.0,200,Buy,227204606
2024-07-30 09:56:09,47050.0,200,Buy,227204864
2024-07-30 09:56:09,47000.0,100,Buy,227204863
2024-07-30 09:56:15,47000.0,300,Sell,227204959
2024-07-30 09:56:15,47000.0,100,Buy,227204975
2024-07-30 09:56:15,47050.0,400,Buy,227204976
2024-07-30 09:56:29,47050.0,300,Buy,227205191
2024-07-30 09:56:36,47050.0,500,Buy,227205313
2024-07-30 09:56:46,46950.0,200,Sell,227205540
2024-07-30 09:56:46,46950.0,200,Sell,227205541
2024-07-30 09:56:50,47050.0,300,Buy,227205644
2024-07-30 09:56:58,47050.0,500,Buy,227205775
2024-07-30 09:57:10,46950.0,200,Sell,227206083
2024-07-30 09:57:11,47050.0,300,Buy,227206089
2024-07-30 09:57:17,46950.0,300,Sell,227206205
2024-07-30 09:57:17,46950.0,100,Sell,227206204
2024-07-30 09:57:19,47050.0,500,Buy,227206268
2024-07-30 09:57:32,47050.0,300,Buy,227206552
2024-07-30 09:57:39,47050.0,200,Buy,227206679
2024-07-30 09:57:39,47050.0,100,Buy,227206677
2024-07-30 09:57:39,47050.0,200,Buy,227206678
2024-07-30 09:57:49,46950.0,100,Sell,227206815
2024-07-30 09:57:49,46950.0,300,Sell,227206816
2024-07-30 09:57:53,47050.0,300,Buy,227206874
2024-07-30 09:58:00,47050.0,500,Buy,227207023
2024-07-30 09:58:14,47050.0,300,Buy,227207263
2024-07-30 09:58:21,47050.0,100,Buy,227207399
2024-07-30 09:58:21,47050.0,400,Buy,227207400
2024-07-30 09:58:21,46950.0,400,Sell,227207403
2024-07-30 09:58:35,47050.0,300,Buy,227207720
2024-07-30 09:58:42,47050.0,500,Buy,227207836
2024-07-30 09:58:52,46950.0,400,Sell,227207965
2024-07-30 09:58:54,47050.0,100,Buy,227208055
2024-07-30 09:58:56,47050.0,300,Buy,227208087
2024-07-30 09:59:03,47050.0,500,Buy,227208191
2024-07-30 09:59:16,47050.0,300,Buy,227208452
2024-07-30 09:59:23,47050.0,100,Buy,227208659
2024-07-30 09:59:23,47050.0,400,Buy,227208660
2024-07-30 09:59:24,46950.0,400,Sell,227208677
2024-07-30 09:59:26,46950.0,500,Sell,227208695
2024-07-30 09:59:26,46950.0,100,Sell,227208696
2024-07-30 09:59:26,46950.0,600,Sell,227208697
2024-07-30 09:59:26,46950.0,600,Sell,227208698
2024-07-30 09:59:37,47050.0,300,Buy,227208948
2024-07-30 09:59:45,47050.0,500,Buy,227209073
2024-07-30 09:59:55,46950.0,300,Sell,227209254
2024-07-30 09:59:58,47050.0,300,Buy,227209335
2024-07-30 10:00:05,47050.0,500,Buy,227209480
2024-07-30 10:00:19,47050.0,300,Buy,227209836
2024-07-30 10:00:25,46950.0,400,Sell,227209963
2024-07-30 10:00:27,47050.0,500,Buy,227209995
2024-07-30 10:00:40,47050.0,300,Buy,227210174
2024-07-30 10:00:48,47050.0,500,Buy,227210311
2024-07-30 10:00:58,46950.0,400,Sell,227210429
2024-07-30 10:01:01,47050.0,300,Buy,227210484
2024-07-30 10:01:08,47050.0,500,Buy,227210599
2024-07-30 10:01:22,47050.0,300,Buy,227210897
2024-07-30 10:01:29,47050.0,300,Buy,227211048
2024-07-30 10:01:29,47050.0,100,Buy,227211049
2024-07-30 10:01:29,47050.0,100,Buy,227211050
2024-07-30 10:01:30,46950.0,300,Sell,227211054
2024-07-30 10:01:30,46950.0,100,Sell,227211055
2024-07-30 10:01:43,47050.0,100,Buy,227211263
2024-07-30 10:01:43,47050.0,200,Buy,227211262
2024-07-30 10:01:50,47050.0,500,Buy,227211375
2024-07-30 10:02:00,47000.0,100,Sell,227211538
2024-07-30 10:02:03,47000.0,300,Buy,227211601
2024-07-30 10:02:11,47050.0,400,Buy,227211750
2024-07-30 10:02:11,47100.0,100,Buy,227211751
2024-07-30 10:02:24,47100.0,300,Buy,227211920
2024-07-30 10:02:31,46950.0,100,Sell,227212047
2024-07-30 10:02:31,46950.0,100,Sell,227212048
2024-07-30 10:02:31,46950.0,100,Sell,227212049
2024-07-30 10:02:31,46950.0,100,Sell,227212050
2024-07-30 10:02:32,47100.0,500,Buy,227212053
2024-07-30 10:02:47,47100.0,300,Buy,227212332
2024-07-30 10:02:53,47100.0,500,Buy,227212418
2024-07-30 10:03:00,47100.0,300,Buy,227212523
2024-07-30 10:03:02,47000.0,400,Sell,227212563
2024-07-30 10:03:07,47100.0,300,Buy,227212697
2024-07-30 10:03:14,47100.0,500,Buy,227212794
2024-07-30 10:03:29,47100.0,300,Buy,227213066
2024-07-30 10:03:32,47000.0,400,Sell,227213109
2024-07-30 10:03:33,47000.0,100,Sell,227213120
2024-07-30 10:03:35,47100.0,500,Buy,227213159
2024-07-30 10:03:43,47100.0,200,Buy,227213283
2024-07-30 10:03:49,47100.0,300,Buy,227213378
2024-07-30 10:03:50,47000.0,1100,Sell,227213394
2024-07-30 10:03:50,47000.0,500,Sell,227213395
2024-07-30 10:03:50,47000.0,900,Sell,227213396
2024-07-30 10:03:55,47100.0,500,Buy,227213463
2024-07-30 10:04:04,47000.0,100,Sell,227213672
2024-07-30 10:04:04,47000.0,100,Sell,227213673
2024-07-30 10:04:04,47000.0,200,Sell,227213674
2024-07-30 10:04:10,47100.0,300,Buy,227213815
2024-07-30 10:04:17,47100.0,300,Buy,227213924
2024-07-30 10:04:17,47100.0,200,Buy,227213923
2024-07-30 10:04:32,47100.0,300,Buy,227214168
2024-07-30 10:04:36,47000.0,200,Sell,227214246
2024-07-30 10:04:37,47000.0,200,Buy,227214294
2024-07-30 10:04:37,47100.0,100,Buy,227214295
2024-07-30 10:04:37,47100.0,200,Buy,227214296
2024-07-30 10:04:52,47100.0,300,Buy,227214502
2024-07-30 10:04:59,47100.0,500,Buy,227214633
2024-07-30 10:05:06,46950.0,400,Sell,227214734
2024-07-30 10:05:13,47100.0,300,Buy,227214863
2024-07-30 10:05:20,47100.0,500,Buy,227214977
2024-07-30 10:05:34,47100.0,300,Buy,227215197
2024-07-30 10:05:39,47000.0,400,Sell,227215285
2024-07-30 10:05:41,47100.0,500,Buy,227215312
2024-07-30 10:05:55,47100.0,200,Buy,227215532
2024-07-30 10:05:55,47100.0,100,Buy,227215533
2024-07-30 10:06:02,47100.0,500,Buy,227215643
2024-07-30 10:06:09,47000.0,400,Sell,227215730
2024-07-30 10:06:17,47100.0,300,Buy,227215848
2024-07-30 10:06:23,47100.0,100,Buy,227215913
2024-07-30 10:06:23,47100.0,100,Buy,227215914
2024-07-30 10:06:23,47100.0,100,Buy,227215915
2024-07-30 10:06:23,47150.0,200,Buy,227215916
2024-07-30 10:06:37,47150.0,300,Buy,227216198
2024-07-30 10:06:41,47000.0,200,Sell,227216263
2024-07-30 10:06:41,47000.0,100,Sell,227216264
2024-07-30 10:06:41,47000.0,100,Sell,227216265
2024-07-30 10:06:43,47150.0,500,Buy,227216306
2024-07-30 10:06:58,47150.0,300,Buy,227216931
2024-07-30 10:07:04,47150.0,500,Buy,227217022
2024-07-30 10:07:12,47000.0,100,Sell,227217105
2024-07-30 10:07:12,47000.0,300,Sell,227217106
2024-07-30 10:07:20,47150.0,200,Buy,227217237
2024-07-30 10:07:20,47150.0,100,Buy,227217238
2024-07-30 10:07:25,47150.0,500,Buy,227217311
2024-07-30 10:07:41,47150.0,300,Buy,227217611
2024-07-30 10:07:44,47000.0,400,Sell,227217680
2024-07-30 10:07:46,47150.0,500,Buy,227217708
2024-07-30 10:08:02,47150.0,300,Buy,227218103
2024-07-30 10:08:07,47150.0,300,Buy,227218165
2024-07-30 10:08:07,47150.0,100,Buy,227218166
2024-07-30 10:08:07,47150.0,100,Buy,227218167
2024-07-30 10:08:16,47000.0,100,Sell,227218281
2024-07-30 10:08:16,47000.0,300,Sell,227218280
2024-07-30 10:08:23,47150.0,100,Buy,227218373
2024-07-30 10:08:23,47150.0,100,Buy,227218371
2024-07-30 10:08:23,47150.0,100,Buy,227218372
2024-07-30 10:08:28,47150.0,500,Buy,227218466
2024-07-30 10:08:44,47100.0,300,Buy,227218662
2024-07-30 10:08:48,47000.0,100,Sell,227218735
2024-07-30 10:08:48,47000.0,300,Sell,227218736
2024-07-30 10:08:50,47150.0,400,Buy,227218750
2024-07-30 10:08:50,47150.0,100,Buy,227218751
2024-07-30 10:09:06,47150.0,300,Buy,227218982
2024-07-30 10:09:10,47100.0,500,Buy,227219060
2024-07-30 10:09:19,47000.0,400,Sell,227219211
2024-07-30 10:09:29,47100.0,300,Buy,227219333
2024-07-30 10:09:30,47000.0,700,Sell,227219351
2024-07-30 10:09:30,47000.0,1000,Sell,227219350
2024-07-30 10:09:30,47000.0,300,Sell,227219349
2024-07-30 10:09:31,47100.0,500,Buy,227219362
2024-07-30 10:09:49,47100.0,300,Buy,227219605
2024-07-30 10:09:51,47000.0,400,Sell,227219654
2024-07-30 10:09:52,47100.0,400,Buy,227219666
2024-07-30 10:09:52,47150.0,100,Buy,227219667
2024-07-30 10:10:09,47150.0,300,Buy,227219951
2024-07-30 10:10:12,47150.0,500,Buy,227219983
2024-07-30 10:10:22,47000.0,400,Sell,227220187
2024-07-30 10:10:25,47150.0,500,Buy,227220249
2024-07-30 10:10:25,47150.0,4500,Buy,227220250
2024-07-30 10:10:31,47150.0,300,Buy,227220328
2024-07-30 10:10:34,47150.0,500,Buy,227220352
2024-07-30 10:10:51,47150.0,300,Buy,227220616
2024-07-30 10:10:54,47150.0,500,Buy,227220649
2024-07-30 10:10:54,47000.0,400,Sell,227220647
2024-07-30 10:11:12,47150.0,300,Buy,227220932
2024-07-30 10:11:15,47150.0,500,Buy,227220994
2024-07-30 10:11:27,47000.0,400,Sell,227221154
2024-07-30 10:11:33,47150.0,300,Buy,227221219
2024-07-30 10:11:36,47150.0,500,Buy,227221267
2024-07-30 10:11:55,47150.0,300,Buy,227221547
2024-07-30 10:11:57,47150.0,500,Buy,227221582
2024-07-30 10:11:58,47100.0,400,Sell,227221590
2024-07-30 10:12:16,47150.0,600,Buy,227221805
2024-07-30 10:12:16,47150.0,300,Buy,227221808
2024-07-30 10:12:18,47150.0,500,Buy,227221830
2024-07-30 10:12:29,47100.0,400,Sell,227221944
2024-07-30 10:12:38,47150.0,100,Buy,227222048
2024-07-30 10:12:38,47150.0,200,Buy,227222049
2024-07-30 10:12:39,47150.0,500,Buy,227222056
2024-07-30 10:12:58,47150.0,500,Buy,227222397
2024-07-30 10:12:59,47150.0,300,Buy,227222401
2024-07-30 10:13:00,47150.0,500,Buy,227222410
2024-07-30 10:13:01,47100.0,400,Sell,227222418
2024-07-30 10:13:14,47100.0,1200,Sell,227222612
2024-07-30 10:13:14,47100.0,500,Sell,227222613
2024-07-30 10:13:14,47100.0,200,Sell,227222614
2024-07-30 10:13:21,47100.0,300,Buy,227222724
2024-07-30 10:13:22,47100.0,500,Buy,227222735
2024-07-30 10:13:27,47100.0,1000,Buy,227222779
2024-07-30 10:13:33,47000.0,400,Sell,227222866
2024-07-30 10:13:42,47100.0,300,Buy,227222999
2024-07-30 10:13:42,47100.0,500,Buy,227223001
2024-07-30 10:14:02,47100.0,300,Buy,227223406
2024-07-30 10:14:03,47100.0,500,Buy,227223426
2024-07-30 10:14:06,47000.0,400,Sell,227223471
2024-07-30 10:14:23,47100.0,300,Buy,227223762
2024-07-30 10:14:24,47100.0,500,Buy,227223776
2024-07-30 10:14:38,47000.0,400,Sell,227224023
2024-07-30 10:14:44,47100.0,300,Buy,227224155
2024-07-30 10:14:45,47100.0,500,Buy,227224166
2024-07-30 10:15:04,47100.0,100,Buy,227224451
2024-07-30 10:15:05,47100.0,300,Buy,227224504
2024-07-30 10:15:06,47100.0,500,Buy,227224515
2024-07-30 10:15:09,47000.0,300,Sell,227224585
2024-07-30 10:15:22,47000.0,200,Sell,227224780
2024-07-30 10:15:22,47000.0,200,Sell,227224781
2024-07-30 10:15:22,47000.0,200,Sell,227224782
2024-07-30 10:15:22,47000.0,1200,Sell,227224779
2024-07-30 10:15:27,47100.0,300,Buy,227224890
2024-07-30 10:15:28,47100.0,500,Buy,227224991
2024-07-30 10:15:39,47000.0,400,Sell,227225241
2024-07-30 10:15:47,47100.0,300,Buy,227225391
2024-07-30 10:15:49,47100.0,500,Buy,227225415
2024-07-30 10:16:09,47100.0,300,Buy,227225690
2024-07-30 10:16:10,47100.0,500,Buy,227225701
2024-07-30 10:16:11,47000.0,400,Sell,227225721
2024-07-30 10:16:21,47100.0,100,Buy,227225854
2024-07-30 10:16:21,47100.0,9800,Buy,227225853
2024-07-30 10:16:30,47100.0,100,Buy,227225947
2024-07-30 10:16:30,47100.0,200,Buy,227225948
2024-07-30 10:16:31,47100.0,400,Buy,227225963
2024-07-30 10:16:31,47100.0,100,Buy,227225964
2024-07-30 10:16:43,47000.0,200,Sell,227226199
2024-07-30 10:16:43,47000.0,200,Sell,227226200
2024-07-30 10:16:43,47000.0,500,Sell,227226207
2024-07-30 10:16:50,47100.0,100,Buy,227226328
2024-07-30 10:16:50,47150.0,200,Buy,227226329
2024-07-30 10:16:52,47150.0,500,Buy,227226364
2024-07-30 10:17:11,47150.0,300,Buy,227226671
2024-07-30 10:17:13,47150.0,500,Buy,227226724
2024-07-30 10:17:16,47000.0,300,Sell,227226772
2024-07-30 10:17:32,47150.0,300,Buy,227227009
2024-07-30 10:17:33,47150.0,500,Buy,227227026
2024-07-30 10:17:46,47050.0,400,Sell,227227165
2024-07-30 10:17:48,47150.0,100,Buy,227227206
2024-07-30 10:17:53,47150.0,300,Buy,227227277
2024-07-30 10:17:56,47150.0,300,Buy,227227354
2024-07-30 10:17:56,47150.0,200,Buy,227227355
2024-07-30 10:18:14,47150.0,300,Buy,227227605
2024-07-30 10:18:16,47150.0,500,Buy,227227652
2024-07-30 10:18:17,47050.0,100,Sell,227227659
2024-07-30 10:18:17,47050.0,300,Sell,227227660
2024-07-30 10:18:34,47150.0,300,Buy,227227966
2024-07-30 10:18:36,47150.0,500,Buy,227227988
2024-07-30 10:18:38,47050.0,500,Sell,227228013
2024-07-30 10:18:48,47050.0,200,Sell,227228283
2024-07-30 10:18:48,47050.0,200,Sell,227228282
2024-07-30 10:18:56,47150.0,300,Buy,227228415
2024-07-30 10:18:58,47150.0,200,Buy,227228458
2024-07-30 10:18:58,47150.0,300,Buy,227228459
2024-07-30 10:19:00,47150.0,100,Buy,227228501
2024-07-30 10:19:16,47150.0,300,Buy,227228856
2024-07-30 10:19:19,47150.0,500,Buy,227228899
2024-07-30 10:19:19,47050.0,400,Sell,227228904
2024-07-30 10:19:21,47050.0,400,Sell,227228942
2024-07-30 10:19:26,47050.0,1000,Buy,227229059
2024-07-30 10:19:37,47050.0,300,Buy,227229236
2024-07-30 10:19:40,47050.0,400,Buy,227229287
2024-07-30 10:19:40,47150.0,100,Buy,227229288
2024-07-30 10:19:51,47050.0,400,Sell,227229502
2024-07-30 10:19:58,47150.0,300,Buy,227229617
2024-07-30 10:20:01,47150.0,500,Buy,227229651
2024-07-30 10:20:19,47150.0,300,Buy,227230005
2024-07-30 10:20:22,47150.0,500,Buy,227230064
2024-07-30 10:20:23,47050.0,400,Sell,227230086
2024-07-30 10:20:40,47150.0,300,Buy,227230408
2024-07-30 10:20:43,47150.0,500,Buy,227230440
2024-07-30 10:20:55,47050.0,200,Sell,227230641
2024-07-30 10:20:55,47050.0,200,Sell,227230642
2024-07-30 10:21:02,47150.0,300,Buy,227230774
2024-07-30 10:21:04,47150.0,500,Buy,227230808
2024-07-30 10:21:23,47150.0,300,Buy,227231080
2024-07-30 10:21:24,47150.0,500,Buy,227231104
2024-07-30 10:21:26,47050.0,300,Sell,227231116
2024-07-30 10:21:43,47150.0,300,Buy,227231312
2024-07-30 10:21:45,47150.0,500,Buy,227231332
2024-07-30 10:21:45,47050.0,1300,Sell,227231325
2024-07-30 10:21:45,47050.0,700,Sell,227231324
2024-07-30 10:21:56,47050.0,300,Sell,227231669
2024-07-30 10:22:04,47150.0,300,Buy,227231804
2024-07-30 10:22:06,47150.0,500,Buy,227231840
2024-07-30 10:22:26,47150.0,300,Buy,227232235
2024-07-30 10:22:27,47050.0,300,Sell,227232238
2024-07-30 10:22:28,47150.0,500,Buy,227232252
2024-07-30 10:22:47,47150.0,300,Buy,227232703
2024-07-30 10:22:48,47150.0,500,Buy,227232730
2024-07-30 10:22:57,47050.0,100,Sell,227233003
2024-07-30 10:22:57,47050.0,300,Sell,227233004
2024-07-30 10:23:03,47150.0,1500,Buy,227233144
2024-07-30 10:23:03,47150.0,1500,Buy,227233142
2024-07-30 10:23:03,47150.0,2000,Buy,227233143
2024-07-30 10:23:08,47150.0,300,Buy,227233222
2024-07-30 10:23:10,47150.0,500,Buy,227233248
2024-07-30 10:23:28,47100.0,300,Sell,227233526
2024-07-30 10:23:29,47100.0,100,Buy,227233572
2024-07-30 10:23:29,47150.0,200,Buy,227233573
2024-07-30 10:23:30,47150.0,500,Buy,227233585
2024-07-30 10:23:50,47150.0,300,Buy,227233934
2024-07-30 10:23:52,47150.0,500,Buy,227233952
2024-07-30 10:23:59,47050.0,300,Sell,227234114
2024-07-30 10:24:11,47150.0,300,Buy,227234340
2024-07-30 10:24:13,47150.0,500,Buy,227234364
2024-07-30 10:24:25,47100.0,100,Buy,227234595
2024-07-30 10:24:29,47050.0,400,Sell,227234657
2024-07-30 10:24:33,47100.0,300,Buy,227234710
2024-07-30 10:24:35,47100.0,500,Buy,227234761
2024-07-30 10:24:53,47100.0,300,Buy,227235056
2024-07-30 10:24:55,47100.0,500,Buy,227235097
2024-07-30 10:25:02,47050.0,300,Sell,227235310
2024-07-30 10:25:14,47100.0,300,Buy,227235533
2024-07-30 10:25:17,47100.0,400,Buy,227235586
2024-07-30 10:25:17,47150.0,100,Buy,227235587
2024-07-30 10:25:33,47050.0,400,Sell,227235866
2024-07-30 10:25:35,47150.0,300,Buy,227235888
2024-07-30 10:25:37,47150.0,500,Buy,227235931
2024-07-30 10:25:56,47150.0,300,Buy,227236172
2024-07-30 10:25:58,47150.0,500,Buy,227236208
2024-07-30 10:26:07,47050.0,400,Sell,227236331
2024-07-30 10:26:17,47150.0,300,Buy,227236419
2024-07-30 10:26:19,47150.0,500,Buy,227236465
2024-07-30 10:26:36,47050.0,300,Sell,227236702
2024-07-30 10:26:38,47150.0,300,Buy,227236721
2024-07-30 10:26:39,47150.0,500,Buy,227236772
2024-07-30 10:26:59,47150.0,300,Buy,227237011
2024-07-30 10:27:01,47150.0,500,Buy,227237026
2024-07-30 10:27:07,47050.0,400,Sell,227237065
2024-07-30 10:27:19,47050.0,1700,Sell,227237257
2024-07-30 10:27:19,47150.0,300,Buy,227237268
2024-07-30 10:27:22,47150.0,500,Buy,227237292
2024-07-30 10:27:32,47050.0,200,Sell,227237453
2024-07-30 10:27:38,47050.0,300,Sell,227237564
2024-07-30 10:27:40,47150.0,300,Buy,227237607
2024-07-30 10:27:43,47150.0,500,Buy,227237643
2024-07-30 10:28:01,47150.0,300,Buy,227237952
2024-07-30 10:28:04,47150.0,500,Buy,227237978
2024-07-30 10:28:08,47050.0,300,Sell,227238051
2024-07-30 10:28:22,47150.0,300,Buy,227238212
2024-07-30 10:28:24,47150.0,500,Buy,227238229
2024-07-30 10:28:25,47050.0,5000,Sell,227238231
2024-07-30 10:28:39,47100.0,400,Sell,227238393
2024-07-30 10:28:44,47150.0,300,Buy,227238472
2024-07-30 10:28:45,47150.0,500,Buy,227238493
2024-07-30 10:28:46,47100.0,500,Sell,227238500
2024-07-30 10:29:05,47150.0,300,Buy,227238658
2024-07-30 10:29:06,47150.0,500,Buy,227238681
2024-07-30 10:29:11,47100.0,400,Sell,227238765
2024-07-30 10:29:26,47150.0,300,Buy,227238952
2024-07-30 10:29:27,47150.0,500,Buy,227238972
2024-07-30 10:29:44,47100.0,400,Sell,227239124
2024-07-30 10:29:47,47150.0,300,Buy,227239167
2024-07-30 10:29:48,47150.0,500,Buy,227239181
2024-07-30 10:29:54,47100.0,300,Sell,227239259
2024-07-30 10:29:54,47100.0,1000,Sell,227239260
2024-07-30 10:29:54,47100.0,700,Sell,227239261
2024-07-30 10:30:08,47150.0,300,Buy,227239458
2024-07-30 10:30:09,47150.0,500,Buy,227239472
2024-07-30 10:30:17,47100.0,300,Sell,227239573
2024-07-30 10:30:29,47150.0,300,Buy,227239735
2024-07-30 10:30:32,47150.0,500,Buy,227239784
2024-07-30 10:30:38,47150.0,2000,Buy,227239868
2024-07-30 10:30:47,47100.0,400,Sell,227240009
2024-07-30 10:30:50,47150.0,300,Buy,227240031
2024-07-30 10:30:53,47150.0,500,Buy,227240062
2024-07-30 10:31:02,47150.0,3000,Buy,227240203
2024-07-30 10:31:11,47150.0,300,Buy,227240288
2024-07-30 10:31:13,47150.0,500,Buy,227240365
2024-07-30 10:31:20,47100.0,400,Sell,227240434
2024-07-30 10:31:31,47150.0,300,Buy,227240681
2024-07-30 10:31:34,47150.0,500,Buy,227240720
2024-07-30 10:31:47,47150.0,5000,Buy,227240873
2024-07-30 10:31:53,47100.0,400,Sell,227240933
2024-07-30 10:31:53,47150.0,300,Buy,227240934
2024-07-30 10:31:55,47150.0,500,Buy,227240965
2024-07-30 10:32:14,47150.0,100,Buy,227241185
2024-07-30 10:32:14,47150.0,100,Buy,227241186
2024-07-30 10:32:14,47150.0,100,Buy,227241187
2024-07-30 10:32:16,47150.0,500,Buy,227241202
2024-07-30 10:32:20,47150.0,200,Buy,227241255
2024-07-30 10:32:22,47150.0,1300,Buy,227241292
2024-07-30 10:32:22,47150.0,400,Buy,227241291
2024-07-30 10:32:22,47150.0,100,Buy,227241290
2024-07-30 10:32:22,47150.0,100,Buy,227241289
2024-07-30 10:32:22,47150.0,2000,Buy,227241288
2024-07-30 10:32:22,47150.0,100,Buy,227241287
2024-07-30 10:32:22,47150.0,500,Buy,227241285
2024-07-30 10:32:22,47150.0,1800,Buy,227241284
2024-07-30 10:32:22,47150.0,200,Buy,227241280
2024-07-30 10:32:22,47150.0,500,Buy,227241281
2024-07-30 10:32:22,47150.0,2000,Buy,227241286
2024-07-30 10:32:22,47150.0,100,Buy,227241283
2024-07-30 10:32:22,47150.0,900,Buy,227241282
2024-07-30 10:32:25,47100.0,300,Sell,227241337
2024-07-30 10:32:34,47150.0,700,Buy,227241415
2024-07-30 10:32:34,47150.0,1000,Buy,227241416
2024-07-30 10:32:34,47150.0,100,Buy,227241417
2024-07-30 10:32:34,47150.0,1800,Buy,227241418
2024-07-30 10:32:34,47150.0,2000,Buy,227241419
2024-07-30 10:32:34,47150.0,100,Buy,227241420
2024-07-30 10:32:35,47200.0,300,Buy,227241433
2024-07-30 10:32:37,47200.0,500,Buy,227241453
2024-07-30 10:32:56,47200.0,200,Buy,227241759
2024-07-30 10:32:56,47150.0,100,Buy,227241758
2024-07-30 10:32:56,47150.0,300,Sell,227241752
2024-07-30 10:32:58,47200.0,500,Buy,227241783
2024-07-30 10:33:17,47150.0,100,Buy,227242068
2024-07-30 10:33:17,47200.0,200,Buy,227242069
2024-07-30 10:33:19,47200.0,500,Buy,227242097
2024-07-30 10:33:27,47100.0,400,Sell,227242257
2024-07-30 10:33:31,47100.0,1000,Sell,227242316
2024-07-30 10:33:38,47150.0,100,Buy,227242427
2024-07-30 10:33:38,47150.0,200,Buy,227242428
2024-07-30 10:33:40,47150.0,500,Buy,227242472
2024-07-30 10:33:59,47100.0,300,Sell,227242745
2024-07-30 10:33:59,47150.0,300,Buy,227242741
2024-07-30 10:34:01,47150.0,500,Buy,227242775
2024-07-30 10:34:20,47150.0,300,Buy,227243093
2024-07-30 10:34:22,47150.0,500,Buy,227243136
2024-07-30 10:34:29,47100.0,300,Sell,227243223
2024-07-30 10:34:39,47150.0,7700,Buy,227243366
2024-07-30 10:34:39,47150.0,100,Buy,227243367
2024-07-30 10:34:39,47150.0,100,Buy,227243368
2024-07-30 10:34:42,47200.0,300,Buy,227243392
2024-07-30 10:34:43,47200.0,500,Buy,227243406
2024-07-30 10:34:59,47150.0,400,Sell,227243695
2024-07-30 10:35:03,47200.0,300,Buy,227243758
2024-07-30 10:35:05,47200.0,500,Buy,227243778
2024-07-30 10:35:06,47150.0,1000,Sell,227243791
2024-07-30 10:35:16,47150.0,100,Sell,227243967
2024-07-30 10:35:17,47150.0,600,Sell,227243986
2024-07-30 10:35:24,47150.0,300,Buy,227244109
2024-07-30 10:35:26,47150.0,500,Buy,227244176
2024-07-30 10:35:32,47100.0,400,Sell,227244264
2024-07-30 10:35:44,47150.0,300,Buy,227244458
2024-07-30 10:35:47,47150.0,100,Buy,227244492
2024-07-30 10:35:47,47200.0,400,Buy,227244493
2024-07-30 10:35:51,47100.0,100,Sell,227244561
2024-07-30 10:36:04,47100.0,400,Sell,227244758
2024-07-30 10:36:05,47200.0,300,Buy,227244782
2024-07-30 10:36:08,47200.0,500,Buy,227244822
2024-07-30 10:36:27,47200.0,300,Buy,227245186
2024-07-30 10:36:28,47200.0,3000,Buy,227245214
2024-07-30 10:36:29,47200.0,500,Buy,227245221
2024-07-30 10:36:36,47100.0,300,Sell,227245273
2024-07-30 10:37:06,47100.0,400,Sell,227245735
2024-07-30 10:37:37,47150.0,2000,Sell,227246326
2024-07-30 10:37:38,47150.0,400,Sell,227246330
2024-07-30 10:38:10,47150.0,400,Sell,227246928
2024-07-30 10:38:27,47150.0,1800,Sell,227247190
2024-07-30 10:38:43,47200.0,1000,Buy,227247594
2024-07-30 10:38:43,47150.0,400,Sell,227247598
2024-07-30 10:38:43,47200.0,7700,Buy,227247593
2024-07-30 10:38:43,47200.0,1300,Buy,227247595
2024-07-30 10:39:06,47150.0,100,Sell,227248097
2024-07-30 10:39:14,47150.0,100,Sell,227248280
2024-07-30 10:39:15,47150.0,1700,Sell,227248292
2024-07-30 10:39:15,47150.0,400,Sell,227248300
2024-07-30 10:39:23,47200.0,100,Buy,227248418
2024-07-30 10:39:25,47150.0,2700,Sell,227248442
2024-07-30 10:39:25,47150.0,2000,Sell,227248443
2024-07-30 10:39:25,47150.0,300,Sell,227248444
2024-07-30 10:39:31,47150.0,200,Sell,227248550
2024-07-30 10:39:38,47150.0,100,Buy,227248670
2024-07-30 10:39:48,47100.0,400,Sell,227248837
2024-07-30 10:40:20,47100.0,300,Sell,227249260
2024-07-30 10:40:47,47150.0,6300,Buy,227249641
2024-07-30 10:40:50,47100.0,400,Sell,227249697
2024-07-30 10:41:01,47150.0,3400,Buy,227249831
2024-07-30 10:41:21,47150.0,2000,Sell,227250106
2024-07-30 10:41:22,47150.0,2100,Sell,227250151
2024-07-30 10:41:23,47150.0,300,Sell,227250161
2024-07-30 10:41:53,47150.0,400,Sell,227250625
2024-07-30 10:42:01,47200.0,300,Buy,227250754
2024-07-30 10:42:01,47200.0,1700,Buy,227250758
2024-07-30 10:42:01,47200.0,5000,Buy,227250757
2024-07-30 10:42:01,47200.0,2000,Buy,227250756
2024-07-30 10:42:01,47200.0,500,Buy,227250755
2024-07-30 10:42:01,47200.0,1000,Buy,227250745
2024-07-30 10:42:01,47200.0,3000,Buy,227250743
2024-07-30 10:42:01,47200.0,30000,Buy,227250742
2024-07-30 10:42:01,47200.0,2000,Buy,227250741
2024-07-30 10:42:01,47200.0,3000,Buy,227250740
2024-07-30 10:42:01,47200.0,500,Buy,227250739
2024-07-30 10:42:01,47200.0,1000,Buy,227250744
2024-07-30 10:42:04,47200.0,100,Buy,227250822
2024-07-30 10:42:06,47200.0,70000,Buy,227250879
2024-07-30 10:42:25,47150.0,400,Sell,227251127
2024-07-30 10:42:58,47150.0,300,Sell,227251764
2024-07-30 10:43:13,47200.0,100,Buy,227251967
2024-07-30 10:43:21,47200.0,2000,Buy,227252100
2024-07-30 10:43:29,47150.0,300,Sell,227252232
2024-07-30 10:43:41,47200.0,100,Buy,227252442
2024-07-30 10:43:59,47150.0,400,Sell,227252784
2024-07-30 10:44:16,47200.0,900,Buy,227252997
2024-07-30 10:44:31,47150.0,400,Sell,227253263
2024-07-30 10:45:02,47150.0,300,Sell,227253657
2024-07-30 10:45:16,47150.0,2000,Sell,227253920
2024-07-30 10:45:33,47150.0,400,Sell,227254176
2024-07-30 10:45:47,47150.0,100,Sell,227254401
2024-07-30 10:46:04,47150.0,400,Sell,227254718
2024-07-30 10:46:07,47200.0,2400,Buy,227254785
2024-07-30 10:46:07,47200.0,2000,Buy,227254784
2024-07-30 10:46:07,47200.0,400,Buy,227254783
2024-07-30 10:46:07,47200.0,400,Buy,227254782
2024-07-30 10:46:07,47200.0,500,Buy,227254781
2024-07-30 10:46:07,47200.0,500,Buy,227254778
2024-07-30 10:46:07,47200.0,10000,Buy,227254780
2024-07-30 10:46:07,47200.0,1800,Buy,227254779
2024-07-30 10:46:07,47200.0,400,Buy,227254774
2024-07-30 10:46:07,47200.0,1000,Buy,227254773
2024-07-30 10:46:07,47200.0,5000,Buy,227254772
2024-07-30 10:46:07,47200.0,100,Buy,227254771
2024-07-30 10:46:07,47200.0,300,Buy,227254770
2024-07-30 10:46:07,47200.0,25100,Buy,227254769
2024-07-30 10:46:07,47200.0,100,Buy,227254777
2024-07-30 10:46:10,47150.0,100,Sell,227254834
2024-07-30 10:46:21,47200.0,100,Buy,227255005
2024-07-30 10:46:36,47150.0,400,Sell,227255219
2024-07-30 10:46:40,47200.0,300,Buy,227255267
2024-07-30 10:46:45,47200.0,200,Buy,227255346
2024-07-30 10:46:45,47200.0,100,Buy,227255347
2024-07-30 10:47:08,47150.0,400,Sell,227255721
2024-07-30 10:47:13,47150.0,1800,Sell,227255799
2024-07-30 10:47:39,47150.0,400,Sell,227256181
2024-07-30 10:48:06,47200.0,100,Buy,227256665
2024-07-30 10:48:10,47150.0,400,Sell,227256753
2024-07-30 10:48:18,47200.0,9800,Buy,227256852
2024-07-30 10:48:18,47200.0,100,Buy,227256855
2024-07-30 10:48:18,47200.0,100,Buy,227256856
2024-07-30 10:48:33,47150.0,300,Sell,227257073
2024-07-30 10:48:35,47200.0,100,Buy,227257101
2024-07-30 10:48:35,47200.0,100,Buy,227257102
2024-07-30 10:48:35,47200.0,500,Buy,227257103
2024-07-30 10:48:37,47250.0,100,Buy,227257155
2024-07-30 10:48:41,47200.0,400,Sell,227257197
2024-07-30 10:48:55,47250.0,100,Buy,227257442
2024-07-30 10:49:12,47200.0,400,Sell,227257672
2024-07-30 10:49:17,47250.0,100,Buy,227257775
2024-07-30 10:49:20,47200.0,1900,Sell,227257820
2024-07-30 10:49:20,47200.0,600,Sell,227257817
2024-07-30 10:49:20,47200.0,6300,Sell,227257818
2024-07-30 10:49:20,47200.0,1200,Sell,227257819
2024-07-30 10:49:39,47250.0,100,Buy,227258073
2024-07-30 10:49:42,47200.0,100,Sell,227258114
2024-07-30 10:49:42,47200.0,300,Sell,227258115
2024-07-30 10:50:08,47200.0,100,Sell,227258546
2024-07-30 10:50:09,47200.0,600,Sell,227258558
2024-07-30 10:50:09,47200.0,1000,Sell,227258559
2024-07-30 10:50:09,47200.0,8400,Sell,227258560
2024-07-30 10:50:15,47200.0,400,Sell,227258700
2024-07-30 10:50:33,47250.0,3000,Buy,227259093
2024-07-30 10:50:47,47200.0,400,Sell,227259324
2024-07-30 10:51:12,47200.0,1700,Sell,227259717
2024-07-30 10:51:20,47200.0,400,Sell,227259852
2024-07-30 10:51:47,47200.0,100,Sell,227260248
2024-07-30 10:51:51,47200.0,300,Sell,227260295
2024-07-30 10:52:05,47200.0,1300,Sell,227260507
2024-07-30 10:52:08,47200.0,100,Sell,227260533
2024-07-30 10:52:21,47200.0,400,Sell,227260724
2024-07-30 10:52:45,47200.0,100,Sell,227261053
2024-07-30 10:52:54,47200.0,300,Sell,227261200
2024-07-30 10:53:24,47200.0,400,Sell,227261568
2024-07-30 10:53:55,47200.0,400,Sell,227262019
2024-07-30 10:54:16,47200.0,2000,Sell,227262331
2024-07-30 10:54:27,47200.0,400,Sell,227262512
2024-07-30 10:54:59,47200.0,400,Sell,227263489
2024-07-30 10:55:11,47200.0,1800,Sell,227263665
2024-07-30 10:55:32,47200.0,400,Sell,227264018
2024-07-30 10:55:38,47200.0,100,Sell,227264124
2024-07-30 10:56:05,47200.0,100,Sell,227264659
2024-07-30 10:56:05,47200.0,200,Sell,227264658
2024-07-30 10:56:19,47200.0,300,Sell,227264837
2024-07-30 10:56:21,47200.0,100,Sell,227264844
2024-07-30 10:56:36,47200.0,400,Sell,227265065
2024-07-30 10:57:07,47200.0,300,Sell,227265464
2024-07-30 10:57:27,47200.0,200,Sell,227265779
2024-07-30 10:57:34,47250.0,100,Buy,227265907
2024-07-30 10:57:34,47250.0,200,Buy,227265908
2024-07-30 10:57:34,47250.0,1500,Buy,227265909
2024-07-30 10:57:34,47250.0,200,Buy,227265906
2024-07-30 10:57:37,47200.0,100,Sell,227265955
2024-07-30 10:57:37,47200.0,300,Sell,227265956
2024-07-30 10:57:48,47200.0,500,Sell,227266115
2024-07-30 10:57:49,47250.0,3000,Buy,227266139
2024-07-30 10:58:10,47200.0,400,Sell,227266516
2024-07-30 10:58:42,47200.0,400,Sell,227267610
2024-07-30 10:58:59,47200.0,300,Sell,227267979
2024-07-30 10:59:10,47200.0,600,Sell,227268123
2024-07-30 10:59:10,47200.0,1000,Sell,227268121
2024-07-30 10:59:10,47200.0,200,Sell,227268122
2024-07-30 10:59:15,47200.0,400,Sell,227268193
2024-07-30 10:59:22,47200.0,400,Sell,227268267
2024-07-30 10:59:47,47200.0,400,Sell,227268611
2024-07-30 11:00:00,47200.0,100,Sell,227268890
2024-07-30 11:00:02,47200.0,100,Sell,227268922
2024-07-30 11:00:02,47200.0,4900,Sell,227268923
2024-07-30 11:00:05,47200.0,2500,Sell,227268962
2024-07-30 11:00:19,47200.0,400,Sell,227269173
2024-07-30 11:00:51,47200.0,400,Sell,227269882
2024-07-30 11:01:24,47200.0,300,Sell,227270446
2024-07-30 11:01:34,47200.0,100,Sell,227270705
2024-07-30 11:01:45,47200.0,100,Sell,227270876
2024-07-30 11:01:54,47200.0,300,Sell,227270998
2024-07-30 11:02:07,47250.0,2000,Buy,227271226
2024-07-30 11:02:24,47200.0,400,Sell,227271588
2024-07-30 11:02:44,47200.0,200,Sell,227271850
2024-07-30 11:02:56,47200.0,400,Sell,227272008
2024-07-30 11:03:09,47200.0,1700,Sell,227272153
2024-07-30 11:03:27,47200.0,300,Sell,227272388
2024-07-30 11:03:27,47200.0,100,Sell,227272389
2024-07-30 11:03:47,47200.0,100,Sell,227272787
2024-07-30 11:03:56,47200.0,2000,Sell,227272922
2024-07-30 11:04:00,47200.0,400,Sell,227272987
2024-07-30 11:04:32,47200.0,400,Sell,227273509
2024-07-30 11:04:51,47200.0,1000,Sell,227274003
2024-07-30 11:04:51,47200.0,1000,Sell,227274004
2024-07-30 11:05:05,47200.0,400,Sell,227274272
2024-07-30 11:05:36,47200.0,300,Sell,227274625
2024-07-30 11:05:42,47200.0,8300,Sell,227274812
2024-07-30 11:05:42,47200.0,3000,Sell,227274813
2024-07-30 11:05:42,47200.0,1400,Sell,227274814
2024-07-30 11:05:42,47200.0,17300,Sell,227274815
2024-07-30 11:05:50,47200.0,2700,Sell,227274989
2024-07-30 11:06:07,47150.0,400,Sell,227275212
2024-07-30 11:06:39,47150.0,200,Sell,227275776
2024-07-30 11:06:39,47150.0,200,Sell,227275777
2024-07-30 11:07:08,47150.0,1800,Sell,227276233
2024-07-30 11:07:11,47150.0,200,Sell,227276267
2024-07-30 11:07:11,47150.0,100,Sell,227276268
2024-07-30 11:07:40,47150.0,1200,Sell,227276879
2024-07-30 11:07:40,47150.0,300,Sell,227276878
2024-07-30 11:07:40,47150.0,300,Sell,227276877
2024-07-30 11:07:41,47150.0,300,Sell,227276907
2024-07-30 11:08:12,47150.0,400,Sell,227277356
2024-07-30 11:08:45,47150.0,400,Sell,227277831
2024-07-30 11:08:56,47200.0,100,Buy,227278006
2024-07-30 11:09:03,47200.0,300,Buy,227278139
2024-07-30 11:09:17,47150.0,300,Sell,227278323
2024-07-30 11:09:48,47150.0,400,Sell,227278818
2024-07-30 11:10:19,47150.0,400,Sell,227279283
2024-07-30 11:10:24,47150.0,100,Sell,227279378
2024-07-30 11:10:25,47150.0,2600,Sell,227279379
2024-07-30 11:10:27,47150.0,100,Sell,227279412
2024-07-30 11:10:37,47150.0,1400,Sell,227279620
2024-07-30 11:10:37,47150.0,500,Sell,227279622
2024-07-30 11:10:37,47150.0,2300,Sell,227279618
2024-07-30 11:10:37,47150.0,200,Sell,227279619
2024-07-30 11:10:37,47150.0,200,Sell,227279621
2024-07-30 11:10:52,47150.0,400,Sell,227279891
2024-07-30 11:11:07,47150.0,1700,Sell,227280214
2024-07-30 11:11:23,47150.0,400,Sell,227280459
2024-07-30 11:11:54,47150.0,400,Sell,227281036
2024-07-30 11:12:27,47150.0,400,Sell,227281579
2024-07-30 11:12:45,47200.0,20000,Buy,227281833
2024-07-30 11:12:59,47150.0,400,Sell,227282032
2024-07-30 11:13:20,47200.0,900,Buy,227282364
2024-07-30 11:13:30,47200.0,500,Buy,227282464
2024-07-30 11:13:32,47150.0,400,Sell,227282498
2024-07-30 11:14:04,47150.0,400,Sell,227283118
2024-07-30 11:14:36,47150.0,400,Sell,227283532
2024-07-30 11:15:06,47150.0,800,Sell,227284055
2024-07-30 11:15:06,47150.0,300,Sell,227284054
2024-07-30 11:15:06,47150.0,700,Sell,227284053
2024-07-30 11:15:07,47150.0,400,Sell,227284082
2024-07-30 11:15:40,47150.0,400,Sell,227284617
2024-07-30 11:16:12,47150.0,400,Sell,227285060
2024-07-30 11:16:45,47150.0,400,Sell,227285712
2024-07-30 11:17:16,47150.0,300,Sell,227286098
2024-07-30 11:17:46,47150.0,400,Sell,227286592
2024-07-30 11:17:58,47150.0,100,Sell,227286762
2024-07-30 11:18:18,47150.0,400,Sell,227287076
2024-07-30 11:18:21,47200.0,2000,Buy,227287115
2024-07-30 11:18:50,47150.0,400,Sell,227287561
2024-07-30 11:19:04,47150.0,1800,Sell,227287682
2024-07-30 11:19:10,47150.0,500,Sell,227287777
2024-07-30 11:19:22,47150.0,300,Sell,227287939
2024-07-30 11:19:51,47150.0,500,Sell,227288388
2024-07-30 11:19:53,47150.0,300,Sell,227288432
2024-07-30 11:19:57,47150.0,2000,Sell,227288484
2024-07-30 11:20:16,47200.0,3000,Buy,227288823
2024-07-30 11:20:24,47150.0,400,Sell,227288946
2024-07-30 11:20:30,47200.0,500,Buy,227289023
2024-07-30 11:20:30,47200.0,500,Buy,227289024
2024-07-30 11:20:57,47150.0,400,Sell,227289359
2024-07-30 11:21:29,47150.0,400,Sell,227289712
2024-07-30 11:22:00,47150.0,400,Sell,227290109
2024-07-30 11:22:31,47150.0,400,Sell,227290437
2024-07-30 11:23:03,47150.0,1700,Sell,227290820
2024-07-30 11:23:04,47150.0,400,Sell,227290830
2024-07-30 11:23:07,47150.0,100,Sell,227290875
2024-07-30 11:23:37,47150.0,300,Sell,227291670
2024-07-30 11:24:08,47150.0,400,Sell,227292111
2024-07-30 11:24:40,47150.0,400,Sell,227292487
2024-07-30 11:25:12,47150.0,400,Sell,227292900
2024-07-30 11:25:27,47200.0,3300,Buy,227293064
2024-07-30 11:25:27,47200.0,300,Buy,227293063
2024-07-30 11:25:27,47200.0,400,Buy,227293062
2024-07-30 11:25:27,47200.0,500,Buy,227293058
2024-07-30 11:25:27,47200.0,5000,Buy,227293060
2024-07-30 11:25:27,47200.0,500,Buy,227293061
2024-07-30 11:25:27,47200.0,1000,Buy,227293059
2024-07-30 11:25:44,47150.0,400,Sell,227293245
2024-07-30 11:26:16,47150.0,300,Sell,227293665
2024-07-30 11:26:47,47150.0,400,Sell,227294147
2024-07-30 11:27:02,47150.0,1800,Sell,227294326
2024-07-30 11:27:19,47150.0,300,Sell,227294510
2024-07-30 11:27:50,47150.0,400,Sell,227294923
2024-07-30 11:28:03,47200.0,400,Buy,227295089
2024-07-30 11:28:23,47150.0,200,Sell,227295359
2024-07-30 11:28:44,47200.0,100,Buy,227295797
2024-07-30 11:29:03,47200.0,1000,Buy,227296014
2024-07-30 11:29:07,47200.0,100,Buy,227296086
2024-07-30 12:59:42,47200.0,100,Buy,227298129
2024-07-30 12:59:46,47150.0,100,Sell,227298942
2024-07-30 12:59:46,47200.0,100,Buy,227299146
2024-07-30 12:59:48,47200.0,3100,Buy,227299566
2024-07-30 12:59:48,47200.0,100,Buy,227299565
2024-07-30 12:59:56,47150.0,1000,Sell,227300620
2024-07-30 13:00:27,47150.0,8600,Sell,227301887
2024-07-30 13:00:29,47150.0,100,Sell,227301966
2024-07-30 13:00:38,47150.0,400,Sell,227302218
2024-07-30 13:00:39,47150.0,4100,Sell,227302288
2024-07-30 13:01:01,47150.0,1800,Sell,227302787
2024-07-30 13:01:09,47150.0,300,Sell,227303020
2024-07-30 13:01:32,47150.0,200,Sell,227303557
2024-07-30 13:01:40,47150.0,300,Sell,227303749
2024-07-30 13:01:59,47150.0,5000,Sell,227304224
2024-07-30 13:02:11,47150.0,300,Sell,227304547
2024-07-30 13:02:37,47150.0,2000,Sell,227305258
2024-07-30 13:02:42,47150.0,300,Sell,227305371
2024-07-30 13:02:59,47150.0,100,Sell,227305859
2024-07-30 13:03:00,47150.0,500,Sell,227305868
2024-07-30 13:03:10,47150.0,3000,Sell,227306090
2024-07-30 13:03:11,47200.0,100,Buy,227306151
2024-07-30 13:03:11,47200.0,1500,Buy,227306152
2024-07-30 13:03:11,47200.0,5000,Buy,227306153
2024-07-30 13:03:11,47200.0,400,Buy,227306154
2024-07-30 13:03:11,47200.0,200,Buy,227306155
2024-07-30 13:03:11,47200.0,1000,Buy,227306156
2024-07-30 13:03:11,47200.0,900,Buy,227306150
2024-07-30 13:03:12,47200.0,300,Buy,227306166
2024-07-30 13:03:12,47200.0,600,Buy,227306167
2024-07-30 13:03:13,47150.0,400,Sell,227306219
2024-07-30 13:03:16,47150.0,2500,Sell,227306304
2024-07-30 13:03:18,47200.0,8000,Buy,227306365
2024-07-30 13:03:45,47150.0,300,Sell,227307199
2024-07-30 13:03:45,47150.0,100,Sell,227307198
2024-07-30 13:03:48,47150.0,2500,Sell,227307280
2024-07-30 13:03:56,47150.0,2200,Sell,227307550
2024-07-30 13:03:56,47150.0,100,Sell,227307551
2024-07-30 13:03:56,47150.0,2100,Sell,227307552
2024-07-30 13:03:56,47150.0,400,Sell,227307553
2024-07-30 13:03:56,47150.0,400,Sell,227307554
2024-07-30 13:03:56,47150.0,400,Sell,227307555
2024-07-30 13:03:56,47150.0,500,Sell,227307556
2024-07-30 13:04:17,47100.0,400,Sell,227308117
2024-07-30 13:04:42,47100.0,300,Sell,227308796
2024-07-30 13:04:49,47150.0,1500,Buy,227309028
2024-07-30 13:04:49,47150.0,500,Buy,227309029
2024-07-30 13:04:50,47150.0,300,Sell,227309038
2024-07-30 13:05:00,47150.0,1700,Sell,227309365
2024-07-30 13:05:20,47150.0,400,Sell,227309865
2024-07-30 13:05:28,47150.0,10000,Sell,227310043
2024-07-30 13:05:28,47150.0,3600,Sell,227310042
2024-07-30 13:05:28,47150.0,5000,Sell,227310044
2024-07-30 13:05:29,47150.0,1000,Buy,227310065
2024-07-30 13:05:53,47100.0,300,Sell,227310738
2024-07-30 13:06:15,47150.0,8000,Buy,227311491
2024-07-30 13:06:21,47150.0,2400,Buy,227311772
2024-07-30 13:06:21,47150.0,500,Buy,227311773
2024-07-30 13:06:24,47150.0,300,Sell,227311849
2024-07-30 13:06:28,47150.0,200,Sell,227311967
2024-07-30 13:06:30,47150.0,500,Sell,227312020
2024-07-30 13:06:54,47150.0,400,Sell,227312699
2024-07-30 13:07:25,47150.0,500,Sell,227313598
2024-07-30 13:07:26,47150.0,400,Sell,227313625
2024-07-30 13:07:58,47150.0,400,Sell,227314635
2024-07-30 13:08:08,47150.0,2000,Sell,227314912
2024-07-30 13:08:13,47150.0,2400,Sell,227315049
2024-07-30 13:08:13,47150.0,900,Sell,227315050
2024-07-30 13:08:30,47150.0,400,Sell,227315518
2024-07-30 13:08:45,47150.0,1700,Sell,227316139
2024-07-30 13:08:45,47150.0,5000,Sell,227316140
2024-07-30 13:09:02,47100.0,400,Sell,227316671
2024-07-30 13:09:14,47150.0,8000,Buy,227317010
2024-07-30 13:09:20,47150.0,10000,Buy,227317147
2024-07-30 13:09:34,47150.0,700,Buy,227317520
2024-07-30 13:09:35,47100.0,300,Sell,227317525
2024-07-30 13:09:48,47100.0,100,Sell,227317810
2024-07-30 13:10:06,47100.0,400,Sell,227318532
2024-07-30 13:10:18,47100.0,200,Sell,227318839
2024-07-30 13:10:38,47100.0,300,Sell,227319464
2024-07-30 13:10:46,47100.0,100,Sell,227319769
2024-07-30 13:11:01,47150.0,4000,Buy,227320245
2024-07-30 13:11:08,47100.0,400,Sell,227320608
2024-07-30 13:11:40,47100.0,400,Sell,227321516
2024-07-30 13:12:13,47100.0,300,Sell,227322415
2024-07-30 13:12:33,47150.0,600,Buy,227322918
2024-07-30 13:12:33,47150.0,1800,Buy,227322919
2024-07-30 13:12:33,47150.0,2500,Buy,227322920
2024-07-30 13:12:33,47150.0,100,Buy,227322921
2024-07-30 13:12:44,47100.0,300,Sell,227323188
2024-07-30 13:12:58,47100.0,1800,Sell,227323567
2024-07-30 13:13:09,47150.0,400,Buy,227323894
2024-07-30 13:13:09,47150.0,2900,Buy,227323895
2024-07-30 13:13:14,47150.0,100,Sell,227324000
2024-07-30 13:13:19,47150.0,300,Buy,227324100
2024-07-30 13:13:20,47150.0,100,Buy,227324134
2024-07-30 13:13:25,47150.0,300,Sell,227324235
2024-07-30 13:13:32,47150.0,500,Sell,227324435
2024-07-30 13:13:32,47150.0,2000,Sell,227324436
2024-07-30 13:13:47,47150.0,400,Sell,227324752
2024-07-30 13:14:18,47150.0,400,Sell,227325648
2024-07-30 13:14:28,47150.0,400,Sell,227325840
2024-07-30 13:14:51,47150.0,300,Sell,227326311
2024-07-30 13:15:07,47150.0,500,Sell,227326706
2024-07-30 13:15:09,47150.0,100,Sell,227326737
2024-07-30 13:15:09,47200.0,1400,Buy,227326744
2024-07-30 13:15:09,47200.0,6600,Buy,227326745
2024-07-30 13:15:15,47200.0,10000,Buy,227326881
2024-07-30 13:15:22,47150.0,400,Sell,227327067
2024-07-30 13:15:23,47150.0,1900,Sell,227327091
2024-07-30 13:15:55,47150.0,300,Sell,227327996
2024-07-30 13:16:11,47150.0,2100,Sell,227328435
2024-07-30 13:16:24,47150.0,100,Sell,227328731
2024-07-30 13:16:25,47150.0,400,Sell,227328758
2024-07-30 13:16:29,47150.0,100,Sell,227328843
2024-07-30 13:16:36,47150.0,100,Sell,227328977
2024-07-30 13:16:36,47150.0,500,Sell,227328978
2024-07-30 13:16:37,47150.0,300,Sell,227328979
2024-07-30 13:16:53,47200.0,3000,Buy,227329414
2024-07-30 13:16:57,47150.0,200,Sell,227329529
2024-07-30 13:16:57,47150.0,100,Sell,227329530
2024-07-30 13:17:27,47150.0,300,Sell,227330328
2024-07-30 13:17:34,47200.0,600,Buy,227330478
2024-07-30 13:17:40,47200.0,5000,Buy,227330598
2024-07-30 13:17:42,47200.0,500,Buy,227330691
2024-07-30 13:17:57,47150.0,400,Sell,227331285
2024-07-30 13:18:30,47150.0,400,Sell,227332214
2024-07-30 13:18:33,47150.0,100,Sell,227332284
2024-07-30 13:19:02,47150.0,300,Sell,227333057
2024-07-30 13:19:03,47200.0,4300,Buy,227333071
2024-07-30 13:19:03,47200.0,5000,Buy,227333072
2024-07-30 13:19:03,47200.0,500,Buy,227333073
2024-07-30 13:19:03,47200.0,100,Buy,227333074
2024-07-30 13:19:03,47200.0,3000,Buy,227333075
2024-07-30 13:19:03,47200.0,1000,Buy,227333076
2024-07-30 13:19:03,47200.0,500,Buy,227333077
2024-07-30 13:19:03,47200.0,2000,Buy,227333078
2024-07-30 13:19:03,47200.0,300,Buy,227333079
2024-07-30 13:19:03,47200.0,3300,Buy,227333080
2024-07-30 13:19:20,47200.0,100,Buy,227333657
2024-07-30 13:19:20,47200.0,1000,Buy,227333656
2024-07-30 13:19:20,47200.0,500,Buy,227333654
2024-07-30 13:19:20,47200.0,700,Buy,227333653
2024-07-30 13:19:20,47200.0,1700,Buy,227333655
2024-07-30 13:19:33,47200.0,400,Sell,227334006
2024-07-30 13:19:54,47250.0,5000,Buy,227334668
2024-07-30 13:20:05,47200.0,400,Sell,227335091
2024-07-30 13:20:37,47200.0,400,Sell,227336108
2024-07-30 13:20:38,47250.0,100,Buy,227336141
2024-07-30 13:21:09,47200.0,400,Sell,227337032
2024-07-30 13:21:41,47200.0,300,Sell,227338026
2024-07-30 13:21:52,47250.0,200,Buy,227338409
2024-07-30 13:21:56,47250.0,500,Buy,227338531
2024-07-30 13:22:12,47200.0,300,Sell,227339032
2024-07-30 13:22:14,47250.0,200,Buy,227339073
2024-07-30 13:22:22,47200.0,500,Sell,227339342
2024-07-30 13:22:24,47250.0,200,Buy,227339418
2024-07-30 13:22:29,47250.0,500,Buy,227339533
2024-07-30 13:22:31,47200.0,700,Sell,227339654
2024-07-30 13:22:44,47200.0,300,Sell,227340002
2024-07-30 13:22:50,47250.0,200,Buy,227340181
2024-07-30 13:23:14,47200.0,300,Sell,227340822
2024-07-30 13:23:20,47250.0,200,Buy,227340993
2024-07-30 13:23:25,47250.0,6400,Buy,227341131
2024-07-30 13:23:25,47250.0,2000,Buy,227341132
2024-07-30 13:23:25,47250.0,5400,Buy,227341133
2024-07-30 13:23:36,47250.0,11800,Buy,227341353
2024-07-30 13:23:44,47200.0,400,Sell,227341616
2024-07-30 13:23:46,47250.0,200,Buy,227341667
2024-07-30 13:24:02,47200.0,400,Sell,227342075
2024-07-30 13:24:16,47200.0,300,Sell,227342423
2024-07-30 13:24:20,47250.0,200,Buy,227342515
2024-07-30 13:24:22,47200.0,400,Sell,227342594
2024-07-30 13:24:24,47250.0,200,Buy,227342654
2024-07-30 13:24:28,47200.0,500,Sell,227342799
2024-07-30 13:24:28,47200.0,700,Sell,227342800
2024-07-30 13:24:40,47250.0,700,Buy,227343144
2024-07-30 13:24:48,47200.0,300,Sell,227343381
2024-07-30 13:24:50,47250.0,1000,Buy,227343435
2024-07-30 13:25:11,47250.0,100,Buy,227344007
2024-07-30 13:25:18,47200.0,400,Sell,227344101
2024-07-30 13:25:40,47200.0,500,Sell,227344661
2024-07-30 13:25:51,47200.0,400,Sell,227344927
2024-07-30 13:25:52,47250.0,1600,Buy,227344952
2024-07-30 13:26:19,47250.0,500,Buy,227345610
2024-07-30 13:26:21,47250.0,200,Buy,227345653
2024-07-30 13:26:24,47200.0,300,Sell,227345708
2024-07-30 13:26:26,47200.0,200,Sell,227345743
2024-07-30 13:26:49,47200.0,500,Sell,227346221
2024-07-30 13:26:55,47200.0,300,Sell,227346332
2024-07-30 13:27:25,47200.0,400,Sell,227347031
2024-07-30 13:27:28,47200.0,100,Sell,227347064
2024-07-30 13:27:58,47200.0,400,Sell,227347762
2024-07-30 13:28:20,47200.0,400,Sell,227348317
2024-07-30 13:28:29,47200.0,100,Sell,227348482
2024-07-30 13:28:30,47200.0,400,Sell,227348513
2024-07-30 13:28:32,47200.0,800,Sell,227348542
2024-07-30 13:28:53,47200.0,1700,Sell,227349038
2024-07-30 13:29:02,47200.0,300,Sell,227349209
2024-07-30 13:29:10,47200.0,1000,Sell,227349443
2024-07-30 13:29:21,47200.0,1000,Sell,227349697
2024-07-30 13:29:33,47200.0,400,Sell,227350123
2024-07-30 13:29:42,47200.0,400,Sell,227350329
2024-07-30 13:29:47,47200.0,10000,Sell,227350512
2024-07-30 13:29:50,47200.0,200,Sell,227350579
2024-07-30 13:30:06,47200.0,300,Sell,227351001
2024-07-30 13:30:07,47200.0,300,Sell,227351005
2024-07-30 13:30:13,47250.0,1000,Buy,227351311
2024-07-30 13:30:23,47200.0,1000,Sell,227351604
2024-07-30 13:30:37,47200.0,400,Sell,227351997
2024-07-30 13:30:42,47200.0,500,Sell,227352151
2024-07-30 13:31:09,47200.0,300,Sell,227353150
2024-07-30 13:31:23,47200.0,2000,Sell,227353669
2024-07-30 13:31:23,47200.0,1000,Sell,227353670
2024-07-30 13:31:23,47200.0,2000,Sell,227353671
2024-07-30 13:31:38,47200.0,2000,Sell,227354220
2024-07-30 13:31:40,47200.0,300,Sell,227354264
2024-07-30 13:31:41,47200.0,2000,Sell,227354284
2024-07-30 13:31:41,47200.0,100,Sell,227354285
2024-07-30 13:31:41,47200.0,5000,Sell,227354286
2024-07-30 13:31:41,47200.0,300,Sell,227354287
2024-07-30 13:31:41,47200.0,500,Sell,227354288
2024-07-30 13:31:41,47200.0,400,Sell,227354289
2024-07-30 13:31:41,47200.0,300,Sell,227354290
2024-07-30 13:31:41,47200.0,1000,Sell,227354291
2024-07-30 13:31:41,47200.0,400,Sell,227354292
2024-07-30 13:31:44,47200.0,1200,Sell,227354347
2024-07-30 13:31:46,47200.0,1000,Sell,227354426
2024-07-30 13:31:46,47200.0,100,Sell,227354425
2024-07-30 13:31:46,47200.0,100,Sell,227354424
2024-07-30 13:31:46,47200.0,500,Sell,227354418
2024-07-30 13:31:46,47200.0,1000,Sell,227354417
2024-07-30 13:31:46,47200.0,400,Sell,227354416
2024-07-30 13:31:53,47150.0,100,Sell,227354689
2024-07-30 13:32:11,47200.0,400,Sell,227355490
2024-07-30 13:32:22,47200.0,100,Sell,227355845
2024-07-30 13:32:23,47200.0,100,Sell,227355854
2024-07-30 13:32:26,47200.0,3000,Sell,227355917
2024-07-30 13:32:33,47200.0,20000,Sell,227356184
2024-07-30 13:32:33,47200.0,12400,Sell,227356183
2024-07-30 13:32:43,47150.0,400,Sell,227356614
2024-07-30 13:32:52,47150.0,1800,Sell,227356915
2024-07-30 13:32:57,47200.0,100,Buy,227357056
2024-07-30 13:33:10,47150.0,2000,Sell,227357440
2024-07-30 13:33:14,47150.0,400,Sell,227357533
2024-07-30 13:33:15,47150.0,1600,Sell,227357544
2024-07-30 13:33:15,47150.0,200,Sell,227357545
2024-07-30 13:33:15,47150.0,200,Sell,227357546
2024-07-30 13:33:37,47150.0,1000,Sell,227358279
2024-07-30 13:33:37,47150.0,4200,Sell,227358280
2024-07-30 13:33:37,47150.0,5000,Sell,227358277
2024-07-30 13:33:37,47150.0,9800,Sell,227358276
2024-07-30 13:33:37,47150.0,10000,Sell,227358278
2024-07-30 13:33:40,47150.0,600,Sell,227358390
2024-07-30 13:33:40,47150.0,200,Sell,227358391
2024-07-30 13:33:40,47150.0,5000,Sell,227358392
2024-07-30 13:33:40,47150.0,500,Sell,227358393
2024-07-30 13:33:40,47150.0,5000,Sell,227358394
2024-07-30 13:33:40,47150.0,100,Sell,227358395
2024-07-30 13:33:40,47150.0,2100,Sell,227358389
2024-07-30 13:33:45,47150.0,100,Buy,227358558
2024-07-30 13:33:46,47100.0,400,Sell,227358574
2024-07-30 13:33:50,47100.0,500,Sell,227358662
2024-07-30 13:33:54,47150.0,3400,Buy,227358777
2024-07-30 13:33:54,47150.0,300,Buy,227358778
2024-07-30 13:33:57,47150.0,3200,Sell,227358869
2024-07-30 13:34:05,47150.0,100,Sell,227359208
2024-07-30 13:34:17,47150.0,500,Sell,227359680
2024-07-30 13:34:19,47150.0,400,Sell,227359750
2024-07-30 13:34:21,47150.0,100,Sell,227359864
2024-07-30 13:34:21,47150.0,100,Sell,227359863
2024-07-30 13:34:26,47150.0,1000,Sell,227360042
2024-07-30 13:34:27,47150.0,1300,Sell,227360079
2024-07-30 13:34:38,47150.0,500,Sell,227360461
2024-07-30 13:34:51,47150.0,400,Sell,227360765
2024-07-30 13:35:02,47150.0,5600,Sell,227361106
2024-07-30 13:35:11,47150.0,1100,Sell,227361362
2024-07-30 13:35:11,47150.0,500,Sell,227361364
2024-07-30 13:35:11,47150.0,1400,Sell,227361365
2024-07-30 13:35:19,47150.0,100,Sell,227361644
2024-07-30 13:35:23,47150.0,100,Sell,227361841
2024-07-30 13:35:24,47150.0,400,Sell,227361864
2024-07-30 13:35:27,47150.0,100,Sell,227361998
2024-07-30 13:35:36,47150.0,100,Buy,227362333
2024-07-30 13:35:45,47150.0,200,Buy,227362622
2024-07-30 13:35:45,47150.0,300,Buy,227362623
2024-07-30 13:35:56,47100.0,400,Sell,227363042
2024-07-30 13:36:16,47100.0,100,Sell,227363773
2024-07-30 13:36:29,47100.0,400,Sell,227364474
2024-07-30 13:36:48,47150.0,100,Buy,227365240
2024-07-30 13:36:48,47150.0,100,Buy,227365241
2024-07-30 13:36:48,47150.0,500,Buy,227365242
2024-07-30 13:36:48,47150.0,4200,Buy,227365243
2024-07-30 13:36:48,47150.0,600,Buy,227365244
2024-07-30 13:36:51,47150.0,1700,Sell,227365298
2024-07-30 13:37:01,47150.0,300,Sell,227365729
2024-07-30 13:37:13,47150.0,20000,Sell,227366282
2024-07-30 13:37:13,47150.0,8500,Sell,227366281
2024-07-30 13:37:32,47100.0,100,Sell,227366965
2024-07-30 13:37:32,47100.0,200,Sell,227366964
2024-07-30 13:37:32,47100.0,100,Sell,227366966
2024-07-30 13:37:47,47100.0,1000,Sell,227367509
2024-07-30 13:38:01,47100.0,100,Sell,227368018
2024-07-30 13:38:04,47100.0,300,Sell,227368099
2024-07-30 13:38:16,47100.0,200,Sell,227368456
2024-07-30 13:38:32,47100.0,500,Sell,227369048
2024-07-30 13:38:35,47100.0,300,Sell,227369186
2024-07-30 13:39:05,47100.0,300,Sell,227370314
2024-07-30 13:39:35,47100.0,500,Sell,227371335
2024-07-30 13:39:35,47100.0,400,Sell,227371336
2024-07-30 13:39:49,47100.0,1300,Sell,227371725
2024-07-30 13:39:49,47100.0,200,Sell,227371726
2024-07-30 13:39:56,47100.0,2000,Sell,227371981
2024-07-30 13:39:56,47100.0,100,Sell,227371965
2024-07-30 13:40:03,47100.0,500,Sell,227372190
2024-07-30 13:40:09,47100.0,400,Sell,227372358
2024-07-30 13:40:10,47150.0,100,Buy,227372417
2024-07-30 13:40:32,47100.0,2000,Sell,227373074
2024-07-30 13:40:40,47100.0,300,Sell,227373400
2024-07-30 13:40:50,47100.0,800,Sell,227373648
2024-07-30 13:40:50,47100.0,1000,Sell,227373649
2024-07-30 13:41:07,47100.0,300,Sell,227374240
2024-07-30 13:41:07,47100.0,100,Sell,227374241
2024-07-30 13:41:07,47100.0,1600,Sell,227374242
2024-07-30 13:41:12,47100.0,300,Sell,227374458
2024-07-30 13:41:13,47100.0,500,Sell,227374494
2024-07-30 13:41:19,47100.0,100,Sell,227374753
2024-07-30 13:41:43,47100.0,400,Sell,227375708
2024-07-30 13:41:45,47100.0,100,Sell,227375762
2024-07-30 13:42:08,47100.0,2000,Sell,227376853
2024-07-30 13:42:16,47100.0,400,Sell,227377134
2024-07-30 13:42:48,47100.0,400,Sell,227378915
2024-07-30 13:43:00,47100.0,4200,Sell,227379464
2024-07-30 13:43:00,47100.0,200,Sell,227379465
2024-07-30 13:43:00,47100.0,1000,Sell,227379466
2024-07-30 13:43:00,47100.0,500,Sell,227379467
2024-07-30 13:43:00,47100.0,1000,Sell,227379468
2024-07-30 13:43:00,47100.0,100,Sell,227379469
2024-07-30 13:43:00,47100.0,100,Sell,227379470
2024-07-30 13:43:00,47100.0,400,Sell,227379471
2024-07-30 13:43:01,47100.0,100,Sell,227379548
2024-07-30 13:43:01,47100.0,200,Sell,227379547
2024-07-30 13:43:01,47100.0,10000,Sell,227379546
2024-07-30 13:43:01,47100.0,400,Sell,227379545
2024-07-30 13:43:01,47100.0,500,Sell,227379544
2024-07-30 13:43:01,47100.0,500,Sell,227379540
2024-07-30 13:43:01,47100.0,500,Sell,227379542
2024-07-30 13:43:01,47100.0,200,Sell,227379541
2024-07-30 13:43:01,47100.0,4600,Sell,227379538
2024-07-30 13:43:01,47100.0,400,Sell,227379543
2024-07-30 13:43:01,47100.0,6300,Sell,227379539
2024-07-30 13:43:08,47100.0,1000,Buy,227379941
2024-07-30 13:43:09,47100.0,100,Buy,227380029
2024-07-30 13:43:18,47100.0,500,Buy,227380377
2024-07-30 13:43:20,47050.0,300,Sell,227380520
2024-07-30 13:43:47,47050.0,200,Sell,227381795
2024-07-30 13:43:48,47050.0,800,Sell,227381816
2024-07-30 13:43:51,47050.0,400,Sell,227382008
2024-07-30 13:43:56,47050.0,500,Sell,227382201
2024-07-30 13:44:09,47050.0,500,Sell,227382935
2024-07-30 13:44:11,47050.0,100,Sell,227383010
2024-07-30 13:44:12,47050.0,1000,Sell,227383089
2024-07-30 13:44:23,47050.0,300,Sell,227383723
2024-07-30 13:44:29,47050.0,500,Sell,227384062
2024-07-30 13:44:30,47050.0,500,Sell,227384120
2024-07-30 13:44:36,47050.0,1700,Sell,227384595
2024-07-30 13:44:36,47050.0,1500,Sell,227384596
2024-07-30 13:44:38,47050.0,100,Sell,227384659
2024-07-30 13:44:38,47050.0,700,Sell,227384667
2024-07-30 13:44:47,47050.0,400,Sell,227385215
2024-07-30 13:44:47,47050.0,700,Sell,227385216
2024-07-30 13:44:47,47050.0,2700,Sell,227385213
2024-07-30 13:44:47,47050.0,200,Sell,227385214
2024-07-30 13:44:49,47050.0,1800,Sell,227385310
2024-07-30 13:44:55,47050.0,300,Sell,227385575
2024-07-30 13:44:55,47050.0,1000,Sell,227385584
2024-07-30 13:45:04,47050.0,100,Sell,227386035
2024-07-30 13:45:24,47050.0,500,Sell,227387722
2024-07-30 13:45:25,47100.0,100,Buy,227387754
2024-07-30 13:45:26,47050.0,300,Sell,227387770
2024-07-30 13:45:36,47100.0,600,Buy,227388342
2024-07-30 13:45:42,47050.0,100,Sell,227388672
2024-07-30 13:45:54,47100.0,600,Buy,227389240
2024-07-30 13:45:57,47050.0,100,Sell,227389385
2024-07-30 13:45:57,47050.0,200,Sell,227389383
2024-07-30 13:45:57,47050.0,100,Sell,227389384
2024-07-30 13:46:29,47050.0,200,Sell,227390853
2024-07-30 13:46:29,47050.0,200,Sell,227390852
2024-07-30 13:46:37,47050.0,800,Sell,227391163
2024-07-30 13:46:37,47050.0,1200,Sell,227391164
2024-07-30 13:47:01,47050.0,300,Sell,227392085
2024-07-30 13:47:06,47050.0,500,Sell,227392201
2024-07-30 13:47:20,47050.0,3000,Sell,227392678
2024-07-30 13:47:26,47050.0,200,Sell,227392887
2024-07-30 13:47:33,47050.0,300,Sell,227393219
2024-07-30 13:47:42,47000.0,100,Sell,227393524
2024-07-30 13:47:42,47000.0,500,Sell,227393523
2024-07-30 13:47:42,47000.0,5300,Sell,227393516
2024-07-30 13:47:42,47050.0,1000,Sell,227393513
2024-07-30 13:47:42,47050.0,100,Sell,227393512
2024-07-30 13:47:42,47050.0,100,Sell,227393515
2024-07-30 13:47:42,47050.0,6300,Sell,227393510
2024-07-30 13:47:42,47050.0,400,Sell,227393511
2024-07-30 13:47:42,47050.0,4500,Sell,227393506
2024-07-30 13:47:42,47050.0,1500,Sell,227393507
2024-07-30 13:47:42,47050.0,6300,Sell,227393514
2024-07-30 13:47:42,47050.0,3000,Sell,227393509
2024-07-30 13:47:42,47050.0,900,Sell,227393508
2024-07-30 13:48:04,47050.0,400,Sell,227394459
2024-07-30 13:48:05,47050.0,500,Sell,227394490
2024-07-30 13:48:10,47050.0,200,Sell,227394755
2024-07-30 13:48:10,47050.0,500,Sell,227394756
2024-07-30 13:48:10,47050.0,4100,Sell,227394754
2024-07-30 13:48:23,47050.0,5200,Buy,227395104
2024-07-30 13:48:29,47050.0,1000,Sell,227395307
2024-07-30 13:48:36,47050.0,300,Sell,227395491
2024-07-30 13:48:48,47050.0,1700,Sell,227395927
2024-07-30 13:48:49,47050.0,100,Sell,227395991
2024-07-30 13:49:03,47050.0,1700,Sell,227396434
2024-07-30 13:49:03,47050.0,500,Sell,227396435
2024-07-30 13:49:06,47000.0,300,Sell,227396511
2024-07-30 13:49:36,47000.0,800,Sell,227397662
2024-07-30 13:49:36,47000.0,500,Sell,227397663
2024-07-30 13:49:36,47000.0,2000,Sell,227397664
2024-07-30 13:49:36,47000.0,500,Sell,227397665
2024-07-30 13:49:36,47000.0,100,Sell,227397666
2024-07-30 13:49:36,47000.0,1100,Sell,227397667
2024-07-30 13:49:36,47000.0,400,Sell,227397675
2024-07-30 13:49:36,47000.0,1600,Sell,227397661
2024-07-30 13:49:56,47000.0,600,Sell,227398366
2024-07-30 13:49:57,47050.0,300,Buy,227398378
2024-07-30 13:50:08,47000.0,400,Sell,227398736
2024-07-30 13:50:36,47000.0,2500,Sell,227399550
2024-07-30 13:50:36,47000.0,1500,Sell,227399551
2024-07-30 13:50:41,47000.0,300,Sell,227399671
2024-07-30 13:51:11,47000.0,400,Sell,227400543
2024-07-30 13:51:32,47000.0,4300,Sell,227401174
2024-07-30 13:51:44,47000.0,400,Sell,227401697
2024-07-30 13:51:58,47000.0,700,Sell,227402137
2024-07-30 13:52:07,47050.0,6300,Buy,227402407
2024-07-30 13:52:17,47000.0,300,Sell,227402655
2024-07-30 13:52:19,47050.0,400,Buy,227402733
2024-07-30 13:52:48,47000.0,300,Sell,227403648
2024-07-30 13:52:49,47000.0,300,Sell,227403682
2024-07-30 13:52:49,47000.0,100,Sell,227403683
2024-07-30 13:52:57,47050.0,800,Buy,227403980
2024-07-30 13:52:57,47050.0,200,Buy,227403981
2024-07-30 13:53:09,47000.0,400,Sell,227404339
2024-07-30 13:53:14,47050.0,1300,Buy,227404556
2024-07-30 13:53:19,47000.0,400,Sell,227404728
2024-07-30 13:53:19,47000.0,400,Sell,227404729
2024-07-30 13:53:32,47000.0,400,Sell,227405118
2024-07-30 13:53:51,47000.0,300,Sell,227405667
2024-07-30 13:53:51,47000.0,100,Sell,227405668
2024-07-30 13:54:05,47000.0,400,Sell,227406040
2024-07-30 13:54:05,47000.0,5000,Sell,227406041
2024-07-30 13:54:05,47000.0,100,Sell,227406042
2024-07-30 13:54:05,47000.0,3000,Sell,227406043
2024-07-30 13:54:05,47000.0,1000,Sell,227406044
2024-07-30 13:54:05,47000.0,100,Sell,227406045
2024-07-30 13:54:05,47000.0,100,Sell,227406046
2024-07-30 13:54:05,47000.0,500,Sell,227406047
2024-07-30 13:54:05,47000.0,200,Sell,227406048
2024-07-30 13:54:05,47000.0,3200,Sell,227406049
2024-07-30 13:54:23,47000.0,400,Sell,227406518
2024-07-30 13:54:26,47000.0,2000,Sell,227406565
2024-07-30 13:54:33,47000.0,1800,Sell,227406736
2024-07-30 13:54:56,47000.0,300,Sell,227407236
2024-07-30 13:55:18,47000.0,2300,Sell,227407805
2024-07-30 13:55:18,47000.0,100,Sell,227407806
2024-07-30 13:55:18,47000.0,100,Sell,227407807
2024-07-30 13:55:18,47000.0,5000,Sell,227407808
2024-07-30 13:55:18,47000.0,100,Sell,227407809
2024-07-30 13:55:18,47000.0,700,Sell,227407810
2024-07-30 13:55:18,47000.0,500,Sell,227407811
2024-07-30 13:55:18,47000.0,500,Sell,227407812
2024-07-30 13:55:18,47000.0,200,Sell,227407813
2024-07-30 13:55:18,47000.0,100,Sell,227407814
2024-07-30 13:55:18,47000.0,400,Sell,227407815
2024-07-30 13:55:26,47000.0,300,Sell,227408057
2024-07-30 13:55:27,47000.0,200,Sell,227408069
2024-07-30 13:55:31,47000.0,1600,Sell,227408161
2024-07-30 13:55:31,47000.0,5400,Sell,227408158
2024-07-30 13:55:31,47000.0,2000,Sell,227408159
2024-07-30 13:55:31,47000.0,1000,Sell,227408160
2024-07-30 13:55:53,47000.0,3000,Sell,227408770
2024-07-30 13:55:57,47000.0,300,Sell,227408873
2024-07-30 13:55:58,47000.0,200,Sell,227408905
2024-07-30 13:55:59,47000.0,900,Sell,227408916
2024-07-30 13:56:14,47000.0,500,Sell,227409281
2024-07-30 13:56:15,47000.0,300,Sell,227409297
2024-07-30 13:56:29,47000.0,300,Sell,227409722
2024-07-30 13:56:34,47050.0,500,Buy,227409902
2024-07-30 13:56:53,47000.0,100,Sell,227410368
2024-07-30 13:56:59,47000.0,300,Sell,227410540
2024-07-30 13:57:30,47000.0,300,Sell,227411627
2024-07-30 13:58:01,47000.0,400,Sell,227412399
2024-07-30 13:58:32,47000.0,400,Sell,227413363
2024-07-30 13:58:41,47000.0,1000,Sell,227413733
2024-07-30 13:58:42,47000.0,100,Sell,227413754
2024-07-30 13:58:51,47000.0,3000,Sell,227414075
2024-07-30 13:58:52,47000.0,3800,Sell,227414106
2024-07-30 13:59:05,47000.0,300,Sell,227414485
2024-07-30 13:59:06,47000.0,11300,Sell,227414580
2024-07-30 13:59:10,47000.0,1000,Sell,227414713
2024-07-30 13:59:11,47000.0,11300,Sell,227414731
2024-07-30 13:59:17,47000.0,600,Sell,227414916
2024-07-30 13:59:18,47000.0,19000,Sell,227414974
2024-07-30 13:59:18,47000.0,100,Sell,227414975
2024-07-30 13:59:18,47000.0,900,Sell,227414976
2024-07-30 13:59:18,47000.0,7100,Sell,227414983
2024-07-30 13:59:18,47000.0,100,Sell,227414984
2024-07-30 13:59:35,46950.0,400,Sell,227415602
2024-07-30 13:59:36,46950.0,100,Sell,227415631
2024-07-30 13:59:37,46950.0,100,Sell,227415683
2024-07-30 13:59:45,46950.0,500,Sell,227415942
2024-07-30 13:59:48,47000.0,500,Buy,227416125
2024-07-30 13:59:48,47000.0,700,Buy,227416126
2024-07-30 13:59:48,47000.0,500,Buy,227416127
2024-07-30 13:59:48,47000.0,800,Buy,227416128
2024-07-30 13:59:55,46950.0,200,Sell,227416374
2024-07-30 13:59:55,46950.0,5000,Sell,227416373
2024-07-30 13:59:55,46950.0,900,Sell,227416369
2024-07-30 13:59:55,46950.0,200,Sell,227416371
2024-07-30 13:59:55,46950.0,2000,Sell,227416370
2024-07-30 13:59:55,46950.0,3000,Sell,227416372
2024-07-30 14:00:07,46950.0,300,Sell,227416906
2024-07-30 14:00:07,46950.0,100,Sell,227416907
2024-07-30 14:00:08,46950.0,2000,Sell,227416939
2024-07-30 14:00:08,46950.0,100,Sell,227416938
2024-07-30 14:00:08,46950.0,200,Sell,227416937
2024-07-30 14:00:08,46950.0,100,Sell,227416935
2024-07-30 14:00:08,46950.0,500,Sell,227416934
2024-07-30 14:00:08,46950.0,200,Sell,227416933
2024-07-30 14:00:08,46950.0,5000,Sell,227416936
2024-07-30 14:00:39,46900.0,400,Sell,227418335
2024-07-30 14:00:45,46900.0,1700,Sell,227418499
2024-07-30 14:00:58,46900.0,300,Sell,227419139
2024-07-30 14:01:11,46900.0,300,Sell,227419742
2024-07-30 14:01:13,46900.0,5000,Sell,227419827
2024-07-30 14:01:13,46900.0,200,Sell,227419824
2024-07-30 14:01:13,46900.0,1000,Sell,227419825
2024-07-30 14:01:13,46900.0,200,Sell,227419826
2024-07-30 14:01:14,46900.0,400,Sell,227419852
2024-07-30 14:01:14,46900.0,100,Sell,227419851
2024-07-30 14:01:14,46900.0,100,Sell,227419850
2024-07-30 14:01:14,46900.0,200,Sell,227419843
2024-07-30 14:01:14,46900.0,2000,Sell,227419849
2024-07-30 14:01:14,46900.0,500,Sell,227419848
2024-07-30 14:01:14,46900.0,5000,Sell,227419847
2024-07-30 14:01:14,46900.0,500,Sell,227419846
2024-07-30 14:01:14,46900.0,100,Sell,227419845
2024-07-30 14:01:14,46900.0,100,Sell,227419844
2024-07-30 14:01:14,46900.0,200,Sell,227419842
2024-07-30 14:01:14,46900.0,5000,Sell,227419832
2024-07-30 14:01:14,46900.0,100,Sell,227419840
2024-07-30 14:01:14,46900.0,500,Sell,227419841
2024-07-30 14:01:14,46900.0,200,Sell,227419829
2024-07-30 14:01:14,46900.0,500,Sell,227419830
2024-07-30 14:01:14,46900.0,700,Sell,227419833
2024-07-30 14:01:14,46900.0,100,Sell,227419834
2024-07-30 14:01:14,46900.0,100,Sell,227419831
2024-07-30 14:01:14,46900.0,500,Sell,227419836
2024-07-30 14:01:14,46900.0,100,Sell,227419838
2024-07-30 14:01:14,46900.0,1100,Sell,227419839
2024-07-30 14:01:14,46900.0,100,Sell,227419835
2024-07-30 14:01:14,46900.0,100,Sell,227419837
2024-07-30 14:01:16,46900.0,100,Buy,227419960
2024-07-30 14:01:25,46900.0,3200,Buy,227420456
2024-07-30 14:01:25,46900.0,300,Buy,227420457
2024-07-30 14:01:25,46950.0,100,Buy,227420458
2024-07-30 14:01:25,46950.0,700,Buy,227420459
2024-07-30 14:01:26,46950.0,700,Sell,227420498
2024-07-30 14:01:42,46850.0,300,Sell,227421494
2024-07-30 14:01:48,46850.0,1700,Sell,227421996
2024-07-30 14:01:55,46900.0,100,Sell,227422806
2024-07-30 14:02:03,46900.0,100,Sell,227423153
2024-07-30 14:02:13,46850.0,400,Sell,227423805
2024-07-30 14:02:19,46850.0,1300,Sell,227424418
2024-07-30 14:02:21,46850.0,100,Sell,227424561
2024-07-30 14:02:24,46850.0,5000,Sell,227424914
2024-07-30 14:02:34,46850.0,100,Sell,227425600
2024-07-30 14:02:37,46850.0,300,Sell,227425966
2024-07-30 14:02:46,46850.0,800,Sell,227426502
2024-07-30 14:02:46,46850.0,100,Sell,227426508
2024-07-30 14:02:46,46850.0,100,Sell,227426507
2024-07-30 14:02:46,46850.0,5000,Sell,227426503
2024-07-30 14:02:46,46850.0,100,Sell,227426505
2024-07-30 14:02:46,46850.0,400,Sell,227426504
2024-07-30 14:02:46,46850.0,100,Sell,227426506
2024-07-30 14:02:48,46900.0,1000,Buy,227426670
2024-07-30 14:02:58,46850.0,500,Sell,227427809
2024-07-30 14:03:05,46850.0,2000,Sell,227428486
2024-07-30 14:03:05,46850.0,1000,Sell,227428487
2024-07-30 14:03:11,46800.0,500,Sell,227428875
2024-07-30 14:03:12,46800.0,100,Sell,227428925
2024-07-30 14:03:19,46800.0,300,Sell,227429650
2024-07-30 14:03:27,46800.0,900,Sell,227430366
2024-07-30 14:03:27,46800.0,19100,Sell,227430365
2024-07-30 14:03:28,46800.0,1800,Sell,227430460
2024-07-30 14:03:31,46800.0,5600,Sell,227430691
2024-07-30 14:03:34,46800.0,200,Sell,227430993
2024-07-30 14:03:34,46800.0,400,Sell,227430997
2024-07-30 14:03:34,46800.0,100,Sell,227430996
2024-07-30 14:03:34,46800.0,1000,Sell,227430995
2024-07-30 14:03:34,46800.0,100,Sell,227430994
2024-07-30 14:03:34,46800.0,500,Sell,227430991
2024-07-30 14:03:34,46800.0,200,Sell,227430990
2024-07-30 14:03:34,46800.0,100,Sell,227430989
2024-07-30 14:03:34,46800.0,5000,Sell,227430988
2024-07-30 14:03:34,46800.0,200,Sell,227430987
2024-07-30 14:03:34,46800.0,1700,Sell,227430986
2024-07-30 14:03:34,46800.0,100,Sell,227430992
2024-07-30 14:03:37,46800.0,500,Buy,227431137
2024-07-30 14:03:49,46750.0,500,Sell,227432118
2024-07-30 14:03:49,46750.0,1000,Sell,227432119
2024-07-30 14:03:49,46750.0,1200,Sell,227432120
2024-07-30 14:03:49,46750.0,100,Sell,227432121
2024-07-30 14:03:49,46750.0,4200,Sell,227432122
2024-07-30 14:03:50,46750.0,300,Sell,227432179
2024-07-30 14:03:51,46750.0,1900,Sell,227432351
2024-07-30 14:04:01,46700.0,700,Sell,227433119
2024-07-30 14:04:01,46700.0,500,Sell,227433118
2024-07-30 14:04:01,46700.0,500,Sell,227433116
2024-07-30 14:04:01,46700.0,3000,Sell,227433115
2024-07-30 14:04:01,46700.0,1000,Sell,227433117
2024-07-30 14:04:02,46700.0,1300,Sell,227433223
2024-07-30 14:04:02,46700.0,100,Sell,227433224
2024-07-30 14:04:02,46700.0,100,Sell,227433225
2024-07-30 14:04:15,46700.0,300,Buy,227434271
2024-07-30 14:04:19,46650.0,500,Sell,227434585
2024-07-30 14:04:19,46650.0,700,Sell,227434586
2024-07-30 14:04:21,46650.0,400,Sell,227434705
2024-07-30 14:04:31,46650.0,300,Sell,227435664
2024-07-30 14:04:37,46650.0,1200,Sell,227436131
2024-07-30 14:04:42,46650.0,2000,Sell,227436485
2024-07-30 14:04:42,46650.0,400,Sell,227436486
2024-07-30 14:04:42,46650.0,7400,Sell,227436483
2024-07-30 14:04:42,46650.0,100,Sell,227436484
2024-07-30 14:04:52,46650.0,1200,Buy,227437179
2024-07-30 14:04:52,46650.0,1800,Buy,227437180
2024-07-30 14:04:52,46650.0,7000,Buy,227437181
2024-07-30 14:04:52,46600.0,300,Sell,227437196
2024-07-30 14:05:00,46600.0,100,Sell,227437878
2024-07-30 14:05:00,46600.0,200,Sell,227437877
2024-07-30 14:05:00,46600.0,100,Sell,227437876
2024-07-30 14:05:00,46600.0,10000,Sell,227437875
2024-07-30 14:05:00,46600.0,100,Sell,227437879
2024-07-30 14:05:00,46600.0,500,Sell,227437873
2024-07-30 14:05:00,46600.0,500,Sell,227437872
2024-07-30 14:05:00,46600.0,1000,Sell,227437871
2024-07-30 14:05:00,46600.0,100,Sell,227437870
2024-07-30 14:05:00,46600.0,700,Sell,227437869
2024-07-30 14:05:00,46600.0,100,Sell,227437874
2024-07-30 14:05:16,46550.0,300,Sell,227439084
2024-07-30 14:05:16,46550.0,2000,Sell,227439085
2024-07-30 14:05:16,46550.0,300,Sell,227439086
2024-07-30 14:05:21,46550.0,1000,Sell,227439572
2024-07-30 14:05:21,46550.0,200,Sell,227439570
2024-07-30 14:05:21,46550.0,100,Sell,227439571
2024-07-30 14:05:24,46500.0,100,Sell,227439877
2024-07-30 14:05:24,46500.0,300,Sell,227439878
2024-07-30 14:05:29,46500.0,1500,Sell,227440246
2024-07-30 14:05:29,46500.0,500,Sell,227440245
2024-07-30 14:05:29,46500.0,1000,Sell,227440244
2024-07-30 14:05:29,46500.0,1000,Sell,227440243
2024-07-30 14:05:29,46500.0,100,Sell,227440242
2024-07-30 14:05:29,46500.0,200,Sell,227440241
2024-07-30 14:05:29,46500.0,200,Sell,227440240
2024-07-30 14:05:29,46500.0,500,Sell,227440238
2024-07-30 14:05:29,46500.0,1000,Sell,227440237
2024-07-30 14:05:29,46500.0,300,Sell,227440232
2024-07-30 14:05:29,46500.0,1400,Sell,227440233
2024-07-30 14:05:29,46500.0,1000,Sell,227440239
2024-07-30 14:05:29,46500.0,500,Sell,227440235
2024-07-30 14:05:29,46500.0,100,Sell,227440236
2024-07-30 14:05:29,46500.0,1000,Sell,227440234
2024-07-30 14:05:33,46500.0,200,Sell,227440625
2024-07-30 14:05:35,46550.0,200,Buy,227440744
2024-07-30 14:05:35,46600.0,9800,Buy,227440745
2024-07-30 14:05:37,46500.0,300,Sell,227440851
2024-07-30 14:05:37,46500.0,100,Sell,227440852
2024-07-30 14:05:37,46500.0,300,Sell,227440853
2024-07-30 14:05:44,46500.0,500,Sell,227441318
2024-07-30 14:05:44,46500.0,2200,Sell,227441319
2024-07-30 14:05:44,46500.0,200,Sell,227441316
2024-07-30 14:05:44,46550.0,1000,Sell,227441315
2024-07-30 14:05:44,46500.0,100,Sell,227441317
2024-07-30 14:05:50,46500.0,100,Sell,227441764
2024-07-30 14:05:55,46500.0,300,Sell,227442068
2024-07-30 14:05:56,46500.0,300,Sell,227442171
2024-07-30 14:05:59,46500.0,1000,Sell,227442331
2024-07-30 14:06:08,46500.0,1000,Sell,227442911
2024-07-30 14:06:13,46500.0,500,Sell,227443187
2024-07-30 14:06:15,46500.0,300,Sell,227443242
2024-07-30 14:06:19,46600.0,6300,Buy,227443531
2024-07-30 14:06:24,46500.0,500,Sell,227443876
2024-07-30 14:06:27,46500.0,400,Sell,227444026
2024-07-30 14:06:29,46600.0,100,Buy,227444163
2024-07-30 14:06:29,46600.0,400,Buy,227444162
2024-07-30 14:06:29,46600.0,500,Buy,227444155
2024-07-30 14:06:29,46600.0,100,Buy,227444156
2024-07-30 14:06:35,46600.0,800,Buy,227444558
2024-07-30 14:06:36,46600.0,100,Buy,227444612
2024-07-30 14:06:36,46650.0,3000,Buy,227444613
2024-07-30 14:06:37,46650.0,500,Sell,227444743
2024-07-30 14:06:50,46650.0,2700,Sell,227445500
2024-07-30 14:06:54,46650.0,300,Buy,227445726
2024-07-30 14:06:59,46600.0,400,Sell,227446010
2024-07-30 14:07:06,46650.0,600,Buy,227446411
2024-07-30 14:07:13,46650.0,100,Buy,227446738
2024-07-30 14:07:13,46600.0,600,Sell,227446739
2024-07-30 14:07:13,46600.0,2600,Sell,227446740
2024-07-30 14:07:13,46650.0,100,Buy,227446768
2024-07-30 14:07:14,46650.0,200,Buy,227446793
2024-07-30 14:07:15,46650.0,1500,Buy,227446837
2024-07-30 14:07:19,46650.0,500,Buy,227447023
2024-07-30 14:07:19,46650.0,500,Buy,227447022
2024-07-30 14:07:28,46700.0,10000,Buy,227447488
2024-07-30 14:07:29,46700.0,1000,Buy,227447546
2024-07-30 14:07:29,46700.0,300,Buy,227447642
2024-07-30 14:07:29,46700.0,100,Buy,227447643
2024-07-30 14:07:29,46700.0,2000,Buy,227447644
2024-07-30 14:07:32,46650.0,300,Sell,227447804
2024-07-30 14:07:43,46700.0,500,Sell,227448447
2024-07-30 14:07:56,46750.0,300,Buy,227449070
2024-07-30 14:07:56,46750.0,600,Buy,227449074
2024-07-30 14:08:01,46750.0,1400,Buy,227449268
2024-07-30 14:08:02,46750.0,300,Sell,227449321
2024-07-30 14:08:10,46800.0,400,Buy,227449704
2024-07-30 14:08:17,46800.0,100,Buy,227450050
2024-07-30 14:08:19,46800.0,100,Buy,227450151
2024-07-30 14:08:23,46800.0,2000,Buy,227450358
2024-07-30 14:08:23,46800.0,4300,Buy,227450357
2024-07-30 14:08:25,46800.0,3000,Buy,227450451
2024-07-30 14:08:26,46800.0,1500,Buy,227450571
2024-07-30 14:08:27,46750.0,1300,Sell,227450590
2024-07-30 14:08:27,46750.0,700,Sell,227450589
2024-07-30 14:08:33,46750.0,400,Sell,227450864
2024-07-30 14:08:37,46750.0,1000,Sell,227451106
2024-07-30 14:08:41,46800.0,200,Buy,227451285
2024-07-30 14:08:41,46750.0,1800,Sell,227451309
2024-07-30 14:08:51,46800.0,300,Buy,227451654
2024-07-30 14:08:52,46900.0,1000,Buy,227451675
2024-07-30 14:08:52,46900.0,4000,Buy,227451676
2024-07-30 14:08:58,46900.0,200,Buy,227451870
2024-07-30 14:09:04,46800.0,400,Sell,227452103
2024-07-30 14:09:37,46800.0,400,Sell,227453177
2024-07-30 14:09:43,46850.0,100,Sell,227453346
2024-07-30 14:10:02,46900.0,200,Buy,227453883
2024-07-30 14:10:08,46850.0,2000,Sell,227454088
2024-07-30 14:10:15,46850.0,300,Buy,227454280
2024-07-30 14:10:15,46850.0,200,Sell,227454294
2024-07-30 14:10:27,46850.0,100,Buy,227454634
2024-07-30 14:10:40,46800.0,300,Sell,227455098
2024-07-30 14:10:41,46850.0,100,Buy,227455106
2024-07-30 14:10:41,46800.0,1500,Sell,227455107
2024-07-30 14:10:42,46800.0,800,Sell,227455190
2024-07-30 14:10:46,46800.0,100,Sell,227455316
2024-07-30 14:10:46,46800.0,6300,Sell,227455315
2024-07-30 14:10:46,46800.0,6300,Sell,227455313
2024-07-30 14:10:46,46800.0,6300,Sell,227455312
2024-07-30 14:10:46,46800.0,100,Sell,227455311
2024-07-30 14:10:46,46800.0,1000,Sell,227455309
2024-07-30 14:10:46,46800.0,100,Sell,227455308
2024-07-30 14:10:46,46800.0,2500,Sell,227455307
2024-07-30 14:10:46,46800.0,100,Sell,227455306
2024-07-30 14:10:46,46800.0,100,Sell,227455305
2024-07-30 14:10:46,46800.0,800,Sell,227455304
2024-07-30 14:10:46,46800.0,2000,Sell,227455310
2024-07-30 14:10:55,46800.0,500,Buy,227455644
2024-07-30 14:10:55,46800.0,100,Buy,227455645
2024-07-30 14:11:00,46800.0,1000,Buy,227455749
2024-07-30 14:11:04,46750.0,400,Sell,227455894
2024-07-30 14:11:09,46750.0,400,Sell,227456098
2024-07-30 14:11:11,46750.0,400,Sell,227456149
2024-07-30 14:11:16,46750.0,1300,Sell,227456399
2024-07-30 14:11:16,46750.0,600,Sell,227456397
2024-07-30 14:11:16,46750.0,500,Sell,227456398
2024-07-30 14:11:18,46800.0,800,Buy,227456547
2024-07-30 14:11:18,46850.0,1800,Buy,227456548
2024-07-30 14:11:18,46850.0,4500,Buy,227456549
2024-07-30 14:11:19,46850.0,2900,Sell,227456578
2024-07-30 14:11:25,46850.0,2600,Buy,227456737
2024-07-30 14:11:25,46850.0,7400,Sell,227456748
2024-07-30 14:11:39,46800.0,600,Sell,227457138
2024-07-30 14:11:39,46800.0,1000,Sell,227457139
2024-07-30 14:11:40,46800.0,400,Buy,227457204
2024-07-30 14:11:40,46900.0,600,Buy,227457205
2024-07-30 14:11:40,46900.0,500,Buy,227457206
2024-07-30 14:11:40,46900.0,2000,Buy,227457207
2024-07-30 14:11:40,46900.0,16500,Buy,227457208
2024-07-30 14:11:43,46750.0,400,Sell,227457295
2024-07-30 14:11:45,46800.0,2000,Buy,227457369
2024-07-30 14:11:46,46900.0,6200,Buy,227457388
2024-07-30 14:11:46,46900.0,2000,Buy,227457391
2024-07-30 14:11:50,46900.0,100,Sell,227457532
2024-07-30 14:11:51,46900.0,3900,Sell,227457592
2024-07-30 14:11:52,46900.0,7800,Sell,227457623
2024-07-30 14:11:54,46950.0,100,Buy,227457690
2024-07-30 14:12:15,46800.0,400,Sell,227458316
2024-07-30 14:12:25,46950.0,100,Buy,227458643
2024-07-30 14:12:49,46800.0,300,Sell,227459496
2024-07-30 14:13:03,46850.0,1300,Sell,227459947
2024-07-30 14:13:03,46850.0,700,Sell,227459948
2024-07-30 14:13:10,46850.0,1300,Sell,227460117
2024-07-30 14:13:10,46850.0,300,Sell,227460118
2024-07-30 14:13:19,46800.0,400,Sell,227460341
2024-07-30 14:13:45,46850.0,1600,Buy,227461047
2024-07-30 14:13:45,46850.0,1000,Buy,227461046
2024-07-30 14:13:45,46850.0,100,Buy,227461044
2024-07-30 14:13:45,46850.0,400,Buy,227461043
2024-07-30 14:13:45,46850.0,2000,Buy,227461045
2024-07-30 14:13:51,46800.0,300,Sell,227461161
2024-07-30 14:13:59,46850.0,1400,Buy,227461338
2024-07-30 14:13:59,46900.0,8600,Buy,227461339
2024-07-30 14:14:05,46900.0,10000,Buy,227461455
2024-07-30 14:14:09,46900.0,200,Buy,227461523
2024-07-30 14:14:23,46800.0,300,Sell,227461818
2024-07-30 14:14:37,46850.0,3000,Sell,227462183
2024-07-30 14:14:37,46800.0,3000,Sell,227462184
2024-07-30 14:14:53,46800.0,300,Sell,227462601
2024-07-30 14:15:12,46800.0,300,Sell,227463040
2024-07-30 14:15:20,46800.0,4000,Sell,227463254
2024-07-30 14:15:25,46800.0,300,Sell,227463360
2024-07-30 14:15:27,46800.0,21600,Sell,227463430
2024-07-30 14:15:27,46800.0,8400,Sell,227463429
2024-07-30 14:15:40,46850.0,400,Buy,227463855
2024-07-30 14:15:40,46850.0,500,Buy,227463856
2024-07-30 14:15:40,46900.0,2000,Buy,227463857
2024-07-30 14:15:40,46900.0,5000,Buy,227463858
2024-07-30 14:15:40,46900.0,1700,Buy,227463859
2024-07-30 14:15:40,46850.0,400,Buy,227463854
2024-07-30 14:15:43,46800.0,5000,Sell,227463937
2024-07-30 14:15:45,46850.0,2000,Buy,227463980
2024-07-30 14:15:45,46850.0,600,Buy,227463981
2024-07-30 14:15:45,46900.0,2300,Buy,227463982
2024-07-30 14:15:46,46900.0,5100,Sell,227464012
2024-07-30 14:15:51,46800.0,100,Sell,227464148
2024-07-30 14:15:51,46800.0,500,Sell,227464147
2024-07-30 14:15:51,46800.0,100,Sell,227464146
2024-07-30 14:15:51,46800.0,100,Sell,227464144
2024-07-30 14:15:51,46800.0,3000,Sell,227464142
2024-07-30 14:15:51,46800.0,3400,Sell,227464141
2024-07-30 14:15:51,46800.0,4500,Sell,227464145
2024-07-30 14:15:51,46800.0,5000,Sell,227464143
2024-07-30 14:15:56,46750.0,400,Sell,227464298
2024-07-30 14:15:56,46800.0,5000,Buy,227464305
2024-07-30 14:16:00,46800.0,100,Buy,227464405
2024-07-30 14:16:03,46750.0,4200,Sell,227464502
2024-07-30 14:16:03,46750.0,100,Sell,227464503
2024-07-30 14:16:03,46750.0,700,Sell,227464504
2024-07-30 14:16:07,46750.0,500,Sell,227464601
2024-07-30 14:16:07,46750.0,100,Sell,227464602
2024-07-30 14:16:07,46750.0,200,Sell,227464600
2024-07-30 14:16:07,46750.0,1600,Sell,227464598
2024-07-30 14:16:07,46750.0,200,Sell,227464599
2024-07-30 14:16:17,46750.0,1000,Buy,227464835
2024-07-30 14:16:17,46750.0,200,Buy,227464834
2024-07-30 14:16:19,46750.0,1200,Buy,227464869
2024-07-30 14:16:27,46750.0,300,Sell,227465119
2024-07-30 14:16:33,46750.0,500,Sell,227465358
2024-07-30 14:16:33,46750.0,400,Sell,227465359
2024-07-30 14:16:36,46750.0,100,Buy,227465451
2024-07-30 14:16:47,46750.0,1000,Buy,227465760
2024-07-30 14:16:47,46750.0,200,Buy,227465761
2024-07-30 14:16:47,46900.0,100,Buy,227465762
2024-07-30 14:16:47,46900.0,8700,Buy,227465763
2024-07-30 14:16:54,46900.0,10000,Buy,227465950
2024-07-30 14:16:57,46750.0,300,Sell,227466034
2024-07-30 14:17:28,46750.0,300,Sell,227466779
2024-07-30 14:17:28,46750.0,100,Sell,227466778
2024-07-30 14:17:46,46850.0,400,Buy,227467199
2024-07-30 14:17:46,46900.0,100,Buy,227467200
2024-07-30 14:17:46,46900.0,5000,Buy,227467201
2024-07-30 14:17:46,46900.0,4200,Buy,227467202
2024-07-30 14:17:46,46850.0,300,Buy,227467198
2024-07-30 14:17:52,46900.0,1500,Buy,227467397
2024-07-30 14:17:54,46900.0,8500,Sell,227467425
2024-07-30 14:17:59,46750.0,500,Sell,227467595
2024-07-30 14:18:00,46950.0,100,Buy,227467644
2024-07-30 14:18:01,46750.0,200,Sell,227467650
2024-07-30 14:18:01,46750.0,200,Sell,227467651
2024-07-30 14:18:03,46950.0,100,Buy,227467724
2024-07-30 14:18:24,46950.0,7500,Buy,227468548
2024-07-30 14:18:24,46900.0,1800,Buy,227468547
2024-07-30 14:18:24,46900.0,5400,Buy,227468545
2024-07-30 14:18:24,46900.0,300,Buy,227468546
2024-07-30 14:18:30,46950.0,15000,Buy,227468726
2024-07-30 14:18:34,46750.0,400,Sell,227468836
2024-07-30 14:18:34,46950.0,1000,Buy,227468844
2024-07-30 14:18:53,46800.0,100,Buy,227469451
2024-07-30 14:19:02,46800.0,100,Buy,227469682
2024-07-30 14:19:05,46750.0,300,Sell,227469821
2024-07-30 14:19:09,46800.0,100,Buy,227470017
2024-07-30 14:19:16,46800.0,500,Buy,227470252
2024-07-30 14:19:18,46800.0,100,Buy,227470337
2024-07-30 14:19:19,46800.0,100,Buy,227470357
2024-07-30 14:19:19,46950.0,100,Buy,227470358
2024-07-30 14:19:33,46800.0,2000,Buy,227470755
2024-07-30 14:19:33,46800.0,2100,Buy,227470753
2024-07-30 14:19:33,46800.0,900,Buy,227470754
2024-07-30 14:19:35,46800.0,400,Sell,227470811
2024-07-30 14:19:50,46950.0,100,Buy,227471176
2024-07-30 14:19:59,46950.0,100,Buy,227471473
2024-07-30 14:20:02,46950.0,100,Buy,227471669
2024-07-30 14:20:07,46800.0,300,Sell,227471834
2024-07-30 14:20:38,46800.0,100,Sell,227472774
2024-07-30 14:20:39,46800.0,300,Sell,227472797
2024-07-30 14:20:46,46800.0,200,Sell,227473044
2024-07-30 14:21:04,46850.0,1400,Buy,227473623
2024-07-30 14:21:05,46900.0,7300,Sell,227473743
2024-07-30 14:21:09,46800.0,100,Sell,227473849
2024-07-30 14:21:09,46800.0,300,Sell,227473850
2024-07-30 14:21:14,46800.0,200,Sell,227473983
2024-07-30 14:21:41,46900.0,500,Sell,227474820
2024-07-30 14:21:41,46900.0,400,Sell,227474814
2024-07-30 14:21:46,46950.0,100,Buy,227474963
2024-07-30 14:21:58,46950.0,200,Buy,227475322
2024-07-30 14:22:10,46950.0,400,Buy,227475709
2024-07-30 14:22:13,46900.0,300,Sell,227475801
2024-07-30 14:22:16,46950.0,100,Buy,227475870
2024-07-30 14:22:32,46950.0,500,Buy,227476253
2024-07-30 14:22:45,46900.0,400,Sell,227476620
2024-07-30 14:22:54,46950.0,100,Buy,227477056
2024-07-30 14:23:00,46900.0,2000,Sell,227477242
2024-07-30 14:23:16,46900.0,400,Sell,227477713
2024-07-30 14:23:49,46900.0,300,Sell,227478916
2024-07-30 14:24:20,46900.0,300,Sell,227480299
2024-07-30 14:24:37,46950.0,100,Buy,227481114
2024-07-30 14:24:38,46900.0,200,Sell,227481130
2024-07-30 14:24:51,46900.0,400,Sell,227481629
2024-07-30 14:25:00,46900.0,3600,Sell,227481923
2024-07-30 14:25:05,46950.0,2100,Buy,227482106
2024-07-30 14:25:24,46900.0,300,Sell,227482817
2024-07-30 14:25:54,46950.0,1000,Buy,227484023
2024-07-30 14:25:54,46900.0,300,Sell,227484043
2024-07-30 14:26:17,46950.0,1100,Buy,227484934
2024-07-30 14:26:17,46950.0,900,Buy,227484935
2024-07-30 14:26:23,46900.0,400,Sell,227485244
2024-07-30 14:26:24,46900.0,200,Sell,227485327
2024-07-30 14:26:45,46900.0,200,Sell,227486408
2024-07-30 14:26:47,46950.0,200,Buy,227486519
2024-07-30 14:27:05,46900.0,1400,Sell,227487353
2024-07-30 14:27:07,46950.0,900,Buy,227487423
2024-07-30 14:27:07,46950.0,100,Buy,227487424
2024-07-30 14:27:11,46950.0,300,Buy,227487599
2024-07-30 14:27:11,46950.0,200,Buy,227487598
2024-07-30 14:27:12,46950.0,3000,Buy,227487652
2024-07-30 14:27:15,46900.0,800,Sell,227487781
2024-07-30 14:27:28,46950.0,500,Buy,227488380
2024-07-30 14:27:29,46950.0,1000,Buy,227488398
2024-07-30 14:27:48,46950.0,2300,Buy,227489144
2024-07-30 14:27:51,46950.0,1100,Buy,227489235
2024-07-30 14:27:51,46950.0,100,Buy,227489236
2024-07-30 14:27:51,46950.0,1800,Buy,227489237
2024-07-30 14:28:02,46950.0,500,Buy,227489847
2024-07-30 14:28:18,46900.0,1000,Sell,227490585
2024-07-30 14:28:45,46900.0,1000,Sell,227491976
2024-07-30 14:28:45,46900.0,500,Sell,227491975
2024-07-30 14:28:45,46900.0,500,Sell,227491974
2024-07-30 14:28:45,46900.0,1000,Sell,227491973
2024-07-30 14:28:45,46900.0,500,Sell,227491972
2024-07-30 14:28:45,46900.0,2000,Sell,227491970
2024-07-30 14:28:45,46900.0,100,Sell,227491969
2024-07-30 14:28:45,46900.0,200,Sell,227491968
2024-07-30 14:28:45,46900.0,500,Sell,227491967
2024-07-30 14:28:45,46900.0,500,Sell,227491966
2024-07-30 14:28:45,46900.0,300,Sell,227491971
2024-07-30 14:28:52,46950.0,1600,Buy,227492339
2024-07-30 14:29:03,46950.0,100,Buy,227492896
2024-07-30 14:29:06,46900.0,800,Sell,227493094
2024-07-30 14:29:06,46900.0,200,Sell,227493095
2024-07-30 14:29:06,46900.0,100,Sell,227493096
2024-07-30 14:29:23,46900.0,500,Buy,227494025
2024-07-30 14:29:36,46900.0,300,Buy,227494812
2024-07-30 14:44:40,46800.0,103600,ATO/ATC,227495656
