time,price,volume,match_type,id
2024-08-16 09:14:36,46750.0,7400,ATO/ATC,231987657
2024-08-16 09:18:02,46850.0,100,Sell,231992001
2024-08-16 09:19:02,46900.0,100,Buy,231993167
2024-08-16 09:19:46,46950.0,300,Sell,231993990
2024-08-16 09:19:46,46900.0,200,Sell,231993991
2024-08-16 09:20:10,46900.0,1000,Buy,231994594
2024-08-16 09:20:11,46900.0,3500,Buy,231994599
2024-08-16 09:21:03,46900.0,6500,Sell,231995696
2024-08-16 09:21:03,46900.0,100,Sell,231995697
2024-08-16 09:21:03,46900.0,1000,Sell,231995698
2024-08-16 09:21:03,46900.0,500,Sell,231995699
2024-08-16 09:21:24,46900.0,300,Buy,231996102
2024-08-16 09:21:41,46900.0,100,Buy,231996374
2024-08-16 09:21:45,46900.0,500,Buy,231996469
2024-08-16 09:21:52,46900.0,1000,Buy,231996588
2024-08-16 09:21:52,46900.0,100,Buy,231996589
2024-08-16 09:23:45,47000.0,100,Buy,231998475
2024-08-16 09:24:31,47000.0,900,Buy,231999367
2024-08-16 09:24:31,47000.0,100,Buy,231999366
2024-08-16 09:25:42,46950.0,1000,Sell,232000590
2024-08-16 09:25:45,47000.0,7400,Buy,232000631
2024-08-16 09:26:24,47000.0,1700,Buy,232001299
2024-08-16 09:27:40,47000.0,300,Sell,232002605
2024-08-16 09:27:59,47000.0,700,Buy,232002900
2024-08-16 09:28:28,47000.0,100,Sell,232003487
2024-08-16 09:30:09,47000.0,200,Sell,232005235
2024-08-16 09:30:09,47000.0,200,Sell,232005236
2024-08-16 09:30:09,47000.0,100,Sell,232005237
2024-08-16 09:30:20,47050.0,100,Buy,232005376
2024-08-16 09:31:06,47050.0,2800,Buy,232006095
2024-08-16 09:31:06,47050.0,200,Buy,232006096
2024-08-16 09:31:11,47050.0,200,Sell,232006170
2024-08-16 09:32:31,47050.0,400,Sell,232007458
2024-08-16 09:32:57,47100.0,600,Buy,232007971
2024-08-16 09:32:57,47100.0,200,Buy,232007969
2024-08-16 09:32:57,47100.0,100,Buy,232007968
2024-08-16 09:32:57,47100.0,100,Buy,232007970
2024-08-16 09:32:58,47050.0,1400,Sell,232007991
2024-08-16 09:32:58,47050.0,200,Sell,232007992
2024-08-16 09:32:58,47050.0,1000,Sell,232007993
2024-08-16 09:32:58,47050.0,200,Sell,232007994
2024-08-16 09:32:58,47000.0,200,Sell,232007995
2024-08-16 09:33:05,47050.0,200,Sell,232008170
2024-08-16 09:33:05,47000.0,100,Sell,232008171
2024-08-16 09:33:05,47000.0,1200,Sell,232008172
2024-08-16 09:33:05,46950.0,200,Sell,232008173
2024-08-16 09:33:05,46950.0,300,Sell,232008174
2024-08-16 09:34:10,47000.0,1000,Sell,232009499
2024-08-16 09:35:31,46950.0,900,Sell,232011378
2024-08-16 09:35:31,46950.0,300,Sell,232011380
2024-08-16 09:35:31,46950.0,500,Sell,232011379
2024-08-16 09:35:31,46950.0,200,Sell,232011375
2024-08-16 09:35:31,46950.0,2000,Sell,232011376
2024-08-16 09:35:31,46950.0,100,Sell,232011377
2024-08-16 09:35:55,47000.0,1000,Buy,232011924
2024-08-16 09:36:06,47050.0,1000,Buy,232012225
2024-08-16 09:38:48,46850.0,400,Sell,232017068
2024-08-16 09:38:48,46900.0,300,Sell,232017066
2024-08-16 09:38:48,46900.0,100,Sell,232017067
2024-08-16 09:38:48,46850.0,2000,Sell,232017069
2024-08-16 09:38:48,46900.0,100,Sell,232017065
2024-08-16 09:38:48,46800.0,1700,Sell,232017071
2024-08-16 09:38:48,46800.0,3300,Sell,232017072
2024-08-16 09:38:48,46750.0,100,Sell,232017073
2024-08-16 09:38:48,46800.0,1100,Sell,232017070
2024-08-16 09:38:48,46900.0,500,Sell,232017064
2024-08-16 09:38:48,46950.0,500,Sell,232017061
2024-08-16 09:38:48,46900.0,8900,Sell,232017062
2024-08-16 09:38:48,46900.0,2000,Sell,232017063
2024-08-16 09:38:48,47050.0,100,Sell,232017055
2024-08-16 09:38:48,47000.0,100,Sell,232017056
2024-08-16 09:38:48,47000.0,100,Sell,232017057
2024-08-16 09:38:48,47050.0,300,Sell,232017054
2024-08-16 09:38:48,46950.0,500,Sell,232017059
2024-08-16 09:38:48,46950.0,1000,Sell,232017060
2024-08-16 09:38:48,47050.0,1000,Sell,232017053
2024-08-16 09:38:48,46950.0,900,Sell,232017058
2024-08-16 09:41:32,46850.0,10000,Sell,232024648
2024-08-16 09:42:08,46850.0,100,Sell,232026209
2024-08-16 09:43:22,46850.0,700,Sell,232029388
2024-08-16 09:43:22,46850.0,1200,Sell,232029389
2024-08-16 09:43:22,46850.0,100,Sell,232029390
2024-08-16 09:46:42,47000.0,100,Buy,232035905
2024-08-16 09:46:59,46900.0,500,Sell,232036291
2024-08-16 09:46:59,46900.0,1100,Sell,232036289
2024-08-16 09:46:59,46900.0,900,Sell,232036290
2024-08-16 09:47:42,47000.0,1000,Buy,232037334
2024-08-16 09:47:42,47000.0,4000,Buy,232037335
2024-08-16 09:48:09,47000.0,100,Buy,232038055
2024-08-16 09:48:55,47000.0,100,Sell,232039147
2024-08-16 09:48:55,47000.0,1000,Sell,232039148
2024-08-16 09:49:29,47000.0,100,Buy,232040021
2024-08-16 09:50:07,46950.0,500,Buy,232040922
2024-08-16 09:50:34,46950.0,200,Sell,232041615
2024-08-16 09:51:54,46950.0,200,Sell,232043432
2024-08-16 09:51:54,46900.0,800,Sell,232043433
2024-08-16 09:54:23,46900.0,200,Sell,232047364
2024-08-16 09:54:23,46900.0,600,Sell,232047363
2024-08-16 09:54:23,46900.0,200,Sell,232047360
2024-08-16 09:54:23,46900.0,1000,Sell,232047361
2024-08-16 09:54:23,46900.0,1000,Sell,232047362
2024-08-16 09:55:19,46900.0,500,Sell,232048768
2024-08-16 09:55:19,46900.0,100,Sell,232048769
2024-08-16 09:55:19,46900.0,1400,Sell,232048770
2024-08-16 09:55:23,46950.0,100,Buy,232048902
2024-08-16 09:55:24,46950.0,100,Buy,232048908
2024-08-16 09:58:08,47000.0,100,Buy,232051878
2024-08-16 09:58:32,47000.0,500,Buy,232052296
2024-08-16 10:01:07,47000.0,5000,Buy,232055846
2024-08-16 10:01:36,47000.0,700,Buy,232056426
2024-08-16 10:01:36,47000.0,100,Buy,232056425
2024-08-16 10:01:36,47000.0,100,Buy,232056424
2024-08-16 10:01:36,47000.0,1000,Buy,232056422
2024-08-16 10:01:36,47000.0,600,Buy,232056421
2024-08-16 10:01:36,47000.0,400,Buy,232056420
2024-08-16 10:01:36,47000.0,1200,Buy,232056419
2024-08-16 10:01:36,47000.0,1000,Buy,232056423
2024-08-16 10:02:48,47000.0,400,Sell,232058543
2024-08-16 10:05:51,47000.0,100,Sell,232062946
2024-08-16 10:06:13,47000.0,2300,Sell,232063426
2024-08-16 10:07:18,47000.0,200,Sell,232064917
2024-08-16 10:07:27,47000.0,100,Sell,232065190
2024-08-16 10:07:28,47000.0,100,Sell,232065228
2024-08-16 10:07:33,47000.0,1500,Sell,232065381
2024-08-16 10:07:33,47000.0,400,Sell,232065380
2024-08-16 10:07:33,47000.0,800,Sell,232065378
2024-08-16 10:07:33,47000.0,1700,Sell,232065376
2024-08-16 10:07:33,47000.0,500,Sell,232065379
2024-08-16 10:07:33,47000.0,100,Sell,232065377
2024-08-16 10:07:45,47000.0,300,Sell,232065750
2024-08-16 10:07:45,47000.0,100,Sell,232065748
2024-08-16 10:07:45,47000.0,100,Sell,232065749
2024-08-16 10:07:52,47000.0,100,Buy,232065920
2024-08-16 10:08:25,47000.0,100,Buy,232066884
2024-08-16 10:08:44,47000.0,100,Buy,232067331
2024-08-16 10:08:49,47000.0,1000,Buy,232067431
2024-08-16 10:09:17,47000.0,500,Buy,232068488
2024-08-16 10:09:19,47000.0,100,Buy,232068545
2024-08-16 10:09:24,47000.0,100,Buy,232068618
2024-08-16 10:09:39,47000.0,200,Buy,232069085
2024-08-16 10:09:42,47000.0,100,Buy,232069153
2024-08-16 10:09:42,47000.0,300,Buy,232069151
2024-08-16 10:09:42,47000.0,500,Buy,232069152
2024-08-16 10:09:53,47000.0,400,Buy,232069548
2024-08-16 10:10:43,47000.0,500,Sell,232071237
2024-08-16 10:11:10,47000.0,100,Sell,232072055
2024-08-16 10:11:10,47000.0,100,Sell,232072056
2024-08-16 10:11:10,47000.0,900,Sell,232072057
2024-08-16 10:11:11,47000.0,900,Buy,232072099
2024-08-16 10:11:19,47000.0,2100,Sell,232072400
2024-08-16 10:11:45,47000.0,2500,Buy,232073306
2024-08-16 10:11:45,47000.0,500,Buy,232073307
2024-08-16 10:11:47,46950.0,200,Sell,232073411
2024-08-16 10:11:47,46950.0,300,Sell,232073412
2024-08-16 10:11:54,47000.0,3000,Buy,232073666
2024-08-16 10:11:54,47000.0,1500,Buy,232073665
2024-08-16 10:12:11,47000.0,500,Sell,232074247
2024-08-16 10:12:13,47000.0,100,Buy,232074289
2024-08-16 10:12:28,47000.0,300,Buy,232074751
2024-08-16 10:13:16,47000.0,500,Buy,232076257
2024-08-16 10:13:16,47000.0,2000,Buy,232076258
2024-08-16 10:13:16,47000.0,1400,Buy,232076259
2024-08-16 10:13:16,47000.0,1100,Buy,232076256
2024-08-16 10:14:00,47000.0,400,Buy,232078149
2024-08-16 10:14:23,47000.0,200,Buy,232079125
2024-08-16 10:15:01,47050.0,200,Sell,232081070
2024-08-16 10:15:01,47050.0,600,Sell,232081071
2024-08-16 10:15:01,47050.0,400,Sell,232081072
2024-08-16 10:15:01,47000.0,800,Sell,232081073
2024-08-16 10:15:01,47000.0,3000,Sell,232081074
2024-08-16 10:15:33,47100.0,400,Buy,232082834
2024-08-16 10:15:57,47100.0,2000,Buy,232084113
2024-08-16 10:16:16,47100.0,1000,Buy,232085041
2024-08-16 10:16:16,47100.0,3100,Buy,232085040
2024-08-16 10:16:16,47100.0,200,Buy,232085037
2024-08-16 10:16:16,47100.0,100,Buy,232085038
2024-08-16 10:16:16,47100.0,100,Buy,232085039
2024-08-16 10:16:16,47100.0,3000,Buy,232085036
2024-08-16 10:16:17,47100.0,200,Buy,232085042
2024-08-16 10:16:17,47100.0,100,Buy,232085043
2024-08-16 10:16:17,47100.0,5000,Buy,232085044
2024-08-16 10:16:17,47100.0,2000,Buy,232085045
2024-08-16 10:16:17,47100.0,1000,Buy,232085046
2024-08-16 10:16:17,47100.0,200,Buy,232085047
2024-08-16 10:16:24,47100.0,100,Buy,232085503
2024-08-16 10:16:36,47150.0,100,Buy,232086181
2024-08-16 10:17:16,47150.0,400,Buy,232088453
2024-08-16 10:17:17,47150.0,500,Buy,232088479
2024-08-16 10:17:17,47150.0,9500,Buy,232088478
2024-08-16 10:17:19,47150.0,900,Buy,232088692
2024-08-16 10:17:19,47150.0,100,Buy,232088693
2024-08-16 10:17:19,47150.0,500,Buy,232088691
2024-08-16 10:17:36,47150.0,500,Sell,232089739
2024-08-16 10:17:40,47150.0,100,Sell,232090020
2024-08-16 10:17:55,47150.0,100,Sell,232090807
2024-08-16 10:17:55,47150.0,400,Sell,232090808
2024-08-16 10:17:57,47150.0,100,Sell,232090960
2024-08-16 10:17:57,47150.0,900,Sell,232090961
2024-08-16 10:18:01,47150.0,200,Sell,232091155
2024-08-16 10:18:01,47150.0,100,Sell,232091153
2024-08-16 10:18:01,47150.0,700,Sell,232091154
2024-08-16 10:18:15,47150.0,500,Sell,232092250
2024-08-16 10:18:53,47150.0,500,Sell,232094885
2024-08-16 10:19:14,47150.0,500,Sell,232096133
2024-08-16 10:19:15,47200.0,200,Buy,232096263
2024-08-16 10:19:15,47200.0,1200,Buy,232096264
2024-08-16 10:19:15,47200.0,200,Buy,232096262
2024-08-16 10:19:15,47200.0,300,Buy,232096257
2024-08-16 10:19:15,47200.0,800,Buy,232096260
2024-08-16 10:19:15,47200.0,200,Buy,232096259
2024-08-16 10:19:15,47200.0,100,Buy,232096258
2024-08-16 10:19:15,47200.0,3000,Buy,232096261
2024-08-16 10:19:28,47200.0,3400,Buy,232097010
2024-08-16 10:19:29,47200.0,400,Buy,232097055
2024-08-16 10:19:36,47300.0,9500,Buy,232097458
2024-08-16 10:19:36,47300.0,500,Buy,232097457
2024-08-16 10:19:36,47300.0,1000,Buy,232097456
2024-08-16 10:19:36,47300.0,500,Buy,232097455
2024-08-16 10:19:36,47300.0,2000,Buy,232097452
2024-08-16 10:19:36,47300.0,3000,Buy,232097453
2024-08-16 10:19:36,47300.0,100,Buy,232097454
2024-08-16 10:19:36,47250.0,1000,Buy,232097449
2024-08-16 10:19:36,47300.0,1000,Buy,232097451
2024-08-16 10:19:36,47250.0,1000,Buy,232097450
2024-08-16 10:20:01,47300.0,100,Sell,232099382
2024-08-16 10:20:17,47350.0,100,Buy,232100458
2024-08-16 10:20:17,47350.0,600,Buy,232100459
2024-08-16 10:20:26,47300.0,300,Sell,232101081
2024-08-16 10:20:26,47200.0,200,Sell,232101082
2024-08-16 10:20:45,47300.0,500,Sell,232102309
2024-08-16 10:21:18,47300.0,1000,Sell,232104861
2024-08-16 10:21:22,47300.0,200,Sell,232105121
2024-08-16 10:21:27,47350.0,2800,Buy,232105493
2024-08-16 10:21:34,47350.0,600,Buy,232105922
2024-08-16 10:21:40,47350.0,500,Buy,232106312
2024-08-16 10:21:40,47350.0,1600,Buy,232106311
2024-08-16 10:21:44,47400.0,100,Buy,232106579
2024-08-16 10:21:47,47350.0,1000,Sell,232106825
2024-08-16 10:21:51,47350.0,200,Sell,232107174
2024-08-16 10:21:52,47350.0,200,Sell,232107246
2024-08-16 10:21:53,47350.0,1500,Sell,232107334
2024-08-16 10:21:53,47350.0,1000,Sell,232107335
2024-08-16 10:21:53,47350.0,1600,Sell,232107336
2024-08-16 10:22:08,47350.0,100,Sell,232108481
2024-08-16 10:22:09,47350.0,1000,Sell,232108622
2024-08-16 10:22:40,47400.0,900,Buy,232110584
2024-08-16 10:22:40,47400.0,500,Buy,232110583
2024-08-16 10:22:40,47400.0,1000,Buy,232110581
2024-08-16 10:22:40,47400.0,1000,Buy,232110580
2024-08-16 10:22:40,47400.0,400,Buy,232110582
2024-08-16 10:22:41,47400.0,800,Sell,232110638
2024-08-16 10:22:59,47400.0,400,Sell,232111999
2024-08-16 10:23:01,47400.0,400,Buy,232112140
2024-08-16 10:23:01,47400.0,100,Buy,232112139
2024-08-16 10:23:08,47400.0,100,Buy,232112748
2024-08-16 10:23:09,47400.0,400,Sell,232112787
2024-08-16 10:23:09,47350.0,100,Sell,232112788
2024-08-16 10:23:26,47400.0,200,Sell,232114242
2024-08-16 10:23:43,47400.0,300,Buy,232115394
2024-08-16 10:23:47,47400.0,300,Buy,232115683
2024-08-16 10:23:50,47400.0,100,Buy,232115938
2024-08-16 10:24:03,47400.0,400,Buy,232116830
2024-08-16 10:24:03,47400.0,900,Buy,232116831
2024-08-16 10:24:03,47400.0,900,Buy,232116832
2024-08-16 10:24:06,47400.0,1000,Buy,232116999
2024-08-16 10:24:06,47400.0,100,Buy,232116997
2024-08-16 10:24:06,47400.0,500,Buy,232116998
2024-08-16 10:24:12,47400.0,500,Sell,232117357
2024-08-16 10:24:36,47400.0,500,Sell,232118939
2024-08-16 10:24:45,47400.0,100,Sell,232119581
2024-08-16 10:25:10,47400.0,100,Sell,232121535
2024-08-16 10:25:11,47400.0,100,Sell,232121591
2024-08-16 10:25:11,47400.0,1000,Sell,232121592
2024-08-16 10:25:12,47400.0,1900,Sell,232121715
2024-08-16 10:25:13,47400.0,4200,Sell,232121856
2024-08-16 10:25:33,47400.0,1000,Sell,232123268
2024-08-16 10:26:09,47400.0,300,Sell,232126238
2024-08-16 10:26:12,47400.0,100,Sell,232126443
2024-08-16 10:26:20,47400.0,400,Sell,232127266
2024-08-16 10:26:27,47400.0,200,Sell,232127732
2024-08-16 10:26:27,47400.0,300,Sell,232127731
2024-08-16 10:26:27,47400.0,200,Sell,232127730
2024-08-16 10:26:34,47450.0,900,Buy,232128380
2024-08-16 10:26:44,47400.0,500,Sell,232128972
2024-08-16 10:27:20,47400.0,300,Sell,232131240
2024-08-16 10:27:20,47400.0,300,Sell,232131241
2024-08-16 10:27:20,47400.0,200,Sell,232131242
2024-08-16 10:27:20,47400.0,500,Sell,232131243
2024-08-16 10:27:20,47400.0,100,Sell,232131244
2024-08-16 10:27:20,47400.0,500,Sell,232131245
2024-08-16 10:27:20,47400.0,500,Sell,232131246
2024-08-16 10:27:20,47400.0,5000,Sell,232131247
2024-08-16 10:27:20,47400.0,200,Sell,232131248
2024-08-16 10:27:20,47400.0,300,Sell,232131249
2024-08-16 10:27:20,47400.0,10000,Sell,232131250
2024-08-16 10:27:20,47400.0,2100,Sell,232131251
2024-08-16 10:27:26,47400.0,100,Sell,232131751
2024-08-16 10:27:26,47400.0,200,Sell,232131752
2024-08-16 10:27:40,47400.0,100,Buy,232132536
2024-08-16 10:27:46,47350.0,700,Sell,232132885
2024-08-16 10:28:02,47350.0,500,Sell,232134084
2024-08-16 10:28:03,47350.0,600,Sell,232134162
2024-08-16 10:28:03,47350.0,200,Sell,232134163
2024-08-16 10:28:09,47350.0,100,Sell,232134715
2024-08-16 10:28:13,47350.0,900,Sell,232135061
2024-08-16 10:28:23,47350.0,500,Sell,232135628
2024-08-16 10:28:37,47350.0,1300,Sell,232136394
2024-08-16 10:28:45,47350.0,100,Sell,232136773
2024-08-16 10:29:00,47400.0,700,Buy,232137671
2024-08-16 10:29:00,47400.0,1000,Buy,232137670
2024-08-16 10:29:00,47400.0,500,Buy,232137667
2024-08-16 10:29:00,47400.0,2000,Buy,232137668
2024-08-16 10:29:00,47400.0,700,Buy,232137669
2024-08-16 10:29:00,47400.0,100,Buy,232137666
2024-08-16 10:29:07,47400.0,500,Buy,232138005
2024-08-16 10:29:07,47400.0,3000,Buy,232138004
2024-08-16 10:29:18,47450.0,200,Buy,232138611
2024-08-16 10:29:18,47450.0,5000,Buy,232138612
2024-08-16 10:29:18,47450.0,500,Buy,232138613
2024-08-16 10:29:18,47450.0,100,Buy,232138614
2024-08-16 10:29:18,47450.0,1100,Buy,232138615
2024-08-16 10:29:18,47450.0,1100,Buy,232138610
2024-08-16 10:29:24,47400.0,500,Sell,232138927
2024-08-16 10:29:35,47400.0,100,Sell,232139509
2024-08-16 10:29:38,47400.0,5800,Buy,232139675
2024-08-16 10:29:42,47400.0,100,Sell,232139876
2024-08-16 10:29:50,47400.0,500,Sell,232140360
2024-08-16 10:30:03,47450.0,2000,Buy,232140990
2024-08-16 10:30:21,47400.0,500,Sell,232142032
2024-08-16 10:30:26,47400.0,3100,Sell,232142397
2024-08-16 10:30:26,47400.0,2000,Sell,232142398
2024-08-16 10:30:26,47400.0,100,Sell,232142399
2024-08-16 10:30:43,47400.0,200,Sell,232143217
2024-08-16 10:30:43,47350.0,300,Sell,232143218
2024-08-16 10:31:09,47350.0,500,Sell,232144922
2024-08-16 10:31:12,47400.0,500,Buy,232145141
2024-08-16 10:31:37,47350.0,400,Sell,232146728
2024-08-16 10:31:54,47350.0,500,Sell,232147770
2024-08-16 10:31:55,47350.0,500,Sell,232147871
2024-08-16 10:32:08,47350.0,500,Sell,232148497
2024-08-16 10:32:09,47350.0,4200,Sell,232148562
2024-08-16 10:32:17,47350.0,100,Sell,232149003
2024-08-16 10:32:19,47350.0,100,Sell,232149102
2024-08-16 10:32:19,47350.0,3100,Sell,232149100
2024-08-16 10:32:19,47350.0,2000,Sell,232149101
2024-08-16 10:32:56,47300.0,1000,Sell,232150737
2024-08-16 10:33:04,47300.0,500,Sell,232151111
2024-08-16 10:33:15,47300.0,5000,Sell,232151710
2024-08-16 10:33:24,47300.0,300,Sell,232152110
2024-08-16 10:33:24,47300.0,200,Sell,232152115
2024-08-16 10:33:30,47300.0,1300,Sell,232152466
2024-08-16 10:33:30,47300.0,2000,Sell,232152467
2024-08-16 10:33:30,47300.0,100,Sell,232152468
2024-08-16 10:33:34,47300.0,2300,Buy,232152627
2024-08-16 10:33:43,47250.0,400,Sell,232152977
2024-08-16 10:33:43,47250.0,100,Sell,232152976
2024-08-16 10:34:04,47250.0,500,Sell,232153962
2024-08-16 10:34:04,47200.0,1500,Sell,232153963
2024-08-16 10:34:04,47250.0,500,Sell,232153950
2024-08-16 10:34:05,47250.0,200,Buy,232154031
2024-08-16 10:34:24,47200.0,500,Sell,232154865
2024-08-16 10:34:46,47200.0,2000,Sell,232155995
2024-08-16 10:34:54,47200.0,400,Sell,232156288
2024-08-16 10:34:54,47200.0,600,Sell,232156289
2024-08-16 10:35:31,47200.0,1000,Sell,232157774
2024-08-16 10:35:40,47200.0,100,Sell,232158125
2024-08-16 10:35:40,47200.0,200,Sell,232158126
2024-08-16 10:35:55,47200.0,200,Sell,232158564
2024-08-16 10:36:34,47200.0,1200,Sell,232159978
2024-08-16 10:36:43,47200.0,100,Sell,232160277
2024-08-16 10:36:43,47200.0,300,Sell,232160280
2024-08-16 10:36:43,47200.0,400,Sell,232160276
2024-08-16 10:36:43,47200.0,300,Sell,232160278
2024-08-16 10:36:43,47200.0,200,Sell,232160279
2024-08-16 10:37:10,47150.0,2000,Sell,232161195
2024-08-16 10:37:10,47000.0,100,Sell,232161219
2024-08-16 10:37:10,47000.0,500,Sell,232161216
2024-08-16 10:37:10,47000.0,1000,Sell,232161215
2024-08-16 10:37:10,47000.0,200,Sell,232161214
2024-08-16 10:37:10,47000.0,3000,Sell,232161213
2024-08-16 10:37:10,47000.0,5000,Sell,232161212
2024-08-16 10:37:10,47000.0,1000,Sell,232161211
2024-08-16 10:37:10,47000.0,100,Sell,232161210
2024-08-16 10:37:10,47050.0,100,Sell,232161209
2024-08-16 10:37:10,47050.0,10000,Sell,232161208
2024-08-16 10:37:10,47150.0,1000,Sell,232161194
2024-08-16 10:37:10,47050.0,3000,Sell,232161207
2024-08-16 10:37:10,47050.0,5000,Sell,232161205
2024-08-16 10:37:10,47100.0,100,Sell,232161204
2024-08-16 10:37:10,47100.0,400,Sell,232161203
2024-08-16 10:37:10,47100.0,3500,Sell,232161202
2024-08-16 10:37:10,47100.0,3000,Sell,232161201
2024-08-16 10:37:10,47100.0,5000,Sell,232161200
2024-08-16 10:37:10,47100.0,2000,Sell,232161199
2024-08-16 10:37:10,47150.0,1000,Sell,232161198
2024-08-16 10:37:10,47150.0,100,Sell,232161197
2024-08-16 10:37:10,47150.0,600,Sell,232161196
2024-08-16 10:37:10,47050.0,1000,Sell,232161206
2024-08-16 10:37:12,47000.0,55100,Buy,232161260
2024-08-16 10:37:55,47000.0,100,Sell,232162747
2024-08-16 10:37:55,47000.0,3000,Sell,232162745
2024-08-16 10:37:55,47000.0,100,Sell,232162744
2024-08-16 10:37:55,47000.0,1000,Sell,232162746
2024-08-16 10:38:07,47050.0,2000,Sell,232163167
2024-08-16 10:38:07,47050.0,3400,Sell,232163168
2024-08-16 10:40:30,47050.0,100,Sell,232167500
2024-08-16 10:42:36,47050.0,100,Sell,232171033
2024-08-16 10:43:49,47150.0,100,Buy,232172743
2024-08-16 10:44:27,47200.0,400,Buy,232173621
2024-08-16 10:44:29,47200.0,300,Buy,232173701
2024-08-16 10:44:29,47200.0,100,Buy,232173702
2024-08-16 10:44:29,47200.0,400,Buy,232173726
2024-08-16 10:44:30,47200.0,400,Buy,232173777
2024-08-16 10:45:01,47200.0,100,Buy,232174437
2024-08-16 10:45:02,47200.0,200,Buy,232174442
2024-08-16 10:45:27,47200.0,300,Buy,232174977
2024-08-16 10:46:49,47200.0,200,Sell,232176984
2024-08-16 10:46:49,47200.0,800,Sell,232176985
2024-08-16 10:47:08,47200.0,500,Sell,232177378
2024-08-16 10:47:12,47200.0,700,Sell,232177507
2024-08-16 10:47:12,47200.0,100,Sell,232177508
2024-08-16 10:48:45,47200.0,300,Buy,232179643
2024-08-16 10:50:02,47200.0,900,Buy,232182330
2024-08-16 10:50:02,47200.0,1000,Buy,232182331
2024-08-16 10:50:55,47200.0,100,Buy,232184265
2024-08-16 10:52:20,47250.0,300,Buy,232188354
2024-08-16 10:52:27,47250.0,2000,Buy,232188785
2024-08-16 10:52:27,47250.0,500,Buy,232188784
2024-08-16 10:52:27,47250.0,500,Buy,232188783
2024-08-16 10:52:27,47250.0,700,Buy,232188782
2024-08-16 10:53:03,47300.0,4000,Buy,232190688
2024-08-16 10:53:10,47300.0,8000,Buy,232191019
2024-08-16 10:53:13,47300.0,100,Buy,232191086
2024-08-16 10:53:13,47300.0,2300,Buy,232191083
2024-08-16 10:53:13,47300.0,100,Buy,232191084
2024-08-16 10:53:13,47300.0,500,Buy,232191085
2024-08-16 10:53:17,47250.0,500,Sell,232191297
2024-08-16 10:53:19,47300.0,100,Buy,232191348
2024-08-16 10:53:19,47300.0,2000,Buy,232191349
2024-08-16 10:53:21,47300.0,100,Sell,232191446
2024-08-16 10:53:43,47400.0,500,Buy,232192337
2024-08-16 10:53:43,47400.0,500,Buy,232192338
2024-08-16 10:53:56,47350.0,1000,Buy,232193086
2024-08-16 10:54:06,47300.0,300,Sell,232193810
2024-08-16 10:54:18,47350.0,1000,Buy,232194402
2024-08-16 10:54:46,47400.0,1000,Buy,232195941
2024-08-16 10:54:48,47400.0,5000,Buy,232195981
2024-08-16 10:54:48,47400.0,200,Buy,232195982
2024-08-16 10:54:48,47400.0,200,Buy,232195983
2024-08-16 10:54:48,47400.0,100,Buy,232195984
2024-08-16 10:54:48,47400.0,2000,Buy,232195985
2024-08-16 10:54:48,47400.0,1000,Buy,232195986
2024-08-16 10:54:48,47400.0,1500,Buy,232195980
2024-08-16 10:54:56,47400.0,4000,Buy,232196468
2024-08-16 10:54:56,47400.0,100,Buy,232196469
2024-08-16 10:54:56,47400.0,3000,Buy,232196470
2024-08-16 10:54:56,47400.0,1000,Buy,232196471
2024-08-16 10:54:56,47400.0,1200,Buy,232196472
2024-08-16 10:55:40,47450.0,100,Buy,232199003
2024-08-16 10:55:46,47400.0,500,Sell,232199310
2024-08-16 10:56:02,47450.0,900,Buy,232200447
2024-08-16 10:56:02,47450.0,5000,Buy,232200446
2024-08-16 10:56:02,47450.0,400,Buy,232200445
2024-08-16 10:56:02,47450.0,400,Buy,232200444
2024-08-16 10:56:02,47450.0,1900,Buy,232200438
2024-08-16 10:56:02,47450.0,100,Buy,232200442
2024-08-16 10:56:02,47450.0,300,Buy,232200441
2024-08-16 10:56:02,47450.0,200,Buy,232200440
2024-08-16 10:56:02,47450.0,100,Buy,232200439
2024-08-16 10:56:02,47450.0,200,Buy,232200443
2024-08-16 10:56:08,47450.0,100,Sell,232200817
2024-08-16 10:56:09,47450.0,5400,Sell,232200873
2024-08-16 10:56:16,47450.0,100,Sell,232201309
2024-08-16 10:56:21,47450.0,400,Sell,232201515
2024-08-16 10:56:46,47450.0,200,Sell,232203147
2024-08-16 10:56:49,47450.0,100,Buy,232203303
2024-08-16 10:57:14,47450.0,100,Buy,232204889
2024-08-16 10:57:14,47450.0,200,Buy,232204890
2024-08-16 10:57:14,47450.0,700,Buy,232204888
2024-08-16 10:57:38,47450.0,1300,Buy,232206144
2024-08-16 10:57:38,47450.0,200,Buy,232206145
2024-08-16 10:57:39,47450.0,800,Buy,232206192
2024-08-16 10:57:39,47450.0,200,Buy,232206193
2024-08-16 10:57:39,47450.0,100,Buy,232206194
2024-08-16 10:57:45,47450.0,200,Buy,232206510
2024-08-16 10:57:55,47450.0,800,Sell,232207179
2024-08-16 10:58:04,47450.0,1000,Sell,232207545
2024-08-16 10:58:17,47500.0,100,Buy,232208177
2024-08-16 10:58:17,47500.0,500,Buy,232208176
2024-08-16 10:58:17,47500.0,2300,Buy,232208179
2024-08-16 10:58:17,47500.0,600,Buy,232208174
2024-08-16 10:58:17,47500.0,100,Buy,232208175
2024-08-16 10:58:17,47500.0,100,Buy,232208172
2024-08-16 10:58:17,47500.0,1000,Buy,232208178
2024-08-16 10:58:17,47500.0,300,Buy,232208173
2024-08-16 10:58:39,47500.0,2000,Buy,232209331
2024-08-16 10:59:02,47450.0,1000,Sell,232210613
2024-08-16 10:59:28,47450.0,500,Sell,232211928
2024-08-16 10:59:40,47500.0,200,Buy,232212575
2024-08-16 10:59:40,47500.0,500,Buy,232212580
2024-08-16 10:59:40,47500.0,1300,Buy,232212579
2024-08-16 10:59:40,47500.0,700,Buy,232212574
2024-08-16 10:59:40,47500.0,500,Buy,232212577
2024-08-16 10:59:40,47500.0,300,Buy,232212578
2024-08-16 10:59:40,47500.0,500,Buy,232212576
2024-08-16 10:59:41,47450.0,200,Sell,232212597
2024-08-16 10:59:56,47450.0,500,Sell,232213731
2024-08-16 11:00:04,47450.0,800,Sell,232214209
2024-08-16 11:00:04,47450.0,1100,Sell,232214210
2024-08-16 11:00:04,47450.0,100,Sell,232214211
2024-08-16 11:00:13,47450.0,100,Sell,232214645
2024-08-16 11:00:13,47450.0,400,Sell,232214646
2024-08-16 11:00:22,47450.0,100,Sell,232215174
2024-08-16 11:00:22,47450.0,1600,Sell,232215171
2024-08-16 11:00:22,47450.0,200,Sell,232215172
2024-08-16 11:00:22,47450.0,100,Sell,232215173
2024-08-16 11:00:23,47450.0,200,Sell,232215339
2024-08-16 11:00:29,47450.0,500,Sell,232215647
2024-08-16 11:00:40,47450.0,2000,Sell,232216159
2024-08-16 11:00:42,47450.0,200,Sell,232216194
2024-08-16 11:00:42,47450.0,200,Sell,232216195
2024-08-16 11:00:42,47450.0,300,Sell,232216196
2024-08-16 11:00:42,47450.0,100,Sell,232216197
2024-08-16 11:00:46,47450.0,500,Sell,232216374
2024-08-16 11:00:48,47450.0,200,Sell,232216512
2024-08-16 11:00:54,47450.0,200,Sell,232216884
2024-08-16 11:00:54,47450.0,200,Sell,232216883
2024-08-16 11:01:03,47450.0,200,Sell,232217221
2024-08-16 11:01:03,47450.0,100,Sell,232217222
2024-08-16 11:01:04,47450.0,500,Buy,232217252
2024-08-16 11:01:12,47450.0,500,Sell,232217733
2024-08-16 11:01:31,47450.0,800,Sell,232218556
2024-08-16 11:01:58,47400.0,200,Sell,232219985
2024-08-16 11:01:58,47400.0,300,Sell,232219986
2024-08-16 11:02:00,47450.0,100,Buy,232220196
2024-08-16 11:02:08,47450.0,6300,Buy,232220560
2024-08-16 11:02:43,47450.0,200,Sell,232222345
2024-08-16 11:03:04,47500.0,2000,Buy,232223370
2024-08-16 11:03:43,47500.0,2000,Buy,232224990
2024-08-16 11:04:15,47450.0,200,Sell,232226256
2024-08-16 11:04:21,47450.0,100,Sell,232226440
2024-08-16 11:04:31,47500.0,300,Buy,232226856
2024-08-16 11:05:00,47450.0,900,Sell,232227954
2024-08-16 11:05:25,47450.0,100,Sell,232228785
2024-08-16 11:05:36,47450.0,200,Sell,232229201
2024-08-16 11:05:36,47500.0,1900,Buy,232229221
2024-08-16 11:05:37,47450.0,1200,Sell,232229237
2024-08-16 11:05:49,47450.0,100,Sell,232229643
2024-08-16 11:05:50,47450.0,1500,Sell,232229712
2024-08-16 11:06:09,47450.0,100,Sell,232230462
2024-08-16 11:06:14,47450.0,300,Sell,232230591
2024-08-16 11:06:14,47450.0,100,Sell,232230588
2024-08-16 11:06:14,47450.0,1000,Sell,232230589
2024-08-16 11:06:14,47450.0,600,Sell,232230590
2024-08-16 11:06:19,47450.0,2100,Sell,232230804
2024-08-16 11:06:19,47450.0,2700,Sell,232230802
2024-08-16 11:06:19,47450.0,200,Sell,232230803
2024-08-16 11:06:28,47450.0,1000,Sell,232231135
2024-08-16 11:06:28,47500.0,5000,Buy,232231134
2024-08-16 11:06:44,47450.0,1000,Sell,232231716
2024-08-16 11:06:52,47450.0,100,Sell,232232033
2024-08-16 11:06:58,47450.0,100,Sell,232232244
2024-08-16 11:07:18,47500.0,500,Buy,232232995
2024-08-16 11:07:20,47450.0,100,Sell,232233066
2024-08-16 11:07:47,47450.0,100,Sell,232233978
2024-08-16 11:07:52,47450.0,1000,Sell,232234142
2024-08-16 11:08:07,47450.0,300,Sell,232234664
2024-08-16 11:08:18,47500.0,300,Buy,232234959
2024-08-16 11:08:33,47500.0,500,Buy,232235559
2024-08-16 11:08:40,47450.0,100,Sell,232235843
2024-08-16 11:08:42,47450.0,1000,Sell,232235921
2024-08-16 11:08:42,47450.0,300,Sell,232235920
2024-08-16 11:08:42,47450.0,800,Sell,232235919
2024-08-16 11:08:42,47450.0,700,Sell,232235917
2024-08-16 11:08:42,47450.0,2000,Sell,232235918
2024-08-16 11:09:34,47450.0,100,Buy,232237479
2024-08-16 11:10:07,47450.0,100,Buy,232238449
2024-08-16 11:10:07,47450.0,400,Buy,232238450
2024-08-16 11:10:31,47450.0,100,Buy,232239382
2024-08-16 11:11:02,47450.0,200,Buy,232240333
2024-08-16 11:12:11,47400.0,100,Sell,232242349
2024-08-16 11:12:42,47400.0,100,Sell,232243255
2024-08-16 11:13:46,47400.0,400,Sell,232245158
2024-08-16 11:13:49,47400.0,300,Sell,232245251
2024-08-16 11:13:49,47400.0,1000,Sell,232245250
2024-08-16 11:13:49,47400.0,500,Sell,232245248
2024-08-16 11:13:49,47400.0,100,Sell,232245249
2024-08-16 11:13:49,47400.0,100,Sell,232245247
2024-08-16 11:14:05,47400.0,300,Sell,232245800
2024-08-16 11:14:13,47450.0,200,Buy,232246015
2024-08-16 11:14:19,47400.0,1400,Sell,232246148
2024-08-16 11:14:19,47400.0,100,Sell,232246149
2024-08-16 11:14:19,47400.0,2400,Sell,232246150
2024-08-16 11:15:07,47400.0,100,Buy,232247522
2024-08-16 11:15:13,47400.0,1000,Buy,232247677
2024-08-16 11:15:13,47400.0,400,Buy,232247678
2024-08-16 11:15:55,47400.0,100,Sell,232248954
2024-08-16 11:16:06,47400.0,500,Buy,232249296
2024-08-16 11:16:49,47350.0,100,Sell,232250875
2024-08-16 11:17:38,47350.0,100,Sell,232252256
2024-08-16 11:17:53,47350.0,800,Sell,232252656
2024-08-16 11:17:53,47350.0,200,Sell,232252655
2024-08-16 11:18:09,47350.0,1000,Sell,232253072
2024-08-16 11:18:50,47350.0,100,Sell,232254099
2024-08-16 11:19:32,47350.0,100,Sell,232255144
2024-08-16 11:20:01,47350.0,100,Sell,232255769
2024-08-16 11:21:21,47350.0,400,Sell,232257604
2024-08-16 11:22:07,47350.0,100,Sell,232258710
2024-08-16 11:22:21,47350.0,1000,Sell,232258990
2024-08-16 11:22:21,47350.0,200,Sell,232258991
2024-08-16 11:24:04,47350.0,100,Sell,232261434
2024-08-16 11:25:01,47350.0,200,Sell,232262723
2024-08-16 11:25:01,47350.0,800,Sell,232262724
2024-08-16 11:26:07,47350.0,1000,Sell,232264197
2024-08-16 11:26:24,47350.0,200,Sell,232264522
2024-08-16 11:26:24,47350.0,1000,Sell,232264521
2024-08-16 11:26:24,47350.0,400,Sell,232264520
2024-08-16 11:26:24,47350.0,1200,Sell,232264519
2024-08-16 11:26:32,47350.0,500,Buy,232264662
2024-08-16 11:27:15,47350.0,700,Buy,232265652
2024-08-16 11:27:35,47350.0,100,Buy,232266152
2024-08-16 11:27:40,47350.0,900,Buy,232266245
2024-08-16 11:28:18,47350.0,100,Sell,232267112
2024-08-16 11:28:23,47350.0,200,Sell,232267207
2024-08-16 11:28:28,47350.0,100,Sell,232267321
2024-08-16 11:29:36,47300.0,200,Sell,232268568
2024-08-16 11:29:36,47300.0,1300,Sell,232268569
2024-08-16 12:59:38,47300.0,300,Buy,232269537
2024-08-16 12:59:38,47300.0,200,Buy,232269536
2024-08-16 12:59:38,47300.0,200,Sell,232269286
2024-08-16 12:59:38,47300.0,100,Sell,232269288
2024-08-16 12:59:38,47300.0,100,Sell,232269284
2024-08-16 12:59:38,47300.0,200,Sell,232269283
2024-08-16 12:59:38,47300.0,700,Sell,232269282
2024-08-16 12:59:38,47300.0,1000,Sell,232269285
2024-08-16 12:59:38,47300.0,200,Sell,232269287
2024-08-16 12:59:39,47300.0,800,Sell,232270148
2024-08-16 12:59:40,47350.0,2000,Buy,232270412
2024-08-16 12:59:42,47300.0,100,Sell,232271234
2024-08-16 12:59:42,47300.0,100,Sell,232271235
2024-08-16 12:59:44,47350.0,2000,Buy,232271713
2024-08-16 12:59:44,47350.0,900,Buy,232271837
2024-08-16 12:59:44,47350.0,2100,Buy,232271838
2024-08-16 12:59:45,47300.0,100,Sell,232271921
2024-08-16 12:59:46,47350.0,700,Buy,232272024
2024-08-16 12:59:48,47300.0,200,Sell,232272589
2024-08-16 12:59:58,47350.0,100,Buy,232273893
2024-08-16 12:59:58,47350.0,300,Buy,232273892
2024-08-16 12:59:58,47350.0,2200,Buy,232273891
2024-08-16 13:00:02,47350.0,300,Sell,232274456
2024-08-16 13:00:03,47350.0,200,Sell,232274517
2024-08-16 13:00:03,47300.0,700,Sell,232274518
2024-08-16 13:00:03,47350.0,100,Sell,232274516
2024-08-16 13:00:08,47300.0,100,Sell,232274944
2024-08-16 13:00:09,47300.0,200,Sell,232275052
2024-08-16 13:00:11,47300.0,200,Sell,232275204
2024-08-16 13:00:11,47300.0,500,Sell,232275205
2024-08-16 13:00:11,47300.0,300,Sell,232275206
2024-08-16 13:00:13,47350.0,200,Buy,232275465
2024-08-16 13:00:17,47350.0,200,Sell,232275763
2024-08-16 13:00:46,47400.0,8100,Buy,232277327
2024-08-16 13:00:51,47400.0,1500,Buy,232277479
2024-08-16 13:00:51,47400.0,6300,Buy,232277477
2024-08-16 13:00:51,47400.0,500,Buy,232277478
2024-08-16 13:01:06,47450.0,300,Buy,232278239
2024-08-16 13:01:06,47450.0,100,Buy,232278238
2024-08-16 13:01:08,47400.0,1700,Sell,232278308
2024-08-16 13:01:08,47400.0,3300,Sell,232278309
2024-08-16 13:01:43,47400.0,500,Sell,232279879
2024-08-16 13:01:52,47450.0,1200,Buy,232280383
2024-08-16 13:01:52,47450.0,1500,Buy,232280384
2024-08-16 13:01:52,47450.0,100,Buy,232280385
2024-08-16 13:01:52,47450.0,5000,Buy,232280386
2024-08-16 13:01:52,47450.0,200,Buy,232280387
2024-08-16 13:01:59,47400.0,200,Sell,232280646
2024-08-16 13:01:59,47400.0,300,Sell,232280647
2024-08-16 13:02:05,47450.0,100,Buy,232280820
2024-08-16 13:02:06,47450.0,4700,Buy,232280869
2024-08-16 13:02:14,47450.0,3000,Sell,232281222
2024-08-16 13:02:14,47500.0,400,Buy,232281201
2024-08-16 13:02:32,47450.0,1700,Sell,232281848
2024-08-16 13:02:32,47450.0,2000,Sell,232281847
2024-08-16 13:03:23,47400.0,800,Sell,232284373
2024-08-16 13:03:24,47400.0,800,Sell,232284375
2024-08-16 13:03:24,47400.0,100,Sell,232284376
2024-08-16 13:03:31,47400.0,100,Buy,232284686
2024-08-16 13:03:34,47400.0,200,Buy,232284820
2024-08-16 13:03:34,47400.0,700,Buy,232284822
2024-08-16 13:03:41,47450.0,2000,Buy,232285135
2024-08-16 13:03:41,47450.0,4500,Buy,232285132
2024-08-16 13:03:41,47450.0,4000,Buy,232285134
2024-08-16 13:03:41,47450.0,1000,Buy,232285130
2024-08-16 13:03:41,47450.0,1000,Buy,232285131
2024-08-16 13:03:41,47450.0,300,Buy,232285128
2024-08-16 13:03:41,47450.0,1000,Buy,232285133
2024-08-16 13:03:41,47450.0,200,Buy,232285129
2024-08-16 13:03:42,47450.0,3000,Sell,232285196
2024-08-16 13:03:52,47450.0,3000,Sell,232285558
2024-08-16 13:04:10,47350.0,500,Sell,232286463
2024-08-16 13:04:18,47450.0,7000,Buy,232286987
2024-08-16 13:04:39,47450.0,500,Sell,232288194
2024-08-16 13:04:50,47450.0,300,Sell,232288668
2024-08-16 13:04:50,47450.0,2200,Sell,232288730
2024-08-16 13:04:50,47450.0,100,Sell,232288731
2024-08-16 13:05:05,47450.0,200,Buy,232289362
2024-08-16 13:05:06,47450.0,1800,Sell,232289378
2024-08-16 13:05:17,47450.0,3000,Buy,232289916
2024-08-16 13:05:33,47450.0,3000,Buy,232290713
2024-08-16 13:05:36,47450.0,200,Buy,232290924
2024-08-16 13:05:37,47450.0,1000,Buy,232290932
2024-08-16 13:05:37,47450.0,600,Buy,232290933
2024-08-16 13:05:37,47450.0,3800,Buy,232290931
2024-08-16 13:05:38,47450.0,200,Sell,232290966
2024-08-16 13:05:38,47450.0,600,Sell,232290967
2024-08-16 13:06:05,47450.0,500,Sell,232292101
2024-08-16 13:06:06,47450.0,3900,Sell,232292150
2024-08-16 13:06:06,47450.0,1000,Sell,232292151
2024-08-16 13:06:09,47450.0,100,Buy,232292333
2024-08-16 13:06:16,47450.0,1000,Sell,232292698
2024-08-16 13:06:18,47450.0,200,Buy,232292906
2024-08-16 13:06:39,47450.0,200,Sell,232294173
2024-08-16 13:06:39,47450.0,100,Sell,232294174
2024-08-16 13:06:47,47450.0,1500,Sell,232294542
2024-08-16 13:06:47,47450.0,500,Sell,232294616
2024-08-16 13:07:34,47500.0,1800,Buy,232296705
2024-08-16 13:07:34,47500.0,400,Buy,232296704
2024-08-16 13:07:34,47500.0,6600,Buy,232296692
2024-08-16 13:07:34,47500.0,500,Buy,232296702
2024-08-16 13:07:34,47500.0,200,Buy,232296701
2024-08-16 13:07:34,47500.0,500,Buy,232296703
2024-08-16 13:07:39,47450.0,2900,Sell,232296997
2024-08-16 13:07:39,47450.0,200,Sell,232296998
2024-08-16 13:07:39,47450.0,400,Sell,232296999
2024-08-16 13:07:43,47450.0,600,Sell,232297257
2024-08-16 13:07:43,47450.0,400,Sell,232297258
2024-08-16 13:08:03,47450.0,500,Sell,232298606
2024-08-16 13:08:15,47450.0,800,Sell,232299565
2024-08-16 13:08:17,47450.0,200,Sell,232299637
2024-08-16 13:08:35,47450.0,600,Sell,232300832
2024-08-16 13:08:36,47450.0,500,Sell,232300937
2024-08-16 13:09:00,47450.0,2000,Sell,232302342
2024-08-16 13:09:09,47450.0,100,Sell,232303020
2024-08-16 13:09:09,47450.0,400,Sell,232303019
2024-08-16 13:09:12,47450.0,400,Sell,232303161
2024-08-16 13:09:12,47450.0,600,Sell,232303162
2024-08-16 13:09:50,47450.0,1400,Sell,232305440
2024-08-16 13:09:50,47450.0,200,Sell,232305441
2024-08-16 13:10:06,47500.0,100,Buy,232306652
2024-08-16 13:10:08,47450.0,500,Sell,232306759
2024-08-16 13:10:09,47450.0,200,Sell,232306846
2024-08-16 13:10:09,47450.0,500,Sell,232306845
2024-08-16 13:10:09,47450.0,1000,Sell,232306844
2024-08-16 13:10:20,47450.0,2000,Sell,232307444
2024-08-16 13:10:33,47450.0,2500,Sell,232308258
2024-08-16 13:10:41,47500.0,10500,Buy,232308734
2024-08-16 13:10:52,47500.0,1600,Buy,232309494
2024-08-16 13:10:52,47500.0,100,Buy,232309493
2024-08-16 13:10:52,47500.0,1000,Buy,232309492
2024-08-16 13:10:52,47500.0,200,Buy,232309491
2024-08-16 13:10:52,47500.0,7500,Buy,232309487
2024-08-16 13:10:52,47500.0,200,Buy,232309489
2024-08-16 13:10:52,47500.0,200,Buy,232309488
2024-08-16 13:10:52,47500.0,7600,Buy,232309486
2024-08-16 13:10:52,47500.0,100,Buy,232309490
2024-08-16 13:10:59,47500.0,100,Buy,232309915
2024-08-16 13:11:01,47500.0,300,Buy,232310066
2024-08-16 13:11:01,47500.0,100,Buy,232310067
2024-08-16 13:11:01,47500.0,100,Buy,232310068
2024-08-16 13:11:01,47500.0,500,Buy,232310069
2024-08-16 13:11:01,47500.0,1000,Buy,232310070
2024-08-16 13:11:04,47500.0,900,Buy,232310275
2024-08-16 13:11:04,47500.0,1000,Buy,232310272
2024-08-16 13:11:04,47500.0,100,Buy,232310273
2024-08-16 13:11:04,47500.0,1000,Buy,232310274
2024-08-16 13:11:09,47500.0,3200,Buy,232310593
2024-08-16 13:11:09,47500.0,200,Buy,232310592
2024-08-16 13:11:09,47500.0,200,Buy,232310591
2024-08-16 13:11:09,47500.0,500,Buy,232310590
2024-08-16 13:11:09,47500.0,100,Buy,232310589
2024-08-16 13:11:09,47500.0,300,Buy,232310585
2024-08-16 13:11:09,47500.0,1300,Buy,232310584
2024-08-16 13:11:09,47500.0,100,Buy,232310583
2024-08-16 13:11:09,47500.0,1000,Buy,232310582
2024-08-16 13:11:09,47500.0,500,Buy,232310581
2024-08-16 13:11:09,47500.0,200,Buy,232310580
2024-08-16 13:11:09,47500.0,200,Buy,232310578
2024-08-16 13:11:09,47500.0,100,Buy,232310577
2024-08-16 13:11:09,47500.0,3000,Buy,232310576
2024-08-16 13:11:09,47500.0,200,Buy,232310575
2024-08-16 13:11:09,47500.0,5000,Buy,232310574
2024-08-16 13:11:09,47500.0,1000,Buy,232310573
2024-08-16 13:11:09,47500.0,1000,Buy,232310572
2024-08-16 13:11:09,47500.0,500,Buy,232310571
2024-08-16 13:11:09,47500.0,200,Buy,232310570
2024-08-16 13:11:09,47500.0,1100,Buy,232310569
2024-08-16 13:11:09,47500.0,100,Buy,232310579
2024-08-16 13:11:10,47500.0,100,Buy,232310672
2024-08-16 13:11:10,47500.0,500,Buy,232310671
2024-08-16 13:11:10,47500.0,100,Buy,232310675
2024-08-16 13:11:10,47500.0,100,Buy,232310669
2024-08-16 13:11:10,47500.0,500,Buy,232310670
2024-08-16 13:11:10,47500.0,900,Buy,232310673
2024-08-16 13:11:10,47500.0,2800,Buy,232310668
2024-08-16 13:11:12,47500.0,1200,Buy,232310780
2024-08-16 13:11:12,47500.0,300,Buy,232310779
2024-08-16 13:11:12,47500.0,200,Buy,232310776
2024-08-16 13:11:12,47500.0,1000,Buy,232310777
2024-08-16 13:11:12,47500.0,100,Buy,232310778
2024-08-16 13:11:14,47500.0,500,Buy,232310859
2024-08-16 13:11:14,47500.0,100,Buy,232310858
2024-08-16 13:11:14,47500.0,300,Buy,232310857
2024-08-16 13:11:14,47500.0,400,Buy,232310856
2024-08-16 13:11:14,47500.0,300,Buy,232310846
2024-08-16 13:11:14,47500.0,300,Buy,232310845
2024-08-16 13:11:14,47500.0,1000,Buy,232310844
2024-08-16 13:11:14,47500.0,100,Buy,232310842
2024-08-16 13:11:14,47500.0,100,Buy,232310843
2024-08-16 13:11:14,47500.0,100,Buy,232310840
2024-08-16 13:11:14,47500.0,500,Buy,232310839
2024-08-16 13:11:14,47500.0,700,Buy,232310838
2024-08-16 13:11:14,47500.0,100,Buy,232310837
2024-08-16 13:11:14,47500.0,100,Buy,232310836
2024-08-16 13:11:14,47500.0,100,Buy,232310835
2024-08-16 13:11:14,47500.0,200,Buy,232310834
2024-08-16 13:11:14,47500.0,100,Buy,232310833
2024-08-16 13:11:14,47500.0,4600,Buy,232310832
2024-08-16 13:11:14,47500.0,1000,Buy,232310841
2024-08-16 13:11:23,47500.0,400,Sell,232311392
2024-08-16 13:11:23,47500.0,100,Sell,232311393
2024-08-16 13:11:34,47550.0,200,Buy,232312128
2024-08-16 13:11:41,47550.0,200,Buy,232312586
2024-08-16 13:11:42,47550.0,500,Buy,232312589
2024-08-16 13:11:44,47500.0,500,Sell,232312716
2024-08-16 13:11:45,47550.0,1000,Buy,232312766
2024-08-16 13:11:45,47550.0,100,Buy,232312749
2024-08-16 13:11:45,47550.0,500,Buy,232312750
2024-08-16 13:11:55,47550.0,500,Buy,232313381
2024-08-16 13:11:58,47550.0,500,Buy,232313582
2024-08-16 13:11:58,47550.0,1000,Buy,232313583
2024-08-16 13:11:58,47550.0,100,Buy,232313584
2024-08-16 13:11:58,47550.0,400,Buy,232313585
2024-08-16 13:11:59,47550.0,200,Buy,232313699
2024-08-16 13:12:15,47600.0,100,Buy,232314571
2024-08-16 13:12:15,47600.0,400,Buy,232314572
2024-08-16 13:12:16,47600.0,1800,Buy,232314630
2024-08-16 13:12:25,47600.0,800,Buy,232315119
2024-08-16 13:12:29,47600.0,100,Buy,232315476
2024-08-16 13:12:36,47600.0,500,Buy,232315879
2024-08-16 13:12:47,47550.0,100,Sell,232316373
2024-08-16 13:13:01,47600.0,200,Buy,232317172
2024-08-16 13:13:11,47550.0,1900,Sell,232317886
2024-08-16 13:13:11,47550.0,100,Sell,232317887
2024-08-16 13:13:13,47600.0,800,Buy,232317938
2024-08-16 13:13:17,47600.0,1400,Buy,232318099
2024-08-16 13:13:17,47600.0,300,Buy,232318100
2024-08-16 13:13:17,47600.0,300,Buy,232318101
2024-08-16 13:13:19,47600.0,300,Buy,232318152
2024-08-16 13:13:19,47600.0,500,Buy,232318158
2024-08-16 13:13:19,47600.0,500,Buy,232318157
2024-08-16 13:13:19,47600.0,1000,Buy,232318156
2024-08-16 13:13:19,47600.0,400,Buy,232318154
2024-08-16 13:13:19,47600.0,1500,Buy,232318153
2024-08-16 13:13:19,47600.0,1000,Buy,232318151
2024-08-16 13:13:19,47600.0,1000,Buy,232318149
2024-08-16 13:13:19,47600.0,6200,Buy,232318145
2024-08-16 13:13:19,47600.0,100,Buy,232318146
2024-08-16 13:13:19,47600.0,100,Buy,232318150
2024-08-16 13:13:19,47600.0,100,Buy,232318148
2024-08-16 13:13:19,47600.0,500,Buy,232318147
2024-08-16 13:13:28,47650.0,800,Buy,232318582
2024-08-16 13:13:36,47650.0,200,Buy,232319051
2024-08-16 13:13:36,47650.0,800,Buy,232319052
2024-08-16 13:13:40,47650.0,300,Buy,232319297
2024-08-16 13:13:40,47650.0,100,Buy,232319298
2024-08-16 13:13:40,47650.0,400,Buy,232319299
2024-08-16 13:13:40,47650.0,100,Buy,232319296
2024-08-16 13:13:48,47650.0,800,Buy,232319863
2024-08-16 13:13:49,47650.0,500,Buy,232319920
2024-08-16 13:13:55,47650.0,100,Buy,232320255
2024-08-16 13:13:55,47650.0,300,Buy,232320254
2024-08-16 13:13:58,47650.0,800,Buy,232320461
2024-08-16 13:14:09,47600.0,1500,Sell,232321090
2024-08-16 13:14:14,47650.0,800,Buy,232321335
2024-08-16 13:14:19,47600.0,100,Sell,232321554
2024-08-16 13:14:19,47600.0,100,Sell,232321577
2024-08-16 13:14:20,47600.0,5100,Sell,232321696
2024-08-16 13:14:20,47600.0,500,Sell,232321697
2024-08-16 13:14:20,47600.0,1500,Sell,232321698
2024-08-16 13:14:20,47600.0,100,Buy,232321733
2024-08-16 13:14:22,47650.0,100,Buy,232321823
2024-08-16 13:14:29,47650.0,800,Buy,232322116
2024-08-16 13:14:30,47600.0,200,Sell,232322185
2024-08-16 13:14:31,47600.0,1700,Sell,232322235
2024-08-16 13:14:31,47600.0,300,Sell,232322236
2024-08-16 13:14:47,47550.0,800,Sell,232323053
2024-08-16 13:14:51,47550.0,400,Sell,232323242
2024-08-16 13:14:51,47550.0,600,Sell,232323240
2024-08-16 13:14:51,47550.0,15000,Sell,232323241
2024-08-16 13:14:54,47550.0,400,Sell,232323429
2024-08-16 13:14:54,47550.0,2000,Sell,232323430
2024-08-16 13:14:54,47550.0,200,Sell,232323431
2024-08-16 13:14:59,47550.0,200,Buy,232323607
2024-08-16 13:15:13,47500.0,100,Sell,232324230
2024-08-16 13:15:21,47500.0,300,Sell,232324659
2024-08-16 13:15:25,47500.0,100,Sell,232324804
2024-08-16 13:15:37,47550.0,600,Buy,232325416
2024-08-16 13:15:37,47550.0,21600,Buy,232325430
2024-08-16 13:16:50,47550.0,600,Sell,232329196
2024-08-16 13:16:51,47600.0,100,Buy,232329216
2024-08-16 13:17:37,47600.0,500,Buy,232331231
2024-08-16 13:17:37,47550.0,5000,Sell,232331249
2024-08-16 13:17:37,47600.0,100,Buy,232331229
2024-08-16 13:17:37,47600.0,200,Buy,232331230
2024-08-16 13:17:46,47600.0,900,Buy,232331709
2024-08-16 13:18:14,47600.0,3000,Buy,232333086
2024-08-16 13:18:26,47550.0,100,Sell,232333742
2024-08-16 13:18:58,47550.0,300,Sell,232335510
2024-08-16 13:19:00,47550.0,2400,Sell,232335612
2024-08-16 13:19:00,47550.0,3000,Sell,232335613
2024-08-16 13:19:00,47550.0,2000,Sell,232335614
2024-08-16 13:19:00,47550.0,400,Sell,232335615
2024-08-16 13:19:00,47550.0,200,Sell,232335616
2024-08-16 13:19:17,47600.0,800,Buy,232336282
2024-08-16 13:19:31,47600.0,800,Buy,232336995
2024-08-16 13:19:37,47550.0,3500,Sell,232337322
2024-08-16 13:19:37,47550.0,100,Sell,232337321
2024-08-16 13:19:37,47550.0,300,Sell,232337318
2024-08-16 13:19:37,47550.0,100,Sell,232337319
2024-08-16 13:19:37,47550.0,1000,Sell,232337320
2024-08-16 13:20:06,47550.0,800,Sell,232338828
2024-08-16 13:20:27,47550.0,700,Sell,232339654
2024-08-16 13:20:27,47550.0,600,Sell,232339655
2024-08-16 13:20:27,47550.0,700,Sell,232339656
2024-08-16 13:20:40,47600.0,200,Buy,232340458
2024-08-16 13:20:40,47600.0,200,Buy,232340459
2024-08-16 13:20:43,47600.0,1300,Buy,232340560
2024-08-16 13:20:43,47600.0,2000,Buy,232340558
2024-08-16 13:20:43,47600.0,500,Buy,232340557
2024-08-16 13:20:43,47600.0,1700,Buy,232340559
2024-08-16 13:20:43,47600.0,200,Buy,232340555
2024-08-16 13:20:43,47600.0,800,Buy,232340554
2024-08-16 13:20:43,47600.0,100,Buy,232340553
2024-08-16 13:20:43,47600.0,100,Buy,232340552
2024-08-16 13:20:43,47600.0,100,Buy,232340556
2024-08-16 13:20:47,47550.0,800,Sell,232340748
2024-08-16 13:20:47,47550.0,800,Sell,232340747
2024-08-16 13:20:47,47550.0,300,Sell,232340746
2024-08-16 13:20:47,47550.0,2000,Sell,232340745
2024-08-16 13:20:47,47550.0,800,Sell,232340744
2024-08-16 13:20:47,47550.0,1000,Sell,232340742
2024-08-16 13:20:47,47550.0,1000,Sell,232340741
2024-08-16 13:20:47,47550.0,1000,Sell,232340740
2024-08-16 13:20:47,47550.0,300,Sell,232340739
2024-08-16 13:20:47,47600.0,1200,Sell,232340738
2024-08-16 13:20:47,47550.0,800,Sell,232340743
2024-08-16 13:21:04,47600.0,100,Sell,232341660
2024-08-16 13:21:46,47600.0,100,Buy,232343578
2024-08-16 13:21:46,47600.0,100,Buy,232343576
2024-08-16 13:21:46,47600.0,700,Buy,232343577
2024-08-16 13:22:06,47600.0,1000,Sell,232344480
2024-08-16 13:22:24,47650.0,2000,Buy,232345396
2024-08-16 13:22:24,47650.0,100,Buy,232345397
2024-08-16 13:22:24,47650.0,100,Buy,232345398
2024-08-16 13:22:24,47650.0,2800,Buy,232345399
2024-08-16 13:22:27,47600.0,100,Sell,232345512
2024-08-16 13:22:27,47600.0,300,Sell,232345513
2024-08-16 13:22:37,47600.0,900,Sell,232345919
2024-08-16 13:22:40,47600.0,700,Sell,232346084
2024-08-16 13:22:43,47600.0,100,Sell,232346245
2024-08-16 13:22:43,47600.0,600,Sell,232346246
2024-08-16 13:23:07,47600.0,1300,Sell,232347455
2024-08-16 13:23:11,47600.0,1000,Sell,232347625
2024-08-16 13:23:13,47600.0,100,Sell,232347788
2024-08-16 13:24:06,47600.0,900,Sell,232350457
2024-08-16 13:24:06,47600.0,100,Sell,232350458
2024-08-16 13:24:06,47600.0,100,Sell,232350459
2024-08-16 13:24:06,47600.0,100,Sell,232350460
2024-08-16 13:24:06,47600.0,800,Sell,232350461
2024-08-16 13:24:06,47600.0,800,Sell,232350462
2024-08-16 13:24:06,47600.0,800,Sell,232350463
2024-08-16 13:24:06,47600.0,2000,Sell,232350456
2024-08-16 13:24:23,47600.0,300,Buy,232351104
2024-08-16 13:24:32,47600.0,4100,Buy,232351407
2024-08-16 13:24:32,47600.0,3100,Buy,232351408
2024-08-16 13:24:32,47600.0,100,Buy,232351409
2024-08-16 13:24:32,47600.0,1000,Buy,232351410
2024-08-16 13:24:35,47600.0,500,Sell,232351521
2024-08-16 13:24:36,47600.0,400,Sell,232351548
2024-08-16 13:24:55,47600.0,100,Sell,232352223
2024-08-16 13:25:00,47600.0,700,Sell,232352486
2024-08-16 13:25:24,47600.0,400,Buy,232353509
2024-08-16 13:25:24,47600.0,300,Buy,232353508
2024-08-16 13:25:27,47600.0,1000,Sell,232353660
2024-08-16 13:25:33,47600.0,100,Sell,232353883
2024-08-16 13:25:39,47600.0,5000,Sell,232354116
2024-08-16 13:25:43,47600.0,6200,Sell,232354254
2024-08-16 13:25:43,47600.0,3800,Sell,232354255
2024-08-16 13:26:06,47600.0,3200,Sell,232355273
2024-08-16 13:26:06,47600.0,5000,Sell,232355274
2024-08-16 13:26:11,47600.0,500,Buy,232355430
2024-08-16 13:26:17,47600.0,100,Buy,232355663
2024-08-16 13:26:54,47600.0,200,Buy,232356998
2024-08-16 13:27:07,47550.0,500,Sell,232357623
2024-08-16 13:27:07,47550.0,1000,Sell,232357622
2024-08-16 13:27:07,47550.0,1000,Sell,232357620
2024-08-16 13:27:07,47550.0,500,Sell,232357619
2024-08-16 13:27:07,47550.0,1000,Sell,232357621
2024-08-16 13:27:45,47550.0,1400,Sell,232359215
2024-08-16 13:27:45,47550.0,500,Sell,232359216
2024-08-16 13:27:45,47550.0,1600,Sell,232359217
2024-08-16 13:28:19,47600.0,500,Buy,232360498
2024-08-16 13:28:24,47550.0,300,Sell,232360797
2024-08-16 13:28:50,47550.0,100,Sell,232362074
2024-08-16 13:28:50,47550.0,500,Sell,232362075
2024-08-16 13:28:50,47550.0,100,Sell,232362076
2024-08-16 13:28:50,47550.0,300,Sell,232362077
2024-08-16 13:28:56,47550.0,1000,Sell,232362334
2024-08-16 13:29:04,47550.0,300,Sell,232362652
2024-08-16 13:29:04,47550.0,600,Sell,232362650
2024-08-16 13:29:04,47550.0,100,Sell,232362651
2024-08-16 13:29:14,47550.0,800,Sell,232363116
2024-08-16 13:29:14,47550.0,1200,Sell,232363143
2024-08-16 13:29:18,47600.0,500,Buy,232363270
2024-08-16 13:29:18,47600.0,2000,Buy,232363271
2024-08-16 13:29:18,47600.0,500,Buy,232363272
2024-08-16 13:29:18,47600.0,100,Buy,232363273
2024-08-16 13:29:18,47600.0,200,Buy,232363274
2024-08-16 13:29:18,47600.0,5000,Buy,232363275
2024-08-16 13:29:18,47600.0,500,Buy,232363279
2024-08-16 13:29:18,47600.0,4800,Buy,232363280
2024-08-16 13:29:18,47600.0,100,Buy,232363281
2024-08-16 13:29:18,47600.0,500,Buy,232363282
2024-08-16 13:29:33,47600.0,300,Sell,232363781
2024-08-16 13:29:36,47600.0,1000,Sell,232363871
2024-08-16 13:30:42,47600.0,100,Sell,232367518
2024-08-16 13:30:49,47600.0,1000,Sell,232367718
2024-08-16 13:30:49,47600.0,1500,Sell,232367719
2024-08-16 13:30:49,47600.0,3200,Sell,232367717
2024-08-16 13:30:50,47600.0,1500,Sell,232367769
2024-08-16 13:30:56,47600.0,2000,Sell,232368036
2024-08-16 13:30:57,47600.0,200,Sell,232368094
2024-08-16 13:30:57,47600.0,1000,Sell,232368095
2024-08-16 13:30:57,47600.0,1400,Sell,232368096
2024-08-16 13:30:57,47600.0,300,Sell,232368097
2024-08-16 13:30:57,47600.0,200,Sell,232368098
2024-08-16 13:30:57,47600.0,4000,Sell,232368099
2024-08-16 13:30:57,47550.0,100,Sell,232368100
2024-08-16 13:30:57,47550.0,300,Sell,232368101
2024-08-16 13:32:17,47550.0,1500,Sell,232371912
2024-08-16 13:32:17,47550.0,3000,Sell,232371856
2024-08-16 13:32:17,47550.0,200,Sell,232371855
2024-08-16 13:32:26,47550.0,100,Sell,232372297
2024-08-16 13:32:26,47550.0,600,Sell,232372298
2024-08-16 13:32:47,47550.0,300,Sell,232373305
2024-08-16 13:33:08,47600.0,600,Buy,232374379
2024-08-16 13:33:55,47600.0,500,Buy,232376578
2024-08-16 13:33:57,47600.0,1300,Buy,232376646
2024-08-16 13:33:57,47600.0,2000,Buy,232376647
2024-08-16 13:33:57,47600.0,100,Buy,232376648
2024-08-16 13:33:57,47600.0,100,Buy,232376649
2024-08-16 13:33:57,47600.0,200,Buy,232376650
2024-08-16 13:33:57,47600.0,300,Buy,232376651
2024-08-16 13:34:03,47600.0,200,Buy,232376862
2024-08-16 13:34:03,47600.0,200,Buy,232376863
2024-08-16 13:34:03,47600.0,100,Buy,232376864
2024-08-16 13:34:32,47600.0,500,Buy,232377934
2024-08-16 13:35:18,47600.0,100,Buy,232379939
2024-08-16 13:35:34,47600.0,800,Buy,232380633
2024-08-16 13:35:34,47600.0,2000,Buy,232380634
2024-08-16 13:35:34,47600.0,300,Buy,232380635
2024-08-16 13:35:34,47600.0,400,Buy,232380636
2024-08-16 13:35:34,47600.0,1000,Buy,232380637
2024-08-16 13:35:37,47500.0,1400,Sell,232380740
2024-08-16 13:35:37,47500.0,500,Sell,232380739
2024-08-16 13:35:37,47500.0,3900,Sell,232380738
2024-08-16 13:35:37,47550.0,600,Sell,232380737
2024-08-16 13:35:37,47550.0,1100,Sell,232380734
2024-08-16 13:35:37,47550.0,100,Sell,232380736
2024-08-16 13:35:37,47550.0,5000,Sell,232380732
2024-08-16 13:35:37,47550.0,100,Sell,232380733
2024-08-16 13:35:37,47600.0,500,Sell,232380727
2024-08-16 13:35:37,47600.0,4000,Sell,232380728
2024-08-16 13:35:37,47550.0,2000,Sell,232380735
2024-08-16 13:35:37,47550.0,200,Sell,232380730
2024-08-16 13:35:37,47550.0,500,Sell,232380731
2024-08-16 13:35:37,47600.0,100,Sell,232380729
2024-08-16 13:35:57,47650.0,400,Buy,232381506
2024-08-16 13:36:59,47650.0,500,Buy,232383919
2024-08-16 13:37:07,47600.0,1500,Sell,232384209
2024-08-16 13:37:07,47600.0,200,Sell,232384211
2024-08-16 13:37:07,47600.0,4000,Sell,232384212
2024-08-16 13:37:07,47600.0,300,Sell,232384213
2024-08-16 13:37:18,47600.0,600,Buy,232384585
2024-08-16 13:37:38,47600.0,1000,Buy,232385294
2024-08-16 13:38:07,47600.0,500,Buy,232386312
2024-08-16 13:38:07,47600.0,100,Buy,232386311
2024-08-16 13:38:07,47600.0,1400,Buy,232386310
2024-08-16 13:38:11,47600.0,200,Buy,232386468
2024-08-16 13:38:28,47600.0,300,Buy,232387032
2024-08-16 13:38:29,47600.0,100,Buy,232387085
2024-08-16 13:38:39,47600.0,100,Buy,232387509
2024-08-16 13:38:39,47600.0,300,Buy,232387510
2024-08-16 13:38:39,47600.0,200,Buy,232387511
2024-08-16 13:38:39,47600.0,4400,Buy,232387512
2024-08-16 13:38:47,47600.0,100,Buy,232387821
2024-08-16 13:38:47,47600.0,500,Buy,232387835
2024-08-16 13:39:19,47600.0,100,Buy,232389090
2024-08-16 13:39:30,47550.0,1800,Sell,232389531
2024-08-16 13:39:30,47550.0,100,Sell,232389530
2024-08-16 13:39:41,47550.0,400,Sell,232390034
2024-08-16 13:39:44,47600.0,28300,Buy,232390206
2024-08-16 13:39:44,47550.0,1700,Buy,232390205
2024-08-16 13:39:54,47500.0,1000,Sell,232390650
2024-08-16 13:39:54,47550.0,1000,Sell,232390649
2024-08-16 13:39:59,47500.0,2600,Sell,232390918
2024-08-16 13:39:59,47500.0,100,Sell,232390919
2024-08-16 13:39:59,47500.0,5000,Sell,232390920
2024-08-16 13:39:59,47500.0,100,Sell,232390921
2024-08-16 13:39:59,47500.0,200,Sell,232390922
2024-08-16 13:39:59,47500.0,2000,Sell,232390923
2024-08-16 13:40:26,47500.0,1000,Sell,232392045
2024-08-16 13:40:26,47500.0,100,Sell,232392046
2024-08-16 13:40:26,47500.0,300,Sell,232392072
2024-08-16 13:40:30,47500.0,800,Sell,232392309
2024-08-16 13:40:30,47500.0,1000,Sell,232392307
2024-08-16 13:40:30,47500.0,500,Sell,232392308
2024-08-16 13:40:30,47500.0,100,Sell,232392305
2024-08-16 13:40:30,47500.0,500,Sell,232392304
2024-08-16 13:40:30,47500.0,1600,Sell,232392303
2024-08-16 13:40:30,47500.0,500,Sell,232392306
2024-08-16 13:40:50,47500.0,4000,Buy,232393109
2024-08-16 13:40:53,47500.0,500,Sell,232393176
2024-08-16 13:41:01,47500.0,200,Sell,232393600
2024-08-16 13:41:29,47550.0,500,Buy,232394716
2024-08-16 13:41:29,47500.0,300,Sell,232394710
2024-08-16 13:41:29,47550.0,500,Buy,232394715
2024-08-16 13:41:35,47500.0,500,Sell,232394936
2024-08-16 13:41:44,47500.0,500,Sell,232395246
2024-08-16 13:42:03,47550.0,500,Buy,232395930
2024-08-16 13:42:04,47550.0,2700,Sell,232395961
2024-08-16 13:42:04,47500.0,2300,Sell,232395962
2024-08-16 13:42:08,47500.0,6400,Sell,232396112
2024-08-16 13:42:08,47500.0,200,Sell,232396111
2024-08-16 13:42:08,47500.0,200,Sell,232396108
2024-08-16 13:42:08,47500.0,1000,Sell,232396109
2024-08-16 13:42:08,47500.0,500,Sell,232396110
2024-08-16 13:42:08,47500.0,1700,Sell,232396107
2024-08-16 13:42:28,47600.0,3000,Buy,232397108
2024-08-16 13:42:28,47600.0,400,Buy,232397109
2024-08-16 13:42:28,47600.0,16600,Buy,232397107
2024-08-16 13:42:32,47550.0,2000,Sell,232397315
2024-08-16 13:42:39,47600.0,1000,Buy,232397614
2024-08-16 13:42:39,47600.0,100,Buy,232397613
2024-08-16 13:42:39,47600.0,1000,Buy,232397612
2024-08-16 13:42:39,47600.0,500,Buy,232397616
2024-08-16 13:42:39,47600.0,500,Buy,232397610
2024-08-16 13:42:39,47600.0,1000,Buy,232397609
2024-08-16 13:42:39,47600.0,4600,Buy,232397608
2024-08-16 13:42:39,47600.0,1000,Buy,232397611
2024-08-16 13:42:39,47600.0,300,Buy,232397615
2024-08-16 13:42:40,47550.0,3000,Sell,232397670
2024-08-16 13:42:40,47550.0,2000,Sell,232397671
2024-08-16 13:43:07,47550.0,500,Sell,232398537
2024-08-16 13:43:07,47550.0,100,Sell,232398538
2024-08-16 13:43:16,47550.0,100,Sell,232398977
2024-08-16 13:43:31,47550.0,100,Sell,232399525
2024-08-16 13:43:58,47550.0,1000,Sell,232400432
2024-08-16 13:44:25,47550.0,1000,Sell,232401272
2024-08-16 13:44:31,47550.0,500,Sell,232401409
2024-08-16 13:44:44,47550.0,100,Sell,232401845
2024-08-16 13:44:49,47550.0,400,Sell,232402006
2024-08-16 13:44:51,47550.0,300,Sell,232402041
2024-08-16 13:44:51,47550.0,800,Sell,232402042
2024-08-16 13:46:12,47550.0,1600,Sell,232405171
2024-08-16 13:46:12,47550.0,200,Sell,232405169
2024-08-16 13:46:12,47550.0,200,Sell,232405170
2024-08-16 13:46:31,47550.0,500,Sell,232405929
2024-08-16 13:47:07,47600.0,500,Buy,232407291
2024-08-16 13:47:07,47600.0,200,Buy,232407292
2024-08-16 13:47:14,47600.0,400,Buy,232407601
2024-08-16 13:47:35,47600.0,400,Buy,232408549
2024-08-16 13:47:35,47600.0,600,Buy,232408550
2024-08-16 13:47:46,47600.0,100,Buy,232408988
2024-08-16 13:47:46,47600.0,100,Buy,232408986
2024-08-16 13:47:46,47600.0,200,Buy,232408987
2024-08-16 13:47:46,47600.0,100,Buy,232408984
2024-08-16 13:47:46,47600.0,900,Buy,232408985
2024-08-16 13:47:46,47600.0,200,Buy,232408983
2024-08-16 13:47:46,47600.0,400,Buy,232408982
2024-08-16 13:47:50,47600.0,600,Buy,232409112
2024-08-16 13:47:50,47600.0,300,Buy,232409109
2024-08-16 13:47:50,47600.0,1000,Buy,232409110
2024-08-16 13:47:50,47600.0,100,Buy,232409111
2024-08-16 13:47:51,47600.0,100,Buy,232409127
2024-08-16 13:47:51,47600.0,100,Buy,232409129
2024-08-16 13:47:51,47600.0,700,Buy,232409130
2024-08-16 13:47:51,47600.0,100,Buy,232409128
2024-08-16 13:47:53,47600.0,300,Buy,232409209
2024-08-16 13:47:53,47600.0,600,Buy,232409210
2024-08-16 13:48:02,47600.0,300,Sell,232409625
2024-08-16 13:48:09,47600.0,500,Sell,232409947
2024-08-16 13:48:14,47550.0,200,Sell,232410145
2024-08-16 13:48:14,47550.0,500,Sell,232410143
2024-08-16 13:48:14,47600.0,3300,Sell,232410142
2024-08-16 13:48:14,47550.0,6000,Sell,232410144
2024-08-16 13:48:41,47600.0,100,Buy,232411010
2024-08-16 13:48:42,47600.0,100,Sell,232411111
2024-08-16 13:48:51,47600.0,100,Buy,232411454
2024-08-16 13:48:54,47600.0,100,Buy,232411560
2024-08-16 13:49:03,47600.0,100,Buy,232411836
2024-08-16 13:49:09,47600.0,100,Buy,232411991
2024-08-16 13:49:48,47600.0,700,Buy,232413645
2024-08-16 13:49:48,47600.0,200,Buy,232413646
2024-08-16 13:49:48,47600.0,1300,Buy,232413647
2024-08-16 13:49:48,47600.0,2800,Buy,232413648
2024-08-16 13:49:54,47600.0,5000,Buy,232413850
2024-08-16 13:49:57,47600.0,400,Buy,232413969
2024-08-16 13:50:27,47600.0,500,Buy,232414930
2024-08-16 13:50:54,47600.0,300,Buy,232416314
2024-08-16 13:50:56,47600.0,2000,Buy,232416353
2024-08-16 13:51:08,47600.0,1800,Buy,232417007
2024-08-16 13:51:08,47600.0,100,Buy,232417008
2024-08-16 13:51:08,47600.0,100,Buy,232417009
2024-08-16 13:51:18,47600.0,100,Buy,232417266
2024-08-16 13:52:28,47600.0,500,Sell,232420189
2024-08-16 13:52:38,47600.0,300,Sell,232420599
2024-08-16 13:53:25,47600.0,200,Sell,232422421
2024-08-16 13:53:28,47600.0,700,Sell,232422494
2024-08-16 13:53:28,47600.0,5000,Sell,232422497
2024-08-16 13:53:28,47600.0,10000,Sell,232422496
2024-08-16 13:53:28,47600.0,600,Sell,232422495
2024-08-16 13:53:28,47600.0,100,Sell,232422492
2024-08-16 13:53:28,47600.0,4000,Sell,232422493
2024-08-16 13:53:28,47600.0,900,Sell,232422486
2024-08-16 13:53:28,47600.0,100,Sell,232422487
2024-08-16 13:53:28,47600.0,500,Sell,232422488
2024-08-16 13:53:28,47600.0,500,Sell,232422491
2024-08-16 13:53:28,47600.0,100,Sell,232422490
2024-08-16 13:53:28,47600.0,300,Sell,232422489
2024-08-16 13:53:30,47600.0,1200,Buy,232422585
2024-08-16 13:53:40,47600.0,200,Sell,232422942
2024-08-16 13:54:02,47600.0,100,Sell,232423730
2024-08-16 13:54:13,47600.0,200,Sell,232424323
2024-08-16 13:54:14,47600.0,1600,Sell,232424358
2024-08-16 13:54:14,47600.0,600,Sell,232424359
2024-08-16 13:54:14,47600.0,500,Sell,232424360
2024-08-16 13:54:14,47550.0,1800,Sell,232424361
2024-08-16 13:54:14,47550.0,500,Sell,232424362
2024-08-16 13:54:23,47600.0,300,Buy,232424871
2024-08-16 13:54:50,47600.0,400,Buy,232426392
2024-08-16 13:54:50,47600.0,1500,Buy,232426410
2024-08-16 13:55:02,47600.0,7400,Buy,232427044
2024-08-16 13:55:02,47600.0,300,Buy,232427045
2024-08-16 13:55:02,47600.0,500,Buy,232427046
2024-08-16 13:55:31,47600.0,1800,Sell,232428523
2024-08-16 13:55:31,47600.0,200,Sell,232428524
2024-08-16 13:55:45,47600.0,500,Sell,232429255
2024-08-16 13:55:59,47600.0,3300,Sell,232429773
2024-08-16 13:55:59,47600.0,100,Sell,232429774
2024-08-16 13:56:32,47600.0,200,Buy,232431098
2024-08-16 13:56:41,47600.0,100,Buy,232431621
2024-08-16 13:56:41,47600.0,500,Buy,232431622
2024-08-16 13:56:41,47600.0,500,Buy,232431620
2024-08-16 13:56:41,47600.0,2000,Buy,232431618
2024-08-16 13:56:41,47600.0,2400,Buy,232431617
2024-08-16 13:56:41,47600.0,200,Buy,232431619
2024-08-16 13:56:45,47600.0,300,Sell,232431777
2024-08-16 13:56:57,47600.0,500,Buy,232432179
2024-08-16 13:56:58,47550.0,100,Sell,232432190
2024-08-16 13:57:00,47600.0,200,Buy,232432266
2024-08-16 13:57:00,47600.0,1000,Buy,232432267
2024-08-16 13:57:15,47600.0,100,Sell,232432832
2024-08-16 13:57:44,47600.0,400,Sell,232433938
2024-08-16 13:57:47,47600.0,200,Sell,232434036
2024-08-16 13:57:52,47600.0,300,Sell,232434166
2024-08-16 13:57:52,47600.0,700,Sell,232434167
2024-08-16 13:58:07,47600.0,2000,Sell,232434788
2024-08-16 13:58:16,47600.0,1000,Sell,232435137
2024-08-16 13:58:26,47600.0,400,Sell,232435395
2024-08-16 13:58:32,47600.0,1000,Sell,232435688
2024-08-16 13:58:36,47600.0,400,Sell,232435782
2024-08-16 13:58:36,47600.0,100,Sell,232435783
2024-08-16 13:58:55,47600.0,200,Sell,232436456
2024-08-16 13:58:59,47600.0,3700,Sell,232436595
2024-08-16 14:00:55,47600.0,700,Sell,232441088
2024-08-16 14:01:16,47600.0,200,Sell,232441800
2024-08-16 14:01:18,47600.0,100,Sell,232441839
2024-08-16 14:01:18,47600.0,400,Sell,232441840
2024-08-16 14:01:25,47600.0,700,Sell,232442069
2024-08-16 14:01:25,47600.0,300,Sell,232442070
2024-08-16 14:02:11,47600.0,2600,Sell,232443716
2024-08-16 14:02:11,47600.0,200,Sell,232443714
2024-08-16 14:02:11,47600.0,3000,Sell,232443715
2024-08-16 14:02:11,47600.0,300,Sell,232443712
2024-08-16 14:02:11,47600.0,200,Sell,232443713
2024-08-16 14:02:11,47600.0,9700,Sell,232443711
2024-08-16 14:02:18,47600.0,200,Sell,232443940
2024-08-16 14:02:41,47600.0,100,Sell,232444806
2024-08-16 14:02:47,47600.0,500,Sell,232444965
2024-08-16 14:02:50,47600.0,300,Sell,232445076
2024-08-16 14:02:51,47600.0,100,Sell,232445127
2024-08-16 14:03:15,47600.0,200,Sell,232446012
2024-08-16 14:03:54,47650.0,1100,Buy,232447417
2024-08-16 14:03:59,47650.0,1600,Buy,232447580
2024-08-16 14:03:59,47650.0,100,Buy,232447579
2024-08-16 14:03:59,47650.0,1500,Buy,232447578
2024-08-16 14:03:59,47650.0,1000,Buy,232447577
2024-08-16 14:03:59,47650.0,100,Buy,232447576
2024-08-16 14:03:59,47650.0,1000,Buy,232447575
2024-08-16 14:03:59,47650.0,500,Buy,232447574
2024-08-16 14:03:59,47650.0,200,Buy,232447573
2024-08-16 14:03:59,47650.0,600,Buy,232447570
2024-08-16 14:03:59,47650.0,100,Buy,232447571
2024-08-16 14:03:59,47650.0,200,Buy,232447568
2024-08-16 14:03:59,47650.0,100,Buy,232447567
2024-08-16 14:03:59,47650.0,100,Buy,232447566
2024-08-16 14:03:59,47650.0,1000,Buy,232447565
2024-08-16 14:03:59,47650.0,500,Buy,232447564
2024-08-16 14:03:59,47650.0,200,Buy,232447563
2024-08-16 14:03:59,47650.0,1000,Buy,232447572
2024-08-16 14:03:59,47650.0,200,Buy,232447569
2024-08-16 14:04:05,47650.0,300,Buy,232447784
2024-08-16 14:04:05,47650.0,4700,Buy,232447786
2024-08-16 14:04:05,47650.0,100,Buy,232447785
2024-08-16 14:04:05,47650.0,100,Buy,232447782
2024-08-16 14:04:05,47650.0,5000,Buy,232447781
2024-08-16 14:04:05,47650.0,500,Buy,232447780
2024-08-16 14:04:05,47650.0,9200,Buy,232447779
2024-08-16 14:04:05,47650.0,100,Buy,232447783
2024-08-16 14:04:14,47650.0,500,Buy,232448112
2024-08-16 14:04:22,47650.0,1000,Buy,232448381
2024-08-16 14:04:24,47650.0,2200,Buy,232448458
2024-08-16 14:04:29,47650.0,100,Buy,232448693
2024-08-16 14:04:29,47650.0,200,Buy,232448694
2024-08-16 14:04:29,47650.0,21600,Buy,232448691
2024-08-16 14:04:29,47650.0,100,Buy,232448692
2024-08-16 14:04:30,47650.0,11700,Buy,232448752
2024-08-16 14:04:30,47650.0,3000,Buy,232448753
2024-08-16 14:04:32,47650.0,300,Buy,232448832
2024-08-16 14:04:33,47650.0,6500,Buy,232448882
2024-08-16 14:04:34,47650.0,100,Buy,232448908
2024-08-16 14:04:34,47650.0,100,Buy,232448911
2024-08-16 14:04:34,47650.0,200,Buy,232448910
2024-08-16 14:04:34,47650.0,800,Buy,232448909
2024-08-16 14:04:34,47650.0,100,Buy,232448907
2024-08-16 14:04:34,47650.0,3000,Buy,232448896
2024-08-16 14:04:34,47650.0,100,Buy,232448905
2024-08-16 14:04:34,47650.0,100,Buy,232448904
2024-08-16 14:04:34,47650.0,100,Buy,232448903
2024-08-16 14:04:34,47650.0,300,Buy,232448902
2024-08-16 14:04:34,47650.0,500,Buy,232448906
2024-08-16 14:04:48,47700.0,4300,Buy,232449529
2024-08-16 14:04:48,47700.0,900,Buy,232449528
2024-08-16 14:04:48,47700.0,100,Buy,232449526
2024-08-16 14:04:48,47700.0,10000,Buy,232449527
2024-08-16 14:04:48,47700.0,100,Buy,232449525
2024-08-16 14:04:48,47700.0,100,Buy,232449520
2024-08-16 14:04:48,47700.0,2000,Buy,232449521
2024-08-16 14:04:48,47700.0,1000,Buy,232449524
2024-08-16 14:04:48,47700.0,500,Buy,232449523
2024-08-16 14:04:48,47700.0,1000,Buy,232449522
2024-08-16 14:04:56,47700.0,100,Buy,232449797
2024-08-16 14:04:56,47700.0,100,Buy,232449798
2024-08-16 14:04:56,47700.0,300,Buy,232449799
2024-08-16 14:04:58,47700.0,100,Buy,232449880
2024-08-16 14:04:58,47700.0,500,Buy,232449869
2024-08-16 14:04:58,47700.0,500,Buy,232449868
2024-08-16 14:04:58,47700.0,1800,Buy,232449867
2024-08-16 14:04:58,47700.0,100,Buy,232449866
2024-08-16 14:04:58,47700.0,100,Buy,232449865
2024-08-16 14:04:58,47700.0,100,Buy,232449864
2024-08-16 14:04:58,47700.0,200,Buy,232449863
2024-08-16 14:04:58,47700.0,100,Buy,232449860
2024-08-16 14:04:58,47700.0,100,Buy,232449859
2024-08-16 14:04:58,47700.0,100,Buy,232449858
2024-08-16 14:04:58,47700.0,100,Buy,232449857
2024-08-16 14:04:58,47700.0,200,Buy,232449856
2024-08-16 14:04:58,47700.0,200,Buy,232449862
2024-08-16 14:04:58,47700.0,900,Buy,232449861
2024-08-16 14:04:59,47700.0,500,Buy,232449922
2024-08-16 14:05:08,47700.0,500,Buy,232450199
2024-08-16 14:05:10,47700.0,300,Buy,232450329
2024-08-16 14:05:18,47700.0,100,Buy,232450584
2024-08-16 14:05:19,47700.0,2000,Buy,232450593
2024-08-16 14:05:19,47700.0,1000,Buy,232450620
2024-08-16 14:05:20,47700.0,500,Buy,232450638
2024-08-16 14:05:20,47700.0,2500,Buy,232450639
2024-08-16 14:05:20,47700.0,2000,Buy,232450640
2024-08-16 14:05:25,47700.0,1000,Buy,232450802
2024-08-16 14:05:25,47700.0,2000,Buy,232450803
2024-08-16 14:05:25,47700.0,300,Buy,232450804
2024-08-16 14:05:25,47700.0,400,Buy,232450805
2024-08-16 14:05:25,47700.0,100,Buy,232450806
2024-08-16 14:05:25,47700.0,1200,Buy,232450807
2024-08-16 14:05:26,47700.0,1500,Buy,232450822
2024-08-16 14:05:27,47700.0,200,Buy,232450848
2024-08-16 14:05:27,47700.0,1800,Buy,232450849
2024-08-16 14:05:29,47700.0,100,Buy,232450955
2024-08-16 14:05:29,47700.0,1000,Buy,232450954
2024-08-16 14:05:29,47700.0,500,Buy,232450952
2024-08-16 14:05:29,47700.0,700,Buy,232450951
2024-08-16 14:05:29,47700.0,100,Buy,232450953
2024-08-16 14:05:31,47700.0,100,Sell,232450997
2024-08-16 14:06:02,47750.0,200,Buy,232451954
2024-08-16 14:06:03,47750.0,100,Buy,232452026
2024-08-16 14:06:03,47750.0,500,Buy,232452025
2024-08-16 14:06:03,47750.0,100,Buy,232452015
2024-08-16 14:06:03,47750.0,500,Buy,232452023
2024-08-16 14:06:03,47750.0,500,Buy,232452017
2024-08-16 14:06:03,47750.0,2000,Buy,232452016
2024-08-16 14:06:03,47750.0,1000,Buy,232452014
2024-08-16 14:06:03,47750.0,100,Buy,232452024
2024-08-16 14:06:03,47750.0,100,Buy,232452012
2024-08-16 14:06:03,47750.0,10400,Buy,232452006
2024-08-16 14:06:03,47750.0,1000,Buy,232452007
2024-08-16 14:06:03,47750.0,500,Buy,232452008
2024-08-16 14:06:03,47750.0,1000,Buy,232452013
2024-08-16 14:06:03,47750.0,500,Buy,232452010
2024-08-16 14:06:03,47750.0,400,Buy,232452011
2024-08-16 14:06:03,47750.0,100,Buy,232452009
2024-08-16 14:06:07,47750.0,900,Sell,232452123
2024-08-16 14:06:09,47750.0,300,Sell,232452174
2024-08-16 14:06:09,47750.0,1000,Sell,232452175
2024-08-16 14:06:09,47750.0,2000,Sell,232452176
2024-08-16 14:06:10,47700.0,200,Sell,232452192
2024-08-16 14:06:11,47750.0,100,Buy,232452238
2024-08-16 14:06:11,47750.0,200,Buy,232452239
2024-08-16 14:06:17,47750.0,1000,Buy,232452395
2024-08-16 14:06:22,47750.0,3000,Buy,232452639
2024-08-16 14:06:23,47750.0,2000,Buy,232452702
2024-08-16 14:06:27,47750.0,400,Buy,232452812
2024-08-16 14:06:27,47750.0,100,Buy,232452813
2024-08-16 14:06:28,47800.0,100,Buy,232452818
2024-08-16 14:06:40,47800.0,500,Buy,232453147
2024-08-16 14:06:40,47800.0,500,Buy,232453148
2024-08-16 14:06:46,47800.0,500,Buy,232453373
2024-08-16 14:06:46,47800.0,400,Buy,232453374
2024-08-16 14:06:57,47750.0,200,Sell,232453892
2024-08-16 14:06:59,47800.0,200,Buy,232453952
2024-08-16 14:07:17,47800.0,400,Buy,232454757
2024-08-16 14:07:17,47800.0,200,Buy,232454776
2024-08-16 14:07:17,47800.0,500,Buy,232454777
2024-08-16 14:07:17,47800.0,300,Buy,232454778
2024-08-16 14:07:38,47750.0,600,Sell,232455391
2024-08-16 14:07:38,47700.0,1000,Sell,232455392
2024-08-16 14:07:38,47750.0,500,Sell,232455390
2024-08-16 14:07:38,47750.0,300,Sell,232455388
2024-08-16 14:07:38,47750.0,100,Sell,232455387
2024-08-16 14:07:38,47750.0,500,Sell,232455389
2024-08-16 14:07:40,47800.0,1400,Buy,232455449
2024-08-16 14:07:40,47800.0,1000,Buy,232455447
2024-08-16 14:07:40,47800.0,100,Buy,232455446
2024-08-16 14:07:40,47800.0,2000,Buy,232455448
2024-08-16 14:07:40,47800.0,100,Buy,232455444
2024-08-16 14:07:40,47800.0,200,Buy,232455443
2024-08-16 14:07:40,47800.0,1700,Buy,232455442
2024-08-16 14:07:40,47800.0,3500,Buy,232455445
2024-08-16 14:08:03,47750.0,1100,Buy,232456166
2024-08-16 14:08:28,47700.0,1000,Sell,232456898
2024-08-16 14:08:33,47750.0,2700,Buy,232457120
2024-08-16 14:08:33,47750.0,100,Buy,232457121
2024-08-16 14:08:48,47750.0,400,Sell,232457589
2024-08-16 14:09:15,47750.0,1000,Sell,232458572
2024-08-16 14:09:16,47750.0,1000,Sell,232458604
2024-08-16 14:09:16,47750.0,3800,Sell,232458596
2024-08-16 14:09:16,47750.0,100,Sell,232458602
2024-08-16 14:09:16,47750.0,100,Sell,232458603
2024-08-16 14:09:29,47750.0,200,Sell,232458966
2024-08-16 14:09:51,47750.0,200,Sell,232459727
2024-08-16 14:09:52,47750.0,2000,Sell,232459764
2024-08-16 14:10:04,47800.0,800,Buy,232460128
2024-08-16 14:10:04,47800.0,100,Buy,232460129
2024-08-16 14:10:04,47800.0,100,Buy,232460130
2024-08-16 14:10:04,47800.0,2000,Buy,232460131
2024-08-16 14:10:08,47800.0,2000,Buy,232460234
2024-08-16 14:10:19,47750.0,1600,Sell,232460551
2024-08-16 14:10:19,47750.0,400,Sell,232460552
2024-08-16 14:10:31,47750.0,1000,Sell,232460896
2024-08-16 14:10:57,47750.0,1000,Sell,232461683
2024-08-16 14:11:13,47800.0,100,Buy,232462173
2024-08-16 14:11:13,47800.0,1000,Buy,232462174
2024-08-16 14:11:13,47800.0,3000,Buy,232462172
2024-08-16 14:11:13,47800.0,1000,Buy,232462167
2024-08-16 14:11:13,47800.0,400,Buy,232462170
2024-08-16 14:11:13,47800.0,1100,Buy,232462168
2024-08-16 14:11:13,47800.0,400,Buy,232462171
2024-08-16 14:11:13,47800.0,200,Buy,232462169
2024-08-16 14:11:17,47800.0,1000,Buy,232462363
2024-08-16 14:11:17,47800.0,100,Buy,232462364
2024-08-16 14:11:18,47750.0,100,Sell,232462373
2024-08-16 14:11:23,47750.0,500,Sell,232462556
2024-08-16 14:11:23,47750.0,100,Sell,232462557
2024-08-16 14:11:23,47750.0,2000,Sell,232462530
2024-08-16 14:11:34,47750.0,1000,Sell,232462982
2024-08-16 14:11:43,47750.0,100,Sell,232463293
2024-08-16 14:11:46,47800.0,1000,Buy,232463415
2024-08-16 14:11:46,47750.0,3800,Sell,232463422
2024-08-16 14:11:46,47750.0,1200,Sell,232463423
2024-08-16 14:11:59,47750.0,100,Sell,232463961
2024-08-16 14:12:24,47750.0,1000,Sell,232464808
2024-08-16 14:12:24,47750.0,1000,Sell,232464814
2024-08-16 14:12:30,47750.0,100,Sell,232465011
2024-08-16 14:12:30,47750.0,200,Sell,232465010
2024-08-16 14:12:30,47750.0,1700,Sell,232465008
2024-08-16 14:12:30,47750.0,500,Sell,232465009
2024-08-16 14:12:37,47800.0,400,Buy,232465175
2024-08-16 14:12:37,47800.0,1200,Buy,232465176
2024-08-16 14:12:47,47750.0,100,Sell,232465477
2024-08-16 14:12:57,47750.0,1000,Sell,232465774
2024-08-16 14:13:01,47750.0,800,Sell,232465925
2024-08-16 14:13:01,47750.0,100,Sell,232465926
2024-08-16 14:13:01,47750.0,200,Sell,232465927
2024-08-16 14:13:01,47750.0,100,Sell,232465928
2024-08-16 14:13:01,47750.0,1300,Sell,232465929
2024-08-16 14:13:02,47750.0,200,Sell,232465985
2024-08-16 14:13:02,47750.0,800,Sell,232465986
2024-08-16 14:13:19,47750.0,200,Sell,232466562
2024-08-16 14:13:21,47750.0,200,Sell,232466593
2024-08-16 14:13:44,47750.0,800,Buy,232467230
2024-08-16 14:13:44,47750.0,1900,Buy,232467231
2024-08-16 14:13:59,47700.0,300,Sell,232467809
2024-08-16 14:13:59,47700.0,100,Sell,232467810
2024-08-16 14:13:59,47700.0,100,Sell,232467811
2024-08-16 14:13:59,47700.0,500,Sell,232467812
2024-08-16 14:14:28,47700.0,200,Sell,232468782
2024-08-16 14:14:32,47700.0,200,Sell,232468903
2024-08-16 14:14:32,47700.0,1800,Sell,232468904
2024-08-16 14:14:34,47700.0,3100,Sell,232468966
2024-08-16 14:14:36,47700.0,100,Sell,232469024
2024-08-16 14:14:39,47700.0,200,Sell,232469108
2024-08-16 14:14:50,47750.0,1800,Buy,232469618
2024-08-16 14:14:50,47750.0,4000,Buy,232469617
2024-08-16 14:14:50,47750.0,1000,Buy,232469616
2024-08-16 14:14:50,47750.0,100,Buy,232469614
2024-08-16 14:14:50,47750.0,100,Buy,232469612
2024-08-16 14:14:50,47750.0,3000,Buy,232469615
2024-08-16 14:14:50,47750.0,1000,Buy,232469613
2024-08-16 14:15:10,47750.0,200,Buy,232470114
2024-08-16 14:15:10,47750.0,400,Buy,232470115
2024-08-16 14:15:15,47750.0,100,Buy,232470269
2024-08-16 14:15:15,47750.0,1000,Buy,232470272
2024-08-16 14:15:15,47750.0,200,Buy,232470273
2024-08-16 14:15:15,47750.0,1000,Buy,232470274
2024-08-16 14:15:23,47750.0,1000,Sell,232470500
2024-08-16 14:15:25,47750.0,200,Sell,232470593
2024-08-16 14:15:26,47750.0,100,Sell,232470628
2024-08-16 14:15:57,47750.0,100,Sell,232471922
2024-08-16 14:15:57,47750.0,400,Sell,232471921
2024-08-16 14:15:59,47750.0,100,Sell,232471988
2024-08-16 14:15:59,47750.0,1900,Sell,232471987
2024-08-16 14:16:01,47750.0,100,Sell,232472034
2024-08-16 14:16:08,47750.0,100,Sell,232472205
2024-08-16 14:16:08,47750.0,100,Sell,232472206
2024-08-16 14:16:08,47750.0,100,Sell,232472207
2024-08-16 14:16:08,47750.0,1700,Sell,232472208
2024-08-16 14:16:17,47750.0,1000,Sell,232472450
2024-08-16 14:16:39,47800.0,100,Buy,232473123
2024-08-16 14:16:40,47750.0,300,Sell,232473133
2024-08-16 14:16:40,47750.0,100,Sell,232473134
2024-08-16 14:16:45,47800.0,300,Buy,232473456
2024-08-16 14:16:45,47800.0,100,Buy,232473455
2024-08-16 14:16:45,47800.0,100,Buy,232473454
2024-08-16 14:16:45,47800.0,300,Buy,232473452
2024-08-16 14:16:45,47800.0,2000,Buy,232473451
2024-08-16 14:16:45,47800.0,700,Buy,232473450
2024-08-16 14:16:45,47800.0,500,Buy,232473453
2024-08-16 14:16:49,47750.0,900,Sell,232473674
2024-08-16 14:16:59,47750.0,200,Sell,232473949
2024-08-16 14:17:04,47750.0,1000,Sell,232474084
2024-08-16 14:17:04,47750.0,2000,Sell,232474145
2024-08-16 14:17:05,47750.0,800,Sell,232474174
2024-08-16 14:17:05,47750.0,2000,Sell,232474175
2024-08-16 14:17:05,47750.0,1300,Sell,232474176
2024-08-16 14:17:11,47750.0,1000,Sell,232474443
2024-08-16 14:17:31,47750.0,400,Sell,232475024
2024-08-16 14:17:31,47750.0,100,Sell,232475025
2024-08-16 14:17:37,47750.0,200,Sell,232475180
2024-08-16 14:17:37,47750.0,700,Sell,232475179
2024-08-16 14:17:48,47750.0,200,Sell,232475541
2024-08-16 14:17:48,47750.0,400,Sell,232475542
2024-08-16 14:17:55,47750.0,1000,Sell,232475742
2024-08-16 14:18:12,47750.0,500,Sell,232476363
2024-08-16 14:18:19,47750.0,300,Sell,232476658
2024-08-16 14:18:23,47750.0,800,Sell,232476818
2024-08-16 14:18:26,47750.0,500,Sell,232476899
2024-08-16 14:18:44,47750.0,1000,Sell,232477491
2024-08-16 14:19:00,47750.0,1000,Sell,232478244
2024-08-16 14:19:01,47750.0,1000,Sell,232478272
2024-08-16 14:19:07,47750.0,1000,Sell,232478471
2024-08-16 14:19:08,47750.0,400,Sell,232478483
2024-08-16 14:19:13,47750.0,800,Sell,232478687
2024-08-16 14:19:13,47750.0,100,Sell,232478685
2024-08-16 14:19:13,47750.0,100,Sell,232478686
2024-08-16 14:19:14,47750.0,100,Sell,232478712
2024-08-16 14:19:14,47750.0,100,Sell,232478713
2024-08-16 14:19:14,47750.0,800,Sell,232478711
2024-08-16 14:19:16,47750.0,1100,Sell,232478796
2024-08-16 14:19:16,47750.0,900,Sell,232478797
2024-08-16 14:19:23,47750.0,600,Sell,232479117
2024-08-16 14:19:23,47750.0,500,Sell,232479118
2024-08-16 14:19:24,47750.0,1000,Sell,232479163
2024-08-16 14:19:51,47750.0,1000,Sell,232480745
2024-08-16 14:19:57,47750.0,500,Sell,232480921
2024-08-16 14:20:01,47800.0,100,Buy,232481098
2024-08-16 14:20:03,47750.0,500,Sell,232481146
2024-08-16 14:20:11,47750.0,1000,Sell,232481418
2024-08-16 14:20:13,47750.0,100,Sell,232481486
2024-08-16 14:20:16,47750.0,1000,Sell,232481588
2024-08-16 14:20:22,47750.0,100,Sell,232481727
2024-08-16 14:20:22,47750.0,4400,Sell,232481724
2024-08-16 14:20:22,47750.0,100,Sell,232481725
2024-08-16 14:20:22,47750.0,5000,Sell,232481726
2024-08-16 14:20:35,47750.0,300,Buy,232482127
2024-08-16 14:20:37,47750.0,100,Buy,232482261
2024-08-16 14:20:51,47700.0,1000,Sell,232482792
2024-08-16 14:21:09,47750.0,5000,Buy,232483424
2024-08-16 14:21:14,47750.0,200,Buy,232483672
2024-08-16 14:21:14,47750.0,600,Buy,232483673
2024-08-16 14:21:14,47750.0,400,Buy,232483695
2024-08-16 14:21:26,47750.0,400,Sell,232484347
2024-08-16 14:21:27,47750.0,200,Sell,232484358
2024-08-16 14:21:27,47750.0,1800,Sell,232484359
2024-08-16 14:21:28,47750.0,700,Sell,232484395
2024-08-16 14:21:32,47750.0,1000,Sell,232484554
2024-08-16 14:21:38,47800.0,200,Buy,232484763
2024-08-16 14:21:38,47800.0,500,Buy,232484762
2024-08-16 14:21:38,47800.0,100,Buy,232484761
2024-08-16 14:21:51,47750.0,500,Sell,232485204
2024-08-16 14:22:01,47750.0,500,Sell,232485537
2024-08-16 14:22:02,47800.0,100,Buy,232485575
2024-08-16 14:22:02,47800.0,100,Buy,232485576
2024-08-16 14:22:02,47800.0,500,Buy,232485577
2024-08-16 14:22:07,47750.0,200,Sell,232485727
2024-08-16 14:22:11,47750.0,1000,Sell,232485866
2024-08-16 14:22:13,47800.0,800,Buy,232486002
2024-08-16 14:22:31,47800.0,300,Buy,232486666
2024-08-16 14:22:34,47750.0,400,Sell,232486777
2024-08-16 14:22:35,47800.0,200,Buy,232486816
2024-08-16 14:22:48,47800.0,1700,Buy,232487254
2024-08-16 14:22:50,47750.0,1000,Sell,232487310
2024-08-16 14:22:55,47800.0,200,Buy,232487488
2024-08-16 14:23:02,47800.0,1000,Buy,232487732
2024-08-16 14:23:02,47800.0,2000,Buy,232487731
2024-08-16 14:23:02,47800.0,1000,Buy,232487730
2024-08-16 14:23:02,47800.0,1000,Buy,232487729
2024-08-16 14:23:02,47800.0,1000,Buy,232487728
2024-08-16 14:23:02,47800.0,100,Buy,232487727
2024-08-16 14:23:02,47800.0,100,Buy,232487726
2024-08-16 14:23:02,47800.0,1000,Buy,232487725
2024-08-16 14:23:02,47800.0,100,Buy,232487724
2024-08-16 14:23:02,47800.0,200,Buy,232487723
2024-08-16 14:23:02,47800.0,200,Buy,232487711
2024-08-16 14:23:02,47800.0,500,Buy,232487710
2024-08-16 14:23:02,47800.0,500,Buy,232487733
2024-08-16 14:23:02,47800.0,1000,Buy,232487707
2024-08-16 14:23:02,47800.0,200,Buy,232487706
2024-08-16 14:23:02,47800.0,2400,Buy,232487705
2024-08-16 14:23:02,47800.0,100,Buy,232487704
2024-08-16 14:23:02,47800.0,2000,Buy,232487703
2024-08-16 14:23:02,47800.0,200,Buy,232487702
2024-08-16 14:23:02,47800.0,2000,Buy,232487701
2024-08-16 14:23:02,47800.0,100,Buy,232487700
2024-08-16 14:23:02,47800.0,500,Buy,232487699
2024-08-16 14:23:02,47800.0,1000,Buy,232487698
2024-08-16 14:23:02,47800.0,1500,Buy,232487697
2024-08-16 14:23:02,47800.0,200,Buy,232487708
2024-08-16 14:23:02,47800.0,100,Buy,232487709
2024-08-16 14:23:07,47800.0,500,Buy,232487901
2024-08-16 14:23:07,47800.0,100,Buy,232487899
2024-08-16 14:23:10,47800.0,1000,Buy,232487976
2024-08-16 14:23:10,47800.0,2400,Buy,232487977
2024-08-16 14:23:10,47800.0,100,Buy,232487978
2024-08-16 14:23:10,47800.0,100,Buy,232487979
2024-08-16 14:23:10,47800.0,300,Buy,232487980
2024-08-16 14:23:10,47800.0,200,Buy,232487981
2024-08-16 14:23:10,47800.0,1000,Buy,232487982
2024-08-16 14:23:10,47800.0,900,Buy,232487983
2024-08-16 14:23:15,47800.0,100,Buy,232488170
2024-08-16 14:23:26,47800.0,100,Sell,232488541
2024-08-16 14:23:34,47800.0,1000,Sell,232488770
2024-08-16 14:23:46,47850.0,100,Buy,232489330
2024-08-16 14:23:56,47800.0,900,Sell,232489636
2024-08-16 14:23:56,47800.0,100,Sell,232489637
2024-08-16 14:23:59,47800.0,900,Sell,232489757
2024-08-16 14:23:59,47800.0,100,Sell,232489756
2024-08-16 14:24:10,47850.0,400,Buy,232490167
2024-08-16 14:24:10,47850.0,100,Buy,232490168
2024-08-16 14:24:10,47850.0,100,Buy,232490169
2024-08-16 14:24:10,47850.0,200,Buy,232490170
2024-08-16 14:24:10,47850.0,100,Buy,232490171
2024-08-16 14:24:10,47850.0,100,Buy,232490172
2024-08-16 14:24:10,47850.0,700,Buy,232490173
2024-08-16 14:24:10,47850.0,100,Buy,232490174
2024-08-16 14:24:10,47850.0,700,Buy,232490175
2024-08-16 14:24:11,47800.0,2000,Sell,232490242
2024-08-16 14:24:11,47850.0,100,Buy,232490245
2024-08-16 14:24:14,47850.0,500,Buy,232490357
2024-08-16 14:24:17,47850.0,3700,Buy,232490448
2024-08-16 14:24:17,47850.0,1300,Buy,232490449
2024-08-16 14:24:20,47850.0,1000,Buy,232490533
2024-08-16 14:24:20,47850.0,8700,Buy,232490530
2024-08-16 14:24:20,47850.0,200,Buy,232490531
2024-08-16 14:24:20,47850.0,100,Buy,232490532
2024-08-16 14:24:25,47850.0,1000,Buy,232490736
2024-08-16 14:24:25,47850.0,100,Buy,232490737
2024-08-16 14:24:25,47850.0,1000,Buy,232490738
2024-08-16 14:24:25,47850.0,100,Buy,232490739
2024-08-16 14:24:32,47850.0,1000,Sell,232490948
2024-08-16 14:24:45,47900.0,3600,Buy,232491399
2024-08-16 14:24:45,47900.0,2000,Buy,232491398
2024-08-16 14:24:45,47900.0,100,Buy,232491397
2024-08-16 14:24:45,47900.0,700,Buy,232491396
2024-08-16 14:24:45,47900.0,100,Buy,232491395
2024-08-16 14:24:51,47900.0,100,Buy,232491619
2024-08-16 14:24:52,47900.0,300,Buy,232491642
2024-08-16 14:24:52,47900.0,100,Buy,232491641
2024-08-16 14:24:52,47900.0,1000,Buy,232491640
2024-08-16 14:24:52,47900.0,1000,Buy,232491639
2024-08-16 14:24:52,47900.0,1000,Buy,232491635
2024-08-16 14:24:52,47900.0,100,Buy,232491637
2024-08-16 14:24:52,47900.0,100,Buy,232491636
2024-08-16 14:24:52,47900.0,1300,Buy,232491634
2024-08-16 14:24:52,47900.0,100,Buy,232491638
2024-08-16 14:25:11,47900.0,200,Buy,232492304
2024-08-16 14:25:11,47900.0,300,Buy,232492305
2024-08-16 14:25:16,47850.0,1000,Sell,232492546
2024-08-16 14:25:22,47900.0,1000,Buy,232492794
2024-08-16 14:25:22,47900.0,100,Buy,232492793
2024-08-16 14:25:22,47900.0,100,Buy,232492792
2024-08-16 14:25:22,47900.0,100,Buy,232492789
2024-08-16 14:25:22,47900.0,500,Buy,232492790
2024-08-16 14:25:22,47900.0,600,Buy,232492791
2024-08-16 14:25:22,47900.0,1700,Buy,232492788
2024-08-16 14:25:29,47850.0,800,Sell,232493030
2024-08-16 14:25:29,47850.0,200,Sell,232493031
2024-08-16 14:25:35,47900.0,100,Buy,232493267
2024-08-16 14:25:35,47900.0,500,Buy,232493268
2024-08-16 14:25:36,47900.0,500,Buy,232493327
2024-08-16 14:25:36,47900.0,200,Buy,232493328
2024-08-16 14:25:36,47900.0,100,Buy,232493329
2024-08-16 14:25:36,47850.0,500,Sell,232493358
2024-08-16 14:25:37,47900.0,900,Buy,232493423
2024-08-16 14:25:37,47900.0,200,Buy,232493424
2024-08-16 14:25:37,47900.0,1000,Buy,232493425
2024-08-16 14:25:39,47900.0,500,Sell,232493501
2024-08-16 14:25:43,47900.0,500,Sell,232493658
2024-08-16 14:25:46,47900.0,6900,Sell,232493800
2024-08-16 14:25:47,47900.0,100,Sell,232493859
2024-08-16 14:25:50,47900.0,500,Buy,232493980
2024-08-16 14:25:51,47900.0,1000,Sell,232494020
2024-08-16 14:25:58,47950.0,100,Buy,232494225
2024-08-16 14:26:13,47950.0,900,Buy,232494831
2024-08-16 14:26:13,47950.0,400,Buy,232494832
2024-08-16 14:26:13,47950.0,100,Buy,232494833
2024-08-16 14:26:13,47950.0,300,Buy,232494834
2024-08-16 14:26:13,47950.0,300,Buy,232494835
2024-08-16 14:26:13,47950.0,10000,Buy,232494836
2024-08-16 14:26:13,47950.0,200,Buy,232494837
2024-08-16 14:26:13,47950.0,4000,Buy,232494838
2024-08-16 14:26:13,47950.0,100,Buy,232494839
2024-08-16 14:26:13,47950.0,1700,Buy,232494840
2024-08-16 14:26:16,47950.0,1200,Buy,232494928
2024-08-16 14:26:16,47950.0,100,Buy,232494927
2024-08-16 14:26:16,47950.0,500,Buy,232494924
2024-08-16 14:26:16,47950.0,500,Buy,232494925
2024-08-16 14:26:16,47950.0,5000,Buy,232494926
2024-08-16 14:26:16,47950.0,2700,Buy,232494923
2024-08-16 14:26:17,47950.0,100,Buy,232494980
2024-08-16 14:26:17,47950.0,800,Buy,232494979
2024-08-16 14:26:19,47950.0,100,Buy,232495035
2024-08-16 14:26:19,47900.0,1000,Sell,232495043
2024-08-16 14:26:27,47950.0,200,Buy,232495418
2024-08-16 14:26:27,47950.0,1000,Buy,232495419
2024-08-16 14:26:27,47950.0,200,Buy,232495420
2024-08-16 14:26:27,47950.0,1000,Buy,232495421
2024-08-16 14:26:27,47950.0,600,Buy,232495422
2024-08-16 14:26:29,47950.0,1000,Sell,232495470
2024-08-16 14:26:31,47950.0,100,Sell,232495540
2024-08-16 14:26:38,48000.0,400,Buy,232495812
2024-08-16 14:26:38,48000.0,100,Buy,232495811
2024-08-16 14:27:00,47950.0,1000,Sell,232496678
2024-08-16 14:27:03,47950.0,500,Sell,232496862
2024-08-16 14:27:03,47950.0,200,Sell,232496867
2024-08-16 14:27:09,47950.0,500,Sell,232497109
2024-08-16 14:27:11,48000.0,100,Buy,232497171
2024-08-16 14:27:11,48000.0,300,Buy,232497172
2024-08-16 14:27:21,48000.0,2200,Buy,232497624
2024-08-16 14:27:21,48000.0,2000,Buy,232497623
2024-08-16 14:27:21,48000.0,1000,Buy,232497622
2024-08-16 14:27:21,48000.0,200,Buy,232497621
2024-08-16 14:27:21,48000.0,5000,Buy,232497620
2024-08-16 14:27:21,48000.0,100,Buy,232497618
2024-08-16 14:27:21,48000.0,200,Buy,232497617
2024-08-16 14:27:21,48000.0,100,Buy,232497616
2024-08-16 14:27:21,48000.0,2700,Buy,232497615
2024-08-16 14:27:21,48000.0,300,Buy,232497619
2024-08-16 14:27:23,48000.0,100,Buy,232497705
2024-08-16 14:27:23,48000.0,100,Buy,232497704
2024-08-16 14:27:23,48000.0,500,Buy,232497703
2024-08-16 14:27:23,48000.0,100,Buy,232497702
2024-08-16 14:27:23,48000.0,1000,Buy,232497700
2024-08-16 14:27:23,48000.0,100,Buy,232497699
2024-08-16 14:27:23,48000.0,200,Buy,232497698
2024-08-16 14:27:23,48000.0,7800,Buy,232497697
2024-08-16 14:27:23,48000.0,100,Buy,232497701
2024-08-16 14:27:31,48000.0,2000,Buy,232498062
2024-08-16 14:27:31,48000.0,700,Buy,232498066
2024-08-16 14:27:31,48000.0,1000,Buy,232498065
2024-08-16 14:27:31,48000.0,2000,Buy,232498064
2024-08-16 14:27:31,48000.0,1000,Buy,232498063
2024-08-16 14:27:31,48000.0,200,Buy,232498061
2024-08-16 14:27:31,48000.0,100,Buy,232498032
2024-08-16 14:27:31,48000.0,1900,Buy,232498033
2024-08-16 14:27:31,48000.0,100,Buy,232498060
2024-08-16 14:27:31,48000.0,500,Buy,232498028
2024-08-16 14:27:31,48000.0,100,Buy,232498029
2024-08-16 14:27:31,48000.0,200,Buy,232498027
2024-08-16 14:27:31,48000.0,100,Buy,232498031
2024-08-16 14:27:31,48000.0,100,Buy,232498030
2024-08-16 14:27:33,48000.0,200,Buy,232498193
2024-08-16 14:27:33,48000.0,2800,Buy,232498181
2024-08-16 14:27:33,48000.0,100,Buy,232498173
2024-08-16 14:27:33,48000.0,200,Buy,232498180
2024-08-16 14:27:33,48000.0,500,Buy,232498179
2024-08-16 14:27:33,48000.0,100,Buy,232498178
2024-08-16 14:27:33,48000.0,100,Buy,232498177
2024-08-16 14:27:33,48000.0,100,Buy,232498176
2024-08-16 14:27:33,48000.0,800,Buy,232498175
2024-08-16 14:27:33,48000.0,500,Buy,232498174
2024-08-16 14:27:33,48000.0,100,Buy,232498172
2024-08-16 14:27:33,48000.0,300,Buy,232498160
2024-08-16 14:27:33,48000.0,300,Buy,232498169
2024-08-16 14:27:33,48000.0,1300,Buy,232498158
2024-08-16 14:27:33,48000.0,100,Buy,232498171
2024-08-16 14:27:33,48000.0,200,Buy,232498161
2024-08-16 14:27:33,48000.0,1000,Buy,232498162
2024-08-16 14:27:33,48000.0,300,Buy,232498163
2024-08-16 14:27:33,48000.0,100,Buy,232498159
2024-08-16 14:27:33,48000.0,200,Buy,232498165
2024-08-16 14:27:33,48000.0,500,Buy,232498166
2024-08-16 14:27:33,48000.0,200,Buy,232498167
2024-08-16 14:27:33,48000.0,100,Buy,232498168
2024-08-16 14:27:33,48000.0,100,Buy,232498164
2024-08-16 14:27:40,48000.0,500,Buy,232498489
2024-08-16 14:27:41,47950.0,3700,Sell,232498511
2024-08-16 14:27:41,47950.0,500,Sell,232498512
2024-08-16 14:27:41,47950.0,800,Sell,232498513
2024-08-16 14:27:43,48000.0,2000,Buy,232498609
2024-08-16 14:27:50,48000.0,100,Buy,232498815
2024-08-16 14:27:52,48000.0,5000,Buy,232498902
2024-08-16 14:27:55,48000.0,200,Buy,232498977
2024-08-16 14:27:56,48000.0,400,Buy,232499019
2024-08-16 14:28:00,48000.0,500,Buy,232499214
2024-08-16 14:28:00,48000.0,4400,Buy,232499237
2024-08-16 14:28:00,48000.0,1100,Buy,232499236
2024-08-16 14:28:00,48000.0,1000,Buy,232499235
2024-08-16 14:28:00,48000.0,1000,Buy,232499234
2024-08-16 14:28:00,48000.0,1100,Buy,232499233
2024-08-16 14:28:00,48000.0,1000,Buy,232499232
2024-08-16 14:28:00,48000.0,500,Buy,232499231
2024-08-16 14:28:00,48000.0,100,Buy,232499230
2024-08-16 14:28:00,48000.0,1000,Buy,232499229
2024-08-16 14:28:00,48000.0,100,Buy,232499228
2024-08-16 14:28:00,48000.0,100,Buy,232499227
2024-08-16 14:28:00,48000.0,300,Buy,232499226
2024-08-16 14:28:00,48000.0,3000,Buy,232499225
2024-08-16 14:28:00,48000.0,1600,Buy,232499224
2024-08-16 14:28:00,48000.0,500,Buy,232499223
2024-08-16 14:28:00,48000.0,2000,Buy,232499222
2024-08-16 14:28:00,48000.0,600,Buy,232499221
2024-08-16 14:28:00,48000.0,1100,Buy,232499220
2024-08-16 14:28:00,48000.0,100,Buy,232499219
2024-08-16 14:28:00,48000.0,1500,Buy,232499218
2024-08-16 14:28:00,48000.0,1500,Buy,232499217
2024-08-16 14:28:00,48000.0,800,Buy,232499216
2024-08-16 14:28:00,48000.0,100,Buy,232499215
2024-08-16 14:28:00,48000.0,3800,Buy,232499213
2024-08-16 14:28:01,48000.0,2400,Buy,232499310
2024-08-16 14:28:01,47950.0,100,Sell,232499318
2024-08-16 14:28:01,48000.0,6600,Buy,232499308
2024-08-16 14:28:01,48000.0,1000,Buy,232499309
2024-08-16 14:28:02,47950.0,2100,Sell,232499333
2024-08-16 14:28:02,47950.0,400,Sell,232499334
2024-08-16 14:28:03,48000.0,1500,Buy,232499390
2024-08-16 14:28:06,47950.0,100,Sell,232499664
2024-08-16 14:28:07,47950.0,100,Sell,232499682
2024-08-16 14:28:11,47950.0,400,Sell,232499938
2024-08-16 14:28:12,47950.0,600,Sell,232499969
2024-08-16 14:28:12,48000.0,300,Buy,232499981
2024-08-16 14:28:12,47950.0,100,Sell,232499989
2024-08-16 14:28:19,47950.0,100,Sell,232500239
2024-08-16 14:28:25,47950.0,100,Sell,232500518
2024-08-16 14:28:25,47950.0,100,Sell,232500512
2024-08-16 14:28:32,47950.0,100,Sell,232500889
2024-08-16 14:28:41,47950.0,100,Sell,232501279
2024-08-16 14:28:47,48000.0,700,Buy,232501539
2024-08-16 14:28:48,48000.0,500,Buy,232501579
2024-08-16 14:28:52,47950.0,500,Sell,232501776
2024-08-16 14:28:56,47950.0,100,Sell,232502032
2024-08-16 14:28:58,48000.0,100,Buy,232502124
2024-08-16 14:28:59,48000.0,500,Buy,232502170
2024-08-16 14:29:07,47950.0,2000,Sell,232502576
2024-08-16 14:29:07,48000.0,200,Buy,232502577
2024-08-16 14:29:13,48000.0,400,Buy,232502985
2024-08-16 14:29:13,48000.0,200,Buy,232502983
2024-08-16 14:29:13,48000.0,4300,Buy,232502987
2024-08-16 14:29:13,48000.0,100,Buy,232502986
2024-08-16 14:29:13,48000.0,1500,Buy,232502982
2024-08-16 14:29:13,48000.0,100,Buy,232502984
2024-08-16 14:29:13,48000.0,100,Buy,232502980
2024-08-16 14:29:13,48000.0,400,Buy,232502979
2024-08-16 14:29:13,48000.0,200,Buy,232502978
2024-08-16 14:29:13,48000.0,1000,Buy,232502977
2024-08-16 14:29:13,48000.0,2700,Buy,232502976
2024-08-16 14:29:13,47950.0,1000,Sell,232502969
2024-08-16 14:29:13,48000.0,4000,Buy,232502981
2024-08-16 14:29:19,47950.0,3000,Sell,232503507
2024-08-16 14:29:20,48000.0,3000,Buy,232503547
2024-08-16 14:29:23,48000.0,500,Buy,232503747
2024-08-16 14:29:23,48000.0,200,Buy,232503748
2024-08-16 14:29:23,48000.0,5000,Buy,232503749
2024-08-16 14:29:23,48000.0,200,Buy,232503751
2024-08-16 14:29:23,48000.0,200,Buy,232503752
2024-08-16 14:29:23,48000.0,100,Buy,232503753
2024-08-16 14:29:23,48000.0,5500,Buy,232503757
2024-08-16 14:29:23,48000.0,1000,Buy,232503755
2024-08-16 14:29:23,48000.0,100,Buy,232503756
2024-08-16 14:29:23,48000.0,100,Buy,232503746
2024-08-16 14:29:23,48000.0,1900,Buy,232503758
2024-08-16 14:29:23,48000.0,100,Buy,232503759
2024-08-16 14:29:23,48000.0,3800,Buy,232503760
2024-08-16 14:29:23,48000.0,10000,Buy,232503754
2024-08-16 14:29:23,48000.0,100,Buy,232503745
2024-08-16 14:29:23,48000.0,100,Buy,232503750
2024-08-16 14:29:23,48000.0,200,Buy,232503743
2024-08-16 14:29:23,48000.0,400,Buy,232503744
2024-08-16 14:29:23,48000.0,300,Buy,232503719
2024-08-16 14:29:23,48000.0,2400,Buy,232503729
2024-08-16 14:29:23,48000.0,6000,Buy,232503730
2024-08-16 14:29:23,48000.0,3000,Buy,232503731
2024-08-16 14:29:23,48000.0,200,Buy,232503733
2024-08-16 14:29:23,48000.0,100,Buy,232503734
2024-08-16 14:29:23,48000.0,200,Buy,232503732
2024-08-16 14:29:23,48000.0,2000,Buy,232503736
2024-08-16 14:29:23,48000.0,100,Buy,232503737
2024-08-16 14:29:23,48000.0,300,Buy,232503738
2024-08-16 14:29:23,48000.0,500,Buy,232503739
2024-08-16 14:29:23,48000.0,1000,Buy,232503740
2024-08-16 14:29:23,48000.0,4200,Buy,232503741
2024-08-16 14:29:23,48000.0,100,Buy,232503742
2024-08-16 14:29:23,48000.0,400,Buy,232503735
2024-08-16 14:29:25,48000.0,200,Buy,232503869
2024-08-16 14:29:25,48050.0,100,Buy,232503873
2024-08-16 14:29:25,48000.0,1000,Buy,232503872
2024-08-16 14:29:25,48000.0,100,Buy,232503871
2024-08-16 14:29:25,48000.0,500,Buy,232503870
2024-08-16 14:29:25,48000.0,900,Buy,232503868
2024-08-16 14:29:25,48000.0,100,Buy,232503862
2024-08-16 14:29:25,48000.0,900,Buy,232503866
2024-08-16 14:29:25,48000.0,300,Buy,232503865
2024-08-16 14:29:25,48000.0,200,Buy,232503864
2024-08-16 14:29:25,48000.0,100,Buy,232503863
2024-08-16 14:29:25,48000.0,200,Buy,232503861
2024-08-16 14:29:25,48000.0,200,Buy,232503860
2024-08-16 14:29:25,48000.0,200,Buy,232503867
2024-08-16 14:29:30,48000.0,500,Sell,232504130
2024-08-16 14:29:30,47950.0,1000,Sell,232504131
2024-08-16 14:29:30,47950.0,100,Sell,232504132
2024-08-16 14:29:30,47950.0,400,Sell,232504133
2024-08-16 14:29:33,48000.0,300,Sell,232504240
2024-08-16 14:44:36,47500.0,386600,ATO/ATC,232505449
