time,price,volume,match_type,id
2024-07-26 09:14:38,46300.0,3800,ATO/ATC,226562346
2024-07-26 09:17:35,46300.0,100,Buy,226565321
2024-07-26 09:18:08,46200.0,100,Sell,226565879
2024-07-26 09:19:26,46200.0,200,Sell,226567370
2024-07-26 09:19:26,46200.0,100,Sell,226567371
2024-07-26 09:22:05,46150.0,100,Buy,226570123
2024-07-26 09:22:46,46100.0,1000,Sell,226570880
2024-07-26 09:23:16,46000.0,100,Sell,226571431
2024-07-26 09:23:16,46000.0,100,Sell,226571432
2024-07-26 09:23:46,46100.0,100,Buy,226571990
2024-07-26 09:24:47,46100.0,100,Buy,226573162
2024-07-26 09:26:49,46100.0,800,Buy,226575355
2024-07-26 09:26:49,46100.0,300,Buy,226575356
2024-07-26 09:27:18,46100.0,100,Buy,226575884
2024-07-26 09:27:18,46100.0,400,Buy,226575885
2024-07-26 09:27:18,46100.0,200,Buy,226575886
2024-07-26 09:27:18,46100.0,200,Buy,226575887
2024-07-26 09:27:18,46100.0,100,Buy,226575888
2024-07-26 09:28:31,46000.0,200,Sell,226577288
2024-07-26 09:28:31,46000.0,100,Sell,226577287
2024-07-26 09:28:31,46000.0,100,Sell,226577286
2024-07-26 09:28:31,46000.0,20000,Sell,226577285
2024-07-26 09:28:31,46000.0,100,Sell,226577284
2024-07-26 09:28:31,46000.0,200,Sell,226577283
2024-07-26 09:28:31,46000.0,200,Sell,226577282
2024-07-26 09:28:31,46000.0,600,Sell,226577280
2024-07-26 09:28:31,46000.0,300,Sell,226577279
2024-07-26 09:28:31,46000.0,500,Sell,226577278
2024-07-26 09:28:31,46000.0,100,Sell,226577277
2024-07-26 09:28:31,46000.0,1400,Sell,226577276
2024-07-26 09:28:31,46000.0,500,Sell,226577281
2024-07-26 09:28:33,46000.0,700,Buy,226577311
2024-07-26 09:29:32,46000.0,200,Buy,226578374
2024-07-26 09:29:32,46000.0,600,Buy,226578375
2024-07-26 09:29:48,46000.0,200,Sell,226578702
2024-07-26 09:30:13,46000.0,2000,Sell,226579217
2024-07-26 09:30:16,46000.0,400,Buy,226579277
2024-07-26 09:33:09,46000.0,100,Sell,226582969
2024-07-26 09:33:16,46000.0,900,Sell,226583073
2024-07-26 09:33:16,46000.0,1100,Sell,226583074
2024-07-26 09:33:20,46050.0,500,Buy,226583165
2024-07-26 09:33:21,46050.0,100,Sell,226583189
2024-07-26 09:33:46,46050.0,200,Sell,226583642
2024-07-26 09:34:22,46100.0,100,Buy,226584279
2024-07-26 09:34:22,46100.0,200,Buy,226584280
2024-07-26 09:34:22,46100.0,400,Buy,226584281
2024-07-26 09:34:22,46100.0,400,Buy,226584282
2024-07-26 09:34:22,46100.0,200,Buy,226584283
2024-07-26 09:34:22,46100.0,400,Buy,226584284
2024-07-26 09:34:22,46100.0,600,Buy,226584285
2024-07-26 09:34:22,46050.0,500,Sell,226584269
2024-07-26 09:37:59,46100.0,1200,Buy,226588119
2024-07-26 09:37:59,46100.0,400,Buy,226588120
2024-07-26 09:37:59,46100.0,400,Buy,226588121
2024-07-26 09:37:59,46100.0,500,Buy,226588122
2024-07-26 09:37:59,46100.0,200,Buy,226588123
2024-07-26 09:37:59,46100.0,300,Buy,226588124
2024-07-26 09:38:56,46050.0,100,Sell,226588945
2024-07-26 09:38:56,46050.0,400,Sell,226588944
2024-07-26 09:38:56,46050.0,1700,Sell,226588938
2024-07-26 09:38:56,46050.0,400,Sell,226588943
2024-07-26 09:39:59,46000.0,8900,Sell,226589866
2024-07-26 09:39:59,46000.0,1000,Sell,226589867
2024-07-26 09:39:59,46000.0,100,Sell,226589868
2024-07-26 09:39:59,46000.0,7700,Sell,226589869
2024-07-26 09:40:23,46000.0,2600,Sell,226590224
2024-07-26 09:40:23,46000.0,2300,Sell,226590222
2024-07-26 09:40:23,46000.0,100,Sell,226590223
2024-07-26 09:41:19,46000.0,100,Sell,226591232
2024-07-26 09:41:40,46000.0,2300,Sell,226591553
2024-07-26 09:41:40,46000.0,700,Sell,226591554
2024-07-26 09:41:40,46000.0,100,Sell,226591555
2024-07-26 09:41:40,46000.0,1000,Sell,226591556
2024-07-26 09:41:40,46000.0,200,Sell,226591557
2024-07-26 09:41:40,46000.0,400,Sell,226591558
2024-07-26 09:41:40,46000.0,300,Sell,226591559
2024-07-26 09:42:05,46000.0,4700,Sell,226591929
2024-07-26 09:42:05,46000.0,300,Sell,226591930
2024-07-26 09:42:40,46000.0,100,Sell,226592407
2024-07-26 09:42:40,46000.0,100,Sell,226592405
2024-07-26 09:42:40,46000.0,200,Sell,226592406
2024-07-26 09:43:06,46000.0,1000,Sell,226592809
2024-07-26 09:43:24,46000.0,800,Sell,226593072
2024-07-26 09:43:32,46000.0,1000,Sell,226593205
2024-07-26 09:44:25,46000.0,100,Sell,226593987
2024-07-26 09:44:25,45950.0,1900,Sell,226593988
2024-07-26 09:45:45,45950.0,8100,Sell,226595241
2024-07-26 09:45:45,45950.0,300,Sell,226595242
2024-07-26 09:45:45,45950.0,400,Sell,226595243
2024-07-26 09:46:41,45950.0,2000,Sell,226596037
2024-07-26 09:46:49,46000.0,100,Buy,226596215
2024-07-26 09:47:12,46000.0,100,Buy,226596616
2024-07-26 09:47:21,45950.0,200,Sell,226596741
2024-07-26 09:47:30,45950.0,100,Sell,226596947
2024-07-26 09:47:58,46000.0,400,Buy,226597411
2024-07-26 09:49:03,46000.0,1600,Sell,226598412
2024-07-26 09:49:03,46000.0,1000,Sell,226598413
2024-07-26 09:49:30,46000.0,1000,Sell,226598956
2024-07-26 09:49:54,46000.0,8000,Sell,226599423
2024-07-26 09:50:32,46000.0,200,Sell,226600099
2024-07-26 09:50:32,46000.0,1000,Sell,226600100
2024-07-26 09:50:32,46000.0,100,Sell,226600101
2024-07-26 09:50:32,46000.0,500,Sell,226600102
2024-07-26 09:50:32,46000.0,200,Sell,226600103
2024-07-26 09:50:41,45950.0,100,Sell,226600300
2024-07-26 09:51:16,45950.0,1000,Sell,226600910
2024-07-26 09:51:29,46000.0,1000,Buy,226601127
2024-07-26 09:51:32,46000.0,200,Buy,226601200
2024-07-26 09:51:46,46000.0,1800,Buy,226601457
2024-07-26 09:51:50,46000.0,2000,Sell,226601540
2024-07-26 09:52:21,46000.0,1000,Sell,226602048
2024-07-26 09:52:31,46000.0,100,Sell,226602195
2024-07-26 09:52:31,46000.0,200,Sell,226602194
2024-07-26 09:52:47,46000.0,100,Sell,226602583
2024-07-26 09:52:47,45950.0,400,Sell,226602602
2024-07-26 09:52:47,45950.0,100,Sell,226602601
2024-07-26 09:52:47,45950.0,100,Sell,226602600
2024-07-26 09:52:47,45950.0,100,Sell,226602591
2024-07-26 09:52:47,45950.0,800,Sell,226602590
2024-07-26 09:52:47,45950.0,1500,Sell,226602592
2024-07-26 09:52:47,45950.0,300,Sell,226602588
2024-07-26 09:52:47,45950.0,200,Sell,226602587
2024-07-26 09:52:47,45950.0,200,Sell,226602586
2024-07-26 09:52:47,45950.0,16200,Sell,226602585
2024-07-26 09:52:47,46000.0,500,Sell,226602584
2024-07-26 09:52:47,45950.0,100,Sell,226602589
2024-07-26 09:52:57,45900.0,100,Sell,226602798
2024-07-26 09:52:57,45900.0,900,Sell,226602799
2024-07-26 09:53:45,45900.0,1000,Sell,226603912
2024-07-26 09:53:55,45950.0,500,Buy,226604051
2024-07-26 09:53:59,45900.0,9700,Sell,226604196
2024-07-26 09:53:59,45900.0,3100,Sell,226604194
2024-07-26 09:53:59,45900.0,1000,Sell,226604195
2024-07-26 09:54:44,45950.0,100,Buy,226605023
2024-07-26 09:55:59,45950.0,300,Buy,226606479
2024-07-26 09:56:16,45950.0,100,Buy,226606832
2024-07-26 09:56:17,45950.0,300,Buy,226606856
2024-07-26 09:56:33,45900.0,300,Sell,226607101
2024-07-26 09:56:33,45900.0,2000,Sell,226607102
2024-07-26 09:56:33,45900.0,7700,Sell,226607103
2024-07-26 09:56:59,45900.0,200,Sell,226607553
2024-07-26 09:56:59,45900.0,100,Sell,226607552
2024-07-26 09:56:59,45900.0,300,Sell,226607551
2024-07-26 09:56:59,45900.0,1000,Sell,226607549
2024-07-26 09:56:59,45900.0,300,Sell,226607548
2024-07-26 09:56:59,45900.0,500,Sell,226607547
2024-07-26 09:56:59,45900.0,100,Sell,226607546
2024-07-26 09:56:59,45900.0,200,Sell,226607543
2024-07-26 09:56:59,45900.0,100,Sell,226607544
2024-07-26 09:56:59,45900.0,100,Sell,226607545
2024-07-26 09:56:59,45900.0,2300,Sell,226607538
2024-07-26 09:56:59,45900.0,500,Sell,226607539
2024-07-26 09:56:59,45900.0,100,Sell,226607542
2024-07-26 09:56:59,45900.0,200,Sell,226607541
2024-07-26 09:56:59,45900.0,200,Sell,226607540
2024-07-26 09:57:03,45900.0,100,Buy,226607635
2024-07-26 09:57:06,45900.0,1000,Buy,226607673
2024-07-26 09:57:09,45850.0,100,Sell,226607720
2024-07-26 09:57:13,45900.0,100,Buy,226607794
2024-07-26 09:57:30,45900.0,400,Buy,226608113
2024-07-26 09:57:58,45900.0,100,Buy,226608711
2024-07-26 09:57:59,45850.0,900,Sell,226608726
2024-07-26 09:57:59,45850.0,1000,Sell,226608727
2024-07-26 09:57:59,45850.0,1000,Sell,226608728
2024-07-26 09:57:59,45850.0,100,Sell,226608729
2024-07-26 09:57:59,45850.0,100,Sell,226608730
2024-07-26 09:57:59,45850.0,400,Sell,226608731
2024-07-26 09:58:00,45900.0,1000,Buy,226608741
2024-07-26 09:58:07,45900.0,3000,Buy,226608860
2024-07-26 09:58:17,45900.0,100,Buy,226608994
2024-07-26 09:59:08,45900.0,3000,Sell,226609839
2024-07-26 09:59:26,45950.0,100,Buy,226610051
2024-07-26 09:59:50,45950.0,100,Buy,226610476
2024-07-26 09:59:51,45950.0,10000,Buy,226610518
2024-07-26 10:00:04,45950.0,2400,Buy,226610730
2024-07-26 10:00:04,45950.0,2000,Buy,226610731
2024-07-26 10:00:04,45950.0,400,Buy,226610732
2024-07-26 10:00:04,45950.0,1300,Buy,226610733
2024-07-26 10:00:04,45950.0,400,Buy,226610734
2024-07-26 10:00:04,45950.0,400,Buy,226610735
2024-07-26 10:00:04,45950.0,400,Buy,226610736
2024-07-26 10:02:03,45900.0,400,Sell,226612656
2024-07-26 10:02:26,45900.0,100,Sell,226613023
2024-07-26 10:02:57,45900.0,100,Sell,226613655
2024-07-26 10:05:00,45900.0,200,Sell,226615512
2024-07-26 10:06:08,45900.0,200,Sell,226616567
2024-07-26 10:06:08,45900.0,100,Sell,226616566
2024-07-26 10:08:08,45900.0,300,Sell,226618178
2024-07-26 10:08:08,45900.0,100,Sell,226618179
2024-07-26 10:08:33,45900.0,400,Sell,226618592
2024-07-26 10:10:57,45950.0,200,Sell,226620866
2024-07-26 10:10:57,45950.0,200,Sell,226620867
2024-07-26 10:10:57,45950.0,600,Sell,226620868
2024-07-26 10:15:00,45950.0,200,Sell,226625150
2024-07-26 10:15:25,46000.0,200,Buy,226625557
2024-07-26 10:17:26,46000.0,1000,Buy,226627477
2024-07-26 10:17:32,46000.0,1000,Buy,226627552
2024-07-26 10:17:56,46000.0,200,Buy,226627793
2024-07-26 10:17:59,46000.0,300,Buy,226627815
2024-07-26 10:19:02,46000.0,1000,Buy,226628664
2024-07-26 10:19:28,46000.0,1000,Buy,226628996
2024-07-26 10:19:54,46000.0,400,Buy,226629315
2024-07-26 10:19:54,46000.0,100,Buy,226629316
2024-07-26 10:19:54,46000.0,700,Buy,226629317
2024-07-26 10:19:54,46000.0,300,Buy,226629314
2024-07-26 10:20:20,46000.0,800,Buy,226629805
2024-07-26 10:20:37,46000.0,800,Buy,226630040
2024-07-26 10:20:53,46000.0,100,Buy,226630333
2024-07-26 10:22:25,46000.0,400,Buy,226631749
2024-07-26 10:23:44,46000.0,1000,Buy,226632935
2024-07-26 10:24:59,46000.0,1200,Buy,226634069
2024-07-26 10:25:00,46000.0,100,Buy,226634091
2024-07-26 10:25:00,46000.0,1300,Buy,226634093
2024-07-26 10:25:00,46000.0,1900,Buy,226634090
2024-07-26 10:25:00,46000.0,2000,Buy,226634092
2024-07-26 10:25:00,46000.0,400,Buy,226634088
2024-07-26 10:25:00,46000.0,2500,Buy,226634089
2024-07-26 10:25:00,46000.0,200,Buy,226634087
2024-07-26 10:25:00,46000.0,400,Buy,226634086
2024-07-26 10:25:01,45950.0,2500,Sell,226634120
2024-07-26 10:25:01,45950.0,100,Sell,226634118
2024-07-26 10:25:01,45950.0,300,Sell,226634117
2024-07-26 10:25:01,45950.0,300,Sell,226634119
2024-07-26 10:25:08,46000.0,300,Buy,226634212
2024-07-26 10:26:39,46000.0,100,Buy,226635588
2024-07-26 10:26:39,46000.0,400,Buy,226635589
2024-07-26 10:27:00,46000.0,500,Buy,226635889
2024-07-26 10:27:23,46000.0,500,Buy,226636152
2024-07-26 10:27:42,46000.0,500,Buy,226636439
2024-07-26 10:28:03,46000.0,100,Buy,226636634
2024-07-26 10:28:03,46000.0,400,Buy,226636635
2024-07-26 10:28:23,46000.0,100,Buy,226637021
2024-07-26 10:28:23,46000.0,400,Buy,226637022
2024-07-26 10:28:28,46000.0,2000,Buy,226637094
2024-07-26 10:28:28,46000.0,2000,Buy,226637096
2024-07-26 10:28:28,46000.0,1600,Buy,226637092
2024-07-26 10:28:28,46000.0,200,Buy,226637093
2024-07-26 10:28:28,46000.0,400,Buy,226637095
2024-07-26 10:28:44,46050.0,500,Buy,226637298
2024-07-26 10:29:05,46050.0,500,Buy,226637587
2024-07-26 10:29:26,46050.0,500,Buy,226637936
2024-07-26 10:29:47,46050.0,500,Buy,226638228
2024-07-26 10:30:01,46050.0,2400,Buy,226638389
2024-07-26 10:30:01,46050.0,500,Buy,226638390
2024-07-26 10:30:01,46050.0,1800,Buy,226638391
2024-07-26 10:30:01,46050.0,2000,Buy,226638392
2024-07-26 10:30:01,46050.0,2000,Buy,226638393
2024-07-26 10:30:01,46050.0,400,Buy,226638394
2024-07-26 10:30:03,46050.0,100,Sell,226638413
2024-07-26 10:30:05,46100.0,100,Buy,226638436
2024-07-26 10:30:08,46100.0,500,Buy,226638463
2024-07-26 10:30:20,46050.0,100,Sell,226638620
2024-07-26 10:30:30,46100.0,500,Buy,226638705
2024-07-26 10:30:36,46050.0,100,Sell,226638771
2024-07-26 10:30:50,46100.0,100,Buy,226638935
2024-07-26 10:30:51,46100.0,500,Buy,226638947
2024-07-26 10:31:04,46050.0,2000,Sell,226639226
2024-07-26 10:31:08,46050.0,100,Sell,226639301
2024-07-26 10:31:12,46100.0,500,Buy,226639356
2024-07-26 10:31:31,46100.0,300,Buy,226639598
2024-07-26 10:31:31,46100.0,100,Buy,226639601
2024-07-26 10:31:31,46100.0,600,Buy,226639602
2024-07-26 10:31:33,46100.0,500,Buy,226639614
2024-07-26 10:31:54,46100.0,500,Buy,226639902
2024-07-26 10:32:16,46100.0,500,Buy,226640251
2024-07-26 10:32:34,46100.0,2900,Buy,226640508
2024-07-26 10:32:34,46100.0,100,Buy,226640509
2024-07-26 10:32:34,46100.0,2000,Buy,226640510
2024-07-26 10:32:37,46100.0,200,Buy,226640575
2024-07-26 10:32:38,46100.0,500,Buy,226640617
2024-07-26 10:32:58,46100.0,300,Buy,226640870
2024-07-26 10:32:58,46100.0,200,Buy,226640871
2024-07-26 10:33:03,46100.0,1800,Buy,226640915
2024-07-26 10:33:03,46100.0,2000,Buy,226640916
2024-07-26 10:33:03,46100.0,500,Buy,226640917
2024-07-26 10:33:03,46100.0,100,Buy,226640918
2024-07-26 10:33:03,46100.0,400,Buy,226640919
2024-07-26 10:33:03,46100.0,3700,Buy,226640920
2024-07-26 10:33:03,46100.0,5000,Buy,226640921
2024-07-26 10:33:03,46100.0,2000,Buy,226640922
2024-07-26 10:33:06,46150.0,100,Buy,226640980
2024-07-26 10:33:19,46150.0,500,Buy,226641106
2024-07-26 10:33:25,46150.0,300,Buy,226641193
2024-07-26 10:33:25,46150.0,200,Buy,226641194
2024-07-26 10:33:26,46150.0,4700,Buy,226641251
2024-07-26 10:33:26,46150.0,300,Buy,226641250
2024-07-26 10:33:27,46100.0,500,Sell,226641267
2024-07-26 10:33:28,46150.0,200,Buy,226641269
2024-07-26 10:33:28,46150.0,500,Buy,226641278
2024-07-26 10:33:28,46150.0,11800,Buy,226641268
2024-07-26 10:33:28,46150.0,1800,Buy,226641277
2024-07-26 10:33:29,46150.0,1500,Buy,226641282
2024-07-26 10:33:31,46200.0,100,Buy,226641300
2024-07-26 10:33:40,46200.0,400,Buy,226641417
2024-07-26 10:33:40,46200.0,100,Buy,226641418
2024-07-26 10:34:01,46200.0,500,Buy,226641736
2024-07-26 10:34:22,46200.0,300,Buy,226641948
2024-07-26 10:34:22,46200.0,200,Buy,226641949
2024-07-26 10:34:43,46200.0,500,Buy,226642401
2024-07-26 10:34:53,46200.0,300,Buy,226642532
2024-07-26 10:34:53,46200.0,2000,Buy,226642533
2024-07-26 10:34:53,46200.0,100,Buy,226642534
2024-07-26 10:34:53,46200.0,2000,Buy,226642535
2024-07-26 10:34:53,46200.0,200,Buy,226642536
2024-07-26 10:34:53,46200.0,400,Buy,226642537
2024-07-26 10:34:57,46150.0,200,Sell,226642614
2024-07-26 10:34:57,46150.0,300,Sell,226642615
2024-07-26 10:35:03,46200.0,100,Buy,226642758
2024-07-26 10:35:05,46250.0,100,Buy,226642773
2024-07-26 10:35:13,46250.0,100,Buy,226642935
2024-07-26 10:35:40,46250.0,100,Buy,226643301
2024-07-26 10:35:57,46250.0,500,Buy,226643583
2024-07-26 10:35:57,46250.0,2000,Buy,226643584
2024-07-26 10:35:57,46250.0,2000,Buy,226643585
2024-07-26 10:35:57,46300.0,600,Buy,226643586
2024-07-26 10:35:57,46300.0,5000,Buy,226643587
2024-07-26 10:35:57,46300.0,500,Buy,226643588
2024-07-26 10:35:57,46300.0,1000,Buy,226643589
2024-07-26 10:35:57,46300.0,2000,Buy,226643590
2024-07-26 10:35:57,46300.0,100,Buy,226643591
2024-07-26 10:35:57,46300.0,100,Buy,226643592
2024-07-26 10:35:57,46300.0,2000,Buy,226643593
2024-07-26 10:35:57,46300.0,3000,Buy,226643594
2024-07-26 10:35:57,46300.0,1200,Buy,226643595
2024-07-26 10:36:28,46300.0,100,Buy,226644089
2024-07-26 10:36:28,46300.0,800,Buy,226644088
2024-07-26 10:36:29,46350.0,100,Buy,226644111
2024-07-26 10:37:04,46350.0,1600,Buy,226644558
2024-07-26 10:37:04,46350.0,1000,Buy,226644557
2024-07-26 10:37:18,46350.0,400,Buy,226644713
2024-07-26 10:37:18,46350.0,100,Buy,226644714
2024-07-26 10:37:18,46400.0,100,Buy,226644715
2024-07-26 10:37:18,46400.0,400,Buy,226644716
2024-07-26 10:37:35,46350.0,200,Sell,226644960
2024-07-26 10:39:03,46350.0,100,Buy,226646031
2024-07-26 10:39:03,46350.0,400,Buy,226646032
2024-07-26 10:39:03,46350.0,5800,Buy,226646030
2024-07-26 10:39:07,46400.0,100,Buy,226646074
2024-07-26 10:39:12,46350.0,100,Sell,226646108
2024-07-26 10:39:27,46350.0,100,Buy,226646388
2024-07-26 10:39:27,46350.0,3600,Sell,226646386
2024-07-26 10:39:27,46350.0,1000,Sell,226646387
2024-07-26 10:40:02,46350.0,1000,Buy,226646840
2024-07-26 10:40:41,46350.0,5000,Buy,226647543
2024-07-26 10:40:41,46350.0,2000,Buy,226647544
2024-07-26 10:40:41,46350.0,300,Buy,226647542
2024-07-26 10:40:42,46350.0,500,Sell,226647553
2024-07-26 10:41:04,46350.0,200,Sell,226647880
2024-07-26 10:41:04,46350.0,100,Sell,226647881
2024-07-26 10:41:06,46350.0,500,Buy,226647894
2024-07-26 10:41:14,46350.0,200,Buy,226648045
2024-07-26 10:41:17,46400.0,100,Buy,226648081
2024-07-26 10:41:19,46350.0,100,Sell,226648111
2024-07-26 10:41:30,46400.0,100,Buy,226648269
2024-07-26 10:42:12,46350.0,100,Sell,226648995
2024-07-26 10:42:36,46400.0,100,Buy,226649410
2024-07-26 10:42:48,46350.0,2000,Sell,226649591
2024-07-26 10:42:51,46400.0,200,Buy,226649627
2024-07-26 10:42:51,46400.0,2700,Buy,226649628
2024-07-26 10:42:51,46350.0,2000,Buy,226649625
2024-07-26 10:42:51,46350.0,100,Buy,226649626
2024-07-26 10:42:54,46400.0,2300,Buy,226649670
2024-07-26 10:42:54,46400.0,2000,Buy,226649671
2024-07-26 10:42:54,46400.0,700,Buy,226649672
2024-07-26 10:43:04,46350.0,2000,Sell,226649825
2024-07-26 10:43:11,46350.0,500,Sell,226649919
2024-07-26 10:43:20,46400.0,100,Buy,226650052
2024-07-26 10:43:20,46350.0,100,Sell,226650055
2024-07-26 10:43:23,46400.0,100,Buy,226650075
2024-07-26 10:43:26,46350.0,100,Sell,226650099
2024-07-26 10:43:27,46400.0,500,Buy,226650115
2024-07-26 10:43:27,46400.0,100,Buy,226650114
2024-07-26 10:43:27,46400.0,100,Buy,226650112
2024-07-26 10:43:27,46400.0,5000,Buy,226650111
2024-07-26 10:43:27,46400.0,2000,Buy,226650113
2024-07-26 10:43:27,46400.0,400,Buy,226650109
2024-07-26 10:43:27,46400.0,200,Buy,226650108
2024-07-26 10:43:27,46400.0,400,Buy,226650107
2024-07-26 10:43:27,46400.0,500,Buy,226650106
2024-07-26 10:43:27,46400.0,2100,Buy,226650105
2024-07-26 10:43:27,46400.0,300,Buy,226650110
2024-07-26 10:43:29,46450.0,100,Buy,226650138
2024-07-26 10:43:39,46450.0,5000,Buy,226650261
2024-07-26 10:43:54,46450.0,1000,Buy,226650522
2024-07-26 10:43:58,46450.0,3900,Buy,226650577
2024-07-26 10:43:58,46450.0,1100,Buy,226650578
2024-07-26 10:43:59,46450.0,1900,Sell,226650597
2024-07-26 10:43:59,46450.0,900,Buy,226650582
2024-07-26 10:43:59,46450.0,200,Buy,226650583
2024-07-26 10:43:59,46450.0,2000,Buy,226650584
2024-07-26 10:44:01,46450.0,100,Buy,226650628
2024-07-26 10:44:01,46450.0,1500,Buy,226650629
2024-07-26 10:44:02,46450.0,5000,Buy,226650652
2024-07-26 10:44:14,46450.0,1500,Buy,226650852
2024-07-26 10:44:16,46500.0,100,Buy,226650885
2024-07-26 10:44:26,46500.0,600,Buy,226651063
2024-07-26 10:44:26,46500.0,200,Buy,226651061
2024-07-26 10:44:26,46500.0,200,Buy,226651062
2024-07-26 10:44:38,46450.0,100,Sell,226651203
2024-07-26 10:44:45,46500.0,100,Buy,226651320
2024-07-26 10:44:53,46500.0,200,Buy,226651447
2024-07-26 10:44:53,46500.0,100,Buy,226651448
2024-07-26 10:45:10,46500.0,1000,Buy,226651623
2024-07-26 10:45:10,46500.0,900,Buy,226651627
2024-07-26 10:45:10,46500.0,1800,Buy,226651628
2024-07-26 10:45:10,46500.0,3200,Buy,226651633
2024-07-26 10:45:10,46500.0,2000,Buy,226651634
2024-07-26 10:45:10,46500.0,500,Buy,226651635
2024-07-26 10:45:10,46500.0,1000,Buy,226651636
2024-07-26 10:45:10,46500.0,1700,Buy,226651637
2024-07-26 10:45:16,46550.0,1600,Buy,226651740
2024-07-26 10:45:16,46550.0,200,Buy,226651739
2024-07-26 10:45:16,46550.0,300,Buy,226651738
2024-07-26 10:45:16,46500.0,2000,Buy,226651736
2024-07-26 10:45:16,46500.0,100,Buy,226651735
2024-07-26 10:45:16,46500.0,300,Buy,226651734
2024-07-26 10:45:16,46500.0,500,Buy,226651737
2024-07-26 10:45:25,46550.0,100,Buy,226651838
2024-07-26 10:46:09,46550.0,100,Buy,226652371
2024-07-26 10:46:22,46550.0,200,Buy,226652529
2024-07-26 10:46:22,46550.0,300,Buy,226652530
2024-07-26 10:46:42,46500.0,100,Buy,226652774
2024-07-26 10:46:44,46500.0,900,Buy,226652791
2024-07-26 10:47:32,46500.0,100,Sell,226653469
2024-07-26 10:47:58,46500.0,100,Buy,226653817
2024-07-26 10:48:11,46500.0,100,Buy,226654006
2024-07-26 10:48:11,46500.0,1000,Buy,226654007
2024-07-26 10:48:11,46500.0,1000,Buy,226654008
2024-07-26 10:48:17,46500.0,100,Buy,226654124
2024-07-26 10:48:19,46550.0,100,Buy,226654137
2024-07-26 10:48:48,46550.0,100,Buy,226654691
2024-07-26 10:48:48,46550.0,500,Buy,226654684
2024-07-26 10:48:57,46500.0,200,Sell,226654801
2024-07-26 10:48:57,46500.0,300,Sell,226654802
2024-07-26 10:49:01,46550.0,200,Buy,226654850
2024-07-26 10:49:02,46500.0,100,Sell,226654858
2024-07-26 10:49:40,46500.0,500,Sell,226655518
2024-07-26 10:50:06,46550.0,1000,Buy,226655958
2024-07-26 10:50:06,46550.0,100,Buy,226655959
2024-07-26 10:50:06,46550.0,100,Buy,226655960
2024-07-26 10:50:06,46550.0,2000,Buy,226655961
2024-07-26 10:50:06,46550.0,300,Buy,226655962
2024-07-26 10:50:06,46550.0,500,Buy,226655963
2024-07-26 10:50:06,46550.0,100,Buy,226655964
2024-07-26 10:50:06,46550.0,9100,Buy,226655965
2024-07-26 10:50:06,46550.0,3800,Buy,226655957
2024-07-26 10:50:12,46500.0,100,Sell,226656086
2024-07-26 10:50:12,46500.0,100,Sell,226656087
2024-07-26 10:50:12,46500.0,5000,Sell,226656088
2024-07-26 10:50:12,46450.0,4000,Sell,226656089
2024-07-26 10:50:12,46450.0,100,Sell,226656090
2024-07-26 10:50:12,46450.0,600,Sell,226656091
2024-07-26 10:50:43,46400.0,600,Sell,226656553
2024-07-26 10:50:43,46400.0,400,Sell,226656552
2024-07-26 10:51:16,46400.0,400,Sell,226657065
2024-07-26 10:51:32,46400.0,100,Sell,226657314
2024-07-26 10:51:36,46400.0,2500,Sell,226657371
2024-07-26 10:51:42,46400.0,500,Sell,226657452
2024-07-26 10:51:45,46400.0,200,Sell,226657527
2024-07-26 10:52:06,46400.0,700,Sell,226657923
2024-07-26 10:52:06,46400.0,100,Sell,226657924
2024-07-26 10:52:06,46400.0,200,Sell,226657925
2024-07-26 10:52:08,46400.0,200,Sell,226657974
2024-07-26 10:52:14,46450.0,5000,Buy,226658057
2024-07-26 10:52:34,46450.0,1000,Buy,226658270
2024-07-26 10:52:48,46400.0,100,Sell,226658428
2024-07-26 10:52:49,46400.0,200,Sell,226658456
2024-07-26 10:52:52,46400.0,100,Sell,226658502
2024-07-26 10:52:56,46400.0,100,Sell,226658566
2024-07-26 10:52:56,46400.0,300,Sell,226658565
2024-07-26 10:53:12,46350.0,100,Sell,226658821
2024-07-26 10:53:37,46300.0,200,Sell,226659135
2024-07-26 10:53:43,46300.0,100,Sell,226659205
2024-07-26 10:53:43,46300.0,700,Sell,226659206
2024-07-26 10:53:43,46300.0,100,Sell,226659207
2024-07-26 10:53:43,46300.0,1500,Sell,226659208
2024-07-26 10:53:43,46300.0,300,Sell,226659209
2024-07-26 10:53:43,46300.0,300,Sell,226659210
2024-07-26 10:53:43,46300.0,200,Sell,226659213
2024-07-26 10:54:06,46300.0,2000,Sell,226659552
2024-07-26 10:54:50,46350.0,1000,Buy,226660146
2024-07-26 10:54:50,46350.0,2000,Buy,226660147
2024-07-26 10:54:50,46350.0,2000,Buy,226660148
2024-07-26 10:55:41,46300.0,1000,Sell,226660790
2024-07-26 10:55:50,46300.0,1400,Sell,226660945
2024-07-26 10:55:55,46300.0,2300,Sell,226661038
2024-07-26 10:55:55,46300.0,600,Sell,226661036
2024-07-26 10:55:55,46300.0,100,Sell,226661037
2024-07-26 10:56:02,46300.0,100,Sell,226661116
2024-07-26 10:56:10,46300.0,1000,Sell,226661241
2024-07-26 10:56:52,46300.0,1600,Sell,226661739
2024-07-26 10:56:52,46300.0,300,Sell,226661740
2024-07-26 10:58:00,46300.0,100,Buy,226662503
2024-07-26 10:59:52,46300.0,5000,Sell,226663979
2024-07-26 10:59:54,46300.0,1500,Sell,226664008
2024-07-26 11:00:11,46350.0,10000,Buy,226664165
2024-07-26 11:00:12,46350.0,100,Buy,226664176
2024-07-26 11:00:19,46350.0,2000,Buy,226664246
2024-07-26 11:00:19,46350.0,2000,Buy,226664247
2024-07-26 11:02:25,46400.0,400,Buy,226666089
2024-07-26 11:02:37,46400.0,100,Buy,226666227
2024-07-26 11:03:53,46350.0,700,Sell,226667393
2024-07-26 11:04:34,46350.0,100,Sell,226668002
2024-07-26 11:04:43,46350.0,2000,Sell,226668162
2024-07-26 11:04:43,46350.0,800,Sell,226668157
2024-07-26 11:04:47,46350.0,400,Sell,226668232
2024-07-26 11:05:13,46350.0,1000,Sell,226668509
2024-07-26 11:05:16,46350.0,1000,Sell,226668558
2024-07-26 11:05:16,46350.0,1000,Sell,226668557
2024-07-26 11:05:34,46350.0,2000,Sell,226668774
2024-07-26 11:05:36,46350.0,300,Sell,226668801
2024-07-26 11:05:53,46350.0,2000,Sell,226669253
2024-07-26 11:06:14,46350.0,100,Sell,226669985
2024-07-26 11:06:52,46300.0,100,Sell,226670486
2024-07-26 11:07:34,46350.0,100,Buy,226671517
2024-07-26 11:07:34,46350.0,400,Buy,226671518
2024-07-26 11:07:34,46350.0,2000,Buy,226671519
2024-07-26 11:09:05,46350.0,2000,Sell,226672965
2024-07-26 11:09:26,46350.0,5000,Sell,226673302
2024-07-26 11:09:28,46350.0,500,Sell,226673316
2024-07-26 11:09:28,46350.0,1000,Sell,226673317
2024-07-26 11:09:34,46350.0,5000,Sell,226673442
2024-07-26 11:09:36,46350.0,3400,Sell,226673466
2024-07-26 11:09:48,46350.0,200,Sell,226673630
2024-07-26 11:10:22,46350.0,400,Sell,226674188
2024-07-26 11:10:22,46350.0,200,Sell,226674189
2024-07-26 11:10:24,46350.0,200,Sell,226674223
2024-07-26 11:10:31,46350.0,400,Sell,226674275
2024-07-26 11:11:54,46300.0,4100,Sell,226675288
2024-07-26 11:11:57,46300.0,600,Sell,226675333
2024-07-26 11:12:42,46350.0,10000,Buy,226675856
2024-07-26 11:12:42,46300.0,100,Sell,226675857
2024-07-26 11:12:42,46350.0,2000,Buy,226675859
2024-07-26 11:12:42,46350.0,2000,Buy,226675860
2024-07-26 11:12:53,46350.0,200,Sell,226676032
2024-07-26 11:12:59,46350.0,2000,Sell,226676097
2024-07-26 11:13:05,46350.0,3000,Sell,226676156
2024-07-26 11:13:39,46350.0,100,Sell,226676563
2024-07-26 11:14:14,46350.0,100,Sell,226676983
2024-07-26 11:14:14,46350.0,700,Sell,226676982
2024-07-26 11:14:22,46350.0,200,Buy,226677088
2024-07-26 11:14:22,46350.0,100,Buy,226677089
2024-07-26 11:14:41,46350.0,2000,Sell,226677306
2024-07-26 11:15:02,46350.0,500,Sell,226677526
2024-07-26 11:16:29,46350.0,2000,Sell,226678455
2024-07-26 11:16:57,46350.0,2000,Sell,226678680
2024-07-26 11:18:43,46400.0,100,Buy,226680064
2024-07-26 11:18:53,46400.0,400,Buy,226680143
2024-07-26 11:18:53,46400.0,2000,Buy,226680144
2024-07-26 11:18:53,46400.0,800,Buy,226680145
2024-07-26 11:18:59,46350.0,200,Sell,226680197
2024-07-26 11:19:15,46350.0,400,Sell,226680361
2024-07-26 11:19:15,46350.0,100,Sell,226680360
2024-07-26 11:19:20,46350.0,600,Sell,226680419
2024-07-26 11:19:29,46350.0,1400,Buy,226680496
2024-07-26 11:19:54,46400.0,200,Buy,226680741
2024-07-26 11:19:55,46400.0,1000,Buy,226680749
2024-07-26 11:19:55,46400.0,700,Buy,226680748
2024-07-26 11:19:55,46400.0,100,Buy,226680747
2024-07-26 11:19:55,46400.0,100,Buy,226680743
2024-07-26 11:19:55,46400.0,2000,Buy,226680745
2024-07-26 11:19:55,46400.0,2000,Buy,226680744
2024-07-26 11:19:55,46400.0,300,Buy,226680746
2024-07-26 11:19:55,46400.0,1000,Buy,226680742
2024-07-26 11:20:33,46450.0,2000,Buy,226681130
2024-07-26 11:20:58,46450.0,300,Buy,226681433
2024-07-26 11:22:54,46450.0,100,Buy,226682731
2024-07-26 11:22:55,46450.0,200,Buy,226682732
2024-07-26 11:23:26,46450.0,1800,Buy,226683058
2024-07-26 11:23:26,46450.0,100,Buy,226683059
2024-07-26 11:23:26,46450.0,700,Buy,226683060
2024-07-26 11:23:46,46450.0,100,Buy,226683302
2024-07-26 11:24:30,46400.0,10000,Sell,226683699
2024-07-26 11:26:00,46450.0,500,Buy,226684735
2024-07-26 11:26:00,46450.0,1800,Buy,226684758
2024-07-26 11:26:00,46450.0,500,Buy,226684757
2024-07-26 11:26:00,46450.0,2000,Buy,226684756
2024-07-26 11:26:00,46450.0,1200,Buy,226684734
2024-07-26 11:26:00,46450.0,2800,Buy,226684737
2024-07-26 11:26:00,46450.0,700,Buy,226684755
2024-07-26 11:26:00,46450.0,500,Buy,226684736
2024-07-26 11:26:03,46400.0,100,Sell,226684777
2024-07-26 11:26:37,46400.0,800,Sell,226685198
2024-07-26 11:26:37,46400.0,200,Sell,226685197
2024-07-26 11:27:03,46400.0,500,Sell,226685535
2024-07-26 11:27:09,46400.0,400,Sell,226685603
2024-07-26 11:29:08,46400.0,3300,Sell,226687171
2024-07-26 11:29:08,46400.0,1700,Sell,226687172
2024-07-26 11:29:16,46400.0,3000,Sell,226687229
2024-07-26 11:29:30,46400.0,300,Sell,226687460
2024-07-26 12:59:38,46350.0,500,Sell,226688104
2024-07-26 12:59:39,46400.0,200,Buy,226688378
2024-07-26 12:59:40,46350.0,100,Sell,226688772
2024-07-26 12:59:48,46350.0,100,Sell,226690708
2024-07-26 12:59:51,46400.0,100,Buy,226691147
2024-07-26 12:59:52,46350.0,100,Sell,226691216
2024-07-26 12:59:57,46350.0,4000,Sell,226691751
2024-07-26 13:00:01,46350.0,500,Sell,226691969
2024-07-26 13:00:10,46350.0,100,Sell,226692249
2024-07-26 13:00:10,46350.0,1000,Sell,226692248
2024-07-26 13:00:10,46350.0,3300,Sell,226692246
2024-07-26 13:00:10,46350.0,300,Sell,226692247
2024-07-26 13:00:34,46350.0,100,Sell,226692654
2024-07-26 13:00:40,46350.0,500,Sell,226692760
2024-07-26 13:00:57,46350.0,300,Sell,226693037
2024-07-26 13:01:01,46350.0,2100,Sell,226693116
2024-07-26 13:01:01,46350.0,300,Sell,226693117
2024-07-26 13:01:04,46350.0,2500,Sell,226693236
2024-07-26 13:01:56,46350.0,200,Sell,226694439
2024-07-26 13:03:13,46300.0,200,Sell,226696124
2024-07-26 13:03:27,46350.0,4800,Buy,226696439
2024-07-26 13:03:27,46350.0,2200,Buy,226696440
2024-07-26 13:03:27,46350.0,300,Buy,226696441
2024-07-26 13:03:27,46350.0,2000,Buy,226696442
2024-07-26 13:03:27,46350.0,700,Buy,226696443
2024-07-26 13:03:37,46350.0,4000,Buy,226696638
2024-07-26 13:03:37,46350.0,100,Buy,226696637
2024-07-26 13:03:37,46350.0,4300,Buy,226696636
2024-07-26 13:03:45,46350.0,500,Sell,226696877
2024-07-26 13:04:08,46350.0,700,Sell,226697317
2024-07-26 13:04:08,46350.0,400,Sell,226697318
2024-07-26 13:04:08,46350.0,1100,Sell,226697316
2024-07-26 13:05:06,46350.0,500,Buy,226698548
2024-07-26 13:06:03,46300.0,400,Sell,226699748
2024-07-26 13:06:45,46300.0,1000,Sell,226700565
2024-07-26 13:06:47,46300.0,200,Sell,226700613
2024-07-26 13:07:00,46300.0,3000,Sell,226700947
2024-07-26 13:07:01,46350.0,500,Buy,226700980
2024-07-26 13:07:09,46300.0,100,Sell,226701101
2024-07-26 13:08:03,46300.0,400,Sell,226702329
2024-07-26 13:08:03,46300.0,400,Sell,226702330
2024-07-26 13:08:08,46350.0,8000,Buy,226702393
2024-07-26 13:08:08,46350.0,2000,Buy,226702394
2024-07-26 13:09:12,46350.0,3000,Buy,226703577
2024-07-26 13:09:15,46350.0,500,Sell,226703648
2024-07-26 13:09:39,46350.0,500,Sell,226704472
2024-07-26 13:10:46,46350.0,3000,Sell,226706156
2024-07-26 13:11:06,46350.0,200,Sell,226706619
2024-07-26 13:11:29,46350.0,2800,Sell,226707207
2024-07-26 13:11:29,46350.0,7000,Sell,226707208
2024-07-26 13:11:34,46350.0,200,Buy,226707297
2024-07-26 13:11:41,46350.0,5000,Sell,226707472
2024-07-26 13:11:41,46350.0,3000,Sell,226707500
2024-07-26 13:11:46,46350.0,1800,Sell,226707613
2024-07-26 13:11:47,46350.0,200,Buy,226707629
2024-07-26 13:11:53,46350.0,500,Sell,226707738
2024-07-26 13:11:58,46350.0,300,Sell,226707862
2024-07-26 13:11:58,46350.0,100,Sell,226707863
2024-07-26 13:13:06,46300.0,500,Sell,226709518
2024-07-26 13:13:20,46350.0,200,Buy,226709888
2024-07-26 13:13:20,46350.0,2000,Buy,226709886
2024-07-26 13:13:20,46350.0,2600,Buy,226709885
2024-07-26 13:13:20,46350.0,200,Buy,226709887
2024-07-26 13:13:59,46350.0,200,Buy,226710784
2024-07-26 13:14:02,46350.0,1000,Buy,226710840
2024-07-26 13:14:08,46350.0,1600,Buy,226710976
2024-07-26 13:14:08,46350.0,200,Buy,226710977
2024-07-26 13:14:08,46350.0,2000,Buy,226710978
2024-07-26 13:14:08,46350.0,400,Buy,226710979
2024-07-26 13:14:08,46350.0,300,Buy,226710980
2024-07-26 13:14:08,46350.0,500,Buy,226710981
2024-07-26 13:14:28,46350.0,300,Buy,226711421
2024-07-26 13:14:31,46350.0,400,Buy,226711494
2024-07-26 13:14:35,46350.0,500,Buy,226711577
2024-07-26 13:15:21,46350.0,400,Buy,226712765
2024-07-26 13:15:33,46350.0,400,Buy,226713060
2024-07-26 13:15:48,46350.0,400,Buy,226713486
2024-07-26 13:16:08,46350.0,100,Buy,226713993
2024-07-26 13:16:08,46350.0,100,Buy,226713991
2024-07-26 13:16:08,46350.0,200,Buy,226713992
2024-07-26 13:16:15,46300.0,10000,Sell,226714123
2024-07-26 13:16:35,46350.0,400,Buy,226714751
2024-07-26 13:17:26,46350.0,100,Buy,226716113
2024-07-26 13:17:26,46350.0,300,Buy,226716114
2024-07-26 13:17:35,46350.0,1000,Buy,226716317
2024-07-26 13:17:38,46350.0,700,Buy,226716378
2024-07-26 13:17:38,46350.0,1800,Buy,226716379
2024-07-26 13:17:43,46350.0,300,Buy,226716512
2024-07-26 13:17:43,46350.0,1200,Buy,226716511
2024-07-26 13:17:47,46300.0,300,Sell,226716582
2024-07-26 13:17:59,46350.0,400,Buy,226717090
2024-07-26 13:18:25,46350.0,400,Buy,226717662
2024-07-26 13:18:52,46350.0,400,Buy,226718273
2024-07-26 13:18:57,46350.0,1000,Buy,226718407
2024-07-26 13:18:57,46350.0,500,Buy,226718408
2024-07-26 13:18:57,46350.0,500,Buy,226718405
2024-07-26 13:18:57,46350.0,2000,Buy,226718404
2024-07-26 13:18:57,46350.0,1100,Buy,226718406
2024-07-26 13:18:57,46350.0,1000,Buy,226718403
2024-07-26 13:19:20,46400.0,400,Buy,226718995
2024-07-26 13:19:52,46400.0,200,Buy,226719784
2024-07-26 13:19:52,46400.0,200,Buy,226719785
2024-07-26 13:20:05,46400.0,800,Buy,226720226
2024-07-26 13:20:05,46400.0,2000,Buy,226720227
2024-07-26 13:20:05,46400.0,1000,Buy,226720228
2024-07-26 13:20:05,46400.0,1100,Buy,226720236
2024-07-26 13:20:05,46400.0,1000,Buy,226720230
2024-07-26 13:20:05,46400.0,400,Buy,226720231
2024-07-26 13:20:05,46400.0,100,Buy,226720232
2024-07-26 13:20:05,46400.0,100,Buy,226720233
2024-07-26 13:20:05,46400.0,500,Buy,226720234
2024-07-26 13:20:05,46400.0,1000,Buy,226720235
2024-07-26 13:20:05,46400.0,2000,Buy,226720229
2024-07-26 13:20:17,46400.0,1700,Buy,226720623
2024-07-26 13:20:23,46400.0,300,Buy,226720770
2024-07-26 13:20:23,46400.0,200,Buy,226720769
2024-07-26 13:20:25,46400.0,400,Buy,226720788
2024-07-26 13:20:29,46400.0,1300,Buy,226720940
2024-07-26 13:20:29,46400.0,400,Buy,226720941
2024-07-26 13:20:29,46400.0,100,Buy,226720942
2024-07-26 13:20:44,46450.0,200,Buy,226721281
2024-07-26 13:20:44,46450.0,2000,Buy,226721282
2024-07-26 13:20:44,46450.0,100,Buy,226721283
2024-07-26 13:20:44,46450.0,1000,Buy,226721284
2024-07-26 13:20:44,46450.0,100,Buy,226721285
2024-07-26 13:20:44,46450.0,500,Buy,226721287
2024-07-26 13:20:52,46450.0,300,Buy,226721493
2024-07-26 13:20:52,46450.0,200,Buy,226721492
2024-07-26 13:20:52,46450.0,5000,Buy,226721491
2024-07-26 13:20:52,46450.0,500,Buy,226721490
2024-07-26 13:20:52,46450.0,2000,Buy,226721488
2024-07-26 13:20:52,46450.0,100,Buy,226721489
2024-07-26 13:20:52,46450.0,500,Buy,226721487
2024-07-26 13:20:56,46500.0,100,Buy,226721656
2024-07-26 13:21:05,46500.0,400,Buy,226721886
2024-07-26 13:21:14,46500.0,500,Buy,226722269
2024-07-26 13:21:14,46500.0,1300,Buy,226722270
2024-07-26 13:21:14,46500.0,1700,Buy,226722271
2024-07-26 13:21:14,46500.0,1500,Buy,226722268
2024-07-26 13:21:20,46500.0,300,Buy,226722428
2024-07-26 13:21:20,46500.0,2000,Buy,226722429
2024-07-26 13:21:20,46500.0,100,Buy,226722430
2024-07-26 13:21:20,46500.0,500,Buy,226722431
2024-07-26 13:21:20,46500.0,2000,Buy,226722432
2024-07-26 13:21:20,46500.0,100,Buy,226722433
2024-07-26 13:21:20,46500.0,100,Buy,226722434
2024-07-26 13:21:20,46500.0,1300,Buy,226722435
2024-07-26 13:21:20,46500.0,3000,Buy,226722436
2024-07-26 13:21:20,46500.0,100,Buy,226722437
2024-07-26 13:21:22,46550.0,100,Buy,226722493
2024-07-26 13:21:36,46550.0,400,Buy,226722942
2024-07-26 13:22:08,46550.0,400,Buy,226723961
2024-07-26 13:22:10,46500.0,500,Sell,226724032
2024-07-26 13:22:12,46550.0,100,Buy,226724114
2024-07-26 13:22:23,46500.0,200,Sell,226724431
2024-07-26 13:22:32,46500.0,600,Sell,226724650
2024-07-26 13:22:45,46550.0,100,Buy,226725035
2024-07-26 13:22:48,46500.0,1200,Sell,226725128
2024-07-26 13:22:48,46500.0,100,Sell,226725129
2024-07-26 13:22:48,46500.0,3700,Sell,226725130
2024-07-26 13:22:57,46500.0,200,Sell,226725341
2024-07-26 13:23:01,46550.0,100,Buy,226725432
2024-07-26 13:23:53,46550.0,200,Buy,226726938
2024-07-26 13:24:07,46550.0,100,Buy,226727414
2024-07-26 13:24:13,46550.0,400,Buy,226727565
2024-07-26 13:24:30,46500.0,200,Sell,226728012
2024-07-26 13:24:30,46500.0,6000,Sell,226728013
2024-07-26 13:24:30,46500.0,200,Sell,226728014
2024-07-26 13:24:30,46500.0,1000,Sell,226728015
2024-07-26 13:24:30,46500.0,500,Sell,226728016
2024-07-26 13:24:30,46500.0,1100,Sell,226728011
2024-07-26 13:24:33,46400.0,100,Sell,226728087
2024-07-26 13:24:38,46500.0,1000,Buy,226728207
2024-07-26 13:24:41,46500.0,500,Sell,226728297
2024-07-26 13:24:47,46500.0,100,Sell,226728440
2024-07-26 13:24:51,46500.0,500,Sell,226728558
2024-07-26 13:24:57,46500.0,2900,Sell,226728723
2024-07-26 13:24:57,46500.0,2100,Sell,226728724
2024-07-26 13:24:57,46500.0,2100,Sell,226728725
2024-07-26 13:25:01,46500.0,100,Sell,226728817
2024-07-26 13:25:05,46500.0,700,Sell,226728895
2024-07-26 13:25:10,46400.0,100,Sell,226729002
2024-07-26 13:26:20,46450.0,100,Buy,226730940
2024-07-26 13:26:20,46500.0,200,Buy,226730941
2024-07-26 13:26:20,46500.0,500,Buy,226730942
2024-07-26 13:26:20,46500.0,2100,Buy,226730943
2024-07-26 13:26:20,46500.0,100,Buy,226730944
2024-07-26 13:26:20,46500.0,1100,Buy,226730945
2024-07-26 13:26:52,46400.0,100,Sell,226731719
2024-07-26 13:26:52,46400.0,100,Sell,226731718
2024-07-26 13:26:52,46400.0,100,Sell,226731717
2024-07-26 13:26:52,46400.0,1400,Sell,226731707
2024-07-26 13:26:52,46400.0,100,Sell,226731712
2024-07-26 13:26:52,46400.0,400,Sell,226731711
2024-07-26 13:26:52,46400.0,100,Sell,226731706
2024-07-26 13:26:52,46400.0,500,Sell,226731714
2024-07-26 13:26:52,46400.0,100,Sell,226731704
2024-07-26 13:26:52,46400.0,100,Sell,226731705
2024-07-26 13:26:52,46400.0,600,Sell,226731667
2024-07-26 13:26:52,46400.0,100,Sell,226731689
2024-07-26 13:26:52,46400.0,100,Sell,226731690
2024-07-26 13:26:52,46400.0,500,Sell,226731713
2024-07-26 13:26:52,46400.0,100,Sell,226731691
2024-07-26 13:26:52,46400.0,100,Sell,226731702
2024-07-26 13:26:52,46400.0,100,Sell,226731703
2024-07-26 13:27:11,46500.0,900,Buy,226732130
2024-07-26 13:27:11,46500.0,1100,Buy,226732131
2024-07-26 13:27:36,46400.0,200,Sell,226732644
2024-07-26 13:27:36,46400.0,100,Sell,226732645
2024-07-26 13:27:36,46400.0,100,Sell,226732650
2024-07-26 13:27:37,46400.0,100,Sell,226732683
2024-07-26 13:27:37,46400.0,500,Sell,226732682
2024-07-26 13:27:37,46400.0,100,Sell,226732673
2024-07-26 13:27:37,46400.0,100,Sell,226732669
2024-07-26 13:27:37,46400.0,100,Sell,226732668
2024-07-26 13:27:37,46400.0,100,Sell,226732667
2024-07-26 13:27:37,46400.0,100,Sell,226732666
2024-07-26 13:27:37,46400.0,100,Sell,226732665
2024-07-26 13:27:37,46400.0,400,Sell,226732664
2024-07-26 13:27:37,46400.0,100,Sell,226732663
2024-07-26 13:27:37,46400.0,100,Sell,226732662
2024-07-26 13:27:37,46400.0,200,Sell,226732661
2024-07-26 13:27:37,46400.0,100,Sell,226732660
2024-07-26 13:27:37,46400.0,100,Sell,226732659
2024-07-26 13:27:37,46400.0,100,Sell,226732658
2024-07-26 13:27:37,46400.0,100,Sell,226732657
2024-07-26 13:27:37,46400.0,100,Sell,226732652
2024-07-26 13:27:37,46400.0,100,Sell,226732651
2024-07-26 13:29:09,46400.0,800,Sell,226734584
2024-07-26 13:29:09,46400.0,3400,Sell,226734582
2024-07-26 13:29:09,46400.0,100,Sell,226734583
2024-07-26 13:29:12,46400.0,2000,Sell,226734614
2024-07-26 13:29:25,46400.0,1000,Sell,226734872
2024-07-26 13:29:28,46400.0,500,Sell,226734943
2024-07-26 13:29:28,46400.0,300,Sell,226734942
2024-07-26 13:29:28,46400.0,1200,Sell,226734941
2024-07-26 13:30:19,46400.0,1000,Buy,226735974
2024-07-26 13:31:04,46400.0,100,Sell,226736886
2024-07-26 13:31:04,46400.0,200,Sell,226736885
2024-07-26 13:31:08,46450.0,300,Buy,226736971
2024-07-26 13:31:11,46400.0,3400,Sell,226737008
2024-07-26 13:31:47,46400.0,400,Buy,226737693
2024-07-26 13:32:02,46400.0,500,Buy,226737993
2024-07-26 13:32:08,46400.0,400,Buy,226738089
2024-07-26 13:32:19,46400.0,200,Buy,226738349
2024-07-26 13:32:28,46400.0,400,Buy,226738518
2024-07-26 13:32:53,46400.0,4700,Buy,226738967
2024-07-26 13:32:53,46400.0,300,Buy,226738968
2024-07-26 13:33:20,46400.0,900,Buy,226739444
2024-07-26 13:33:20,46400.0,2000,Buy,226739445
2024-07-26 13:33:20,46400.0,2100,Sell,226739456
2024-07-26 13:33:24,46400.0,400,Buy,226739532
2024-07-26 13:33:35,46400.0,500,Buy,226739760
2024-07-26 13:37:56,46350.0,100,Sell,226745446
2024-07-26 13:38:09,46400.0,2000,Buy,226745687
2024-07-26 13:38:15,46350.0,900,Sell,226745803
2024-07-26 13:38:15,46350.0,9700,Sell,226745804
2024-07-26 13:39:59,46350.0,200,Sell,226748265
2024-07-26 13:40:25,46350.0,600,Sell,226748989
2024-07-26 13:40:44,46350.0,2000,Sell,226749412
2024-07-26 13:40:44,46350.0,100,Sell,226749415
2024-07-26 13:40:56,46350.0,600,Sell,226749739
2024-07-26 13:40:57,46350.0,400,Sell,226749778
2024-07-26 13:40:57,46350.0,100,Sell,226749777
2024-07-26 13:40:57,46350.0,100,Sell,226749776
2024-07-26 13:40:57,46350.0,200,Sell,226749775
2024-07-26 13:40:57,46350.0,200,Sell,226749774
2024-07-26 13:40:57,46350.0,100,Sell,226749773
2024-07-26 13:40:57,46350.0,100,Sell,226749772
2024-07-26 13:40:57,46350.0,100,Sell,226749758
2024-07-26 13:40:57,46350.0,1100,Sell,226749757
2024-07-26 13:40:57,46350.0,100,Sell,226749742
2024-07-26 13:40:57,46350.0,100,Sell,226749743
2024-07-26 13:40:57,46350.0,100,Sell,226749750
2024-07-26 13:40:57,46350.0,100,Sell,226749759
2024-07-26 13:40:57,46350.0,100,Sell,226749753
2024-07-26 13:40:57,46350.0,200,Sell,226749752
2024-07-26 13:40:57,46350.0,100,Sell,226749754
2024-07-26 13:40:58,46350.0,100,Sell,226749809
2024-07-26 13:40:58,46350.0,1700,Sell,226749857
2024-07-26 13:40:58,46350.0,500,Sell,226749854
2024-07-26 13:40:58,46350.0,500,Sell,226749853
2024-07-26 13:40:58,46350.0,100,Sell,226749852
2024-07-26 13:40:58,46350.0,100,Sell,226749851
2024-07-26 13:40:58,46350.0,200,Sell,226749850
2024-07-26 13:40:58,46350.0,400,Sell,226749856
2024-07-26 13:40:58,46350.0,400,Sell,226749822
2024-07-26 13:40:58,46350.0,100,Sell,226749849
2024-07-26 13:40:58,46350.0,100,Sell,226749810
2024-07-26 13:40:58,46350.0,1500,Sell,226749811
2024-07-26 13:40:58,46350.0,500,Sell,226749855
2024-07-26 13:40:58,46350.0,100,Sell,226749812
2024-07-26 13:40:58,46350.0,200,Sell,226749813
2024-07-26 13:40:58,46350.0,200,Sell,226749814
2024-07-26 13:41:06,46350.0,300,Sell,226750107
2024-07-26 13:41:06,46350.0,100,Sell,226750108
2024-07-26 13:41:09,46350.0,400,Sell,226750220
2024-07-26 13:41:12,46350.0,400,Sell,226750328
2024-07-26 13:41:13,46350.0,1100,Sell,226750339
2024-07-26 13:41:13,46350.0,300,Sell,226750340
2024-07-26 13:41:17,46350.0,100,Buy,226750442
2024-07-26 13:41:59,46350.0,100,Buy,226751443
2024-07-26 13:45:27,46300.0,5300,Sell,226756424
2024-07-26 13:45:27,46300.0,14700,Sell,226756425
2024-07-26 13:45:52,46300.0,5000,Sell,226756983
2024-07-26 13:46:02,46300.0,100,Sell,226757177
2024-07-26 13:46:21,46300.0,500,Sell,226757574
2024-07-26 13:46:27,46300.0,2800,Sell,226757654
2024-07-26 13:46:27,46300.0,200,Sell,226757653
2024-07-26 13:46:37,46300.0,500,Sell,226757839
2024-07-26 13:47:13,46300.0,2000,Sell,226758502
2024-07-26 13:48:21,46300.0,3000,Sell,226759987
2024-07-26 13:48:22,46350.0,100,Buy,226759991
2024-07-26 13:48:43,46300.0,1000,Sell,226760547
2024-07-26 13:48:55,46300.0,100,Sell,226760939
2024-07-26 13:49:34,46300.0,3000,Sell,226761847
2024-07-26 13:49:50,46300.0,500,Sell,226762175
2024-07-26 13:49:50,46300.0,1000,Sell,226762174
2024-07-26 13:49:50,46300.0,100,Sell,226762173
2024-07-26 13:49:50,46300.0,100,Sell,226762176
2024-07-26 13:49:50,46300.0,2000,Sell,226762171
2024-07-26 13:49:50,46300.0,200,Sell,226762170
2024-07-26 13:49:50,46300.0,100,Sell,226762169
2024-07-26 13:49:50,46300.0,4800,Sell,226762168
2024-07-26 13:49:50,46300.0,2000,Sell,226762172
2024-07-26 13:50:24,46250.0,200,Sell,226763009
2024-07-26 13:50:24,46250.0,500,Sell,226763007
2024-07-26 13:50:24,46250.0,100,Sell,226763006
2024-07-26 13:50:24,46250.0,500,Sell,226763008
2024-07-26 13:50:24,46250.0,1000,Sell,226763004
2024-07-26 13:50:24,46250.0,100,Sell,226763003
2024-07-26 13:50:24,46250.0,100,Sell,226763002
2024-07-26 13:50:24,46250.0,1000,Sell,226763005
2024-07-26 13:51:18,46250.0,100,Sell,226764500
2024-07-26 13:51:18,46250.0,500,Sell,226764501
2024-07-26 13:51:37,46250.0,100,Buy,226764923
2024-07-26 13:52:36,46250.0,100,Buy,226766350
2024-07-26 13:52:49,46250.0,100,Buy,226766884
2024-07-26 13:52:54,46250.0,200,Buy,226766990
2024-07-26 13:53:21,46250.0,2500,Buy,226767738
2024-07-26 13:53:21,46250.0,500,Buy,226767739
2024-07-26 13:53:34,46200.0,200,Sell,226768100
2024-07-26 13:53:34,46200.0,100,Sell,226768099
2024-07-26 13:54:08,46200.0,100,Sell,226769030
2024-07-26 13:54:08,46200.0,100,Sell,226769029
2024-07-26 13:54:08,46200.0,100,Sell,226769028
2024-07-26 13:54:08,46200.0,2000,Sell,226769027
2024-07-26 13:54:08,46200.0,300,Sell,226769021
2024-07-26 13:54:08,46200.0,1000,Sell,226769025
2024-07-26 13:54:08,46200.0,100,Sell,226769024
2024-07-26 13:54:08,46200.0,100,Sell,226769023
2024-07-26 13:54:08,46200.0,1000,Sell,226769022
2024-07-26 13:54:08,46200.0,500,Sell,226769026
2024-07-26 13:54:11,46150.0,100,Sell,226769150
2024-07-26 13:55:02,46150.0,100,Sell,226770721
2024-07-26 13:55:02,46150.0,100,Sell,226770722
2024-07-26 13:55:02,46150.0,100,Sell,226770723
2024-07-26 13:55:02,46150.0,200,Sell,226770724
2024-07-26 13:55:22,46200.0,1200,Buy,226771278
2024-07-26 13:55:27,46200.0,1000,Buy,226771616
2024-07-26 13:56:23,46150.0,500,Sell,226772944
2024-07-26 13:56:23,46150.0,1400,Sell,226772945
2024-07-26 13:56:23,46150.0,300,Sell,226772943
2024-07-26 13:56:23,46150.0,800,Sell,226772942
2024-07-26 13:56:25,46150.0,100,Sell,226772986
2024-07-26 13:56:28,46150.0,3100,Sell,226773037
2024-07-26 13:56:37,46150.0,4300,Sell,226773312
2024-07-26 13:56:59,46100.0,400,Sell,226774099
2024-07-26 13:57:00,46150.0,200,Buy,226774180
2024-07-26 13:57:12,46100.0,400,Sell,226774585
2024-07-26 13:57:41,46100.0,200,Sell,226775680
2024-07-26 13:57:42,46100.0,1500,Sell,226775724
2024-07-26 13:57:50,46100.0,100,Sell,226775895
2024-07-26 13:58:41,46100.0,1400,Sell,226777506
2024-07-26 13:58:41,46100.0,100,Sell,226777507
2024-07-26 13:58:41,46100.0,1500,Sell,226777508
2024-07-26 13:58:47,46100.0,500,Sell,226777648
2024-07-26 13:58:47,46100.0,500,Sell,226777647
2024-07-26 13:58:55,46100.0,100,Sell,226777853
2024-07-26 13:59:18,46100.0,100,Sell,226778600
2024-07-26 13:59:18,46100.0,200,Sell,226778601
2024-07-26 13:59:18,46100.0,100,Sell,226778602
2024-07-26 13:59:18,46100.0,100,Sell,226778603
2024-07-26 13:59:18,46100.0,4400,Sell,226778599
2024-07-26 13:59:21,46100.0,100,Buy,226778641
2024-07-26 13:59:27,46100.0,1700,Sell,226778826
2024-07-26 13:59:32,46100.0,1000,Sell,226778911
2024-07-26 14:00:58,46100.0,200,Sell,226781088
2024-07-26 14:01:32,46150.0,500,Buy,226781757
2024-07-26 14:01:32,46150.0,500,Buy,226781755
2024-07-26 14:01:32,46150.0,2000,Buy,226781756
2024-07-26 14:01:36,46100.0,2000,Sell,226781833
2024-07-26 14:01:36,46100.0,500,Sell,226781834
2024-07-26 14:01:36,46100.0,500,Sell,226781835
2024-07-26 14:01:49,46100.0,700,Sell,226782187
2024-07-26 14:01:53,46050.0,100,Sell,226782258
2024-07-26 14:01:53,46050.0,200,Sell,226782262
2024-07-26 14:01:53,46050.0,500,Sell,226782261
2024-07-26 14:01:53,46050.0,200,Sell,226782260
2024-07-26 14:01:53,46050.0,400,Sell,226782259
2024-07-26 14:01:53,46050.0,100,Sell,226782257
2024-07-26 14:01:53,46100.0,100,Sell,226782251
2024-07-26 14:01:53,46050.0,3500,Sell,226782255
2024-07-26 14:01:53,46100.0,500,Sell,226782254
2024-07-26 14:01:53,46100.0,300,Sell,226782253
2024-07-26 14:01:53,46100.0,500,Sell,226782252
2024-07-26 14:01:53,46100.0,800,Sell,226782250
2024-07-26 14:01:53,46050.0,100,Sell,226782256
2024-07-26 14:02:21,46100.0,2000,Buy,226782861
2024-07-26 14:02:52,46100.0,1000,Buy,226783671
2024-07-26 14:02:57,46100.0,2000,Buy,226783746
2024-07-26 14:03:20,46100.0,300,Sell,226784359
2024-07-26 14:03:55,46100.0,200,Sell,226785082
2024-07-26 14:03:55,46100.0,2700,Sell,226785080
2024-07-26 14:03:55,46100.0,100,Sell,226785081
2024-07-26 14:05:09,46100.0,100,Sell,226786647
2024-07-26 14:06:06,46150.0,500,Buy,226787881
2024-07-26 14:06:06,46150.0,1500,Buy,226787880
2024-07-26 14:06:16,46150.0,1500,Buy,226788090
2024-07-26 14:06:16,46150.0,3000,Buy,226788091
2024-07-26 14:06:16,46150.0,200,Buy,226788092
2024-07-26 14:06:16,46150.0,3000,Buy,226788093
2024-07-26 14:06:27,46200.0,800,Buy,226788359
2024-07-26 14:06:27,46200.0,700,Buy,226788360
2024-07-26 14:06:27,46200.0,2000,Buy,226788361
2024-07-26 14:06:57,46250.0,2000,Buy,226788980
2024-07-26 14:06:57,46250.0,1600,Buy,226788981
2024-07-26 14:07:08,46200.0,1000,Sell,226789198
2024-07-26 14:07:20,46200.0,100,Sell,226789483
2024-07-26 14:07:35,46200.0,3900,Buy,226789814
2024-07-26 14:07:43,46200.0,100,Sell,226790075
2024-07-26 14:08:16,46200.0,400,Sell,226790926
2024-07-26 14:09:13,46250.0,1000,Buy,226792502
2024-07-26 14:09:28,46250.0,200,Buy,226792917
2024-07-26 14:09:32,46250.0,100,Buy,226792989
2024-07-26 14:09:35,46250.0,100,Buy,226793110
2024-07-26 14:09:35,46250.0,100,Buy,226793109
2024-07-26 14:09:40,46250.0,100,Buy,226793266
2024-07-26 14:11:09,46250.0,100,Sell,226796030
2024-07-26 14:11:09,46250.0,300,Sell,226796031
2024-07-26 14:11:10,46300.0,200,Buy,226796068
2024-07-26 14:11:11,46300.0,100,Buy,226796094
2024-07-26 14:11:33,46200.0,600,Sell,226796827
2024-07-26 14:11:33,46200.0,500,Sell,226796828
2024-07-26 14:11:33,46250.0,1000,Sell,226796826
2024-07-26 14:12:59,46250.0,800,Sell,226799425
2024-07-26 14:13:06,46250.0,700,Sell,226799647
2024-07-26 14:13:06,46250.0,100,Sell,226799648
2024-07-26 14:13:10,46250.0,400,Sell,226799860
2024-07-26 14:13:16,46250.0,400,Sell,226800045
2024-07-26 14:13:25,46250.0,400,Sell,226800440
2024-07-26 14:13:31,46250.0,400,Sell,226800603
2024-07-26 14:13:37,46250.0,3000,Sell,226800781
2024-07-26 14:14:17,46250.0,300,Sell,226802017
2024-07-26 14:14:17,46250.0,4700,Sell,226802018
2024-07-26 14:14:31,46250.0,300,Sell,226802420
2024-07-26 14:14:57,46250.0,100,Buy,226803185
2024-07-26 14:16:17,46200.0,800,Sell,226805385
2024-07-26 14:16:32,46200.0,3700,Sell,226805781
2024-07-26 14:16:32,46200.0,6300,Sell,226805782
2024-07-26 14:16:35,46200.0,800,Sell,226805862
2024-07-26 14:16:42,46200.0,400,Sell,226806040
2024-07-26 14:16:43,46200.0,4200,Sell,226806083
2024-07-26 14:16:43,46200.0,500,Sell,226806084
2024-07-26 14:16:43,46200.0,100,Sell,226806085
2024-07-26 14:16:43,46200.0,200,Sell,226806086
2024-07-26 14:16:46,46200.0,600,Sell,226806192
2024-07-26 14:16:46,46200.0,300,Sell,226806190
2024-07-26 14:16:46,46200.0,100,Sell,226806191
2024-07-26 14:16:55,46200.0,400,Sell,226806425
2024-07-26 14:16:55,46200.0,100,Sell,226806426
2024-07-26 14:16:55,46200.0,500,Sell,226806427
2024-07-26 14:17:01,46200.0,1000,Sell,226806670
2024-07-26 14:17:11,46200.0,100,Sell,226806956
2024-07-26 14:17:45,46200.0,1000,Sell,226808025
2024-07-26 14:17:48,46250.0,1400,Buy,226808097
2024-07-26 14:17:48,46250.0,3000,Buy,226808096
2024-07-26 14:18:03,46200.0,1000,Sell,226808484
2024-07-26 14:18:31,46200.0,1900,Sell,226809285
2024-07-26 14:19:42,46200.0,200,Sell,226811446
2024-07-26 14:19:45,46250.0,600,Buy,226811561
2024-07-26 14:19:45,46250.0,900,Buy,226811562
2024-07-26 14:19:45,46250.0,2000,Buy,226811563
2024-07-26 14:19:45,46250.0,1500,Buy,226811564
2024-07-26 14:19:47,46200.0,700,Sell,226811617
2024-07-26 14:19:47,46200.0,300,Sell,226811615
2024-07-26 14:19:47,46200.0,1000,Sell,226811616
2024-07-26 14:20:01,46250.0,800,Buy,226811992
2024-07-26 14:20:46,46250.0,100,Buy,226813273
2024-07-26 14:20:47,46250.0,600,Buy,226813304
2024-07-26 14:20:51,46250.0,100,Sell,226813456
2024-07-26 14:20:52,46250.0,300,Buy,226813490
2024-07-26 14:20:56,46250.0,100,Sell,226813585
2024-07-26 14:20:58,46250.0,100,Sell,226813619
2024-07-26 14:21:32,46250.0,400,Buy,226814766
2024-07-26 14:21:34,46250.0,3400,Sell,226814835
2024-07-26 14:21:39,46250.0,1000,Buy,226815076
2024-07-26 14:22:38,46250.0,2900,Buy,226816875
2024-07-26 14:22:43,46250.0,500,Buy,226816983
2024-07-26 14:23:23,46200.0,1300,Sell,226818242
2024-07-26 14:23:24,46250.0,200,Buy,226818252
2024-07-26 14:23:24,46250.0,200,Buy,226818253
2024-07-26 14:23:45,46250.0,1900,Buy,226818872
2024-07-26 14:23:45,46250.0,4800,Buy,226818871
2024-07-26 14:23:45,46250.0,1800,Buy,226818869
2024-07-26 14:23:45,46250.0,1500,Buy,226818870
2024-07-26 14:23:50,46250.0,100,Buy,226819038
2024-07-26 14:23:53,46250.0,1000,Buy,226819154
2024-07-26 14:23:59,46250.0,100,Sell,226819339
2024-07-26 14:24:35,46250.0,5000,Sell,226820361
2024-07-26 14:24:46,46250.0,200,Sell,226820651
2024-07-26 14:24:46,46250.0,100,Sell,226820652
2024-07-26 14:24:46,46250.0,700,Sell,226820653
2024-07-26 14:25:00,46250.0,1000,Sell,226821006
2024-07-26 14:25:13,46250.0,4300,Sell,226821568
2024-07-26 14:25:13,46250.0,700,Sell,226821569
2024-07-26 14:25:16,46250.0,700,Sell,226821707
2024-07-26 14:25:16,46250.0,1300,Sell,226821728
2024-07-26 14:25:20,46250.0,1000,Sell,226821880
2024-07-26 14:25:46,46250.0,1100,Buy,226822813
2024-07-26 14:25:46,46250.0,5000,Buy,226822812
2024-07-26 14:26:44,46200.0,1300,Sell,226824916
2024-07-26 14:26:53,46200.0,700,Sell,226825202
2024-07-26 14:26:57,46200.0,100,Sell,226825380
2024-07-26 14:27:05,46250.0,1000,Buy,226825687
2024-07-26 14:27:09,46200.0,1000,Sell,226825843
2024-07-26 14:27:35,46200.0,5000,Sell,226827170
2024-07-26 14:27:58,46250.0,4000,Buy,226828297
2024-07-26 14:27:58,46250.0,5000,Buy,226828298
2024-07-26 14:27:58,46250.0,1500,Buy,226828300
2024-07-26 14:27:58,46250.0,2500,Buy,226828301
2024-07-26 14:27:58,46250.0,2000,Buy,226828299
2024-07-26 14:27:59,46200.0,1500,Sell,226828404
2024-07-26 14:28:02,46250.0,500,Buy,226828542
2024-07-26 14:28:03,46200.0,1000,Sell,226828604
2024-07-26 14:28:08,46250.0,3000,Buy,226828878
2024-07-26 14:28:14,46200.0,300,Sell,226829147
2024-07-26 14:28:15,46200.0,100,Sell,226829168
2024-07-26 14:28:22,46250.0,2000,Buy,226829486
2024-07-26 14:28:27,46250.0,1500,Sell,226829783
2024-07-26 14:28:29,46250.0,300,Sell,226829905
2024-07-26 14:28:54,46250.0,200,Sell,226831211
2024-07-26 14:28:57,46300.0,500,Buy,226831354
2024-07-26 14:29:04,46300.0,100,Buy,226831884
2024-07-26 14:29:04,46300.0,100,Buy,226831885
2024-07-26 14:29:14,46300.0,100,Buy,226832453
2024-07-26 14:29:15,46300.0,1300,Buy,226832497
2024-07-26 14:29:15,46250.0,500,Sell,226832503
2024-07-26 14:29:20,46300.0,100,Buy,226832831
2024-07-26 14:29:20,46250.0,500,Sell,226832897
2024-07-26 14:29:20,46250.0,2500,Sell,226832898
2024-07-26 14:29:32,46300.0,100,Buy,226833548
2024-07-26 14:29:32,46300.0,100,Buy,226833562
2024-07-26 14:44:37,46250.0,84800,ATO/ATC,226834865
