time,price,volume,match_type,id
2024-07-24 09:14:39,45000.0,99700,ATO/ATC,225854133
2024-07-24 09:14:41,45450.0,1000,Buy,225854485
2024-07-24 09:14:41,45000.0,3600,Sell,225854487
2024-07-24 09:14:55,45100.0,1600,Sell,225855115
2024-07-24 09:14:55,45100.0,200,Sell,225855113
2024-07-24 09:14:55,45100.0,100,Sell,225855114
2024-07-24 09:15:07,45300.0,1000,Buy,225855462
2024-07-24 09:15:13,45300.0,1000,Sell,225855672
2024-07-24 09:15:38,45300.0,100,Buy,225856612
2024-07-24 09:15:42,45300.0,500,Buy,225856790
2024-07-24 09:15:47,45300.0,100,Buy,225856918
2024-07-24 09:15:49,45300.0,1700,Buy,225857004
2024-07-24 09:15:52,45300.0,500,Buy,225857091
2024-07-24 09:15:54,45300.0,300,Buy,225857206
2024-07-24 09:15:58,45300.0,100,Buy,225857378
2024-07-24 09:16:04,45300.0,100,Buy,225857611
2024-07-24 09:16:06,45300.0,1000,Buy,225857642
2024-07-24 09:16:06,45300.0,100,Buy,225857657
2024-07-24 09:16:09,45300.0,500,Buy,225857746
2024-07-24 09:16:09,45300.0,200,Buy,225857765
2024-07-24 09:16:12,45300.0,500,Buy,225857851
2024-07-24 09:16:15,45300.0,100,Buy,225858045
2024-07-24 09:16:21,45250.0,100,Sell,225858315
2024-07-24 09:16:21,45250.0,100,Sell,225858316
2024-07-24 09:16:27,45250.0,1100,Buy,225858577
2024-07-24 09:16:29,45250.0,700,Buy,225858648
2024-07-24 09:16:40,45250.0,100,Sell,225859059
2024-07-24 09:16:40,45250.0,200,Sell,225859058
2024-07-24 09:16:40,45250.0,200,Sell,225859057
2024-07-24 09:16:40,45250.0,300,Sell,225859056
2024-07-24 09:16:41,45250.0,300,Buy,225859123
2024-07-24 09:16:43,45250.0,900,Buy,225859195
2024-07-24 09:16:52,45250.0,500,Sell,225859496
2024-07-24 09:17:03,45250.0,500,Sell,225859958
2024-07-24 09:17:06,45250.0,2000,Sell,225860084
2024-07-24 09:17:07,45250.0,200,Sell,225860116
2024-07-24 09:17:07,45250.0,100,Sell,225860114
2024-07-24 09:17:07,45250.0,100,Sell,225860115
2024-07-24 09:17:12,45250.0,500,Buy,225860390
2024-07-24 09:17:16,45250.0,200,Buy,225860544
2024-07-24 09:17:17,45250.0,400,Buy,225860615
2024-07-24 09:17:18,45200.0,100,Sell,225860669
2024-07-24 09:17:18,45200.0,300,Sell,225860673
2024-07-24 09:17:18,45200.0,1100,Sell,225860672
2024-07-24 09:17:18,45200.0,500,Sell,225860668
2024-07-24 09:17:18,45200.0,10000,Sell,225860671
2024-07-24 09:17:18,45200.0,100,Sell,225860666
2024-07-24 09:17:18,45200.0,1500,Sell,225860667
2024-07-24 09:17:18,45250.0,600,Sell,225860663
2024-07-24 09:17:18,45200.0,100,Sell,225860670
2024-07-24 09:17:18,45200.0,500,Sell,225860665
2024-07-24 09:17:18,45200.0,1000,Sell,225860664
2024-07-24 09:17:25,45200.0,700,Buy,225860946
2024-07-24 09:17:25,45200.0,200,Buy,225861010
2024-07-24 09:17:26,45200.0,10000,Buy,225861042
2024-07-24 09:17:30,45150.0,100,Sell,225861374
2024-07-24 09:17:30,45200.0,100,Buy,225861375
2024-07-24 09:17:31,45150.0,400,Sell,225861393
2024-07-24 09:17:37,45150.0,2500,Sell,225861648
2024-07-24 09:17:37,45150.0,1000,Sell,225861649
2024-07-24 09:17:37,45150.0,100,Buy,225861655
2024-07-24 09:17:39,45150.0,400,Buy,225861719
2024-07-24 09:17:39,45200.0,500,Buy,225861720
2024-07-24 09:17:42,45100.0,1000,Sell,225861909
2024-07-24 09:17:42,45100.0,200,Sell,225861908
2024-07-24 09:17:42,45100.0,300,Sell,225861907
2024-07-24 09:17:42,45100.0,100,Sell,225861906
2024-07-24 09:17:42,45100.0,300,Sell,225861904
2024-07-24 09:17:42,45100.0,1000,Sell,225861903
2024-07-24 09:17:42,45100.0,1000,Sell,225861902
2024-07-24 09:17:42,45200.0,1000,Buy,225861901
2024-07-24 09:17:42,45100.0,100,Sell,225861905
2024-07-24 09:17:58,45200.0,600,Buy,225862662
2024-07-24 09:18:06,45200.0,200,Buy,225862991
2024-07-24 09:18:08,45150.0,100,Sell,225863096
2024-07-24 09:18:08,45150.0,200,Sell,225863097
2024-07-24 09:18:08,45150.0,200,Sell,225863098
2024-07-24 09:18:10,45200.0,500,Buy,225863194
2024-07-24 09:18:15,45150.0,500,Sell,225863383
2024-07-24 09:18:18,45200.0,600,Buy,225863569
2024-07-24 09:18:24,45200.0,3000,Buy,225863879
2024-07-24 09:18:24,45200.0,500,Buy,225863880
2024-07-24 09:18:25,45200.0,2300,Buy,225863933
2024-07-24 09:18:26,45200.0,100,Buy,225863983
2024-07-24 09:18:28,45200.0,100,Buy,225864044
2024-07-24 09:18:28,45200.0,1900,Buy,225864045
2024-07-24 09:18:30,45200.0,200,Buy,225864155
2024-07-24 09:18:31,45200.0,4000,Buy,225864195
2024-07-24 09:18:31,45200.0,2900,Buy,225864194
2024-07-24 09:18:39,45200.0,500,Sell,225864675
2024-07-24 09:18:46,45300.0,5000,Buy,225864972
2024-07-24 09:18:48,45250.0,500,Sell,225865068
2024-07-24 09:18:48,45200.0,600,Sell,225865073
2024-07-24 09:18:48,45200.0,1000,Sell,225865072
2024-07-24 09:18:48,45300.0,1000,Sell,225865067
2024-07-24 09:18:48,45250.0,7200,Sell,225865070
2024-07-24 09:18:48,45250.0,1000,Sell,225865069
2024-07-24 09:18:48,45200.0,1500,Sell,225865071
2024-07-24 09:19:00,45300.0,500,Sell,225865647
2024-07-24 09:19:00,45300.0,100,Sell,225865648
2024-07-24 09:19:00,45300.0,400,Sell,225865649
2024-07-24 09:19:07,45300.0,300,Sell,225865898
2024-07-24 09:19:10,45300.0,2000,Sell,225866023
2024-07-24 09:19:24,45450.0,1700,Buy,225866782
2024-07-24 09:19:36,45500.0,100,Buy,225867339
2024-07-24 09:19:43,45500.0,500,Buy,225867608
2024-07-24 09:19:46,45500.0,200,Buy,225867739
2024-07-24 09:20:12,45600.0,200,Sell,225868848
2024-07-24 09:20:22,45800.0,200,Buy,225869204
2024-07-24 09:20:22,45800.0,100,Buy,225869187
2024-07-24 09:20:33,46000.0,300,Buy,225869547
2024-07-24 09:20:33,46000.0,300,Buy,225869544
2024-07-24 09:20:33,46000.0,100,Buy,225869545
2024-07-24 09:20:33,46000.0,300,Buy,225869546
2024-07-24 09:20:37,46000.0,600,Buy,225869732
2024-07-24 09:20:38,46000.0,600,Buy,225869753
2024-07-24 09:20:46,46000.0,2000,Buy,225870042
2024-07-24 09:20:48,46000.0,400,Buy,225870105
2024-07-24 09:20:50,46000.0,500,Buy,225870172
2024-07-24 09:20:50,45900.0,200,Buy,225870171
2024-07-24 09:20:51,46000.0,100,Buy,225870216
2024-07-24 09:20:53,45850.0,1300,Sell,225870328
2024-07-24 09:20:53,45800.0,1600,Sell,225870329
2024-07-24 09:20:54,46000.0,300,Buy,225870348
2024-07-24 09:20:57,46000.0,400,Buy,225870497
2024-07-24 09:20:57,45900.0,200,Buy,225870496
2024-07-24 09:20:58,46000.0,600,Buy,225870534
2024-07-24 09:21:11,46000.0,800,Buy,225870979
2024-07-24 09:21:11,45900.0,200,Buy,225870978
2024-07-24 09:21:14,46000.0,200,Buy,225871064
2024-07-24 09:21:14,45900.0,200,Sell,225871060
2024-07-24 09:21:16,46000.0,200,Buy,225871143
2024-07-24 09:21:17,46000.0,600,Buy,225871190
2024-07-24 09:21:19,46000.0,600,Buy,225871279
2024-07-24 09:21:24,46000.0,100,Buy,225871456
2024-07-24 09:21:29,46000.0,200,Buy,225871598
2024-07-24 09:21:35,45900.0,200,Buy,225871788
2024-07-24 09:21:35,46000.0,300,Buy,225871789
2024-07-24 09:21:37,46000.0,400,Buy,225871836
2024-07-24 09:21:37,45900.0,200,Buy,225871835
2024-07-24 09:21:40,46000.0,600,Buy,225871931
2024-07-24 09:21:57,46000.0,200,Buy,225872496
2024-07-24 09:21:57,46000.0,100,Buy,225872497
2024-07-24 09:21:57,46000.0,300,Buy,225872498
2024-07-24 09:22:01,46000.0,600,Buy,225872610
2024-07-24 09:22:14,45950.0,1000,Buy,225873044
2024-07-24 09:22:17,46000.0,600,Buy,225873169
2024-07-24 09:22:20,46000.0,100,Buy,225873261
2024-07-24 09:22:22,46000.0,500,Buy,225873315
2024-07-24 09:22:22,46000.0,100,Buy,225873316
2024-07-24 09:22:38,46000.0,200,Buy,225873918
2024-07-24 09:22:38,46000.0,200,Buy,225873919
2024-07-24 09:22:38,46000.0,200,Buy,225873920
2024-07-24 09:22:42,46000.0,600,Buy,225874079
2024-07-24 09:22:58,46000.0,600,Buy,225874619
2024-07-24 09:23:03,45950.0,2500,Sell,225874774
2024-07-24 09:23:04,46000.0,600,Buy,225874821
2024-07-24 09:23:15,45950.0,1000,Buy,225875258
2024-07-24 09:23:18,45950.0,600,Buy,225875341
2024-07-24 09:23:20,45950.0,100,Buy,225875434
2024-07-24 09:23:21,45950.0,200,Buy,225875475
2024-07-24 09:23:21,45950.0,100,Buy,225875476
2024-07-24 09:23:21,46000.0,4700,Buy,225875477
2024-07-24 09:23:24,46000.0,600,Buy,225875533
2024-07-24 09:23:38,46000.0,600,Buy,225876011
2024-07-24 09:23:38,46000.0,100,Buy,225876002
2024-07-24 09:23:39,46000.0,800,Buy,225876055
2024-07-24 09:23:45,46000.0,600,Buy,225876259
2024-07-24 09:23:47,46000.0,100,Buy,225876314
2024-07-24 09:23:56,46000.0,200,Buy,225876575
2024-07-24 09:23:58,46000.0,600,Buy,225876678
2024-07-24 09:24:04,45950.0,200,Sell,225876880
2024-07-24 09:24:06,45950.0,600,Buy,225876948
2024-07-24 09:24:10,45950.0,1000,Buy,225877089
2024-07-24 09:24:17,45950.0,300,Buy,225877289
2024-07-24 09:24:18,45950.0,600,Buy,225877357
2024-07-24 09:24:19,45950.0,100,Buy,225877410
2024-07-24 09:24:25,45900.0,100,Sell,225877619
2024-07-24 09:24:27,45900.0,100,Buy,225877655
2024-07-24 09:24:27,45950.0,500,Buy,225877656
2024-07-24 09:24:29,45950.0,100,Buy,225877756
2024-07-24 09:24:39,45900.0,600,Buy,225878173
2024-07-24 09:24:48,45900.0,600,Buy,225878461
2024-07-24 09:24:54,45650.0,600,Sell,225878696
2024-07-24 09:24:54,45650.0,100,Sell,225878695
2024-07-24 09:24:54,45700.0,400,Sell,225878694
2024-07-24 09:24:54,45700.0,100,Sell,225878693
2024-07-24 09:24:54,45800.0,300,Sell,225878691
2024-07-24 09:24:54,45800.0,100,Sell,225878685
2024-07-24 09:24:54,45800.0,100,Sell,225878692
2024-07-24 09:24:54,45800.0,200,Sell,225878690
2024-07-24 09:24:54,45800.0,100,Sell,225878689
2024-07-24 09:24:59,45850.0,600,Buy,225878954
2024-07-24 09:25:09,45800.0,600,Buy,225879345
2024-07-24 09:25:17,45800.0,300,Buy,225879662
2024-07-24 09:25:19,45800.0,600,Buy,225879723
2024-07-24 09:25:20,45650.0,100,Sell,225879781
2024-07-24 09:25:20,45650.0,400,Sell,225879780
2024-07-24 09:25:30,45800.0,600,Buy,225880200
2024-07-24 09:25:38,45650.0,100,Sell,225880535
2024-07-24 09:25:38,45650.0,100,Sell,225880536
2024-07-24 09:25:38,45650.0,100,Sell,225880537
2024-07-24 09:25:38,45650.0,400,Sell,225880538
2024-07-24 09:25:38,45650.0,300,Sell,225880539
2024-07-24 09:25:39,45800.0,600,Buy,225880541
2024-07-24 09:25:47,45800.0,100,Buy,225880791
2024-07-24 09:25:51,45800.0,600,Buy,225880964
2024-07-24 09:25:55,45750.0,100,Buy,225881092
2024-07-24 09:25:59,45800.0,600,Buy,225881269
2024-07-24 09:26:00,45650.0,400,Sell,225881285
2024-07-24 09:26:00,45650.0,1000,Sell,225881286
2024-07-24 09:26:00,45650.0,200,Sell,225881287
2024-07-24 09:26:12,45750.0,600,Buy,225881753
2024-07-24 09:26:19,45700.0,200,Buy,225881982
2024-07-24 09:26:19,45750.0,400,Buy,225881983
2024-07-24 09:26:32,45650.0,100,Sell,225882445
2024-07-24 09:26:32,45650.0,200,Sell,225882446
2024-07-24 09:26:32,45600.0,200,Sell,225882447
2024-07-24 09:26:32,45700.0,600,Buy,225882460
2024-07-24 09:26:39,45700.0,600,Buy,225882692
2024-07-24 09:26:46,45650.0,100,Buy,225882958
2024-07-24 09:26:48,45700.0,300,Buy,225882997
2024-07-24 09:26:53,45700.0,600,Buy,225883221
2024-07-24 09:27:00,45700.0,600,Buy,225883440
2024-07-24 09:27:07,45600.0,500,Sell,225883798
2024-07-24 09:27:07,45600.0,400,Sell,225883797
2024-07-24 09:27:14,45700.0,600,Buy,225884037
2024-07-24 09:27:15,45600.0,100,Sell,225884064
2024-07-24 09:27:15,45600.0,100,Sell,225884065
2024-07-24 09:27:15,45600.0,200,Sell,225884063
2024-07-24 09:27:20,45700.0,600,Buy,225884247
2024-07-24 09:27:21,45600.0,400,Sell,225884276
2024-07-24 09:27:27,45600.0,1000,Sell,225884465
2024-07-24 09:27:27,45600.0,500,Sell,225884466
2024-07-24 09:27:27,45600.0,100,Sell,225884468
2024-07-24 09:27:27,45600.0,300,Sell,225884469
2024-07-24 09:27:27,45600.0,300,Sell,225884470
2024-07-24 09:27:27,45600.0,100,Sell,225884471
2024-07-24 09:27:27,45600.0,1000,Sell,225884467
2024-07-24 09:27:35,45600.0,600,Buy,225884870
2024-07-24 09:27:37,45600.0,600,Buy,225884974
2024-07-24 09:27:40,45600.0,600,Buy,225885055
2024-07-24 09:27:42,45600.0,100,Buy,225885174
2024-07-24 09:27:46,45500.0,700,Sell,225885291
2024-07-24 09:27:46,45550.0,300,Sell,225885289
2024-07-24 09:27:46,45500.0,2000,Sell,225885290
2024-07-24 09:27:48,45600.0,200,Buy,225885363
2024-07-24 09:27:50,45600.0,100,Buy,225885400
2024-07-24 09:27:51,45500.0,200,Sell,225885441
2024-07-24 09:27:51,45500.0,1800,Sell,225885440
2024-07-24 09:27:57,45550.0,600,Buy,225885621
2024-07-24 09:27:58,45500.0,800,Sell,225885637
2024-07-24 09:27:58,45500.0,100,Sell,225885638
2024-07-24 09:27:58,45500.0,1100,Sell,225885639
2024-07-24 09:28:01,45550.0,400,Buy,225885777
2024-07-24 09:28:01,45600.0,200,Buy,225885778
2024-07-24 09:28:01,45600.0,600,Buy,225885818
2024-07-24 09:28:05,45500.0,500,Sell,225885976
2024-07-24 09:28:05,45500.0,1000,Sell,225885977
2024-07-24 09:28:05,45500.0,100,Sell,225885978
2024-07-24 09:28:05,45500.0,400,Sell,225885975
2024-07-24 09:28:09,45550.0,100,Sell,225886066
2024-07-24 09:28:12,45500.0,200,Sell,225886251
2024-07-24 09:28:12,45500.0,3200,Sell,225886263
2024-07-24 09:28:12,45500.0,800,Sell,225886262
2024-07-24 09:28:12,45500.0,200,Sell,225886250
2024-07-24 09:28:12,45500.0,300,Sell,225886248
2024-07-24 09:28:12,45500.0,100,Sell,225886246
2024-07-24 09:28:12,45500.0,1000,Sell,225886249
2024-07-24 09:28:12,45500.0,200,Sell,225886247
2024-07-24 09:28:18,45500.0,1000,Sell,225886413
2024-07-24 09:28:18,45550.0,500,Buy,225886424
2024-07-24 09:28:18,45600.0,100,Buy,225886425
2024-07-24 09:28:20,45600.0,600,Buy,225886483
2024-07-24 09:28:20,45600.0,200,Buy,225886503
2024-07-24 09:28:26,45500.0,100,Sell,225886674
2024-07-24 09:28:26,45500.0,100,Sell,225886675
2024-07-24 09:28:26,45500.0,800,Sell,225886673
2024-07-24 09:28:37,45500.0,500,Sell,225887080
2024-07-24 09:28:37,45500.0,500,Sell,225887081
2024-07-24 09:28:39,45550.0,500,Buy,225887131
2024-07-24 09:28:39,45550.0,100,Buy,225887132
2024-07-24 09:28:40,45550.0,600,Buy,225887155
2024-07-24 09:28:49,45500.0,100,Sell,225887432
2024-07-24 09:28:49,45500.0,100,Sell,225887431
2024-07-24 09:28:49,45500.0,300,Sell,225887430
2024-07-24 09:28:51,45500.0,1200,Sell,225887490
2024-07-24 09:28:51,45450.0,200,Sell,225887491
2024-07-24 09:28:52,45500.0,1500,Buy,225887531
2024-07-24 09:28:56,45500.0,100,Sell,225887656
2024-07-24 09:28:57,45500.0,1000,Sell,225887716
2024-07-24 09:29:00,45550.0,300,Buy,225887818
2024-07-24 09:29:00,45550.0,100,Buy,225887819
2024-07-24 09:29:00,45550.0,200,Buy,225887820
2024-07-24 09:29:00,45600.0,600,Buy,225887835
2024-07-24 09:29:03,45500.0,1000,Sell,225887894
2024-07-24 09:29:05,45600.0,3300,Buy,225887963
2024-07-24 09:29:05,45600.0,100,Buy,225887964
2024-07-24 09:29:05,45600.0,3500,Buy,225887965
2024-07-24 09:29:05,45600.0,1000,Buy,225887966
2024-07-24 09:29:05,45600.0,1500,Buy,225887967
2024-07-24 09:29:05,45700.0,1000,Buy,225887968
2024-07-24 09:29:05,45700.0,12100,Buy,225887969
2024-07-24 09:29:11,45500.0,100,Sell,225888187
2024-07-24 09:29:11,45600.0,500,Sell,225888185
2024-07-24 09:29:11,45600.0,400,Sell,225888186
2024-07-24 09:29:13,45500.0,200,Sell,225888249
2024-07-24 09:29:15,45700.0,400,Buy,225888309
2024-07-24 09:29:17,45500.0,900,Sell,225888384
2024-07-24 09:29:17,45500.0,100,Sell,225888385
2024-07-24 09:29:17,45550.0,1500,Buy,225888386
2024-07-24 09:29:19,45700.0,7500,Buy,225888497
2024-07-24 09:29:20,45700.0,100,Buy,225888539
2024-07-24 09:29:20,45750.0,500,Buy,225888540
2024-07-24 09:29:21,45750.0,600,Buy,225888554
2024-07-24 09:29:24,45600.0,100,Sell,225888637
2024-07-24 09:29:24,45600.0,900,Sell,225888638
2024-07-24 09:29:33,45600.0,1000,Sell,225889009
2024-07-24 09:29:41,45700.0,200,Buy,225889353
2024-07-24 09:29:41,45750.0,400,Buy,225889354
2024-07-24 09:29:43,45750.0,100,Buy,225889414
2024-07-24 09:29:43,45750.0,500,Buy,225889413
2024-07-24 09:30:01,45800.0,600,Buy,225890071
2024-07-24 09:30:04,45800.0,600,Buy,225890145
2024-07-24 09:30:21,45800.0,600,Buy,225890639
2024-07-24 09:30:24,45800.0,600,Buy,225890745
2024-07-24 09:30:25,45750.0,200,Sell,225890763
2024-07-24 09:30:31,45800.0,200,Buy,225890893
2024-07-24 09:30:41,45800.0,600,Buy,225891152
2024-07-24 09:30:41,45800.0,100,Buy,225891153
2024-07-24 09:30:42,45750.0,200,Sell,225891213
2024-07-24 09:30:45,45800.0,600,Buy,225891361
2024-07-24 09:31:01,45800.0,600,Buy,225891985
2024-07-24 09:31:06,45800.0,600,Buy,225892121
2024-07-24 09:31:22,45800.0,600,Buy,225892579
2024-07-24 09:31:28,45800.0,600,Buy,225892768
2024-07-24 09:31:34,45800.0,100,Buy,225892940
2024-07-24 09:31:42,45750.0,300,Sell,225893104
2024-07-24 09:31:42,45800.0,600,Buy,225893103
2024-07-24 09:31:49,45800.0,600,Buy,225893359
2024-07-24 09:31:53,45750.0,400,Sell,225893506
2024-07-24 09:31:53,45750.0,300,Sell,225893507
2024-07-24 09:32:02,45800.0,600,Buy,225893821
2024-07-24 09:32:10,45750.0,600,Buy,225894066
2024-07-24 09:32:11,45750.0,300,Buy,225894099
2024-07-24 09:32:20,45750.0,100,Buy,225894353
2024-07-24 09:32:22,45750.0,600,Buy,225894446
2024-07-24 09:32:23,45750.0,100,Buy,225894497
2024-07-24 09:32:31,45750.0,500,Buy,225894745
2024-07-24 09:32:31,45750.0,100,Buy,225894744
2024-07-24 09:32:42,45750.0,500,Buy,225895135
2024-07-24 09:32:42,45800.0,100,Buy,225895136
2024-07-24 09:32:52,45800.0,600,Buy,225895392
2024-07-24 09:33:02,45800.0,600,Buy,225895634
2024-07-24 09:33:13,45800.0,600,Buy,225895873
2024-07-24 09:33:22,45750.0,600,Buy,225896064
2024-07-24 09:33:29,45600.0,100,Sell,225896218
2024-07-24 09:33:29,45700.0,100,Sell,225896216
2024-07-24 09:33:29,45700.0,100,Sell,225896215
2024-07-24 09:33:29,45700.0,200,Sell,225896217
2024-07-24 09:33:34,45750.0,600,Buy,225896331
2024-07-24 09:33:43,45750.0,100,Buy,225896505
2024-07-24 09:33:43,45750.0,500,Buy,225896506
2024-07-24 09:33:53,45800.0,400,Buy,225896837
2024-07-24 09:33:53,45800.0,400,Buy,225896836
2024-07-24 09:33:53,45800.0,10000,Buy,225896835
2024-07-24 09:33:53,45750.0,100,Buy,225896832
2024-07-24 09:33:53,45800.0,6500,Buy,225896833
2024-07-24 09:33:53,45800.0,100,Buy,225896834
2024-07-24 09:33:53,45750.0,2000,Buy,225896831
2024-07-24 09:33:53,45750.0,500,Buy,225896830
2024-07-24 09:33:54,45800.0,900,Buy,225896844
2024-07-24 09:33:54,45800.0,100,Buy,225896845
2024-07-24 09:33:55,45800.0,600,Buy,225896871
2024-07-24 09:34:00,45800.0,1000,Buy,225896989
2024-07-24 09:34:03,45800.0,600,Buy,225897056
2024-07-24 09:34:12,45800.0,900,Buy,225897289
2024-07-24 09:34:16,45800.0,600,Buy,225897426
2024-07-24 09:34:17,45800.0,100,Buy,225897450
2024-07-24 09:34:17,45800.0,1100,Buy,225897451
2024-07-24 09:34:23,45850.0,600,Buy,225897597
2024-07-24 09:34:37,45850.0,600,Buy,225897955
2024-07-24 09:34:41,45850.0,500,Buy,225898022
2024-07-24 09:34:41,45850.0,200,Buy,225898021
2024-07-24 09:34:41,45850.0,100,Buy,225898019
2024-07-24 09:34:41,45850.0,3200,Buy,225898018
2024-07-24 09:34:41,45850.0,1000,Buy,225898020
2024-07-24 09:34:43,45850.0,600,Buy,225898065
2024-07-24 09:34:55,45800.0,200,Buy,225898366
2024-07-24 09:34:56,45850.0,400,Buy,225898387
2024-07-24 09:34:56,45850.0,600,Buy,225898388
2024-07-24 09:34:59,45850.0,600,Buy,225898432
2024-07-24 09:35:03,45850.0,600,Buy,225898643
2024-07-24 09:35:20,45900.0,300,Buy,225899199
2024-07-24 09:35:20,45850.0,100,Buy,225899198
2024-07-24 09:35:20,45850.0,200,Buy,225899197
2024-07-24 09:35:23,45900.0,600,Buy,225899269
2024-07-24 09:35:29,45900.0,3000,Buy,225899406
2024-07-24 09:35:32,45900.0,200,Buy,225899509
2024-07-24 09:35:43,45900.0,600,Buy,225899793
2024-07-24 09:35:44,45900.0,600,Buy,225899822
2024-07-24 09:35:45,45900.0,100,Buy,225899855
2024-07-24 09:35:47,45900.0,100,Buy,225899890
2024-07-24 09:36:01,45900.0,5000,Buy,225900206
2024-07-24 09:36:02,45900.0,600,Buy,225900252
2024-07-24 09:36:04,45900.0,600,Buy,225900279
2024-07-24 09:36:18,45850.0,200,Sell,225900653
2024-07-24 09:36:23,45900.0,600,Buy,225900808
2024-07-24 09:36:24,45900.0,600,Buy,225900828
2024-07-24 09:36:29,45800.0,2100,Sell,225900919
2024-07-24 09:36:29,45850.0,800,Sell,225900916
2024-07-24 09:36:29,45800.0,300,Sell,225900917
2024-07-24 09:36:29,45800.0,1000,Sell,225900918
2024-07-24 09:36:35,45900.0,1500,Buy,225901053
2024-07-24 09:36:38,45900.0,100,Buy,225901162
2024-07-24 09:36:44,45900.0,600,Buy,225901303
2024-07-24 09:36:44,45900.0,600,Buy,225901316
2024-07-24 09:37:04,45900.0,600,Buy,225901867
2024-07-24 09:37:05,45900.0,600,Buy,225901890
2024-07-24 09:37:24,45850.0,500,Buy,225902352
2024-07-24 09:37:24,45900.0,100,Buy,225902353
2024-07-24 09:37:26,45900.0,600,Buy,225902391
2024-07-24 09:37:44,45900.0,600,Buy,225902849
2024-07-24 09:37:47,45900.0,600,Buy,225902905
2024-07-24 09:37:48,45900.0,100,Buy,225902957
2024-07-24 09:38:05,45900.0,600,Buy,225903355
2024-07-24 09:38:08,45900.0,600,Buy,225903467
2024-07-24 09:38:14,45900.0,1100,Buy,225903580
2024-07-24 09:38:25,45900.0,600,Buy,225903863
2024-07-24 09:38:28,45900.0,2000,Buy,225903931
2024-07-24 09:38:28,45900.0,600,Buy,225903946
2024-07-24 09:38:43,45900.0,200,Buy,225904221
2024-07-24 09:38:45,45900.0,600,Buy,225904251
2024-07-24 09:38:47,45900.0,100,Buy,225904303
2024-07-24 09:38:49,45900.0,600,Buy,225904345
2024-07-24 09:38:52,45900.0,2000,Buy,225904420
2024-07-24 09:39:04,45850.0,200,Sell,225904672
2024-07-24 09:39:05,45900.0,600,Buy,225904695
2024-07-24 09:39:10,45900.0,600,Buy,225904972
2024-07-24 09:39:15,45850.0,300,Sell,225905109
2024-07-24 09:39:25,45850.0,600,Buy,225905357
2024-07-24 09:39:32,45850.0,600,Buy,225905506
2024-07-24 09:39:48,45850.0,600,Buy,225905900
2024-07-24 09:39:51,45850.0,100,Buy,225905986
2024-07-24 09:39:51,45850.0,500,Buy,225905974
2024-07-24 09:39:53,45850.0,600,Buy,225906036
2024-07-24 09:40:06,45850.0,600,Buy,225906391
2024-07-24 09:40:14,45850.0,600,Buy,225906597
2024-07-24 09:40:26,45850.0,600,Buy,225906901
2024-07-24 09:40:33,45850.0,100,Buy,225907022
2024-07-24 09:40:35,45850.0,600,Buy,225907062
2024-07-24 09:40:46,45850.0,600,Buy,225907354
2024-07-24 09:40:48,45800.0,900,Sell,225907426
2024-07-24 09:40:49,45800.0,2000,Sell,225907429
2024-07-24 09:40:49,45800.0,200,Sell,225907430
2024-07-24 09:40:49,45800.0,100,Sell,225907432
2024-07-24 09:40:49,45800.0,100,Sell,225907433
2024-07-24 09:40:49,45800.0,4000,Sell,225907434
2024-07-24 09:40:49,45800.0,300,Sell,225907435
2024-07-24 09:40:49,45800.0,200,Sell,225907436
2024-07-24 09:40:49,45800.0,700,Sell,225907437
2024-07-24 09:40:49,45800.0,1000,Sell,225907431
2024-07-24 09:40:55,45850.0,100,Buy,225907628
2024-07-24 09:40:55,45800.0,500,Buy,225907627
2024-07-24 09:41:06,45850.0,600,Buy,225907875
2024-07-24 09:41:16,45850.0,600,Buy,225908167
2024-07-24 09:41:26,45850.0,600,Buy,225908439
2024-07-24 09:41:37,45850.0,600,Buy,225908725
2024-07-24 09:41:46,45850.0,100,Buy,225908932
2024-07-24 09:41:47,45850.0,600,Buy,225908943
2024-07-24 09:41:47,45850.0,10400,Buy,225908950
2024-07-24 09:41:47,45850.0,500,Buy,225908951
2024-07-24 09:41:47,45850.0,100,Buy,225908952
2024-07-24 09:41:47,45850.0,2000,Buy,225908953
2024-07-24 09:41:47,45850.0,1000,Buy,225908955
2024-07-24 09:41:47,45850.0,200,Buy,225908956
2024-07-24 09:41:47,45850.0,100,Buy,225908954
2024-07-24 09:41:58,45900.0,600,Buy,225909192
2024-07-24 09:42:06,45900.0,100,Buy,225909448
2024-07-24 09:42:07,45900.0,600,Buy,225909490
2024-07-24 09:42:19,45900.0,600,Buy,225909726
2024-07-24 09:42:27,45900.0,1000,Buy,225909927
2024-07-24 09:42:27,45900.0,600,Buy,225909926
2024-07-24 09:42:40,45900.0,600,Buy,225910182
2024-07-24 09:42:47,45900.0,600,Buy,225910354
2024-07-24 09:42:55,45900.0,100,Buy,225910592
2024-07-24 09:43:01,45900.0,600,Buy,225910788
2024-07-24 09:43:07,45900.0,600,Buy,225910899
2024-07-24 09:43:11,45900.0,200,Buy,225910973
2024-07-24 09:43:12,45900.0,2000,Buy,225910998
2024-07-24 09:43:15,45900.0,5000,Buy,225911088
2024-07-24 09:43:18,45900.0,200,Buy,225911202
2024-07-24 09:43:22,45900.0,600,Buy,225911275
2024-07-24 09:43:23,45900.0,2300,Buy,225911282
2024-07-24 09:43:24,45900.0,3400,Buy,225911300
2024-07-24 09:43:24,45900.0,500,Buy,225911301
2024-07-24 09:43:24,45900.0,1000,Buy,225911302
2024-07-24 09:43:24,45900.0,100,Buy,225911303
2024-07-24 09:43:24,45900.0,100,Buy,225911304
2024-07-24 09:43:24,45900.0,1600,Buy,225911305
2024-07-24 09:43:25,45900.0,200,Buy,225911329
2024-07-24 09:43:25,45900.0,100,Buy,225911328
2024-07-24 09:43:25,45900.0,300,Buy,225911327
2024-07-24 09:43:25,45900.0,300,Buy,225911326
2024-07-24 09:43:25,45900.0,2000,Buy,225911325
2024-07-24 09:43:25,45900.0,2000,Buy,225911323
2024-07-24 09:43:25,45900.0,1400,Buy,225911320
2024-07-24 09:43:25,45900.0,1000,Buy,225911324
2024-07-24 09:43:25,45900.0,100,Buy,225911322
2024-07-24 09:43:25,45900.0,1500,Buy,225911321
2024-07-24 09:43:27,45950.0,500,Buy,225911365
2024-07-24 09:43:27,46000.0,100,Buy,225911366
2024-07-24 09:43:28,46000.0,1000,Buy,225911398
2024-07-24 09:43:28,46000.0,2600,Buy,225911397
2024-07-24 09:43:28,46000.0,300,Buy,225911389
2024-07-24 09:43:28,46000.0,500,Buy,225911395
2024-07-24 09:43:28,46000.0,2000,Buy,225911394
2024-07-24 09:43:28,46000.0,3000,Buy,225911393
2024-07-24 09:43:28,46000.0,1000,Buy,225911392
2024-07-24 09:43:28,46000.0,200,Buy,225911391
2024-07-24 09:43:28,46000.0,3000,Buy,225911390
2024-07-24 09:43:28,46000.0,1000,Buy,225911396
2024-07-24 09:43:28,46000.0,300,Buy,225911388
2024-07-24 09:43:28,46000.0,3700,Buy,225911387
2024-07-24 09:43:28,46000.0,9600,Buy,225911375
2024-07-24 09:43:28,46000.0,5300,Buy,225911376
2024-07-24 09:43:28,46000.0,100,Buy,225911378
2024-07-24 09:43:28,46000.0,100,Buy,225911379
2024-07-24 09:43:28,46000.0,100,Buy,225911380
2024-07-24 09:43:28,46000.0,600,Buy,225911377
2024-07-24 09:43:28,46000.0,5000,Buy,225911382
2024-07-24 09:43:28,46000.0,4600,Buy,225911383
2024-07-24 09:43:28,46000.0,800,Buy,225911384
2024-07-24 09:43:28,46000.0,900,Buy,225911385
2024-07-24 09:43:28,46000.0,400,Buy,225911381
2024-07-24 09:43:28,46000.0,1000,Buy,225911386
2024-07-24 09:43:45,46000.0,2000,Sell,225911736
2024-07-24 09:44:14,46000.0,400,Sell,225912396
2024-07-24 09:44:16,46000.0,100,Sell,225912443
2024-07-24 09:44:17,46000.0,500,Sell,225912462
2024-07-24 09:44:19,46000.0,3900,Sell,225912515
2024-07-24 09:44:19,46000.0,1000,Sell,225912513
2024-07-24 09:44:19,46000.0,100,Sell,225912514
2024-07-24 09:44:34,46000.0,500,Sell,225912875
2024-07-24 09:45:01,46000.0,200,Sell,225913472
2024-07-24 09:45:03,46100.0,100,Buy,225913505
2024-07-24 09:45:11,46000.0,400,Sell,225913793
2024-07-24 09:45:11,46000.0,2800,Sell,225913794
2024-07-24 09:45:11,46000.0,100,Sell,225913795
2024-07-24 09:45:27,46000.0,700,Buy,225914117
2024-07-24 09:45:29,46000.0,700,Buy,225914177
2024-07-24 09:45:41,46100.0,200,Buy,225914466
2024-07-24 09:45:41,46100.0,100,Buy,225914465
2024-07-24 09:45:41,46100.0,100,Buy,225914464
2024-07-24 09:45:41,46000.0,200,Buy,225914462
2024-07-24 09:45:41,46000.0,300,Buy,225914461
2024-07-24 09:45:41,46000.0,500,Buy,225914463
2024-07-24 09:46:21,46200.0,300,Buy,225915319
2024-07-24 09:46:21,46200.0,100,Buy,225915320
2024-07-24 09:46:21,46200.0,600,Buy,225915321
2024-07-24 09:47:32,46000.0,100,Sell,225917139
2024-07-24 09:47:32,46000.0,100,Sell,225917138
2024-07-24 09:47:32,46100.0,100,Sell,225917137
2024-07-24 09:47:32,46100.0,100,Sell,225917136
2024-07-24 09:47:32,46100.0,100,Sell,225917134
2024-07-24 09:47:32,46100.0,400,Sell,225917135
2024-07-24 09:47:32,46100.0,100,Sell,225917133
2024-07-24 09:47:44,46000.0,1000,Sell,225917383
2024-07-24 09:47:59,46000.0,400,Sell,225917859
2024-07-24 09:47:59,46000.0,400,Sell,225917860
2024-07-24 09:47:59,46000.0,200,Sell,225917858
2024-07-24 09:48:03,46000.0,300,Sell,225918050
2024-07-24 09:48:03,46000.0,700,Sell,225918051
2024-07-24 09:48:03,46000.0,1000,Sell,225918052
2024-07-24 09:48:10,46100.0,100,Buy,225918257
2024-07-24 09:48:32,46100.0,400,Buy,225918880
2024-07-24 09:48:51,46100.0,100,Buy,225919332
2024-07-24 09:49:35,46000.0,3000,Sell,225920403
2024-07-24 09:50:23,46000.0,600,Sell,225921716
2024-07-24 09:50:23,46000.0,6000,Sell,225921711
2024-07-24 09:50:23,46000.0,600,Sell,225921712
2024-07-24 09:50:23,46000.0,100,Sell,225921713
2024-07-24 09:50:23,46000.0,100,Sell,225921714
2024-07-24 09:50:23,46000.0,100,Sell,225921715
2024-07-24 09:50:30,46000.0,600,Buy,225921937
2024-07-24 09:50:36,46000.0,200,Buy,225922110
2024-07-24 09:50:38,46000.0,600,Buy,225922168
2024-07-24 09:50:50,46000.0,600,Buy,225922519
2024-07-24 09:50:53,46000.0,1000,Buy,225922568
2024-07-24 09:50:59,45950.0,300,Buy,225922744
2024-07-24 09:50:59,46000.0,300,Buy,225922747
2024-07-24 09:51:07,45900.0,200,Sell,225922946
2024-07-24 09:51:12,46000.0,600,Buy,225923113
2024-07-24 09:51:21,46000.0,600,Buy,225923428
2024-07-24 09:51:23,46000.0,1000,Buy,225923484
2024-07-24 09:51:31,46000.0,600,Buy,225923631
2024-07-24 09:51:42,46000.0,600,Buy,225923907
2024-07-24 09:51:51,46000.0,600,Buy,225924101
2024-07-24 09:51:59,45900.0,1300,Sell,225924310
2024-07-24 09:51:59,45900.0,1300,Sell,225924311
2024-07-24 09:52:02,46000.0,100,Buy,225924433
2024-07-24 09:52:03,46000.0,600,Buy,225924437
2024-07-24 09:52:11,46000.0,600,Buy,225924601
2024-07-24 09:52:13,46000.0,500,Buy,225924628
2024-07-24 09:52:24,46000.0,200,Buy,225924995
2024-07-24 09:52:24,46000.0,400,Buy,225924994
2024-07-24 09:52:31,46000.0,600,Buy,225925204
2024-07-24 09:52:32,45900.0,400,Sell,225925222
2024-07-24 09:52:32,45900.0,100,Sell,225925223
2024-07-24 09:52:45,46000.0,600,Buy,225925626
2024-07-24 09:52:51,46000.0,600,Buy,225925855
2024-07-24 09:53:03,45900.0,5000,Sell,225926197
2024-07-24 09:53:06,46000.0,600,Buy,225926328
2024-07-24 09:53:12,46000.0,600,Buy,225926615
2024-07-24 09:53:15,45900.0,100,Sell,225926712
2024-07-24 09:53:26,45950.0,600,Buy,225927144
2024-07-24 09:53:26,45900.0,10900,Sell,225927147
2024-07-24 09:53:26,45900.0,5000,Sell,225927148
2024-07-24 09:53:26,45900.0,100,Sell,225927149
2024-07-24 09:53:26,45900.0,2000,Sell,225927150
2024-07-24 09:53:28,45850.0,100,Sell,225927185
2024-07-24 09:53:28,45850.0,500,Sell,225927184
2024-07-24 09:53:28,45850.0,100,Sell,225927182
2024-07-24 09:53:28,45850.0,100,Sell,225927181
2024-07-24 09:53:28,45850.0,2200,Sell,225927183
2024-07-24 09:53:32,45900.0,600,Buy,225927323
2024-07-24 09:53:42,45800.0,100,Sell,225927577
2024-07-24 09:53:47,45900.0,600,Buy,225927745
2024-07-24 09:53:47,45800.0,200,Sell,225927753
2024-07-24 09:53:47,45800.0,500,Sell,225927754
2024-07-24 09:53:47,45800.0,100,Sell,225927755
2024-07-24 09:53:47,45800.0,2000,Sell,225927756
2024-07-24 09:53:50,45800.0,600,Sell,225927861
2024-07-24 09:53:50,45800.0,1000,Sell,225927859
2024-07-24 09:53:50,45800.0,200,Sell,225927860
2024-07-24 09:53:52,45900.0,600,Buy,225927940
2024-07-24 09:54:08,45800.0,500,Sell,225928785
2024-07-24 09:54:09,45900.0,600,Buy,225928875
2024-07-24 09:54:10,45800.0,500,Sell,225928897
2024-07-24 09:54:10,45800.0,100,Sell,225928898
2024-07-24 09:54:10,45800.0,400,Sell,225928899
2024-07-24 09:54:12,45900.0,600,Buy,225929022
2024-07-24 09:54:20,45800.0,400,Sell,225929286
2024-07-24 09:54:20,45800.0,100,Sell,225929284
2024-07-24 09:54:20,45800.0,1000,Sell,225929285
2024-07-24 09:54:30,45900.0,600,Buy,225929678
2024-07-24 09:54:32,45900.0,600,Buy,225929773
2024-07-24 09:54:51,45900.0,1000,Buy,225930285
2024-07-24 09:54:51,45900.0,600,Buy,225930265
2024-07-24 09:54:53,45900.0,600,Buy,225930317
2024-07-24 09:55:07,45850.0,500,Buy,225930705
2024-07-24 09:55:07,45900.0,500,Buy,225930706
2024-07-24 09:55:11,45850.0,500,Sell,225930935
2024-07-24 09:55:11,45800.0,500,Sell,225930936
2024-07-24 09:55:12,45900.0,600,Buy,225930945
2024-07-24 09:55:13,45900.0,600,Buy,225930959
2024-07-24 09:55:33,45900.0,600,Buy,225931517
2024-07-24 09:55:33,45900.0,600,Buy,225931530
2024-07-24 09:55:46,45900.0,2000,Buy,225931868
2024-07-24 09:55:53,45900.0,600,Buy,225932026
2024-07-24 09:55:55,45900.0,600,Buy,225932102
2024-07-24 09:56:03,45900.0,600,Buy,225932481
2024-07-24 09:56:05,45850.0,200,Sell,225932536
2024-07-24 09:56:05,45850.0,400,Sell,225932537
2024-07-24 09:56:05,45800.0,100,Sell,225932538
2024-07-24 09:56:05,45800.0,300,Sell,225932539
2024-07-24 09:56:13,45900.0,600,Buy,225932827
2024-07-24 09:56:15,45900.0,600,Buy,225932916
2024-07-24 09:56:28,45900.0,1100,Buy,225933256
2024-07-24 09:56:33,45900.0,600,Buy,225933365
2024-07-24 09:56:37,45900.0,600,Buy,225933449
2024-07-24 09:56:53,45900.0,600,Buy,225933958
2024-07-24 09:56:57,45900.0,600,Buy,225934072
2024-07-24 09:57:13,45900.0,600,Buy,225934739
2024-07-24 09:57:16,45850.0,100,Sell,225934842
2024-07-24 09:57:16,45850.0,100,Sell,225934843
2024-07-24 09:57:16,45850.0,300,Sell,225934844
2024-07-24 09:57:19,45900.0,600,Buy,225934956
2024-07-24 09:57:31,45850.0,600,Sell,225935312
2024-07-24 09:57:31,45800.0,300,Sell,225935314
2024-07-24 09:57:31,45800.0,100,Sell,225935313
2024-07-24 09:57:34,45900.0,600,Buy,225935416
2024-07-24 09:57:40,45900.0,600,Buy,225935633
2024-07-24 09:57:51,45900.0,100,Buy,225936004
2024-07-24 09:57:54,45850.0,600,Buy,225936195
2024-07-24 09:58:01,45900.0,200,Buy,225936550
2024-07-24 09:58:01,45850.0,400,Buy,225936549
2024-07-24 09:58:05,45850.0,400,Sell,225936781
2024-07-24 09:58:14,45900.0,500,Buy,225937139
2024-07-24 09:58:14,45850.0,100,Buy,225937137
2024-07-24 09:58:21,45900.0,600,Buy,225937405
2024-07-24 09:58:29,45800.0,200,Sell,225937631
2024-07-24 09:58:34,45900.0,600,Buy,225937792
2024-07-24 09:58:36,45800.0,500,Sell,225937851
2024-07-24 09:58:42,45900.0,600,Buy,225938024
2024-07-24 09:58:54,45850.0,600,Buy,225938523
2024-07-24 09:58:56,45850.0,600,Buy,225938648
2024-07-24 09:59:03,45850.0,600,Buy,225938916
2024-07-24 09:59:06,45800.0,4000,Sell,225938982
2024-07-24 09:59:07,45800.0,500,Sell,225939038
2024-07-24 09:59:12,45850.0,1100,Buy,225939165
2024-07-24 09:59:15,45900.0,600,Buy,225939221
2024-07-24 09:59:20,45900.0,1000,Buy,225939474
2024-07-24 09:59:27,45900.0,600,Buy,225939708
2024-07-24 09:59:35,45900.0,600,Buy,225939971
2024-07-24 09:59:46,45900.0,1000,Buy,225940642
2024-07-24 09:59:48,45900.0,600,Buy,225940677
2024-07-24 09:59:55,45900.0,600,Buy,225940953
2024-07-24 10:00:01,45850.0,600,Sell,225941333
2024-07-24 10:00:10,45850.0,600,Buy,225941759
2024-07-24 10:00:15,45850.0,600,Buy,225941981
2024-07-24 10:00:26,45800.0,300,Sell,225942489
2024-07-24 10:00:30,45800.0,100,Sell,225942734
2024-07-24 10:00:31,45850.0,600,Buy,225942762
2024-07-24 10:00:35,45850.0,600,Buy,225943113
2024-07-24 10:00:45,45800.0,4100,Sell,225943484
2024-07-24 10:00:45,45800.0,3900,Sell,225943486
2024-07-24 10:00:45,45800.0,2000,Sell,225943485
2024-07-24 10:00:52,45850.0,600,Buy,225943707
2024-07-24 10:00:52,45850.0,4000,Buy,225943708
2024-07-24 10:00:55,45800.0,200,Sell,225943811
2024-07-24 10:00:56,45850.0,600,Buy,225943848
2024-07-24 10:00:57,45850.0,900,Buy,225943921
2024-07-24 10:01:11,45800.0,200,Sell,225944843
2024-07-24 10:01:11,45800.0,500,Sell,225944842
2024-07-24 10:01:11,45800.0,100,Sell,225944841
2024-07-24 10:01:11,45800.0,100,Sell,225944839
2024-07-24 10:01:11,45800.0,2100,Sell,225944838
2024-07-24 10:01:11,45800.0,600,Sell,225944840
2024-07-24 10:01:12,45800.0,600,Buy,225945025
2024-07-24 10:01:16,45800.0,600,Buy,225945154
2024-07-24 10:01:24,45750.0,300,Sell,225945534
2024-07-24 10:01:24,45750.0,4700,Sell,225945535
2024-07-24 10:01:29,45700.0,100,Sell,225945744
2024-07-24 10:01:29,45700.0,100,Sell,225945745
2024-07-24 10:01:29,45750.0,300,Sell,225945742
2024-07-24 10:01:29,45750.0,500,Sell,225945743
2024-07-24 10:01:35,45750.0,600,Buy,225946061
2024-07-24 10:01:36,45750.0,400,Buy,225946082
2024-07-24 10:01:36,45800.0,200,Buy,225946083
2024-07-24 10:01:56,45800.0,600,Buy,225947302
2024-07-24 10:01:57,45800.0,600,Buy,225947348
2024-07-24 10:02:03,45700.0,100,Sell,225947739
2024-07-24 10:02:03,45700.0,200,Sell,225947741
2024-07-24 10:02:03,45700.0,400,Sell,225947740
2024-07-24 10:02:03,45700.0,500,Sell,225947738
2024-07-24 10:02:03,45700.0,500,Sell,225947726
2024-07-24 10:02:03,45700.0,100,Sell,225947736
2024-07-24 10:02:03,45700.0,1000,Sell,225947727
2024-07-24 10:02:03,45700.0,1000,Sell,225947725
2024-07-24 10:02:03,45700.0,900,Sell,225947724
2024-07-24 10:02:03,45700.0,300,Sell,225947737
2024-07-24 10:02:04,45700.0,200,Sell,225947771
2024-07-24 10:02:05,45750.0,600,Buy,225947793
2024-07-24 10:02:08,45750.0,1000,Buy,225948037
2024-07-24 10:02:17,45750.0,600,Buy,225948594
2024-07-24 10:02:17,45750.0,300,Buy,225948601
2024-07-24 10:02:17,45750.0,300,Buy,225948602
2024-07-24 10:02:21,45700.0,1200,Sell,225948911
2024-07-24 10:02:21,45700.0,100,Sell,225948912
2024-07-24 10:02:21,45600.0,500,Sell,225948913
2024-07-24 10:02:37,45600.0,3900,Sell,225950005
2024-07-24 10:02:37,45700.0,600,Buy,225950018
2024-07-24 10:02:37,45600.0,200,Sell,225950003
2024-07-24 10:02:37,45600.0,500,Sell,225950004
2024-07-24 10:02:37,45600.0,400,Sell,225950002
2024-07-24 10:02:38,45700.0,400,Buy,225950074
2024-07-24 10:02:38,45750.0,200,Buy,225950075
2024-07-24 10:02:51,45700.0,100,Buy,225950810
2024-07-24 10:02:51,45700.0,500,Buy,225950811
2024-07-24 10:02:54,45700.0,100,Buy,225951104
2024-07-24 10:02:56,45700.0,600,Buy,225951212
2024-07-24 10:02:58,45600.0,500,Sell,225951318
2024-07-24 10:02:58,45600.0,200,Sell,225951317
2024-07-24 10:02:58,45600.0,100,Sell,225951315
2024-07-24 10:02:58,45600.0,1100,Sell,225951314
2024-07-24 10:02:58,45600.0,100,Sell,225951316
2024-07-24 10:02:59,45700.0,600,Buy,225951379
2024-07-24 10:03:02,45700.0,100,Buy,225951480
2024-07-24 10:03:12,45700.0,600,Buy,225952008
2024-07-24 10:03:17,45700.0,600,Buy,225952340
2024-07-24 10:03:18,45700.0,900,Buy,225952421
2024-07-24 10:03:20,45700.0,300,Buy,225952571
2024-07-24 10:03:20,45700.0,300,Buy,225952572
2024-07-24 10:03:21,45700.0,800,Buy,225952623
2024-07-24 10:03:27,45700.0,400,Buy,225952961
2024-07-24 10:03:30,45700.0,3000,Buy,225953187
2024-07-24 10:03:32,45700.0,500,Buy,225953355
2024-07-24 10:03:32,45700.0,100,Buy,225953356
2024-07-24 10:03:33,45700.0,400,Buy,225953386
2024-07-24 10:03:33,45700.0,500,Buy,225953387
2024-07-24 10:03:34,45700.0,400,Buy,225953433
2024-07-24 10:03:37,45700.0,600,Buy,225953571
2024-07-24 10:03:39,45700.0,400,Buy,225953723
2024-07-24 10:03:42,45700.0,600,Buy,225953927
2024-07-24 10:03:42,45650.0,100,Sell,225953922
2024-07-24 10:03:42,45650.0,400,Sell,225953921
2024-07-24 10:03:42,45650.0,1400,Sell,225953923
2024-07-24 10:03:47,45700.0,700,Buy,225954119
2024-07-24 10:03:52,45700.0,600,Buy,225954392
2024-07-24 10:03:57,45700.0,400,Buy,225954694
2024-07-24 10:03:57,45700.0,600,Buy,225954730
2024-07-24 10:04:01,45650.0,400,Sell,225954869
2024-07-24 10:04:01,45650.0,500,Sell,225954870
2024-07-24 10:04:03,45700.0,1000,Buy,225954955
2024-07-24 10:04:04,45700.0,600,Buy,225955000
2024-07-24 10:04:18,45700.0,600,Buy,225955560
2024-07-24 10:04:20,45600.0,200,Sell,225955630
2024-07-24 10:04:20,45650.0,100,Sell,225955629
2024-07-24 10:04:20,45650.0,500,Sell,225955626
2024-07-24 10:04:20,45650.0,100,Sell,225955627
2024-07-24 10:04:20,45650.0,100,Sell,225955628
2024-07-24 10:04:21,45700.0,400,Buy,225955665
2024-07-24 10:04:25,45700.0,600,Buy,225955857
2024-07-24 10:04:29,45700.0,1000,Buy,225956011
2024-07-24 10:04:30,45700.0,1000,Buy,225956034
2024-07-24 10:04:30,45700.0,5000,Buy,225956035
2024-07-24 10:04:30,45700.0,500,Buy,225956036
2024-07-24 10:04:30,45700.0,500,Buy,225956037
2024-07-24 10:04:30,45700.0,200,Buy,225956038
2024-07-24 10:04:36,45750.0,100,Buy,225956338
2024-07-24 10:04:36,45750.0,300,Buy,225956339
2024-07-24 10:04:38,45700.0,100,Buy,225956388
2024-07-24 10:04:38,45750.0,500,Buy,225956389
2024-07-24 10:04:41,45700.0,500,Buy,225956508
2024-07-24 10:04:45,45700.0,1000,Sell,225956690
2024-07-24 10:04:46,45750.0,600,Buy,225956701
2024-07-24 10:04:46,45750.0,200,Buy,225956732
2024-07-24 10:04:53,45750.0,700,Sell,225956970
2024-07-24 10:04:53,45750.0,100,Sell,225956971
2024-07-24 10:04:56,45800.0,300,Buy,225957056
2024-07-24 10:04:58,45800.0,22900,Buy,225957124
2024-07-24 10:04:58,45800.0,600,Buy,225957125
2024-07-24 10:04:58,45800.0,1000,Buy,225957126
2024-07-24 10:04:58,45800.0,600,Buy,225957097
2024-07-24 10:05:06,45850.0,100,Buy,225957441
2024-07-24 10:05:07,45850.0,600,Buy,225957443
2024-07-24 10:05:07,45750.0,800,Sell,225957485
2024-07-24 10:05:07,45850.0,200,Buy,225957505
2024-07-24 10:05:07,45850.0,2000,Buy,225957506
2024-07-24 10:05:07,45850.0,700,Buy,225957507
2024-07-24 10:05:07,45850.0,100,Buy,225957508
2024-07-24 10:05:17,45900.0,400,Buy,225957796
2024-07-24 10:05:17,45800.0,5000,Sell,225957814
2024-07-24 10:05:18,45900.0,600,Buy,225957841
2024-07-24 10:05:28,45900.0,600,Buy,225958211
2024-07-24 10:05:37,45900.0,400,Buy,225958479
2024-07-24 10:05:38,45900.0,600,Buy,225958496
2024-07-24 10:05:50,45900.0,600,Buy,225959010
2024-07-24 10:05:57,45900.0,400,Buy,225959259
2024-07-24 10:05:58,45900.0,600,Buy,225959286
2024-07-24 10:06:02,45900.0,1700,Buy,225959395
2024-07-24 10:06:11,45900.0,600,Buy,225959658
2024-07-24 10:06:17,45900.0,400,Buy,225959819
2024-07-24 10:06:18,45900.0,600,Buy,225959852
2024-07-24 10:06:19,45900.0,1700,Buy,225959859
2024-07-24 10:06:32,45900.0,600,Buy,225960255
2024-07-24 10:06:36,45900.0,500,Buy,225960361
2024-07-24 10:06:36,45900.0,700,Buy,225960362
2024-07-24 10:06:36,45900.0,100,Buy,225960364
2024-07-24 10:06:36,45900.0,200,Buy,225960365
2024-07-24 10:06:36,45900.0,200,Buy,225960363
2024-07-24 10:06:37,45900.0,300,Buy,225960428
2024-07-24 10:06:37,45900.0,300,Buy,225960429
2024-07-24 10:06:37,45900.0,200,Buy,225960430
2024-07-24 10:06:37,45900.0,200,Buy,225960431
2024-07-24 10:06:39,45850.0,1000,Sell,225960491
2024-07-24 10:06:39,45900.0,200,Buy,225960474
2024-07-24 10:06:39,45900.0,400,Buy,225960473
2024-07-24 10:06:43,45900.0,200,Buy,225960586
2024-07-24 10:06:52,45900.0,600,Buy,225960874
2024-07-24 10:06:52,45900.0,1600,Buy,225960875
2024-07-24 10:06:53,45900.0,2400,Buy,225960905
2024-07-24 10:06:53,45950.0,300,Buy,225960907
2024-07-24 10:06:53,46000.0,300,Buy,225960908
2024-07-24 10:06:56,45900.0,2400,Sell,225961009
2024-07-24 10:06:57,45900.0,600,Buy,225961045
2024-07-24 10:06:57,46000.0,400,Buy,225961052
2024-07-24 10:06:58,46000.0,600,Buy,225961074
2024-07-24 10:07:01,46000.0,600,Buy,225961159
2024-07-24 10:07:11,46000.0,100,Buy,225961431
2024-07-24 10:07:11,46000.0,1600,Buy,225961432
2024-07-24 10:07:13,46000.0,400,Buy,225961513
2024-07-24 10:07:13,46000.0,200,Buy,225961514
2024-07-24 10:07:15,46000.0,100,Buy,225961667
2024-07-24 10:07:15,46000.0,500,Buy,225961666
2024-07-24 10:07:16,45950.0,100,Sell,225961673
2024-07-24 10:07:17,46000.0,100,Buy,225961719
2024-07-24 10:07:17,46000.0,300,Buy,225961720
2024-07-24 10:07:19,46000.0,300,Buy,225961806
2024-07-24 10:07:19,46000.0,600,Buy,225961804
2024-07-24 10:07:19,46000.0,300,Buy,225961805
2024-07-24 10:07:28,46000.0,200,Buy,225962089
2024-07-24 10:07:28,46000.0,1500,Buy,225962090
2024-07-24 10:07:35,46000.0,600,Buy,225962325
2024-07-24 10:07:36,46000.0,600,Buy,225962342
2024-07-24 10:07:37,46000.0,100,Buy,225962361
2024-07-24 10:07:37,46000.0,400,Buy,225962381
2024-07-24 10:07:39,46000.0,600,Buy,225962434
2024-07-24 10:07:40,46000.0,600,Buy,225962495
2024-07-24 10:07:44,46000.0,1700,Buy,225962626
2024-07-24 10:07:51,46000.0,100,Buy,225962817
2024-07-24 10:07:55,46000.0,400,Buy,225962975
2024-07-24 10:07:55,46000.0,600,Buy,225963032
2024-07-24 10:07:56,46000.0,5100,Buy,225963062
2024-07-24 10:07:56,46000.0,600,Buy,225963072
2024-07-24 10:07:57,46000.0,400,Buy,225963096
2024-07-24 10:07:59,46000.0,600,Buy,225963199
2024-07-24 10:08:01,46000.0,600,Buy,225963243
2024-07-24 10:08:01,46000.0,1700,Buy,225963263
2024-07-24 10:08:17,46000.0,400,Buy,225963845
2024-07-24 10:08:17,46000.0,600,Buy,225963846
2024-07-24 10:08:19,46000.0,1700,Buy,225963871
2024-07-24 10:08:19,46000.0,600,Buy,225963899
2024-07-24 10:08:22,46000.0,500,Buy,225963987
2024-07-24 10:08:22,46000.0,100,Buy,225963988
2024-07-24 10:08:28,46000.0,100,Buy,225964164
2024-07-24 10:08:36,46000.0,200,Buy,225964412
2024-07-24 10:08:36,46000.0,1200,Buy,225964410
2024-07-24 10:08:36,46000.0,100,Buy,225964409
2024-07-24 10:08:36,46000.0,100,Buy,225964411
2024-07-24 10:08:37,46000.0,100,Buy,225964470
2024-07-24 10:08:37,46000.0,300,Buy,225964471
2024-07-24 10:08:39,46000.0,700,Buy,225964521
2024-07-24 10:08:39,46000.0,600,Buy,225964544
2024-07-24 10:08:41,46000.0,600,Buy,225964579
2024-07-24 10:08:41,46000.0,500,Buy,225964578
2024-07-24 10:08:41,46000.0,100,Buy,225964575
2024-07-24 10:08:41,46000.0,400,Buy,225964576
2024-07-24 10:08:41,46000.0,300,Buy,225964577
2024-07-24 10:08:41,46000.0,900,Buy,225964574
2024-07-24 10:08:48,46000.0,200,Sell,225964789
2024-07-24 10:09:51,46000.0,400,Sell,225966450
2024-07-24 10:09:51,46000.0,600,Sell,225966451
2024-07-24 10:09:52,46050.0,100,Buy,225966512
2024-07-24 10:09:55,46050.0,100,Buy,225966662
2024-07-24 10:09:56,46000.0,400,Sell,225966704
2024-07-24 10:10:29,46000.0,200,Sell,225967561
2024-07-24 10:10:29,46000.0,1700,Sell,225967562
2024-07-24 10:10:29,46000.0,100,Sell,225967563
2024-07-24 10:10:29,46000.0,1700,Sell,225967564
2024-07-24 10:10:29,46000.0,1700,Sell,225967565
2024-07-24 10:10:29,46000.0,1700,Sell,225967566
2024-07-24 10:10:29,46000.0,1700,Sell,225967567
2024-07-24 10:10:29,46000.0,700,Sell,225967568
2024-07-24 10:10:29,46000.0,500,Sell,225967569
2024-07-24 10:10:48,46000.0,1300,Sell,225968141
2024-07-24 10:11:07,46000.0,500,Sell,225968725
2024-07-24 10:11:08,46000.0,1900,Sell,225968755
2024-07-24 10:11:25,46000.0,800,Sell,225969192
2024-07-24 10:11:25,46000.0,1600,Sell,225969193
2024-07-24 10:11:25,46000.0,1700,Sell,225969194
2024-07-24 10:11:25,46000.0,900,Sell,225969195
2024-07-24 10:11:56,46000.0,800,Sell,225970001
2024-07-24 10:11:56,46000.0,200,Sell,225970002
2024-07-24 10:12:00,46050.0,100,Buy,225970090
2024-07-24 10:12:38,46050.0,2500,Buy,225970985
2024-07-24 10:12:39,46050.0,200,Buy,225971010
2024-07-24 10:12:39,46050.0,300,Buy,225971011
2024-07-24 10:12:39,46050.0,1000,Buy,225971012
2024-07-24 10:12:39,46050.0,6600,Buy,225971009
2024-07-24 10:13:09,46050.0,300,Buy,225971732
2024-07-24 10:13:17,46000.0,200,Sell,225972101
2024-07-24 10:13:17,46000.0,800,Sell,225972102
2024-07-24 10:13:34,46000.0,500,Sell,225972662
2024-07-24 10:13:49,46050.0,300,Buy,225973146
2024-07-24 10:13:49,46050.0,200,Buy,225973145
2024-07-24 10:13:52,46000.0,800,Sell,225973306
2024-07-24 10:13:52,46000.0,400,Sell,225973305
2024-07-24 10:13:59,46000.0,100,Sell,225973532
2024-07-24 10:14:13,46000.0,800,Sell,225973982
2024-07-24 10:14:13,46000.0,200,Sell,225973983
2024-07-24 10:14:24,46050.0,200,Buy,225974270
2024-07-24 10:14:24,46050.0,100,Buy,225974271
2024-07-24 10:14:49,46050.0,400,Buy,225975259
2024-07-24 10:15:44,46050.0,500,Buy,225976851
2024-07-24 10:15:44,46050.0,1000,Buy,225976852
2024-07-24 10:15:44,46050.0,1700,Buy,225976853
2024-07-24 10:15:44,46050.0,400,Buy,225976854
2024-07-24 10:15:44,46050.0,4000,Buy,225976855
2024-07-24 10:15:44,46050.0,2200,Buy,225976856
2024-07-24 10:15:44,46050.0,200,Buy,225976857
2024-07-24 10:16:00,46000.0,100,Sell,225977351
2024-07-24 10:16:00,46000.0,200,Sell,225977349
2024-07-24 10:16:00,46000.0,1700,Sell,225977350
2024-07-24 10:16:10,46000.0,300,Sell,225977677
2024-07-24 10:16:10,46000.0,100,Sell,225977678
2024-07-24 10:16:39,46000.0,200,Sell,225978566
2024-07-24 10:16:43,46000.0,400,Sell,225978752
2024-07-24 10:16:44,46000.0,1700,Sell,225978811
2024-07-24 10:16:44,46000.0,4300,Sell,225978820
2024-07-24 10:16:44,46000.0,200,Sell,225978819
2024-07-24 10:16:44,46000.0,2000,Sell,225978817
2024-07-24 10:16:44,46000.0,1700,Sell,225978816
2024-07-24 10:16:44,46000.0,400,Sell,225978815
2024-07-24 10:16:44,46000.0,1700,Sell,225978814
2024-07-24 10:16:44,46000.0,1700,Sell,225978813
2024-07-24 10:16:44,46000.0,2000,Sell,225978812
2024-07-24 10:16:44,46000.0,1600,Sell,225978810
2024-07-24 10:16:44,46000.0,1700,Sell,225978818
2024-07-24 10:16:44,46000.0,3000,Sell,225978808
2024-07-24 10:16:44,46000.0,900,Sell,225978796
2024-07-24 10:16:44,46000.0,2000,Sell,225978799
2024-07-24 10:16:44,46000.0,1700,Sell,225978800
2024-07-24 10:16:44,46000.0,100,Sell,225978801
2024-07-24 10:16:44,46000.0,400,Sell,225978802
2024-07-24 10:16:44,46000.0,1700,Sell,225978809
2024-07-24 10:16:44,46000.0,300,Sell,225978804
2024-07-24 10:16:44,46000.0,1700,Sell,225978805
2024-07-24 10:16:44,46000.0,400,Sell,225978806
2024-07-24 10:16:44,46000.0,1700,Sell,225978807
2024-07-24 10:16:44,46000.0,1700,Sell,225978803
2024-07-24 10:16:58,46000.0,200,Sell,225979403
2024-07-24 10:17:08,46000.0,100,Sell,225979758
2024-07-24 10:17:08,46000.0,500,Sell,225979728
2024-07-24 10:17:10,46000.0,1500,Sell,225979820
2024-07-24 10:17:10,46000.0,400,Sell,225979822
2024-07-24 10:17:10,46000.0,1700,Sell,225979823
2024-07-24 10:17:10,46000.0,1300,Sell,225979824
2024-07-24 10:17:10,46000.0,100,Sell,225979821
2024-07-24 10:17:11,46000.0,100,Sell,225979912
2024-07-24 10:17:17,46050.0,500,Buy,225980204
2024-07-24 10:17:20,46000.0,3500,Sell,225980495
2024-07-24 10:17:23,46000.0,900,Sell,225980592
2024-07-24 10:17:24,46000.0,300,Sell,225980661
2024-07-24 10:17:26,46000.0,5000,Sell,225980747
2024-07-24 10:17:27,46000.0,5000,Sell,225980834
2024-07-24 10:17:31,46000.0,5000,Sell,225980975
2024-07-24 10:17:33,46000.0,200,Sell,225981049
2024-07-24 10:17:36,46000.0,100,Sell,225981151
2024-07-24 10:17:41,46050.0,100,Buy,225981451
2024-07-24 10:17:41,46000.0,2000,Sell,225981452
2024-07-24 10:17:43,46000.0,300,Sell,225981523
2024-07-24 10:17:53,46000.0,300,Sell,225981850
2024-07-24 10:18:01,46050.0,600,Buy,225982203
2024-07-24 10:18:05,46050.0,200,Buy,225982347
2024-07-24 10:18:05,46050.0,100,Buy,225982348
2024-07-24 10:18:08,46000.0,2000,Sell,225982488
2024-07-24 10:18:10,46000.0,300,Sell,225982550
2024-07-24 10:18:22,46050.0,400,Buy,225983045
2024-07-24 10:18:22,46100.0,200,Buy,225983046
2024-07-24 10:18:23,46000.0,23700,Sell,225983102
2024-07-24 10:18:23,46000.0,1700,Sell,225983103
2024-07-24 10:18:23,46000.0,1000,Sell,225983104
2024-07-24 10:18:23,46000.0,1700,Sell,225983105
2024-07-24 10:18:23,46000.0,100,Sell,225983106
2024-07-24 10:18:24,46000.0,1100,Sell,225983111
2024-07-24 10:18:24,46000.0,1700,Sell,225983110
2024-07-24 10:18:24,46000.0,1700,Sell,225983108
2024-07-24 10:18:24,46000.0,1700,Sell,225983107
2024-07-24 10:18:24,46000.0,1600,Sell,225983109
2024-07-24 10:18:29,46000.0,100,Sell,225983274
2024-07-24 10:18:29,46000.0,900,Sell,225983273
2024-07-24 10:18:31,46050.0,100,Buy,225983351
2024-07-24 10:18:32,46000.0,1600,Sell,225983391
2024-07-24 10:18:32,46000.0,1700,Sell,225983392
2024-07-24 10:18:32,46000.0,1700,Sell,225983393
2024-07-24 10:18:32,46000.0,400,Sell,225983394
2024-07-24 10:18:32,46000.0,400,Sell,225983395
2024-07-24 10:18:32,46000.0,800,Sell,225983396
2024-07-24 10:18:32,46000.0,200,Sell,225983397
2024-07-24 10:18:32,46000.0,700,Sell,225983398
2024-07-24 10:18:32,46000.0,700,Sell,225983399
2024-07-24 10:18:36,46000.0,1300,Buy,225983515
2024-07-24 10:18:36,46000.0,400,Buy,225983516
2024-07-24 10:18:41,46000.0,400,Buy,225983672
2024-07-24 10:18:44,46000.0,1400,Buy,225983799
2024-07-24 10:18:44,46000.0,600,Buy,225983784
2024-07-24 10:18:44,46000.0,600,Buy,225983798
2024-07-24 10:18:46,46000.0,200,Buy,225983982
2024-07-24 10:18:46,46000.0,500,Buy,225983981
2024-07-24 10:18:50,46000.0,400,Buy,225984151
2024-07-24 10:18:53,46000.0,200,Sell,225984289
2024-07-24 10:18:53,46000.0,600,Sell,225984290
2024-07-24 10:18:53,46000.0,100,Sell,225984304
2024-07-24 10:18:53,46000.0,1600,Sell,225984305
2024-07-24 10:18:54,46000.0,500,Buy,225984347
2024-07-24 10:19:01,46000.0,400,Buy,225984607
2024-07-24 10:19:06,45950.0,100,Sell,225984752
2024-07-24 10:19:07,46000.0,700,Buy,225984786
2024-07-24 10:19:10,46000.0,1700,Buy,225984920
2024-07-24 10:19:12,46000.0,500,Buy,225985056
2024-07-24 10:19:12,46000.0,100,Buy,225985057
2024-07-24 10:19:13,46000.0,700,Buy,225985086
2024-07-24 10:19:15,45950.0,100,Sell,225985193
2024-07-24 10:19:18,45950.0,100,Sell,225985262
2024-07-24 10:19:18,46000.0,500,Buy,225985260
2024-07-24 10:19:18,46000.0,200,Buy,225985261
2024-07-24 10:19:20,46000.0,600,Buy,225985404
2024-07-24 10:19:21,46000.0,400,Buy,225985470
2024-07-24 10:19:26,46000.0,1700,Buy,225985685
2024-07-24 10:19:27,46000.0,700,Buy,225985712
2024-07-24 10:19:28,45950.0,300,Sell,225985768
2024-07-24 10:19:33,45950.0,600,Buy,225986027
2024-07-24 10:19:35,45950.0,700,Buy,225986092
2024-07-24 10:19:40,45950.0,600,Buy,225986273
2024-07-24 10:19:41,45950.0,400,Buy,225986360
2024-07-24 10:19:44,45950.0,1700,Buy,225986459
2024-07-24 10:19:47,45950.0,700,Buy,225986700
2024-07-24 10:19:54,45900.0,400,Buy,225986960
2024-07-24 10:19:54,45950.0,200,Buy,225986961
2024-07-24 10:19:56,45950.0,700,Buy,225986998
2024-07-24 10:20:00,45950.0,1700,Buy,225987190
2024-07-24 10:20:01,45950.0,400,Buy,225987258
2024-07-24 10:20:07,45950.0,700,Buy,225987493
2024-07-24 10:20:08,45800.0,1000,Sell,225987548
2024-07-24 10:20:08,45800.0,300,Sell,225987547
2024-07-24 10:20:08,45850.0,300,Sell,225987544
2024-07-24 10:20:08,45850.0,400,Sell,225987545
2024-07-24 10:20:08,45850.0,5200,Sell,225987543
2024-07-24 10:20:08,45800.0,1000,Sell,225987546
2024-07-24 10:20:09,45750.0,11800,Buy,225987566
2024-07-24 10:20:16,45950.0,600,Buy,225987964
2024-07-24 10:20:17,45950.0,700,Buy,225988005
2024-07-24 10:20:19,45950.0,300,Buy,225988133
2024-07-24 10:20:19,45950.0,1400,Buy,225988134
2024-07-24 10:20:21,45900.0,400,Buy,225988239
2024-07-24 10:20:28,45900.0,300,Buy,225988483
2024-07-24 10:20:28,45950.0,400,Buy,225988484
2024-07-24 10:20:36,45950.0,200,Buy,225988815
2024-07-24 10:20:37,46000.0,600,Buy,225988897
2024-07-24 10:20:38,46000.0,800,Buy,225988923
2024-07-24 10:20:39,45950.0,1400,Sell,225989020
2024-07-24 10:20:41,45950.0,2000,Buy,225989108
2024-07-24 10:20:42,45950.0,400,Buy,225989117
2024-07-24 10:20:48,45950.0,700,Buy,225989415
2024-07-24 10:20:53,45950.0,1000,Buy,225989674
2024-07-24 10:20:53,45950.0,500,Buy,225989673
2024-07-24 10:20:53,45950.0,200,Buy,225989675
2024-07-24 10:20:58,45950.0,700,Buy,225990165
2024-07-24 10:20:59,45950.0,800,Buy,225990202
2024-07-24 10:21:00,45750.0,100,Sell,225990232
2024-07-24 10:21:02,45950.0,400,Buy,225990282
2024-07-24 10:21:05,45950.0,600,Buy,225990955
2024-07-24 10:21:08,45900.0,700,Buy,225991054
2024-07-24 10:21:08,45950.0,400,Buy,225991045
2024-07-24 10:21:09,45900.0,1700,Buy,225991114
2024-07-24 10:21:19,45900.0,100,Buy,225991822
2024-07-24 10:21:19,45950.0,600,Buy,225991823
2024-07-24 10:21:20,45950.0,800,Buy,225991906
2024-07-24 10:21:21,45950.0,800,Buy,225991943
2024-07-24 10:21:22,45950.0,400,Buy,225992034
2024-07-24 10:21:27,45950.0,1700,Buy,225992357
2024-07-24 10:21:27,45950.0,600,Buy,225992445
2024-07-24 10:21:29,45950.0,700,Buy,225992531
2024-07-24 10:21:39,45950.0,700,Buy,225992944
2024-07-24 10:21:42,45950.0,600,Buy,225993070
2024-07-24 10:21:42,45950.0,200,Buy,225993071
2024-07-24 10:21:42,45950.0,400,Buy,225993080
2024-07-24 10:21:44,45950.0,300,Buy,225993117
2024-07-24 10:21:44,45950.0,1000,Buy,225993116
2024-07-24 10:21:44,45950.0,400,Buy,225993115
2024-07-24 10:21:47,45950.0,200,Buy,225993309
2024-07-24 10:21:47,45950.0,500,Buy,225993311
2024-07-24 10:21:47,45950.0,100,Buy,225993312
2024-07-24 10:21:49,45950.0,200,Buy,225993434
2024-07-24 10:21:49,45950.0,500,Buy,225993435
2024-07-24 10:21:58,45900.0,100,Sell,225993945
2024-07-24 10:21:59,45900.0,100,Buy,225994009
2024-07-24 10:22:01,45900.0,700,Buy,225994146
2024-07-24 10:22:01,45900.0,100,Buy,225994147
2024-07-24 10:22:02,45950.0,400,Buy,225994212
2024-07-24 10:22:03,45950.0,100,Buy,225994259
2024-07-24 10:22:03,45950.0,700,Buy,225994260
2024-07-24 10:22:08,45950.0,300,Buy,225994655
2024-07-24 10:22:08,45950.0,300,Buy,225994656
2024-07-24 10:22:09,46000.0,700,Buy,225994667
2024-07-24 10:22:17,46000.0,600,Buy,225995012
2024-07-24 10:22:17,45950.0,1000,Buy,225995011
2024-07-24 10:22:22,46000.0,700,Buy,225995344
2024-07-24 10:22:22,46000.0,400,Buy,225995352
2024-07-24 10:22:24,46000.0,300,Buy,225995445
2024-07-24 10:22:25,46000.0,800,Buy,225995482
2024-07-24 10:22:29,46000.0,600,Buy,225995704
2024-07-24 10:22:29,46000.0,700,Buy,225995719
2024-07-24 10:22:36,46000.0,1700,Buy,225995995
2024-07-24 10:22:42,46000.0,400,Buy,225996391
2024-07-24 10:22:43,46000.0,700,Buy,225996418
2024-07-24 10:22:46,46000.0,800,Buy,225996505
2024-07-24 10:22:47,46000.0,100,Buy,225996582
2024-07-24 10:22:47,46000.0,600,Buy,225996581
2024-07-24 10:22:49,46000.0,700,Buy,225996685
2024-07-24 10:22:52,46000.0,200,Buy,225996893
2024-07-24 10:22:52,46000.0,100,Buy,225996894
2024-07-24 10:22:52,46000.0,100,Buy,225996895
2024-07-24 10:22:52,46000.0,1300,Buy,225996896
2024-07-24 10:23:03,46000.0,400,Buy,225997352
2024-07-24 10:23:04,46000.0,300,Buy,225997402
2024-07-24 10:23:04,46000.0,300,Buy,225997400
2024-07-24 10:23:04,46000.0,100,Buy,225997401
2024-07-24 10:23:07,46000.0,800,Buy,225997605
2024-07-24 10:23:09,46000.0,700,Buy,225997752
2024-07-24 10:23:10,46000.0,200,Buy,225997770
2024-07-24 10:23:10,46000.0,500,Buy,225997771
2024-07-24 10:23:10,46000.0,100,Buy,225997772
2024-07-24 10:23:10,46000.0,900,Buy,225997773
2024-07-24 10:23:12,46000.0,100,Buy,225997937
2024-07-24 10:23:12,46000.0,200,Buy,225997938
2024-07-24 10:23:23,46000.0,400,Buy,225998430
2024-07-24 10:23:25,46000.0,700,Buy,225998538
2024-07-24 10:23:27,46000.0,1700,Buy,225998626
2024-07-24 10:23:29,46000.0,800,Buy,225998708
2024-07-24 10:23:29,46000.0,200,Buy,225998754
2024-07-24 10:23:29,46000.0,300,Buy,225998755
2024-07-24 10:23:29,46000.0,200,Buy,225998756
2024-07-24 10:23:31,46000.0,200,Buy,225998816
2024-07-24 10:23:31,46000.0,200,Buy,225998815
2024-07-24 10:23:31,46000.0,1000,Buy,225998813
2024-07-24 10:23:31,46000.0,500,Buy,225998812
2024-07-24 10:23:31,46000.0,300,Buy,225998814
2024-07-24 10:23:31,46000.0,2800,Buy,225998811
2024-07-24 10:23:35,46000.0,100,Buy,225998928
2024-07-24 10:23:35,46000.0,100,Buy,225998926
2024-07-24 10:23:35,46000.0,200,Buy,225998927
2024-07-24 10:23:43,46000.0,400,Buy,225999241
2024-07-24 10:23:44,46000.0,1000,Buy,225999271
2024-07-24 10:23:44,46000.0,200,Buy,225999272
2024-07-24 10:23:44,46000.0,500,Buy,225999273
2024-07-24 10:23:46,46000.0,400,Buy,225999398
2024-07-24 10:23:49,46000.0,300,Sell,225999550
2024-07-24 10:23:50,46000.0,700,Buy,225999553
2024-07-24 10:23:51,46000.0,300,Buy,225999587
2024-07-24 10:24:02,46000.0,100,Sell,226000210
2024-07-24 10:24:02,46000.0,100,Sell,226000211
2024-07-24 10:24:09,46000.0,400,Sell,226000680
2024-07-24 10:24:09,46000.0,100,Sell,226000663
2024-07-24 10:24:09,46000.0,600,Sell,226000679
2024-07-24 10:24:24,46000.0,700,Sell,226001321
2024-07-24 10:24:24,46000.0,1300,Sell,226001320
2024-07-24 10:24:25,46000.0,200,Sell,226001350
2024-07-24 10:24:25,46000.0,400,Sell,226001349
2024-07-24 10:24:25,46000.0,400,Sell,226001348
2024-07-24 10:24:25,46000.0,700,Sell,226001344
2024-07-24 10:24:25,46000.0,1700,Sell,226001346
2024-07-24 10:24:25,46000.0,800,Sell,226001345
2024-07-24 10:24:25,46000.0,800,Sell,226001347
2024-07-24 10:24:27,46000.0,200,Sell,226001448
2024-07-24 10:24:27,46000.0,400,Sell,226001449
2024-07-24 10:24:28,46000.0,300,Sell,226001587
2024-07-24 10:24:28,46000.0,400,Buy,226001452
2024-07-24 10:24:31,46000.0,200,Buy,226001713
2024-07-24 10:24:32,46000.0,500,Sell,226001780
2024-07-24 10:24:33,46000.0,300,Buy,226001833
2024-07-24 10:24:36,46000.0,500,Sell,226001945
2024-07-24 10:24:36,46000.0,1500,Buy,226001946
2024-07-24 10:24:45,46000.0,400,Sell,226002474
2024-07-24 10:24:45,46000.0,100,Sell,226002473
2024-07-24 10:24:49,46000.0,700,Buy,226002654
2024-07-24 10:24:50,46000.0,700,Buy,226002710
2024-07-24 10:24:53,46000.0,100,Buy,226002792
2024-07-24 10:24:53,46000.0,1000,Buy,226002793
2024-07-24 10:25:00,46000.0,600,Sell,226003099
2024-07-24 10:25:00,46000.0,800,Sell,226003100
2024-07-24 10:25:03,46000.0,400,Buy,226003214
2024-07-24 10:25:05,46000.0,100,Buy,226003331
2024-07-24 10:25:10,46000.0,700,Buy,226003670
2024-07-24 10:25:10,46000.0,300,Buy,226003677
2024-07-24 10:25:10,46000.0,100,Buy,226003668
2024-07-24 10:25:10,46000.0,900,Buy,226003669
2024-07-24 10:25:15,46000.0,700,Sell,226003915
2024-07-24 10:25:15,46000.0,300,Sell,226003916
2024-07-24 10:25:15,46000.0,400,Sell,226003917
2024-07-24 10:25:15,46000.0,800,Buy,226003959
2024-07-24 10:25:15,46000.0,400,Sell,226003914
2024-07-24 10:25:23,46000.0,400,Buy,226004377
2024-07-24 10:25:27,46000.0,1700,Buy,226004550
2024-07-24 10:25:30,46000.0,100,Buy,226004711
2024-07-24 10:25:31,46000.0,700,Buy,226004743
2024-07-24 10:25:31,46000.0,700,Buy,226004762
2024-07-24 10:25:36,46000.0,800,Buy,226005044
2024-07-24 10:25:41,45900.0,200,Sell,226005293
2024-07-24 10:25:43,46000.0,400,Buy,226005430
2024-07-24 10:25:48,45900.0,800,Sell,226005744
2024-07-24 10:25:49,45900.0,500,Sell,226005784
2024-07-24 10:25:51,46000.0,700,Buy,226005850
2024-07-24 10:25:52,46000.0,700,Buy,226005877
2024-07-24 10:25:58,46000.0,800,Buy,226006235
2024-07-24 10:26:00,46000.0,300,Buy,226006376
2024-07-24 10:26:00,46000.0,400,Buy,226006374
2024-07-24 10:26:00,46000.0,1000,Buy,226006375
2024-07-24 10:26:04,46000.0,400,Buy,226006504
2024-07-24 10:26:04,45900.0,100,Sell,226006538
2024-07-24 10:26:04,45900.0,1000,Sell,226006539
2024-07-24 10:26:04,45900.0,100,Sell,226006540
2024-07-24 10:26:04,45900.0,400,Sell,226006541
2024-07-24 10:26:04,45900.0,400,Sell,226006542
2024-07-24 10:26:11,46000.0,700,Buy,226007133
2024-07-24 10:26:13,46000.0,700,Buy,226007208
2024-07-24 10:26:18,46000.0,1700,Buy,226007498
2024-07-24 10:26:20,46000.0,800,Buy,226007624
2024-07-24 10:26:23,46000.0,400,Buy,226007802
2024-07-24 10:26:31,46000.0,700,Buy,226008362
2024-07-24 10:26:33,46000.0,700,Buy,226008440
2024-07-24 10:26:35,46000.0,1700,Buy,226008472
2024-07-24 10:26:35,45900.0,1000,Sell,226008512
2024-07-24 10:26:41,46000.0,800,Buy,226008816
2024-07-24 10:26:44,46000.0,400,Buy,226008942
2024-07-24 10:26:46,45900.0,200,Sell,226009047
2024-07-24 10:26:46,45900.0,300,Sell,226009048
2024-07-24 10:26:51,46000.0,700,Buy,226009386
2024-07-24 10:26:53,46000.0,1000,Buy,226009491
2024-07-24 10:26:53,46000.0,600,Buy,226009492
2024-07-24 10:26:54,46000.0,700,Buy,226009628
2024-07-24 10:27:02,46000.0,500,Buy,226010009
2024-07-24 10:27:02,46000.0,300,Buy,226010010
2024-07-24 10:27:03,45900.0,100,Sell,226010097
2024-07-24 10:27:03,45900.0,400,Sell,226010098
2024-07-24 10:27:03,45900.0,400,Sell,226010099
2024-07-24 10:27:03,45900.0,5100,Sell,226010103
2024-07-24 10:27:04,46000.0,400,Buy,226010198
2024-07-24 10:27:10,46000.0,1700,Buy,226010617
2024-07-24 10:27:12,46000.0,100,Buy,226010720
2024-07-24 10:27:12,46000.0,400,Buy,226010718
2024-07-24 10:27:12,46000.0,200,Buy,226010719
2024-07-24 10:27:16,46000.0,100,Buy,226010961
2024-07-24 10:27:16,46000.0,600,Buy,226010962
2024-07-24 10:27:24,46000.0,800,Buy,226011464
2024-07-24 10:27:24,46000.0,400,Buy,226011486
2024-07-24 10:27:27,46000.0,800,Buy,226011661
2024-07-24 10:27:27,46000.0,900,Buy,226011662
2024-07-24 10:27:32,46000.0,700,Buy,226011975
2024-07-24 10:27:37,46000.0,300,Buy,226012311
2024-07-24 10:27:37,46000.0,400,Buy,226012310
2024-07-24 10:27:44,46000.0,200,Buy,226012840
2024-07-24 10:27:44,46000.0,100,Buy,226012841
2024-07-24 10:27:44,46000.0,100,Buy,226012842
2024-07-24 10:27:44,46000.0,200,Buy,226012843
2024-07-24 10:27:44,46000.0,200,Buy,226012844
2024-07-24 10:27:44,46000.0,800,Buy,226012845
2024-07-24 10:27:44,46000.0,400,Buy,226012875
2024-07-24 10:27:45,46000.0,800,Buy,226012967
2024-07-24 10:27:48,45900.0,100,Sell,226013108
2024-07-24 10:27:52,46000.0,700,Buy,226013491
2024-07-24 10:27:57,45900.0,100,Sell,226013788
2024-07-24 10:27:57,45900.0,400,Sell,226013790
2024-07-24 10:27:57,45900.0,4800,Sell,226013787
2024-07-24 10:27:57,45900.0,400,Sell,226013789
2024-07-24 10:27:58,45900.0,400,Buy,226013854
2024-07-24 10:27:59,46000.0,300,Buy,226013873
2024-07-24 10:28:01,45900.0,1700,Buy,226013982
2024-07-24 10:28:04,45900.0,300,Buy,226014205
2024-07-24 10:28:04,45900.0,100,Buy,226014206
2024-07-24 10:28:06,45900.0,800,Buy,226014276
2024-07-24 10:28:12,45900.0,700,Buy,226014594
2024-07-24 10:28:18,45900.0,1600,Buy,226015030
2024-07-24 10:28:19,45800.0,1000,Sell,226015072
2024-07-24 10:28:19,45900.0,700,Buy,226015123
2024-07-24 10:28:24,45900.0,400,Buy,226015436
2024-07-24 10:28:27,45900.0,700,Buy,226015553
2024-07-24 10:28:27,45900.0,100,Buy,226015554
2024-07-24 10:28:33,45900.0,700,Buy,226016019
2024-07-24 10:28:35,45900.0,1200,Buy,226016200
2024-07-24 10:28:40,46000.0,700,Buy,226016620
2024-07-24 10:28:41,45900.0,800,Sell,226016655
2024-07-24 10:28:41,45900.0,500,Sell,226016654
2024-07-24 10:28:45,46000.0,400,Buy,226016853
2024-07-24 10:28:48,46000.0,800,Buy,226017056
2024-07-24 10:28:53,46000.0,1600,Buy,226017397
2024-07-24 10:28:53,46000.0,700,Buy,226017420
2024-07-24 10:28:55,45900.0,1800,Sell,226017505
2024-07-24 10:28:58,45800.0,500,Sell,226017694
2024-07-24 10:28:59,45700.0,300,Sell,226017703
2024-07-24 10:28:59,45750.0,200,Sell,226017702
2024-07-24 10:28:59,45800.0,400,Sell,226017699
2024-07-24 10:28:59,45750.0,100,Sell,226017700
2024-07-24 10:28:59,45800.0,500,Sell,226017698
2024-07-24 10:28:59,45750.0,1000,Sell,226017701
2024-07-24 10:29:01,45900.0,200,Buy,226017856
2024-07-24 10:29:01,46000.0,500,Buy,226017857
2024-07-24 10:29:05,46000.0,400,Buy,226018054
2024-07-24 10:29:10,46000.0,100,Buy,226018271
2024-07-24 10:29:10,46000.0,1100,Buy,226018269
2024-07-24 10:29:10,46000.0,800,Buy,226018253
2024-07-24 10:29:10,46000.0,500,Buy,226018270
2024-07-24 10:29:13,46000.0,300,Buy,226018402
2024-07-24 10:29:13,46000.0,400,Buy,226018401
2024-07-24 10:29:22,45900.0,700,Buy,226018927
2024-07-24 10:29:25,45900.0,300,Buy,226019066
2024-07-24 10:29:25,46000.0,100,Buy,226019067
2024-07-24 10:29:26,46000.0,600,Buy,226019119
2024-07-24 10:29:26,46000.0,1000,Buy,226019120
2024-07-24 10:29:26,46000.0,100,Buy,226019121
2024-07-24 10:29:31,46000.0,400,Buy,226019339
2024-07-24 10:29:31,46000.0,400,Buy,226019340
2024-07-24 10:29:33,46000.0,700,Buy,226019466
2024-07-24 10:29:43,46000.0,700,Buy,226020207
2024-07-24 10:29:44,46000.0,1600,Buy,226020231
2024-07-24 10:29:45,46000.0,400,Buy,226020289
2024-07-24 10:29:52,46000.0,800,Buy,226020791
2024-07-24 10:29:53,46000.0,700,Buy,226020866
2024-07-24 10:29:54,46000.0,800,Buy,226020874
2024-07-24 10:30:00,46000.0,700,Buy,226021297
2024-07-24 10:30:00,46000.0,100,Buy,226021296
2024-07-24 10:30:00,46000.0,900,Buy,226021295
2024-07-24 10:30:04,46000.0,300,Buy,226021472
2024-07-24 10:30:04,46000.0,400,Buy,226021473
2024-07-24 10:30:05,46000.0,400,Buy,226021522
2024-07-24 10:30:10,45950.0,100,Sell,226021789
2024-07-24 10:30:12,45950.0,300,Sell,226021898
2024-07-24 10:30:12,46000.0,800,Buy,226021925
2024-07-24 10:30:14,46000.0,700,Buy,226022008
2024-07-24 10:30:16,46000.0,200,Buy,226022246
2024-07-24 10:30:18,46000.0,1600,Buy,226022311
2024-07-24 10:30:24,46000.0,400,Buy,226022663
2024-07-24 10:30:25,46000.0,700,Buy,226022707
2024-07-24 10:30:25,46000.0,400,Buy,226022718
2024-07-24 10:30:33,46000.0,800,Buy,226023222
2024-07-24 10:30:35,46000.0,700,Buy,226023283
2024-07-24 10:30:35,46000.0,1700,Buy,226023292
2024-07-24 10:30:40,46000.0,400,Buy,226023566
2024-07-24 10:30:42,46000.0,2700,Buy,226023694
2024-07-24 10:30:42,46000.0,800,Buy,226023693
2024-07-24 10:30:46,46000.0,400,Buy,226023992
2024-07-24 10:30:46,46000.0,400,Buy,226023947
2024-07-24 10:30:46,46000.0,100,Buy,226023990
2024-07-24 10:30:46,46000.0,200,Buy,226023991
2024-07-24 10:30:52,46000.0,1600,Buy,226024358
2024-07-24 10:30:54,46000.0,800,Buy,226024479
2024-07-24 10:30:55,46000.0,700,Buy,226024505
2024-07-24 10:31:02,46000.0,400,Buy,226025033
2024-07-24 10:31:06,46000.0,400,Buy,226025326
2024-07-24 10:31:06,46000.0,29200,Buy,226025351
2024-07-24 10:31:06,46000.0,400,Buy,226025260
2024-07-24 10:31:07,46000.0,700,Buy,226025410
2024-07-24 10:31:09,45950.0,1000,Sell,226025515
2024-07-24 10:31:09,46000.0,1700,Buy,226025521
2024-07-24 10:31:13,46000.0,400,Buy,226025707
2024-07-24 10:31:14,46000.0,700,Buy,226025768
2024-07-24 10:31:15,46000.0,800,Buy,226025819
2024-07-24 10:31:20,46000.0,100,Buy,226026063
2024-07-24 10:31:20,46000.0,400,Buy,226026062
2024-07-24 10:31:25,46000.0,3000,Buy,226026337
2024-07-24 10:31:26,46000.0,400,Buy,226026379
2024-07-24 10:31:27,46000.0,1600,Buy,226026464
2024-07-24 10:31:28,46000.0,400,Buy,226026571
2024-07-24 10:31:29,46000.0,700,Buy,226026619
2024-07-24 10:31:30,46000.0,300,Buy,226026675
2024-07-24 10:31:30,46000.0,700,Buy,226026673
2024-07-24 10:31:30,46000.0,1000,Buy,226026674
2024-07-24 10:31:30,46000.0,1000,Buy,226026650
2024-07-24 10:31:30,46000.0,200,Buy,226026649
2024-07-24 10:31:30,46000.0,300,Buy,226026651
2024-07-24 10:31:34,46000.0,700,Buy,226026930
2024-07-24 10:31:37,46000.0,800,Buy,226027027
2024-07-24 10:31:38,46000.0,500,Buy,226027132
2024-07-24 10:31:42,46000.0,700,Buy,226027309
2024-07-24 10:31:42,46050.0,800,Buy,226027324
2024-07-24 10:31:55,46050.0,2000,Buy,226027960
2024-07-24 10:31:57,46050.0,100,Buy,226028020
2024-07-24 10:31:57,46050.0,300,Buy,226028019
2024-07-24 10:31:57,46050.0,100,Buy,226028018
2024-07-24 10:32:13,46050.0,500,Buy,226028741
2024-07-24 10:32:46,46000.0,1000,Sell,226030042
2024-07-24 10:32:50,46000.0,300,Sell,226030139
2024-07-24 10:32:50,46000.0,700,Sell,226030136
2024-07-24 10:32:50,46000.0,2000,Sell,226030137
2024-07-24 10:32:50,46000.0,1600,Sell,226030138
2024-07-24 10:33:12,46000.0,600,Sell,226030769
2024-07-24 10:33:12,46000.0,1400,Sell,226030768
2024-07-24 10:33:31,46050.0,400,Buy,226031461
2024-07-24 10:33:31,46050.0,600,Buy,226031460
2024-07-24 10:34:02,46050.0,8900,Buy,226032199
2024-07-24 10:34:14,46050.0,500,Buy,226032527
2024-07-24 10:34:15,46000.0,400,Sell,226032563
2024-07-24 10:34:15,46000.0,1700,Sell,226032564
2024-07-24 10:34:15,46000.0,1500,Sell,226032565
2024-07-24 10:34:20,46050.0,200,Buy,226032704
2024-07-24 10:34:28,46000.0,100,Sell,226032956
2024-07-24 10:34:28,46000.0,400,Sell,226032957
2024-07-24 10:34:34,46050.0,100,Buy,226033185
2024-07-24 10:34:45,46050.0,1000,Buy,226033490
2024-07-24 10:35:42,46050.0,1000,Buy,226034862
2024-07-24 10:36:19,46050.0,100,Buy,226035825
2024-07-24 10:36:24,46000.0,100,Sell,226035951
2024-07-24 10:36:24,46050.0,900,Buy,226035935
2024-07-24 10:36:24,46050.0,100,Buy,226035934
2024-07-24 10:37:08,46050.0,200,Buy,226037036
2024-07-24 10:37:30,46050.0,100,Buy,226037569
2024-07-24 10:37:38,46050.0,800,Buy,226037708
2024-07-24 10:37:38,46050.0,500,Buy,226037709
2024-07-24 10:37:38,46050.0,400,Buy,226037710
2024-07-24 10:37:38,46050.0,300,Buy,226037711
2024-07-24 10:37:38,46050.0,3000,Buy,226037712
2024-07-24 10:38:03,46100.0,300,Buy,226038275
2024-07-24 10:38:05,46050.0,1000,Sell,226038304
2024-07-24 10:38:05,46050.0,500,Sell,226038305
2024-07-24 10:38:05,46050.0,1000,Sell,226038306
2024-07-24 10:38:11,46050.0,400,Buy,226038459
2024-07-24 10:39:47,46050.0,1000,Buy,226040455
2024-07-24 10:41:32,46050.0,100,Buy,226042512
2024-07-24 10:41:38,46050.0,300,Buy,226042638
2024-07-24 10:41:38,46050.0,200,Buy,226042639
2024-07-24 10:41:50,46000.0,400,Sell,226042971
2024-07-24 10:42:03,46050.0,500,Buy,226043264
2024-07-24 10:42:03,46050.0,300,Buy,226043263
2024-07-24 10:42:07,46000.0,2600,Sell,226043376
2024-07-24 10:42:07,46000.0,1700,Sell,226043377
2024-07-24 10:42:07,46000.0,400,Sell,226043378
2024-07-24 10:42:07,46000.0,300,Sell,226043379
2024-07-24 10:42:14,46050.0,400,Buy,226043528
2024-07-24 10:42:15,46050.0,500,Buy,226043572
2024-07-24 10:42:20,46050.0,1000,Buy,226043673
2024-07-24 10:42:21,46000.0,1600,Sell,226043730
2024-07-24 10:42:21,46000.0,1000,Sell,226043736
2024-07-24 10:42:21,46000.0,400,Sell,226043735
2024-07-24 10:42:21,46000.0,1600,Sell,226043734
2024-07-24 10:42:21,46000.0,100,Sell,226043733
2024-07-24 10:42:21,46000.0,1700,Sell,226043732
2024-07-24 10:42:21,46000.0,1700,Sell,226043731
2024-07-24 10:42:21,46000.0,100,Sell,226043729
2024-07-24 10:42:21,46000.0,1600,Sell,226043727
2024-07-24 10:42:21,46000.0,200,Sell,226043726
2024-07-24 10:42:21,46000.0,1700,Sell,226043725
2024-07-24 10:42:21,46000.0,1600,Sell,226043724
2024-07-24 10:42:21,46000.0,1700,Sell,226043723
2024-07-24 10:42:21,46000.0,2000,Sell,226043722
2024-07-24 10:42:21,46000.0,1300,Sell,226043721
2024-07-24 10:42:21,46000.0,1700,Sell,226043728
2024-07-24 10:42:26,46050.0,400,Buy,226043849
2024-07-24 10:42:26,46050.0,200,Buy,226043838
2024-07-24 10:42:26,46050.0,600,Buy,226043837
2024-07-24 10:42:29,46050.0,400,Buy,226044020
2024-07-24 10:42:29,46050.0,600,Buy,226044021
2024-07-24 10:42:34,46050.0,400,Buy,226044144
2024-07-24 10:42:36,46050.0,1000,Buy,226044214
2024-07-24 10:42:37,46000.0,700,Sell,226044237
2024-07-24 10:42:37,46000.0,300,Sell,226044238
2024-07-24 10:42:39,46050.0,1000,Buy,226044289
2024-07-24 10:42:41,46050.0,100,Buy,226044345
2024-07-24 10:42:41,46050.0,400,Buy,226044338
2024-07-24 10:42:52,46050.0,900,Buy,226044567
2024-07-24 10:43:02,46050.0,200,Buy,226044909
2024-07-24 10:43:32,46000.0,1000,Sell,226045543
2024-07-24 10:45:04,46050.0,400,Buy,226047964
2024-07-24 10:45:04,46050.0,100,Buy,226047965
2024-07-24 10:45:04,46050.0,200,Buy,226047966
2024-07-24 10:45:19,46050.0,800,Buy,226048433
2024-07-24 10:45:19,46050.0,300,Buy,226048434
2024-07-24 10:45:27,46100.0,200,Buy,226048766
2024-07-24 10:45:27,46100.0,600,Buy,226048767
2024-07-24 10:45:39,46100.0,400,Buy,226049304
2024-07-24 10:45:39,46100.0,200,Buy,226049342
2024-07-24 10:45:40,46100.0,2000,Buy,226049369
2024-07-24 10:45:51,46100.0,500,Buy,226049907
2024-07-24 10:45:52,46100.0,200,Buy,226049934
2024-07-24 10:45:55,46100.0,200,Buy,226050105
2024-07-24 10:46:04,46100.0,400,Buy,226050441
2024-07-24 10:46:06,46100.0,1000,Buy,226050549
2024-07-24 10:46:11,46100.0,400,Buy,226050798
2024-07-24 10:46:12,46100.0,1000,Buy,226050829
2024-07-24 10:46:12,46100.0,100,Buy,226050828
2024-07-24 10:46:12,46100.0,700,Buy,226050827
2024-07-24 10:46:12,46100.0,6000,Buy,226050825
2024-07-24 10:46:12,46100.0,3100,Buy,226050824
2024-07-24 10:46:12,46100.0,5100,Buy,226050823
2024-07-24 10:46:12,46100.0,100,Buy,226050826
2024-07-24 10:46:15,46150.0,800,Buy,226051006
2024-07-24 10:46:16,46150.0,200,Buy,226051059
2024-07-24 10:46:16,46150.0,2000,Buy,226051060
2024-07-24 10:46:16,46150.0,500,Buy,226051061
2024-07-24 10:46:16,46150.0,2500,Buy,226051062
2024-07-24 10:46:16,46150.0,7000,Buy,226051063
2024-07-24 10:46:19,46200.0,5600,Buy,226051215
2024-07-24 10:46:19,46200.0,400,Buy,226051181
2024-07-24 10:46:19,46200.0,300,Buy,226051213
2024-07-24 10:46:19,46200.0,200,Buy,226051214
2024-07-24 10:46:27,46200.0,600,Buy,226051513
2024-07-24 10:46:27,46200.0,400,Buy,226051512
2024-07-24 10:46:27,46200.0,1400,Buy,226051511
2024-07-24 10:46:27,46200.0,500,Buy,226051510
2024-07-24 10:46:27,46200.0,500,Buy,226051507
2024-07-24 10:46:27,46200.0,300,Buy,226051508
2024-07-24 10:46:27,46200.0,500,Buy,226051509
2024-07-24 10:46:27,46200.0,4400,Buy,226051504
2024-07-24 10:46:27,46200.0,400,Buy,226051506
2024-07-24 10:46:27,46200.0,1000,Buy,226051505
2024-07-24 10:46:36,46200.0,100,Buy,226051778
2024-07-24 10:46:40,46200.0,300,Buy,226051893
2024-07-24 10:46:40,46200.0,300,Buy,226051894
2024-07-24 10:46:40,46200.0,2500,Buy,226051895
2024-07-24 10:46:40,46200.0,100,Buy,226051896
2024-07-24 10:46:55,46200.0,500,Sell,226052518
2024-07-24 10:47:08,46300.0,100,Buy,226052996
2024-07-24 10:47:08,46300.0,100,Buy,226052997
2024-07-24 10:47:08,46300.0,100,Buy,226052998
2024-07-24 10:47:08,46300.0,100,Buy,226052999
2024-07-24 10:47:22,46300.0,100,Buy,226053547
2024-07-24 10:47:22,46300.0,1000,Buy,226053548
2024-07-24 10:47:22,46300.0,400,Buy,226053549
2024-07-24 10:47:54,46300.0,400,Buy,226054612
2024-07-24 10:48:08,46300.0,200,Buy,226055066
2024-07-24 10:48:14,46300.0,400,Buy,226055250
2024-07-24 10:48:37,46300.0,400,Buy,226056263
2024-07-24 10:48:39,46300.0,500,Buy,226056421
2024-07-24 10:48:40,46300.0,100,Buy,226056450
2024-07-24 10:48:40,46300.0,300,Buy,226056451
2024-07-24 10:48:40,46300.0,100,Buy,226056452
2024-07-24 10:48:47,46300.0,4900,Buy,226056719
2024-07-24 10:49:37,46400.0,100,Buy,226058573
2024-07-24 10:50:04,46400.0,100,Buy,226059521
2024-07-24 10:50:11,46400.0,100,Buy,226059793
2024-07-24 10:50:21,46400.0,900,Buy,226060068
2024-07-24 10:50:21,46400.0,2800,Buy,226060069
2024-07-24 10:50:33,46400.0,500,Buy,226060483
2024-07-24 10:50:35,46400.0,500,Buy,226060523
2024-07-24 10:50:41,46400.0,1200,Buy,226060716
2024-07-24 10:50:54,46400.0,500,Sell,226061023
2024-07-24 10:51:02,46400.0,1000,Sell,226061279
2024-07-24 10:51:08,46400.0,100,Sell,226061464
2024-07-24 10:51:08,46400.0,100,Sell,226061463
2024-07-24 10:51:12,46400.0,100,Buy,226061579
2024-07-24 10:51:12,46400.0,300,Buy,226061578
2024-07-24 10:51:25,46400.0,600,Sell,226061921
2024-07-24 10:51:54,46400.0,1000,Sell,226062712
2024-07-24 10:52:10,46400.0,100,Buy,226063106
2024-07-24 10:52:11,46300.0,300,Sell,226063127
2024-07-24 10:52:53,46300.0,1000,Sell,226064316
2024-07-24 10:53:07,46300.0,1000,Sell,226064867
2024-07-24 10:53:07,46300.0,100,Sell,226064868
2024-07-24 10:53:23,46200.0,300,Sell,226065273
2024-07-24 10:53:30,46200.0,700,Sell,226065522
2024-07-24 10:53:30,46200.0,100,Sell,226065523
2024-07-24 10:53:30,46200.0,100,Sell,226065524
2024-07-24 10:53:30,46200.0,100,Sell,226065525
2024-07-24 10:53:45,46200.0,1000,Buy,226065972
2024-07-24 10:53:45,46200.0,1000,Buy,226065973
2024-07-24 10:53:51,46100.0,1000,Sell,226066224
2024-07-24 10:53:51,46100.0,1000,Sell,226066225
2024-07-24 10:53:51,46100.0,1000,Sell,226066226
2024-07-24 10:53:51,46100.0,2000,Sell,226066227
2024-07-24 10:54:06,46200.0,1000,Buy,226066642
2024-07-24 10:54:06,46300.0,3000,Buy,226066643
2024-07-24 10:54:36,46200.0,200,Buy,226067455
2024-07-24 10:54:43,46300.0,100,Buy,226067613
2024-07-24 10:55:15,46250.0,800,Sell,226068438
2024-07-24 10:55:36,46200.0,500,Sell,226068848
2024-07-24 10:56:25,46250.0,100,Buy,226069850
2024-07-24 10:56:45,46200.0,500,Sell,226070172
2024-07-24 10:56:45,46200.0,400,Sell,226070173
2024-07-24 10:56:45,46200.0,100,Sell,226070174
2024-07-24 10:56:49,46250.0,100,Buy,226070256
2024-07-24 10:56:49,46250.0,800,Buy,226070257
2024-07-24 10:56:58,46200.0,300,Sell,226070568
2024-07-24 10:57:05,46200.0,200,Buy,226070718
2024-07-24 10:57:13,46300.0,100,Buy,226070919
2024-07-24 10:57:16,46300.0,100,Buy,226070960
2024-07-24 10:57:19,46300.0,800,Buy,226070987
2024-07-24 10:57:19,46300.0,100,Buy,226070988
2024-07-24 10:57:19,46300.0,100,Buy,226070989
2024-07-24 10:57:22,46300.0,100,Buy,226071028
2024-07-24 10:57:22,46300.0,100,Buy,226071027
2024-07-24 10:57:34,46200.0,600,Sell,226071257
2024-07-24 10:58:40,46100.0,900,Sell,226072270
2024-07-24 10:58:59,46100.0,100,Sell,226072507
2024-07-24 10:59:22,46100.0,200,Buy,226072874
2024-07-24 10:59:42,46200.0,700,Buy,226073215
2024-07-24 10:59:49,46200.0,100,Buy,226073370
2024-07-24 11:00:30,46200.0,100,Buy,226074041
2024-07-24 11:00:45,46200.0,500,Buy,226074251
2024-07-24 11:01:19,46200.0,100,Buy,226074696
2024-07-24 11:01:56,46200.0,100,Buy,226075156
2024-07-24 11:02:22,46200.0,100,Buy,226075500
2024-07-24 11:02:36,46200.0,2800,Buy,226075670
2024-07-24 11:02:36,46200.0,1000,Buy,226075672
2024-07-24 11:02:36,46300.0,5200,Buy,226075673
2024-07-24 11:02:36,46200.0,1000,Buy,226075671
2024-07-24 11:03:46,46300.0,200,Buy,226076591
2024-07-24 11:03:53,46300.0,300,Buy,226076657
2024-07-24 11:04:24,46300.0,500,Buy,226077032
2024-07-24 11:04:26,46300.0,500,Buy,226077047
2024-07-24 11:04:56,46300.0,100,Buy,226077454
2024-07-24 11:05:03,46300.0,100,Buy,226077543
2024-07-24 11:05:30,46300.0,800,Buy,226077891
2024-07-24 11:05:30,46300.0,2400,Buy,226077890
2024-07-24 11:05:41,46350.0,200,Buy,226078032
2024-07-24 11:06:09,46400.0,100,Buy,226078302
2024-07-24 11:06:09,46400.0,200,Buy,226078303
2024-07-24 11:06:09,46400.0,200,Buy,226078304
2024-07-24 11:06:09,46350.0,300,Sell,226078305
2024-07-24 11:06:09,46350.0,400,Sell,226078306
2024-07-24 11:06:09,46350.0,300,Sell,226078307
2024-07-24 11:06:23,46350.0,3000,Sell,226078445
2024-07-24 11:07:05,46400.0,300,Buy,226078913
2024-07-24 11:07:05,46400.0,200,Buy,226078914
2024-07-24 11:07:14,46350.0,1000,Sell,226078994
2024-07-24 11:07:26,46350.0,500,Sell,226079134
2024-07-24 11:07:26,46350.0,300,Sell,226079135
2024-07-24 11:07:28,46400.0,100,Buy,226079151
2024-07-24 11:07:33,46400.0,300,Buy,226079206
2024-07-24 11:08:11,46400.0,400,Buy,226079612
2024-07-24 11:08:26,46400.0,100,Buy,226079869
2024-07-24 11:08:50,46350.0,100,Sell,226080235
2024-07-24 11:08:50,46350.0,100,Sell,226080233
2024-07-24 11:08:50,46350.0,800,Sell,226080234
2024-07-24 11:09:16,46350.0,1000,Sell,226080623
2024-07-24 11:09:54,46350.0,1000,Sell,226081172
2024-07-24 11:10:01,46400.0,100,Buy,226081254
2024-07-24 11:10:03,46350.0,100,Sell,226081268
2024-07-24 11:10:38,46350.0,500,Sell,226081721
2024-07-24 11:10:46,46350.0,200,Sell,226081899
2024-07-24 11:11:52,46350.0,300,Sell,226082844
2024-07-24 11:12:26,46350.0,100,Sell,226083382
2024-07-24 11:12:34,46400.0,100,Buy,226083489
2024-07-24 11:12:46,46400.0,1700,Buy,226083636
2024-07-24 11:12:46,46400.0,3000,Buy,226083638
2024-07-24 11:12:46,46400.0,300,Buy,226083639
2024-07-24 11:13:15,46400.0,100,Buy,226084039
2024-07-24 11:13:35,46350.0,400,Sell,226084344
2024-07-24 11:14:18,46350.0,2400,Sell,226084946
2024-07-24 11:14:18,46350.0,1000,Sell,226084947
2024-07-24 11:14:18,46350.0,1300,Sell,226084944
2024-07-24 11:14:18,46350.0,5000,Sell,226084945
2024-07-24 11:14:28,46350.0,100,Buy,226085115
2024-07-24 11:14:30,46350.0,2800,Buy,226085140
2024-07-24 11:14:42,46350.0,300,Buy,226085285
2024-07-24 11:15:07,46350.0,100,Buy,226085701
2024-07-24 11:16:12,46300.0,1800,Sell,226086713
2024-07-24 11:16:12,46300.0,200,Sell,226086714
2024-07-24 11:17:40,46350.0,100,Buy,226088097
2024-07-24 11:18:46,46350.0,100,Buy,226089065
2024-07-24 11:18:54,46350.0,100,Buy,226089172
2024-07-24 11:18:59,46350.0,100,Buy,226089261
2024-07-24 11:19:02,46350.0,100,Buy,226089296
2024-07-24 11:19:06,46350.0,100,Buy,226089345
2024-07-24 11:20:13,46350.0,100,Buy,226090303
2024-07-24 11:20:24,46300.0,300,Sell,226090449
2024-07-24 11:20:24,46300.0,200,Sell,226090451
2024-07-24 11:21:52,46300.0,100,Sell,226091604
2024-07-24 11:22:27,46300.0,300,Sell,226092107
2024-07-24 11:22:32,46300.0,400,Sell,226092171
2024-07-24 11:22:32,46300.0,100,Sell,226092169
2024-07-24 11:22:32,46300.0,200,Sell,226092170
2024-07-24 11:22:46,46300.0,100,Buy,226092377
2024-07-24 11:23:02,46300.0,500,Buy,226092595
2024-07-24 11:25:19,46300.0,100,Buy,226094503
2024-07-24 11:26:27,46300.0,100,Buy,226095187
2024-07-24 11:26:27,46300.0,300,Buy,226095188
2024-07-24 11:27:00,46300.0,300,Buy,226095571
2024-07-24 11:27:00,46300.0,700,Buy,226095572
2024-07-24 11:27:52,46300.0,100,Buy,226096324
2024-07-24 11:28:39,46250.0,300,Sell,226096835
2024-07-24 11:28:39,46250.0,100,Sell,226096836
2024-07-24 11:29:28,46200.0,200,Sell,226097601
2024-07-24 11:29:28,46200.0,100,Sell,226097602
2024-07-24 12:59:38,46150.0,100,Sell,226097839
2024-07-24 12:59:38,46200.0,100,Buy,226098083
2024-07-24 12:59:39,46100.0,1900,Sell,226098360
2024-07-24 12:59:39,46100.0,100,Sell,226098359
2024-07-24 12:59:40,46100.0,200,Sell,226098862
2024-07-24 12:59:40,46100.0,100,Sell,226098861
2024-07-24 12:59:41,46150.0,100,Buy,226099135
2024-07-24 12:59:41,46200.0,500,Buy,226099136
2024-07-24 12:59:42,46200.0,2100,Buy,226099294
2024-07-24 12:59:42,46200.0,1000,Buy,226099295
2024-07-24 12:59:42,46200.0,600,Buy,226099296
2024-07-24 12:59:42,46200.0,1300,Buy,226099297
2024-07-24 12:59:43,46050.0,2700,Sell,226099679
2024-07-24 12:59:43,46100.0,500,Sell,226099678
2024-07-24 12:59:43,46100.0,500,Sell,226099677
2024-07-24 12:59:43,46100.0,5000,Sell,226099675
2024-07-24 12:59:43,46100.0,300,Sell,226099674
2024-07-24 12:59:43,46100.0,1200,Sell,226099676
2024-07-24 12:59:44,46050.0,7300,Sell,226099987
2024-07-24 12:59:44,46050.0,100,Sell,226099988
2024-07-24 12:59:44,46050.0,5000,Sell,226099989
2024-07-24 12:59:49,46050.0,200,Buy,226100871
2024-07-24 12:59:50,46050.0,400,Buy,226101012
2024-07-24 12:59:51,46050.0,200,Buy,226101148
2024-07-24 12:59:52,46050.0,100,Buy,226101230
2024-07-24 12:59:58,46050.0,2000,Buy,226101623
2024-07-24 13:00:07,46000.0,1700,Sell,226102160
2024-07-24 13:00:07,46000.0,1600,Sell,226102161
2024-07-24 13:00:07,46000.0,1700,Sell,226102162
2024-07-24 13:00:07,46000.0,1600,Sell,226102163
2024-07-24 13:00:07,46000.0,1700,Sell,226102164
2024-07-24 13:00:07,46000.0,1600,Sell,226102165
2024-07-24 13:00:07,46000.0,100,Sell,226102166
2024-07-24 13:00:07,46000.0,1700,Sell,226102167
2024-07-24 13:00:07,46000.0,1600,Sell,226102168
2024-07-24 13:00:07,46000.0,1700,Sell,226102169
2024-07-24 13:00:07,46000.0,1600,Sell,226102170
2024-07-24 13:00:07,46000.0,1700,Sell,226102171
2024-07-24 13:00:07,46000.0,1700,Sell,226102172
2024-07-24 13:00:07,46000.0,500,Sell,226102173
2024-07-24 13:00:07,46000.0,100,Sell,226102159
2024-07-24 13:00:07,46000.0,1600,Sell,226102174
2024-07-24 13:00:07,46000.0,200,Sell,226102176
2024-07-24 13:00:07,46000.0,1600,Sell,226102177
2024-07-24 13:00:07,46000.0,6500,Sell,226102178
2024-07-24 13:00:07,46000.0,300,Sell,226102179
2024-07-24 13:00:07,46000.0,300,Sell,226102180
2024-07-24 13:00:07,46000.0,100,Sell,226102181
2024-07-24 13:00:07,46000.0,100,Sell,226102182
2024-07-24 13:00:07,46000.0,500,Sell,226102183
2024-07-24 13:00:07,46000.0,1000,Sell,226102184
2024-07-24 13:00:07,46000.0,1000,Sell,226102185
2024-07-24 13:00:07,46000.0,2000,Sell,226102186
2024-07-24 13:00:07,46000.0,100,Sell,226102187
2024-07-24 13:00:07,46000.0,600,Sell,226102188
2024-07-24 13:00:07,46000.0,300,Sell,226102189
2024-07-24 13:00:07,46000.0,1700,Sell,226102175
2024-07-24 13:00:07,46000.0,1700,Sell,226102158
2024-07-24 13:00:07,46000.0,300,Sell,226102119
2024-07-24 13:00:07,46000.0,1700,Sell,226102156
2024-07-24 13:00:07,46000.0,1600,Sell,226102157
2024-07-24 13:00:07,46000.0,1700,Sell,226102120
2024-07-24 13:00:07,46000.0,500,Sell,226102121
2024-07-24 13:00:07,46000.0,1600,Sell,226102122
2024-07-24 13:00:07,46000.0,1700,Sell,226102123
2024-07-24 13:00:07,46000.0,1600,Sell,226102124
2024-07-24 13:00:07,46000.0,600,Sell,226102125
2024-07-24 13:00:07,46000.0,1600,Sell,226102126
2024-07-24 13:00:07,46000.0,1700,Sell,226102127
2024-07-24 13:00:07,46000.0,1600,Sell,226102128
2024-07-24 13:00:07,46000.0,1700,Sell,226102129
2024-07-24 13:00:07,46000.0,1600,Sell,226102131
2024-07-24 13:00:07,46000.0,500,Sell,226102132
2024-07-24 13:00:07,46000.0,1700,Sell,226102133
2024-07-24 13:00:07,46000.0,1600,Sell,226102134
2024-07-24 13:00:07,46000.0,1700,Sell,226102130
2024-07-24 13:00:07,46000.0,1600,Sell,226102136
2024-07-24 13:00:07,46000.0,1600,Sell,226102155
2024-07-24 13:00:07,46000.0,1700,Sell,226102154
2024-07-24 13:00:07,46000.0,1700,Sell,226102135
2024-07-24 13:00:07,46000.0,1700,Sell,226102152
2024-07-24 13:00:07,46000.0,1600,Sell,226102151
2024-07-24 13:00:07,46000.0,1700,Sell,226102150
2024-07-24 13:00:07,46000.0,1600,Sell,226102149
2024-07-24 13:00:07,46000.0,1600,Sell,226102153
2024-07-24 13:00:07,46000.0,1700,Sell,226102141
2024-07-24 13:00:07,46000.0,1600,Sell,226102140
2024-07-24 13:00:07,46000.0,1700,Sell,226102139
2024-07-24 13:00:07,46000.0,1600,Sell,226102138
2024-07-24 13:00:07,46000.0,1700,Sell,226102137
2024-07-24 13:00:07,46000.0,1700,Sell,226102142
2024-07-24 13:00:13,46000.0,200,Sell,226102320
2024-07-24 13:00:25,46000.0,100,Buy,226102575
2024-07-24 13:00:31,46000.0,100,Sell,226102655
2024-07-24 13:00:39,46000.0,200,Buy,226102877
2024-07-24 13:00:59,45950.0,100,Sell,226103302
2024-07-24 13:01:03,45950.0,100,Sell,226103358
2024-07-24 13:01:13,45900.0,100,Sell,226103539
2024-07-24 13:01:13,45900.0,100,Sell,226103542
2024-07-24 13:01:13,45900.0,1500,Sell,226103541
2024-07-24 13:01:13,45900.0,1000,Sell,226103538
2024-07-24 13:01:13,45900.0,1000,Sell,226103540
2024-07-24 13:01:13,45950.0,200,Sell,226103536
2024-07-24 13:01:13,45950.0,200,Sell,226103515
2024-07-24 13:01:13,45950.0,100,Sell,226103534
2024-07-24 13:01:13,45950.0,800,Sell,226103514
2024-07-24 13:01:13,45950.0,500,Sell,226103535
2024-07-24 13:01:13,45900.0,500,Sell,226103537
2024-07-24 13:01:15,46000.0,100,Buy,226103624
2024-07-24 13:01:33,46000.0,600,Buy,226103951
2024-07-24 13:01:33,46000.0,1000,Buy,226103952
2024-07-24 13:01:33,46000.0,7700,Buy,226103953
2024-07-24 13:02:03,46000.0,300,Buy,226104522
2024-07-24 13:02:03,45950.0,1500,Buy,226104521
2024-07-24 13:02:04,45950.0,100,Sell,226104545
2024-07-24 13:02:04,45900.0,1400,Sell,226104546
2024-07-24 13:02:05,46000.0,2000,Buy,226104565
2024-07-24 13:02:05,46000.0,9000,Buy,226104566
2024-07-24 13:02:19,46000.0,600,Sell,226104878
2024-07-24 13:02:20,46000.0,5400,Sell,226104887
2024-07-24 13:02:20,46000.0,1700,Sell,226104888
2024-07-24 13:02:27,46000.0,1800,Buy,226105040
2024-07-24 13:02:35,46000.0,400,Buy,226105151
2024-07-24 13:02:39,46000.0,100,Buy,226105218
2024-07-24 13:02:39,46000.0,700,Buy,226105217
2024-07-24 13:02:39,46000.0,700,Buy,226105219
2024-07-24 13:02:41,46050.0,9700,Buy,226105258
2024-07-24 13:02:44,46050.0,100,Sell,226105319
2024-07-24 13:03:00,46100.0,100,Buy,226105570
2024-07-24 13:03:09,46050.0,5700,Sell,226105759
2024-07-24 13:03:19,46050.0,4300,Buy,226105965
2024-07-24 13:03:19,46100.0,5700,Buy,226105966
2024-07-24 13:04:25,46100.0,100,Buy,226107196
2024-07-24 13:04:25,46100.0,600,Buy,226107195
2024-07-24 13:04:25,46100.0,100,Buy,226107193
2024-07-24 13:04:25,46100.0,400,Buy,226107191
2024-07-24 13:04:25,46100.0,2000,Buy,226107194
2024-07-24 13:04:25,46100.0,1000,Buy,226107192
2024-07-24 13:04:26,46100.0,100,Sell,226107214
2024-07-24 13:04:34,46100.0,5700,Sell,226107402
2024-07-24 13:04:34,46100.0,4300,Sell,226107403
2024-07-24 13:04:48,46100.0,100,Sell,226107612
2024-07-24 13:05:09,46100.0,400,Sell,226108106
2024-07-24 13:05:09,46100.0,600,Sell,226108105
2024-07-24 13:05:35,46100.0,100,Buy,226108592
2024-07-24 13:05:55,46100.0,300,Buy,226108956
2024-07-24 13:06:00,46100.0,200,Buy,226109073
2024-07-24 13:06:00,46100.0,300,Buy,226109072
2024-07-24 13:06:00,46100.0,300,Buy,226109071
2024-07-24 13:06:00,46100.0,300,Buy,226109070
2024-07-24 13:06:00,46000.0,18100,Sell,226109067
2024-07-24 13:06:00,46000.0,1700,Sell,226109049
2024-07-24 13:06:00,46000.0,800,Sell,226109048
2024-07-24 13:06:00,46000.0,1700,Sell,226109047
2024-07-24 13:06:00,46000.0,400,Sell,226109046
2024-07-24 13:06:00,46000.0,1700,Sell,226109045
2024-07-24 13:06:00,46100.0,600,Buy,226109069
2024-07-24 13:06:00,46000.0,1700,Sell,226109043
2024-07-24 13:06:00,46000.0,1700,Sell,226109044
2024-07-24 13:06:00,46000.0,300,Sell,226109033
2024-07-24 13:06:00,46000.0,400,Sell,226109034
2024-07-24 13:06:00,46000.0,1700,Sell,226109035
2024-07-24 13:06:00,46000.0,500,Sell,226109036
2024-07-24 13:06:00,46000.0,1700,Sell,226109041
2024-07-24 13:06:00,46000.0,1700,Sell,226109037
2024-07-24 13:06:00,46000.0,500,Sell,226109038
2024-07-24 13:06:00,46000.0,5000,Sell,226109039
2024-07-24 13:06:00,46000.0,1700,Sell,226109040
2024-07-24 13:06:00,46000.0,200,Sell,226109042
2024-07-24 13:06:11,46100.0,100,Sell,226109299
2024-07-24 13:06:20,46150.0,200,Buy,226109482
2024-07-24 13:06:20,46150.0,100,Buy,226109481
2024-07-24 13:07:06,46150.0,100,Buy,226110562
2024-07-24 13:07:16,46150.0,100,Buy,226110749
2024-07-24 13:07:17,46150.0,100,Buy,226110763
2024-07-24 13:07:17,46150.0,100,Buy,226110762
2024-07-24 13:07:28,46150.0,100,Buy,226110960
2024-07-24 13:07:38,46150.0,100,Buy,226111239
2024-07-24 13:07:46,46150.0,100,Buy,226111570
2024-07-24 13:07:58,46150.0,600,Buy,226112375
2024-07-24 13:07:58,46150.0,2000,Buy,226112376
2024-07-24 13:07:58,46150.0,100,Buy,226112377
2024-07-24 13:08:03,46150.0,400,Buy,226113072
2024-07-24 13:08:05,46000.0,600,Sell,226113139
2024-07-24 13:08:05,46050.0,200,Sell,226113138
2024-07-24 13:08:05,46100.0,18200,Sell,226113137
2024-07-24 13:08:08,46150.0,900,Buy,226113304
2024-07-24 13:08:10,46150.0,100,Buy,226113364
2024-07-24 13:08:16,46100.0,100,Buy,226113572
2024-07-24 13:08:30,46150.0,400,Buy,226114028
2024-07-24 13:08:33,46150.0,100,Buy,226114168
2024-07-24 13:08:33,46150.0,500,Buy,226114169
2024-07-24 13:08:33,46150.0,200,Buy,226114170
2024-07-24 13:08:34,46150.0,400,Buy,226114258
2024-07-24 13:08:48,46150.0,1400,Buy,226114701
2024-07-24 13:08:48,46150.0,500,Buy,226114702
2024-07-24 13:08:56,46200.0,400,Buy,226115010
2024-07-24 13:08:57,46200.0,400,Buy,226115065
2024-07-24 13:08:57,46200.0,300,Buy,226115063
2024-07-24 13:08:57,46200.0,100,Buy,226115064
2024-07-24 13:09:04,46200.0,1400,Buy,226115290
2024-07-24 13:09:04,46200.0,5000,Buy,226115291
2024-07-24 13:09:04,46200.0,500,Buy,226115292
2024-07-24 13:09:04,46200.0,1000,Buy,226115293
2024-07-24 13:09:04,46200.0,500,Buy,226115294
2024-07-24 13:09:04,46200.0,1000,Buy,226115295
2024-07-24 13:09:09,46250.0,4000,Buy,226115507
2024-07-24 13:09:09,46250.0,100,Buy,226115508
2024-07-24 13:09:09,46250.0,100,Buy,226115505
2024-07-24 13:09:09,46250.0,100,Buy,226115506
2024-07-24 13:09:21,46300.0,400,Buy,226115880
2024-07-24 13:09:35,46300.0,300,Buy,226116320
2024-07-24 13:09:35,46300.0,400,Buy,226116321
2024-07-24 13:09:35,46300.0,200,Buy,226116322
2024-07-24 13:09:43,46300.0,100,Buy,226116742
2024-07-24 13:09:49,46300.0,800,Buy,226116984
2024-07-24 13:10:01,46250.0,100,Buy,226117344
2024-07-24 13:10:16,46300.0,500,Buy,226117823
2024-07-24 13:10:35,46300.0,100,Buy,226118547
2024-07-24 13:10:39,46300.0,3000,Buy,226118667
2024-07-24 13:10:39,46300.0,1300,Buy,226118665
2024-07-24 13:10:39,46300.0,100,Buy,226118666
2024-07-24 13:10:45,46350.0,100,Buy,226118870
2024-07-24 13:11:09,46300.0,500,Sell,226119866
2024-07-24 13:11:40,46350.0,100,Buy,226120945
2024-07-24 13:11:48,46350.0,500,Buy,226121253
2024-07-24 13:11:54,46400.0,200,Buy,226121444
2024-07-24 13:11:54,46400.0,500,Buy,226121443
2024-07-24 13:11:54,46400.0,1100,Buy,226121446
2024-07-24 13:11:54,46400.0,100,Buy,226121445
2024-07-24 13:11:54,46400.0,1000,Buy,226121442
2024-07-24 13:11:54,46350.0,100,Buy,226121438
2024-07-24 13:11:54,46400.0,300,Buy,226121440
2024-07-24 13:11:54,46350.0,5200,Buy,226121436
2024-07-24 13:11:54,46400.0,100,Buy,226121441
2024-07-24 13:11:54,46350.0,1000,Buy,226121439
2024-07-24 13:11:54,46350.0,1000,Buy,226121437
2024-07-24 13:11:55,46300.0,500,Sell,226121467
2024-07-24 13:11:55,46300.0,5000,Sell,226121468
2024-07-24 13:11:55,46250.0,300,Sell,226121469
2024-07-24 13:11:55,46250.0,3100,Sell,226121470
2024-07-24 13:12:33,46350.0,2000,Sell,226122612
2024-07-24 13:12:51,46400.0,300,Buy,226123146
2024-07-24 13:12:52,46400.0,100,Buy,226123167
2024-07-24 13:13:18,46400.0,200,Buy,226124022
2024-07-24 13:13:20,46400.0,100,Buy,226124098
2024-07-24 13:13:25,46400.0,1000,Buy,226124321
2024-07-24 13:13:42,46400.0,600,Buy,226124785
2024-07-24 13:13:42,46400.0,400,Buy,226124786
2024-07-24 13:13:49,46400.0,100,Buy,226125068
2024-07-24 13:13:51,46400.0,100,Buy,226125117
2024-07-24 13:14:01,46350.0,500,Sell,226125452
2024-07-24 13:14:14,46350.0,3000,Buy,226125819
2024-07-24 13:14:21,46350.0,6500,Buy,226125989
2024-07-24 13:14:21,46350.0,3500,Buy,226125995
2024-07-24 13:14:40,46350.0,1500,Buy,226126619
2024-07-24 13:14:53,46400.0,100,Buy,226127074
2024-07-24 13:14:59,46400.0,100,Buy,226127247
2024-07-24 13:15:20,46400.0,100,Buy,226127912
2024-07-24 13:15:28,46400.0,500,Buy,226128177
2024-07-24 13:15:35,46350.0,4500,Sell,226128299
2024-07-24 13:15:39,46400.0,500,Buy,226128406
2024-07-24 13:15:39,46400.0,1500,Buy,226128405
2024-07-24 13:15:39,46350.0,7500,Buy,226128401
2024-07-24 13:15:39,46400.0,500,Buy,226128403
2024-07-24 13:15:39,46400.0,100,Buy,226128402
2024-07-24 13:15:39,46400.0,400,Buy,226128404
2024-07-24 13:15:40,46400.0,200,Buy,226128413
2024-07-24 13:15:40,46400.0,100,Buy,226128412
2024-07-24 13:15:40,46400.0,500,Buy,226128410
2024-07-24 13:15:40,46400.0,1000,Buy,226128409
2024-07-24 13:15:40,46400.0,400,Buy,226128411
2024-07-24 13:15:48,46400.0,600,Sell,226128655
2024-07-24 13:15:55,46450.0,100,Buy,226128910
2024-07-24 13:16:14,46450.0,400,Buy,226129546
2024-07-24 13:16:47,46500.0,100,Buy,226130446
2024-07-24 13:16:47,46500.0,100,Buy,226130447
2024-07-24 13:16:47,46500.0,300,Buy,226130448
2024-07-24 13:16:47,46500.0,200,Buy,226130449
2024-07-24 13:16:47,46500.0,200,Buy,226130450
2024-07-24 13:16:47,46500.0,2000,Buy,226130451
2024-07-24 13:16:47,46500.0,3800,Buy,226130452
2024-07-24 13:17:05,46500.0,2200,Buy,226130869
2024-07-24 13:17:05,46500.0,500,Buy,226130877
2024-07-24 13:17:05,46500.0,900,Buy,226130878
2024-07-24 13:17:05,46500.0,600,Buy,226130879
2024-07-24 13:17:06,46450.0,1000,Sell,226130918
2024-07-24 13:17:10,46450.0,100,Sell,226131040
2024-07-24 13:17:56,46400.0,100,Buy,226132291
2024-07-24 13:18:30,46450.0,100,Buy,226133061
2024-07-24 13:18:30,46400.0,400,Sell,226133059
2024-07-24 13:18:30,46400.0,100,Sell,226133060
2024-07-24 13:18:51,46450.0,200,Buy,226133552
2024-07-24 13:18:51,46500.0,4400,Buy,226133553
2024-07-24 13:18:51,46500.0,100,Buy,226133554
2024-07-24 13:18:51,46500.0,100,Buy,226133555
2024-07-24 13:18:51,46500.0,100,Buy,226133556
2024-07-24 13:18:51,46500.0,300,Buy,226133557
2024-07-24 13:18:51,46450.0,4800,Buy,226133551
2024-07-24 13:19:10,46450.0,500,Sell,226133951
2024-07-24 13:19:23,46450.0,600,Sell,226134242
2024-07-24 13:19:48,46500.0,500,Buy,226134876
2024-07-24 13:20:09,46500.0,200,Buy,226135270
2024-07-24 13:20:09,46500.0,300,Buy,226135271
2024-07-24 13:20:13,46500.0,100,Buy,226135394
2024-07-24 13:20:16,46500.0,100,Buy,226135436
2024-07-24 13:20:16,46500.0,100,Buy,226135437
2024-07-24 13:20:16,46500.0,300,Buy,226135438
2024-07-24 13:20:16,46500.0,200,Buy,226135439
2024-07-24 13:20:24,46500.0,500,Sell,226135718
2024-07-24 13:20:27,46500.0,1000,Sell,226135791
2024-07-24 13:20:50,46500.0,500,Sell,226136427
2024-07-24 13:20:54,46550.0,100,Buy,226136502
2024-07-24 13:21:02,46550.0,16000,Buy,226136726
2024-07-24 13:21:05,46550.0,100,Buy,226136785
2024-07-24 13:21:07,46550.0,200,Buy,226136876
2024-07-24 13:21:07,46550.0,200,Buy,226136877
2024-07-24 13:21:14,46600.0,200,Buy,226137056
2024-07-24 13:21:24,46700.0,300,Buy,226137331
2024-07-24 13:21:24,46700.0,100,Buy,226137330
2024-07-24 13:21:24,46650.0,100,Buy,226137329
2024-07-24 13:21:24,46600.0,200,Buy,226137328
2024-07-24 13:21:24,46600.0,400,Buy,226137326
2024-07-24 13:21:24,46600.0,500,Buy,226137325
2024-07-24 13:21:24,46600.0,700,Buy,226137324
2024-07-24 13:21:24,46600.0,100,Buy,226137323
2024-07-24 13:21:24,46600.0,100,Buy,226137327
2024-07-24 13:21:31,46700.0,2000,Sell,226137493
2024-07-24 13:21:35,46700.0,100,Sell,226137592
2024-07-24 13:21:47,46800.0,300,Buy,226137866
2024-07-24 13:21:47,46800.0,1000,Buy,226137865
2024-07-24 13:21:47,46750.0,100,Buy,226137861
2024-07-24 13:21:47,46800.0,1000,Buy,226137863
2024-07-24 13:21:47,46800.0,100,Buy,226137862
2024-07-24 13:21:47,46800.0,1000,Buy,226137864
2024-07-24 13:21:48,46800.0,2600,Sell,226137887
2024-07-24 13:21:50,46800.0,4300,Sell,226137963
2024-07-24 13:21:59,46800.0,500,Sell,226138214
2024-07-24 13:21:59,46750.0,600,Sell,226138215
2024-07-24 13:22:01,46750.0,1000,Buy,226138257
2024-07-24 13:22:09,46750.0,900,Buy,226138518
2024-07-24 13:22:27,46800.0,100,Buy,226139049
2024-07-24 13:22:33,46700.0,100,Sell,226139185
2024-07-24 13:22:33,46700.0,400,Sell,226139186
2024-07-24 13:22:45,46700.0,600,Sell,226139576
2024-07-24 13:22:45,46700.0,400,Sell,226139577
2024-07-24 13:22:55,46400.0,100,Sell,226139848
2024-07-24 13:22:55,46400.0,100,Sell,226139847
2024-07-24 13:22:55,46650.0,100,Sell,226139844
2024-07-24 13:22:55,46450.0,100,Sell,226139845
2024-07-24 13:22:55,46450.0,500,Sell,226139846
2024-07-24 13:22:55,46700.0,100,Sell,226139843
2024-07-24 13:23:40,46700.0,100,Buy,226141287
2024-07-24 13:23:56,46700.0,200,Buy,226141744
2024-07-24 13:24:13,46700.0,500,Buy,226142353
2024-07-24 13:24:13,46700.0,200,Buy,226142352
2024-07-24 13:24:17,46700.0,100,Buy,226142502
2024-07-24 13:24:17,46700.0,300,Buy,226142503
2024-07-24 13:24:17,46700.0,500,Buy,226142504
2024-07-24 13:24:17,46700.0,500,Buy,226142505
2024-07-24 13:24:17,46700.0,500,Buy,226142501
2024-07-24 13:24:32,46700.0,500,Sell,226143181
2024-07-24 13:24:37,46700.0,100,Sell,226143369
2024-07-24 13:25:08,46700.0,500,Sell,226144547
2024-07-24 13:25:19,46700.0,2000,Sell,226145013
2024-07-24 13:25:40,46700.0,900,Sell,226146117
2024-07-24 13:25:44,46700.0,200,Sell,226146295
2024-07-24 13:25:44,46700.0,100,Sell,226146294
2024-07-24 13:25:47,46750.0,100,Buy,226146519
2024-07-24 13:25:51,46750.0,100,Buy,226146673
2024-07-24 13:25:56,46750.0,100,Buy,226146840
2024-07-24 13:26:15,46750.0,100,Buy,226147979
2024-07-24 13:26:23,46750.0,100,Buy,226148364
2024-07-24 13:26:23,46750.0,2100,Buy,226148363
2024-07-24 13:26:23,46750.0,100,Buy,226148360
2024-07-24 13:26:23,46750.0,2000,Buy,226148361
2024-07-24 13:26:23,46750.0,200,Buy,226148362
2024-07-24 13:26:23,46750.0,700,Buy,226148359
2024-07-24 13:26:40,46750.0,700,Buy,226149216
2024-07-24 13:27:13,46750.0,1000,Sell,226150894
2024-07-24 13:27:28,46750.0,500,Sell,226151826
2024-07-24 13:27:38,46800.0,200,Buy,226152271
2024-07-24 13:27:38,46800.0,100,Buy,226152272
2024-07-24 13:27:38,46800.0,300,Buy,226152273
2024-07-24 13:27:38,46800.0,3000,Buy,226152274
2024-07-24 13:27:38,46800.0,5900,Buy,226152277
2024-07-24 13:27:38,46800.0,200,Buy,226152278
2024-07-24 13:27:38,46800.0,300,Buy,226152279
2024-07-24 13:27:40,46750.0,100,Sell,226152379
2024-07-24 13:27:41,46800.0,1000,Buy,226152416
2024-07-24 13:27:41,46800.0,200,Buy,226152415
2024-07-24 13:28:00,46800.0,100,Sell,226153314
2024-07-24 13:28:00,46800.0,400,Sell,226153315
2024-07-24 13:28:01,46800.0,100,Sell,226153331
2024-07-24 13:28:11,46850.0,200,Buy,226153855
2024-07-24 13:28:11,46800.0,100,Sell,226153929
2024-07-24 13:28:11,46800.0,200,Sell,226153930
2024-07-24 13:28:11,46800.0,800,Sell,226153931
2024-07-24 13:28:18,46850.0,2800,Buy,226154278
2024-07-24 13:28:18,46850.0,100,Buy,226154279
