time,price,volume,match_type,id
2024-07-18 09:14:41,48600.0,26200,ATO/ATC,224075342
2024-07-18 09:14:43,48600.0,300,Sell,224075638
2024-07-18 09:14:44,48600.0,100,Sell,224075643
2024-07-18 09:15:35,48600.0,500,Sell,224077031
2024-07-18 09:15:58,48700.0,100,Buy,224077809
2024-07-18 09:16:08,48700.0,900,Buy,224078232
2024-07-18 09:16:08,48700.0,2000,Buy,224078233
2024-07-18 09:16:45,48900.0,1000,Buy,224079582
2024-07-18 09:16:52,48900.0,1000,Buy,224079797
2024-07-18 09:16:57,48900.0,5300,Buy,224079968
2024-07-18 09:16:59,48900.0,100,Buy,224080073
2024-07-18 09:17:04,48900.0,500,Buy,224080277
2024-07-18 09:17:08,48900.0,1000,Buy,224080460
2024-07-18 09:17:10,48900.0,300,Buy,224080513
2024-07-18 09:17:12,48900.0,1000,Buy,224080639
2024-07-18 09:17:14,48900.0,200,Buy,224080696
2024-07-18 09:17:16,48850.0,400,Sell,224080850
2024-07-18 09:17:19,48900.0,2000,Buy,224080978
2024-07-18 09:17:20,48850.0,100,Sell,224081007
2024-07-18 09:17:22,48850.0,1000,Buy,224081094
2024-07-18 09:17:29,48850.0,500,Buy,224081360
2024-07-18 09:17:33,48800.0,400,Sell,224081533
2024-07-18 09:17:45,48800.0,900,Sell,224082031
2024-07-18 09:17:45,48800.0,200,Sell,224082038
2024-07-18 09:17:45,48800.0,700,Sell,224082039
2024-07-18 09:17:45,48800.0,200,Sell,224082040
2024-07-18 09:17:55,48800.0,200,Sell,224082374
2024-07-18 09:17:55,48800.0,800,Sell,224082373
2024-07-18 09:17:56,48800.0,400,Sell,224082463
2024-07-18 09:17:58,48800.0,200,Sell,224082591
2024-07-18 09:17:58,48800.0,1800,Sell,224082592
2024-07-18 09:17:58,48800.0,100,Sell,224082593
2024-07-18 09:17:58,48800.0,1300,Sell,224082594
2024-07-18 09:17:58,48800.0,2000,Sell,224082595
2024-07-18 09:18:02,48800.0,100,Buy,224082704
2024-07-18 09:18:06,48800.0,2100,Buy,224082893
2024-07-18 09:18:07,48700.0,400,Sell,224082946
2024-07-18 09:18:09,48800.0,500,Buy,224083026
2024-07-18 09:18:09,48800.0,200,Buy,224083048
2024-07-18 09:18:25,48800.0,500,Buy,224083603
2024-07-18 09:18:25,48700.0,400,Sell,224083619
2024-07-18 09:18:27,48800.0,800,Buy,224083735
2024-07-18 09:18:27,48800.0,200,Buy,224083734
2024-07-18 09:18:40,48700.0,300,Sell,224084206
2024-07-18 09:18:40,48700.0,100,Sell,224084207
2024-07-18 09:18:48,48700.0,1400,Sell,224084545
2024-07-18 09:18:48,48700.0,600,Sell,224084546
2024-07-18 09:18:54,48800.0,1100,Buy,224084811
2024-07-18 09:18:57,48800.0,3700,Sell,224084961
2024-07-18 09:18:57,48700.0,300,Sell,224084962
2024-07-18 09:18:57,48700.0,200,Sell,224084963
2024-07-18 09:18:57,48700.0,100,Sell,224084964
2024-07-18 09:18:57,48700.0,700,Sell,224084965
2024-07-18 09:19:01,48700.0,300,Sell,224085155
2024-07-18 09:19:01,48700.0,100,Sell,224085156
2024-07-18 09:19:12,48800.0,700,Sell,224085699
2024-07-18 09:19:46,48800.0,2600,Sell,224087240
2024-07-18 09:19:46,48800.0,300,Sell,224087238
2024-07-18 09:19:46,48800.0,100,Sell,224087239
2024-07-18 09:19:54,48800.0,100,Sell,224087631
2024-07-18 09:20:04,48800.0,300,Sell,224088038
2024-07-18 09:20:04,48750.0,100,Sell,224088039
2024-07-18 09:20:07,48800.0,200,Sell,224088209
2024-07-18 09:20:07,48800.0,100,Sell,224088210
2024-07-18 09:20:28,48750.0,400,Sell,224089168
2024-07-18 09:20:28,48750.0,1500,Sell,224089194
2024-07-18 09:20:28,48750.0,200,Sell,224089195
2024-07-18 09:20:29,48700.0,600,Buy,224089276
2024-07-18 09:20:29,48800.0,1200,Buy,224089277
2024-07-18 09:20:29,48800.0,1000,Buy,224089278
2024-07-18 09:20:29,48800.0,900,Sell,224089279
2024-07-18 09:20:37,48800.0,3000,Sell,224089733
2024-07-18 09:20:37,48800.0,6300,Sell,224089732
2024-07-18 09:20:40,48600.0,400,Sell,224089865
2024-07-18 09:20:43,48700.0,100,Buy,224090026
2024-07-18 09:20:54,48600.0,200,Sell,224090441
2024-07-18 09:20:54,48600.0,200,Sell,224090442
2024-07-18 09:21:06,48600.0,800,Sell,224091045
2024-07-18 09:21:06,48600.0,200,Sell,224091046
2024-07-18 09:21:13,48600.0,700,Sell,224091292
2024-07-18 09:21:16,48600.0,1000,Sell,224091408
2024-07-18 09:21:17,48600.0,400,Sell,224091438
2024-07-18 09:21:18,48700.0,100,Buy,224091571
2024-07-18 09:21:30,48600.0,400,Sell,224092042
2024-07-18 09:21:31,48700.0,2700,Buy,224092100
2024-07-18 09:21:40,48600.0,400,Sell,224092543
2024-07-18 09:21:49,48600.0,400,Sell,224093026
2024-07-18 09:22:06,48600.0,400,Sell,224093760
2024-07-18 09:22:23,48700.0,200,Buy,224094462
2024-07-18 09:23:09,48550.0,2400,Sell,224096239
2024-07-18 09:23:09,48600.0,1500,Sell,224096238
2024-07-18 09:23:09,48600.0,400,Sell,224096237
2024-07-18 09:23:09,48600.0,1000,Sell,224096236
2024-07-18 09:23:09,48600.0,500,Sell,224096235
2024-07-18 09:23:09,48600.0,100,Sell,224096233
2024-07-18 09:23:09,48600.0,1000,Sell,224096232
2024-07-18 09:23:09,48600.0,3100,Sell,224096231
2024-07-18 09:23:09,48600.0,10000,Sell,224096234
2024-07-18 09:23:18,48550.0,1500,Sell,224096488
2024-07-18 09:23:52,48600.0,200,Buy,224098007
2024-07-18 09:24:02,48550.0,3000,Sell,224098452
2024-07-18 09:24:06,48550.0,300,Sell,224098632
2024-07-18 09:24:08,48600.0,400,Buy,224098761
2024-07-18 09:24:16,48600.0,100,Buy,224099024
2024-07-18 09:24:55,48550.0,300,Sell,224100393
2024-07-18 09:25:40,48550.0,300,Sell,224102093
2024-07-18 09:25:56,48550.0,1000,Sell,224102752
2024-07-18 09:26:18,48550.0,1000,Sell,224103507
2024-07-18 09:26:31,48550.0,100,Sell,224104007
2024-07-18 09:26:31,48550.0,200,Sell,224104006
2024-07-18 09:26:31,48550.0,500,Sell,224104008
2024-07-18 09:27:15,48550.0,400,Sell,224105435
2024-07-18 09:27:15,48550.0,400,Sell,224105436
2024-07-18 09:27:15,48550.0,200,Sell,224105437
2024-07-18 09:27:27,48550.0,300,Sell,224105866
2024-07-18 09:27:33,48550.0,500,Sell,224106083
2024-07-18 09:27:33,48550.0,500,Sell,224106084
2024-07-18 09:27:33,48550.0,100,Sell,224106085
2024-07-18 09:27:33,48550.0,100,Sell,224106086
2024-07-18 09:27:57,48500.0,1000,Sell,224106762
2024-07-18 09:28:14,48500.0,1000,Sell,224107362
2024-07-18 09:28:14,48500.0,500,Sell,224107376
2024-07-18 09:28:15,48450.0,400,Sell,224107394
2024-07-18 09:28:16,48500.0,2100,Sell,224107416
2024-07-18 09:28:16,48500.0,1400,Buy,224107414
2024-07-18 09:28:16,48500.0,1000,Buy,224107415
2024-07-18 09:28:29,48500.0,500,Sell,224107776
2024-07-18 09:28:29,48500.0,200,Sell,224107777
2024-07-18 09:28:29,48450.0,9600,Sell,224107778
2024-07-18 09:28:29,48450.0,400,Sell,224107779
2024-07-18 09:28:29,48450.0,500,Sell,224107780
2024-07-18 09:28:29,48450.0,800,Sell,224107781
2024-07-18 09:28:41,48500.0,100,Sell,224108145
2024-07-18 09:28:41,48450.0,200,Sell,224108146
2024-07-18 09:28:41,48450.0,300,Sell,224108147
2024-07-18 09:28:50,48450.0,300,Buy,224108533
2024-07-18 09:29:13,48450.0,900,Sell,224109239
2024-07-18 09:30:26,48450.0,200,Sell,224111912
2024-07-18 09:31:48,48500.0,200,Buy,224114323
2024-07-18 09:31:48,48500.0,800,Buy,224114324
2024-07-18 09:31:59,48500.0,100,Buy,224114611
2024-07-18 09:31:59,48500.0,800,Buy,224114610
2024-07-18 09:32:23,48550.0,500,Buy,224115338
2024-07-18 09:32:24,48550.0,2500,Buy,224115381
2024-07-18 09:32:24,48550.0,2500,Buy,224115380
2024-07-18 09:32:26,48550.0,2200,Buy,224115463
2024-07-18 09:32:26,48550.0,2000,Buy,224115465
2024-07-18 09:32:26,48550.0,500,Buy,224115462
2024-07-18 09:32:26,48550.0,300,Buy,224115464
2024-07-18 09:32:29,48550.0,500,Buy,224115600
2024-07-18 09:32:34,48550.0,100,Buy,224115711
2024-07-18 09:32:36,48550.0,400,Buy,224115763
2024-07-18 09:32:36,48550.0,100,Buy,224115764
2024-07-18 09:32:37,48550.0,100,Buy,224115795
2024-07-18 09:32:39,48550.0,4800,Buy,224115874
2024-07-18 09:32:39,48550.0,200,Buy,224115875
2024-07-18 09:32:39,48550.0,500,Buy,224115888
2024-07-18 09:32:41,48550.0,200,Buy,224115935
2024-07-18 09:32:47,48600.0,1800,Buy,224116121
2024-07-18 09:32:47,48600.0,2100,Buy,224116118
2024-07-18 09:32:47,48600.0,1000,Buy,224116119
2024-07-18 09:32:47,48600.0,100,Buy,224116120
2024-07-18 09:32:55,48600.0,200,Buy,224116400
2024-07-18 09:33:12,48600.0,500,Sell,224116947
2024-07-18 09:33:13,48700.0,7600,Buy,224116976
2024-07-18 09:33:13,48700.0,1800,Buy,224116977
2024-07-18 09:33:13,48700.0,2000,Buy,224116978
2024-07-18 09:33:22,48600.0,100,Sell,224117253
2024-07-18 09:33:40,48700.0,2000,Buy,224117642
2024-07-18 09:33:52,48700.0,1000,Buy,224117993
2024-07-18 09:33:52,48700.0,1000,Buy,224117994
2024-07-18 09:33:52,48700.0,300,Buy,224117995
2024-07-18 09:33:52,48700.0,300,Buy,224117996
2024-07-18 09:33:58,48700.0,300,Buy,224118146
2024-07-18 09:33:58,48700.0,100,Buy,224118145
2024-07-18 09:33:58,48700.0,100,Buy,224118143
2024-07-18 09:33:58,48700.0,200,Buy,224118144
2024-07-18 09:33:58,48700.0,500,Buy,224118142
2024-07-18 09:34:00,48700.0,200,Sell,224118211
2024-07-18 09:34:03,48700.0,100,Sell,224118280
2024-07-18 09:34:04,48750.0,300,Buy,224118301
2024-07-18 09:34:06,48700.0,3500,Sell,224118351
2024-07-18 09:34:06,48700.0,600,Sell,224118352
2024-07-18 09:34:06,48700.0,500,Sell,224118353
2024-07-18 09:34:06,48700.0,1000,Buy,224118354
2024-07-18 09:34:06,48700.0,1300,Buy,224118363
2024-07-18 09:34:08,48700.0,1000,Buy,224118384
2024-07-18 09:34:08,48700.0,700,Buy,224118398
2024-07-18 09:34:10,48700.0,1000,Buy,224118448
2024-07-18 09:34:32,48700.0,100,Buy,224119037
2024-07-18 09:34:35,48700.0,5000,Buy,224119118
2024-07-18 09:34:47,48700.0,100,Buy,224119430
2024-07-18 09:34:47,48700.0,300,Buy,224119429
2024-07-18 09:34:51,48700.0,100,Sell,224119547
2024-07-18 09:35:26,48750.0,200,Buy,224120451
2024-07-18 09:35:33,48750.0,100,Buy,224120589
2024-07-18 09:35:44,48750.0,1200,Buy,224120777
2024-07-18 09:35:44,48750.0,500,Buy,224120778
2024-07-18 09:35:59,48800.0,100,Buy,224121180
2024-07-18 09:36:15,48800.0,400,Buy,224121671
2024-07-18 09:36:15,48800.0,200,Buy,224121685
2024-07-18 09:36:15,48800.0,100,Buy,224121686
2024-07-18 09:36:15,48800.0,200,Buy,224121687
2024-07-18 09:36:50,48800.0,300,Buy,224122617
2024-07-18 09:37:12,48800.0,2000,Buy,224123175
2024-07-18 09:37:18,48800.0,100,Buy,224123376
2024-07-18 09:37:19,48800.0,100,Buy,224123430
2024-07-18 09:37:20,48800.0,100,Buy,224123445
2024-07-18 09:37:20,48800.0,100,Buy,224123444
2024-07-18 09:37:20,48800.0,300,Buy,224123442
2024-07-18 09:37:20,48800.0,500,Buy,224123443
2024-07-18 09:37:25,48800.0,1000,Buy,224123566
2024-07-18 09:37:25,48800.0,1900,Buy,224123567
2024-07-18 09:37:25,48800.0,100,Buy,224123568
2024-07-18 09:37:32,48800.0,5200,Sell,224123721
2024-07-18 09:37:35,48850.0,1000,Buy,224123807
2024-07-18 09:37:51,48850.0,200,Buy,224124242
2024-07-18 09:37:51,48850.0,600,Buy,224124256
2024-07-18 09:37:51,48850.0,1000,Buy,224124257
2024-07-18 09:38:00,48900.0,200,Buy,224124510
2024-07-18 09:38:11,48900.0,200,Buy,224124780
2024-07-18 09:38:12,48900.0,600,Buy,224124837
2024-07-18 09:38:14,48900.0,2500,Buy,224124907
2024-07-18 09:38:15,48900.0,3400,Buy,224124939
2024-07-18 09:38:18,48900.0,500,Buy,224125027
2024-07-18 09:38:22,48900.0,6600,Buy,224125130
2024-07-18 09:38:24,48900.0,500,Buy,224125229
2024-07-18 09:38:24,48900.0,500,Buy,224125230
2024-07-18 09:38:25,48900.0,300,Buy,224125251
2024-07-18 09:38:26,48900.0,200,Buy,224125273
2024-07-18 09:38:27,48850.0,400,Sell,224125291
2024-07-18 09:38:28,48900.0,100,Buy,224125370
2024-07-18 09:38:28,48900.0,1000,Buy,224125384
2024-07-18 09:38:29,48900.0,200,Buy,224125408
2024-07-18 09:38:32,48900.0,200,Buy,224125466
2024-07-18 09:38:34,48900.0,200,Buy,224125528
2024-07-18 09:38:34,48900.0,1900,Buy,224125529
2024-07-18 09:38:34,48900.0,500,Buy,224125527
2024-07-18 09:38:34,48900.0,100,Buy,224125530
2024-07-18 09:38:34,48900.0,5400,Buy,224125525
2024-07-18 09:38:34,48900.0,200,Buy,224125509
2024-07-18 09:38:34,48900.0,100,Buy,224125526
2024-07-18 09:38:34,48900.0,5000,Buy,224125516
2024-07-18 09:38:39,48950.0,200,Buy,224125622
2024-07-18 09:38:42,48900.0,400,Sell,224125713
2024-07-18 09:38:44,48950.0,800,Buy,224125837
2024-07-18 09:38:44,48950.0,200,Buy,224125838
2024-07-18 09:38:45,48950.0,300,Buy,224125851
2024-07-18 09:38:46,48950.0,1000,Buy,224125860
2024-07-18 09:38:47,48950.0,100,Buy,224125896
2024-07-18 09:38:50,48950.0,100,Buy,224125977
2024-07-18 09:38:53,48950.0,100,Buy,224126036
2024-07-18 09:38:53,48950.0,400,Buy,224126037
2024-07-18 09:38:53,48950.0,100,Buy,224126046
2024-07-18 09:38:57,49000.0,100,Buy,224126204
2024-07-18 09:39:11,48950.0,400,Sell,224126567
2024-07-18 09:39:21,49000.0,3300,Buy,224126795
2024-07-18 09:39:21,49000.0,700,Buy,224126794
2024-07-18 09:39:26,49000.0,2000,Buy,224126883
2024-07-18 09:39:38,49000.0,5000,Buy,224127174
2024-07-18 09:39:39,49000.0,5000,Buy,224127200
2024-07-18 09:39:40,49000.0,2700,Buy,224127220
2024-07-18 09:39:41,49000.0,2000,Buy,224127241
2024-07-18 09:39:41,48950.0,100,Sell,224127243
2024-07-18 09:39:44,48950.0,400,Sell,224127359
2024-07-18 09:39:48,49000.0,2000,Buy,224127465
2024-07-18 09:39:49,49000.0,500,Buy,224127501
2024-07-18 09:39:49,49000.0,500,Buy,224127500
2024-07-18 09:39:49,49000.0,200,Buy,224127499
2024-07-18 09:39:49,49000.0,200,Buy,224127496
2024-07-18 09:39:49,49000.0,5000,Buy,224127497
2024-07-18 09:39:49,49000.0,1000,Buy,224127495
2024-07-18 09:39:49,49000.0,2500,Buy,224127494
2024-07-18 09:39:49,49000.0,100,Buy,224127498
2024-07-18 09:39:51,49000.0,100,Buy,224127555
2024-07-18 09:39:51,49000.0,1400,Buy,224127554
2024-07-18 09:39:51,49000.0,500,Buy,224127553
2024-07-18 09:39:51,49000.0,2000,Buy,224127551
2024-07-18 09:39:51,49000.0,1000,Buy,224127552
2024-07-18 09:39:56,49000.0,200,Buy,224127675
2024-07-18 09:39:56,49000.0,400,Buy,224127679
2024-07-18 09:39:56,49000.0,100,Buy,224127678
2024-07-18 09:39:56,49000.0,100,Buy,224127674
2024-07-18 09:39:56,49000.0,1100,Buy,224127676
2024-07-18 09:39:56,49000.0,100,Buy,224127677
2024-07-18 09:39:57,49000.0,600,Buy,224127695
2024-07-18 09:39:57,49000.0,100,Buy,224127694
2024-07-18 09:39:57,49000.0,100,Buy,224127696
2024-07-18 09:40:01,49000.0,200,Sell,224127795
2024-07-18 09:40:01,49000.0,1300,Sell,224127796
2024-07-18 09:40:06,49000.0,18000,Sell,224127902
2024-07-18 09:40:07,49050.0,300,Buy,224127909
2024-07-18 09:40:07,49050.0,100,Buy,224127910
2024-07-18 09:40:07,49050.0,100,Buy,224127911
2024-07-18 09:40:07,49050.0,500,Buy,224127912
2024-07-18 09:40:11,49050.0,200,Buy,224128014
2024-07-18 09:40:13,49000.0,100,Sell,224128051
2024-07-18 09:40:17,49200.0,1000,Buy,224128155
2024-07-18 09:40:17,49250.0,100,Buy,224128157
2024-07-18 09:40:17,49200.0,600,Buy,224128153
2024-07-18 09:40:17,49200.0,200,Buy,224128154
2024-07-18 09:40:17,49200.0,100,Buy,224128156
2024-07-18 09:40:21,49050.0,400,Sell,224128280
2024-07-18 09:40:28,49100.0,100,Buy,224128472
2024-07-18 09:40:38,49250.0,100,Buy,224128769
2024-07-18 09:40:38,49300.0,100,Buy,224128770
2024-07-18 09:40:39,49300.0,100,Buy,224128801
2024-07-18 09:40:45,49300.0,200,Buy,224128944
2024-07-18 09:40:46,49250.0,1800,Sell,224128997
2024-07-18 09:40:47,49100.0,400,Sell,224129052
2024-07-18 09:40:48,49100.0,600,Sell,224129063
2024-07-18 09:40:57,49250.0,500,Sell,224129320
2024-07-18 09:41:14,49150.0,100,Buy,224129749
2024-07-18 09:41:14,49150.0,400,Buy,224129750
2024-07-18 09:41:15,49150.0,1700,Sell,224129769
2024-07-18 09:41:28,49250.0,1100,Buy,224130115
2024-07-18 09:41:38,49250.0,600,Buy,224130473
2024-07-18 09:41:38,49250.0,400,Buy,224130472
2024-07-18 09:41:39,49250.0,100,Buy,224130507
2024-07-18 09:41:39,49250.0,500,Buy,224130495
2024-07-18 09:41:44,49150.0,100,Sell,224130649
2024-07-18 09:41:49,49250.0,200,Buy,224130748
2024-07-18 09:42:12,49150.0,100,Sell,224131264
2024-07-18 09:42:12,49150.0,1000,Sell,224131265
2024-07-18 09:42:12,49150.0,1000,Sell,224131266
2024-07-18 09:42:13,49100.0,200,Sell,224131314
2024-07-18 09:42:13,49100.0,1000,Sell,224131315
2024-07-18 09:42:13,49100.0,800,Sell,224131316
2024-07-18 09:42:25,49150.0,2000,Buy,224131725
2024-07-18 09:42:31,49150.0,100,Buy,224131920
2024-07-18 09:42:31,49150.0,100,Buy,224131921
2024-07-18 09:42:43,49150.0,100,Sell,224132113
2024-07-18 09:42:47,49150.0,800,Sell,224132249
2024-07-18 09:42:47,49200.0,200,Buy,224132207
2024-07-18 09:42:48,49150.0,1100,Sell,224132282
2024-07-18 09:42:48,49100.0,300,Sell,224132283
2024-07-18 09:42:48,49100.0,3500,Sell,224132284
2024-07-18 09:42:48,49050.0,1000,Sell,224132285
2024-07-18 09:42:48,49050.0,5000,Sell,224132286
2024-07-18 09:42:48,49000.0,100,Sell,224132287
2024-07-18 09:42:48,49000.0,500,Sell,224132288
2024-07-18 09:42:48,49000.0,1000,Sell,224132289
2024-07-18 09:42:48,49000.0,2000,Sell,224132290
2024-07-18 09:42:48,49000.0,5500,Sell,224132291
2024-07-18 09:43:05,49000.0,2800,Sell,224132715
2024-07-18 09:43:05,49000.0,100,Sell,224132714
2024-07-18 09:43:05,49000.0,1000,Sell,224132713
2024-07-18 09:43:05,49000.0,5000,Sell,224132711
2024-07-18 09:43:05,49000.0,500,Sell,224132707
2024-07-18 09:43:05,49000.0,500,Sell,224132712
2024-07-18 09:43:05,49000.0,100,Sell,224132710
2024-07-18 09:43:14,49000.0,7200,Sell,224132868
2024-07-18 09:43:14,49000.0,200,Sell,224132869
2024-07-18 09:43:20,49000.0,100,Buy,224132971
2024-07-18 09:43:21,49000.0,1000,Buy,224132994
2024-07-18 09:43:41,49000.0,500,Buy,224133424
2024-07-18 09:43:43,48950.0,500,Sell,224133464
2024-07-18 09:43:49,48950.0,100,Sell,224133607
2024-07-18 09:44:06,48950.0,400,Sell,224133922
2024-07-18 09:44:06,48950.0,100,Sell,224133923
2024-07-18 09:44:06,48950.0,2000,Sell,224133924
2024-07-18 09:44:12,48950.0,200,Buy,224134068
2024-07-18 09:44:39,48950.0,9800,Buy,224134535
2024-07-18 09:44:40,48900.0,3000,Sell,224134547
2024-07-18 09:44:56,48950.0,500,Buy,224134993
2024-07-18 09:44:56,48950.0,5500,Buy,224134992
2024-07-18 09:45:06,48950.0,6000,Sell,224135252
2024-07-18 09:45:17,49000.0,100,Buy,224135564
2024-07-18 09:45:23,48950.0,1400,Sell,224135660
2024-07-18 09:45:23,48900.0,7000,Sell,224135661
2024-07-18 09:45:23,48900.0,100,Sell,224135662
2024-07-18 09:45:23,48900.0,100,Sell,224135663
2024-07-18 09:45:23,48900.0,100,Sell,224135664
2024-07-18 09:45:23,48900.0,1300,Sell,224135665
2024-07-18 09:45:33,49000.0,100,Buy,224135896
2024-07-18 09:46:00,48900.0,1000,Sell,224136544
2024-07-18 09:46:39,48950.0,100,Buy,224137645
2024-07-18 09:46:50,48950.0,200,Buy,224137901
2024-07-18 09:47:23,48900.0,700,Sell,224138600
2024-07-18 09:47:23,48900.0,200,Sell,224138601
2024-07-18 09:47:28,48950.0,100,Buy,224138662
2024-07-18 09:47:32,48900.0,300,Sell,224138738
2024-07-18 09:47:32,48900.0,9700,Sell,224138737
2024-07-18 09:47:54,48950.0,400,Buy,224139223
2024-07-18 09:48:54,48950.0,100,Buy,224140552
2024-07-18 09:49:43,48950.0,100,Buy,224141618
2024-07-18 09:49:43,48950.0,100,Buy,224141619
2024-07-18 09:49:47,48900.0,1500,Sell,224141685
2024-07-18 09:49:51,48900.0,2000,Sell,224141799
2024-07-18 09:50:00,48950.0,1000,Buy,224141963
2024-07-18 09:50:00,48950.0,500,Buy,224141962
2024-07-18 09:50:00,48950.0,500,Buy,224141961
2024-07-18 09:50:06,48900.0,500,Sell,224142127
2024-07-18 09:50:27,48900.0,200,Sell,224142620
2024-07-18 09:50:43,48950.0,100,Buy,224143025
2024-07-18 09:50:43,48950.0,200,Buy,224143026
2024-07-18 09:50:43,48950.0,200,Buy,224143027
2024-07-18 09:51:23,48900.0,200,Sell,224144025
2024-07-18 09:51:23,48900.0,500,Sell,224144022
2024-07-18 09:51:23,48900.0,200,Sell,224144023
2024-07-18 09:51:23,48900.0,100,Sell,224144024
2024-07-18 09:51:27,48900.0,100,Sell,224144096
2024-07-18 09:51:42,48900.0,200,Sell,224144399
2024-07-18 09:51:52,48900.0,2000,Sell,224144620
2024-07-18 09:52:03,48900.0,2500,Sell,224144830
2024-07-18 09:52:03,48900.0,100,Sell,224144833
2024-07-18 09:52:03,48900.0,400,Sell,224144834
2024-07-18 09:52:05,48900.0,200,Sell,224144864
2024-07-18 09:52:56,48900.0,200,Sell,224146232
2024-07-18 09:53:13,48900.0,1100,Sell,224146593
2024-07-18 09:53:15,48900.0,1900,Sell,224146608
2024-07-18 09:53:15,48900.0,100,Sell,224146609
2024-07-18 09:54:00,48850.0,100,Sell,224147649
2024-07-18 09:54:00,48850.0,800,Sell,224147647
2024-07-18 09:54:00,48850.0,500,Sell,224147648
2024-07-18 09:54:29,48800.0,500,Sell,224148242
2024-07-18 09:54:45,48800.0,100,Sell,224148565
2024-07-18 09:54:45,48800.0,500,Sell,224148564
2024-07-18 09:54:45,48800.0,100,Sell,224148563
2024-07-18 09:54:45,48800.0,200,Sell,224148562
2024-07-18 09:54:45,48800.0,300,Sell,224148557
2024-07-18 09:54:45,48800.0,1000,Sell,224148560
2024-07-18 09:54:45,48800.0,100,Sell,224148558
2024-07-18 09:54:45,48800.0,1000,Sell,224148561
2024-07-18 09:54:45,48800.0,600,Sell,224148559
2024-07-18 09:54:48,48800.0,1000,Buy,224148630
2024-07-18 09:55:24,48800.0,100,Buy,224149504
2024-07-18 09:55:56,48800.0,100,Sell,224150264
2024-07-18 09:55:57,48850.0,1000,Buy,224150267
2024-07-18 09:56:00,48900.0,100,Buy,224150334
2024-07-18 09:56:28,48900.0,8900,Buy,224150965
2024-07-18 09:56:28,48900.0,3100,Buy,224150966
2024-07-18 09:57:11,48900.0,500,Buy,224151917
2024-07-18 09:57:28,48700.0,1200,Sell,224152247
2024-07-18 09:57:28,48750.0,500,Sell,224152246
2024-07-18 09:57:28,48750.0,500,Sell,224152245
2024-07-18 09:57:28,48800.0,100,Sell,224152244
2024-07-18 09:57:28,48800.0,300,Sell,224152242
2024-07-18 09:57:28,48800.0,100,Sell,224152240
2024-07-18 09:57:28,48800.0,400,Sell,224152239
2024-07-18 09:57:28,48800.0,1700,Sell,224152243
2024-07-18 09:57:28,48800.0,200,Sell,224152241
2024-07-18 09:57:38,48900.0,1400,Buy,224152475
2024-07-18 09:57:38,48900.0,400,Buy,224152476
2024-07-18 09:57:38,48900.0,100,Buy,224152477
2024-07-18 09:57:38,48900.0,500,Buy,224152478
2024-07-18 09:57:38,48900.0,100,Buy,224152479
2024-07-18 09:58:02,48900.0,100,Buy,224153063
2024-07-18 09:58:43,48700.0,1000,Sell,224153999
2024-07-18 10:00:15,48700.0,500,Sell,224156567
2024-07-18 10:01:06,48700.0,300,Sell,224157694
2024-07-18 10:01:06,48700.0,100,Sell,224157695
2024-07-18 10:01:07,48700.0,100,Sell,224157728
2024-07-18 10:01:07,48700.0,400,Sell,224157729
2024-07-18 10:01:07,48700.0,300,Sell,224157730
2024-07-18 10:01:07,48700.0,200,Sell,224157731
2024-07-18 10:01:07,48700.0,600,Sell,224157732
2024-07-18 10:01:07,48700.0,400,Sell,224157727
2024-07-18 10:01:20,48800.0,100,Buy,224157996
2024-07-18 10:02:27,48800.0,100,Buy,224159835
2024-07-18 10:02:36,48900.0,100,Buy,224160047
2024-07-18 10:02:58,48850.0,500,Sell,224160453
2024-07-18 10:02:58,48800.0,100,Sell,224160454
2024-07-18 10:03:11,48800.0,400,Buy,224160703
2024-07-18 10:03:40,48850.0,400,Buy,224161339
2024-07-18 10:03:40,48850.0,100,Buy,224161338
2024-07-18 10:03:46,48800.0,1000,Sell,224161449
2024-07-18 10:04:02,48850.0,100,Buy,224161888
2024-07-18 10:04:35,48850.0,500,Buy,224162475
2024-07-18 10:05:17,48850.0,400,Buy,224163381
2024-07-18 10:05:19,48850.0,100,Buy,224163538
2024-07-18 10:05:19,48850.0,200,Buy,224163539
2024-07-18 10:05:19,48850.0,1000,Buy,224163540
2024-07-18 10:05:19,48850.0,100,Buy,224163541
2024-07-18 10:05:53,48850.0,400,Buy,224164256
2024-07-18 10:05:53,48850.0,100,Buy,224164257
2024-07-18 10:06:12,48800.0,2500,Sell,224164675
2024-07-18 10:06:12,48800.0,400,Sell,224164676
2024-07-18 10:06:12,48800.0,500,Sell,224164677
2024-07-18 10:06:12,48800.0,600,Sell,224164678
2024-07-18 10:06:48,48800.0,2000,Sell,224165400
2024-07-18 10:06:54,48800.0,1000,Sell,224165607
2024-07-18 10:06:55,48800.0,3900,Sell,224165623
2024-07-18 10:06:55,48800.0,1400,Sell,224165622
2024-07-18 10:06:57,48800.0,5300,Sell,224165649
2024-07-18 10:06:58,48800.0,200,Sell,224165654
2024-07-18 10:06:58,48800.0,3800,Sell,224165652
2024-07-18 10:06:58,48800.0,400,Sell,224165653
2024-07-18 10:07:13,48800.0,100,Buy,224166118
2024-07-18 10:08:08,48750.0,200,Sell,224167521
2024-07-18 10:08:08,48750.0,100,Sell,224167522
2024-07-18 10:08:37,48750.0,400,Sell,224168441
2024-07-18 10:08:37,48750.0,500,Sell,224168442
2024-07-18 10:08:49,48750.0,100,Buy,224168845
2024-07-18 10:09:45,48800.0,200,Buy,224170459
2024-07-18 10:10:05,48800.0,700,Buy,224171321
2024-07-18 10:10:05,48800.0,200,Buy,224171322
2024-07-18 10:10:05,48800.0,1000,Buy,224171319
2024-07-18 10:10:05,48800.0,500,Buy,224171320
2024-07-18 10:10:05,48800.0,600,Buy,224171318
2024-07-18 10:10:34,48700.0,800,Sell,224172104
2024-07-18 10:10:34,48700.0,200,Sell,224172103
2024-07-18 10:10:41,48800.0,100,Buy,224172263
2024-07-18 10:10:49,48700.0,100,Sell,224172461
2024-07-18 10:11:30,48700.0,2500,Sell,224173669
2024-07-18 10:11:55,48700.0,300,Sell,224174550
2024-07-18 10:12:00,48700.0,1000,Sell,224174669
2024-07-18 10:12:03,48700.0,100,Sell,224174709
2024-07-18 10:12:48,48700.0,400,Sell,224176029
2024-07-18 10:13:21,48700.0,400,Sell,224177008
2024-07-18 10:13:21,48700.0,400,Sell,224177009
2024-07-18 10:13:26,48700.0,200,Sell,224177105
2024-07-18 10:13:37,48700.0,100,Sell,224177330
2024-07-18 10:13:41,48700.0,100,Sell,224177393
2024-07-18 10:14:13,48700.0,100,Sell,224178168
2024-07-18 10:14:13,48700.0,400,Sell,224178167
2024-07-18 10:14:21,48700.0,300,Sell,224178503
2024-07-18 10:14:32,48700.0,200,Buy,224178751
2024-07-18 10:14:59,48750.0,100,Sell,224179456
2024-07-18 10:15:28,48750.0,100,Sell,224180269
2024-07-18 10:15:53,48750.0,1000,Sell,224180946
2024-07-18 10:16:04,48800.0,100,Buy,224181211
2024-07-18 10:16:21,48800.0,100,Buy,224181725
2024-07-18 10:16:53,48800.0,500,Buy,224182540
2024-07-18 10:16:53,48800.0,100,Buy,224182541
2024-07-18 10:16:53,48800.0,5000,Buy,224182542
2024-07-18 10:16:53,48800.0,2000,Buy,224182543
2024-07-18 10:16:53,48800.0,400,Buy,224182544
2024-07-18 10:17:00,48800.0,300,Buy,224182709
2024-07-18 10:17:00,48800.0,700,Buy,224182710
2024-07-18 10:17:16,48800.0,200,Buy,224183062
2024-07-18 10:17:32,48800.0,100,Buy,224183402
2024-07-18 10:18:03,48800.0,600,Buy,224184084
2024-07-18 10:18:03,48800.0,200,Buy,224184083
2024-07-18 10:18:03,48800.0,1000,Buy,224184082
2024-07-18 10:18:21,48800.0,200,Sell,224184480
2024-07-18 10:19:57,48800.0,100,Sell,224186700
2024-07-18 10:21:02,48800.0,800,Buy,224188134
2024-07-18 10:21:02,48800.0,400,Buy,224188135
2024-07-18 10:21:02,48800.0,500,Buy,224188136
2024-07-18 10:21:02,48800.0,500,Buy,224188137
2024-07-18 10:21:38,48800.0,1500,Buy,224188974
2024-07-18 10:21:39,48800.0,500,Sell,224188991
2024-07-18 10:23:10,48800.0,8300,Sell,224190791
2024-07-18 10:23:38,48750.0,1000,Sell,224191319
2024-07-18 10:23:38,48750.0,100,Sell,224191320
2024-07-18 10:23:38,48750.0,100,Sell,224191321
2024-07-18 10:26:03,48750.0,1000,Sell,224194236
2024-07-18 10:26:13,48800.0,100,Buy,224194419
2024-07-18 10:26:19,48800.0,1000,Buy,224194498
2024-07-18 10:26:32,48800.0,3000,Buy,224194712
2024-07-18 10:26:42,48800.0,3500,Buy,224194851
2024-07-18 10:27:31,48800.0,2000,Buy,224195793
2024-07-18 10:27:40,48800.0,10000,Buy,224195906
2024-07-18 10:27:40,48800.0,2100,Buy,224195905
2024-07-18 10:27:40,48800.0,2000,Buy,224195907
2024-07-18 10:28:02,48800.0,1900,Sell,224196298
2024-07-18 10:28:35,48800.0,200,Buy,224196927
2024-07-18 10:28:38,48750.0,500,Sell,224196963
2024-07-18 10:28:47,48800.0,2000,Buy,224197085
2024-07-18 10:30:07,48800.0,100,Buy,224198701
2024-07-18 10:30:29,48800.0,1000,Buy,224199067
2024-07-18 10:30:47,48800.0,3000,Buy,224199546
2024-07-18 10:30:55,48800.0,10300,Buy,224199767
2024-07-18 10:30:57,48800.0,1500,Buy,224199790
2024-07-18 10:30:57,48800.0,200,Buy,224199791
2024-07-18 10:31:41,48800.0,600,Sell,224200588
2024-07-18 10:32:13,48800.0,2700,Sell,224201096
2024-07-18 10:32:13,48800.0,100,Sell,224201097
2024-07-18 10:32:13,48800.0,100,Sell,224201098
2024-07-18 10:32:20,48800.0,200,Buy,224201274
2024-07-18 10:32:24,48800.0,3000,Buy,224201358
2024-07-18 10:34:08,48750.0,500,Sell,224203223
2024-07-18 10:34:08,48750.0,14000,Sell,224203224
2024-07-18 10:34:08,48750.0,5500,Sell,224203222
2024-07-18 10:34:37,48600.0,600,Sell,224203793
2024-07-18 10:34:37,48600.0,5000,Sell,224203792
2024-07-18 10:34:37,48600.0,1000,Sell,224203791
2024-07-18 10:34:37,48600.0,500,Sell,224203790
2024-07-18 10:34:37,48600.0,100,Sell,224203789
2024-07-18 10:34:37,48600.0,200,Sell,224203788
2024-07-18 10:34:37,48600.0,700,Sell,224203787
2024-07-18 10:34:37,48600.0,300,Sell,224203786
2024-07-18 10:34:37,48600.0,200,Sell,224203785
2024-07-18 10:34:37,48600.0,600,Sell,224203784
2024-07-18 10:34:37,48600.0,500,Sell,224203783
2024-07-18 10:34:37,48600.0,100,Sell,224203782
2024-07-18 10:34:37,48650.0,900,Sell,224203779
2024-07-18 10:34:37,48600.0,200,Sell,224203780
2024-07-18 10:34:37,48650.0,100,Sell,224203778
2024-07-18 10:34:37,48650.0,600,Sell,224203777
2024-07-18 10:34:37,48650.0,100,Sell,224203776
2024-07-18 10:34:37,48700.0,900,Sell,224203775
2024-07-18 10:34:37,48700.0,700,Sell,224203774
2024-07-18 10:34:37,48700.0,200,Sell,224203773
2024-07-18 10:34:37,48700.0,5000,Sell,224203772
2024-07-18 10:34:37,48700.0,100,Sell,224203771
2024-07-18 10:34:37,48700.0,200,Sell,224203770
2024-07-18 10:34:37,48700.0,1000,Sell,224203769
2024-07-18 10:34:37,48700.0,100,Sell,224203768
2024-07-18 10:34:37,48600.0,100,Sell,224203781
2024-07-18 10:35:43,48650.0,400,Buy,224205074
2024-07-18 10:36:05,48650.0,400,Sell,224205393
2024-07-18 10:36:05,48650.0,100,Sell,224205392
2024-07-18 10:37:08,48650.0,1000,Sell,224206622
2024-07-18 10:37:08,48600.0,200,Sell,224206623
2024-07-18 10:37:08,48600.0,300,Sell,224206624
2024-07-18 10:37:08,48600.0,100,Sell,224206625
2024-07-18 10:37:08,48600.0,200,Sell,224206626
2024-07-18 10:37:08,48600.0,13200,Sell,224206627
2024-07-18 10:37:50,48600.0,200,Sell,224207468
2024-07-18 10:38:14,48650.0,300,Sell,224207798
2024-07-18 10:39:48,48650.0,200,Sell,224209376
2024-07-18 10:39:48,48650.0,300,Sell,224209377
2024-07-18 10:40:56,48650.0,500,Sell,224210431
2024-07-18 10:40:57,48750.0,4000,Buy,224210441
2024-07-18 10:42:51,48650.0,300,Sell,224211958
2024-07-18 10:42:51,48650.0,200,Sell,224211959
2024-07-18 10:42:51,48650.0,300,Sell,224211957
2024-07-18 10:42:51,48650.0,100,Sell,224211956
2024-07-18 10:43:06,48750.0,1000,Buy,224212173
2024-07-18 10:43:12,48650.0,100,Sell,224212256
2024-07-18 10:43:12,48650.0,800,Sell,224212257
2024-07-18 10:43:12,48650.0,100,Sell,224212255
2024-07-18 10:43:47,48750.0,100,Buy,224212680
2024-07-18 10:45:31,48700.0,500,Sell,224213975
2024-07-18 10:45:31,48700.0,1000,Sell,224213976
2024-07-18 10:46:01,48750.0,100,Buy,224214368
2024-07-18 10:47:18,48700.0,100,Sell,224215290
2024-07-18 10:47:18,48650.0,100,Sell,224215291
2024-07-18 10:48:32,48700.0,100,Buy,224216392
2024-07-18 10:48:42,48700.0,100,Buy,224216541
2024-07-18 10:49:02,48700.0,800,Buy,224216878
2024-07-18 10:49:02,48700.0,500,Buy,224216879
2024-07-18 10:51:25,48700.0,200,Sell,224218911
2024-07-18 10:51:25,48700.0,400,Sell,224218909
2024-07-18 10:51:25,48700.0,200,Sell,224218910
2024-07-18 10:52:36,48700.0,1200,Buy,224219994
2024-07-18 10:53:19,48700.0,300,Sell,224220637
2024-07-18 10:54:22,48700.0,200,Sell,224221369
2024-07-18 10:54:28,48700.0,200,Sell,224221432
2024-07-18 10:54:34,48700.0,1900,Sell,224221483
2024-07-18 10:54:34,48700.0,100,Sell,224221484
2024-07-18 10:54:47,48750.0,700,Buy,224221664
2024-07-18 10:55:39,48700.0,100,Sell,224222315
2024-07-18 10:55:39,48700.0,400,Sell,224222316
2024-07-18 10:55:41,48750.0,200,Buy,224222324
2024-07-18 10:57:07,48700.0,2600,Sell,224223492
2024-07-18 10:57:07,48700.0,12400,Sell,224223493
2024-07-18 10:59:43,48700.0,800,Sell,224225708
2024-07-18 10:59:43,48700.0,3100,Sell,224225709
2024-07-18 10:59:49,48700.0,1100,Sell,224225778
2024-07-18 10:59:49,48700.0,200,Sell,224225779
2024-07-18 11:01:02,48700.0,200,Buy,224227247
2024-07-18 11:01:03,48700.0,100,Buy,224227250
2024-07-18 11:02:20,48650.0,200,Sell,224228526
2024-07-18 11:02:20,48650.0,500,Sell,224228527
2024-07-18 11:02:20,48650.0,500,Sell,224228528
2024-07-18 11:02:20,48650.0,100,Sell,224228529
2024-07-18 11:02:20,48650.0,3700,Sell,224228530
2024-07-18 11:02:47,48700.0,5000,Buy,224229051
2024-07-18 11:02:58,48700.0,3400,Buy,224229406
2024-07-18 11:02:58,48700.0,100,Buy,224229407
2024-07-18 11:02:58,48700.0,400,Buy,224229408
2024-07-18 11:02:58,48700.0,400,Buy,224229409
2024-07-18 11:02:58,48700.0,400,Buy,224229410
2024-07-18 11:03:04,48700.0,300,Sell,224229522
2024-07-18 11:03:09,48700.0,200,Buy,224229596
2024-07-18 11:03:17,48700.0,4800,Sell,224229760
2024-07-18 11:03:25,48700.0,100,Buy,224229930
2024-07-18 11:04:13,48650.0,9500,Sell,224231044
2024-07-18 11:04:13,48650.0,500,Sell,224231045
2024-07-18 11:04:13,48650.0,100,Sell,224231046
2024-07-18 11:04:13,48650.0,5000,Sell,224231047
2024-07-18 11:04:13,48650.0,1700,Sell,224231048
2024-07-18 11:06:10,48600.0,6600,Sell,224234004
2024-07-18 11:06:10,48600.0,300,Sell,224234014
2024-07-18 11:06:10,48600.0,2000,Sell,224234015
2024-07-18 11:06:10,48600.0,3000,Sell,224234016
2024-07-18 11:06:10,48600.0,300,Sell,224234017
2024-07-18 11:06:10,48600.0,5000,Sell,224234018
2024-07-18 11:06:10,48600.0,200,Sell,224234019
2024-07-18 11:06:10,48600.0,2000,Sell,224234020
2024-07-18 11:06:10,48600.0,300,Sell,224234021
2024-07-18 11:06:13,48550.0,1200,Sell,224234104
2024-07-18 11:06:13,48550.0,100,Sell,224234103
2024-07-18 11:06:13,48550.0,500,Sell,224234102
2024-07-18 11:06:14,48550.0,2800,Sell,224234134
2024-07-18 11:08:27,48500.0,200,Sell,224236779
2024-07-18 11:08:27,48500.0,600,Sell,224236780
2024-07-18 11:08:27,48500.0,300,Sell,224236781
2024-07-18 11:08:27,48500.0,100,Sell,224236782
2024-07-18 11:08:27,48500.0,1000,Sell,224236783
2024-07-18 11:08:27,48500.0,500,Sell,224236784
2024-07-18 11:08:27,48500.0,500,Sell,224236785
2024-07-18 11:08:27,48500.0,100,Sell,224236786
2024-07-18 11:08:27,48500.0,200,Sell,224236787
2024-07-18 11:08:27,48500.0,25000,Sell,224236788
2024-07-18 11:08:27,48500.0,300,Sell,224236778
2024-07-18 11:08:29,48500.0,500,Buy,224236813
2024-07-18 11:09:20,48500.0,1100,Buy,224237922
2024-07-18 11:09:20,48500.0,700,Buy,224237917
2024-07-18 11:09:20,48500.0,1900,Buy,224237918
2024-07-18 11:09:26,48500.0,300,Sell,224238110
2024-07-18 11:09:27,48500.0,800,Sell,224238133
2024-07-18 11:09:35,48550.0,700,Buy,224238281
2024-07-18 11:09:35,48550.0,1000,Buy,224238282
2024-07-18 11:09:49,48500.0,2800,Sell,224238823
2024-07-18 11:09:49,48500.0,200,Sell,224238824
2024-07-18 11:10:14,48550.0,100,Sell,224239412
2024-07-18 11:10:15,48550.0,100,Buy,224239422
2024-07-18 11:10:27,48550.0,100,Buy,224239668
2024-07-18 11:10:40,48550.0,100,Buy,224239884
2024-07-18 11:10:46,48550.0,300,Buy,224240014
2024-07-18 11:10:57,48550.0,300,Buy,224240201
2024-07-18 11:11:30,48550.0,1000,Sell,224240989
2024-07-18 11:11:30,48550.0,100,Sell,224240990
2024-07-18 11:11:30,48550.0,1900,Sell,224240987
2024-07-18 11:11:30,48550.0,1500,Sell,224240988
2024-07-18 11:11:30,48550.0,1100,Sell,224240986
2024-07-18 11:12:44,48550.0,300,Buy,224242236
2024-07-18 11:13:48,48500.0,3100,Sell,224243462
2024-07-18 11:13:48,48500.0,200,Sell,224243463
2024-07-18 11:14:06,48500.0,900,Buy,224243838
2024-07-18 11:15:11,48500.0,24100,Sell,224245459
2024-07-18 11:15:11,48500.0,3000,Sell,224245460
2024-07-18 11:15:30,48450.0,200,Sell,224245938
2024-07-18 11:15:30,48450.0,500,Sell,224245939
2024-07-18 11:15:30,48450.0,100,Sell,224245940
2024-07-18 11:15:52,48450.0,200,Buy,224246622
2024-07-18 11:15:57,48450.0,300,Sell,224246752
2024-07-18 11:15:59,48450.0,700,Buy,224246797
2024-07-18 11:16:17,48450.0,300,Sell,224247171
2024-07-18 11:16:43,48450.0,100,Buy,224247849
2024-07-18 11:16:43,48450.0,100,Buy,224247850
2024-07-18 11:17:40,48500.0,100,Buy,224248956
2024-07-18 11:17:43,48500.0,500,Buy,224249003
2024-07-18 11:18:17,48500.0,1000,Buy,224249969
2024-07-18 11:18:19,48500.0,500,Buy,224250059
2024-07-18 11:18:20,48500.0,800,Buy,224250116
2024-07-18 11:18:25,48500.0,400,Buy,224250161
2024-07-18 11:18:25,48500.0,100,Buy,224250162
2024-07-18 11:18:30,48500.0,300,Buy,224250251
2024-07-18 11:18:30,48500.0,300,Buy,224250252
2024-07-18 11:18:30,48500.0,400,Buy,224250253
2024-07-18 11:19:19,48500.0,100,Buy,224251258
2024-07-18 11:19:37,48500.0,1000,Sell,224251688
2024-07-18 11:20:03,48550.0,100,Buy,224252241
2024-07-18 11:20:11,48500.0,1000,Sell,224252409
2024-07-18 11:20:32,48550.0,100,Buy,224252783
2024-07-18 11:21:36,48500.0,500,Sell,224254068
2024-07-18 11:21:36,48500.0,1100,Sell,224254066
2024-07-18 11:21:36,48500.0,500,Sell,224254067
2024-07-18 11:21:37,48500.0,4500,Buy,224254085
2024-07-18 11:22:30,48500.0,2000,Buy,224255047
2024-07-18 11:23:35,48500.0,200,Buy,224256156
2024-07-18 11:23:54,48500.0,1200,Buy,224256514
2024-07-18 11:23:54,48500.0,3800,Buy,224256515
2024-07-18 11:23:57,48500.0,1400,Buy,224256574
2024-07-18 11:25:11,48500.0,700,Buy,224257921
2024-07-18 11:25:21,48500.0,2600,Buy,224258080
2024-07-18 11:25:32,48500.0,1500,Buy,224258366
2024-07-18 11:25:32,48500.0,100,Buy,224258367
2024-07-18 11:25:32,48500.0,100,Buy,224258368
2024-07-18 11:25:32,48500.0,500,Buy,224258369
2024-07-18 11:25:32,48500.0,1500,Buy,224258370
2024-07-18 11:25:32,48500.0,100,Buy,224258371
2024-07-18 11:25:32,48500.0,200,Buy,224258372
2024-07-18 11:25:47,48500.0,1000,Sell,224258648
2024-07-18 11:26:17,48500.0,2000,Buy,224259302
2024-07-18 11:27:12,48500.0,400,Buy,224260243
2024-07-18 12:59:39,48450.0,500,Sell,224263002
2024-07-18 12:59:39,48450.0,5000,Sell,224263003
2024-07-18 12:59:39,48450.0,1000,Sell,224263004
2024-07-18 12:59:39,48450.0,1000,Sell,224263005
2024-07-18 12:59:39,48450.0,100,Sell,224263006
2024-07-18 12:59:39,48450.0,500,Sell,224263007
2024-07-18 12:59:39,48450.0,1900,Sell,224263008
2024-07-18 12:59:39,48450.0,2000,Sell,224263009
2024-07-18 12:59:40,48450.0,16100,Sell,224263271
2024-07-18 12:59:40,48450.0,200,Sell,224263272
2024-07-18 12:59:41,48400.0,500,Sell,224263690
2024-07-18 12:59:41,48400.0,2000,Sell,224263688
2024-07-18 12:59:41,48400.0,200,Sell,224263687
2024-07-18 12:59:41,48400.0,2000,Sell,224263689
2024-07-18 12:59:41,48400.0,500,Sell,224263685
2024-07-18 12:59:41,48400.0,100,Sell,224263682
2024-07-18 12:59:41,48400.0,1000,Sell,224263686
2024-07-18 12:59:41,48400.0,1000,Sell,224263684
2024-07-18 12:59:41,48400.0,200,Sell,224263683
2024-07-18 12:59:43,48400.0,100,Buy,224264612
2024-07-18 12:59:44,48350.0,100,Sell,224265200
2024-07-18 12:59:44,48350.0,100,Sell,224265201
2024-07-18 12:59:45,48350.0,200,Sell,224265523
2024-07-18 12:59:46,48350.0,1700,Sell,224265929
2024-07-18 12:59:46,48350.0,8300,Sell,224265930
2024-07-18 12:59:46,48400.0,100,Buy,224265927
2024-07-18 12:59:50,48350.0,700,Sell,224267076
2024-07-18 12:59:50,48350.0,500,Sell,224267077
2024-07-18 12:59:50,48350.0,800,Sell,224267078
2024-07-18 12:59:52,48400.0,100,Buy,224267339
2024-07-18 12:59:53,48350.0,500,Sell,224267625
2024-07-18 13:00:05,48350.0,3100,Sell,224269123
2024-07-18 13:00:10,48350.0,600,Sell,224269370
2024-07-18 13:00:12,48350.0,100,Buy,224269526
2024-07-18 13:00:12,48350.0,300,Buy,224269525
2024-07-18 13:00:46,48200.0,100,Sell,224270660
2024-07-18 13:00:46,48200.0,400,Sell,224270659
2024-07-18 13:00:46,48200.0,1500,Sell,224270658
2024-07-18 13:00:46,48250.0,2000,Sell,224270657
2024-07-18 13:00:46,48300.0,100,Sell,224270655
2024-07-18 13:00:46,48300.0,200,Sell,224270656
2024-07-18 13:00:46,48300.0,500,Sell,224270653
2024-07-18 13:00:46,48300.0,500,Sell,224270652
2024-07-18 13:00:46,48300.0,100,Sell,224270651
2024-07-18 13:00:46,48300.0,3200,Sell,224270650
2024-07-18 13:00:46,48300.0,1100,Sell,224270649
2024-07-18 13:00:46,48300.0,300,Sell,224270654
2024-07-18 13:00:51,48250.0,10000,Sell,224270825
2024-07-18 13:01:14,48200.0,200,Sell,224271442
2024-07-18 13:01:14,48200.0,300,Sell,224271443
2024-07-18 13:01:22,48200.0,1000,Sell,224271678
2024-07-18 13:01:22,48200.0,500,Sell,224271677
2024-07-18 13:01:22,48200.0,700,Sell,224271676
2024-07-18 13:01:30,48200.0,800,Buy,224272026
2024-07-18 13:01:30,48200.0,1000,Buy,224272027
2024-07-18 13:01:35,48200.0,1400,Sell,224272240
2024-07-18 13:01:41,48150.0,1000,Sell,224272513
2024-07-18 13:01:43,48150.0,100,Sell,224272565
2024-07-18 13:01:43,48150.0,900,Sell,224272566
2024-07-18 13:01:46,48150.0,200,Sell,224272694
2024-07-18 13:01:46,48150.0,800,Sell,224272695
2024-07-18 13:01:52,48150.0,200,Sell,224272919
2024-07-18 13:01:52,48150.0,800,Sell,224272920
2024-07-18 13:01:52,48150.0,100,Sell,224272928
2024-07-18 13:01:55,48150.0,1100,Sell,224273102
2024-07-18 13:01:55,48150.0,2000,Sell,224273103
2024-07-18 13:02:02,48100.0,62200,Sell,224273351
2024-07-18 13:02:03,48100.0,1000,Sell,224273407
2024-07-18 13:02:03,48100.0,500,Sell,224273408
2024-07-18 13:02:07,48100.0,5200,Sell,224273585
2024-07-18 13:02:09,48100.0,200,Sell,224273646
2024-07-18 13:02:09,48100.0,9900,Sell,224273631
2024-07-18 13:02:09,48100.0,11100,Sell,224273630
2024-07-18 13:02:15,48150.0,1900,Buy,224273822
2024-07-18 13:02:15,48150.0,2000,Buy,224273823
2024-07-18 13:02:15,48150.0,2000,Buy,224273824
2024-07-18 13:02:15,48150.0,2000,Buy,224273825
2024-07-18 13:02:22,48150.0,600,Sell,224274106
2024-07-18 13:02:34,48150.0,300,Sell,224274589
2024-07-18 13:02:40,48150.0,100,Sell,224274834
2024-07-18 13:02:47,48200.0,1000,Buy,224275125
2024-07-18 13:02:47,48200.0,100,Buy,224275126
2024-07-18 13:02:47,48200.0,2000,Buy,224275127
2024-07-18 13:02:47,48200.0,1000,Buy,224275128
2024-07-18 13:02:47,48200.0,900,Buy,224275129
2024-07-18 13:02:47,48200.0,1100,Buy,224275173
2024-07-18 13:02:49,48150.0,100,Sell,224275259
2024-07-18 13:02:57,48200.0,100,Buy,224275504
2024-07-18 13:02:58,48200.0,100,Sell,224275532
2024-07-18 13:02:59,48200.0,3000,Sell,224275588
2024-07-18 13:03:09,48200.0,300,Sell,224276212
2024-07-18 13:03:12,48200.0,1500,Sell,224276402
2024-07-18 13:03:12,48200.0,3000,Sell,224276403
2024-07-18 13:03:12,48200.0,200,Sell,224276404
2024-07-18 13:03:12,48200.0,2000,Sell,224276405
2024-07-18 13:03:30,48200.0,1000,Buy,224277246
2024-07-18 13:03:36,48200.0,2300,Buy,224277470
2024-07-18 13:03:36,48200.0,5000,Buy,224277471
2024-07-18 13:03:36,48200.0,4700,Buy,224277472
2024-07-18 13:03:37,48200.0,3300,Buy,224277511
2024-07-18 13:03:54,48250.0,1000,Buy,224278224
2024-07-18 13:03:58,48200.0,300,Sell,224278365
2024-07-18 13:04:03,48200.0,700,Sell,224278521
2024-07-18 13:04:03,48200.0,300,Sell,224278522
2024-07-18 13:04:06,48200.0,500,Sell,224278647
2024-07-18 13:04:07,48200.0,300,Sell,224278690
2024-07-18 13:04:07,48200.0,5500,Sell,224278691
2024-07-18 13:04:07,48200.0,4500,Sell,224278695
2024-07-18 13:04:07,48200.0,200,Sell,224278689
2024-07-18 13:04:11,48200.0,200,Buy,224279059
2024-07-18 13:04:12,48200.0,2300,Buy,224279084
2024-07-18 13:04:17,48200.0,2000,Buy,224279315
2024-07-18 13:04:23,48150.0,1000,Sell,224279518
2024-07-18 13:04:23,48150.0,3000,Sell,224279519
2024-07-18 13:04:23,48150.0,1000,Sell,224279520
2024-07-18 13:04:24,48200.0,1000,Buy,224279574
2024-07-18 13:04:41,48200.0,200,Buy,224280320
2024-07-18 13:04:43,48200.0,1000,Buy,224280389
2024-07-18 13:04:48,48200.0,3800,Buy,224280571
2024-07-18 13:04:48,48200.0,1000,Buy,224280572
2024-07-18 13:04:49,48200.0,200,Sell,224280587
2024-07-18 13:04:50,48200.0,300,Buy,224280633
2024-07-18 13:04:57,48200.0,7700,Sell,224280913
2024-07-18 13:04:57,48200.0,2300,Sell,224280914
2024-07-18 13:04:59,48200.0,2000,Sell,224280960
2024-07-18 13:05:01,48200.0,700,Sell,224281050
2024-07-18 13:05:01,48200.0,600,Sell,224281051
2024-07-18 13:05:07,48150.0,100,Sell,224281330
2024-07-18 13:05:10,48200.0,100,Buy,224281475
2024-07-18 13:05:17,48150.0,1500,Sell,224281927
2024-07-18 13:05:17,48150.0,2000,Sell,224281928
2024-07-18 13:05:40,48150.0,200,Sell,224282908
2024-07-18 13:05:51,48150.0,2800,Sell,224283388
2024-07-18 13:05:51,48150.0,1000,Sell,224283389
2024-07-18 13:05:51,48150.0,200,Sell,224283390
2024-07-18 13:05:51,48150.0,1000,Sell,224283391
2024-07-18 13:05:51,48150.0,600,Sell,224283392
2024-07-18 13:05:52,48150.0,4400,Buy,224283408
2024-07-18 13:05:54,48150.0,1100,Sell,224283500
2024-07-18 13:06:00,48150.0,400,Buy,224283800
2024-07-18 13:06:00,48150.0,900,Buy,224283799
2024-07-18 13:06:10,48200.0,200,Buy,224284200
2024-07-18 13:06:18,48150.0,8700,Sell,224284593
2024-07-18 13:06:18,48150.0,300,Sell,224284594
2024-07-18 13:06:25,48150.0,300,Sell,224284952
2024-07-18 13:06:29,48200.0,200,Buy,224285068
2024-07-18 13:06:39,48200.0,100,Buy,224285499
2024-07-18 13:06:50,48150.0,4400,Sell,224286111
2024-07-18 13:06:50,48150.0,100,Sell,224286112
2024-07-18 13:06:50,48150.0,1000,Sell,224286113
2024-07-18 13:06:51,48150.0,100,Sell,224286183
2024-07-18 13:06:51,48150.0,6400,Sell,224286184
2024-07-18 13:06:51,48150.0,2000,Buy,224286226
2024-07-18 13:07:03,48150.0,900,Buy,224286657
2024-07-18 13:07:22,48150.0,300,Buy,224287441
2024-07-18 13:07:26,48150.0,300,Buy,224287574
2024-07-18 13:07:26,48150.0,700,Buy,224287575
2024-07-18 13:07:31,48150.0,500,Buy,224287868
2024-07-18 13:07:53,48150.0,200,Buy,224289149
2024-07-18 13:08:16,48100.0,5000,Sell,224289971
2024-07-18 13:08:21,48100.0,2100,Sell,224290180
2024-07-18 13:08:21,48100.0,200,Sell,224290179
2024-07-18 13:08:21,48100.0,200,Sell,224290178
2024-07-18 13:08:21,48100.0,200,Sell,224290177
2024-07-18 13:08:21,48100.0,200,Sell,224290175
2024-07-18 13:08:21,48100.0,100,Sell,224290174
2024-07-18 13:08:21,48100.0,2500,Sell,224290173
2024-07-18 13:08:21,48100.0,16300,Sell,224290172
2024-07-18 13:08:21,48100.0,200,Sell,224290176
2024-07-18 13:08:23,48100.0,300,Sell,224290231
2024-07-18 13:08:27,48150.0,500,Buy,224290462
2024-07-18 13:08:36,48100.0,7800,Buy,224290849
2024-07-18 13:08:36,48100.0,200,Buy,224290848
2024-07-18 13:08:36,48100.0,2000,Buy,224290847
2024-07-18 13:08:36,48100.0,500,Sell,224290817
2024-07-18 13:08:36,48100.0,3000,Sell,224290816
2024-07-18 13:08:36,48100.0,600,Sell,224290809
2024-07-18 13:08:36,48100.0,2000,Sell,224290818
2024-07-18 13:08:45,48100.0,500,Buy,224291233
2024-07-18 13:08:48,48100.0,1700,Buy,224291332
2024-07-18 13:08:48,48100.0,2300,Buy,224291333
2024-07-18 13:08:52,48100.0,2000,Buy,224291455
2024-07-18 13:08:54,48100.0,5000,Buy,224291510
2024-07-18 13:09:01,48100.0,700,Buy,224291817
2024-07-18 13:09:01,48100.0,300,Buy,224291833
2024-07-18 13:09:01,48100.0,1000,Buy,224291834
2024-07-18 13:09:01,48100.0,400,Buy,224291835
2024-07-18 13:09:03,48100.0,2400,Sell,224291881
2024-07-18 13:09:08,48100.0,200,Sell,224292060
2024-07-18 13:09:08,48100.0,5200,Sell,224292058
2024-07-18 13:09:08,48100.0,1000,Sell,224292059
2024-07-18 13:09:14,48100.0,500,Sell,224292369
2024-07-18 13:09:14,48150.0,100,Buy,224292367
2024-07-18 13:09:14,48100.0,100,Sell,224292368
2024-07-18 13:09:28,48100.0,5000,Sell,224292935
2024-07-18 13:09:37,48100.0,5000,Sell,224293301
2024-07-18 13:09:40,48100.0,300,Sell,224293398
2024-07-18 13:09:47,48100.0,8000,Sell,224293596
2024-07-18 13:09:47,48100.0,1000,Sell,224293597
2024-07-18 13:09:47,48100.0,200,Sell,224293598
2024-07-18 13:09:47,48100.0,500,Sell,224293599
2024-07-18 13:09:47,48100.0,100,Sell,224293600
2024-07-18 13:09:47,48100.0,500,Sell,224293601
2024-07-18 13:09:47,48100.0,1000,Sell,224293602
2024-07-18 13:09:47,48100.0,8700,Sell,224293603
2024-07-18 13:09:55,48150.0,200,Buy,224293852
2024-07-18 13:10:10,48100.0,4200,Sell,224294405
2024-07-18 13:10:19,48100.0,5100,Sell,224294773
2024-07-18 13:10:28,48100.0,1900,Sell,224295085
2024-07-18 13:10:28,48100.0,2000,Sell,224295084
2024-07-18 13:10:33,48100.0,500,Sell,224295283
2024-07-18 13:10:33,48100.0,2200,Sell,224295284
2024-07-18 13:10:33,48150.0,2000,Buy,224295289
2024-07-18 13:10:33,48100.0,2300,Sell,224295282
2024-07-18 13:10:41,48150.0,5000,Buy,224295529
2024-07-18 13:10:41,48150.0,500,Buy,224295530
2024-07-18 13:10:50,48150.0,4600,Buy,224295826
2024-07-18 13:10:50,48150.0,4800,Buy,224295827
2024-07-18 13:10:51,48150.0,900,Buy,224295867
2024-07-18 13:10:51,48150.0,100,Buy,224295868
2024-07-18 13:10:51,48150.0,100,Buy,224295869
2024-07-18 13:10:51,48150.0,500,Buy,224295870
2024-07-18 13:10:55,48150.0,4500,Buy,224296024
2024-07-18 13:10:58,48150.0,500,Buy,224296122
2024-07-18 13:11:07,48200.0,500,Buy,224296371
2024-07-18 13:11:14,48150.0,2000,Sell,224296618
2024-07-18 13:11:15,48200.0,4500,Buy,224296663
2024-07-18 13:11:16,48200.0,500,Sell,224296686
2024-07-18 13:11:20,48200.0,1000,Buy,224296844
2024-07-18 13:11:25,48200.0,600,Buy,224296970
2024-07-18 13:11:28,48200.0,1000,Buy,224297045
2024-07-18 13:11:36,48200.0,6900,Buy,224297351
2024-07-18 13:11:46,48250.0,500,Buy,224297762
2024-07-18 13:12:14,48250.0,3500,Buy,224298758
2024-07-18 13:12:14,48250.0,1500,Buy,224298759
2024-07-18 13:12:17,48250.0,200,Buy,224298840
2024-07-18 13:12:17,48250.0,1400,Buy,224298854
2024-07-18 13:12:18,48250.0,1000,Buy,224298915
2024-07-18 13:12:23,48250.0,900,Buy,224299133
2024-07-18 13:12:23,48250.0,1600,Buy,224299134
2024-07-18 13:12:23,48250.0,3000,Buy,224299142
2024-07-18 13:12:25,48250.0,3000,Buy,224299189
2024-07-18 13:12:28,48250.0,400,Buy,224299275
2024-07-18 13:12:28,48250.0,100,Buy,224299276
2024-07-18 13:12:28,48250.0,2400,Buy,224299274
2024-07-18 13:12:53,48300.0,3100,Buy,224300146
2024-07-18 13:12:58,48300.0,800,Buy,224300273
2024-07-18 13:13:01,48300.0,500,Buy,224300426
2024-07-18 13:13:14,48300.0,1000,Buy,224300810
2024-07-18 13:13:34,48300.0,9200,Buy,224301364
2024-07-18 13:13:34,48300.0,5000,Buy,224301365
2024-07-18 13:13:34,48300.0,10000,Buy,224301366
2024-07-18 13:13:34,48300.0,2000,Buy,224301367
2024-07-18 13:13:49,48300.0,100,Sell,224301857
2024-07-18 13:14:03,48300.0,100,Sell,224302153
2024-07-18 13:14:24,48300.0,100,Sell,224302757
2024-07-18 13:14:26,48300.0,1700,Sell,224302818
2024-07-18 13:14:26,48300.0,100,Sell,224302817
2024-07-18 13:14:26,48300.0,3500,Sell,224302815
2024-07-18 13:14:26,48300.0,2000,Sell,224302816
2024-07-18 13:14:31,48300.0,2300,Sell,224303008
2024-07-18 13:15:04,48300.0,2000,Buy,224304203
2024-07-18 13:15:28,48300.0,300,Buy,224304934
2024-07-18 13:15:35,48300.0,100,Buy,224305075
2024-07-18 13:15:35,48300.0,2900,Buy,224305076
2024-07-18 13:15:37,48300.0,2000,Buy,224305169
2024-07-18 13:15:47,48300.0,2500,Buy,224305453
2024-07-18 13:15:54,48300.0,2000,Buy,224305732
2024-07-18 13:15:56,48300.0,600,Buy,224305797
2024-07-18 13:16:01,48300.0,1900,Sell,224305943
2024-07-18 13:16:01,48300.0,1000,Sell,224305944
2024-07-18 13:16:01,48300.0,400,Sell,224305945
2024-07-18 13:16:01,48300.0,1700,Sell,224305946
2024-07-18 13:16:34,48350.0,100,Buy,224306877
2024-07-18 13:16:50,48350.0,10000,Buy,224307307
2024-07-18 13:16:50,48350.0,2700,Buy,224307304
2024-07-18 13:16:50,48350.0,1000,Buy,224307305
2024-07-18 13:16:50,48350.0,5000,Buy,224307306
2024-07-18 13:17:40,48400.0,500,Buy,224308843
2024-07-18 13:17:40,48400.0,300,Buy,224308844
2024-07-18 13:17:46,48350.0,100,Sell,224309008
2024-07-18 13:18:04,48400.0,100,Buy,224309426
2024-07-18 13:18:07,48400.0,6000,Buy,224309503
2024-07-18 13:18:22,48400.0,300,Buy,224309872
2024-07-18 13:18:30,48350.0,500,Sell,224310086
2024-07-18 13:18:31,48350.0,100,Sell,224310090
2024-07-18 13:18:35,48400.0,1000,Buy,224310225
2024-07-18 13:18:54,48400.0,800,Buy,224310865
2024-07-18 13:18:54,48400.0,1000,Buy,224310864
2024-07-18 13:18:54,48400.0,1300,Buy,224310866
2024-07-18 13:18:54,48400.0,400,Buy,224310862
2024-07-18 13:18:54,48400.0,10700,Buy,224310861
2024-07-18 13:18:54,48400.0,10000,Buy,224310863
2024-07-18 13:19:02,48400.0,700,Buy,224311057
2024-07-18 13:19:02,48400.0,1300,Buy,224311058
2024-07-18 13:19:02,48400.0,200,Buy,224311071
2024-07-18 13:19:04,48400.0,200,Buy,224311126
2024-07-18 13:19:08,48400.0,300,Buy,224311252
2024-07-18 13:19:08,48400.0,2000,Buy,224311253
2024-07-18 13:19:15,48400.0,2700,Sell,224311405
2024-07-18 13:19:15,48400.0,5000,Sell,224311406
2024-07-18 13:19:22,48400.0,300,Buy,224311628
2024-07-18 13:19:22,48400.0,300,Buy,224311629
2024-07-18 13:19:23,48400.0,200,Sell,224311654
2024-07-18 13:19:27,48400.0,200,Sell,224311763
2024-07-18 13:19:39,48350.0,600,Sell,224312238
2024-07-18 13:19:39,48400.0,6400,Buy,224312237
2024-07-18 13:19:39,48400.0,500,Buy,224312228
2024-07-18 13:19:39,48400.0,100,Buy,224312227
2024-07-18 13:19:39,48400.0,2000,Buy,224312229
2024-07-18 13:19:40,48400.0,1000,Buy,224312268
2024-07-18 13:19:42,48400.0,300,Buy,224312352
2024-07-18 13:19:43,48350.0,300,Sell,224312368
2024-07-18 13:20:02,48400.0,600,Buy,224313134
2024-07-18 13:20:02,48400.0,500,Buy,224313135
2024-07-18 13:20:02,48400.0,1500,Buy,224313136
2024-07-18 13:20:03,48400.0,200,Sell,224313155
2024-07-18 13:20:05,48400.0,1400,Sell,224313197
2024-07-18 13:20:19,48400.0,1000,Sell,224313583
2024-07-18 13:20:23,48400.0,100,Sell,224313681
2024-07-18 13:20:30,48400.0,5000,Buy,224313983
2024-07-18 13:20:56,48400.0,200,Buy,224314889
2024-07-18 13:21:01,48400.0,600,Buy,224315041
2024-07-18 13:21:02,48400.0,100,Buy,224315067
2024-07-18 13:21:05,48400.0,2000,Buy,224315122
2024-07-18 13:21:05,48400.0,100,Buy,224315123
2024-07-18 13:21:05,48400.0,900,Buy,224315125
2024-07-18 13:21:05,48400.0,2000,Buy,224315124
2024-07-18 13:21:22,48400.0,100,Buy,224315747
2024-07-18 13:21:22,48400.0,100,Buy,224315746
2024-07-18 13:21:30,48400.0,100,Sell,224316068
2024-07-18 13:21:36,48400.0,400,Sell,224316203
2024-07-18 13:21:36,48400.0,100,Sell,224316201
2024-07-18 13:21:36,48400.0,100,Sell,224316202
2024-07-18 13:21:51,48400.0,100,Buy,224316669
2024-07-18 13:22:00,48400.0,400,Buy,224316969
2024-07-18 13:22:00,48400.0,200,Buy,224316970
2024-07-18 13:22:12,48400.0,100,Sell,224317342
2024-07-18 13:22:27,48400.0,2000,Sell,224317842
2024-07-18 13:22:43,48400.0,500,Sell,224318397
2024-07-18 13:22:56,48400.0,300,Sell,224318856
2024-07-18 13:22:57,48400.0,300,Sell,224318894
2024-07-18 13:22:58,48400.0,1000,Sell,224318912
2024-07-18 13:22:58,48400.0,200,Sell,224318913
2024-07-18 13:23:02,48450.0,800,Buy,224319064
2024-07-18 13:23:02,48450.0,6000,Buy,224319063
2024-07-18 13:23:02,48450.0,200,Buy,224319062
2024-07-18 13:23:02,48450.0,2000,Buy,224319061
2024-07-18 13:23:02,48450.0,1000,Buy,224319058
2024-07-18 13:23:02,48400.0,1700,Buy,224319057
2024-07-18 13:23:02,48450.0,2000,Buy,224319060
2024-07-18 13:23:02,48450.0,1300,Buy,224319059
2024-07-18 13:23:33,48350.0,800,Sell,224320492
2024-07-18 13:23:38,48350.0,100,Sell,224320888
2024-07-18 13:23:44,48350.0,300,Sell,224321099
2024-07-18 13:23:48,48350.0,3000,Sell,224321254
2024-07-18 13:23:49,48350.0,200,Sell,224321296
2024-07-18 13:23:53,48350.0,24000,Sell,224321427
2024-07-18 13:24:07,48350.0,500,Sell,224322139
2024-07-18 13:24:15,48400.0,1300,Buy,224322586
2024-07-18 13:24:16,48450.0,300,Buy,224322663
2024-07-18 13:24:16,48450.0,2000,Buy,224322664
2024-07-18 13:24:16,48450.0,2500,Buy,224322661
2024-07-18 13:24:16,48450.0,1200,Buy,224322660
2024-07-18 13:24:16,48400.0,3700,Buy,224322659
2024-07-18 13:24:16,48450.0,100,Buy,224322662
2024-07-18 13:24:20,48450.0,500,Sell,224322775
2024-07-18 13:24:21,48450.0,200,Sell,224322809
2024-07-18 13:24:32,48450.0,100,Buy,224323263
2024-07-18 13:24:38,48350.0,800,Sell,224323395
2024-07-18 13:24:38,48350.0,100,Sell,224323396
2024-07-18 13:24:38,48350.0,2100,Sell,224323397
2024-07-18 13:24:44,48350.0,600,Sell,224323624
2024-07-18 13:24:44,48350.0,100,Sell,224323623
2024-07-18 13:24:44,48350.0,500,Sell,224323619
2024-07-18 13:24:44,48350.0,500,Sell,224323621
2024-07-18 13:24:44,48350.0,100,Sell,224323620
2024-07-18 13:24:44,48350.0,200,Sell,224323622
2024-07-18 13:24:56,48350.0,200,Sell,224324103
2024-07-18 13:25:09,48350.0,6400,Sell,224324682
2024-07-18 13:25:09,48400.0,10000,Sell,224324679
2024-07-18 13:25:09,48350.0,100,Sell,224324680
2024-07-18 13:25:09,48350.0,200,Sell,224324681
2024-07-18 13:25:46,48350.0,3600,Sell,224325775
2024-07-18 13:25:46,48350.0,500,Sell,224325776
2024-07-18 13:25:46,48350.0,900,Sell,224325777
2024-07-18 13:25:46,48350.0,200,Sell,224325780
2024-07-18 13:25:51,48350.0,500,Sell,224325963
2024-07-18 13:25:53,48350.0,1000,Buy,224326044
2024-07-18 13:25:58,48350.0,1000,Buy,224326282
2024-07-18 13:25:59,48350.0,200,Buy,224326325
2024-07-18 13:26:02,48350.0,200,Buy,224326469
2024-07-18 13:26:06,48350.0,1100,Buy,224326597
2024-07-18 13:26:15,48400.0,1000,Buy,224326845
2024-07-18 13:26:38,48400.0,5000,Buy,224327535
2024-07-18 13:26:58,48400.0,100,Buy,224328101
2024-07-18 13:26:59,48400.0,1000,Buy,224328133
2024-07-18 13:26:59,48400.0,2400,Buy,224328131
2024-07-18 13:26:59,48400.0,1000,Buy,224328132
2024-07-18 13:27:07,48400.0,8000,Sell,224328335
2024-07-18 13:27:12,48400.0,1000,Sell,224328469
2024-07-18 13:27:13,48400.0,6000,Sell,224328474
2024-07-18 13:27:13,48450.0,3000,Buy,224328485
2024-07-18 13:27:13,48450.0,100,Buy,224328486
2024-07-18 13:27:13,48450.0,6000,Buy,224328487
2024-07-18 13:27:13,48450.0,1000,Buy,224328488
2024-07-18 13:27:13,48450.0,1000,Buy,224328489
2024-07-18 13:27:24,48450.0,1000,Sell,224328859
2024-07-18 13:27:37,48500.0,400,Buy,224329243
2024-07-18 13:27:37,48500.0,500,Buy,224329242
2024-07-18 13:27:37,48500.0,3000,Buy,224329241
2024-07-18 13:27:37,48500.0,2000,Buy,224329240
2024-07-18 13:27:37,48500.0,100,Buy,224329239
2024-07-18 13:27:37,48500.0,100,Buy,224329238
2024-07-18 13:27:37,48500.0,100,Buy,224329236
2024-07-18 13:27:37,48500.0,100,Buy,224329234
2024-07-18 13:27:37,48500.0,500,Buy,224329233
2024-07-18 13:27:37,48500.0,300,Buy,224329232
2024-07-18 13:27:37,48500.0,300,Buy,224329231
2024-07-18 13:27:37,48500.0,9800,Buy,224329230
2024-07-18 13:27:37,48500.0,1000,Buy,224329237
2024-07-18 13:27:37,48500.0,100,Buy,224329235
2024-07-18 13:28:11,48450.0,100,Sell,224330295
2024-07-18 13:28:15,48500.0,100,Buy,224330360
2024-07-18 13:29:04,48450.0,200,Sell,224331664
2024-07-18 13:29:24,48500.0,300,Buy,224332186
2024-07-18 13:29:24,48500.0,200,Buy,224332187
2024-07-18 13:29:38,48500.0,500,Buy,224332657
2024-07-18 13:29:38,48500.0,1000,Buy,224332656
2024-07-18 13:29:38,48500.0,2000,Buy,224332654
2024-07-18 13:29:38,48500.0,1000,Buy,224332655
2024-07-18 13:29:38,48500.0,500,Buy,224332653
2024-07-18 13:29:51,48500.0,100,Buy,224333130
2024-07-18 13:29:59,48500.0,200,Buy,224333416
2024-07-18 13:30:10,48500.0,200,Buy,224333727
2024-07-18 13:30:10,48500.0,100,Buy,224333728
2024-07-18 13:30:13,48500.0,100,Buy,224333810
2024-07-18 13:30:13,48500.0,500,Buy,224333811
2024-07-18 13:30:13,48500.0,500,Buy,224333812
2024-07-18 13:30:13,48500.0,300,Buy,224333813
2024-07-18 13:30:24,48500.0,900,Sell,224334133
2024-07-18 13:30:35,48550.0,500,Buy,224334505
2024-07-18 13:30:40,48550.0,2000,Buy,224334706
2024-07-18 13:30:40,48550.0,200,Buy,224334705
2024-07-18 13:30:40,48550.0,100,Buy,224334704
2024-07-18 13:30:40,48550.0,100,Buy,224334703
2024-07-18 13:30:40,48550.0,900,Buy,224334701
2024-07-18 13:30:40,48550.0,500,Buy,224334700
2024-07-18 13:30:40,48550.0,700,Buy,224334699
2024-07-18 13:30:40,48550.0,400,Buy,224334702
2024-07-18 13:30:46,48600.0,100,Buy,224334873
2024-07-18 13:31:07,48600.0,200,Buy,224335599
2024-07-18 13:31:13,48600.0,100,Buy,224335821
2024-07-18 13:31:13,48600.0,700,Buy,224335815
2024-07-18 13:31:13,48600.0,300,Buy,224335820
2024-07-18 13:31:15,48600.0,100,Buy,224335897
2024-07-18 13:31:23,48600.0,400,Buy,224336218
2024-07-18 13:31:35,48550.0,100,Sell,224336590
2024-07-18 13:31:36,48600.0,100,Buy,224336612
2024-07-18 13:31:36,48600.0,100,Buy,224336613
2024-07-18 13:31:36,48600.0,300,Buy,224336614
2024-07-18 13:31:38,48550.0,200,Sell,224336675
2024-07-18 13:31:45,48600.0,300,Buy,224336947
2024-07-18 13:31:45,48600.0,700,Buy,224336946
2024-07-18 13:32:01,48550.0,9800,Sell,224337488
2024-07-18 13:32:01,48600.0,700,Buy,224337486
2024-07-18 13:32:01,48600.0,100,Buy,224337487
2024-07-18 13:32:16,48500.0,4500,Sell,224337958
2024-07-18 13:32:16,48500.0,300,Sell,224337956
2024-07-18 13:32:16,48500.0,200,Sell,224337957
2024-07-18 13:32:24,48500.0,1500,Buy,224338173
2024-07-18 13:32:43,48500.0,100,Buy,224338971
2024-07-18 13:32:56,48500.0,100,Buy,224339521
2024-07-18 13:33:16,48500.0,2000,Buy,224340208
2024-07-18 13:33:34,48500.0,1200,Buy,224340926
2024-07-18 13:33:38,48500.0,100,Buy,224341022
2024-07-18 13:33:38,48500.0,300,Buy,224341023
2024-07-18 13:33:38,48500.0,800,Buy,224341024
2024-07-18 13:33:38,48500.0,800,Buy,224341025
2024-07-18 13:33:38,48500.0,100,Buy,224341026
2024-07-18 13:33:38,48500.0,300,Buy,224341027
2024-07-18 13:33:43,48500.0,200,Sell,224341178
2024-07-18 13:34:03,48500.0,200,Sell,224341868
2024-07-18 13:34:59,48550.0,2000,Buy,224344101
2024-07-18 13:34:59,48550.0,200,Buy,224344099
2024-07-18 13:34:59,48550.0,3800,Buy,224344100
2024-07-18 13:35:05,48550.0,300,Buy,224344308
2024-07-18 13:35:08,48550.0,700,Buy,224344382
2024-07-18 13:35:58,48600.0,400,Buy,224345993
2024-07-18 13:35:58,48600.0,400,Buy,224345994
2024-07-18 13:35:58,48600.0,100,Buy,224345995
2024-07-18 13:35:58,48600.0,100,Buy,224345996
2024-07-18 13:36:00,48600.0,1200,Buy,224346053
2024-07-18 13:36:06,48600.0,600,Buy,224346211
2024-07-18 13:36:06,48600.0,400,Buy,224346212
2024-07-18 13:36:22,48600.0,100,Buy,224346686
2024-07-18 13:36:22,48600.0,300,Buy,224346691
2024-07-18 13:36:40,48600.0,100,Sell,224347200
2024-07-18 13:36:49,48600.0,100,Buy,224347474
2024-07-18 13:36:57,48600.0,100,Buy,224347764
2024-07-18 13:37:26,48600.0,400,Sell,224348607
2024-07-18 13:37:38,48550.0,700,Sell,224348987
2024-07-18 13:37:38,48600.0,100,Sell,224348986
2024-07-18 13:37:58,48550.0,700,Sell,224349574
2024-07-18 13:38:18,48550.0,700,Sell,224350198
2024-07-18 13:38:20,48600.0,100,Buy,224350255
2024-07-18 13:38:23,48550.0,2000,Sell,224350351
2024-07-18 13:38:36,48550.0,1500,Sell,224350777
2024-07-18 13:38:36,48550.0,300,Sell,224350778
2024-07-18 13:38:36,48550.0,3000,Sell,224350779
2024-07-18 13:38:36,48500.0,2200,Sell,224350780
2024-07-18 13:38:36,48500.0,100,Sell,224350781
2024-07-18 13:38:36,48500.0,7900,Sell,224350782
2024-07-18 13:38:38,48500.0,700,Sell,224350864
2024-07-18 13:38:47,48550.0,200,Buy,224351123
2024-07-18 13:38:58,48500.0,700,Sell,224351475
2024-07-18 13:39:11,48500.0,1100,Sell,224351871
2024-07-18 13:39:11,48500.0,3900,Sell,224351870
2024-07-18 13:39:18,48500.0,700,Sell,224352074
2024-07-18 13:39:19,48500.0,200,Sell,224352087
2024-07-18 13:39:23,48500.0,300,Sell,224352204
2024-07-18 13:39:23,48500.0,200,Sell,224352238
2024-07-18 13:39:34,48500.0,800,Sell,224352573
2024-07-18 13:39:34,48500.0,200,Sell,224352574
2024-07-18 13:39:39,48500.0,700,Sell,224352711
2024-07-18 13:39:42,48500.0,100,Sell,224352801
2024-07-18 13:39:42,48500.0,400,Sell,224352802
2024-07-18 13:39:45,48500.0,300,Sell,224352882
2024-07-18 13:39:58,48500.0,300,Sell,224353269
2024-07-18 13:39:58,48500.0,200,Sell,224353270
2024-07-18 13:39:58,48450.0,200,Sell,224353271
2024-07-18 13:40:19,48450.0,700,Sell,224353835
2024-07-18 13:40:39,48450.0,500,Sell,224354440
2024-07-18 13:40:39,48450.0,200,Sell,224354441
2024-07-18 13:40:54,48450.0,3500,Sell,224354940
2024-07-18 13:40:56,48450.0,500,Sell,224354982
2024-07-18 13:40:59,48450.0,700,Sell,224355057
2024-07-18 13:41:02,48450.0,100,Sell,224355184
2024-07-18 13:41:02,48450.0,9900,Sell,224355185
2024-07-18 13:41:19,48450.0,100,Sell,224355620
2024-07-18 13:41:19,48450.0,100,Sell,224355621
2024-07-18 13:41:19,48400.0,500,Sell,224355622
2024-07-18 13:41:39,48400.0,700,Sell,224356258
2024-07-18 13:41:59,48400.0,700,Sell,224356809
2024-07-18 13:42:19,48400.0,10000,Sell,224357427
2024-07-18 13:42:20,48400.0,700,Sell,224357441
2024-07-18 13:42:31,48400.0,800,Sell,224357764
2024-07-18 13:42:35,48400.0,100,Sell,224357837
2024-07-18 13:42:40,48400.0,200,Sell,224357925
2024-07-18 13:42:40,48400.0,200,Sell,224357923
2024-07-18 13:42:40,48400.0,300,Sell,224357924
2024-07-18 13:42:44,48400.0,800,Sell,224358081
2024-07-18 13:42:51,48400.0,1000,Sell,224358282
2024-07-18 13:43:00,48400.0,600,Sell,224358508
2024-07-18 13:43:00,48350.0,100,Sell,224358509
2024-07-18 13:43:17,48350.0,800,Sell,224359046
2024-07-18 13:43:20,48350.0,700,Sell,224359145
2024-07-18 13:43:40,48350.0,700,Sell,224359678
2024-07-18 13:43:59,48400.0,100,Sell,224360312
2024-07-18 13:43:59,48350.0,700,Sell,224360313
2024-07-18 13:44:00,48350.0,700,Sell,224360327
2024-07-18 13:44:16,48450.0,1000,Buy,224360874
2024-07-18 13:44:20,48350.0,700,Sell,224360984
2024-07-18 13:44:40,48350.0,700,Sell,224361830
2024-07-18 13:45:00,48350.0,700,Sell,224362556
2024-07-18 13:45:20,48350.0,700,Sell,224363074
2024-07-18 13:45:41,48350.0,700,Sell,224363427
2024-07-18 13:45:55,48350.0,1000,Sell,224363757
2024-07-18 13:46:01,48350.0,700,Sell,224363942
2024-07-18 13:46:21,48400.0,700,Sell,224364373
2024-07-18 13:46:41,48400.0,700,Sell,224364824
2024-07-18 13:46:57,48450.0,1000,Buy,224365194
2024-07-18 13:46:57,48450.0,1000,Buy,224365195
2024-07-18 13:47:01,48400.0,700,Sell,224365424
2024-07-18 13:47:03,48400.0,10000,Sell,224365487
2024-07-18 13:47:21,48400.0,800,Sell,224365901
2024-07-18 13:47:41,48400.0,100,Sell,224366292
2024-07-18 13:47:41,48400.0,500,Sell,224366293
2024-07-18 13:47:41,48350.0,200,Sell,224366294
2024-07-18 13:48:02,48350.0,800,Sell,224366900
2024-07-18 13:48:22,48350.0,800,Sell,224367359
2024-07-18 13:48:28,48450.0,100,Buy,224367501
2024-07-18 13:48:42,48400.0,200,Sell,224367825
2024-07-18 13:48:42,48350.0,600,Sell,224367826
2024-07-18 13:49:02,48350.0,800,Sell,224368295
2024-07-18 13:49:12,48350.0,500,Sell,224368527
2024-07-18 13:49:22,48350.0,800,Sell,224368795
2024-07-18 13:49:34,48450.0,700,Buy,224369120
2024-07-18 13:49:34,48450.0,300,Buy,224369121
2024-07-18 13:49:42,48350.0,800,Sell,224369309
2024-07-18 13:50:02,48350.0,800,Sell,224369908
2024-07-18 13:50:08,48350.0,18900,Sell,224370027
2024-07-18 13:50:08,48350.0,1000,Sell,224370028
2024-07-18 13:50:08,48350.0,500,Sell,224370029
2024-07-18 13:50:08,48350.0,200,Sell,224370030
2024-07-18 13:50:08,48350.0,100,Sell,224370031
2024-07-18 13:50:08,48350.0,1600,Sell,224370032
2024-07-18 13:50:08,48350.0,200,Sell,224370033
2024-07-18 13:50:08,48350.0,5000,Sell,224370034
2024-07-18 13:50:22,48300.0,500,Sell,224370312
2024-07-18 13:50:22,48300.0,200,Sell,224370310
2024-07-18 13:50:22,48300.0,100,Sell,224370311
2024-07-18 13:50:40,48350.0,200,Buy,224370702
2024-07-18 13:50:42,48300.0,800,Sell,224370760
2024-07-18 13:50:48,48350.0,2000,Buy,224370902
2024-07-18 13:50:51,48350.0,300,Buy,224371024
2024-07-18 13:51:02,48350.0,400,Sell,224371421
2024-07-18 13:51:02,48350.0,300,Sell,224371454
2024-07-18 13:51:02,48300.0,500,Sell,224371455
2024-07-18 13:51:22,48300.0,800,Sell,224372149
2024-07-18 13:51:35,48250.0,1000,Sell,224372545
2024-07-18 13:51:35,48250.0,20000,Sell,224372544
2024-07-18 13:51:35,48250.0,100,Sell,224372543
2024-07-18 13:51:35,48300.0,100,Sell,224372541
2024-07-18 13:51:35,48300.0,500,Sell,224372540
2024-07-18 13:51:35,48250.0,500,Sell,224372542
2024-07-18 13:51:35,48300.0,500,Sell,224372538
2024-07-18 13:51:35,48300.0,500,Sell,224372534
2024-07-18 13:51:35,48300.0,100,Sell,224372537
2024-07-18 13:51:35,48300.0,500,Sell,224372536
2024-07-18 13:51:35,48300.0,100,Sell,224372535
2024-07-18 13:51:35,48300.0,1000,Sell,224372539
2024-07-18 13:51:43,48200.0,800,Sell,224372796
2024-07-18 13:51:46,48200.0,200,Sell,224372862
2024-07-18 13:51:46,48200.0,100,Sell,224372863
2024-07-18 13:51:50,48200.0,2200,Sell,224372950
2024-07-18 13:51:50,48200.0,2000,Sell,224372949
2024-07-18 13:51:50,48200.0,1000,Sell,224372948
2024-07-18 13:51:50,48200.0,400,Sell,224372944
2024-07-18 13:51:50,48200.0,200,Sell,224372946
2024-07-18 13:51:50,48200.0,700,Sell,224372945
2024-07-18 13:51:50,48200.0,3500,Sell,224372947
2024-07-18 13:51:52,48200.0,6700,Sell,224373055
2024-07-18 13:51:52,48200.0,100,Sell,224373054
2024-07-18 13:51:52,48200.0,2800,Sell,224373051
2024-07-18 13:51:52,48200.0,200,Sell,224373052
2024-07-18 13:51:52,48200.0,200,Sell,224373053
2024-07-18 13:51:55,48200.0,3300,Sell,224373146
2024-07-18 13:51:55,48200.0,200,Sell,224373147
2024-07-18 13:51:55,48200.0,100,Sell,224373148
2024-07-18 13:52:03,48100.0,800,Sell,224373401
2024-07-18 13:52:03,48100.0,15600,Sell,224373391
2024-07-18 13:52:03,48100.0,300,Sell,224373390
2024-07-18 13:52:03,48100.0,2000,Sell,224373389
2024-07-18 13:52:03,48100.0,200,Sell,224373387
2024-07-18 13:52:03,48100.0,500,Sell,224373386
2024-07-18 13:52:03,48100.0,500,Sell,224373388
2024-07-18 13:52:03,48150.0,500,Sell,224373384
2024-07-18 13:52:03,48150.0,1000,Sell,224373383
2024-07-18 13:52:03,48150.0,500,Sell,224373382
2024-07-18 13:52:03,48150.0,100,Sell,224373381
2024-07-18 13:52:03,48150.0,500,Sell,224373380
2024-07-18 13:52:03,48150.0,2000,Sell,224373379
2024-07-18 13:52:03,48100.0,10000,Sell,224373385
2024-07-18 13:52:12,48100.0,400,Sell,224373685
2024-07-18 13:52:14,48100.0,3000,Sell,224373787
2024-07-18 13:52:20,48100.0,200,Sell,224374066
2024-07-18 13:52:20,48100.0,100,Sell,224374067
2024-07-18 13:52:20,48100.0,100,Sell,224374068
2024-07-18 13:52:20,48100.0,100,Sell,224374069
2024-07-18 13:52:23,48100.0,800,Sell,224374216
2024-07-18 13:52:28,48100.0,100,Sell,224374334
2024-07-18 13:52:28,48100.0,300,Sell,224374335
2024-07-18 13:52:28,48100.0,1000,Sell,224374333
2024-07-18 13:52:28,48100.0,600,Sell,224374332
2024-07-18 13:52:34,48100.0,700,Sell,224374530
2024-07-18 13:52:34,48100.0,100,Sell,224374531
2024-07-18 13:52:34,48100.0,2000,Sell,224374532
2024-07-18 13:52:35,48100.0,800,Buy,224374569
2024-07-18 13:52:39,48050.0,100,Sell,224374710
2024-07-18 13:52:39,48050.0,200,Sell,224374708
2024-07-18 13:52:39,48050.0,500,Sell,224374707
2024-07-18 13:52:39,48050.0,1000,Sell,224374706
2024-07-18 13:52:39,48050.0,200,Sell,224374709
2024-07-18 13:52:39,48050.0,700,Sell,224374692
2024-07-18 13:52:39,48050.0,1000,Sell,224374691
2024-07-18 13:52:39,48050.0,300,Sell,224374690
2024-07-18 13:52:39,48050.0,500,Sell,224374705
2024-07-18 13:52:39,48050.0,300,Sell,224374704
2024-07-18 13:52:43,48000.0,800,Sell,224374806
2024-07-18 13:52:44,48000.0,200,Sell,224374827
2024-07-18 13:52:52,48000.0,500,Sell,224375032
2024-07-18 13:52:52,48000.0,100,Sell,224375033
2024-07-18 13:52:52,48000.0,100,Sell,224375034
2024-07-18 13:52:52,48000.0,1100,Sell,224375035
2024-07-18 13:52:52,48000.0,200,Sell,224375036
2024-07-18 13:52:52,48000.0,600,Sell,224375037
2024-07-18 13:52:52,48000.0,4000,Sell,224375031
2024-07-18 13:52:59,48000.0,100,Sell,224375223
2024-07-18 13:53:02,48000.0,600,Sell,224375322
2024-07-18 13:53:02,48000.0,100,Sell,224375321
2024-07-18 13:53:02,48000.0,100,Sell,224375318
2024-07-18 13:53:02,48000.0,100,Sell,224375319
2024-07-18 13:53:02,48000.0,300,Sell,224375317
2024-07-18 13:53:02,48000.0,200,Sell,224375320
2024-07-18 13:53:03,48000.0,100,Sell,224375375
2024-07-18 13:53:03,48000.0,100,Sell,224375374
2024-07-18 13:53:03,48000.0,400,Sell,224375371
2024-07-18 13:53:03,48000.0,100,Sell,224375372
2024-07-18 13:53:03,48000.0,100,Sell,224375373
2024-07-18 13:53:12,48050.0,2000,Buy,224375730
2024-07-18 13:53:12,48000.0,2000,Sell,224375743
2024-07-18 13:53:17,48050.0,200,Buy,224375947
2024-07-18 13:53:17,48100.0,100,Buy,224375948
2024-07-18 13:53:18,48100.0,100,Buy,224375970
2024-07-18 13:53:23,48000.0,800,Sell,224376156
2024-07-18 13:53:30,48050.0,600,Sell,224376364
2024-07-18 13:53:32,48100.0,1000,Buy,224376441
2024-07-18 13:53:32,48100.0,1200,Buy,224376440
2024-07-18 13:53:43,48100.0,400,Sell,224376810
2024-07-18 13:53:43,48050.0,400,Sell,224376819
2024-07-18 13:53:51,48000.0,1000,Sell,224377061
2024-07-18 13:53:51,48000.0,100,Sell,224377062
2024-07-18 13:53:51,48000.0,20000,Sell,224377063
2024-07-18 13:53:51,48000.0,1000,Sell,224377064
2024-07-18 13:53:51,48000.0,100,Sell,224377065
2024-07-18 13:53:51,48000.0,600,Sell,224377067
2024-07-18 13:53:51,48000.0,600,Sell,224377060
2024-07-18 13:53:51,48000.0,100,Sell,224377069
2024-07-18 13:53:51,48000.0,400,Sell,224377070
2024-07-18 13:53:51,48000.0,1500,Sell,224377071
2024-07-18 13:53:51,48000.0,100,Sell,224377072
2024-07-18 13:53:51,48000.0,2000,Sell,224377073
2024-07-18 13:53:51,48000.0,2000,Sell,224377074
2024-07-18 13:53:51,48000.0,16300,Sell,224377076
2024-07-18 13:53:51,48000.0,1000,Sell,224377068
2024-07-18 13:53:51,48000.0,5000,Sell,224377059
2024-07-18 13:53:51,48000.0,1000,Sell,224377066
2024-07-18 13:53:51,48000.0,1000,Sell,224377057
2024-07-18 13:53:51,48050.0,1000,Sell,224377041
2024-07-18 13:53:51,48050.0,500,Sell,224377042
2024-07-18 13:53:51,48050.0,2000,Sell,224377043
2024-07-18 13:53:51,48050.0,4100,Sell,224377044
2024-07-18 13:53:51,48050.0,300,Sell,224377045
2024-07-18 13:53:51,48000.0,3100,Sell,224377046
2024-07-18 13:53:51,48000.0,100,Sell,224377047
2024-07-18 13:53:51,48000.0,100,Sell,224377048
2024-07-18 13:53:51,48000.0,100,Sell,224377058
2024-07-18 13:53:51,48000.0,10000,Sell,224377050
2024-07-18 13:53:51,48000.0,100,Sell,224377051
2024-07-18 13:53:51,48000.0,500,Sell,224377052
2024-07-18 13:53:51,48000.0,8000,Sell,224377053
2024-07-18 13:53:51,48000.0,500,Sell,224377054
2024-07-18 13:53:51,48000.0,300,Sell,224377055
2024-07-18 13:53:51,48000.0,1000,Sell,224377056
2024-07-18 13:53:51,48000.0,300,Sell,224377049
2024-07-18 13:53:58,48100.0,200,Sell,224377287
2024-07-18 13:54:03,48000.0,5100,Sell,224377450
2024-07-18 13:54:04,48000.0,800,Sell,224377461
2024-07-18 13:54:08,48000.0,7800,Sell,224377654
2024-07-18 13:54:08,48000.0,600,Sell,224377655
2024-07-18 13:54:08,48000.0,500,Sell,224377657
2024-07-18 13:54:08,48000.0,300,Sell,224377658
2024-07-18 13:54:08,48000.0,100,Sell,224377659
2024-07-18 13:54:08,48000.0,300,Buy,224377686
2024-07-18 13:54:08,48000.0,100,Sell,224377656
2024-07-18 13:54:11,48000.0,200,Sell,224377781
2024-07-18 13:54:11,48000.0,500,Sell,224377782
2024-07-18 13:54:23,48000.0,100,Buy,224378245
2024-07-18 13:54:24,47950.0,800,Sell,224378297
2024-07-18 13:54:26,48000.0,1200,Buy,224378340
2024-07-18 13:54:26,48000.0,1000,Buy,224378349
2024-07-18 13:54:44,48000.0,800,Sell,224378790
2024-07-18 13:54:45,48100.0,500,Buy,224378815
2024-07-18 13:54:45,48100.0,300,Buy,224378813
2024-07-18 13:54:45,48100.0,300,Buy,224378814
2024-07-18 13:55:04,48050.0,800,Sell,224379380
2024-07-18 13:55:24,48050.0,200,Sell,224379890
2024-07-18 13:55:24,48050.0,600,Sell,224379891
2024-07-18 13:55:42,48050.0,400,Sell,224380404
2024-07-18 13:55:42,48050.0,3600,Sell,224380405
2024-07-18 13:55:44,48050.0,800,Sell,224380465
2024-07-18 13:55:58,48050.0,600,Sell,224380977
2024-07-18 13:55:58,48050.0,400,Sell,224380978
2024-07-18 13:56:04,48050.0,800,Sell,224381245
2024-07-18 13:56:23,48100.0,100,Sell,224382086
2024-07-18 13:56:23,48100.0,3900,Sell,224382087
2024-07-18 13:56:24,48100.0,800,Sell,224382135
2024-07-18 13:56:26,48350.0,300,Buy,224382186
2024-07-18 13:56:44,48100.0,300,Sell,224382963
2024-07-18 13:56:44,48100.0,500,Sell,224382964
2024-07-18 13:56:47,48350.0,100,Buy,224383014
2024-07-18 13:57:05,48100.0,100,Sell,224383671
2024-07-18 13:57:05,48100.0,700,Sell,224383670
2024-07-18 13:57:25,48200.0,100,Sell,224384635
2024-07-18 13:57:25,48150.0,100,Sell,224384636
2024-07-18 13:57:25,48100.0,600,Sell,224384637
2024-07-18 13:57:45,48100.0,800,Sell,224385458
2024-07-18 13:57:46,48200.0,500,Buy,224385492
2024-07-18 13:58:04,48200.0,100,Buy,224386393
2024-07-18 13:58:05,48100.0,800,Sell,224386438
2024-07-18 13:58:25,48100.0,800,Sell,224387505
2024-07-18 13:58:44,48100.0,6000,Sell,224388775
2024-07-18 13:58:45,48100.0,800,Sell,224388829
2024-07-18 13:58:47,48100.0,100,Sell,224388943
2024-07-18 13:58:47,48100.0,500,Sell,224388944
2024-07-18 13:58:47,48100.0,1000,Sell,224388945
2024-07-18 13:58:47,48100.0,100,Sell,224388946
2024-07-18 13:58:47,48100.0,2300,Sell,224388947
2024-07-18 13:59:05,48100.0,800,Sell,224389937
2024-07-18 13:59:06,48100.0,100,Sell,224390026
2024-07-18 13:59:06,48100.0,1500,Sell,224389958
2024-07-18 13:59:06,48100.0,3600,Sell,224390024
2024-07-18 13:59:06,48100.0,800,Sell,224390025
2024-07-18 13:59:16,48050.0,4200,Sell,224390835
2024-07-18 13:59:16,48050.0,100,Sell,224390836
2024-07-18 13:59:16,48050.0,500,Sell,224390837
2024-07-18 13:59:16,48050.0,10000,Sell,224390838
2024-07-18 13:59:16,48050.0,100,Sell,224390839
2024-07-18 13:59:16,48050.0,1100,Sell,224390840
2024-07-18 13:59:16,48050.0,5000,Sell,224390834
2024-07-18 13:59:25,48050.0,800,Sell,224391706
2024-07-18 13:59:32,48050.0,500,Sell,224392204
2024-07-18 13:59:34,48050.0,200,Sell,224392475
2024-07-18 13:59:36,48050.0,15800,Sell,224392638
2024-07-18 13:59:36,48050.0,1600,Sell,224392639
2024-07-18 13:59:36,48050.0,500,Sell,224392640
2024-07-18 13:59:36,48050.0,2000,Sell,224392641
2024-07-18 13:59:36,48050.0,900,Sell,224392642
2024-07-18 13:59:37,48050.0,1000,Sell,224392698
2024-07-18 13:59:37,48050.0,100,Sell,224392733
2024-07-18 13:59:42,48050.0,100,Buy,224393071
2024-07-18 13:59:44,48050.0,300,Buy,224393226
2024-07-18 13:59:47,48000.0,500,Sell,224393503
2024-07-18 13:59:55,48000.0,1600,Sell,224394291
2024-07-18 13:59:59,48000.0,1500,Sell,224394524
2024-07-18 14:00:02,48000.0,500,Sell,224394863
2024-07-18 14:00:07,48000.0,900,Sell,224395165
2024-07-18 14:00:07,48000.0,100,Sell,224395191
2024-07-18 14:00:07,48000.0,6000,Sell,224395192
2024-07-18 14:00:10,48000.0,700,Sell,224395450
2024-07-18 14:00:10,48000.0,500,Sell,224395449
2024-07-18 14:00:10,48000.0,500,Sell,224395446
2024-07-18 14:00:10,48000.0,1100,Sell,224395447
2024-07-18 14:00:10,48000.0,17800,Sell,224395445
2024-07-18 14:00:10,48000.0,500,Sell,224395448
2024-07-18 14:00:11,48000.0,400,Sell,224395634
2024-07-18 14:00:11,48000.0,2500,Sell,224395633
2024-07-18 14:00:11,48000.0,100,Sell,224395632
2024-07-18 14:00:11,48000.0,1000,Sell,224395629
2024-07-18 14:00:11,48000.0,500,Sell,224395630
2024-07-18 14:00:11,48000.0,400,Sell,224395628
2024-07-18 14:00:11,48000.0,100,Sell,224395631
2024-07-18 14:00:13,48000.0,300,Sell,224395817
2024-07-18 14:00:14,48000.0,300,Sell,224395891
2024-07-18 14:00:14,48000.0,200,Sell,224395892
2024-07-18 14:00:14,48000.0,1000,Sell,224395893
2024-07-18 14:00:16,48000.0,4000,Sell,224396002
2024-07-18 14:00:16,48000.0,100,Sell,224396003
2024-07-18 14:00:16,48000.0,100,Sell,224396004
2024-07-18 14:00:16,48000.0,500,Sell,224396005
2024-07-18 14:00:16,48000.0,300,Sell,224396006
2024-07-18 14:00:17,48000.0,100,Sell,224396034
2024-07-18 14:00:21,48000.0,400,Buy,224396390
2024-07-18 14:00:37,48000.0,1000,Buy,224397480
2024-07-18 14:00:39,47950.0,800,Sell,224397605
2024-07-18 14:00:39,47950.0,2200,Sell,224397604
2024-07-18 14:00:45,47950.0,1000,Sell,224398018
2024-07-18 14:00:47,47950.0,200,Sell,224398236
2024-07-18 14:00:47,47950.0,200,Sell,224398237
2024-07-18 14:00:47,47950.0,100,Sell,224398238
2024-07-18 14:00:56,47950.0,500,Sell,224398942
2024-07-18 14:01:02,47950.0,100,Sell,224399396
2024-07-18 14:01:15,47950.0,1000,Sell,224400193
2024-07-18 14:01:24,47950.0,200,Sell,224401005
2024-07-18 14:01:33,47950.0,2000,Sell,224401746
2024-07-18 14:01:34,47850.0,800,Sell,224401848
2024-07-18 14:01:34,47850.0,100,Sell,224401847
2024-07-18 14:01:34,47900.0,4000,Sell,224401817
2024-07-18 14:01:34,47900.0,1000,Sell,224401816
2024-07-18 14:01:34,47900.0,3000,Sell,224401814
2024-07-18 14:01:34,47900.0,100,Sell,224401815
2024-07-18 14:01:34,47900.0,200,Sell,224401812
2024-07-18 14:01:34,47950.0,1100,Sell,224401807
2024-07-18 14:01:34,47950.0,2000,Sell,224401808
2024-07-18 14:01:34,47900.0,6000,Sell,224401813
2024-07-18 14:01:34,47950.0,200,Sell,224401810
2024-07-18 14:01:34,47950.0,5000,Sell,224401809
2024-07-18 14:01:34,47900.0,500,Sell,224401811
2024-07-18 14:01:35,47850.0,200,Sell,224402030
2024-07-18 14:01:46,47950.0,2000,Buy,224403144
2024-07-18 14:01:46,48000.0,8400,Buy,224403145
2024-07-18 14:01:46,48000.0,1500,Buy,224403146
2024-07-18 14:01:46,48000.0,4200,Buy,224403147
2024-07-18 14:01:46,47850.0,500,Sell,224403236
2024-07-18 14:01:46,47900.0,3900,Buy,224403143
2024-07-18 14:01:57,47950.0,1000,Buy,224404214
2024-07-18 14:01:57,48000.0,1800,Buy,224404215
2024-07-18 14:01:57,48000.0,1200,Buy,224404216
2024-07-18 14:02:08,47950.0,2500,Buy,224405486
2024-07-18 14:02:25,47950.0,100,Sell,224407300
2024-07-18 14:02:25,47950.0,400,Sell,224407301
2024-07-18 14:02:30,47950.0,900,Sell,224407866
2024-07-18 14:02:30,47950.0,100,Sell,224407865
2024-07-18 14:02:44,48000.0,2000,Buy,224409020
2024-07-18 14:02:53,48000.0,3800,Buy,224409661
2024-07-18 14:02:53,48000.0,1000,Buy,224409662
2024-07-18 14:02:53,48000.0,8000,Buy,224409663
2024-07-18 14:02:53,48000.0,100,Buy,224409664
2024-07-18 14:02:53,48000.0,100,Buy,224409665
2024-07-18 14:02:53,48000.0,2000,Buy,224409666
2024-07-18 14:02:53,48000.0,1000,Buy,224409667
2024-07-18 14:02:53,48000.0,10000,Buy,224409668
2024-07-18 14:02:53,48000.0,1000,Buy,224409669
2024-07-18 14:02:55,48000.0,5000,Buy,224409828
2024-07-18 14:02:56,48000.0,2000,Buy,224409914
2024-07-18 14:02:57,48000.0,500,Buy,224409993
2024-07-18 14:02:58,48000.0,500,Buy,224410012
2024-07-18 14:03:25,48050.0,200,Buy,224412212
2024-07-18 14:03:26,48050.0,100,Buy,224412341
2024-07-18 14:03:26,48050.0,700,Buy,224412340
2024-07-18 14:03:26,48050.0,200,Buy,224412342
2024-07-18 14:03:34,48050.0,500,Buy,224413054
2024-07-18 14:03:35,48050.0,1300,Buy,224413089
2024-07-18 14:03:50,48050.0,700,Sell,224414191
2024-07-18 14:03:50,48050.0,500,Sell,224414192
2024-07-18 14:03:50,48050.0,700,Sell,224414193
2024-07-18 14:03:50,48050.0,100,Sell,224414194
2024-07-18 14:03:50,48050.0,1000,Sell,224414195
2024-07-18 14:03:52,48100.0,2000,Buy,224414319
2024-07-18 14:03:57,48100.0,100,Buy,224414629
2024-07-18 14:04:02,48100.0,400,Buy,224415060
2024-07-18 14:04:02,48100.0,100,Buy,224415061
2024-07-18 14:04:16,48100.0,900,Buy,224415944
2024-07-18 14:04:17,48100.0,1000,Sell,224416006
2024-07-18 14:04:27,48200.0,100,Buy,224416710
2024-07-18 14:04:34,48200.0,100,Buy,224417180
2024-07-18 14:04:36,48200.0,900,Sell,224417273
2024-07-18 14:04:55,48200.0,500,Buy,224418248
2024-07-18 14:05:01,48200.0,3600,Buy,224418550
2024-07-18 14:05:18,48300.0,1000,Buy,224419610
2024-07-18 14:05:18,48350.0,600,Buy,224419612
2024-07-18 14:05:18,48350.0,200,Buy,224419613
2024-07-18 14:05:18,48350.0,500,Buy,224419614
2024-07-18 14:05:18,48400.0,1000,Buy,224419615
2024-07-18 14:05:18,48400.0,100,Buy,224419616
2024-07-18 14:05:27,48450.0,100,Buy,224420216
2024-07-18 14:05:30,48450.0,100,Buy,224420364
2024-07-18 14:05:32,48450.0,100,Buy,224420474
2024-07-18 14:05:38,48450.0,700,Buy,224420865
2024-07-18 14:05:40,48500.0,600,Buy,224420921
2024-07-18 14:05:40,48500.0,1000,Buy,224420919
2024-07-18 14:05:40,48500.0,5000,Buy,224420920
2024-07-18 14:06:00,48500.0,400,Buy,224421898
2024-07-18 14:06:00,48500.0,100,Buy,224421899
2024-07-18 14:06:24,48500.0,500,Buy,224423154
2024-07-18 14:06:35,48500.0,2500,Buy,224423694
2024-07-18 14:06:37,48500.0,100,Sell,224423774
2024-07-18 14:06:44,48550.0,1000,Buy,224424161
2024-07-18 14:06:44,48550.0,2000,Buy,224424160
2024-07-18 14:06:44,48550.0,1800,Buy,224424158
2024-07-18 14:06:44,48550.0,300,Buy,224424159
2024-07-18 14:06:53,48550.0,4000,Sell,224424579
2024-07-18 14:07:02,48550.0,4000,Sell,224424932
2024-07-18 14:07:02,48550.0,500,Sell,224424933
2024-07-18 14:07:36,48550.0,500,Sell,224426243
2024-07-18 14:07:57,48600.0,100,Buy,224427118
2024-07-18 14:07:57,48600.0,300,Buy,224427117
2024-07-18 14:07:57,48600.0,200,Buy,224427115
2024-07-18 14:07:57,48600.0,300,Buy,224427114
2024-07-18 14:07:57,48600.0,100,Buy,224427116
2024-07-18 14:08:03,48600.0,5000,Buy,224427308
2024-07-18 14:08:10,48600.0,400,Buy,224427600
2024-07-18 14:08:12,48600.0,600,Buy,224427722
2024-07-18 14:08:12,48600.0,100,Buy,224427723
2024-07-18 14:08:12,48600.0,100,Buy,224427724
2024-07-18 14:08:12,48600.0,1000,Buy,224427725
2024-07-18 14:08:12,48600.0,1400,Buy,224427726
2024-07-18 14:08:12,48600.0,400,Sell,224427727
2024-07-18 14:08:15,48600.0,1000,Sell,224427918
2024-07-18 14:08:16,48650.0,200,Buy,224428003
2024-07-18 14:08:16,48650.0,200,Buy,224428001
2024-07-18 14:08:16,48650.0,4900,Buy,224428002
2024-07-18 14:08:16,48650.0,1000,Buy,224427999
2024-07-18 14:08:16,48650.0,300,Buy,224427997
2024-07-18 14:08:16,48650.0,100,Buy,224428000
2024-07-18 14:08:16,48650.0,400,Buy,224427998
2024-07-18 14:08:24,48650.0,8000,Sell,224428383
2024-07-18 14:08:40,48700.0,100,Buy,224429153
2024-07-18 14:08:43,48700.0,300,Buy,224429309
2024-07-18 14:08:43,48700.0,100,Buy,224429310
2024-07-18 14:08:43,48700.0,500,Buy,224429311
2024-07-18 14:08:43,48700.0,100,Buy,224429313
2024-07-18 14:08:43,48700.0,1000,Buy,224429312
2024-07-18 14:09:00,48700.0,2000,Buy,224430055
2024-07-18 14:09:06,48700.0,1000,Sell,224430228
2024-07-18 14:09:13,48700.0,2000,Sell,224430521
2024-07-18 14:09:16,48700.0,1000,Buy,224430622
2024-07-18 14:09:21,48650.0,400,Sell,224430798
2024-07-18 14:09:27,48650.0,300,Sell,224431177
2024-07-18 14:09:38,48650.0,1800,Sell,224431649
2024-07-18 14:09:48,48650.0,2000,Sell,224432036
2024-07-18 14:09:49,48650.0,17000,Sell,224432074
2024-07-18 14:09:50,48650.0,6100,Sell,224432145
2024-07-18 14:09:50,48650.0,2000,Sell,224432146
2024-07-18 14:09:58,48600.0,300,Sell,224432511
2024-07-18 14:09:58,48550.0,900,Sell,224432512
2024-07-18 14:09:58,48500.0,500,Sell,224432513
2024-07-18 14:10:01,48500.0,300,Sell,224432627
2024-07-18 14:10:01,48500.0,100,Sell,224432628
2024-07-18 14:10:06,48050.0,500,Sell,224432936
2024-07-18 14:10:06,48050.0,1800,Sell,224432935
2024-07-18 14:10:06,48100.0,300,Sell,224432934
2024-07-18 14:10:06,48100.0,2000,Sell,224432933
2024-07-18 14:10:06,48100.0,1700,Sell,224432932
2024-07-18 14:10:06,48100.0,13400,Sell,224432931
2024-07-18 14:10:06,48100.0,100,Sell,224432930
2024-07-18 14:10:06,48150.0,2600,Sell,224432928
2024-07-18 14:10:06,48100.0,18100,Sell,224432929
2024-07-18 14:10:06,48200.0,100,Sell,224432926
2024-07-18 14:10:06,48500.0,900,Sell,224432918
2024-07-18 14:10:06,48450.0,500,Sell,224432919
2024-07-18 14:10:06,48400.0,5000,Sell,224432920
2024-07-18 14:10:06,48400.0,300,Sell,224432921
2024-07-18 14:10:06,48150.0,1000,Sell,224432927
2024-07-18 14:10:06,48300.0,1000,Sell,224432923
2024-07-18 14:10:06,48200.0,400,Sell,224432925
2024-07-18 14:10:06,48350.0,200,Sell,224432922
2024-07-18 14:10:06,48200.0,100,Sell,224432924
2024-07-18 14:10:09,48600.0,500,Buy,224433058
2024-07-18 14:10:18,48200.0,1700,Sell,224433354
2024-07-18 14:10:31,48200.0,100,Sell,224433887
2024-07-18 14:10:31,48150.0,300,Sell,224433888
2024-07-18 14:10:37,48200.0,400,Sell,224434179
2024-07-18 14:10:39,48200.0,100,Sell,224434230
2024-07-18 14:10:39,48150.0,1600,Sell,224434231
2024-07-18 14:10:58,48150.0,400,Sell,224434994
2024-07-18 14:10:58,48150.0,10000,Sell,224435014
2024-07-18 14:10:58,48150.0,1700,Sell,224435042
2024-07-18 14:11:08,48200.0,200,Sell,224435417
2024-07-18 14:11:08,48150.0,200,Sell,224435418
2024-07-18 14:11:19,48150.0,300,Sell,224435782
2024-07-18 14:11:19,48150.0,100,Sell,224435781
2024-07-18 14:11:19,48150.0,1300,Sell,224435780
2024-07-18 14:11:28,48200.0,200,Sell,224436156
2024-07-18 14:11:28,48150.0,200,Sell,224436157
2024-07-18 14:11:28,48250.0,100,Buy,224436162
2024-07-18 14:11:32,48250.0,400,Buy,224436275
2024-07-18 14:11:38,48200.0,1700,Sell,224436466
2024-07-18 14:11:47,48200.0,400,Sell,224436815
2024-07-18 14:11:52,48200.0,400,Sell,224437043
2024-07-18 14:11:59,48200.0,1500,Sell,224437413
2024-07-18 14:11:59,48200.0,200,Sell,224437414
2024-07-18 14:12:00,48200.0,400,Sell,224437508
2024-07-18 14:12:11,48200.0,400,Sell,224437939
2024-07-18 14:12:11,48200.0,600,Sell,224437940
2024-07-18 14:12:19,48200.0,1400,Sell,224438289
2024-07-18 14:12:19,48200.0,300,Sell,224438290
2024-07-18 14:12:30,48200.0,100,Sell,224438697
2024-07-18 14:12:30,48200.0,300,Sell,224438698
2024-07-18 14:12:31,48200.0,200,Sell,224438712
2024-07-18 14:12:31,48200.0,900,Sell,224438713
2024-07-18 14:12:31,48200.0,3900,Sell,224438714
2024-07-18 14:12:31,48200.0,400,Sell,224438734
2024-07-18 14:12:39,48200.0,1700,Sell,224439033
2024-07-18 14:12:54,48250.0,1000,Sell,224439633
2024-07-18 14:12:59,48250.0,800,Sell,224439858
2024-07-18 14:12:59,48200.0,900,Sell,224439859
2024-07-18 14:13:06,48250.0,200,Sell,224440155
2024-07-18 14:13:19,48250.0,1700,Sell,224440619
2024-07-18 14:13:25,48600.0,200,Buy,224440814
2024-07-18 14:13:25,48600.0,800,Buy,224440815
2024-07-18 14:13:39,48250.0,1600,Sell,224441279
2024-07-18 14:13:39,48250.0,100,Sell,224441280
2024-07-18 14:13:42,48250.0,2000,Sell,224441373
2024-07-18 14:13:57,48250.0,400,Sell,224441884
2024-07-18 14:13:59,48250.0,1700,Sell,224441953
2024-07-18 14:14:01,48550.0,1000,Buy,224442006
2024-07-18 14:14:01,48600.0,2800,Buy,224442007
2024-07-18 14:14:01,48600.0,1200,Buy,224442008
2024-07-18 14:14:03,48600.0,100,Buy,224442078
2024-07-18 14:14:20,48300.0,1000,Sell,224442739
2024-07-18 14:14:20,48250.0,700,Sell,224442740
2024-07-18 14:14:39,48250.0,100,Sell,224443381
2024-07-18 14:14:39,48250.0,1600,Sell,224443382
2024-07-18 14:14:49,48250.0,100,Sell,224443811
2024-07-18 14:14:49,48250.0,100,Sell,224443810
2024-07-18 14:14:49,48250.0,400,Sell,224443809
2024-07-18 14:14:49,48250.0,400,Sell,224443808
2024-07-18 14:14:49,48250.0,900,Sell,224443807
2024-07-18 14:14:49,48400.0,400,Sell,224443806
2024-07-18 14:14:51,48250.0,200,Buy,224443898
2024-07-18 14:14:53,48250.0,300,Buy,224443943
2024-07-18 14:14:54,48200.0,400,Sell,224443986
2024-07-18 14:14:58,48200.0,1000,Sell,224444121
2024-07-18 14:15:00,48200.0,1700,Sell,224444183
2024-07-18 14:15:06,48200.0,1600,Sell,224444382
2024-07-18 14:15:06,48200.0,200,Sell,224444383
2024-07-18 14:15:06,48200.0,1800,Sell,224444384
2024-07-18 14:15:06,48200.0,400,Sell,224444385
2024-07-18 14:15:06,48200.0,400,Sell,224444386
2024-07-18 14:15:14,48150.0,1000,Sell,224444689
2024-07-18 14:15:20,48150.0,500,Sell,224444955
2024-07-18 14:15:20,48150.0,300,Sell,224444956
2024-07-18 14:15:20,48150.0,900,Sell,224444957
2024-07-18 14:15:22,48200.0,600,Buy,224445216
2024-07-18 14:15:22,48200.0,100,Buy,224445217
2024-07-18 14:15:36,48250.0,400,Buy,224445659
2024-07-18 14:15:40,48150.0,100,Sell,224445760
2024-07-18 14:15:40,48150.0,1300,Sell,224445761
2024-07-18 14:15:40,48200.0,300,Sell,224445759
2024-07-18 14:15:51,48150.0,100,Sell,224446230
2024-07-18 14:15:58,48150.0,400,Sell,224446499
2024-07-18 14:16:00,48150.0,1700,Sell,224446588
2024-07-18 14:16:04,48250.0,400,Buy,224446901
2024-07-18 14:16:20,48200.0,1700,Sell,224447581
2024-07-18 14:16:36,48250.0,2000,Buy,224448132
2024-07-18 14:16:40,48200.0,1600,Sell,224448275
2024-07-18 14:16:40,48200.0,100,Sell,224448276
2024-07-18 14:16:50,48200.0,500,Sell,224448779
2024-07-18 14:17:00,48200.0,1400,Sell,224449117
2024-07-18 14:17:00,48200.0,300,Sell,224449118
2024-07-18 14:17:12,48250.0,1700,Buy,224449565
2024-07-18 14:17:20,48200.0,200,Sell,224449924
2024-07-18 14:17:20,48200.0,1200,Sell,224449923
2024-07-18 14:17:20,48200.0,300,Sell,224449925
2024-07-18 14:17:30,48250.0,200,Buy,224450180
2024-07-18 14:17:38,48250.0,1700,Buy,224450434
2024-07-18 14:17:41,48200.0,1700,Sell,224450635
2024-07-18 14:17:48,48200.0,400,Sell,224450861
2024-07-18 14:17:51,48250.0,2000,Buy,224451019
2024-07-18 14:17:54,48200.0,900,Sell,224451122
2024-07-18 14:17:54,48200.0,800,Sell,224451124
2024-07-18 14:17:54,48200.0,2000,Sell,224451123
2024-07-18 14:18:01,48250.0,2000,Buy,224451465
2024-07-18 14:18:01,48200.0,1700,Sell,224451466
2024-07-18 14:18:06,48200.0,500,Sell,224451676
2024-07-18 14:18:08,48250.0,500,Buy,224451726
2024-07-18 14:18:09,48250.0,300,Buy,224451782
2024-07-18 14:18:09,48200.0,1000,Sell,224451781
2024-07-18 14:18:11,48250.0,2300,Buy,224451880
2024-07-18 14:18:13,48250.0,1500,Buy,224451923
2024-07-18 14:18:16,48250.0,400,Buy,224452115
2024-07-18 14:18:20,48250.0,500,Buy,224452254
2024-07-18 14:18:21,48200.0,1700,Sell,224452267
2024-07-18 14:18:25,48250.0,400,Buy,224452396
2024-07-18 14:18:29,48200.0,500,Sell,224452576
2024-07-18 14:18:39,48200.0,200,Sell,224452875
2024-07-18 14:18:41,48200.0,1800,Sell,224452924
2024-07-18 14:18:42,48200.0,300,Sell,224452976
2024-07-18 14:18:45,48250.0,900,Buy,224453077
2024-07-18 14:18:45,48250.0,100,Buy,224453078
2024-07-18 14:18:45,48250.0,1000,Buy,224453079
2024-07-18 14:18:59,48200.0,400,Sell,224453861
2024-07-18 14:19:01,48200.0,1800,Sell,224453932
2024-07-18 14:19:09,48400.0,2000,Buy,224454169
2024-07-18 14:19:13,48500.0,200,Buy,224454364
2024-07-18 14:19:13,48500.0,500,Buy,224454363
2024-07-18 14:19:21,48200.0,1800,Sell,224454862
2024-07-18 14:19:26,48500.0,200,Buy,224455028
2024-07-18 14:19:26,48400.0,500,Buy,224455017
2024-07-18 14:19:37,48450.0,2000,Buy,224455519
2024-07-18 14:19:40,48450.0,800,Buy,224455685
2024-07-18 14:19:41,48200.0,1800,Sell,224455733
2024-07-18 14:19:57,48450.0,100,Buy,224456506
2024-07-18 14:20:01,48200.0,600,Sell,224456638
2024-07-18 14:20:01,48200.0,300,Sell,224456639
2024-07-18 14:20:01,48200.0,300,Sell,224456640
2024-07-18 14:20:01,48200.0,600,Sell,224456641
2024-07-18 14:20:09,48450.0,100,Buy,224456999
2024-07-18 14:20:09,48450.0,200,Buy,224457000
2024-07-18 14:20:09,48450.0,400,Buy,224457001
2024-07-18 14:20:10,48450.0,2000,Buy,224457074
2024-07-18 14:20:22,48250.0,1800,Sell,224457632
2024-07-18 14:20:27,48450.0,900,Buy,224457960
2024-07-18 14:20:42,48250.0,1800,Sell,224458452
2024-07-18 14:20:49,48450.0,100,Buy,224458922
2024-07-18 14:20:58,48450.0,600,Buy,224459392
2024-07-18 14:20:58,48450.0,500,Buy,224459393
2024-07-18 14:20:58,48450.0,900,Buy,224459394
2024-07-18 14:21:02,48250.0,1800,Sell,224459563
2024-07-18 14:21:18,48450.0,1200,Buy,224460339
2024-07-18 14:21:18,48450.0,800,Buy,224460340
2024-07-18 14:21:22,48250.0,1800,Sell,224460550
2024-07-18 14:21:30,48450.0,1200,Buy,224460913
2024-07-18 14:21:30,48450.0,600,Buy,224460914
2024-07-18 14:21:30,48450.0,200,Buy,224460915
2024-07-18 14:21:41,48450.0,400,Buy,224461368
2024-07-18 14:21:41,48450.0,1600,Buy,224461369
2024-07-18 14:21:42,48250.0,100,Sell,224461422
2024-07-18 14:21:42,48250.0,1300,Sell,224461421
2024-07-18 14:21:42,48300.0,300,Sell,224461419
2024-07-18 14:21:42,48300.0,100,Sell,224461420
2024-07-18 14:22:02,48250.0,1400,Sell,224462414
2024-07-18 14:22:02,48250.0,400,Sell,224462413
2024-07-18 14:22:04,48250.0,500,Sell,224462476
2024-07-18 14:22:07,48400.0,2000,Buy,224462745
2024-07-18 14:22:10,48400.0,2000,Buy,224462887
2024-07-18 14:22:22,48250.0,1100,Sell,224463567
2024-07-18 14:22:22,48250.0,700,Sell,224463568
2024-07-18 14:22:38,48300.0,400,Buy,224464842
2024-07-18 14:22:38,48400.0,1600,Buy,224464843
2024-07-18 14:22:42,48250.0,300,Sell,224465049
2024-07-18 14:22:42,48250.0,100,Sell,224465050
2024-07-18 14:22:42,48250.0,100,Sell,224465051
2024-07-18 14:22:42,48250.0,1300,Sell,224465052
2024-07-18 14:22:57,48400.0,2000,Buy,224465964
2024-07-18 14:22:57,48250.0,100,Sell,224465958
2024-07-18 14:22:58,48400.0,100,Buy,224466111
2024-07-18 14:22:59,48400.0,1300,Buy,224466123
2024-07-18 14:23:02,48400.0,700,Sell,224466422
2024-07-18 14:23:02,48400.0,1100,Sell,224466423
2024-07-18 14:23:07,48400.0,400,Sell,224466673
2024-07-18 14:23:23,48400.0,500,Sell,224467854
2024-07-18 14:23:23,48350.0,200,Sell,224467855
2024-07-18 14:23:23,48300.0,500,Sell,224467856
2024-07-18 14:23:23,48250.0,600,Sell,224467857
2024-07-18 14:23:43,48250.0,1800,Sell,224468964
2024-07-18 14:23:43,48450.0,1000,Buy,224468977
2024-07-18 14:23:43,48450.0,600,Buy,224468978
2024-07-18 14:24:03,48450.0,400,Sell,224470231
2024-07-18 14:24:03,48250.0,200,Sell,224470232
2024-07-18 14:24:03,48250.0,1200,Sell,224470233
2024-07-18 14:24:06,48500.0,100,Buy,224470457
2024-07-18 14:24:06,48500.0,900,Buy,224470463
2024-07-18 14:24:18,48500.0,100,Buy,224471313
2024-07-18 14:24:22,48500.0,500,Buy,224471514
2024-07-18 14:24:23,48500.0,700,Buy,224471550
2024-07-18 14:24:23,48250.0,800,Sell,224471573
2024-07-18 14:24:23,48250.0,200,Sell,224471574
2024-07-18 14:24:23,48250.0,100,Sell,224471575
2024-07-18 14:24:23,48250.0,700,Sell,224471576
2024-07-18 14:24:24,48500.0,2000,Buy,224471660
2024-07-18 14:24:32,48250.0,400,Sell,224472230
2024-07-18 14:24:35,48500.0,300,Buy,224472341
2024-07-18 14:24:38,48500.0,2000,Buy,224472584
2024-07-18 14:24:43,48500.0,1000,Buy,224472934
2024-07-18 14:24:43,48300.0,1800,Sell,224473014
2024-07-18 14:24:44,48600.0,2000,Buy,224473126
2024-07-18 14:24:44,48600.0,200,Buy,224473125
2024-07-18 14:24:44,48600.0,100,Buy,224473124
2024-07-18 14:24:44,48600.0,10000,Buy,224473123
2024-07-18 14:24:44,48600.0,100,Buy,224473121
2024-07-18 14:24:44,48600.0,500,Buy,224473122
2024-07-18 14:24:44,48600.0,1000,Buy,224473120
2024-07-18 14:24:44,48550.0,500,Buy,224473116
2024-07-18 14:24:44,48600.0,500,Buy,224473118
2024-07-18 14:24:44,48600.0,2600,Buy,224473117
2024-07-18 14:24:44,48500.0,300,Buy,224473114
2024-07-18 14:24:44,48500.0,1000,Buy,224473113
2024-07-18 14:24:44,48500.0,2000,Buy,224473112
2024-07-18 14:24:44,48600.0,4500,Buy,224473119
2024-07-18 14:24:44,48550.0,10000,Buy,224473115
2024-07-18 14:25:00,48650.0,100,Buy,224474008
2024-07-18 14:25:00,48650.0,1000,Buy,224474005
2024-07-18 14:25:00,48650.0,400,Buy,224474006
2024-07-18 14:25:00,48650.0,500,Buy,224474007
2024-07-18 14:25:03,48600.0,1800,Sell,224474229
2024-07-18 14:25:04,48650.0,200,Buy,224474296
2024-07-18 14:25:16,48650.0,1700,Buy,224474989
2024-07-18 14:25:16,48650.0,300,Buy,224474990
2024-07-18 14:25:20,48650.0,2000,Buy,224475252
2024-07-18 14:25:24,48600.0,1800,Sell,224475631
2024-07-18 14:25:25,48650.0,23200,Buy,224475699
2024-07-18 14:25:25,48650.0,3000,Buy,224475700
2024-07-18 14:25:32,48650.0,5000,Sell,224476183
2024-07-18 14:25:42,48650.0,400,Sell,224476952
2024-07-18 14:25:44,48650.0,1800,Sell,224477009
2024-07-18 14:25:46,48700.0,2000,Buy,224477144
2024-07-18 14:25:46,48700.0,200,Buy,224477145
2024-07-18 14:25:46,48700.0,1900,Buy,224477146
2024-07-18 14:25:46,48700.0,5900,Buy,224477143
2024-07-18 14:25:49,48750.0,500,Buy,224477466
2024-07-18 14:25:49,48750.0,100,Buy,224477465
2024-07-18 14:25:49,48750.0,700,Buy,224477464
2024-07-18 14:25:49,48700.0,100,Buy,224477461
2024-07-18 14:25:49,48750.0,500,Buy,224477462
2024-07-18 14:25:49,48700.0,600,Buy,224477460
2024-07-18 14:25:49,48700.0,2000,Buy,224477396
2024-07-18 14:25:49,48750.0,500,Buy,224477463
2024-07-18 14:25:58,48750.0,1800,Buy,224478037
2024-07-18 14:25:58,48750.0,200,Buy,224478038
2024-07-18 14:25:59,48800.0,100,Buy,224478088
2024-07-18 14:25:59,48800.0,100,Buy,224478087
2024-07-18 14:25:59,48800.0,100,Buy,224478082
2024-07-18 14:25:59,48800.0,1000,Buy,224478085
2024-07-18 14:25:59,48800.0,500,Buy,224478084
2024-07-18 14:25:59,48800.0,100,Buy,224478083
2024-07-18 14:25:59,48800.0,800,Buy,224478081
2024-07-18 14:25:59,48800.0,500,Buy,224478086
2024-07-18 14:25:59,48800.0,100,Buy,224478079
2024-07-18 14:25:59,48800.0,500,Buy,224478078
2024-07-18 14:25:59,48800.0,100,Buy,224478077
2024-07-18 14:25:59,48800.0,500,Buy,224478076
2024-07-18 14:25:59,48800.0,100,Buy,224478075
2024-07-18 14:25:59,48800.0,200,Buy,224478074
2024-07-18 14:25:59,48750.0,800,Buy,224478073
2024-07-18 14:25:59,48800.0,100,Buy,224478080
2024-07-18 14:26:01,48850.0,200,Buy,224478252
2024-07-18 14:26:01,48850.0,100,Buy,224478251
2024-07-18 14:26:04,48800.0,1800,Sell,224478476
2024-07-18 14:26:05,48900.0,400,Buy,224478525
2024-07-18 14:26:05,48900.0,100,Buy,224478524
2024-07-18 14:26:05,48900.0,2000,Buy,224478523
2024-07-18 14:26:05,48900.0,100,Buy,224478522
2024-07-18 14:26:05,48900.0,400,Buy,224478521
2024-07-18 14:26:05,48900.0,2000,Buy,224478519
2024-07-18 14:26:05,48900.0,200,Buy,224478518
2024-07-18 14:26:05,48900.0,100,Buy,224478520
2024-07-18 14:26:05,48850.0,300,Buy,224478516
2024-07-18 14:26:05,48850.0,800,Buy,224478510
2024-07-18 14:26:05,48850.0,100,Buy,224478515
2024-07-18 14:26:05,48850.0,100,Buy,224478514
2024-07-18 14:26:05,48850.0,2000,Buy,224478513
2024-07-18 14:26:05,48850.0,500,Buy,224478512
2024-07-18 14:26:05,48850.0,500,Buy,224478511
2024-07-18 14:26:05,48900.0,400,Buy,224478517
2024-07-18 14:26:10,48900.0,300,Buy,224478971
2024-07-18 14:26:12,48800.0,100,Sell,224479104
2024-07-18 14:26:19,48950.0,600,Buy,224479918
2024-07-18 14:26:19,48950.0,100,Buy,224479917
2024-07-18 14:26:19,48900.0,100,Buy,224479914
2024-07-18 14:26:19,48900.0,1000,Buy,224479915
2024-07-18 14:26:19,48900.0,100,Buy,224479913
2024-07-18 14:26:19,48950.0,100,Buy,224479916
2024-07-18 14:26:20,48950.0,5000,Buy,224480019
2024-07-18 14:26:20,48950.0,100,Buy,224480015
2024-07-18 14:26:20,48950.0,500,Buy,224480018
2024-07-18 14:26:20,48950.0,100,Buy,224480017
2024-07-18 14:26:20,48950.0,500,Buy,224480016
2024-07-18 14:26:20,48950.0,500,Buy,224480014
2024-07-18 14:26:20,48950.0,100,Buy,224480008
2024-07-18 14:26:20,48950.0,100,Buy,224480012
2024-07-18 14:26:20,48950.0,500,Buy,224480011
2024-07-18 14:26:20,48950.0,300,Buy,224480010
2024-07-18 14:26:20,48950.0,1000,Buy,224480009
2024-07-18 14:26:20,48950.0,600,Buy,224480007
2024-07-18 14:26:20,48950.0,200,Buy,224480013
2024-07-18 14:26:24,48950.0,1800,Sell,224480323
2024-07-18 14:26:25,48950.0,1000,Sell,224480480
2024-07-18 14:26:26,49000.0,100,Buy,224480538
2024-07-18 14:26:26,48950.0,1000,Sell,224480539
2024-07-18 14:26:28,48950.0,1000,Sell,224480644
2024-07-18 14:26:29,48950.0,1000,Sell,224480743
2024-07-18 14:26:30,48950.0,1000,Sell,224480836
2024-07-18 14:26:34,48950.0,200,Sell,224481100
2024-07-18 14:26:37,48950.0,1000,Sell,224481354
2024-07-18 14:26:38,48950.0,1000,Sell,224481378
2024-07-18 14:26:38,48950.0,2500,Sell,224481375
2024-07-18 14:26:38,48950.0,2000,Sell,224481376
2024-07-18 14:26:38,48950.0,500,Sell,224481377
2024-07-18 14:26:39,48950.0,500,Sell,224481476
2024-07-18 14:26:39,49000.0,2000,Buy,224481485
2024-07-18 14:26:44,48800.0,1800,Sell,224481901
2024-07-18 14:26:50,48800.0,400,Sell,224482339
2024-07-18 14:27:00,48950.0,200,Buy,224483011
2024-07-18 14:27:00,48950.0,300,Buy,224483012
2024-07-18 14:27:00,48950.0,300,Buy,224483013
2024-07-18 14:27:00,48950.0,1000,Buy,224483014
2024-07-18 14:27:00,49000.0,9300,Buy,224483015
2024-07-18 14:27:04,48800.0,200,Sell,224483372
2024-07-18 14:27:04,48800.0,500,Sell,224483371
2024-07-18 14:27:04,48800.0,300,Sell,224483369
2024-07-18 14:27:04,48950.0,500,Sell,224483368
2024-07-18 14:27:04,48800.0,300,Sell,224483370
2024-07-18 14:27:07,48800.0,3900,Sell,224483555
2024-07-18 14:27:07,48800.0,1800,Sell,224483554
2024-07-18 14:27:18,48750.0,2000,Sell,224484207
2024-07-18 14:27:18,48750.0,500,Sell,224484208
