time,price,volume,match_type,id
2024-07-17 09:14:40,47900.0,8600,ATO/ATC,223363748
2024-07-17 09:14:49,47800.0,100,Buy,223364199
2024-07-17 09:15:13,47650.0,100,Buy,223364575
2024-07-17 09:15:25,47650.0,100,Buy,223364807
2024-07-17 09:15:41,47800.0,200,Buy,223365143
2024-07-17 09:15:44,47650.0,100,Sell,223365209
2024-07-17 09:15:44,47700.0,100,Sell,223365207
2024-07-17 09:15:44,47650.0,100,Sell,223365208
2024-07-17 09:15:51,47650.0,100,Sell,223365367
2024-07-17 09:15:51,47650.0,900,Sell,223365368
2024-07-17 09:15:52,47800.0,200,Buy,223365395
2024-07-17 09:15:54,47650.0,200,Sell,223365447
2024-07-17 09:15:54,47650.0,100,Sell,223365446
2024-07-17 09:16:09,47650.0,900,Sell,223365852
2024-07-17 09:16:14,47650.0,100,Sell,223365958
2024-07-17 09:16:37,47650.0,900,Sell,223366585
2024-07-17 09:16:38,47650.0,400,Buy,223366633
2024-07-17 09:16:40,47650.0,300,Buy,223366697
2024-07-17 09:16:51,47650.0,100,Buy,223366980
2024-07-17 09:16:56,47650.0,500,Buy,223367120
2024-07-17 09:17:07,47650.0,100,Buy,223367375
2024-07-17 09:17:10,47650.0,100,Buy,223367488
2024-07-17 09:17:12,47650.0,500,Buy,223367521
2024-07-17 09:17:33,47650.0,100,Buy,223368137
2024-07-17 09:17:33,47650.0,300,Buy,223368138
2024-07-17 09:17:38,47650.0,900,Buy,223368223
2024-07-17 09:17:58,47650.0,500,Buy,223368930
2024-07-17 09:18:01,47650.0,1500,Sell,223369003
2024-07-17 09:18:02,47600.0,2000,Buy,223369019
2024-07-17 09:18:02,47550.0,1800,Sell,223369023
2024-07-17 09:18:02,47550.0,900,Sell,223369024
2024-07-17 09:18:02,47550.0,800,Sell,223369029
2024-07-17 09:18:02,47550.0,1500,Sell,223369030
2024-07-17 09:18:02,47550.0,1400,Sell,223369031
2024-07-17 09:18:20,47550.0,100,Sell,223369492
2024-07-17 09:18:20,47700.0,200,Buy,223369500
2024-07-17 09:18:49,47700.0,1200,Buy,223370289
2024-07-17 09:18:52,47700.0,800,Buy,223370339
2024-07-17 09:19:11,47800.0,300,Buy,223370835
2024-07-17 09:19:18,47800.0,100,Buy,223371039
2024-07-17 09:19:27,47850.0,700,Buy,223371256
2024-07-17 09:19:27,47850.0,200,Buy,223371255
2024-07-17 09:19:27,47800.0,200,Buy,223371251
2024-07-17 09:19:27,47850.0,5000,Buy,223371253
2024-07-17 09:19:27,47800.0,100,Buy,223371252
2024-07-17 09:19:27,47850.0,100,Buy,223371254
2024-07-17 09:19:34,47900.0,12600,Buy,223371444
2024-07-17 09:19:35,47900.0,2300,Buy,223371493
2024-07-17 09:19:42,47900.0,1200,Buy,223371718
2024-07-17 09:19:47,47900.0,20700,Buy,223371859
2024-07-17 09:19:47,47900.0,600,Buy,223371860
2024-07-17 09:19:47,47900.0,1000,Buy,223371861
2024-07-17 09:19:50,47900.0,1000,Sell,223371921
2024-07-17 09:19:51,47900.0,100,Sell,223371958
2024-07-17 09:20:09,47900.0,1000,Sell,223372483
2024-07-17 09:20:11,48000.0,2400,Buy,223372534
2024-07-17 09:20:11,48000.0,100,Buy,223372533
2024-07-17 09:20:11,48000.0,1000,Buy,223372532
2024-07-17 09:20:11,47950.0,100,Buy,223372530
2024-07-17 09:20:11,47950.0,100,Buy,223372531
2024-07-17 09:20:17,47950.0,200,Sell,223372645
2024-07-17 09:20:19,47950.0,100,Buy,223372700
2024-07-17 09:20:21,48000.0,300,Buy,223372754
2024-07-17 09:20:21,48000.0,100,Buy,223372748
2024-07-17 09:20:21,48000.0,100,Buy,223372753
2024-07-17 09:20:21,48000.0,100,Buy,223372752
2024-07-17 09:20:21,48000.0,200,Buy,223372751
2024-07-17 09:20:21,48000.0,200,Buy,223372750
2024-07-17 09:20:21,48000.0,200,Buy,223372749
2024-07-17 09:20:21,48000.0,100,Buy,223372747
2024-07-17 09:20:21,48000.0,2300,Buy,223372739
2024-07-17 09:20:21,48000.0,2000,Buy,223372745
2024-07-17 09:20:21,48000.0,100,Buy,223372746
2024-07-17 09:20:21,48000.0,100,Buy,223372740
2024-07-17 09:20:21,48000.0,100,Buy,223372741
2024-07-17 09:20:21,47950.0,700,Buy,223372738
2024-07-17 09:20:21,48000.0,1000,Buy,223372743
2024-07-17 09:20:21,48000.0,1000,Buy,223372742
2024-07-17 09:20:21,48000.0,400,Buy,223372744
2024-07-17 09:20:28,48000.0,200,Buy,223373004
2024-07-17 09:20:28,48000.0,200,Buy,223373005
2024-07-17 09:20:28,48000.0,300,Buy,223373006
2024-07-17 09:20:28,48000.0,300,Buy,223373007
2024-07-17 09:20:28,48000.0,700,Buy,223373008
2024-07-17 09:20:28,48000.0,500,Buy,223373009
2024-07-17 09:20:28,48000.0,400,Buy,223373010
2024-07-17 09:20:28,48000.0,500,Buy,223373011
2024-07-17 09:20:28,48000.0,300,Buy,223373012
2024-07-17 09:20:29,48000.0,500,Buy,223373043
2024-07-17 09:20:29,48000.0,100,Buy,223373042
2024-07-17 09:20:29,48000.0,1000,Buy,223373040
2024-07-17 09:20:29,48000.0,3100,Buy,223373044
2024-07-17 09:20:29,48000.0,500,Buy,223373038
2024-07-17 09:20:29,48000.0,300,Buy,223373039
2024-07-17 09:20:29,48000.0,100,Buy,223373035
2024-07-17 09:20:29,48000.0,200,Buy,223373041
2024-07-17 09:20:29,48000.0,1000,Buy,223373037
2024-07-17 09:20:29,48000.0,100,Buy,223373036
2024-07-17 09:20:30,48000.0,2800,Buy,223373072
2024-07-17 09:20:30,48000.0,3000,Buy,223373073
2024-07-17 09:20:31,48000.0,1100,Buy,223373086
2024-07-17 09:20:31,48000.0,100,Buy,223373087
2024-07-17 09:20:31,48000.0,800,Buy,223373088
2024-07-17 09:20:32,48000.0,100,Buy,223373123
2024-07-17 09:20:32,48000.0,200,Buy,223373121
2024-07-17 09:20:32,48000.0,100,Buy,223373122
2024-07-17 09:20:32,48000.0,100,Buy,223373124
2024-07-17 09:20:42,48000.0,500,Sell,223373421
2024-07-17 09:20:51,48050.0,100,Buy,223373719
2024-07-17 09:21:06,48100.0,100,Buy,223374181
2024-07-17 09:21:06,48100.0,200,Buy,223374182
2024-07-17 09:21:06,48100.0,800,Buy,223374183
2024-07-17 09:21:06,48100.0,400,Buy,223374184
2024-07-17 09:21:06,48100.0,100,Buy,223374185
2024-07-17 09:21:06,48100.0,100,Buy,223374186
2024-07-17 09:21:06,48100.0,700,Buy,223374187
2024-07-17 09:21:06,48100.0,600,Buy,223374188
2024-07-17 09:21:12,48050.0,100,Sell,223374382
2024-07-17 09:21:12,48050.0,200,Sell,223374381
2024-07-17 09:21:16,48000.0,1000,Sell,223374525
2024-07-17 09:21:41,48000.0,900,Sell,223375307
2024-07-17 09:21:41,48000.0,300,Sell,223375308
2024-07-17 09:21:42,48000.0,200,Sell,223375335
2024-07-17 09:21:46,48000.0,100,Sell,223375506
2024-07-17 09:21:46,48000.0,500,Sell,223375505
2024-07-17 09:21:46,48000.0,400,Sell,223375507
2024-07-17 09:21:50,48000.0,100,Sell,223375613
2024-07-17 09:21:52,48000.0,3500,Sell,223375720
2024-07-17 09:21:52,48000.0,1500,Sell,223375721
2024-07-17 09:21:54,48050.0,100,Buy,223375775
2024-07-17 09:21:56,48000.0,200,Sell,223375837
2024-07-17 09:22:01,48000.0,500,Buy,223375986
2024-07-17 09:22:01,48000.0,100,Sell,223375977
2024-07-17 09:22:01,48000.0,900,Sell,223375979
2024-07-17 09:22:01,48000.0,100,Sell,223375975
2024-07-17 09:22:01,48000.0,200,Sell,223375974
2024-07-17 09:22:01,48000.0,300,Sell,223375973
2024-07-17 09:22:01,48000.0,500,Sell,223375976
2024-07-17 09:22:01,48000.0,500,Sell,223375978
2024-07-17 09:22:38,48000.0,1000,Buy,223377164
2024-07-17 09:22:38,48000.0,900,Buy,223377165
2024-07-17 09:22:38,48000.0,100,Buy,223377166
2024-07-17 09:22:39,47950.0,3100,Sell,223377193
2024-07-17 09:22:49,47950.0,1900,Sell,223377529
2024-07-17 09:22:49,47950.0,1100,Sell,223377530
2024-07-17 09:22:53,47950.0,300,Sell,223377618
2024-07-17 09:23:01,47950.0,200,Sell,223377824
2024-07-17 09:23:10,47900.0,1000,Sell,223378084
2024-07-17 09:23:20,47900.0,200,Sell,223378524
2024-07-17 09:23:23,47900.0,100,Sell,223378626
2024-07-17 09:23:33,47900.0,500,Sell,223378865
2024-07-17 09:23:40,47900.0,100,Sell,223379025
2024-07-17 09:23:42,47900.0,6000,Sell,223379101
2024-07-17 09:23:48,47900.0,4400,Sell,223379246
2024-07-17 09:23:50,47900.0,2000,Sell,223379270
2024-07-17 09:23:51,47950.0,100,Buy,223379310
2024-07-17 09:23:53,47900.0,2000,Sell,223379343
2024-07-17 09:23:53,47900.0,100,Sell,223379342
2024-07-17 09:23:53,47900.0,800,Sell,223379345
2024-07-17 09:23:53,47900.0,100,Sell,223379340
2024-07-17 09:23:53,47900.0,500,Sell,223379339
2024-07-17 09:23:53,47900.0,1300,Sell,223379338
2024-07-17 09:23:53,47900.0,1000,Sell,223379341
2024-07-17 09:23:53,47900.0,300,Sell,223379344
2024-07-17 09:24:00,47900.0,1100,Buy,223379537
2024-07-17 09:24:38,47850.0,300,Sell,223380785
2024-07-17 09:24:46,47850.0,700,Sell,223381053
2024-07-17 09:24:57,47850.0,700,Buy,223381301
2024-07-17 09:24:57,47850.0,100,Buy,223381302
2024-07-17 09:25:30,47850.0,100,Sell,223382304
2024-07-17 09:26:18,47850.0,500,Buy,223383684
2024-07-17 09:26:24,47850.0,200,Buy,223383852
2024-07-17 09:26:24,47850.0,600,Buy,223383853
2024-07-17 09:26:33,47850.0,1000,Buy,223384041
2024-07-17 09:26:47,47850.0,500,Buy,223384456
2024-07-17 09:26:53,47800.0,100,Sell,223384647
2024-07-17 09:26:53,47800.0,100,Sell,223384648
2024-07-17 09:27:19,47800.0,100,Sell,223385325
2024-07-17 09:27:32,47850.0,200,Buy,223385667
2024-07-17 09:27:46,47800.0,400,Sell,223386087
2024-07-17 09:27:48,47800.0,200,Sell,223386145
2024-07-17 09:28:01,47800.0,1000,Sell,223386616
2024-07-17 09:28:31,47800.0,100,Sell,223387401
2024-07-17 09:28:40,47800.0,700,Sell,223387690
2024-07-17 09:28:40,47800.0,900,Sell,223387691
2024-07-17 09:29:09,47750.0,200,Sell,223388613
2024-07-17 09:29:09,47750.0,100,Sell,223388625
2024-07-17 09:29:20,47750.0,300,Buy,223388961
2024-07-17 09:30:20,47800.0,500,Buy,223390460
2024-07-17 09:30:45,47800.0,100,Buy,223391019
2024-07-17 09:30:45,47800.0,400,Buy,223391018
2024-07-17 09:30:47,47800.0,800,Buy,223391081
2024-07-17 09:30:52,47800.0,3800,Buy,223391170
2024-07-17 09:31:27,47800.0,1000,Buy,223392013
2024-07-17 09:31:37,47800.0,400,Buy,223392233
2024-07-17 09:32:16,47800.0,900,Buy,223393108
2024-07-17 09:32:55,47750.0,100,Sell,223394033
2024-07-17 09:33:22,47750.0,500,Sell,223394817
2024-07-17 09:33:22,47750.0,200,Sell,223394825
2024-07-17 09:33:22,47750.0,100,Sell,223394826
2024-07-17 09:33:22,47750.0,200,Sell,223394827
2024-07-17 09:34:23,47800.0,2500,Buy,223396468
2024-07-17 09:34:35,47800.0,300,Buy,223396784
2024-07-17 09:34:47,47800.0,100,Buy,223397076
2024-07-17 09:35:02,47800.0,1000,Buy,223397376
2024-07-17 09:35:11,47800.0,900,Buy,223397587
2024-07-17 09:35:36,47800.0,800,Buy,223398165
2024-07-17 09:35:37,47750.0,100,Sell,223398199
2024-07-17 09:35:37,47750.0,800,Sell,223398200
2024-07-17 09:35:37,47750.0,1000,Sell,223398201
2024-07-17 09:35:37,47750.0,100,Sell,223398202
2024-07-17 09:35:38,47750.0,700,Sell,223398227
2024-07-17 09:35:38,47750.0,300,Sell,223398228
2024-07-17 09:35:53,47750.0,300,Sell,223398603
2024-07-17 09:36:12,47800.0,100,Buy,223399150
2024-07-17 09:36:39,47800.0,900,Buy,223399793
2024-07-17 09:36:39,47800.0,100,Buy,223399792
2024-07-17 09:36:59,47800.0,800,Buy,223400253
2024-07-17 09:37:01,47800.0,500,Buy,223400316
2024-07-17 09:37:07,47800.0,100,Buy,223400445
2024-07-17 09:37:07,47800.0,100,Buy,223400446
2024-07-17 09:37:07,47800.0,500,Buy,223400444
2024-07-17 09:37:07,47800.0,6700,Buy,223400439
2024-07-17 09:37:07,47800.0,300,Buy,223400442
2024-07-17 09:37:07,47800.0,100,Buy,223400441
2024-07-17 09:37:07,47800.0,600,Buy,223400440
2024-07-17 09:37:07,47800.0,100,Buy,223400443
2024-07-17 09:37:13,47850.0,2000,Buy,223400598
2024-07-17 09:37:14,47850.0,100,Buy,223400627
2024-07-17 09:37:14,47850.0,100,Buy,223400626
2024-07-17 09:37:14,47850.0,500,Buy,223400625
2024-07-17 09:37:14,47850.0,500,Buy,223400624
2024-07-17 09:37:14,47850.0,200,Buy,223400622
2024-07-17 09:37:14,47850.0,1000,Buy,223400621
2024-07-17 09:37:14,47850.0,1000,Buy,223400620
2024-07-17 09:37:14,47850.0,200,Buy,223400619
2024-07-17 09:37:14,47850.0,700,Buy,223400618
2024-07-17 09:37:14,47850.0,200,Buy,223400623
2024-07-17 09:37:24,47900.0,500,Buy,223400947
2024-07-17 09:37:26,47850.0,100,Sell,223401014
2024-07-17 09:37:29,47900.0,1000,Buy,223401080
2024-07-17 09:37:39,47900.0,2000,Buy,223401295
2024-07-17 09:37:51,47900.0,200,Buy,223401704
2024-07-17 09:38:04,47900.0,100,Buy,223401994
2024-07-17 09:38:06,47900.0,800,Buy,223402044
2024-07-17 09:38:14,47900.0,3600,Buy,223402208
2024-07-17 09:38:14,47900.0,200,Buy,223402209
2024-07-17 09:38:14,47900.0,200,Buy,223402210
2024-07-17 09:38:14,47900.0,100,Buy,223402211
2024-07-17 09:38:19,47900.0,100,Buy,223402375
2024-07-17 09:38:19,47900.0,500,Buy,223402374
2024-07-17 09:38:19,47900.0,1000,Buy,223402371
2024-07-17 09:38:19,47900.0,400,Buy,223402372
2024-07-17 09:38:19,47900.0,1900,Buy,223402370
2024-07-17 09:38:19,47900.0,400,Buy,223402373
2024-07-17 09:38:21,48000.0,100,Buy,223402444
2024-07-17 09:38:21,48000.0,4000,Buy,223402454
2024-07-17 09:38:21,48000.0,1000,Buy,223402453
2024-07-17 09:38:21,48000.0,100,Buy,223402452
2024-07-17 09:38:21,48000.0,100,Buy,223402451
2024-07-17 09:38:21,48000.0,100,Buy,223402450
2024-07-17 09:38:21,48000.0,5900,Buy,223402449
2024-07-17 09:38:21,48000.0,5900,Buy,223402448
2024-07-17 09:38:21,48000.0,100,Buy,223402447
2024-07-17 09:38:21,48000.0,200,Buy,223402446
2024-07-17 09:38:21,48000.0,500,Buy,223402445
2024-07-17 09:38:21,48000.0,100,Buy,223402443
2024-07-17 09:38:21,48000.0,200,Buy,223402438
2024-07-17 09:38:21,48000.0,100,Buy,223402441
2024-07-17 09:38:21,48000.0,100,Buy,223402440
2024-07-17 09:38:21,48000.0,500,Buy,223402439
2024-07-17 09:38:21,47950.0,100,Buy,223402430
2024-07-17 09:38:21,48000.0,4900,Buy,223402437
2024-07-17 09:38:21,47950.0,100,Buy,223402436
2024-07-17 09:38:21,47950.0,100,Buy,223402435
2024-07-17 09:38:21,47950.0,500,Buy,223402434
2024-07-17 09:38:21,47950.0,1000,Buy,223402433
2024-07-17 09:38:21,47950.0,3800,Buy,223402432
2024-07-17 09:38:21,47950.0,4900,Buy,223402431
2024-07-17 09:38:21,48000.0,5100,Buy,223402442
2024-07-17 09:38:22,47900.0,1400,Sell,223402460
2024-07-17 09:38:22,47900.0,700,Sell,223402459
2024-07-17 09:38:22,48000.0,500,Buy,223402456
2024-07-17 09:39:16,47950.0,100,Buy,223403981
2024-07-17 09:39:25,47950.0,400,Buy,223404229
2024-07-17 09:39:34,47950.0,200,Buy,223404464
2024-07-17 09:39:51,47950.0,700,Sell,223404769
2024-07-17 09:39:51,47950.0,800,Sell,223404770
2024-07-17 09:39:56,48000.0,500,Buy,223404864
2024-07-17 09:39:56,48000.0,15300,Buy,223404867
2024-07-17 09:39:56,48000.0,1500,Buy,223404866
2024-07-17 09:39:56,48000.0,500,Buy,223404865
2024-07-17 09:39:56,48000.0,100,Buy,223404863
2024-07-17 09:39:56,48000.0,300,Buy,223404860
2024-07-17 09:39:56,48000.0,200,Buy,223404861
2024-07-17 09:39:56,48000.0,500,Buy,223404858
2024-07-17 09:39:56,48000.0,400,Buy,223404862
2024-07-17 09:39:56,48000.0,600,Buy,223404857
2024-07-17 09:39:56,48000.0,100,Buy,223404859
2024-07-17 09:40:02,47900.0,100,Sell,223404996
2024-07-17 09:40:09,48000.0,3000,Buy,223405223
2024-07-17 09:40:26,48000.0,5000,Buy,223405766
2024-07-17 09:40:31,48000.0,100,Buy,223405851
2024-07-17 09:40:33,48000.0,2000,Buy,223405888
2024-07-17 09:40:38,48000.0,800,Buy,223406032
2024-07-17 09:40:44,48000.0,5000,Buy,223406173
2024-07-17 09:40:50,48000.0,1000,Buy,223406281
2024-07-17 09:41:02,48000.0,800,Buy,223406492
2024-07-17 09:41:25,48000.0,3000,Buy,223406993
2024-07-17 09:41:27,48000.0,100,Buy,223407029
2024-07-17 09:41:27,48000.0,200,Buy,223407030
2024-07-17 09:41:27,48000.0,800,Buy,223407031
2024-07-17 09:41:27,48000.0,300,Buy,223407032
2024-07-17 09:41:27,48000.0,2300,Buy,223407033
2024-07-17 09:41:27,48000.0,2300,Buy,223407034
2024-07-17 09:41:27,48000.0,14000,Buy,223407028
2024-07-17 09:41:32,48000.0,5000,Buy,223407176
2024-07-17 09:41:34,48000.0,100,Buy,223407213
2024-07-17 09:41:34,48000.0,100,Buy,223407214
2024-07-17 09:41:41,48000.0,4000,Buy,223407438
2024-07-17 09:41:42,48000.0,3000,Buy,223407461
2024-07-17 09:41:43,48000.0,2900,Buy,223407480
2024-07-17 09:41:43,48000.0,100,Buy,223407481
2024-07-17 09:41:45,48000.0,100,Buy,223407506
2024-07-17 09:41:45,48000.0,1000,Buy,223407507
2024-07-17 09:41:45,48000.0,300,Buy,223407508
2024-07-17 09:41:45,48000.0,5900,Buy,223407509
2024-07-17 09:41:47,48000.0,100,Buy,223407557
2024-07-17 09:41:47,48000.0,1000,Buy,223407564
2024-07-17 09:41:49,48000.0,500,Buy,223407598
2024-07-17 09:41:49,48000.0,100,Buy,223407599
2024-07-17 09:41:49,48000.0,400,Buy,223407600
2024-07-17 09:41:53,48000.0,600,Buy,223407735
2024-07-17 09:41:53,48000.0,200,Buy,223407736
2024-07-17 09:41:53,48000.0,100,Buy,223407746
2024-07-17 09:41:55,48000.0,100,Buy,223407835
2024-07-17 09:41:55,48000.0,1000,Buy,223407834
2024-07-17 09:41:55,48000.0,200,Buy,223407833
2024-07-17 09:41:55,48000.0,200,Buy,223407828
2024-07-17 09:41:55,48000.0,100,Buy,223407831
2024-07-17 09:41:55,48000.0,200,Buy,223407830
2024-07-17 09:41:55,48000.0,2500,Buy,223407829
2024-07-17 09:41:55,48000.0,700,Buy,223407832
2024-07-17 09:42:00,48000.0,100,Buy,223407921
2024-07-17 09:42:00,48000.0,3000,Buy,223407920
2024-07-17 09:42:00,48000.0,100,Buy,223407919
2024-07-17 09:42:00,48000.0,600,Buy,223407918
2024-07-17 09:42:00,48000.0,2000,Buy,223407917
2024-07-17 09:42:00,48000.0,200,Buy,223407913
2024-07-17 09:42:00,48000.0,1000,Buy,223407915
2024-07-17 09:42:00,48000.0,100,Buy,223407910
2024-07-17 09:42:00,48000.0,200,Buy,223407911
2024-07-17 09:42:00,48000.0,200,Buy,223407916
2024-07-17 09:42:00,48000.0,100,Buy,223407914
2024-07-17 09:42:00,48000.0,400,Buy,223407912
2024-07-17 09:42:28,48050.0,500,Buy,223408612
2024-07-17 09:42:28,48050.0,600,Buy,223408626
2024-07-17 09:42:28,48050.0,100,Buy,223408625
2024-07-17 09:42:28,48050.0,100,Buy,223408624
2024-07-17 09:42:28,48050.0,200,Buy,223408623
2024-07-17 09:42:28,48050.0,100,Buy,223408604
2024-07-17 09:42:28,48050.0,200,Buy,223408620
2024-07-17 09:42:28,48050.0,500,Buy,223408622
2024-07-17 09:42:28,48050.0,100,Buy,223408618
2024-07-17 09:42:28,48050.0,200,Buy,223408617
2024-07-17 09:42:28,48050.0,1000,Buy,223408616
2024-07-17 09:42:28,48050.0,100,Buy,223408615
2024-07-17 09:42:28,48050.0,100,Buy,223408614
2024-07-17 09:42:28,48050.0,1000,Buy,223408613
2024-07-17 09:42:28,48050.0,1500,Buy,223408619
2024-07-17 09:42:28,48050.0,100,Buy,223408621
2024-07-17 09:42:30,48050.0,400,Buy,223408648
2024-07-17 09:42:30,48050.0,100,Buy,223408649
2024-07-17 09:42:30,48050.0,400,Buy,223408650
2024-07-17 09:42:30,48050.0,6400,Buy,223408663
2024-07-17 09:42:31,48050.0,600,Buy,223408696
2024-07-17 09:42:31,48050.0,6400,Buy,223408686
2024-07-17 09:42:34,48050.0,9000,Buy,223408766
2024-07-17 09:42:35,48050.0,100,Buy,223408831
2024-07-17 09:42:35,48050.0,100,Buy,223408832
2024-07-17 09:42:35,48050.0,200,Buy,223408833
2024-07-17 09:42:35,48050.0,1300,Buy,223408830
2024-07-17 09:42:44,48050.0,500,Sell,223409128
2024-07-17 09:42:44,48050.0,200,Sell,223409129
2024-07-17 09:42:47,48050.0,300,Buy,223409266
2024-07-17 09:42:47,48050.0,100,Buy,223409267
2024-07-17 09:43:11,48050.0,200,Sell,223409773
2024-07-17 09:43:17,48050.0,1000,Sell,223409883
2024-07-17 09:43:23,48050.0,500,Sell,223410082
2024-07-17 09:43:28,48050.0,1000,Sell,223410183
2024-07-17 09:43:45,48050.0,100,Sell,223410590
2024-07-17 09:43:47,48050.0,300,Sell,223410660
2024-07-17 09:43:50,48100.0,200,Buy,223410713
2024-07-17 09:43:53,48050.0,100,Sell,223410754
2024-07-17 09:44:02,48100.0,600,Buy,223411012
2024-07-17 09:44:02,48100.0,100,Buy,223411011
2024-07-17 09:44:02,48100.0,200,Buy,223411010
2024-07-17 09:44:02,48100.0,200,Buy,223411006
2024-07-17 09:44:02,48100.0,100,Buy,223411005
2024-07-17 09:44:02,48100.0,1000,Buy,223411004
2024-07-17 09:44:02,48100.0,2500,Buy,223411003
2024-07-17 09:44:02,48100.0,500,Buy,223411002
2024-07-17 09:44:02,48100.0,100,Buy,223411001
2024-07-17 09:44:02,48100.0,100,Buy,223411000
2024-07-17 09:44:02,48100.0,100,Buy,223410999
2024-07-17 09:44:02,48100.0,1000,Buy,223410997
2024-07-17 09:44:02,48100.0,200,Buy,223410989
2024-07-17 09:44:02,48100.0,200,Buy,223410990
2024-07-17 09:44:02,48100.0,2000,Buy,223410991
2024-07-17 09:44:02,48100.0,100,Buy,223410992
2024-07-17 09:44:02,48100.0,100,Buy,223410998
2024-07-17 09:44:02,48100.0,200,Buy,223410994
2024-07-17 09:44:02,48100.0,100,Buy,223410995
2024-07-17 09:44:02,48100.0,500,Buy,223410996
2024-07-17 09:44:02,48100.0,100,Buy,223410993
2024-07-17 09:44:06,48100.0,300,Buy,223411084
2024-07-17 09:44:06,48100.0,200,Buy,223411083
2024-07-17 09:44:06,48100.0,1000,Buy,223411082
2024-07-17 09:44:06,48100.0,100,Buy,223411080
2024-07-17 09:44:06,48100.0,700,Buy,223411081
2024-07-17 09:44:06,48100.0,1000,Buy,223411077
2024-07-17 09:44:06,48100.0,1000,Buy,223411076
2024-07-17 09:44:06,48100.0,400,Buy,223411075
2024-07-17 09:44:06,48100.0,100,Buy,223411079
2024-07-17 09:44:06,48100.0,200,Buy,223411078
2024-07-17 09:44:10,48100.0,500,Buy,223411218
2024-07-17 09:44:15,48100.0,100,Buy,223411307
2024-07-17 09:44:23,48100.0,100,Buy,223411456
2024-07-17 09:44:27,48100.0,200,Buy,223411580
2024-07-17 09:44:29,48100.0,200,Buy,223411604
2024-07-17 09:44:30,48100.0,100,Buy,223411618
2024-07-17 09:44:30,48100.0,100,Buy,223411616
2024-07-17 09:44:30,48100.0,100,Buy,223411617
2024-07-17 09:44:31,48100.0,200,Sell,223411647
2024-07-17 09:44:31,48100.0,200,Buy,223411663
2024-07-17 09:44:36,48100.0,600,Buy,223411828
2024-07-17 09:44:36,48100.0,400,Buy,223411829
2024-07-17 09:44:45,48100.0,100,Buy,223412143
2024-07-17 09:44:46,48100.0,300,Buy,223412177
2024-07-17 09:44:56,48100.0,100,Buy,223412443
2024-07-17 09:44:56,48100.0,100,Buy,223412442
2024-07-17 09:44:59,48100.0,300,Buy,223412495
2024-07-17 09:45:14,48050.0,100,Sell,223412870
2024-07-17 09:45:18,48150.0,2000,Buy,223413070
2024-07-17 09:45:18,48150.0,200,Buy,223413069
2024-07-17 09:45:18,48100.0,1000,Buy,223413068
2024-07-17 09:45:18,48100.0,200,Buy,223413067
2024-07-17 09:45:18,48100.0,1000,Buy,223413066
2024-07-17 09:45:18,48050.0,1500,Buy,223413065
2024-07-17 09:45:18,48050.0,500,Sell,223413051
2024-07-17 09:45:18,48050.0,1000,Sell,223413054
2024-07-17 09:45:18,48050.0,900,Sell,223413053
2024-07-17 09:45:18,48050.0,800,Sell,223413052
2024-07-17 09:45:18,48050.0,1000,Sell,223413050
2024-07-17 09:45:18,48050.0,300,Sell,223413049
2024-07-17 09:45:18,48050.0,3000,Sell,223413055
2024-07-17 09:45:19,48150.0,100,Buy,223413071
2024-07-17 09:45:19,48150.0,100,Buy,223413072
2024-07-17 09:45:19,48150.0,900,Buy,223413073
2024-07-17 09:45:22,48050.0,100,Buy,223413148
2024-07-17 09:45:22,48100.0,400,Buy,223413149
2024-07-17 09:45:25,48100.0,100,Buy,223413249
2024-07-17 09:45:25,48100.0,700,Buy,223413250
2024-07-17 09:45:33,48100.0,400,Buy,223413388
2024-07-17 09:45:36,48100.0,500,Buy,223413439
2024-07-17 09:45:43,48100.0,100,Buy,223413560
2024-07-17 09:45:53,48100.0,800,Buy,223413835
2024-07-17 09:45:53,48100.0,500,Buy,223413836
2024-07-17 09:45:53,48100.0,300,Buy,223413834
2024-07-17 09:46:02,48100.0,500,Sell,223414079
2024-07-17 09:46:14,48150.0,2500,Buy,223414476
2024-07-17 09:46:14,48150.0,1000,Buy,223414475
2024-07-17 09:46:14,48150.0,100,Buy,223414473
2024-07-17 09:46:14,48150.0,200,Buy,223414472
2024-07-17 09:46:14,48150.0,500,Buy,223414471
2024-07-17 09:46:14,48150.0,100,Buy,223414470
2024-07-17 09:46:14,48150.0,300,Buy,223414474
2024-07-17 09:46:14,48150.0,500,Buy,223414468
2024-07-17 09:46:14,48150.0,300,Buy,223414467
2024-07-17 09:46:14,48150.0,400,Buy,223414466
2024-07-17 09:46:14,48150.0,1300,Buy,223414465
2024-07-17 09:46:14,48150.0,100,Buy,223414462
2024-07-17 09:46:14,48150.0,100,Buy,223414464
2024-07-17 09:46:14,48150.0,500,Buy,223414463
2024-07-17 09:46:14,48150.0,100,Buy,223414469
2024-07-17 09:46:19,48100.0,100,Sell,223414603
2024-07-17 09:46:34,48150.0,500,Buy,223415118
2024-07-17 09:46:34,48150.0,100,Buy,223415117
2024-07-17 09:46:39,48200.0,900,Buy,223415287
2024-07-17 09:46:39,48200.0,1100,Buy,223415286
2024-07-17 09:46:39,48200.0,6800,Buy,223415268
2024-07-17 09:46:39,48200.0,100,Buy,223415267
2024-07-17 09:46:39,48200.0,100,Buy,223415263
2024-07-17 09:46:39,48200.0,200,Buy,223415266
2024-07-17 09:46:39,48200.0,2600,Buy,223415265
2024-07-17 09:46:39,48200.0,500,Buy,223415264
2024-07-17 09:46:39,48200.0,100,Buy,223415262
2024-07-17 09:46:39,48150.0,100,Buy,223415255
2024-07-17 09:46:39,48150.0,100,Buy,223415260
2024-07-17 09:46:39,48150.0,5000,Buy,223415261
2024-07-17 09:46:39,48150.0,5700,Buy,223415251
2024-07-17 09:46:39,48150.0,100,Buy,223415252
2024-07-17 09:46:39,48150.0,100,Buy,223415253
2024-07-17 09:46:39,48150.0,100,Buy,223415254
2024-07-17 09:46:39,48150.0,100,Buy,223415256
2024-07-17 09:46:39,48150.0,100,Buy,223415257
2024-07-17 09:46:39,48150.0,100,Buy,223415258
2024-07-17 09:46:39,48150.0,100,Buy,223415259
2024-07-17 09:46:52,48200.0,800,Buy,223415662
2024-07-17 09:46:52,48200.0,1800,Buy,223415659
2024-07-17 09:46:57,48150.0,600,Sell,223415802
2024-07-17 09:46:57,48150.0,300,Sell,223415816
2024-07-17 09:46:57,48150.0,2000,Sell,223415817
2024-07-17 09:46:57,48150.0,2000,Sell,223415818
2024-07-17 09:46:57,48150.0,2000,Sell,223415819
2024-07-17 09:46:58,48150.0,900,Buy,223415877
2024-07-17 09:46:59,48150.0,600,Buy,223415893
2024-07-17 09:47:12,48100.0,2000,Sell,223416331
2024-07-17 09:47:12,48100.0,2000,Sell,223416330
2024-07-17 09:47:12,48100.0,10000,Sell,223416328
2024-07-17 09:47:12,48100.0,500,Sell,223416329
2024-07-17 09:47:18,48100.0,200,Buy,223416602
2024-07-17 09:47:20,48150.0,1200,Buy,223416645
2024-07-17 09:47:20,48100.0,300,Buy,223416643
2024-07-17 09:47:20,48100.0,500,Buy,223416644
2024-07-17 09:47:28,48150.0,400,Buy,223416964
2024-07-17 09:47:28,48150.0,100,Buy,223416965
2024-07-17 09:47:28,48150.0,100,Buy,223416966
2024-07-17 09:47:29,48150.0,1900,Sell,223416994
2024-07-17 09:47:45,48150.0,100,Buy,223417433
2024-07-17 09:47:45,48150.0,100,Buy,223417434
2024-07-17 09:47:45,48150.0,800,Buy,223417435
2024-07-17 09:47:54,48150.0,100,Buy,223417839
2024-07-17 09:47:57,48150.0,500,Buy,223417974
2024-07-17 09:47:57,48150.0,100,Buy,223417975
2024-07-17 09:47:57,48150.0,100,Buy,223417972
2024-07-17 09:47:57,48150.0,300,Buy,223417973
2024-07-17 09:48:00,48200.0,400,Buy,223418068
2024-07-17 09:48:02,48150.0,200,Sell,223418120
2024-07-17 09:48:03,48150.0,1200,Sell,223418151
2024-07-17 09:48:18,48150.0,500,Sell,223418646
2024-07-17 09:48:19,48150.0,100,Sell,223418659
2024-07-17 09:48:19,48150.0,100,Sell,223418678
2024-07-17 09:48:20,48150.0,900,Sell,223418693
2024-07-17 09:48:20,48150.0,100,Sell,223418694
2024-07-17 09:48:25,48150.0,900,Sell,223418846
2024-07-17 09:48:25,48150.0,100,Sell,223418847
2024-07-17 09:48:40,48150.0,200,Sell,223419623
2024-07-17 09:48:43,48150.0,100,Sell,223419796
2024-07-17 09:48:45,48150.0,700,Sell,223419881
2024-07-17 09:48:45,48150.0,100,Sell,223419873
2024-07-17 09:48:45,48150.0,300,Sell,223419880
2024-07-17 09:48:47,48150.0,100,Sell,223419971
2024-07-17 09:48:47,48150.0,100,Sell,223419973
2024-07-17 09:48:47,48150.0,900,Sell,223420012
2024-07-17 09:48:52,48150.0,100,Buy,223420326
2024-07-17 09:48:54,48200.0,3000,Buy,223420372
2024-07-17 09:49:01,48150.0,300,Sell,223420596
2024-07-17 09:49:19,48200.0,6400,Buy,223421313
2024-07-17 09:49:29,48200.0,1000,Buy,223421588
2024-07-17 09:49:31,48200.0,100,Buy,223421660
2024-07-17 09:49:31,48200.0,100,Buy,223421661
2024-07-17 09:49:31,48200.0,1700,Buy,223421658
2024-07-17 09:49:31,48200.0,1100,Buy,223421659
2024-07-17 09:49:48,48200.0,100,Buy,223422296
2024-07-17 09:49:48,48200.0,100,Buy,223422297
2024-07-17 09:49:48,48200.0,700,Buy,223422298
2024-07-17 09:49:53,48200.0,300,Buy,223422426
2024-07-17 09:49:53,48200.0,200,Buy,223422427
2024-07-17 09:49:54,48200.0,100,Buy,223422433
2024-07-17 09:49:57,48150.0,1000,Sell,223422507
2024-07-17 09:49:58,48150.0,600,Sell,223422551
2024-07-17 09:49:58,48150.0,400,Sell,223422552
2024-07-17 09:50:05,48150.0,400,Sell,223422749
2024-07-17 09:50:05,48150.0,100,Sell,223422748
2024-07-17 09:50:05,48150.0,200,Sell,223422747
2024-07-17 09:50:07,48150.0,100,Sell,223422812
2024-07-17 09:50:19,48150.0,100,Sell,223423345
2024-07-17 09:50:24,48200.0,100,Buy,223423557
2024-07-17 09:50:40,48150.0,500,Sell,223424099
2024-07-17 09:50:40,48150.0,400,Sell,223424098
2024-07-17 09:50:40,48150.0,100,Sell,223424100
2024-07-17 09:50:42,48150.0,100,Sell,223424177
2024-07-17 09:50:45,48150.0,200,Sell,223424286
2024-07-17 09:50:45,48150.0,700,Sell,223424287
2024-07-17 09:50:45,48150.0,2700,Sell,223424288
2024-07-17 09:50:45,48150.0,5000,Sell,223424289
2024-07-17 09:51:17,48150.0,900,Buy,223425233
2024-07-17 09:51:20,48150.0,100,Buy,223425359
2024-07-17 09:51:32,48100.0,200,Sell,223425705
2024-07-17 09:51:48,48150.0,100,Buy,223426167
2024-07-17 09:51:51,48150.0,500,Buy,223426301
2024-07-17 09:51:51,48150.0,200,Buy,223426299
2024-07-17 09:51:51,48150.0,1000,Buy,223426300
2024-07-17 09:51:51,48150.0,300,Buy,223426298
2024-07-17 09:51:52,48100.0,100,Sell,223426352
2024-07-17 09:51:53,48100.0,500,Sell,223426373
2024-07-17 09:51:58,48100.0,100,Sell,223426578
2024-07-17 09:52:07,48100.0,100,Sell,223427028
2024-07-17 09:52:08,48100.0,800,Sell,223427057
2024-07-17 09:52:09,48100.0,600,Sell,223427143
2024-07-17 09:52:09,48100.0,200,Sell,223427142
2024-07-17 09:52:11,48100.0,100,Sell,223427285
2024-07-17 09:52:11,48100.0,300,Sell,223427284
2024-07-17 09:52:11,48100.0,400,Sell,223427275
2024-07-17 09:52:11,48100.0,100,Sell,223427276
2024-07-17 09:52:12,48100.0,200,Sell,223427345
2024-07-17 09:52:12,48100.0,500,Sell,223427346
2024-07-17 09:52:12,48100.0,100,Sell,223427347
2024-07-17 09:52:13,48100.0,200,Sell,223427453
2024-07-17 09:52:18,48100.0,800,Sell,223427629
2024-07-17 09:52:18,48100.0,4200,Sell,223427630
2024-07-17 09:52:23,48150.0,100,Buy,223427852
2024-07-17 09:52:23,48100.0,200,Sell,223427853
2024-07-17 09:52:38,48100.0,200,Sell,223428517
2024-07-17 09:52:40,48150.0,500,Buy,223428648
2024-07-17 09:52:40,48150.0,100,Buy,223428647
2024-07-17 09:52:40,48150.0,1000,Buy,223428646
2024-07-17 09:52:40,48150.0,1400,Buy,223428644
2024-07-17 09:52:40,48150.0,1000,Buy,223428645
2024-07-17 09:52:41,48100.0,100,Sell,223428656
2024-07-17 09:52:47,48100.0,300,Sell,223428957
2024-07-17 09:52:47,48100.0,2000,Sell,223428958
2024-07-17 09:52:47,48100.0,2000,Sell,223428959
2024-07-17 09:52:47,48100.0,34500,Sell,223428960
2024-07-17 09:52:47,48100.0,3000,Sell,223428961
2024-07-17 09:52:47,48100.0,800,Sell,223428962
2024-07-17 09:52:57,48050.0,100,Sell,223429602
2024-07-17 09:52:57,48100.0,100,Buy,223429615
2024-07-17 09:53:15,48100.0,4000,Buy,223430428
2024-07-17 09:53:42,48100.0,100,Buy,223431501
2024-07-17 09:54:07,48100.0,300,Buy,223432420
2024-07-17 09:54:13,48100.0,900,Buy,223432637
2024-07-17 09:54:19,48050.0,2900,Sell,223432871
2024-07-17 09:54:19,48050.0,100,Sell,223432870
2024-07-17 09:54:19,48050.0,100,Sell,223432869
2024-07-17 09:54:19,48050.0,900,Sell,223432865
2024-07-17 09:54:19,48050.0,500,Sell,223432867
2024-07-17 09:54:19,48050.0,5000,Sell,223432866
2024-07-17 09:54:19,48050.0,500,Sell,223432868
2024-07-17 09:54:22,48150.0,100,Buy,223432981
2024-07-17 09:54:22,48150.0,500,Buy,223432980
2024-07-17 09:54:22,48150.0,1000,Buy,223432979
2024-07-17 09:54:22,48150.0,100,Buy,223432978
2024-07-17 09:54:22,48150.0,800,Buy,223432977
2024-07-17 09:54:22,48150.0,100,Buy,223432975
2024-07-17 09:54:22,48150.0,500,Buy,223432974
2024-07-17 09:54:22,48150.0,200,Buy,223432972
2024-07-17 09:54:22,48150.0,1000,Buy,223432971
2024-07-17 09:54:22,48150.0,7100,Buy,223432970
2024-07-17 09:54:22,48150.0,1000,Buy,223432969
2024-07-17 09:54:22,48150.0,200,Buy,223432968
2024-07-17 09:54:22,48150.0,700,Buy,223432976
2024-07-17 09:54:22,48150.0,700,Buy,223432966
2024-07-17 09:54:22,48150.0,300,Buy,223432967
2024-07-17 09:54:22,48100.0,12000,Buy,223432954
2024-07-17 09:54:22,48100.0,200,Buy,223432955
2024-07-17 09:54:22,48100.0,200,Buy,223432956
2024-07-17 09:54:22,48100.0,5000,Buy,223432957
2024-07-17 09:54:22,48100.0,200,Buy,223432958
2024-07-17 09:54:22,48100.0,100,Buy,223432959
2024-07-17 09:54:22,48150.0,8500,Buy,223432973
2024-07-17 09:54:22,48100.0,1000,Buy,223432961
2024-07-17 09:54:22,48100.0,6800,Buy,223432960
2024-07-17 09:54:22,48150.0,600,Buy,223432962
2024-07-17 09:54:22,48150.0,300,Buy,223432963
2024-07-17 09:54:22,48150.0,700,Buy,223432964
2024-07-17 09:54:22,48150.0,100,Buy,223432965
2024-07-17 09:54:54,48100.0,500,Buy,223434170
2024-07-17 09:54:54,48100.0,800,Buy,223434171
2024-07-17 09:54:57,48100.0,200,Sell,223434299
2024-07-17 09:55:14,48150.0,400,Buy,223434931
2024-07-17 09:55:14,48100.0,800,Buy,223434930
2024-07-17 09:55:25,48100.0,100,Buy,223435337
2024-07-17 09:55:39,48100.0,100,Buy,223435816
2024-07-17 09:55:48,48100.0,700,Sell,223436056
2024-07-17 09:55:53,48100.0,2000,Buy,223436181
2024-07-17 09:57:07,48100.0,900,Buy,223439305
2024-07-17 09:57:14,48100.0,100,Buy,223439625
2024-07-17 09:57:26,48050.0,300,Sell,223440277
2024-07-17 09:57:27,48100.0,1000,Buy,223440297
2024-07-17 09:57:35,48050.0,800,Sell,223440618
2024-07-17 09:57:35,48050.0,200,Sell,223440619
2024-07-17 09:57:41,48050.0,300,Sell,223440923
2024-07-17 09:57:41,48050.0,1700,Sell,223440924
2024-07-17 09:57:45,48050.0,3000,Sell,223441092
2024-07-17 09:57:49,48050.0,600,Sell,223441297
2024-07-17 09:57:49,48050.0,300,Sell,223441295
2024-07-17 09:57:49,48050.0,100,Sell,223441296
2024-07-17 09:57:50,48050.0,400,Sell,223441362
2024-07-17 09:57:50,48050.0,400,Sell,223441361
2024-07-17 09:57:51,48050.0,300,Sell,223441511
2024-07-17 09:57:51,48050.0,100,Sell,223441512
2024-07-17 09:57:51,48050.0,400,Sell,223441513
2024-07-17 09:57:54,48100.0,1000,Buy,223441632
2024-07-17 09:57:56,48050.0,800,Sell,223441767
2024-07-17 09:57:58,48100.0,2000,Buy,223441903
2024-07-17 09:58:06,48050.0,3100,Sell,223442328
2024-07-17 09:58:10,48050.0,800,Sell,223442601
2024-07-17 09:58:13,48100.0,500,Buy,223442749
2024-07-17 09:58:17,48100.0,500,Buy,223442927
2024-07-17 09:58:19,48050.0,800,Sell,223443054
2024-07-17 09:58:21,48050.0,4100,Sell,223443192
2024-07-17 09:58:29,48050.0,500,Buy,223443840
2024-07-17 09:58:31,48050.0,600,Buy,223443971
2024-07-17 09:58:33,48000.0,200,Sell,223444065
2024-07-17 09:58:45,48000.0,200,Sell,223444696
2024-07-17 09:58:50,48000.0,1600,Sell,223444940
2024-07-17 09:58:50,48000.0,400,Sell,223444941
2024-07-17 09:58:50,48000.0,300,Sell,223444942
2024-07-17 09:58:50,48000.0,100,Sell,223444943
2024-07-17 09:58:50,48000.0,500,Sell,223444944
2024-07-17 09:58:50,48000.0,2100,Sell,223444945
2024-07-17 09:58:52,48000.0,100,Sell,223445065
2024-07-17 09:58:55,48050.0,1000,Buy,223445436
2024-07-17 09:59:07,48000.0,800,Sell,223445952
2024-07-17 09:59:12,48000.0,1200,Sell,223446245
2024-07-17 09:59:15,48050.0,1000,Buy,223446368
2024-07-17 09:59:22,48000.0,800,Sell,223446657
2024-07-17 09:59:22,48000.0,200,Sell,223446658
2024-07-17 09:59:27,48000.0,200,Sell,223446924
2024-07-17 09:59:27,48000.0,1000,Sell,223446925
2024-07-17 09:59:31,48050.0,500,Buy,223447227
2024-07-17 09:59:33,48000.0,1000,Sell,223447371
2024-07-17 09:59:39,48000.0,600,Sell,223447790
2024-07-17 09:59:39,48000.0,1900,Sell,223447791
2024-07-17 09:59:41,48000.0,500,Sell,223447891
2024-07-17 09:59:41,48000.0,200,Sell,223447890
2024-07-17 09:59:41,48000.0,100,Sell,223447889
2024-07-17 09:59:41,48000.0,900,Sell,223447888
2024-07-17 09:59:41,48000.0,300,Sell,223447886
2024-07-17 09:59:41,48000.0,400,Sell,223447885
2024-07-17 09:59:41,48000.0,2000,Sell,223447884
2024-07-17 09:59:41,48000.0,200,Sell,223447882
2024-07-17 09:59:41,48000.0,500,Sell,223447881
2024-07-17 09:59:41,48000.0,100,Sell,223447880
2024-07-17 09:59:41,48000.0,100,Sell,223447879
2024-07-17 09:59:41,48000.0,100,Sell,223447878
2024-07-17 09:59:41,48000.0,800,Sell,223447877
2024-07-17 09:59:41,48000.0,7800,Sell,223447876
2024-07-17 09:59:41,48000.0,300,Sell,223447883
2024-07-17 09:59:52,48000.0,1000,Buy,223448350
2024-07-17 10:00:03,47900.0,2200,Sell,223448908
2024-07-17 10:00:03,47900.0,18800,Sell,223448913
2024-07-17 10:00:03,47900.0,10000,Sell,223448912
2024-07-17 10:00:03,47900.0,300,Sell,223448911
2024-07-17 10:00:03,47900.0,100,Sell,223448910
2024-07-17 10:00:03,47900.0,4000,Sell,223448909
2024-07-17 10:00:03,47900.0,500,Sell,223448907
2024-07-17 10:00:03,47900.0,500,Sell,223448904
2024-07-17 10:00:03,47900.0,500,Sell,223448905
2024-07-17 10:00:03,47950.0,300,Sell,223448900
2024-07-17 10:00:03,47950.0,10000,Sell,223448901
2024-07-17 10:00:03,47900.0,500,Sell,223448906
2024-07-17 10:00:03,47900.0,800,Sell,223448903
2024-07-17 10:00:03,47950.0,1000,Sell,223448899
2024-07-17 10:00:03,47900.0,500,Sell,223448902
2024-07-17 10:00:27,48000.0,1000,Buy,223450141
2024-07-17 10:00:45,48000.0,2000,Buy,223450964
2024-07-17 10:00:53,47900.0,1200,Sell,223451316
2024-07-17 10:00:53,47900.0,800,Sell,223451317
2024-07-17 10:01:16,47900.0,800,Buy,223452444
2024-07-17 10:01:29,47900.0,500,Buy,223453057
2024-07-17 10:01:31,47900.0,900,Buy,223453164
2024-07-17 10:01:31,47850.0,2300,Sell,223453158
2024-07-17 10:01:31,47850.0,700,Sell,223453157
2024-07-17 10:01:39,47900.0,300,Buy,223453509
2024-07-17 10:01:40,47900.0,100,Buy,223453565
2024-07-17 10:01:47,47900.0,100,Buy,223453851
2024-07-17 10:01:49,47850.0,100,Sell,223453916
2024-07-17 10:02:04,47900.0,100,Buy,223454584
2024-07-17 10:02:22,47900.0,100,Buy,223455349
2024-07-17 10:02:58,47900.0,800,Buy,223456566
2024-07-17 10:02:59,47850.0,2600,Sell,223456574
2024-07-17 10:02:59,47850.0,100,Sell,223456575
2024-07-17 10:03:02,47850.0,500,Buy,223456669
2024-07-17 10:03:14,47850.0,5000,Buy,223457117
2024-07-17 10:03:26,47850.0,200,Buy,223457738
2024-07-17 10:03:27,47850.0,1600,Buy,223457817
2024-07-17 10:03:27,47850.0,2000,Buy,223457818
2024-07-17 10:03:28,47850.0,200,Sell,223457823
2024-07-17 10:03:28,47850.0,300,Buy,223457861
2024-07-17 10:03:29,47850.0,3100,Sell,223457881
2024-07-17 10:03:30,47850.0,7500,Buy,223457892
2024-07-17 10:03:39,47800.0,1500,Sell,223458248
2024-07-17 10:03:39,47800.0,500,Sell,223458249
2024-07-17 10:03:39,47800.0,300,Sell,223458250
2024-07-17 10:03:39,47800.0,1000,Sell,223458251
2024-07-17 10:03:39,47800.0,100,Sell,223458252
2024-07-17 10:03:39,47800.0,1600,Sell,223458253
2024-07-17 10:03:46,47850.0,10000,Buy,223458572
2024-07-17 10:03:54,47850.0,28900,Buy,223459175
2024-07-17 10:03:57,47850.0,200,Buy,223459319
2024-07-17 10:03:57,47850.0,300,Buy,223459285
2024-07-17 10:03:57,47850.0,500,Buy,223459284
2024-07-17 10:03:57,47850.0,1700,Buy,223459318
2024-07-17 10:03:59,47900.0,1000,Buy,223459393
2024-07-17 10:04:00,47900.0,3300,Buy,223459415
2024-07-17 10:04:00,47900.0,200,Buy,223459416
2024-07-17 10:04:00,47900.0,2000,Buy,223459417
2024-07-17 10:04:00,47900.0,500,Buy,223459418
2024-07-17 10:04:00,47900.0,100,Buy,223459419
2024-07-17 10:04:01,47750.0,500,Sell,223459428
2024-07-17 10:04:01,47750.0,2300,Sell,223459430
2024-07-17 10:04:01,47750.0,100,Sell,223459429
2024-07-17 10:04:01,47750.0,200,Sell,223459427
2024-07-17 10:04:01,47900.0,1000,Sell,223459420
2024-07-17 10:04:01,47750.0,200,Sell,223459425
2024-07-17 10:04:01,47850.0,4700,Sell,223459422
2024-07-17 10:04:01,47850.0,2000,Sell,223459421
2024-07-17 10:04:01,47750.0,1000,Sell,223459426
2024-07-17 10:04:05,47950.0,500,Buy,223459747
2024-07-17 10:04:05,48000.0,500,Buy,223459748
2024-07-17 10:04:10,48000.0,1200,Buy,223459870
2024-07-17 10:04:10,48000.0,500,Buy,223459871
2024-07-17 10:04:10,48000.0,1000,Buy,223459872
2024-07-17 10:04:10,48000.0,300,Buy,223459873
2024-07-17 10:04:27,47950.0,900,Buy,223460641
2024-07-17 10:04:35,48000.0,100,Buy,223460968
2024-07-17 10:04:35,48000.0,2700,Buy,223460967
2024-07-17 10:04:35,48000.0,500,Buy,223460966
2024-07-17 10:04:35,48000.0,500,Buy,223460964
2024-07-17 10:04:35,48000.0,100,Buy,223460963
2024-07-17 10:04:35,47950.0,100,Buy,223460962
2024-07-17 10:04:35,48000.0,1000,Buy,223460965
2024-07-17 10:04:39,47950.0,200,Sell,223461090
2024-07-17 10:04:40,48050.0,1300,Buy,223461131
2024-07-17 10:04:40,48050.0,500,Buy,223461130
2024-07-17 10:04:40,48050.0,300,Buy,223461129
2024-07-17 10:04:40,48050.0,300,Buy,223461128
2024-07-17 10:04:40,48000.0,500,Buy,223461127
2024-07-17 10:04:40,48000.0,500,Buy,223461125
2024-07-17 10:04:40,48000.0,500,Buy,223461126
2024-07-17 10:04:40,48000.0,100,Buy,223461123
2024-07-17 10:04:40,48000.0,1000,Buy,223461122
2024-07-17 10:04:40,48000.0,300,Buy,223461121
2024-07-17 10:04:40,48000.0,200,Buy,223461120
2024-07-17 10:04:40,48000.0,100,Buy,223461119
2024-07-17 10:04:40,47950.0,400,Buy,223461118
2024-07-17 10:04:40,48000.0,4000,Buy,223461124
2024-07-17 10:04:41,47950.0,500,Buy,223461171
2024-07-17 10:04:50,48000.0,400,Buy,223461573
2024-07-17 10:05:25,48000.0,600,Buy,223463069
2024-07-17 10:05:25,48000.0,200,Buy,223463070
2024-07-17 10:05:35,48000.0,400,Buy,223463345
2024-07-17 10:05:35,48000.0,1000,Buy,223463346
2024-07-17 10:05:35,48000.0,500,Buy,223463347
2024-07-17 10:05:44,48000.0,100,Sell,223463637
2024-07-17 10:05:44,48000.0,800,Sell,223463638
2024-07-17 10:05:59,48000.0,200,Sell,223464189
2024-07-17 10:05:59,48000.0,1100,Sell,223464190
2024-07-17 10:05:59,48000.0,900,Sell,223464191
2024-07-17 10:05:59,48000.0,300,Buy,223464235
2024-07-17 10:06:03,48000.0,5000,Buy,223464350
2024-07-17 10:06:09,48000.0,500,Buy,223464599
2024-07-17 10:06:16,48000.0,800,Buy,223464834
2024-07-17 10:06:22,48000.0,1200,Buy,223464980
2024-07-17 10:06:22,48000.0,300,Buy,223464981
2024-07-17 10:06:34,48000.0,100,Buy,223465669
2024-07-17 10:07:09,48000.0,100,Buy,223466988
2024-07-17 10:07:09,48050.0,500,Buy,223466989
2024-07-17 10:07:09,48000.0,100,Buy,223466986
2024-07-17 10:07:09,48000.0,500,Buy,223466987
2024-07-17 10:07:16,48000.0,1000,Buy,223467186
2024-07-17 10:07:17,48000.0,2000,Buy,223467240
2024-07-17 10:07:42,48050.0,1000,Buy,223468051
2024-07-17 10:07:46,48050.0,100,Buy,223468124
2024-07-17 10:07:46,48050.0,500,Buy,223468123
2024-07-17 10:07:46,48050.0,1200,Buy,223468122
2024-07-17 10:07:46,48050.0,100,Buy,223468121
2024-07-17 10:07:46,48050.0,100,Buy,223468126
2024-07-17 10:07:46,48050.0,100,Buy,223468119
2024-07-17 10:07:46,48050.0,100,Buy,223468120
2024-07-17 10:07:46,48050.0,2200,Buy,223468116
2024-07-17 10:07:46,48050.0,200,Buy,223468125
2024-07-17 10:07:46,48050.0,200,Buy,223468117
2024-07-17 10:07:46,48050.0,100,Buy,223468118
2024-07-17 10:07:47,48000.0,800,Sell,223468161
2024-07-17 10:07:47,48000.0,3200,Sell,223468162
2024-07-17 10:07:53,48050.0,5000,Sell,223468367
2024-07-17 10:07:55,48000.0,100,Sell,223468422
2024-07-17 10:08:10,48050.0,2000,Buy,223468860
2024-07-17 10:08:12,48000.0,10000,Sell,223468963
2024-07-17 10:09:26,48000.0,4000,Sell,223471090
2024-07-17 10:09:42,48000.0,2000,Sell,223471481
2024-07-17 10:09:48,48000.0,100,Sell,223471605
2024-07-17 10:10:00,48000.0,12600,Sell,223471918
2024-07-17 10:10:00,48000.0,1200,Sell,223471917
2024-07-17 10:10:00,48000.0,900,Sell,223471916
2024-07-17 10:10:00,48000.0,500,Sell,223471914
2024-07-17 10:10:00,48000.0,1000,Sell,223471913
2024-07-17 10:10:00,48000.0,200,Sell,223471912
2024-07-17 10:10:00,48000.0,600,Sell,223471911
2024-07-17 10:10:00,48000.0,3000,Sell,223471915
2024-07-17 10:10:11,48000.0,10000,Sell,223472133
2024-07-17 10:10:19,48000.0,800,Sell,223472363
2024-07-17 10:10:21,48000.0,5000,Sell,223472467
2024-07-17 10:10:33,48000.0,100,Sell,223472730
2024-07-17 10:10:34,48000.0,1000,Sell,223472767
2024-07-17 10:10:37,48000.0,1500,Sell,223472839
2024-07-17 10:10:37,48000.0,500,Sell,223472840
2024-07-17 10:10:38,48000.0,300,Sell,223472876
2024-07-17 10:10:38,48000.0,300,Sell,223472877
2024-07-17 10:11:15,47950.0,1000,Sell,223473782
2024-07-17 10:11:46,47950.0,800,Buy,223474492
2024-07-17 10:11:46,47950.0,100,Buy,223474491
2024-07-17 10:11:51,47950.0,200,Buy,223474655
2024-07-17 10:12:21,47950.0,400,Sell,223475495
2024-07-17 10:12:21,47950.0,100,Sell,223475496
2024-07-17 10:12:30,47900.0,300,Sell,223475878
2024-07-17 10:12:48,47900.0,100,Sell,223476292
2024-07-17 10:14:16,47900.0,100,Sell,223479898
2024-07-17 10:14:38,47900.0,1000,Sell,223480926
2024-07-17 10:14:57,47900.0,900,Sell,223481758
2024-07-17 10:14:57,47900.0,800,Sell,223481759
2024-07-17 10:14:57,47900.0,1000,Sell,223481757
2024-07-17 10:14:57,47900.0,1000,Sell,223481754
2024-07-17 10:14:57,47900.0,1000,Sell,223481755
2024-07-17 10:14:57,47900.0,100,Sell,223481753
2024-07-17 10:14:57,47900.0,1600,Sell,223481756
2024-07-17 10:14:57,47900.0,3500,Sell,223481752
2024-07-17 10:15:21,47850.0,600,Sell,223483819
2024-07-17 10:15:21,47850.0,3600,Sell,223483818
2024-07-17 10:15:21,47850.0,3000,Sell,223483814
2024-07-17 10:15:21,47850.0,300,Sell,223483816
2024-07-17 10:15:21,47850.0,2500,Sell,223483815
2024-07-17 10:15:21,47850.0,10000,Sell,223483817
2024-07-17 10:15:39,47850.0,100,Sell,223484907
2024-07-17 10:15:43,47850.0,300,Sell,223485199
2024-07-17 10:15:43,47850.0,200,Sell,223485200
2024-07-17 10:15:43,47850.0,1400,Sell,223485201
2024-07-17 10:16:08,47850.0,700,Buy,223487277
2024-07-17 10:16:08,47850.0,200,Buy,223487278
2024-07-17 10:16:37,47800.0,100,Sell,223489748
2024-07-17 10:16:45,47800.0,100,Sell,223490499
2024-07-17 10:16:47,47800.0,100,Sell,223490782
2024-07-17 10:16:52,47800.0,100,Sell,223491172
2024-07-17 10:16:56,47800.0,600,Sell,223491474
2024-07-17 10:16:56,47800.0,100,Sell,223491475
2024-07-17 10:16:56,47800.0,3600,Sell,223491476
2024-07-17 10:16:56,47800.0,1700,Sell,223491477
2024-07-17 10:17:00,47800.0,300,Sell,223491943
2024-07-17 10:17:00,47800.0,100,Sell,223491944
2024-07-17 10:17:08,47800.0,900,Sell,223492497
2024-07-17 10:17:08,47800.0,100,Sell,223492498
2024-07-17 10:17:15,47800.0,600,Sell,223493107
2024-07-17 10:17:18,47800.0,2000,Sell,223493350
2024-07-17 10:17:23,47850.0,200,Buy,223493817
2024-07-17 10:17:23,47800.0,300,Sell,223493802
2024-07-17 10:17:23,47850.0,200,Buy,223493816
2024-07-17 10:17:37,47850.0,800,Buy,223494987
2024-07-17 10:17:38,47800.0,100,Sell,223495110
2024-07-17 10:17:50,47800.0,500,Sell,223496335
2024-07-17 10:17:52,47800.0,1000,Sell,223496503
2024-07-17 10:17:59,47800.0,100,Sell,223497100
2024-07-17 10:18:16,47850.0,1500,Buy,223498527
2024-07-17 10:18:16,47850.0,400,Buy,223498528
2024-07-17 10:18:16,47850.0,100,Buy,223498529
2024-07-17 10:18:22,47850.0,1000,Buy,223499146
2024-07-17 10:18:22,47850.0,100,Buy,223499145
2024-07-17 10:18:22,47850.0,100,Buy,223499143
2024-07-17 10:18:22,47850.0,500,Buy,223499144
2024-07-17 10:18:22,47850.0,100,Buy,223499141
2024-07-17 10:18:22,47850.0,200,Buy,223499140
2024-07-17 10:18:22,47850.0,1800,Buy,223499085
2024-07-17 10:18:22,47850.0,1000,Buy,223499142
2024-07-17 10:18:47,47800.0,700,Sell,223502002
2024-07-17 10:18:47,47800.0,300,Sell,223502003
2024-07-17 10:18:59,47800.0,1000,Sell,223503079
2024-07-17 10:18:59,47800.0,500,Sell,223503114
2024-07-17 10:19:05,47800.0,500,Sell,223503608
2024-07-17 10:19:26,47850.0,500,Buy,223505381
2024-07-17 10:19:26,47850.0,100,Buy,223505382
2024-07-17 10:19:35,47800.0,300,Sell,223506026
2024-07-17 10:19:52,47800.0,800,Sell,223507244
2024-07-17 10:19:52,47800.0,900,Sell,223507243
2024-07-17 10:19:52,47800.0,10000,Sell,223507242
2024-07-17 10:19:52,47800.0,200,Sell,223507240
2024-07-17 10:19:52,47800.0,400,Sell,223507239
2024-07-17 10:19:52,47800.0,2400,Sell,223507238
2024-07-17 10:19:52,47800.0,100,Sell,223507241
2024-07-17 10:20:25,47750.0,400,Sell,223509914
2024-07-17 10:20:25,47750.0,1200,Sell,223509915
2024-07-17 10:20:31,47750.0,500,Sell,223510421
2024-07-17 10:20:32,47750.0,200,Sell,223510458
2024-07-17 10:20:38,47750.0,500,Sell,223510863
2024-07-17 10:20:40,47750.0,600,Sell,223511017
2024-07-17 10:20:40,47750.0,3000,Sell,223511018
2024-07-17 10:20:40,47750.0,1000,Sell,223511019
2024-07-17 10:20:40,47750.0,400,Sell,223511020
2024-07-17 10:20:54,47750.0,200,Sell,223512203
2024-07-17 10:20:54,47750.0,100,Sell,223512168
2024-07-17 10:20:59,47750.0,100,Sell,223512557
2024-07-17 10:20:59,47750.0,800,Sell,223512558
2024-07-17 10:20:59,47750.0,900,Sell,223512559
2024-07-17 10:21:33,47750.0,1200,Buy,223514841
2024-07-17 10:21:33,47750.0,200,Buy,223514842
2024-07-17 10:21:33,47750.0,100,Buy,223514843
2024-07-17 10:21:33,47750.0,1000,Buy,223514844
2024-07-17 10:21:33,47800.0,2500,Buy,223514845
2024-07-17 10:21:52,47750.0,500,Sell,223516163
2024-07-17 10:21:57,47800.0,300,Buy,223516435
2024-07-17 10:21:57,47800.0,1000,Buy,223516425
2024-07-17 10:21:57,47800.0,500,Buy,223516434
2024-07-17 10:21:57,47800.0,800,Buy,223516423
2024-07-17 10:21:57,47800.0,2700,Buy,223516422
2024-07-17 10:21:57,47800.0,500,Buy,223516424
2024-07-17 10:22:03,47800.0,10000,Sell,223516846
2024-07-17 10:22:07,47850.0,1500,Buy,223517500
2024-07-17 10:22:07,47850.0,200,Buy,223517501
2024-07-17 10:22:07,47850.0,300,Buy,223517502
2024-07-17 10:22:07,47850.0,1000,Buy,223517503
2024-07-17 10:22:08,47850.0,300,Buy,223517564
2024-07-17 10:22:17,47850.0,1700,Buy,223518342
2024-07-17 10:22:17,47850.0,200,Buy,223518343
2024-07-17 10:22:17,47850.0,700,Buy,223518344
2024-07-17 10:22:17,47850.0,1000,Buy,223518345
2024-07-17 10:22:17,47850.0,2400,Buy,223518346
2024-07-17 10:22:23,47850.0,7900,Buy,223518817
2024-07-17 10:22:29,47900.0,300,Buy,223519187
2024-07-17 10:22:29,47900.0,1000,Buy,223519188
2024-07-17 10:22:29,47900.0,700,Buy,223519189
2024-07-17 10:22:29,47900.0,1000,Buy,223519186
2024-07-17 10:22:31,47900.0,100,Buy,223519273
2024-07-17 10:22:34,47900.0,800,Buy,223519474
2024-07-17 10:22:35,47900.0,400,Buy,223519586
2024-07-17 10:22:35,47900.0,100,Buy,223519587
2024-07-17 10:22:38,47950.0,200,Buy,223519802
2024-07-17 10:22:38,47950.0,1000,Buy,223519803
2024-07-17 10:22:38,47950.0,800,Buy,223519804
2024-07-17 10:22:47,47950.0,400,Buy,223520503
2024-07-17 10:22:47,47950.0,100,Buy,223520502
2024-07-17 10:22:47,47950.0,400,Buy,223520501
2024-07-17 10:22:47,47950.0,200,Buy,223520499
2024-07-17 10:22:47,47950.0,500,Buy,223520500
2024-07-17 10:22:48,48000.0,1000,Buy,223520515
2024-07-17 10:22:48,48000.0,400,Buy,223520514
2024-07-17 10:22:48,48000.0,1100,Buy,223520516
2024-07-17 10:22:53,48000.0,300,Buy,223520863
2024-07-17 10:23:01,48000.0,600,Buy,223521411
2024-07-17 10:23:01,48000.0,300,Buy,223521412
2024-07-17 10:23:01,48000.0,200,Buy,223521413
2024-07-17 10:23:01,48000.0,5000,Buy,223521414
2024-07-17 10:23:01,48000.0,100,Buy,223521415
2024-07-17 10:23:01,48000.0,2000,Buy,223521416
2024-07-17 10:23:01,48000.0,2600,Buy,223521417
2024-07-17 10:23:05,47950.0,300,Sell,223521782
2024-07-17 10:23:08,48000.0,1500,Buy,223522017
2024-07-17 10:23:15,48000.0,800,Buy,223522542
2024-07-17 10:23:17,48000.0,800,Buy,223522682
2024-07-17 10:23:25,48000.0,3500,Buy,223523298
2024-07-17 10:23:28,48000.0,800,Buy,223523515
2024-07-17 10:23:28,48000.0,100,Buy,223523516
2024-07-17 10:23:30,48000.0,1100,Buy,223523671
2024-07-17 10:23:41,48000.0,300,Buy,223524400
2024-07-17 10:23:41,48000.0,100,Buy,223524401
2024-07-17 10:23:41,48000.0,800,Buy,223524402
2024-07-17 10:23:48,48000.0,200,Buy,223524962
2024-07-17 10:23:57,48000.0,1000,Buy,223525485
2024-07-17 10:23:57,48000.0,3000,Buy,223525486
2024-07-17 10:24:06,48000.0,3700,Buy,223526122
2024-07-17 10:24:07,48000.0,500,Buy,223526184
2024-07-17 10:24:22,47950.0,200,Sell,223526885
2024-07-17 10:24:22,47950.0,100,Sell,223526884
2024-07-17 10:24:23,47950.0,100,Sell,223526947
2024-07-17 10:24:31,48000.0,100,Buy,223527380
2024-07-17 10:24:32,48000.0,1200,Buy,223527426
2024-07-17 10:24:32,48000.0,200,Buy,223527427
2024-07-17 10:24:32,48000.0,100,Buy,223527428
2024-07-17 10:24:32,48000.0,500,Buy,223527429
2024-07-17 10:24:32,48000.0,100,Buy,223527430
2024-07-17 10:24:32,48000.0,100,Buy,223527431
2024-07-17 10:24:32,48000.0,300,Buy,223527432
2024-07-17 10:24:32,48000.0,1000,Buy,223527433
2024-07-17 10:24:32,48000.0,1000,Buy,223527434
2024-07-17 10:24:32,48000.0,200,Buy,223527435
2024-07-17 10:24:32,48000.0,100,Buy,223527436
2024-07-17 10:24:43,47950.0,200,Sell,223527889
2024-07-17 10:24:43,47950.0,100,Sell,223527888
2024-07-17 10:24:43,47950.0,700,Sell,223527887
2024-07-17 10:24:49,47950.0,300,Sell,223528175
2024-07-17 10:24:49,47950.0,100,Sell,223528176
2024-07-17 10:24:56,47950.0,600,Buy,223528464
2024-07-17 10:25:23,47950.0,200,Sell,223529577
2024-07-17 10:25:23,47950.0,200,Sell,223529578
2024-07-17 10:25:23,47950.0,1000,Sell,223529579
2024-07-17 10:25:33,47950.0,300,Buy,223530041
2024-07-17 10:25:33,47950.0,500,Buy,223530042
2024-07-17 10:25:46,48000.0,100,Buy,223530569
2024-07-17 10:25:49,47950.0,100,Sell,223530681
2024-07-17 10:25:50,47950.0,100,Sell,223530726
2024-07-17 10:26:04,47950.0,200,Sell,223531364
2024-07-17 10:26:07,47950.0,1500,Sell,223531470
2024-07-17 10:26:14,47950.0,100,Sell,223531733
2024-07-17 10:26:15,47950.0,200,Sell,223531739
2024-07-17 10:26:45,47950.0,2000,Sell,223532833
2024-07-17 10:26:45,47950.0,500,Sell,223532834
2024-07-17 10:26:45,47950.0,200,Sell,223532835
2024-07-17 10:26:45,47950.0,900,Sell,223532836
2024-07-17 10:27:46,47950.0,100,Buy,223534946
2024-07-17 10:27:50,47950.0,600,Buy,223535034
2024-07-17 10:27:50,47950.0,100,Buy,223535035
2024-07-17 10:27:50,47950.0,400,Buy,223535032
2024-07-17 10:27:50,47950.0,100,Buy,223535033
2024-07-17 10:28:28,48000.0,400,Buy,223536249
2024-07-17 10:28:28,48000.0,300,Buy,223536250
2024-07-17 10:28:28,48000.0,1000,Buy,223536251
2024-07-17 10:28:28,48000.0,300,Buy,223536252
2024-07-17 10:28:36,48000.0,200,Buy,223536504
2024-07-17 10:28:58,48000.0,100,Buy,223537193
2024-07-17 10:28:58,48000.0,600,Buy,223537198
2024-07-17 10:28:58,48000.0,1000,Buy,223537197
2024-07-17 10:28:58,48000.0,1000,Buy,223537196
2024-07-17 10:28:58,48000.0,3000,Buy,223537194
2024-07-17 10:28:58,48000.0,500,Buy,223537192
2024-07-17 10:28:58,48000.0,1500,Buy,223537195
2024-07-17 10:28:58,48000.0,100,Buy,223537190
2024-07-17 10:28:58,48000.0,200,Buy,223537189
2024-07-17 10:28:58,48000.0,800,Buy,223537188
2024-07-17 10:28:58,48000.0,200,Buy,223537187
2024-07-17 10:28:58,48000.0,700,Buy,223537186
2024-07-17 10:28:58,48000.0,1800,Buy,223537185
2024-07-17 10:28:58,48000.0,500,Buy,223537191
2024-07-17 10:28:59,48000.0,100,Buy,223537212
2024-07-17 10:29:01,48000.0,4200,Buy,223537262
2024-07-17 10:29:05,48000.0,300,Buy,223537365
2024-07-17 10:29:07,48000.0,4800,Buy,223537412
2024-07-17 10:29:07,48000.0,100,Buy,223537413
2024-07-17 10:29:07,48000.0,100,Buy,223537414
2024-07-17 10:29:18,48000.0,800,Buy,223537715
2024-07-17 10:29:23,48000.0,500,Buy,223537866
2024-07-17 10:29:42,48000.0,3100,Buy,223538394
2024-07-17 10:30:18,48000.0,1000,Buy,223539517
2024-07-17 10:30:18,48000.0,200,Buy,223539515
2024-07-17 10:30:25,48000.0,100,Buy,223539674
2024-07-17 10:30:39,48000.0,1700,Buy,223540113
2024-07-17 10:30:39,48000.0,1700,Buy,223540114
2024-07-17 10:30:39,48000.0,1000,Buy,223540115
2024-07-17 10:30:39,48000.0,1000,Buy,223540116
2024-07-17 10:30:39,48000.0,100,Buy,223540117
2024-07-17 10:30:39,48000.0,100,Buy,223540118
2024-07-17 10:30:39,48000.0,500,Buy,223540119
2024-07-17 10:30:39,48000.0,4900,Buy,223540120
2024-07-17 10:30:43,48000.0,200,Buy,223540218
2024-07-17 10:30:43,48000.0,100,Buy,223540217
2024-07-17 10:30:43,48000.0,500,Buy,223540216
2024-07-17 10:30:43,48000.0,100,Buy,223540213
2024-07-17 10:30:43,48000.0,200,Buy,223540214
2024-07-17 10:30:43,48000.0,100,Buy,223540211
2024-07-17 10:30:43,48000.0,500,Buy,223540215
2024-07-17 10:30:43,48000.0,300,Buy,223540212
2024-07-17 10:30:46,48000.0,200,Buy,223540285
2024-07-17 10:30:46,48000.0,700,Buy,223540286
2024-07-17 10:30:50,48000.0,500,Buy,223540387
2024-07-17 10:30:50,48000.0,500,Buy,223540386
2024-07-17 10:30:50,48000.0,200,Buy,223540385
2024-07-17 10:30:50,48000.0,200,Buy,223540380
2024-07-17 10:30:50,48000.0,400,Buy,223540383
2024-07-17 10:30:50,48000.0,200,Buy,223540382
2024-07-17 10:30:50,48000.0,500,Buy,223540381
2024-07-17 10:30:50,48000.0,3900,Buy,223540384
2024-07-17 10:31:04,48050.0,1300,Buy,223540782
2024-07-17 10:31:17,48050.0,100,Buy,223541106
2024-07-17 10:31:18,48050.0,1000,Buy,223541130
2024-07-17 10:31:46,48000.0,500,Sell,223541910
2024-07-17 10:31:46,48000.0,500,Sell,223541909
2024-07-17 10:31:46,48000.0,200,Sell,223541908
2024-07-17 10:31:46,48000.0,200,Sell,223541907
2024-07-17 10:31:46,48000.0,3600,Sell,223541904
2024-07-17 10:31:46,48000.0,300,Sell,223541906
2024-07-17 10:31:46,48000.0,4000,Sell,223541905
2024-07-17 10:31:47,48000.0,600,Buy,223541944
2024-07-17 10:31:54,48000.0,100,Buy,223542228
2024-07-17 10:31:56,48000.0,100,Sell,223542342
2024-07-17 10:31:56,47950.0,300,Sell,223542343
2024-07-17 10:31:56,47950.0,100,Sell,223542344
2024-07-17 10:32:00,48000.0,100,Sell,223542463
2024-07-17 10:32:27,48000.0,100,Sell,223543183
2024-07-17 10:32:35,48000.0,1700,Sell,223543337
2024-07-17 10:32:35,48000.0,300,Sell,223543336
2024-07-17 10:32:35,48000.0,3000,Sell,223543346
2024-07-17 10:32:38,48000.0,300,Sell,223543441
2024-07-17 10:32:38,48000.0,800,Sell,223543442
2024-07-17 10:32:38,48000.0,1000,Sell,223543443
2024-07-17 10:32:38,48000.0,700,Sell,223543444
2024-07-17 10:32:38,48000.0,700,Sell,223543445
2024-07-17 10:32:48,48000.0,300,Sell,223543700
2024-07-17 10:32:51,48000.0,700,Buy,223543783
2024-07-17 10:32:51,48000.0,1000,Buy,223543785
2024-07-17 10:33:11,48000.0,200,Sell,223544416
2024-07-17 10:33:13,48000.0,1000,Sell,223544437
2024-07-17 10:34:02,48000.0,1000,Sell,223546024
2024-07-17 10:34:09,48000.0,1000,Sell,223546201
2024-07-17 10:34:30,48000.0,100,Sell,223546938
2024-07-17 10:34:30,48000.0,3000,Sell,223546939
2024-07-17 10:34:30,48000.0,500,Sell,223546940
2024-07-17 10:34:30,48000.0,1500,Sell,223546941
2024-07-17 10:34:30,48000.0,200,Sell,223546942
2024-07-17 10:34:30,48000.0,1000,Sell,223546943
2024-07-17 10:34:30,48000.0,2000,Sell,223546944
2024-07-17 10:34:30,48000.0,1000,Sell,223546945
2024-07-17 10:34:30,48000.0,700,Sell,223546946
2024-07-17 10:34:46,48000.0,200,Sell,223547410
2024-07-17 10:34:46,48000.0,300,Sell,223547411
2024-07-17 10:34:47,48000.0,100,Sell,223547445
2024-07-17 10:34:49,48000.0,1000,Sell,223547490
2024-07-17 10:34:51,48000.0,100,Sell,223547599
2024-07-17 10:34:51,48000.0,100,Sell,223547592
2024-07-17 10:34:51,48000.0,1000,Sell,223547584
2024-07-17 10:34:51,48000.0,100,Sell,223547590
2024-07-17 10:34:51,48000.0,100,Sell,223547589
2024-07-17 10:34:51,48000.0,200,Sell,223547591
2024-07-17 10:34:56,47950.0,500,Sell,223547761
2024-07-17 10:35:58,48000.0,500,Buy,223549681
2024-07-17 10:36:30,48000.0,100,Buy,223550533
2024-07-17 10:36:36,48000.0,600,Buy,223550695
2024-07-17 10:36:36,48000.0,300,Buy,223550693
2024-07-17 10:36:36,48000.0,2000,Buy,223550694
2024-07-17 10:36:36,48000.0,1000,Buy,223550691
2024-07-17 10:36:36,48000.0,500,Buy,223550690
2024-07-17 10:36:36,48000.0,500,Buy,223550689
2024-07-17 10:36:36,48000.0,100,Buy,223550692
2024-07-17 10:36:37,48000.0,400,Buy,223550732
2024-07-17 10:36:37,48000.0,400,Buy,223550733
2024-07-17 10:36:42,47950.0,300,Sell,223550871
2024-07-17 10:36:42,47950.0,600,Sell,223550872
2024-07-17 10:36:46,48000.0,600,Buy,223551012
2024-07-17 10:36:48,47950.0,1500,Sell,223551084
2024-07-17 10:36:55,47950.0,1000,Sell,223551298
2024-07-17 10:36:55,47950.0,200,Sell,223551296
2024-07-17 10:36:55,47950.0,300,Sell,223551299
2024-07-17 10:36:55,47950.0,100,Sell,223551294
2024-07-17 10:36:55,47950.0,100,Sell,223551295
2024-07-17 10:36:55,47950.0,2900,Sell,223551292
2024-07-17 10:36:55,47950.0,1000,Sell,223551297
2024-07-17 10:36:55,47950.0,400,Sell,223551293
2024-07-17 10:37:03,47950.0,200,Sell,223551529
2024-07-17 10:37:24,47950.0,500,Sell,223552178
2024-07-17 10:37:24,47950.0,500,Sell,223552179
2024-07-17 10:37:24,47950.0,500,Sell,223552180
2024-07-17 10:37:36,47950.0,200,Sell,223552474
2024-07-17 10:37:36,47950.0,2100,Sell,223552472
2024-07-17 10:37:36,47950.0,900,Sell,223552471
2024-07-17 10:37:36,47950.0,1100,Sell,223552473
2024-07-17 10:37:36,47950.0,500,Sell,223552469
2024-07-17 10:37:36,47950.0,200,Sell,223552468
2024-07-17 10:37:36,47950.0,1800,Sell,223552467
2024-07-17 10:37:36,47950.0,500,Sell,223552470
2024-07-17 10:37:55,47950.0,100,Buy,223553013
2024-07-17 10:38:05,47950.0,900,Buy,223553298
2024-07-17 10:38:21,47900.0,100,Sell,223553951
2024-07-17 10:38:49,47900.0,500,Sell,223554921
2024-07-17 10:38:49,47900.0,1000,Sell,223554922
2024-07-17 10:38:51,47900.0,500,Sell,223554992
2024-07-17 10:39:13,47900.0,200,Sell,223555717
2024-07-17 10:39:13,47900.0,100,Sell,223555718
2024-07-17 10:39:13,47900.0,700,Sell,223555719
2024-07-17 10:39:18,47900.0,400,Sell,223555887
2024-07-17 10:39:23,47900.0,1000,Sell,223556049
2024-07-17 10:39:32,47900.0,1500,Sell,223556313
2024-07-17 10:39:57,47950.0,3000,Buy,223557076
2024-07-17 10:39:58,47950.0,400,Buy,223557109
2024-07-17 10:39:59,47900.0,500,Sell,223557123
2024-07-17 10:40:13,47900.0,500,Sell,223557732
2024-07-17 10:40:14,47900.0,400,Sell,223557791
2024-07-17 10:40:14,47900.0,100,Sell,223557792
2024-07-17 10:40:14,47900.0,900,Sell,223557793
2024-07-17 10:40:16,47900.0,500,Sell,223558117
2024-07-17 10:40:16,47900.0,100,Sell,223558118
2024-07-17 10:40:16,47900.0,400,Sell,223558119
2024-07-17 10:40:21,47900.0,400,Sell,223558404
2024-07-17 10:40:21,47900.0,100,Sell,223558405
2024-07-17 10:40:21,47900.0,1300,Sell,223558406
2024-07-17 10:40:22,47900.0,100,Buy,223558424
2024-07-17 10:40:30,47900.0,100,Buy,223558656
2024-07-17 10:40:30,47950.0,900,Buy,223558657
2024-07-17 10:40:42,47900.0,500,Buy,223559113
2024-07-17 10:40:42,47950.0,2500,Buy,223559115
2024-07-17 10:40:46,47950.0,100,Buy,223559243
2024-07-17 10:40:59,47950.0,400,Buy,223559813
2024-07-17 10:41:01,47950.0,900,Buy,223559882
2024-07-17 10:41:26,47900.0,100,Sell,223560927
2024-07-17 10:41:39,47950.0,2000,Buy,223561470
2024-07-17 10:41:39,47950.0,300,Buy,223561469
2024-07-17 10:41:39,47950.0,1500,Buy,223561468
2024-07-17 10:41:39,47950.0,100,Buy,223561466
2024-07-17 10:41:39,47950.0,500,Buy,223561467
2024-07-17 10:41:39,47950.0,1500,Buy,223561464
2024-07-17 10:41:39,47950.0,100,Buy,223561463
2024-07-17 10:41:39,47950.0,1500,Buy,223561462
2024-07-17 10:41:39,47950.0,500,Buy,223561461
2024-07-17 10:41:39,47950.0,1500,Buy,223561465
2024-07-17 10:41:44,47900.0,100,Sell,223561630
2024-07-17 10:41:55,47900.0,1000,Sell,223561962
2024-07-17 10:41:58,47950.0,1000,Buy,223562098
2024-07-17 10:42:13,47950.0,400,Buy,223562885
2024-07-17 10:42:13,47950.0,500,Buy,223562886
2024-07-17 10:42:13,47950.0,100,Buy,223562887
2024-07-17 10:42:13,47950.0,300,Buy,223562888
2024-07-17 10:42:23,47900.0,3600,Sell,223563278
2024-07-17 10:42:25,47900.0,4800,Sell,223563521
2024-07-17 10:42:25,47900.0,200,Sell,223563520
2024-07-17 10:42:29,47900.0,900,Sell,223563651
2024-07-17 10:42:29,47850.0,100,Sell,223563652
2024-07-17 10:42:29,47850.0,200,Sell,223563653
2024-07-17 10:42:29,47850.0,2300,Sell,223563654
2024-07-17 10:42:33,47950.0,500,Buy,223563848
2024-07-17 10:42:39,47900.0,200,Buy,223564085
2024-07-17 10:42:54,47950.0,200,Buy,223564584
2024-07-17 10:42:54,47950.0,500,Buy,223564585
2024-07-17 10:42:54,47950.0,300,Buy,223564586
2024-07-17 10:43:01,47950.0,1000,Buy,223564896
2024-07-17 10:43:06,47900.0,800,Sell,223565183
2024-07-17 10:43:06,47850.0,1200,Sell,223565184
2024-07-17 10:43:27,47900.0,1000,Sell,223566033
2024-07-17 10:43:27,47900.0,3000,Sell,223566034
2024-07-17 10:43:27,47900.0,1100,Sell,223566027
2024-07-17 10:43:27,47900.0,900,Sell,223566032
2024-07-17 10:43:43,47900.0,1000,Buy,223566549
2024-07-17 10:43:56,47900.0,800,Buy,223566981
2024-07-17 10:44:22,47900.0,1000,Buy,223567845
2024-07-17 10:44:45,47900.0,100,Buy,223568739
2024-07-17 10:45:15,47900.0,500,Buy,223569896
2024-07-17 10:45:18,47900.0,800,Buy,223570091
2024-07-17 10:45:18,47900.0,1000,Buy,223570100
2024-07-17 10:45:24,47900.0,900,Buy,223570317
2024-07-17 10:45:27,47900.0,600,Buy,223570473
2024-07-17 10:45:33,47900.0,100,Buy,223570720
2024-07-17 10:45:44,47900.0,2000,Buy,223571147
2024-07-17 10:45:56,47850.0,2500,Sell,223571624
2024-07-17 10:45:56,47850.0,900,Sell,223571623
2024-07-17 10:45:56,47850.0,6500,Sell,223571621
2024-07-17 10:45:56,47850.0,100,Sell,223571622
2024-07-17 10:46:17,47850.0,100,Sell,223572303
2024-07-17 10:46:21,47850.0,1000,Sell,223572399
2024-07-17 10:46:21,47850.0,6400,Sell,223572400
2024-07-17 10:46:21,47850.0,500,Sell,223572401
2024-07-17 10:46:21,47850.0,300,Sell,223572402
2024-07-17 10:46:21,47850.0,500,Sell,223572403
2024-07-17 10:46:21,47850.0,800,Sell,223572404
2024-07-17 10:46:25,47850.0,1000,Buy,223572577
2024-07-17 10:46:28,47850.0,1200,Buy,223572679
2024-07-17 10:46:29,47850.0,1300,Buy,223572774
2024-07-17 10:46:29,47850.0,500,Buy,223572775
2024-07-17 10:46:38,47850.0,900,Sell,223573054
2024-07-17 10:46:52,47900.0,200,Buy,223573659
2024-07-17 10:46:52,47850.0,500,Buy,223573629
2024-07-17 10:46:52,47900.0,700,Buy,223573630
2024-07-17 10:46:52,47900.0,600,Buy,223573658
2024-07-17 10:46:55,47900.0,200,Buy,223573720
2024-07-17 10:46:56,47900.0,200,Buy,223573748
2024-07-17 10:47:06,47900.0,400,Buy,223574124
2024-07-17 10:47:14,47900.0,100,Buy,223574369
2024-07-17 10:47:45,47850.0,200,Sell,223575344
2024-07-17 10:47:47,47900.0,400,Buy,223575411
2024-07-17 10:47:47,47900.0,800,Buy,223575412
2024-07-17 10:47:52,47900.0,200,Buy,223575545
2024-07-17 10:48:10,47900.0,400,Buy,223576135
2024-07-17 10:48:14,47900.0,300,Buy,223576200
2024-07-17 10:48:14,47900.0,100,Buy,223576198
2024-07-17 10:48:14,47900.0,600,Buy,223576199
2024-07-17 10:48:21,47900.0,900,Buy,223576457
2024-07-17 10:48:23,47850.0,100,Sell,223576528
2024-07-17 10:48:42,47900.0,100,Buy,223577158
2024-07-17 10:48:48,47900.0,200,Buy,223577314
2024-07-17 10:48:48,47900.0,1000,Buy,223577315
2024-07-17 10:48:52,47900.0,200,Buy,223577462
2024-07-17 10:49:47,47900.0,200,Buy,223578984
2024-07-17 10:49:47,47900.0,700,Buy,223578985
2024-07-17 10:49:57,47900.0,1200,Buy,223579394
2024-07-17 10:50:12,47900.0,200,Buy,223579826
2024-07-17 10:50:37,47900.0,400,Buy,223580471
2024-07-17 10:50:41,47850.0,500,Sell,223580543
2024-07-17 10:50:41,47850.0,200,Sell,223580540
2024-07-17 10:50:41,47850.0,200,Sell,223580541
2024-07-17 10:50:41,47850.0,100,Sell,223580542
2024-07-17 10:50:46,47850.0,100,Sell,223580676
2024-07-17 10:50:54,47850.0,400,Sell,223580844
2024-07-17 10:50:54,47850.0,1000,Sell,223580845
2024-07-17 10:51:37,47850.0,1500,Sell,223582126
2024-07-17 10:52:19,47850.0,1500,Sell,223583242
2024-07-17 10:52:26,47850.0,1000,Sell,223583447
2024-07-17 10:52:29,47850.0,100,Sell,223583542
2024-07-17 10:52:29,47850.0,100,Sell,223583543
2024-07-17 10:52:29,47850.0,200,Sell,223583544
2024-07-17 10:52:29,47850.0,300,Sell,223583545
2024-07-17 10:52:54,47900.0,1300,Buy,223584172
2024-07-17 10:52:54,47900.0,4000,Buy,223584171
2024-07-17 10:52:54,47900.0,1400,Buy,223584170
2024-07-17 10:52:54,47900.0,1000,Buy,223584169
2024-07-17 10:52:54,47900.0,300,Buy,223584168
2024-07-17 10:52:54,47900.0,1500,Buy,223584167
2024-07-17 10:52:54,47900.0,5000,Buy,223584166
2024-07-17 10:52:54,47900.0,1400,Buy,223584164
2024-07-17 10:52:54,47900.0,3500,Buy,223584163
2024-07-17 10:52:54,47900.0,1500,Buy,223584162
2024-07-17 10:52:54,47900.0,300,Buy,223584161
2024-07-17 10:52:54,47900.0,500,Buy,223584160
2024-07-17 10:52:54,47900.0,1500,Buy,223584159
2024-07-17 10:52:54,47900.0,1000,Buy,223584165
2024-07-17 10:52:54,47900.0,800,Buy,223584158
2024-07-17 10:53:23,47900.0,100,Buy,223584834
2024-07-17 10:53:23,47900.0,200,Buy,223584833
2024-07-17 10:53:23,47900.0,1500,Buy,223584835
2024-07-17 10:53:23,47900.0,1400,Buy,223584836
2024-07-17 10:53:27,47900.0,200,Sell,223584912
2024-07-17 10:53:44,47900.0,1500,Sell,223585286
2024-07-17 10:53:51,47900.0,100,Sell,223585491
2024-07-17 10:54:22,47850.0,100,Sell,223586192
2024-07-17 10:54:22,47850.0,200,Sell,223586193
2024-07-17 10:54:22,47850.0,900,Sell,223586191
2024-07-17 10:54:22,47900.0,300,Sell,223586186
2024-07-17 10:54:22,47850.0,200,Sell,223586189
2024-07-17 10:54:22,47850.0,500,Sell,223586188
2024-07-17 10:54:22,47900.0,800,Sell,223586187
2024-07-17 10:54:22,47850.0,1000,Sell,223586190
2024-07-17 10:54:27,47850.0,1400,Sell,223586262
2024-07-17 10:54:54,48000.0,500,Buy,223586978
2024-07-17 10:54:54,48000.0,1500,Buy,223586977
2024-07-17 10:54:54,48000.0,500,Buy,223586976
2024-07-17 10:54:54,48000.0,500,Buy,223586975
2024-07-17 10:54:54,48000.0,10000,Buy,223586974
2024-07-17 10:54:54,48000.0,1000,Buy,223586973
2024-07-17 10:54:54,47950.0,500,Buy,223586971
2024-07-17 10:54:54,47950.0,200,Buy,223586972
2024-07-17 10:54:54,47950.0,200,Buy,223586969
2024-07-17 10:54:54,47950.0,1000,Buy,223586968
2024-07-17 10:54:54,47950.0,1400,Buy,223586967
2024-07-17 10:54:54,47950.0,500,Buy,223586966
2024-07-17 10:54:54,47950.0,700,Buy,223586965
2024-07-17 10:54:54,47950.0,5000,Buy,223586964
2024-07-17 10:54:54,47950.0,200,Buy,223586963
2024-07-17 10:54:54,47950.0,300,Buy,223586970
2024-07-17 10:55:13,48000.0,100,Buy,223587660
2024-07-17 10:55:15,48000.0,1500,Buy,223587707
2024-07-17 10:55:15,48000.0,1800,Buy,223587710
2024-07-17 10:55:15,48000.0,1000,Buy,223587709
2024-07-17 10:55:15,48000.0,1000,Buy,223587708
2024-07-17 10:55:15,48000.0,1500,Buy,223587706
2024-07-17 10:55:15,48000.0,200,Buy,223587699
2024-07-17 10:55:15,48000.0,2000,Buy,223587704
2024-07-17 10:55:15,48000.0,16000,Buy,223587703
2024-07-17 10:55:15,48000.0,300,Buy,223587702
2024-07-17 10:55:15,48000.0,1000,Buy,223587701
2024-07-17 10:55:15,48000.0,800,Buy,223587700
2024-07-17 10:55:15,48000.0,100,Buy,223587705
2024-07-17 10:55:22,47900.0,100,Sell,223587899
2024-07-17 10:55:33,48000.0,200,Buy,223588248
2024-07-17 10:55:33,48000.0,900,Buy,223588249
2024-07-17 10:55:33,48000.0,100,Buy,223588250
2024-07-17 10:55:33,48000.0,100,Buy,223588251
2024-07-17 10:55:33,48000.0,1000,Buy,223588252
2024-07-17 10:55:33,48000.0,2000,Buy,223588253
2024-07-17 10:55:33,48000.0,4700,Buy,223588254
2024-07-17 10:55:39,48000.0,900,Buy,223588444
2024-07-17 10:55:42,48000.0,100,Buy,223588549
2024-07-17 10:55:42,48000.0,800,Buy,223588550
2024-07-17 10:55:42,48000.0,4100,Buy,223588548
2024-07-17 10:55:45,48000.0,200,Buy,223588596
2024-07-17 10:55:45,48000.0,200,Buy,223588597
2024-07-17 10:55:45,48000.0,100,Buy,223588598
2024-07-17 10:55:54,48000.0,1400,Buy,223588856
2024-07-17 10:55:54,48000.0,100,Buy,223588855
2024-07-17 10:55:54,48000.0,1500,Buy,223588854
2024-07-17 10:55:54,48000.0,500,Buy,223588853
2024-07-17 10:55:54,48000.0,100,Buy,223588852
2024-07-17 10:55:54,48000.0,1800,Buy,223588851
2024-07-17 10:55:54,48000.0,1100,Buy,223588850
2024-07-17 10:55:54,48000.0,500,Buy,223588847
2024-07-17 10:55:54,48000.0,1400,Buy,223588848
2024-07-17 10:55:54,48000.0,1000,Buy,223588846
2024-07-17 10:55:54,48000.0,100,Buy,223588845
2024-07-17 10:55:54,48000.0,10000,Buy,223588844
2024-07-17 10:55:54,48000.0,1000,Buy,223588843
2024-07-17 10:55:54,48000.0,900,Buy,223588842
2024-07-17 10:55:54,48000.0,1000,Buy,223588849
2024-07-17 10:55:59,48050.0,600,Buy,223589025
2024-07-17 10:55:59,48050.0,500,Buy,223589026
2024-07-17 10:55:59,48050.0,100,Buy,223589027
2024-07-17 10:55:59,48050.0,100,Buy,223589028
2024-07-17 10:55:59,48050.0,700,Buy,223589029
2024-07-17 10:56:19,48050.0,800,Buy,223589653
2024-07-17 10:56:19,48050.0,1200,Buy,223589654
2024-07-17 10:56:22,48050.0,1000,Buy,223589742
2024-07-17 10:56:25,48050.0,500,Buy,223589835
2024-07-17 10:56:25,48050.0,100,Buy,223589834
2024-07-17 10:56:25,48050.0,1000,Buy,223589833
2024-07-17 10:56:25,48050.0,1500,Buy,223589832
2024-07-17 10:56:25,48050.0,600,Buy,223589829
2024-07-17 10:56:25,48050.0,1500,Buy,223589831
2024-07-17 10:56:25,48050.0,1000,Buy,223589830
2024-07-17 10:56:25,48050.0,4800,Buy,223589828
2024-07-17 10:56:25,48050.0,1000,Buy,223589822
2024-07-17 10:56:25,48050.0,100,Buy,223589826
2024-07-17 10:56:25,48050.0,200,Buy,223589827
2024-07-17 10:56:25,48050.0,1300,Buy,223589818
2024-07-17 10:56:25,48050.0,400,Buy,223589819
2024-07-17 10:56:25,48050.0,200,Buy,223589820
2024-07-17 10:56:25,48050.0,500,Buy,223589821
2024-07-17 10:56:25,48050.0,200,Buy,223589823
2024-07-17 10:56:25,48050.0,100,Buy,223589824
2024-07-17 10:56:25,48050.0,1000,Buy,223589825
2024-07-17 10:56:32,48050.0,100,Sell,223590014
2024-07-17 10:56:35,48050.0,1500,Sell,223590091
2024-07-17 10:56:40,48050.0,100,Sell,223590297
2024-07-17 10:56:52,48050.0,1000,Sell,223590708
2024-07-17 10:57:08,48050.0,1000,Sell,223591280
2024-07-17 10:57:18,48050.0,1400,Sell,223591551
2024-07-17 10:57:36,48100.0,1300,Buy,223592185
2024-07-17 10:57:36,48100.0,500,Buy,223592186
2024-07-17 10:57:36,48100.0,200,Buy,223592187
2024-07-17 10:57:41,48050.0,600,Sell,223592589
2024-07-17 10:57:41,48050.0,8900,Sell,223592587
2024-07-17 10:57:41,48050.0,500,Sell,223592588
2024-07-17 10:57:44,48050.0,500,Sell,223592655
2024-07-17 10:57:55,48100.0,2000,Buy,223592967
2024-07-17 10:57:55,48100.0,2000,Buy,223592984
2024-07-17 10:58:11,48100.0,800,Buy,223593582
2024-07-17 10:58:18,48100.0,200,Buy,223594005
2024-07-17 10:58:18,48100.0,1500,Buy,223593998
2024-07-17 10:58:18,48100.0,500,Buy,223593999
2024-07-17 10:58:18,48100.0,1000,Buy,223594000
2024-07-17 10:58:18,48100.0,500,Buy,223594001
2024-07-17 10:58:18,48100.0,1000,Buy,223594002
2024-07-17 10:58:18,48100.0,600,Buy,223594003
2024-07-17 10:58:18,48100.0,4800,Buy,223594006
2024-07-17 10:58:18,48100.0,100,Buy,223594016
2024-07-17 10:58:18,48100.0,1000,Buy,223594009
2024-07-17 10:58:18,48100.0,900,Buy,223594010
2024-07-17 10:58:18,48100.0,200,Buy,223594011
2024-07-17 10:58:18,48100.0,500,Buy,223594012
2024-07-17 10:58:18,48100.0,300,Buy,223594013
2024-07-17 10:58:18,48100.0,1000,Buy,223594014
2024-07-17 10:58:18,48100.0,2000,Buy,223594015
2024-07-17 10:58:18,48100.0,300,Buy,223593997
2024-07-17 10:58:18,48100.0,1000,Buy,223594008
2024-07-17 10:58:18,48100.0,3000,Buy,223593996
2024-07-17 10:58:18,48100.0,200,Buy,223594007
2024-07-17 10:58:18,48100.0,200,Buy,223593994
2024-07-17 10:58:18,48100.0,500,Buy,223593995
2024-07-17 10:58:18,48100.0,5000,Buy,223593972
2024-07-17 10:58:18,48100.0,5000,Buy,223593973
2024-07-17 10:58:18,48100.0,200,Buy,223593974
2024-07-17 10:58:18,48100.0,100,Buy,223593975
2024-07-17 10:58:18,48100.0,500,Buy,223593976
2024-07-17 10:58:18,48100.0,400,Buy,223593977
2024-07-17 10:58:18,48100.0,100,Buy,223593978
2024-07-17 10:58:18,48100.0,100,Buy,223593979
2024-07-17 10:58:18,48100.0,1000,Buy,223593980
2024-07-17 10:58:18,48100.0,500,Buy,223594004
2024-07-17 10:58:18,48100.0,100,Buy,223593981
2024-07-17 10:58:18,48100.0,3600,Buy,223593992
2024-07-17 10:58:18,48100.0,100,Buy,223593991
2024-07-17 10:58:18,48100.0,200,Buy,223593990
2024-07-17 10:58:18,48100.0,100,Buy,223593993
2024-07-17 10:58:18,48100.0,500,Buy,223593984
2024-07-17 10:58:18,48100.0,100,Buy,223593983
2024-07-17 10:58:18,48100.0,100,Buy,223593982
2024-07-17 10:58:18,48100.0,1000,Buy,223593989
2024-07-17 10:58:19,48100.0,1900,Buy,223594046
2024-07-17 10:58:19,48100.0,800,Buy,223594048
2024-07-17 10:58:19,48100.0,2000,Buy,223594049
2024-07-17 10:58:19,48100.0,100,Buy,223594050
2024-07-17 10:58:19,48100.0,500,Buy,223594051
2024-07-17 10:58:19,48100.0,100,Buy,223594052
2024-07-17 10:58:19,48100.0,1000,Buy,223594053
2024-07-17 10:58:19,48100.0,1500,Buy,223594054
2024-07-17 10:58:19,48100.0,100,Buy,223594047
2024-07-17 10:58:29,48100.0,100,Sell,223594445
2024-07-17 10:58:30,48100.0,500,Sell,223594473
2024-07-17 10:58:39,48150.0,1200,Buy,223594760
2024-07-17 10:58:39,48150.0,5800,Buy,223594759
2024-07-17 10:58:39,48150.0,1000,Buy,223594768
2024-07-17 10:58:39,48150.0,1000,Buy,223594767
2024-07-17 10:58:39,48150.0,100,Buy,223594766
2024-07-17 10:58:39,48150.0,100,Buy,223594764
2024-07-17 10:58:39,48150.0,200,Buy,223594763
2024-07-17 10:58:39,48150.0,300,Buy,223594762
2024-07-17 10:58:39,48150.0,100,Buy,223594765
2024-07-17 10:58:39,48150.0,200,Buy,223594761
2024-07-17 10:58:40,48150.0,1200,Buy,223594805
2024-07-17 10:58:40,48150.0,2500,Buy,223594806
2024-07-17 10:58:40,48100.0,100,Sell,223594807
2024-07-17 10:58:41,48150.0,600,Buy,223594844
2024-07-17 10:58:41,48150.0,500,Buy,223594843
2024-07-17 10:58:41,48150.0,200,Buy,223594841
2024-07-17 10:58:41,48150.0,200,Buy,223594840
2024-07-17 10:58:41,48150.0,2500,Buy,223594839
2024-07-17 10:58:41,48150.0,1000,Buy,223594842
2024-07-17 10:58:42,48150.0,200,Buy,223594914
2024-07-17 10:58:42,48150.0,1000,Buy,223594913
2024-07-17 10:58:42,48150.0,1000,Buy,223594912
2024-07-17 10:58:42,48150.0,1000,Buy,223594911
2024-07-17 10:58:42,48150.0,500,Buy,223594910
2024-07-17 10:58:42,48150.0,1000,Buy,223594901
2024-07-17 10:58:42,48150.0,1000,Buy,223594900
2024-07-17 10:58:42,48150.0,500,Buy,223594899
2024-07-17 10:58:42,48150.0,2900,Buy,223594898
2024-07-17 10:58:42,48150.0,200,Buy,223594897
2024-07-17 10:58:42,48150.0,1000,Buy,223594896
2024-07-17 10:58:42,48150.0,1000,Buy,223594894
2024-07-17 10:58:42,48150.0,500,Buy,223594893
2024-07-17 10:58:42,48150.0,100,Buy,223594892
2024-07-17 10:58:42,48150.0,200,Buy,223594891
2024-07-17 10:58:42,48150.0,100,Buy,223594890
2024-07-17 10:58:42,48150.0,1000,Buy,223594889
2024-07-17 10:58:42,48150.0,4000,Buy,223594888
2024-07-17 10:58:42,48150.0,5000,Buy,223594887
2024-07-17 10:58:42,48150.0,4100,Buy,223594886
2024-07-17 10:58:42,48150.0,300,Buy,223594885
2024-07-17 10:58:42,48150.0,400,Buy,223594884
2024-07-17 10:58:42,48150.0,500,Buy,223594895
2024-07-17 10:58:47,48150.0,1400,Buy,223595060
2024-07-17 10:58:47,48150.0,100,Buy,223595059
2024-07-17 10:58:47,48150.0,100,Buy,223595054
2024-07-17 10:58:47,48150.0,100,Buy,223595055
2024-07-17 10:58:47,48150.0,200,Buy,223595052
2024-07-17 10:58:47,48150.0,200,Buy,223595051
2024-07-17 10:58:47,48150.0,2900,Buy,223595050
2024-07-17 10:58:47,48150.0,100,Buy,223595039
2024-07-17 10:58:47,48150.0,1000,Buy,223595053
2024-07-17 10:58:48,48200.0,100,Buy,223595112
2024-07-17 10:58:48,48200.0,100,Buy,223595111
2024-07-17 10:58:48,48200.0,100,Buy,223595110
2024-07-17 10:58:48,48200.0,100,Buy,223595109
2024-07-17 10:58:48,48200.0,100,Buy,223595108
2024-07-17 10:58:48,48200.0,100,Buy,223595107
2024-07-17 10:58:48,48200.0,1000,Buy,223595104
2024-07-17 10:58:48,48200.0,1000,Buy,223595105
2024-07-17 10:58:48,48200.0,100,Buy,223595103
2024-07-17 10:58:48,48200.0,800,Buy,223595102
2024-07-17 10:58:48,48200.0,100,Buy,223595101
2024-07-17 10:58:48,48200.0,300,Buy,223595100
2024-07-17 10:58:48,48200.0,1000,Buy,223595113
2024-07-17 10:58:48,48200.0,100,Buy,223595106
2024-07-17 10:58:48,48200.0,500,Buy,223595114
2024-07-17 10:58:48,48200.0,100,Buy,223595125
2024-07-17 10:58:48,48200.0,200,Buy,223595116
2024-07-17 10:58:48,48200.0,900,Buy,223595130
2024-07-17 10:58:48,48200.0,100,Buy,223595129
2024-07-17 10:58:48,48200.0,100,Buy,223595128
2024-07-17 10:58:48,48200.0,7000,Buy,223595127
2024-07-17 10:58:48,48200.0,100,Buy,223595126
2024-07-17 10:58:48,48200.0,100,Buy,223595099
2024-07-17 10:58:48,48200.0,300,Buy,223595115
2024-07-17 10:58:48,48200.0,1000,Buy,223595124
2024-07-17 10:58:48,48200.0,100,Buy,223595122
2024-07-17 10:58:48,48200.0,100,Buy,223595121
2024-07-17 10:58:48,48200.0,100,Buy,223595120
2024-07-17 10:58:48,48200.0,100,Buy,223595119
2024-07-17 10:58:48,48200.0,500,Buy,223595118
2024-07-17 10:58:48,48200.0,1000,Buy,223595117
2024-07-17 10:58:48,48200.0,100,Buy,223595123
2024-07-17 10:58:48,48200.0,1000,Buy,223595098
2024-07-17 10:58:48,48200.0,600,Buy,223595094
2024-07-17 10:58:48,48200.0,1000,Buy,223595096
2024-07-17 10:58:48,48200.0,400,Buy,223595077
2024-07-17 10:58:48,48200.0,1000,Buy,223595076
2024-07-17 10:58:48,48200.0,500,Buy,223595075
2024-07-17 10:58:48,48200.0,4000,Buy,223595097
2024-07-17 10:58:48,48200.0,1000,Buy,223595073
2024-07-17 10:58:48,48200.0,100,Buy,223595072
2024-07-17 10:58:48,48200.0,1000,Buy,223595078
2024-07-17 10:58:48,48200.0,100,Buy,223595071
2024-07-17 10:58:48,48200.0,1000,Buy,223595069
2024-07-17 10:58:48,48200.0,600,Buy,223595068
2024-07-17 10:58:48,48200.0,5000,Buy,223595067
2024-07-17 10:58:48,48200.0,1000,Buy,223595066
2024-07-17 10:58:48,48200.0,52200,Buy,223595065
2024-07-17 10:58:48,48200.0,600,Buy,223595064
2024-07-17 10:58:48,48200.0,1000,Buy,223595070
2024-07-17 10:58:48,48200.0,200,Buy,223595079
2024-07-17 10:58:48,48200.0,2000,Buy,223595074
2024-07-17 10:58:48,48200.0,1000,Buy,223595081
2024-07-17 10:58:48,48200.0,1000,Buy,223595095
2024-07-17 10:58:48,48200.0,500,Buy,223595080
2024-07-17 10:58:48,48200.0,100,Buy,223595093
2024-07-17 10:58:48,48200.0,3000,Buy,223595092
2024-07-17 10:58:48,48200.0,200,Buy,223595091
2024-07-17 10:58:48,48200.0,200,Buy,223595089
2024-07-17 10:58:48,48200.0,100,Buy,223595090
2024-07-17 10:58:48,48200.0,1000,Buy,223595087
2024-07-17 10:58:48,48200.0,100,Buy,223595086
2024-07-17 10:58:48,48200.0,100,Buy,223595085
2024-07-17 10:58:48,48200.0,200,Buy,223595084
2024-07-17 10:58:48,48200.0,500,Buy,223595083
2024-07-17 10:58:48,48200.0,200,Buy,223595082
2024-07-17 10:58:48,48200.0,100,Buy,223595088
2024-07-17 10:58:49,48200.0,500,Buy,223595177
2024-07-17 10:58:49,48200.0,500,Buy,223595174
2024-07-17 10:58:49,48200.0,3000,Buy,223595175
2024-07-17 10:58:49,48200.0,1200,Buy,223595176
2024-07-17 10:58:49,48200.0,200,Buy,223595178
2024-07-17 10:58:49,48200.0,500,Buy,223595173
2024-07-17 10:58:49,48200.0,4000,Buy,223595180
2024-07-17 10:58:49,48200.0,100,Buy,223595181
2024-07-17 10:58:49,48200.0,200,Buy,223595182
2024-07-17 10:58:49,48200.0,100,Buy,223595184
2024-07-17 10:58:49,48200.0,2400,Buy,223595185
2024-07-17 10:58:49,48200.0,1200,Buy,223595179
2024-07-17 10:58:49,48200.0,200,Buy,223595172
2024-07-17 10:58:49,48200.0,100,Buy,223595183
2024-07-17 10:58:49,48200.0,300,Buy,223595170
2024-07-17 10:58:49,48200.0,400,Buy,223595171
2024-07-17 10:58:49,48200.0,100,Buy,223595153
2024-07-17 10:58:49,48200.0,500,Buy,223595154
2024-07-17 10:58:49,48200.0,200,Buy,223595155
2024-07-17 10:58:49,48200.0,300,Buy,223595156
2024-07-17 10:58:49,48200.0,8000,Buy,223595158
2024-07-17 10:58:49,48200.0,500,Buy,223595157
2024-07-17 10:58:49,48200.0,100,Buy,223595160
2024-07-17 10:58:49,48200.0,100,Buy,223595161
2024-07-17 10:58:49,48200.0,2000,Buy,223595162
2024-07-17 10:58:49,48200.0,500,Buy,223595163
2024-07-17 10:58:49,48200.0,200,Buy,223595164
2024-07-17 10:58:49,48200.0,1000,Buy,223595165
2024-07-17 10:58:49,48200.0,100,Buy,223595159
2024-07-17 10:58:53,48200.0,1100,Buy,223595369
2024-07-17 10:58:53,48200.0,400,Buy,223595372
2024-07-17 10:58:53,48200.0,500,Buy,223595371
2024-07-17 10:58:53,48200.0,300,Buy,223595368
2024-07-17 10:58:53,48200.0,600,Buy,223595370
2024-07-17 10:58:53,48200.0,1000,Buy,223595366
2024-07-17 10:58:53,48200.0,500,Buy,223595367
2024-07-17 10:58:53,48200.0,1000,Buy,223595364
2024-07-17 10:58:53,48200.0,1900,Buy,223595363
2024-07-17 10:58:53,48200.0,200,Buy,223595365
2024-07-17 10:58:54,48200.0,1500,Buy,223595415
2024-07-17 10:58:54,48200.0,1000,Buy,223595400
2024-07-17 10:58:54,48200.0,2000,Buy,223595401
2024-07-17 10:58:54,48200.0,1000,Buy,223595402
2024-07-17 10:58:54,48200.0,300,Buy,223595403
2024-07-17 10:58:54,48200.0,1000,Buy,223595404
2024-07-17 10:58:54,48200.0,200,Buy,223595405
2024-07-17 10:58:54,48200.0,800,Buy,223595406
2024-07-17 10:58:54,48200.0,3000,Buy,223595407
2024-07-17 10:58:54,48200.0,500,Buy,223595399
2024-07-17 10:58:54,48200.0,100,Buy,223595409
2024-07-17 10:58:54,48200.0,10000,Buy,223595410
2024-07-17 10:58:54,48200.0,1000,Buy,223595411
2024-07-17 10:58:54,48200.0,800,Buy,223595412
2024-07-17 10:58:54,48200.0,1400,Buy,223595413
2024-07-17 10:58:54,48200.0,1400,Buy,223595414
2024-07-17 10:58:54,48200.0,2000,Buy,223595408
2024-07-17 10:58:54,48200.0,100,Buy,223595398
2024-07-17 10:58:54,48200.0,1200,Buy,223595386
2024-07-17 10:58:54,48200.0,13000,Buy,223595396
2024-07-17 10:58:54,48200.0,600,Buy,223595378
2024-07-17 10:58:54,48200.0,600,Buy,223595379
2024-07-17 10:58:54,48200.0,100,Buy,223595380
2024-07-17 10:58:54,48200.0,100,Buy,223595381
2024-07-17 10:58:54,48200.0,100,Buy,223595382
2024-07-17 10:58:54,48200.0,2000,Buy,223595383
2024-07-17 10:58:54,48200.0,100,Buy,223595385
2024-07-17 10:58:54,48200.0,200,Buy,223595397
2024-07-17 10:58:54,48200.0,500,Buy,223595387
2024-07-17 10:58:54,48200.0,500,Buy,223595389
2024-07-17 10:58:54,48200.0,2000,Buy,223595390
2024-07-17 10:58:54,48200.0,200,Buy,223595391
2024-07-17 10:58:54,48200.0,100,Buy,223595392
2024-07-17 10:58:54,48200.0,400,Buy,223595393
2024-07-17 10:58:54,48200.0,100,Buy,223595394
2024-07-17 10:58:54,48200.0,100,Buy,223595395
2024-07-17 10:58:54,48200.0,100,Buy,223595388
2024-07-17 10:58:56,48250.0,700,Buy,223595458
2024-07-17 10:58:56,48250.0,500,Buy,223595457
2024-07-17 10:58:56,48250.0,2000,Buy,223595454
2024-07-17 10:58:56,48250.0,500,Buy,223595455
2024-07-17 10:58:56,48250.0,100,Buy,223595453
2024-07-17 10:58:56,48250.0,100,Buy,223595456
2024-07-17 10:59:01,48250.0,300,Buy,223595676
2024-07-17 10:59:01,48250.0,500,Buy,223595677
2024-07-17 10:59:01,48250.0,600,Buy,223595678
2024-07-17 10:59:01,48250.0,100,Buy,223595679
2024-07-17 10:59:01,48250.0,100,Buy,223595680
2024-07-17 10:59:01,48250.0,400,Buy,223595681
2024-07-17 10:59:02,48250.0,1400,Buy,223595707
2024-07-17 10:59:02,48250.0,300,Buy,223595706
2024-07-17 10:59:02,48250.0,500,Buy,223595705
2024-07-17 10:59:02,48250.0,500,Buy,223595704
2024-07-17 10:59:02,48250.0,100,Buy,223595701
2024-07-17 10:59:02,48250.0,100,Buy,223595702
2024-07-17 10:59:02,48250.0,100,Buy,223595700
2024-07-17 10:59:02,48250.0,100,Buy,223595699
2024-07-17 10:59:02,48250.0,600,Buy,223595696
2024-07-17 10:59:02,48250.0,500,Buy,223595703
2024-07-17 10:59:09,48300.0,200,Buy,223595911
2024-07-17 10:59:09,48300.0,300,Buy,223595915
2024-07-17 10:59:09,48300.0,1000,Buy,223595913
2024-07-17 10:59:09,48300.0,400,Buy,223595912
2024-07-17 10:59:09,48300.0,100,Buy,223595910
2024-07-17 10:59:09,48300.0,1000,Buy,223595914
2024-07-17 10:59:09,48300.0,500,Buy,223595908
2024-07-17 10:59:09,48300.0,100,Buy,223595903
2024-07-17 10:59:09,48300.0,100,Buy,223595904
2024-07-17 10:59:09,48300.0,100,Buy,223595909
2024-07-17 10:59:09,48300.0,500,Buy,223595906
2024-07-17 10:59:09,48300.0,300,Buy,223595907
2024-07-17 10:59:09,48300.0,400,Buy,223595905
2024-07-17 10:59:10,48300.0,100,Buy,223595922
2024-07-17 10:59:10,48300.0,200,Buy,223595923
2024-07-17 10:59:10,48300.0,2000,Buy,223595925
2024-07-17 10:59:10,48300.0,100,Buy,223595926
2024-07-17 10:59:10,48300.0,100,Buy,223595927
2024-07-17 10:59:10,48300.0,500,Buy,223595928
2024-07-17 10:59:10,48300.0,1000,Buy,223595929
2024-07-17 10:59:10,48300.0,9000,Buy,223595930
2024-07-17 10:59:10,48300.0,2000,Buy,223595924
2024-07-17 10:59:11,48300.0,100,Buy,223595978
2024-07-17 10:59:23,48250.0,1500,Sell,223596315
2024-07-17 10:59:24,48250.0,2000,Sell,223596342
2024-07-17 10:59:26,48250.0,1400,Sell,223596437
2024-07-17 10:59:29,48300.0,400,Buy,223596580
2024-07-17 10:59:29,48300.0,100,Buy,223596579
2024-07-17 10:59:29,48300.0,1000,Buy,223596578
2024-07-17 10:59:29,48300.0,100,Buy,223596562
2024-07-17 10:59:29,48300.0,100,Buy,223596575
2024-07-17 10:59:29,48300.0,1000,Buy,223596574
2024-07-17 10:59:29,48300.0,2000,Buy,223596573
2024-07-17 10:59:29,48300.0,200,Buy,223596572
2024-07-17 10:59:29,48300.0,400,Buy,223596571
2024-07-17 10:59:29,48300.0,1000,Buy,223596570
2024-07-17 10:59:29,48300.0,100,Buy,223596566
2024-07-17 10:59:29,48300.0,1000,Buy,223596565
2024-07-17 10:59:29,48300.0,100,Buy,223596564
2024-07-17 10:59:29,48300.0,100,Buy,223596563
2024-07-17 10:59:29,48300.0,800,Buy,223596561
2024-07-17 10:59:29,48300.0,200,Buy,223596577
2024-07-17 10:59:29,48300.0,1000,Buy,223596559
2024-07-17 10:59:29,48300.0,500,Buy,223596560
2024-07-17 10:59:29,48300.0,900,Buy,223596542
2024-07-17 10:59:29,48300.0,3000,Buy,223596545
2024-07-17 10:59:29,48300.0,1000,Buy,223596546
2024-07-17 10:59:29,48300.0,1000,Buy,223596547
2024-07-17 10:59:29,48300.0,100,Buy,223596548
2024-07-17 10:59:29,48300.0,500,Buy,223596549
2024-07-17 10:59:29,48300.0,100,Buy,223596550
2024-07-17 10:59:29,48300.0,500,Buy,223596576
2024-07-17 10:59:29,48300.0,100,Buy,223596552
2024-07-17 10:59:29,48300.0,500,Buy,223596553
2024-07-17 10:59:29,48300.0,500,Buy,223596551
2024-07-17 10:59:29,48300.0,500,Buy,223596554
2024-07-17 10:59:29,48300.0,500,Buy,223596555
2024-07-17 10:59:29,48300.0,500,Buy,223596556
2024-07-17 10:59:29,48300.0,100,Buy,223596557
2024-07-17 10:59:29,48300.0,100,Buy,223596558
2024-07-17 10:59:32,48300.0,500,Buy,223596715
2024-07-17 10:59:32,48300.0,500,Buy,223596714
2024-07-17 10:59:32,48300.0,200,Buy,223596713
2024-07-17 10:59:32,48300.0,1000,Buy,223596710
2024-07-17 10:59:32,48300.0,100,Buy,223596711
2024-07-17 10:59:32,48300.0,2000,Buy,223596709
2024-07-17 10:59:32,48300.0,100,Buy,223596708
2024-07-17 10:59:32,48300.0,100,Buy,223596712
2024-07-17 10:59:35,48250.0,800,Sell,223596845
2024-07-17 10:59:37,48300.0,1200,Buy,223596955
2024-07-17 10:59:37,48300.0,500,Buy,223596950
2024-07-17 10:59:37,48300.0,100,Buy,223596954
2024-07-17 10:59:37,48300.0,100,Buy,223596948
2024-07-17 10:59:37,48300.0,100,Buy,223596949
2024-07-17 10:59:37,48300.0,200,Buy,223596946
2024-07-17 10:59:37,48300.0,100,Buy,223596947
2024-07-17 10:59:38,48300.0,2000,Buy,223596998
2024-07-17 10:59:39,48300.0,6900,Buy,223597036
2024-07-17 10:59:39,48300.0,1000,Buy,223597042
2024-07-17 10:59:41,48300.0,2800,Buy,223597076
2024-07-17 10:59:41,48300.0,500,Buy,223597077
2024-07-17 10:59:41,48300.0,100,Buy,223597078
2024-07-17 10:59:41,48300.0,1700,Buy,223597079
2024-07-17 10:59:41,48300.0,1000,Buy,223597081
2024-07-17 10:59:42,48300.0,1400,Buy,223597136
2024-07-17 10:59:42,48300.0,900,Buy,223597137
2024-07-17 10:59:42,48300.0,100,Buy,223597138
2024-07-17 10:59:42,48300.0,1000,Buy,223597139
2024-07-17 10:59:42,48300.0,100,Buy,223597140
2024-07-17 10:59:42,48300.0,100,Buy,223597144
2024-07-17 10:59:42,48300.0,200,Buy,223597142
2024-07-17 10:59:42,48300.0,100,Buy,223597143
2024-07-17 10:59:42,48300.0,1000,Sell,223597168
2024-07-17 10:59:42,48300.0,100,Buy,223597135
2024-07-17 10:59:42,48300.0,100,Buy,223597141
2024-07-17 10:59:42,48300.0,100,Buy,223597134
2024-07-17 10:59:42,48300.0,100,Buy,223597131
2024-07-17 10:59:42,48300.0,100,Buy,223597132
2024-07-17 10:59:42,48300.0,1500,Buy,223597133
2024-07-17 10:59:42,48300.0,1000,Buy,223597130
2024-07-17 10:59:42,48300.0,5000,Buy,223597129
2024-07-17 10:59:42,48300.0,100,Buy,223597128
2024-07-17 10:59:42,48300.0,200,Buy,223597127
2024-07-17 10:59:42,48300.0,1000,Buy,223597126
2024-07-17 10:59:42,48300.0,4000,Buy,223597125
2024-07-17 10:59:42,48300.0,200,Buy,223597124
2024-07-17 10:59:42,48300.0,3700,Buy,223597123
2024-07-17 10:59:42,48300.0,100,Buy,223597122
2024-07-17 10:59:42,48300.0,300,Buy,223597121
2024-07-17 10:59:42,48300.0,1300,Buy,223597120
2024-07-17 10:59:46,48350.0,600,Buy,223597282
2024-07-17 10:59:47,48400.0,500,Buy,223597330
2024-07-17 10:59:47,48400.0,500,Buy,223597331
2024-07-17 10:59:47,48400.0,500,Buy,223597332
2024-07-17 10:59:47,48400.0,100,Buy,223597333
2024-07-17 10:59:47,48400.0,200,Buy,223597334
2024-07-17 10:59:47,48400.0,500,Buy,223597335
2024-07-17 10:59:47,48400.0,500,Buy,223597329
2024-07-17 10:59:47,48400.0,200,Buy,223597336
2024-07-17 10:59:47,48400.0,6600,Buy,223597337
2024-07-17 10:59:47,48400.0,2000,Buy,223597338
2024-07-17 10:59:47,48400.0,500,Buy,223597339
2024-07-17 10:59:47,48400.0,1000,Buy,223597340
2024-07-17 10:59:47,48400.0,100,Buy,223597347
2024-07-17 10:59:47,48400.0,300,Buy,223597342
2024-07-17 10:59:47,48400.0,300,Buy,223597343
2024-07-17 10:59:47,48400.0,100,Buy,223597344
2024-07-17 10:59:47,48400.0,100,Buy,223597345
2024-07-17 10:59:47,48400.0,400,Buy,223597346
2024-07-17 10:59:47,48400.0,2000,Buy,223597348
2024-07-17 10:59:47,48400.0,500,Buy,223597349
2024-07-17 10:59:47,48400.0,1400,Buy,223597350
2024-07-17 10:59:47,48400.0,500,Buy,223597351
2024-07-17 10:59:47,48400.0,1800,Buy,223597352
2024-07-17 10:59:47,48400.0,100,Sell,223597376
2024-07-17 10:59:47,48400.0,2000,Buy,223597328
2024-07-17 10:59:47,48400.0,100,Buy,223597341
2024-07-17 10:59:47,48400.0,500,Buy,223597327
2024-07-17 10:59:47,48400.0,1500,Buy,223597353
2024-07-17 10:59:47,48400.0,1000,Buy,223597325
2024-07-17 10:59:47,48400.0,200,Buy,223597326
2024-07-17 10:59:47,48350.0,9400,Buy,223597300
2024-07-17 10:59:47,48300.0,300,Sell,223597299
2024-07-17 10:59:47,48350.0,500,Buy,223597301
2024-07-17 10:59:47,48350.0,1000,Buy,223597302
2024-07-17 10:59:47,48350.0,500,Buy,223597303
2024-07-17 10:59:47,48350.0,1000,Buy,223597304
2024-07-17 10:59:47,48350.0,500,Buy,223597305
2024-07-17 10:59:47,48350.0,100,Buy,223597306
2024-07-17 10:59:47,48350.0,100,Buy,223597307
2024-07-17 10:59:47,48350.0,500,Buy,223597309
2024-07-17 10:59:47,48350.0,600,Buy,223597310
2024-07-17 10:59:47,48350.0,100,Buy,223597311
2024-07-17 10:59:47,48350.0,500,Buy,223597308
2024-07-17 10:59:47,48350.0,600,Buy,223597313
2024-07-17 10:59:47,48400.0,100,Buy,223597324
2024-07-17 10:59:47,48400.0,100,Buy,223597323
2024-07-17 10:59:47,48400.0,500,Buy,223597322
2024-07-17 10:59:47,48350.0,200,Buy,223597312
2024-07-17 10:59:47,48350.0,1500,Buy,223597320
2024-07-17 10:59:47,48350.0,100,Buy,223597319
2024-07-17 10:59:47,48400.0,100,Buy,223597321
2024-07-17 10:59:47,48350.0,200,Buy,223597317
2024-07-17 10:59:47,48350.0,100,Buy,223597316
2024-07-17 10:59:47,48350.0,200,Buy,223597315
2024-07-17 10:59:47,48350.0,1400,Buy,223597314
2024-07-17 10:59:47,48350.0,100,Buy,223597318
2024-07-17 10:59:55,48400.0,1000,Sell,223597574
2024-07-17 10:59:56,48450.0,400,Buy,223597645
2024-07-17 10:59:57,48400.0,800,Sell,223597676
2024-07-17 10:59:58,48450.0,500,Buy,223597794
2024-07-17 10:59:58,48450.0,100,Buy,223597796
2024-07-17 10:59:58,48450.0,1400,Buy,223597795
2024-07-17 10:59:58,48450.0,500,Buy,223597793
2024-07-17 10:59:58,48450.0,100,Buy,223597751
2024-07-17 10:59:58,48450.0,100,Buy,223597791
2024-07-17 10:59:58,48450.0,300,Buy,223597769
2024-07-17 10:59:58,48450.0,100,Buy,223597768
2024-07-17 10:59:58,48450.0,100,Buy,223597750
2024-07-17 10:59:58,48450.0,500,Buy,223597792
2024-07-17 11:00:00,48500.0,100,Buy,223597866
2024-07-17 11:00:00,48500.0,300,Buy,223597867
2024-07-17 11:00:02,48500.0,200,Buy,223597940
2024-07-17 11:00:02,48500.0,700,Buy,223597941
2024-07-17 11:00:02,48500.0,300,Buy,223597942
2024-07-17 11:00:02,48500.0,500,Buy,223597943
2024-07-17 11:00:02,48500.0,100,Buy,223597944
2024-07-17 11:00:02,48500.0,700,Buy,223597945
2024-07-17 11:00:06,48500.0,400,Buy,223598020
2024-07-17 11:00:06,48500.0,2000,Buy,223598018
2024-07-17 11:00:06,48500.0,300,Buy,223598017
2024-07-17 11:00:06,48500.0,100,Buy,223598014
2024-07-17 11:00:06,48500.0,100,Buy,223598015
2024-07-17 11:00:06,48500.0,400,Buy,223598013
2024-07-17 11:00:06,48500.0,100,Buy,223598016
2024-07-17 11:00:07,48500.0,200,Buy,223598077
2024-07-17 11:00:07,48500.0,200,Buy,223598076
2024-07-17 11:00:07,48500.0,100,Buy,223598075
2024-07-17 11:00:07,48500.0,100,Buy,223598074
2024-07-17 11:00:07,48500.0,500,Buy,223598073
2024-07-17 11:00:07,48500.0,600,Buy,223598070
2024-07-17 11:00:07,48500.0,100,Buy,223598071
2024-07-17 11:00:07,48500.0,100,Buy,223598069
2024-07-17 11:00:07,48500.0,300,Buy,223598072
2024-07-17 11:00:07,48500.0,100,Buy,223598067
2024-07-17 11:00:07,48500.0,200,Buy,223598066
2024-07-17 11:00:07,48500.0,500,Buy,223598065
2024-07-17 11:00:07,48500.0,100,Buy,223598064
2024-07-17 11:00:07,48500.0,100,Buy,223598063
2024-07-17 11:00:07,48500.0,100,Buy,223598062
2024-07-17 11:00:07,48500.0,100,Buy,223598061
2024-07-17 11:00:07,48500.0,300,Buy,223598060
2024-07-17 11:00:07,48500.0,600,Buy,223598059
2024-07-17 11:00:07,48500.0,100,Buy,223598068
2024-07-17 11:00:08,48500.0,300,Buy,223598125
2024-07-17 11:00:08,48500.0,1700,Buy,223598094
2024-07-17 11:00:08,48500.0,200,Buy,223598093
2024-07-17 11:00:08,48500.0,200,Buy,223598090
2024-07-17 11:00:08,48500.0,100,Buy,223598091
2024-07-17 11:00:08,48500.0,100,Buy,223598089
2024-07-17 11:00:08,48500.0,800,Buy,223598088
2024-07-17 11:00:08,48500.0,100,Buy,223598092
2024-07-17 11:00:09,48500.0,100,Buy,223598136
2024-07-17 11:00:09,48500.0,1100,Buy,223598139
2024-07-17 11:00:09,48500.0,500,Buy,223598138
2024-07-17 11:00:09,48500.0,400,Buy,223598137
2024-07-17 11:00:09,48500.0,1000,Buy,223598135
2024-07-17 11:00:09,48500.0,200,Buy,223598129
2024-07-17 11:00:09,48500.0,100,Buy,223598133
2024-07-17 11:00:09,48500.0,200,Buy,223598132
2024-07-17 11:00:09,48500.0,200,Buy,223598131
2024-07-17 11:00:09,48500.0,100,Buy,223598130
2024-07-17 11:00:09,48500.0,500,Buy,223598128
2024-07-17 11:00:09,48500.0,300,Buy,223598134
2024-07-17 11:00:13,48500.0,1000,Buy,223598249
2024-07-17 11:00:18,48450.0,500,Sell,223598414
2024-07-17 11:00:18,48450.0,1000,Sell,223598449
2024-07-17 11:00:20,48500.0,100,Buy,223598494
2024-07-17 11:00:21,48500.0,500,Buy,223598509
2024-07-17 11:00:22,48450.0,400,Sell,223598562
2024-07-17 11:00:23,48500.0,7900,Buy,223598574
2024-07-17 11:00:23,48500.0,1000,Buy,223598573
2024-07-17 11:00:23,48500.0,100,Buy,223598571
2024-07-17 11:00:23,48500.0,2800,Buy,223598570
2024-07-17 11:00:23,48500.0,200,Buy,223598572
2024-07-17 11:00:24,48450.0,100,Sell,223598640
2024-07-17 11:00:24,48450.0,300,Sell,223598641
2024-07-17 11:00:24,48500.0,100,Buy,223598648
2024-07-17 11:00:24,48500.0,900,Buy,223598649
2024-07-17 11:00:27,48500.0,2000,Buy,223598741
2024-07-17 11:00:28,48500.0,13100,Buy,223598758
2024-07-17 11:00:30,48500.0,1400,Buy,223598826
2024-07-17 11:00:30,48500.0,200,Buy,223598824
2024-07-17 11:00:30,48500.0,200,Buy,223598814
2024-07-17 11:00:30,48500.0,100,Buy,223598813
2024-07-17 11:00:30,48500.0,900,Buy,223598825
2024-07-17 11:00:30,48500.0,100,Buy,223598811
2024-07-17 11:00:30,48500.0,100,Buy,223598810
2024-07-17 11:00:30,48500.0,1000,Buy,223598809
2024-07-17 11:00:30,48500.0,300,Buy,223598808
2024-07-17 11:00:30,48500.0,17000,Buy,223598807
2024-07-17 11:00:30,48500.0,100,Buy,223598812
2024-07-17 11:00:31,48500.0,10000,Buy,223598892
2024-07-17 11:00:33,48500.0,700,Buy,223598937
2024-07-17 11:00:33,48500.0,100,Buy,223598936
2024-07-17 11:00:33,48500.0,100,Buy,223598935
2024-07-17 11:00:33,48500.0,100,Buy,223598933
2024-07-17 11:00:33,48500.0,4900,Buy,223598932
2024-07-17 11:00:33,48500.0,2800,Buy,223598912
2024-07-17 11:00:33,48500.0,100,Buy,223598934
2024-07-17 11:00:35,48500.0,100,Buy,223598974
2024-07-17 11:00:35,48500.0,1000,Buy,223598975
2024-07-17 11:00:35,48500.0,100,Buy,223598976
2024-07-17 11:00:39,48500.0,200,Buy,223599267
2024-07-17 11:00:39,48500.0,900,Buy,223599269
2024-07-17 11:00:39,48500.0,100,Buy,223599268
2024-07-17 11:00:39,48500.0,100,Buy,223599266
2024-07-17 11:00:39,48500.0,500,Buy,223599263
2024-07-17 11:00:39,48500.0,1000,Buy,223599264
2024-07-17 11:00:39,48500.0,100,Buy,223599261
2024-07-17 11:00:39,48500.0,1000,Buy,223599265
2024-07-17 11:00:39,48500.0,5900,Buy,223599260
2024-07-17 11:00:39,48500.0,200,Buy,223599262
2024-07-17 11:00:40,48500.0,900,Buy,223599289
2024-07-17 11:00:40,48500.0,100,Buy,223599288
2024-07-17 11:00:41,48500.0,5000,Buy,223599307
2024-07-17 11:00:41,48500.0,2000,Buy,223599314
2024-07-17 11:00:42,48450.0,200,Sell,223599355
2024-07-17 11:00:42,48450.0,200,Sell,223599356
2024-07-17 11:00:44,48500.0,200,Buy,223599439
2024-07-17 11:00:47,48500.0,1000,Buy,223599527
2024-07-17 11:00:50,48500.0,200,Buy,223599601
2024-07-17 11:00:50,48500.0,100,Buy,223599600
2024-07-17 11:00:50,48500.0,300,Buy,223599602
2024-07-17 11:00:50,48500.0,1800,Buy,223599598
2024-07-17 11:00:50,48500.0,600,Buy,223599597
2024-07-17 11:00:50,48500.0,300,Buy,223599579
2024-07-17 11:00:50,48500.0,100,Buy,223599599
2024-07-17 11:00:52,48500.0,200,Buy,223599665
2024-07-17 11:00:52,48500.0,2200,Buy,223599666
2024-07-17 11:00:52,48500.0,100,Buy,223599667
2024-07-17 11:00:52,48500.0,1000,Buy,223599668
2024-07-17 11:00:52,48500.0,100,Buy,223599669
2024-07-17 11:00:52,48500.0,100,Buy,223599670
2024-07-17 11:00:54,48500.0,1000,Buy,223599724
2024-07-17 11:00:55,48500.0,200,Buy,223599787
2024-07-17 11:00:57,48500.0,100,Buy,223599830
2024-07-17 11:00:57,48500.0,500,Buy,223599823
2024-07-17 11:00:57,48500.0,300,Buy,223599822
2024-07-17 11:00:57,48500.0,500,Buy,223599821
2024-07-17 11:00:57,48500.0,1000,Buy,223599818
2024-07-17 11:00:57,48500.0,1300,Buy,223599819
2024-07-17 11:00:57,48500.0,100,Buy,223599820
2024-07-17 11:00:57,48500.0,700,Buy,223599815
2024-07-17 11:00:57,48500.0,100,Buy,223599817
2024-07-17 11:00:57,48500.0,500,Buy,223599816
2024-07-17 11:00:58,48500.0,400,Buy,223599848
2024-07-17 11:00:58,48500.0,200,Buy,223599849
2024-07-17 11:00:58,48500.0,1000,Buy,223599850
2024-07-17 11:00:58,48500.0,100,Buy,223599854
2024-07-17 11:00:58,48500.0,400,Buy,223599855
2024-07-17 11:00:59,48500.0,3700,Buy,223599893
2024-07-17 11:00:59,48500.0,500,Buy,223599891
2024-07-17 11:00:59,48500.0,100,Buy,223599892
2024-07-17 11:00:59,48500.0,600,Buy,223599889
2024-07-17 11:00:59,48450.0,100,Sell,223599882
2024-07-17 11:00:59,48500.0,100,Buy,223599890
2024-07-17 11:01:00,48500.0,200,Buy,223599908
2024-07-17 11:01:03,48500.0,100,Buy,223599986
2024-07-17 11:01:06,48500.0,1200,Buy,223600073
2024-07-17 11:01:06,48500.0,1000,Buy,223600074
2024-07-17 11:01:07,48500.0,100,Buy,223600119
2024-07-17 11:01:09,48500.0,4000,Buy,223600181
2024-07-17 11:01:17,48500.0,1000,Buy,223600416
2024-07-17 11:01:17,48500.0,100,Buy,223600415
2024-07-17 11:01:17,48500.0,800,Buy,223600408
2024-07-17 11:01:17,48500.0,900,Buy,223600406
2024-07-17 11:01:17,48500.0,300,Buy,223600407
2024-07-17 11:01:20,48500.0,500,Buy,223600493
2024-07-17 11:01:21,48500.0,600,Buy,223600507
2024-07-17 11:01:21,48500.0,2100,Buy,223600508
2024-07-17 11:01:24,48500.0,2900,Buy,223600594
2024-07-17 11:01:24,48500.0,2000,Buy,223600595
2024-07-17 11:01:24,48500.0,100,Buy,223600596
2024-07-17 11:01:25,48500.0,300,Buy,223600621
2024-07-17 11:01:26,48450.0,100,Sell,223600651
2024-07-17 11:01:26,48450.0,10800,Sell,223600652
2024-07-17 11:01:26,48450.0,4200,Sell,223600653
2024-07-17 11:01:27,48500.0,500,Buy,223600708
2024-07-17 11:01:27,48500.0,300,Buy,223600707
2024-07-17 11:01:27,48500.0,300,Buy,223600704
2024-07-17 11:01:27,48500.0,1000,Buy,223600703
2024-07-17 11:01:27,48500.0,2000,Buy,223600705
2024-07-17 11:01:27,48500.0,1400,Buy,223600706
2024-07-17 11:01:30,48500.0,800,Buy,223601115
2024-07-17 11:01:39,48450.0,800,Sell,223601354
2024-07-17 11:01:39,48450.0,1200,Sell,223601355
2024-07-17 11:01:40,48500.0,400,Buy,223601363
2024-07-17 11:01:40,48500.0,500,Buy,223601364
