time,price,volume,match_type,id
2024-07-26 09:06:33,64900.0,100,Buy,226561270
2024-07-26 09:13:53,64900.0,800,Sell,226562159
2024-07-26 09:14:07,65000.0,500,Buy,226562195
2024-07-26 09:14:35,65000.0,500,ATO/ATC,226562263
2024-07-26 09:14:59,65000.0,100,Buy,226562602
2024-07-26 09:15:25,65000.0,100,Buy,226562951
2024-07-26 09:15:41,65000.0,300,Sell,226563208
2024-07-26 09:17:06,65100.0,100,Sell,226564543
2024-07-26 09:18:54,65100.0,100,Sell,226566443
2024-07-26 09:23:24,65200.0,100,Sell,226571268
2024-07-26 09:23:43,65200.0,100,Sell,226571596
2024-07-26 09:24:03,65400.0,600,Sell,226571973
2024-07-26 09:24:52,65500.0,100,ATO/ATC,226572892
2024-07-26 09:25:52,65600.0,100,Buy,226574016
2024-07-26 09:28:15,65600.0,100,Sell,226576600
2024-07-26 09:29:41,65600.0,400,Sell,226578181
2024-07-26 09:30:25,65600.0,200,Buy,226579073
2024-07-26 09:30:51,65500.0,500,ATO/ATC,226579590
2024-07-26 09:31:44,65400.0,100,ATO/ATC,226580791
2024-07-26 09:32:37,65300.0,100,Sell,226581989
2024-07-26 09:33:19,65300.0,100,ATO/ATC,226582845
2024-07-26 09:34:13,65300.0,100,Buy,226583818
2024-07-26 09:36:51,65300.0,200,Sell,226586613
2024-07-26 09:38:02,65300.0,700,Sell,226587830
2024-07-26 09:38:48,65300.0,100,Sell,226588542
2024-07-26 09:39:31,65300.0,100,Buy,226589150
2024-07-26 09:40:01,65300.0,700,Sell,226589612
2024-07-26 09:40:25,65300.0,100,Sell,226590006
2024-07-26 09:41:01,65200.0,200,Sell,226590618
2024-07-26 09:41:17,65200.0,100,ATO/ATC,226590918
2024-07-26 09:44:12,65100.0,100,Sell,226593527
2024-07-26 09:45:14,65000.0,100,Sell,226594526
2024-07-26 09:45:39,65000.0,300,Sell,226594894
2024-07-26 09:46:02,65000.0,300,Buy,226595229
2024-07-26 09:46:57,65000.0,100,ATO/ATC,226595988
2024-07-26 09:49:24,64900.0,200,Sell,226598499
2024-07-26 09:50:39,65000.0,100,Buy,226599894
2024-07-26 09:52:54,64900.0,100,Sell,226602269
2024-07-26 09:53:43,64900.0,100,Sell,226603386
2024-07-26 10:09:44,64900.0,600,Sell,226619505
2024-07-26 10:09:54,64900.0,300,Sell,226619634
2024-07-26 10:09:59,64900.0,200,Buy,226619719
2024-07-26 10:10:40,64900.0,600,Sell,226620415
2024-07-26 10:11:29,64900.0,600,Sell,226621015
2024-07-26 10:12:09,64900.0,600,Sell,226621829
2024-07-26 10:12:41,64900.0,100,Sell,226622335
2024-07-26 10:26:00,65000.0,3000,Buy,226634713
2024-07-26 10:37:18,65000.0,200,ATO/ATC,226644527
2024-07-26 10:40:11,65000.0,100,ATO/ATC,226646741
2024-07-26 10:48:36,64900.0,200,Sell,226654126
2024-07-26 10:51:45,64900.0,500,Sell,226657215
2024-07-26 10:52:19,64900.0,200,Sell,226657807
2024-07-26 10:52:27,64900.0,100,Sell,226657980
2024-07-26 10:52:49,64900.0,100,Sell,226658246
2024-07-26 10:53:54,64900.0,400,ATO/ATC,226659115
2024-07-26 10:54:14,64700.0,200,Sell,226659410
2024-07-26 10:54:59,64700.0,100,Sell,226659990
2024-07-26 11:00:36,64700.0,100,Sell,226664241
2024-07-26 11:03:48,64700.0,400,Sell,226667043
2024-07-26 11:13:49,64600.0,300,Sell,226676460
2024-07-26 11:14:51,64600.0,1000,Sell,226677239
2024-07-26 11:16:21,64400.0,100,Sell,226678180
2024-07-26 11:19:33,64400.0,100,Buy,226680367
2024-07-26 13:00:01,64000.0,1500,Buy,226689939
2024-07-26 13:00:04,64000.0,100,Buy,226690529
2024-07-26 13:00:09,62900.0,3800,Buy,226691098
2024-07-26 13:01:00,62600.0,100,Sell,226692812
2024-07-26 13:01:21,62000.0,600,Sell,226693203
2024-07-26 13:01:42,62000.0,100,Sell,226693701
2024-07-26 13:02:29,61000.0,100,Sell,226694767
2024-07-26 13:03:09,61000.0,100,Sell,226695619
2024-07-26 13:03:53,62000.0,100,Buy,226696605
2024-07-26 13:06:42,62000.0,100,Sell,226700152
2024-07-26 13:08:01,62000.0,100,Buy,226701878
2024-07-26 13:09:13,62000.0,100,ATO/ATC,226703198
2024-07-26 13:10:06,62000.0,200,Sell,226704665
2024-07-26 13:13:35,62300.0,100,Sell,226709824
2024-07-26 13:15:56,62300.0,200,ATO/ATC,226713252
2024-07-26 13:17:30,62900.0,500,Buy,226715661
2024-07-26 13:19:34,62900.0,200,Buy,226718821
2024-07-26 13:24:15,62900.0,500,ATO/ATC,226727060
2024-07-26 13:33:55,62900.0,100,Buy,226739811
2024-07-26 13:42:00,62900.0,100,ATO/ATC,226751044
2024-07-26 13:47:28,62900.0,200,Sell,226758436
2024-07-26 13:49:27,62900.0,100,Sell,226761238
2024-07-26 13:52:19,62900.0,100,ATO/ATC,226765461
2024-07-26 13:54:22,62900.0,100,Sell,226768959
2024-07-26 13:54:55,62900.0,100,Buy,226769840
2024-07-26 13:57:37,62900.0,100,ATO/ATC,226774895
2024-07-26 14:08:47,62900.0,100,Sell,226791285
2024-07-26 14:09:14,63700.0,100,Buy,226792060
2024-07-26 14:12:20,63700.0,200,Buy,226797627
2024-07-26 14:19:31,63700.0,100,ATO/ATC,226810442
2024-07-26 14:21:19,63500.0,100,Sell,226813673
2024-07-26 14:24:15,63300.0,200,ATO/ATC,226819283
2024-07-26 14:24:24,63000.0,800,Sell,226819527
2024-07-26 14:25:35,63000.0,300,Sell,226821772
2024-07-26 14:26:49,63500.0,100,Buy,226824423
2024-07-26 14:27:43,63500.0,100,ATO/ATC,226826619
2024-07-26 14:28:42,63000.0,300,Sell,226829624
2024-07-26 14:29:17,63900.0,100,Buy,226831531
2024-07-26 14:32:29,63900.0,1000,Buy,226834034
2024-07-26 14:34:36,63900.0,100,Buy,226834183
2024-07-26 14:51:01,63900.0,200,ATO/ATC,226835820
2024-07-26 14:51:50,64000.0,100,Buy,226835879
2024-07-26 14:52:26,64000.0,100,Buy,226835925
2024-07-26 14:52:33,64000.0,200,Buy,226835931
2024-07-26 14:54:32,64000.0,100,Sell,226836067
2024-07-26 14:56:27,64000.0,500,Sell,226836201
2024-07-26 14:56:51,64000.0,500,Sell,226836237
2024-07-26 14:57:55,64000.0,300,Buy,226836342
2024-07-26 14:58:47,64000.0,200,ATO/ATC,226836443
