time,price,volume,match_type,id
2024-07-30 09:14:41,18100.0,39000,ATO/ATC,227139656
2024-07-30 09:14:54,18100.0,1600,Sell,227140100
2024-07-30 09:15:31,18100.0,700,Sell,227141726
2024-07-30 09:16:00,18100.0,50000,Sell,227142637
2024-07-30 09:16:05,18100.0,300,Sell,227142753
2024-07-30 09:16:05,18100.0,4000,Sell,227142756
2024-07-30 09:16:05,18100.0,1800,Sell,227142752
2024-07-30 09:16:05,18100.0,200,Sell,227142754
2024-07-30 09:16:05,18100.0,200,Sell,227142755
2024-07-30 09:16:51,18050.0,1000,Sell,227144075
2024-07-30 09:16:51,18050.0,500,Sell,227144076
2024-07-30 09:16:51,18050.0,100,Sell,227144077
2024-07-30 09:16:51,18050.0,300,Sell,227144078
2024-07-30 09:16:51,18050.0,500,Sell,227144079
2024-07-30 09:16:51,18050.0,400,Sell,227144080
2024-07-30 09:16:55,18050.0,500,Buy,227144202
2024-07-30 09:16:58,18050.0,2100,Buy,227144314
2024-07-30 09:17:09,18050.0,300,Sell,227144662
2024-07-30 09:17:13,18050.0,7600,Sell,227144777
2024-07-30 09:17:13,18050.0,300,Sell,227144778
2024-07-30 09:17:13,18050.0,300,Buy,227144788
2024-07-30 09:17:18,18000.0,900,Sell,227145004
2024-07-30 09:17:18,18000.0,1200,Sell,227144993
2024-07-30 09:17:18,18000.0,100,Sell,227144992
2024-07-30 09:17:18,18000.0,500,Sell,227144966
2024-07-30 09:17:18,18000.0,2500,Sell,227144991
2024-07-30 09:17:18,18000.0,200,Sell,227144964
2024-07-30 09:17:18,18000.0,200,Sell,227144963
2024-07-30 09:17:18,18000.0,500,Sell,227144962
2024-07-30 09:17:18,18000.0,200,Sell,227144961
2024-07-30 09:17:18,18000.0,1000,Sell,227144960
2024-07-30 09:17:18,18000.0,1000,Sell,227144965
2024-07-30 09:17:22,18050.0,100,Buy,227145095
2024-07-30 09:17:29,18000.0,400,Sell,227145285
2024-07-30 09:17:32,18000.0,300,Sell,227145382
2024-07-30 09:17:32,18000.0,100,Sell,227145383
2024-07-30 09:17:32,18000.0,1000,Sell,227145384
2024-07-30 09:17:32,18000.0,600,Sell,227145385
2024-07-30 09:17:45,18000.0,400,Sell,227145947
2024-07-30 09:17:46,18000.0,100,Sell,227146060
2024-07-30 09:17:46,18000.0,4600,Sell,227146061
2024-07-30 09:17:46,18000.0,700,Sell,227146059
2024-07-30 09:17:49,18050.0,1000,Buy,227146184
2024-07-30 09:17:51,18050.0,700,Buy,227146293
2024-07-30 09:17:51,18050.0,900,Buy,227146294
2024-07-30 09:17:51,18050.0,6400,Buy,227146295
2024-07-30 09:17:52,18000.0,3600,Sell,227146359
2024-07-30 09:18:12,18050.0,1000,Buy,227147031
2024-07-30 09:18:13,18000.0,100,Sell,227147074
2024-07-30 09:18:13,18000.0,2400,Sell,227147075
2024-07-30 09:18:13,18000.0,1000,Sell,227147072
2024-07-30 09:18:13,18000.0,100,Sell,227147073
2024-07-30 09:18:13,18000.0,1800,Sell,227147071
2024-07-30 09:18:22,18050.0,10000,Buy,227147405
2024-07-30 09:18:22,18050.0,100,Buy,227147401
2024-07-30 09:18:44,18050.0,1000,Buy,227148130
2024-07-30 09:18:51,18050.0,5000,Buy,227148451
2024-07-30 09:18:53,18050.0,1000,Buy,227148478
2024-07-30 09:18:56,18050.0,100,Buy,227148614
2024-07-30 09:19:02,18050.0,4200,Buy,227148867
2024-07-30 09:19:02,18050.0,100,Buy,227148868
2024-07-30 09:19:02,18050.0,1000,Buy,227148869
2024-07-30 09:19:31,18050.0,100,Sell,227149843
2024-07-30 09:19:34,18050.0,3000,Sell,227149966
2024-07-30 09:19:35,18050.0,8300,Sell,227150013
2024-07-30 09:19:35,18050.0,1600,Sell,227150011
2024-07-30 09:19:35,18050.0,100,Sell,227150012
2024-07-30 09:19:40,18050.0,1700,Sell,227150186
2024-07-30 09:19:40,18050.0,500,Sell,227150187
2024-07-30 09:19:40,18050.0,800,Sell,227150188
2024-07-30 09:19:42,18050.0,800,Sell,227150276
2024-07-30 09:19:44,18050.0,3400,Sell,227150300
2024-07-30 09:19:47,18050.0,1600,Buy,227150418
2024-07-30 09:19:47,18050.0,3000,Sell,227150428
2024-07-30 09:19:57,18050.0,3000,Sell,227150845
2024-07-30 09:20:03,18100.0,200,Buy,227150996
2024-07-30 09:20:39,18100.0,3000,Buy,227152053
2024-07-30 09:20:39,18100.0,3000,Buy,227152054
2024-07-30 09:20:39,18100.0,10000,Buy,227152055
2024-07-30 09:20:39,18100.0,3000,Buy,227152056
2024-07-30 09:20:39,18100.0,1000,Buy,227152057
2024-07-30 09:20:39,18100.0,200,Buy,227152058
2024-07-30 09:20:39,18100.0,9800,Buy,227152052
2024-07-30 09:20:55,18100.0,100,Buy,227152530
2024-07-30 09:21:08,18050.0,400,Sell,227152930
2024-07-30 09:21:41,18050.0,1000,Sell,227153879
2024-07-30 09:21:42,18050.0,500,Sell,227153948
2024-07-30 09:22:21,18050.0,100,Sell,227154995
2024-07-30 09:22:23,18050.0,500,Sell,227155050
2024-07-30 09:22:23,18050.0,400,Sell,227155048
2024-07-30 09:22:23,18050.0,1000,Sell,227155049
2024-07-30 09:22:27,18100.0,800,Buy,227155195
2024-07-30 09:22:27,18100.0,3000,Buy,227155196
2024-07-30 09:22:27,18100.0,5000,Buy,227155197
2024-07-30 09:22:27,18100.0,3000,Buy,227155198
2024-07-30 09:22:27,18100.0,100,Buy,227155199
2024-07-30 09:22:27,18100.0,100,Buy,227155200
2024-07-30 09:22:27,18100.0,600,Buy,227155201
2024-07-30 09:22:27,18100.0,2400,Buy,227155202
2024-07-30 09:22:39,18100.0,200,Buy,227155487
2024-07-30 09:22:43,18100.0,1000,Buy,227155600
2024-07-30 09:22:44,18100.0,100,Buy,227155649
2024-07-30 09:22:44,18100.0,400,Buy,227155648
2024-07-30 09:22:46,18100.0,1000,Buy,227155706
2024-07-30 09:22:46,18100.0,200,Buy,227155705
2024-07-30 09:22:46,18100.0,800,Buy,227155710
2024-07-30 09:22:59,18150.0,500,Buy,227156178
2024-07-30 09:23:08,18100.0,2000,Sell,227156495
2024-07-30 09:23:09,18150.0,500,Buy,227156535
2024-07-30 09:23:09,18150.0,2600,Buy,227156547
2024-07-30 09:23:09,18150.0,200,Buy,227156546
2024-07-30 09:23:09,18150.0,3000,Buy,227156545
2024-07-30 09:23:09,18150.0,500,Buy,227156542
2024-07-30 09:23:09,18150.0,3000,Buy,227156544
2024-07-30 09:23:09,18150.0,500,Buy,227156540
2024-07-30 09:23:09,18150.0,600,Buy,227156539
2024-07-30 09:23:09,18150.0,1000,Buy,227156538
2024-07-30 09:23:09,18150.0,1000,Buy,227156537
2024-07-30 09:23:09,18150.0,15000,Buy,227156536
2024-07-30 09:23:09,18150.0,1100,Buy,227156541
2024-07-30 09:23:09,18150.0,1000,Buy,227156543
2024-07-30 09:23:28,18150.0,7000,Buy,227157044
2024-07-30 09:23:34,18100.0,1500,Sell,227157212
2024-07-30 09:23:43,18150.0,100,Buy,227157424
2024-07-30 09:24:06,18150.0,300,Buy,227158010
2024-07-30 09:24:06,18150.0,700,Buy,227158011
2024-07-30 09:24:08,18150.0,100,Buy,227158092
2024-07-30 09:24:12,18150.0,1000,Buy,227158186
2024-07-30 09:24:17,18100.0,500,Sell,227158350
2024-07-30 09:24:20,18150.0,500,Buy,227158401
2024-07-30 09:24:21,18100.0,500,Sell,227158435
2024-07-30 09:24:21,18100.0,100,Sell,227158436
2024-07-30 09:24:21,18100.0,5000,Sell,227158437
2024-07-30 09:24:21,18100.0,100,Sell,227158438
2024-07-30 09:24:21,18100.0,5000,Sell,227158439
2024-07-30 09:24:21,18100.0,200,Sell,227158440
2024-07-30 09:24:21,18100.0,1000,Sell,227158441
2024-07-30 09:24:21,18100.0,1700,Sell,227158434
2024-07-30 09:24:33,18100.0,400,Buy,227158689
2024-07-30 09:24:49,18050.0,2200,Sell,227159128
2024-07-30 09:24:49,18100.0,900,Sell,227159126
2024-07-30 09:24:49,18100.0,100,Sell,227159127
2024-07-30 09:24:49,18100.0,1000,Sell,227159125
2024-07-30 09:25:04,18100.0,100,Buy,227159589
2024-07-30 09:25:05,18100.0,1000,Buy,227159619
2024-07-30 09:25:21,18100.0,300,Buy,227160023
2024-07-30 09:25:28,18100.0,5600,Buy,227160197
2024-07-30 09:25:28,18100.0,1200,Buy,227160198
2024-07-30 09:25:28,18100.0,1000,Buy,227160199
2024-07-30 09:25:43,18100.0,500,Sell,227160624
2024-07-30 09:25:43,18100.0,300,Sell,227160622
2024-07-30 09:25:43,18100.0,12200,Sell,227160621
2024-07-30 09:25:43,18100.0,5500,Sell,227160623
2024-07-30 09:25:51,18100.0,31500,Buy,227160847
2024-07-30 09:25:51,18150.0,700,Buy,227160848
2024-07-30 09:25:51,18150.0,4000,Buy,227160849
2024-07-30 09:25:51,18150.0,2100,Buy,227160850
2024-07-30 09:25:51,18150.0,1700,Buy,227160851
2024-07-30 09:25:51,18150.0,500,Buy,227160852
2024-07-30 09:25:51,18150.0,1000,Buy,227160853
2024-07-30 09:25:51,18150.0,200,Buy,227160854
2024-07-30 09:25:51,18150.0,6000,Buy,227160855
2024-07-30 09:25:51,18150.0,300,Buy,227160856
2024-07-30 09:25:51,18150.0,5000,Buy,227160857
2024-07-30 09:25:55,18150.0,3000,Sell,227160945
2024-07-30 09:25:57,18150.0,3500,Sell,227161035
2024-07-30 09:26:15,18150.0,500,Sell,227161525
2024-07-30 09:26:24,18100.0,3500,Sell,227161745
2024-07-30 09:26:24,18100.0,2000,Sell,227161746
2024-07-30 09:26:24,18100.0,200,Sell,227161747
2024-07-30 09:26:38,18100.0,300,Buy,227162128
2024-07-30 09:27:13,18100.0,400,Sell,227163118
2024-07-30 09:27:13,18100.0,500,Sell,227163119
2024-07-30 09:27:13,18100.0,100,Sell,227163120
2024-07-30 09:27:29,18100.0,700,Sell,227163699
2024-07-30 09:27:29,18100.0,1000,Sell,227163701
2024-07-30 09:27:29,18100.0,600,Sell,227163700
2024-07-30 09:27:29,18100.0,300,Sell,227163698
2024-07-30 09:27:29,18100.0,100,Sell,227163692
2024-07-30 09:27:29,18100.0,100,Sell,227163696
2024-07-30 09:27:29,18100.0,1000,Sell,227163695
2024-07-30 09:27:29,18100.0,200,Sell,227163694
2024-07-30 09:27:29,18100.0,1000,Sell,227163693
2024-07-30 09:27:29,18100.0,5000,Sell,227163697
2024-07-30 09:27:42,18100.0,1000,Sell,227163997
2024-07-30 09:27:45,18100.0,1500,Sell,227164086
2024-07-30 09:27:45,18100.0,1000,Sell,227164087
2024-07-30 09:28:11,18150.0,1000,Buy,227164836
2024-07-30 09:28:11,18150.0,3000,Buy,227164835
2024-07-30 09:28:11,18150.0,2500,Buy,227164834
2024-07-30 09:28:20,18150.0,1000,Sell,227165066
2024-07-30 09:28:20,18150.0,5000,Sell,227165067
2024-07-30 09:28:20,18150.0,300,Buy,227165069
2024-07-30 09:28:32,18150.0,500,Buy,227165498
2024-07-30 09:28:37,18150.0,300,Buy,227165689
2024-07-30 09:28:38,18150.0,2900,Buy,227165728
2024-07-30 09:28:38,18150.0,1000,Buy,227165729
2024-07-30 09:28:56,18150.0,100,Sell,227166329
2024-07-30 09:28:59,18150.0,200,Buy,227166417
2024-07-30 09:29:29,18100.0,12400,Sell,227167545
2024-07-30 09:29:29,18100.0,1000,Sell,227167544
2024-07-30 09:29:29,18150.0,1000,Buy,227167528
2024-07-30 09:29:29,18100.0,4000,Sell,227167542
2024-07-30 09:29:29,18100.0,100,Sell,227167543
2024-07-30 09:30:03,18100.0,5400,Sell,227168772
2024-07-30 09:30:55,18100.0,5000,Sell,227170464
2024-07-30 09:31:09,18100.0,1500,Sell,227170854
2024-07-30 09:31:23,18100.0,5400,Sell,227171314
2024-07-30 09:32:04,18100.0,500,Sell,227172491
2024-07-30 09:32:14,18100.0,500,Sell,227172808
2024-07-30 09:32:32,18150.0,100,Buy,227173431
2024-07-30 09:32:41,18100.0,400,Sell,227173665
2024-07-30 09:32:50,18100.0,1800,Sell,227173866
2024-07-30 09:33:09,18100.0,1000,Sell,227174358
2024-07-30 09:34:05,18150.0,100,Buy,227175768
2024-07-30 09:34:15,18150.0,100,Buy,227176023
2024-07-30 09:34:36,18150.0,500,Buy,227176555
2024-07-30 09:34:40,18150.0,100,Buy,227176619
2024-07-30 09:35:00,18150.0,100,Buy,227177166
2024-07-30 09:35:16,18150.0,500,Buy,227177486
2024-07-30 09:35:52,18150.0,1000,Buy,227178365
2024-07-30 09:36:16,18100.0,6000,Sell,227178861
2024-07-30 09:36:28,18150.0,200,Buy,227179112
2024-07-30 09:37:16,18150.0,1000,Buy,227180271
2024-07-30 09:37:16,18150.0,21600,Buy,227180270
2024-07-30 09:37:16,18150.0,6000,Buy,227180268
2024-07-30 09:37:16,18150.0,200,Buy,227180269
2024-07-30 09:37:17,18150.0,1000,Buy,227180283
2024-07-30 09:37:17,18150.0,200,Buy,227180281
2024-07-30 09:37:17,18150.0,300,Buy,227180280
2024-07-30 09:37:17,18150.0,1000,Buy,227180279
2024-07-30 09:37:17,18150.0,5000,Buy,227180282
2024-07-30 09:37:17,18150.0,1000,Buy,227180277
2024-07-30 09:37:17,18150.0,400,Buy,227180276
2024-07-30 09:37:17,18150.0,1800,Buy,227180275
2024-07-30 09:37:17,18150.0,100,Buy,227180274
2024-07-30 09:37:17,18150.0,200,Buy,227180273
2024-07-30 09:37:17,18150.0,200,Buy,227180278
2024-07-30 09:37:37,18150.0,800,Buy,227180747
2024-07-30 09:37:37,18150.0,100,Buy,227180748
2024-07-30 09:37:37,18150.0,2000,Buy,227180749
2024-07-30 09:37:37,18150.0,20000,Buy,227180750
2024-07-30 09:37:38,18150.0,300,Sell,227180783
2024-07-30 09:37:39,18150.0,5400,Sell,227180819
2024-07-30 09:37:46,18150.0,100,Sell,227181016
2024-07-30 09:37:56,18150.0,1300,Sell,227181254
2024-07-30 09:38:54,18100.0,2400,Sell,227182407
2024-07-30 09:39:24,18100.0,2400,Sell,227183123
2024-07-30 09:39:42,18150.0,2000,Buy,227183468
2024-07-30 09:39:47,18150.0,100,Buy,227183570
2024-07-30 09:40:20,18150.0,500,Buy,227184229
2024-07-30 09:42:11,18150.0,100,Buy,227186553
2024-07-30 09:42:33,18150.0,100,Buy,227186849
2024-07-30 09:43:00,18150.0,1300,Buy,227187440
2024-07-30 09:43:00,18150.0,1000,Buy,227187441
2024-07-30 09:43:00,18150.0,700,Buy,227187442
2024-07-30 09:43:06,18150.0,500,Buy,227187538
2024-07-30 09:43:09,18100.0,100,Sell,227187606
2024-07-30 09:43:09,18100.0,200,Sell,227187607
2024-07-30 09:43:25,18100.0,5000,Sell,227188048
2024-07-30 09:43:25,18100.0,300,Sell,227188049
2024-07-30 09:43:25,18100.0,100,Sell,227188050
2024-07-30 09:43:56,18100.0,800,Sell,227188684
2024-07-30 09:43:56,18100.0,900,Sell,227188681
2024-07-30 09:43:56,18100.0,200,Sell,227188682
2024-07-30 09:43:56,18100.0,100,Sell,227188683
2024-07-30 09:44:03,18100.0,500,Sell,227188832
2024-07-30 09:44:31,18100.0,200,Sell,227189422
2024-07-30 09:44:53,18150.0,100,Buy,227189843
2024-07-30 09:47:33,18150.0,1000,Buy,227193387
2024-07-30 09:47:57,18150.0,1000,Buy,227193897
2024-07-30 09:48:08,18150.0,100,Buy,227194218
2024-07-30 09:48:49,18100.0,100,Sell,227195379
2024-07-30 09:48:49,18100.0,100,Sell,227195381
2024-07-30 09:48:49,18100.0,100,Sell,227195380
2024-07-30 09:48:49,18100.0,100,Sell,227195378
2024-07-30 09:48:49,18100.0,1000,Sell,227195373
2024-07-30 09:48:49,18100.0,100,Sell,227195376
2024-07-30 09:48:49,18100.0,2000,Sell,227195375
2024-07-30 09:48:49,18100.0,500,Sell,227195374
2024-07-30 09:48:49,18100.0,1000,Sell,227195377
2024-07-30 09:49:09,18100.0,3000,Sell,227195719
2024-07-30 09:49:18,18100.0,1500,Sell,227195899
2024-07-30 09:49:28,18100.0,400,Sell,227196160
2024-07-30 09:49:28,18100.0,600,Sell,227196161
2024-07-30 09:49:36,18100.0,2000,Sell,227196284
2024-07-30 09:49:42,18100.0,1000,Sell,227196440
2024-07-30 09:49:48,18150.0,5000,Buy,227196633
2024-07-30 09:50:10,18100.0,1000,Sell,227197072
2024-07-30 09:50:10,18100.0,500,Sell,227197073
2024-07-30 09:50:13,18100.0,500,Sell,227197157
2024-07-30 09:50:13,18100.0,500,Sell,227197158
2024-07-30 09:50:16,18100.0,300,Sell,227197212
2024-07-30 09:50:23,18100.0,700,Sell,227197423
2024-07-30 09:50:23,18100.0,200,Sell,227197424
2024-07-30 09:50:48,18100.0,500,Sell,227198102
2024-07-30 09:50:58,18100.0,5700,Sell,227198286
2024-07-30 09:50:58,18100.0,4300,Sell,227198285
2024-07-30 09:51:10,18100.0,200,Sell,227198530
2024-07-30 09:51:20,18150.0,200,Buy,227198713
2024-07-30 09:51:20,18100.0,1500,Sell,227198726
2024-07-30 09:51:32,18100.0,200,Sell,227198993
2024-07-30 09:51:49,18100.0,500,Sell,227199480
2024-07-30 09:51:50,18100.0,200,Sell,227199508
2024-07-30 09:52:02,18100.0,500,Sell,227199771
2024-07-30 09:52:10,18100.0,300,Sell,227199973
2024-07-30 09:52:10,18100.0,1200,Sell,227199972
2024-07-30 09:52:19,18100.0,200,Sell,227200102
2024-07-30 09:52:55,18100.0,600,Sell,227200831
2024-07-30 09:52:55,18100.0,500,Sell,227200830
2024-07-30 09:52:55,18100.0,2000,Sell,227200829
2024-07-30 09:52:55,18100.0,300,Sell,227200827
2024-07-30 09:52:55,18100.0,100,Sell,227200826
2024-07-30 09:52:55,18100.0,200,Sell,227200825
2024-07-30 09:52:55,18100.0,200,Sell,227200824
2024-07-30 09:52:55,18100.0,200,Sell,227200828
2024-07-30 09:52:55,18100.0,200,Sell,227200822
2024-07-30 09:52:55,18100.0,200,Sell,227200821
2024-07-30 09:52:55,18100.0,100,Sell,227200820
2024-07-30 09:52:55,18100.0,1000,Sell,227200819
2024-07-30 09:52:55,18100.0,5000,Sell,227200818
2024-07-30 09:52:55,18100.0,2000,Sell,227200817
2024-07-30 09:52:55,18100.0,2000,Sell,227200816
2024-07-30 09:52:55,18100.0,10300,Sell,227200815
2024-07-30 09:52:55,18100.0,100,Sell,227200823
2024-07-30 09:53:21,18100.0,2400,Sell,227201333
2024-07-30 09:53:21,18100.0,1900,Sell,227201331
2024-07-30 09:53:21,18100.0,3700,Sell,227201332
2024-07-30 09:53:26,18100.0,500,Sell,227201451
2024-07-30 09:53:26,18100.0,300,Sell,227201450
2024-07-30 09:53:26,18100.0,100,Sell,227201449
2024-07-30 09:53:26,18100.0,1000,Sell,227201448
2024-07-30 09:53:26,18100.0,900,Sell,227201447
2024-07-30 09:53:26,18100.0,700,Sell,227201444
2024-07-30 09:53:26,18100.0,5000,Sell,227201445
2024-07-30 09:53:26,18100.0,200,Sell,227201443
2024-07-30 09:53:26,18100.0,100,Sell,227201442
2024-07-30 09:53:26,18100.0,1600,Sell,227201441
2024-07-30 09:53:26,18100.0,100,Sell,227201446
2024-07-30 09:54:16,18100.0,1500,Buy,227202518
2024-07-30 09:54:52,18100.0,1700,Buy,227203254
2024-07-30 09:54:52,18100.0,1400,Buy,227203255
2024-07-30 09:54:52,18100.0,100,Buy,227203256
2024-07-30 09:54:52,18100.0,1800,Buy,227203257
2024-07-30 09:55:20,18050.0,3100,Sell,227203797
2024-07-30 09:55:20,18050.0,7300,Sell,227203794
2024-07-30 09:55:20,18050.0,100,Sell,227203795
2024-07-30 09:55:20,18050.0,300,Sell,227203796
2024-07-30 09:55:26,18050.0,1900,Sell,227203932
2024-07-30 09:55:26,18050.0,100,Sell,227203933
2024-07-30 09:55:52,18150.0,1000,Buy,227204508
2024-07-30 09:55:52,18150.0,4000,Buy,227204509
2024-07-30 09:56:01,18100.0,300,Sell,227204656
2024-07-30 09:56:03,18100.0,700,Buy,227204704
2024-07-30 09:56:05,18100.0,300,Sell,227204749
2024-07-30 09:56:05,18050.0,400,Sell,227204750
2024-07-30 09:56:43,18100.0,100,Sell,227205420
2024-07-30 09:56:44,18100.0,1900,Sell,227205481
2024-07-30 09:56:44,18100.0,300,Sell,227205482
2024-07-30 09:56:56,18100.0,400,Buy,227205751
2024-07-30 09:57:02,18050.0,2000,Sell,227205919
2024-07-30 09:57:24,18100.0,500,Buy,227206351
2024-07-30 09:57:50,18050.0,100,Sell,227206838
2024-07-30 09:57:55,18100.0,100,Buy,227206904
2024-07-30 09:58:10,18050.0,3600,Sell,227207208
2024-07-30 09:58:53,18050.0,10000,Sell,227208015
2024-07-30 09:58:53,18050.0,2000,Sell,227208016
2024-07-30 09:58:53,18050.0,1400,Sell,227208017
2024-07-30 09:58:53,18050.0,1000,Sell,227208018
2024-07-30 09:58:53,18050.0,600,Sell,227208024
2024-07-30 09:58:53,18050.0,200,Sell,227208019
2024-07-30 09:58:53,18050.0,200,Sell,227208020
2024-07-30 09:58:53,18050.0,500,Sell,227208021
2024-07-30 09:58:53,18050.0,200,Sell,227208022
2024-07-30 09:58:53,18050.0,200,Sell,227208014
2024-07-30 09:58:53,18050.0,1000,Sell,227208023
2024-07-30 09:58:53,18050.0,1000,Sell,227208025
2024-07-30 09:58:53,18000.0,100,Sell,227208035
2024-07-30 09:58:53,18050.0,200,Sell,227208027
2024-07-30 09:58:53,18050.0,5000,Sell,227208028
2024-07-30 09:58:53,18050.0,100,Sell,227208029
2024-07-30 09:58:53,18050.0,200,Sell,227208030
2024-07-30 09:58:53,18050.0,4600,Sell,227208031
2024-07-30 09:58:53,18050.0,5000,Sell,227208032
2024-07-30 09:58:53,18050.0,400,Sell,227208033
2024-07-30 09:58:53,18000.0,2600,Sell,227208034
2024-07-30 09:58:53,18000.0,2000,Sell,227208036
2024-07-30 09:58:53,18000.0,2000,Sell,227208037
2024-07-30 09:58:53,18000.0,2500,Sell,227208038
2024-07-30 09:58:53,18000.0,1000,Sell,227208039
2024-07-30 09:58:53,18050.0,100,Sell,227208026
2024-07-30 09:58:53,18050.0,100,Sell,227208013
2024-07-30 09:58:53,18050.0,1000,Sell,227208002
2024-07-30 09:58:53,18050.0,2000,Sell,227208011
2024-07-30 09:58:53,18050.0,14300,Sell,227207978
2024-07-30 09:58:53,18050.0,100,Sell,227207979
2024-07-30 09:58:53,18050.0,200,Sell,227207980
2024-07-30 09:58:53,18050.0,1000,Sell,227207981
2024-07-30 09:58:53,18050.0,2000,Sell,227207982
2024-07-30 09:58:53,18050.0,200,Sell,227207983
2024-07-30 09:58:53,18050.0,1000,Sell,227207984
2024-07-30 09:58:53,18050.0,1000,Sell,227207985
2024-07-30 09:58:53,18050.0,200,Sell,227207986
2024-07-30 09:58:53,18050.0,500,Sell,227207987
2024-07-30 09:58:53,18050.0,2000,Sell,227207995
2024-07-30 09:58:53,18050.0,3000,Sell,227207996
2024-07-30 09:58:53,18050.0,1400,Sell,227208012
2024-07-30 09:58:53,18050.0,2500,Sell,227207998
2024-07-30 09:58:53,18050.0,1000,Sell,227208010
2024-07-30 09:58:53,18050.0,500,Sell,227208009
2024-07-30 09:58:53,18050.0,1000,Sell,227208008
2024-07-30 09:58:53,18050.0,200,Sell,227208007
2024-07-30 09:58:53,18050.0,2000,Sell,227208006
2024-07-30 09:58:53,18050.0,1000,Sell,227207997
2024-07-30 09:58:53,18050.0,200,Sell,227208004
2024-07-30 09:58:53,18050.0,500,Sell,227208003
2024-07-30 09:58:53,18050.0,5000,Sell,227208001
2024-07-30 09:58:53,18050.0,3000,Sell,227208000
2024-07-30 09:58:53,18050.0,200,Sell,227207999
2024-07-30 09:58:53,18050.0,1400,Sell,227208005
2024-07-30 09:59:10,18050.0,1000,Sell,227208342
2024-07-30 09:59:36,18050.0,100,Sell,227208937
2024-07-30 09:59:40,18050.0,500,Sell,227208997
2024-07-30 09:59:40,18050.0,400,Sell,227208995
2024-07-30 09:59:40,18050.0,100,Sell,227208996
2024-07-30 10:00:20,18050.0,500,Sell,227209854
2024-07-30 10:00:20,18050.0,100,Sell,227209855
2024-07-30 10:00:20,18050.0,100,Sell,227209856
2024-07-30 10:00:20,18050.0,1000,Sell,227209857
2024-07-30 10:00:20,18050.0,500,Sell,227209858
2024-07-30 10:00:28,18000.0,1700,Sell,227210017
2024-07-30 10:00:28,18000.0,100,Sell,227210018
2024-07-30 10:00:28,18000.0,3300,Sell,227210009
2024-07-30 10:00:28,18000.0,100,Sell,227210004
2024-07-30 10:00:28,18000.0,100,Sell,227210007
2024-07-30 10:00:28,18000.0,100,Sell,227210006
2024-07-30 10:00:28,18000.0,100,Sell,227210005
2024-07-30 10:00:28,18000.0,100,Sell,227210008
2024-07-30 10:01:06,18000.0,5000,Sell,227210542
2024-07-30 10:02:01,18000.0,500,Sell,227211574
2024-07-30 10:02:08,18050.0,500,Sell,227211716
2024-07-30 10:02:30,18050.0,600,Sell,227212038
2024-07-30 10:02:31,18050.0,1500,Sell,227212044
2024-07-30 10:02:33,18050.0,10000,Sell,227212058
2024-07-30 10:02:46,18000.0,5100,Sell,227212310
2024-07-30 10:02:46,18050.0,100,Sell,227212308
2024-07-30 10:02:46,18050.0,100,Sell,227212309
2024-07-30 10:02:46,18050.0,100,Sell,227212306
2024-07-30 10:02:46,18050.0,1700,Sell,227212304
2024-07-30 10:02:46,18050.0,100,Sell,227212307
2024-07-30 10:02:46,18050.0,2900,Sell,227212305
2024-07-30 10:03:14,18050.0,100,Sell,227212792
2024-07-30 10:03:14,18050.0,500,Sell,227212793
2024-07-30 10:03:36,18000.0,400,Sell,227213163
2024-07-30 10:03:48,18000.0,3100,Sell,227213363
2024-07-30 10:04:48,18000.0,6300,Sell,227214457
2024-07-30 10:05:28,18000.0,2000,Sell,227215123
2024-07-30 10:06:12,18050.0,200,Buy,227215775
2024-07-30 10:06:15,18050.0,400,Buy,227215820
2024-07-30 10:06:15,18100.0,1000,Buy,227215821
2024-07-30 10:06:15,18100.0,600,Buy,227215822
2024-07-30 10:06:24,18100.0,3200,Buy,227215935
2024-07-30 10:06:24,18100.0,1800,Buy,227215937
2024-07-30 10:06:24,18100.0,200,Buy,227215936
2024-07-30 10:06:24,18100.0,500,Buy,227215934
2024-07-30 10:06:24,18100.0,200,Buy,227215932
2024-07-30 10:06:24,18100.0,300,Buy,227215931
2024-07-30 10:06:24,18100.0,500,Buy,227215930
2024-07-30 10:06:24,18100.0,1200,Buy,227215929
2024-07-30 10:06:24,18100.0,500,Buy,227215933
2024-07-30 10:06:31,18100.0,200,Buy,227216036
2024-07-30 10:07:39,18100.0,100,Buy,227217558
2024-07-30 10:07:42,18050.0,6500,Sell,227217619
2024-07-30 10:08:09,18050.0,2000,Sell,227218196
2024-07-30 10:08:54,18050.0,900,Sell,227218801
2024-07-30 10:09:33,18050.0,100,Sell,227219376
2024-07-30 10:09:49,18050.0,100,Sell,227219607
2024-07-30 10:10:17,18050.0,400,Sell,227220063
2024-07-30 10:10:17,18050.0,1100,Sell,227220064
2024-07-30 10:11:59,18050.0,5000,Sell,227221599
2024-07-30 10:12:22,18050.0,100,Sell,227221872
2024-07-30 10:13:07,18050.0,500,Sell,227222499
2024-07-30 10:13:11,18050.0,200,Sell,227222558
2024-07-30 10:13:22,18050.0,500,Sell,227222739
2024-07-30 10:13:23,18050.0,400,Sell,227222744
2024-07-30 10:13:23,18050.0,2600,Sell,227222743
2024-07-30 10:13:32,18050.0,100,Sell,227222858
2024-07-30 10:14:10,18050.0,5000,Sell,227223512
2024-07-30 10:14:10,18050.0,1000,Sell,227223511
2024-07-30 10:14:10,18050.0,1300,Sell,227223513
2024-07-30 10:14:10,18050.0,500,Sell,227223509
2024-07-30 10:14:10,18050.0,100,Sell,227223510
2024-07-30 10:14:10,18050.0,2100,Sell,227223508
2024-07-30 10:14:14,18050.0,500,Sell,227223568
2024-07-30 10:14:19,18050.0,3200,Sell,227223688
2024-07-30 10:14:19,18050.0,1800,Sell,227223689
2024-07-30 10:14:51,18050.0,500,Sell,227224245
2024-07-30 10:14:53,18050.0,200,Sell,227224262
2024-07-30 10:14:54,18050.0,2500,Sell,227224283
2024-07-30 10:14:54,18050.0,100,Sell,227224292
2024-07-30 10:14:54,18050.0,300,Sell,227224285
2024-07-30 10:14:54,18050.0,100,Sell,227224286
2024-07-30 10:14:54,18050.0,1000,Sell,227224287
2024-07-30 10:14:54,18050.0,100,Sell,227224288
2024-07-30 10:14:54,18050.0,100,Sell,227224289
2024-07-30 10:14:54,18050.0,100,Sell,227224290
2024-07-30 10:14:54,18050.0,100,Sell,227224291
2024-07-30 10:14:54,18050.0,100,Sell,227224284
2024-07-30 10:15:06,18100.0,1000,Buy,227224508
2024-07-30 10:15:06,18050.0,2000,Buy,227224507
2024-07-30 10:15:14,18050.0,300,Sell,227224654
2024-07-30 10:15:16,18050.0,300,Buy,227224668
2024-07-30 10:15:26,18100.0,900,Buy,227224878
2024-07-30 10:15:26,18100.0,300,Buy,227224879
2024-07-30 10:15:26,18100.0,800,Buy,227224880
2024-07-30 10:15:26,18100.0,700,Buy,227224881
2024-07-30 10:15:26,18100.0,2000,Buy,227224882
2024-07-30 10:15:26,18100.0,300,Buy,227224883
2024-07-30 10:15:27,18050.0,500,Sell,227224889
2024-07-30 10:16:29,18050.0,200,Sell,227225941
2024-07-30 10:18:27,18150.0,4700,Buy,227227860
2024-07-30 10:18:27,18100.0,500,Buy,227227859
2024-07-30 10:18:27,18100.0,1800,Buy,227227858
2024-07-30 10:18:27,18100.0,500,Buy,227227853
2024-07-30 10:18:27,18100.0,10000,Buy,227227856
2024-07-30 10:18:27,18100.0,100,Buy,227227855
2024-07-30 10:18:27,18100.0,1300,Buy,227227852
2024-07-30 10:18:27,18100.0,3900,Buy,227227857
2024-07-30 10:18:27,18100.0,100,Buy,227227850
2024-07-30 10:18:27,18100.0,3300,Buy,227227851
2024-07-30 10:18:27,18100.0,200,Buy,227227843
2024-07-30 10:18:27,18100.0,800,Buy,227227844
2024-07-30 10:18:27,18100.0,400,Buy,227227845
2024-07-30 10:18:27,18100.0,200,Buy,227227854
2024-07-30 10:18:27,18100.0,100,Buy,227227847
2024-07-30 10:18:27,18100.0,100,Buy,227227846
2024-07-30 10:18:27,18100.0,1000,Buy,227227849
2024-07-30 10:18:27,18100.0,1000,Buy,227227848
2024-07-30 10:19:00,18150.0,1300,Buy,227228488
2024-07-30 10:19:00,18150.0,200,Buy,227228489
2024-07-30 10:19:05,18100.0,300,Sell,227228572
2024-07-30 10:19:28,18100.0,3900,Sell,227229091
2024-07-30 10:19:28,18100.0,300,Sell,227229092
2024-07-30 10:19:28,18100.0,1000,Sell,227229093
2024-07-30 10:19:28,18100.0,2100,Sell,227229095
2024-07-30 10:19:28,18100.0,200,Sell,227229094
2024-07-30 10:19:42,18100.0,10000,Buy,227229321
2024-07-30 10:19:44,18100.0,500,Buy,227229351
2024-07-30 10:19:50,18100.0,2000,Buy,227229491
2024-07-30 10:20:14,18100.0,2000,Buy,227229867
2024-07-30 10:20:21,18100.0,3500,Buy,227230050
2024-07-30 10:20:30,18100.0,1000,Buy,227230247
2024-07-30 10:20:36,18100.0,3000,Buy,227230346
2024-07-30 10:20:47,18100.0,500,Buy,227230530
2024-07-30 10:20:49,18100.0,1500,Buy,227230568
2024-07-30 10:20:53,18100.0,1000,Buy,227230626
2024-07-30 10:21:25,18100.0,500,Buy,227231106
2024-07-30 10:22:13,18100.0,200,Buy,227232013
2024-07-30 10:22:18,18100.0,2600,Buy,227232118
2024-07-30 10:22:25,18050.0,2000,Sell,227232215
2024-07-30 10:22:38,18050.0,200,Sell,227232411
2024-07-30 10:22:38,18050.0,1000,Sell,227232412
2024-07-30 10:22:38,18050.0,300,Sell,227232413
2024-07-30 10:22:47,18100.0,1000,Buy,227232699
2024-07-30 10:22:58,18050.0,800,Sell,227233081
2024-07-30 10:22:58,18050.0,200,Sell,227233078
2024-07-30 10:22:58,18050.0,200,Sell,227233079
2024-07-30 10:22:58,18050.0,300,Sell,227233080
2024-07-30 10:23:03,18100.0,100,Buy,227233166
2024-07-30 10:23:14,18100.0,300,Buy,227233290
2024-07-30 10:23:18,18050.0,1500,Sell,227233343
2024-07-30 10:23:38,18050.0,700,Sell,227233787
2024-07-30 10:23:38,18050.0,800,Sell,227233788
2024-07-30 10:23:42,18050.0,100,Sell,227233835
2024-07-30 10:23:42,18100.0,100,Buy,227233843
2024-07-30 10:23:58,18050.0,1500,Sell,227234075
2024-07-30 10:24:02,18100.0,1000,Buy,227234165
2024-07-30 10:24:18,18050.0,1400,Sell,227234425
2024-07-30 10:24:18,18050.0,100,Sell,227234424
2024-07-30 10:24:31,18100.0,1000,Buy,227234671
2024-07-30 10:24:31,18100.0,500,Buy,227234672
2024-07-30 10:24:35,18100.0,2000,Buy,227234759
2024-07-30 10:24:35,18100.0,200,Buy,227234762
2024-07-30 10:24:36,18050.0,1100,Sell,227234780
2024-07-30 10:24:38,18050.0,1500,Sell,227234825
2024-07-30 10:24:47,18050.0,100,Sell,227234955
2024-07-30 10:24:52,18100.0,500,Buy,227235020
2024-07-30 10:24:58,18050.0,900,Sell,227235185
2024-07-30 10:24:58,18050.0,500,Sell,227235186
2024-07-30 10:24:58,18050.0,100,Sell,227235187
2024-07-30 10:25:19,18050.0,1500,Sell,227235635
2024-07-30 10:25:39,18050.0,1500,Sell,227235957
2024-07-30 10:25:42,18100.0,1100,Buy,227235994
2024-07-30 10:25:49,18100.0,2800,Buy,227236089
2024-07-30 10:25:51,18100.0,300,Buy,227236114
2024-07-30 10:25:56,18100.0,2000,Buy,227236192
2024-07-30 10:25:59,18050.0,1500,Sell,227236219
2024-07-30 10:25:59,18100.0,500,Buy,227236231
2024-07-30 10:26:04,18100.0,400,Buy,227236293
2024-07-30 10:26:19,18050.0,500,Sell,227236470
2024-07-30 10:26:19,18050.0,1000,Sell,227236471
2024-07-30 10:26:31,18100.0,400,Buy,227236607
2024-07-30 10:26:31,18100.0,1100,Buy,227236608
2024-07-30 10:26:39,18050.0,300,Sell,227236746
2024-07-30 10:26:39,18050.0,1200,Sell,227236747
2024-07-30 10:26:59,18050.0,1500,Sell,227237017
2024-07-30 10:27:20,18050.0,1500,Sell,227237269
2024-07-30 10:27:40,18050.0,400,Sell,227237592
2024-07-30 10:27:40,18050.0,1100,Sell,227237593
2024-07-30 10:28:00,18050.0,1500,Sell,227237878
2024-07-30 10:28:03,18100.0,3900,Buy,227237971
2024-07-30 10:28:03,18100.0,1100,Buy,227237972
2024-07-30 10:28:18,18100.0,500,Buy,227238162
2024-07-30 10:28:20,18050.0,1500,Sell,227238185
2024-07-30 10:28:21,18100.0,500,Buy,227238199
2024-07-30 10:28:21,18100.0,1500,Buy,227238200
2024-07-30 10:28:21,18100.0,500,Buy,227238201
2024-07-30 10:28:21,18100.0,2000,Buy,227238202
2024-07-30 10:28:21,18100.0,300,Buy,227238203
2024-07-30 10:28:21,18100.0,200,Buy,227238198
2024-07-30 10:28:28,18100.0,100,Buy,227238263
2024-07-30 10:28:29,18100.0,100,Buy,227238268
2024-07-30 10:28:29,18100.0,100,Buy,227238269
2024-07-30 10:28:32,18100.0,200,Buy,227238324
2024-07-30 10:28:32,18100.0,1900,Buy,227238321
2024-07-30 10:28:32,18100.0,5000,Buy,227238322
2024-07-30 10:28:32,18100.0,300,Buy,227238323
2024-07-30 10:28:40,18100.0,1500,Sell,227238413
2024-07-30 10:29:00,18100.0,1500,Sell,227238623
2024-07-30 10:29:20,18100.0,1500,Sell,227238910
2024-07-30 10:29:41,18100.0,1500,Sell,227239095
2024-07-30 10:29:41,18150.0,800,Buy,227239096
2024-07-30 10:29:41,18150.0,500,Buy,227239097
2024-07-30 10:29:41,18150.0,500,Buy,227239098
2024-07-30 10:29:41,18150.0,200,Buy,227239099
2024-07-30 10:29:46,18150.0,300,Buy,227239151
2024-07-30 10:30:01,18100.0,1500,Sell,227239346
2024-07-30 10:30:21,18100.0,1500,Sell,227239621
2024-07-30 10:30:21,18150.0,100,Buy,227239619
2024-07-30 10:30:41,18100.0,1500,Sell,227239899
2024-07-30 10:31:01,18100.0,1500,Sell,227240199
2024-07-30 10:31:13,18150.0,200,Buy,227240367
2024-07-30 10:31:21,18100.0,600,Sell,227240450
2024-07-30 10:31:21,18100.0,900,Sell,227240451
2024-07-30 10:31:33,18150.0,100,Buy,227240711
2024-07-30 10:31:33,18150.0,100,Buy,227240712
2024-07-30 10:31:42,18100.0,900,Sell,227240793
2024-07-30 10:31:42,18100.0,500,Sell,227240792
2024-07-30 10:31:42,18100.0,100,Sell,227240791
2024-07-30 10:32:02,18100.0,1500,Sell,227241048
2024-07-30 10:32:22,18100.0,1500,Sell,227241294
2024-07-30 10:32:32,18100.0,1100,Sell,227241399
2024-07-30 10:32:32,18100.0,300,Sell,227241400
2024-07-30 10:32:32,18100.0,3000,Sell,227241401
2024-07-30 10:32:32,18100.0,600,Sell,227241402
2024-07-30 10:32:32,18100.0,2000,Sell,227241403
2024-07-30 10:32:32,18100.0,1000,Sell,227241404
2024-07-30 10:32:42,18100.0,1500,Sell,227241535
2024-07-30 10:33:02,18100.0,1500,Sell,227241833
2024-07-30 10:33:17,18150.0,100,Buy,227242079
2024-07-30 10:33:17,18150.0,700,Buy,227242080
2024-07-30 10:33:17,18150.0,1200,Buy,227242078
2024-07-30 10:33:22,18100.0,1000,Sell,227242169
2024-07-30 10:33:22,18100.0,500,Sell,227242170
2024-07-30 10:33:33,18100.0,1000,Sell,227242374
2024-07-30 10:33:42,18100.0,1500,Sell,227242503
2024-07-30 10:33:53,18100.0,2600,Sell,227242683
2024-07-30 10:34:03,18100.0,200,Sell,227242828
2024-07-30 10:34:03,18100.0,100,Sell,227242829
2024-07-30 10:34:03,18100.0,900,Sell,227242826
2024-07-30 10:34:03,18100.0,300,Sell,227242827
2024-07-30 10:34:23,18100.0,100,Sell,227243161
2024-07-30 10:34:23,18100.0,500,Sell,227243162
2024-07-30 10:34:23,18100.0,600,Sell,227243163
2024-07-30 10:34:23,18100.0,300,Sell,227243160
2024-07-30 10:34:43,18100.0,1500,Sell,227243411
2024-07-30 10:35:03,18100.0,1500,Sell,227243757
2024-07-30 10:35:10,18100.0,100,Sell,227243876
2024-07-30 10:35:23,18100.0,1300,Sell,227244079
2024-07-30 10:35:23,18100.0,200,Sell,227244080
2024-07-30 10:35:43,18100.0,100,Sell,227244441
2024-07-30 10:35:43,18100.0,700,Sell,227244445
2024-07-30 10:35:43,18100.0,800,Sell,227244446
2024-07-30 10:36:03,18100.0,1200,Sell,227244752
2024-07-30 10:36:03,18100.0,300,Sell,227244751
2024-07-30 10:36:10,18100.0,300,Sell,227244846
2024-07-30 10:36:24,18100.0,500,Sell,227245147
2024-07-30 10:36:24,18100.0,1000,Sell,227245148
2024-07-30 10:36:29,18100.0,1000,Sell,227245217
2024-07-30 10:36:44,18100.0,1500,Sell,227245434
2024-07-30 10:36:44,18150.0,500,Buy,227245437
2024-07-30 10:36:56,18150.0,100,Buy,227245539
2024-07-30 10:37:04,18100.0,500,Sell,227245711
2024-07-30 10:37:04,18100.0,500,Sell,227245712
2024-07-30 10:37:04,18100.0,400,Sell,227245713
2024-07-30 10:37:04,18100.0,100,Sell,227245714
2024-07-30 10:37:06,18150.0,300,Buy,227245743
2024-07-30 10:37:22,18150.0,2500,Buy,227245966
2024-07-30 10:37:24,18100.0,1500,Sell,227246150
2024-07-30 10:37:44,18100.0,1500,Sell,227246439
2024-07-30 10:38:01,18150.0,900,Buy,227246798
2024-07-30 10:38:01,18150.0,1300,Buy,227246799
2024-07-30 10:38:01,18150.0,100,Buy,227246800
2024-07-30 10:38:01,18150.0,200,Buy,227246801
2024-07-30 10:38:01,18150.0,5000,Buy,227246802
2024-07-30 10:38:01,18150.0,200,Buy,227246803
2024-07-30 10:38:01,18150.0,200,Buy,227246804
2024-07-30 10:38:01,18150.0,300,Buy,227246805
2024-07-30 10:38:01,18150.0,100,Buy,227246806
2024-07-30 10:38:01,18150.0,1700,Buy,227246807
2024-07-30 10:38:04,18100.0,1500,Sell,227246860
2024-07-30 10:38:24,18100.0,1500,Sell,227247172
2024-07-30 10:38:35,18150.0,200,Buy,227247340
2024-07-30 10:38:45,18100.0,1500,Sell,227247625
2024-07-30 10:39:02,18150.0,100,Buy,227247971
2024-07-30 10:39:02,18150.0,100,Buy,227247970
2024-07-30 10:39:02,18150.0,1800,Buy,227247965
2024-07-30 10:39:02,18150.0,1000,Buy,227247969
2024-07-30 10:39:02,18150.0,300,Buy,227247968
2024-07-30 10:39:02,18150.0,5000,Buy,227247967
2024-07-30 10:39:02,18150.0,1000,Buy,227247966
2024-07-30 10:39:02,18150.0,1000,Buy,227247964
2024-07-30 10:39:02,18150.0,100,Buy,227247957
2024-07-30 10:39:02,18150.0,300,Buy,227247962
2024-07-30 10:39:02,18150.0,3100,Buy,227247955
2024-07-30 10:39:02,18150.0,200,Buy,227247956
2024-07-30 10:39:02,18150.0,100,Buy,227247958
2024-07-30 10:39:02,18150.0,5000,Buy,227247963
2024-07-30 10:39:02,18150.0,100,Buy,227247960
2024-07-30 10:39:02,18150.0,500,Buy,227247961
2024-07-30 10:39:02,18150.0,300,Buy,227247959
2024-07-30 10:39:05,18100.0,1500,Sell,227248083
2024-07-30 10:39:09,18150.0,1000,Buy,227248199
2024-07-30 10:39:09,18150.0,3200,Buy,227248200
2024-07-30 10:39:09,18150.0,200,Buy,227248198
2024-07-30 10:39:11,18150.0,600,Buy,227248240
2024-07-30 10:39:19,18150.0,500,Buy,227248367
2024-07-30 10:39:25,18100.0,900,Sell,227248453
2024-07-30 10:39:25,18100.0,600,Sell,227248454
2024-07-30 10:39:31,18150.0,5000,Buy,227248546
2024-07-30 10:39:35,18150.0,10000,Buy,227248612
2024-07-30 10:39:37,18150.0,200,Buy,227248643
2024-07-30 10:39:37,18150.0,700,Buy,227248641
2024-07-30 10:39:37,18150.0,100,Buy,227248642
2024-07-30 10:39:38,18150.0,300,Buy,227248656
2024-07-30 10:39:38,18150.0,1200,Buy,227248657
2024-07-30 10:39:39,18150.0,600,Buy,227248684
2024-07-30 10:39:39,18150.0,100,Buy,227248685
2024-07-30 10:39:39,18150.0,2000,Buy,227248686
2024-07-30 10:39:39,18150.0,1000,Buy,227248687
2024-07-30 10:39:39,18150.0,12800,Buy,227248688
2024-07-30 10:39:40,18150.0,800,Buy,227248697
2024-07-30 10:39:40,18150.0,2200,Buy,227248696
2024-07-30 10:39:42,18150.0,1000,Buy,227248740
2024-07-30 10:39:42,18150.0,3000,Buy,227248743
2024-07-30 10:39:43,18150.0,500,Buy,227248748
2024-07-30 10:39:43,18150.0,10300,Buy,227248749
2024-07-30 10:39:43,18150.0,200,Buy,227248750
2024-07-30 10:39:43,18150.0,500,Buy,227248751
2024-07-30 10:39:43,18150.0,100,Buy,227248752
2024-07-30 10:39:45,18150.0,1500,Sell,227248778
2024-07-30 10:39:49,18200.0,3000,Buy,227248854
2024-07-30 10:39:49,18200.0,700,Buy,227248856
2024-07-30 10:39:49,18200.0,100,Buy,227248855
2024-07-30 10:39:49,18200.0,1000,Buy,227248853
2024-07-30 10:39:49,18200.0,200,Buy,227248852
2024-07-30 10:40:06,18150.0,1500,Sell,227249078
2024-07-30 10:40:12,18200.0,500,Buy,227249156
2024-07-30 10:40:12,18200.0,300,Buy,227249155
2024-07-30 10:40:12,18200.0,200,Buy,227249157
2024-07-30 10:40:13,18150.0,500,Sell,227249176
2024-07-30 10:40:26,18150.0,1500,Sell,227249368
2024-07-30 10:40:46,18150.0,1500,Sell,227249633
2024-07-30 10:40:48,18200.0,300,Buy,227249649
2024-07-30 10:40:48,18200.0,100,Buy,227249650
2024-07-30 10:40:48,18200.0,100,Buy,227249651
2024-07-30 10:40:53,18150.0,200,Sell,227249716
2024-07-30 10:41:06,18150.0,1500,Sell,227249901
2024-07-30 10:41:26,18150.0,1500,Sell,227250208
2024-07-30 10:41:27,18150.0,100,Sell,227250222
2024-07-30 10:41:47,18150.0,1500,Sell,227250522
2024-07-30 10:41:55,18150.0,1000,Sell,227250649
2024-07-30 10:41:59,18150.0,9800,Sell,227250686
2024-07-30 10:42:00,18200.0,100,Buy,227250728
2024-07-30 10:42:04,18200.0,300,Buy,227250812
2024-07-30 10:42:04,18200.0,300,Buy,227250813
2024-07-30 10:42:04,18200.0,900,Buy,227250814
2024-07-30 10:42:07,18150.0,1500,Sell,227250895
2024-07-30 10:42:27,18150.0,1500,Sell,227251140
2024-07-30 10:42:30,18150.0,200,Sell,227251190
2024-07-30 10:42:37,18200.0,900,Buy,227251336
2024-07-30 10:42:37,18200.0,100,Buy,227251335
2024-07-30 10:42:47,18150.0,1500,Sell,227251560
2024-07-30 10:42:54,18150.0,5400,Sell,227251690
2024-07-30 10:42:57,18200.0,1000,Buy,227251745
2024-07-30 10:43:08,18150.0,1500,Sell,227251875
2024-07-30 10:43:28,18150.0,1500,Sell,227252221
2024-07-30 10:43:48,18150.0,1500,Sell,227252603
2024-07-30 10:43:52,18200.0,300,Buy,227252684
2024-07-30 10:44:08,18150.0,1500,Sell,227252920
2024-07-30 10:44:27,18150.0,700,Sell,227253197
2024-07-30 10:44:27,18150.0,700,Sell,227253194
2024-07-30 10:44:27,18150.0,3000,Sell,227253195
2024-07-30 10:44:27,18150.0,1000,Sell,227253196
2024-07-30 10:44:28,18150.0,300,Sell,227253228
2024-07-30 10:44:28,18150.0,1200,Sell,227253229
2024-07-30 10:44:31,18150.0,8800,Sell,227253253
2024-07-30 10:44:31,18150.0,1000,Sell,227253254
2024-07-30 10:44:31,18150.0,200,Sell,227253255
2024-07-30 10:44:39,18150.0,2400,Sell,227253384
2024-07-30 10:44:48,18150.0,300,Sell,227253485
2024-07-30 10:44:48,18150.0,1200,Sell,227253486
2024-07-30 10:44:55,18200.0,100,Buy,227253558
2024-07-30 10:45:05,18150.0,1000,Sell,227253693
2024-07-30 10:45:08,18150.0,600,Sell,227253761
2024-07-30 10:45:08,18150.0,400,Sell,227253762
2024-07-30 10:45:08,18150.0,500,Sell,227253760
2024-07-30 10:45:15,18150.0,100,Sell,227253894
2024-07-30 10:45:15,18150.0,5000,Sell,227253895
2024-07-30 10:45:15,18150.0,500,Sell,227253896
2024-07-30 10:45:15,18150.0,2500,Sell,227253897
2024-07-30 10:45:15,18150.0,1900,Sell,227253898
2024-07-30 10:45:16,18150.0,5400,Sell,227253940
2024-07-30 10:45:21,18200.0,500,Buy,227254014
2024-07-30 10:45:23,18200.0,100,Buy,227254037
2024-07-30 10:45:29,18150.0,400,Sell,227254108
2024-07-30 10:45:29,18150.0,1100,Sell,227254109
2024-07-30 10:45:46,18150.0,200,Sell,227254391
2024-07-30 10:45:49,18150.0,1500,Sell,227254428
2024-07-30 10:46:09,18150.0,1500,Sell,227254817
2024-07-30 10:46:29,18150.0,700,Sell,227255132
2024-07-30 10:46:29,18150.0,800,Sell,227255133
2024-07-30 10:46:50,18150.0,200,Sell,227255418
2024-07-30 10:46:50,18150.0,900,Sell,227255419
2024-07-30 10:46:50,18150.0,100,Sell,227255420
2024-07-30 10:46:50,18150.0,300,Sell,227255421
2024-07-30 10:47:10,18150.0,1000,Sell,227255756
2024-07-30 10:47:10,18150.0,500,Sell,227255757
2024-07-30 10:47:17,18150.0,200,Sell,227255836
2024-07-30 10:47:17,18150.0,100,Sell,227255835
2024-07-30 10:47:17,18150.0,200,Sell,227255831
2024-07-30 10:47:17,18150.0,1000,Sell,227255833
2024-07-30 10:47:17,18150.0,500,Sell,227255832
2024-07-30 10:47:17,18150.0,8000,Sell,227255834
2024-07-30 10:47:30,18150.0,800,Sell,227256030
2024-07-30 10:47:30,18150.0,700,Sell,227256031
2024-07-30 10:47:50,18150.0,1300,Sell,227256371
2024-07-30 10:47:50,18150.0,200,Sell,227256372
2024-07-30 10:48:10,18150.0,300,Sell,227256763
2024-07-30 10:48:10,18150.0,500,Sell,227256764
2024-07-30 10:48:10,18150.0,700,Sell,227256765
2024-07-30 10:48:12,18150.0,3200,Sell,227256788
2024-07-30 10:48:12,18150.0,300,Sell,227256785
2024-07-30 10:48:12,18150.0,2000,Sell,227256786
2024-07-30 10:48:12,18150.0,15000,Sell,227256787
2024-07-30 10:48:17,18150.0,100,Sell,227256841
2024-07-30 10:48:31,18150.0,1500,Sell,227257027
2024-07-30 10:48:32,18150.0,500,Sell,227257044
2024-07-30 10:48:32,18150.0,2100,Sell,227257046
2024-07-30 10:48:32,18150.0,1000,Sell,227257045
2024-07-30 10:48:32,18150.0,500,Sell,227257043
2024-07-30 10:48:32,18150.0,5000,Sell,227257039
2024-07-30 10:48:32,18150.0,1200,Sell,227257041
2024-07-30 10:48:32,18150.0,200,Sell,227257038
2024-07-30 10:48:32,18150.0,500,Sell,227257042
2024-07-30 10:48:32,18150.0,2000,Sell,227257040
2024-07-30 10:48:38,18150.0,3000,Sell,227257168
2024-07-30 10:48:38,18150.0,500,Sell,227257167
2024-07-30 10:48:38,18150.0,600,Sell,227257163
2024-07-30 10:48:38,18150.0,5000,Sell,227257165
2024-07-30 10:48:38,18150.0,500,Sell,227257164
2024-07-30 10:48:38,18150.0,400,Sell,227257166
2024-07-30 10:48:43,18150.0,7000,Sell,227257234
2024-07-30 10:48:51,18100.0,1500,Sell,227257387
2024-07-30 10:49:11,18100.0,1500,Sell,227257664
2024-07-30 10:49:12,18150.0,100,Buy,227257675
2024-07-30 10:49:25,18150.0,500,Buy,227257891
2024-07-30 10:49:30,18150.0,400,Buy,227257972
2024-07-30 10:49:31,18100.0,1500,Sell,227257982
2024-07-30 10:49:47,18150.0,300,Buy,227258187
2024-07-30 10:49:51,18100.0,1500,Sell,227258287
2024-07-30 10:50:12,18100.0,100,Sell,227258603
2024-07-30 10:50:12,18100.0,1400,Sell,227258602
2024-07-30 10:50:32,18100.0,900,Sell,227259087
2024-07-30 10:50:32,18100.0,100,Sell,227259085
2024-07-30 10:50:32,18100.0,500,Sell,227259086
2024-07-30 10:50:38,18100.0,100,Sell,227259165
2024-07-30 10:50:52,18100.0,300,Sell,227259403
2024-07-30 10:50:52,18100.0,500,Sell,227259404
2024-07-30 10:50:52,18100.0,700,Sell,227259405
2024-07-30 10:50:57,18100.0,5900,Sell,227259485
2024-07-30 10:50:57,18100.0,2600,Sell,227259484
2024-07-30 10:50:57,18100.0,300,Sell,227259483
2024-07-30 10:50:57,18100.0,3000,Sell,227259482
2024-07-30 10:50:57,18100.0,2000,Sell,227259479
2024-07-30 10:50:57,18100.0,500,Sell,227259478
2024-07-30 10:50:57,18100.0,2000,Sell,227259477
2024-07-30 10:50:57,18100.0,800,Sell,227259476
2024-07-30 10:50:57,18100.0,600,Sell,227259480
2024-07-30 10:50:57,18100.0,300,Sell,227259481
2024-07-30 10:51:12,18100.0,1500,Sell,227259720
2024-07-30 10:51:32,18100.0,1600,Sell,227260047
2024-07-30 10:51:50,18100.0,200,Sell,227260267
2024-07-30 10:51:52,18100.0,800,Sell,227260314
2024-07-30 10:51:52,18100.0,800,Sell,227260313
2024-07-30 10:52:13,18100.0,900,Sell,227260606
2024-07-30 10:52:13,18100.0,200,Sell,227260604
2024-07-30 10:52:13,18100.0,500,Sell,227260605
2024-07-30 10:52:33,18100.0,100,Sell,227260893
2024-07-30 10:52:33,18100.0,1000,Sell,227260894
2024-07-30 10:52:33,18100.0,500,Sell,227260895
2024-07-30 10:52:53,18100.0,500,Sell,227261164
2024-07-30 10:52:53,18100.0,100,Sell,227261165
2024-07-30 10:52:53,18100.0,200,Sell,227261166
2024-07-30 10:52:53,18100.0,800,Sell,227261167
2024-07-30 10:53:09,18150.0,500,Buy,227261393
2024-07-30 10:53:13,18100.0,1600,Sell,227261435
2024-07-30 10:53:22,18150.0,100,Buy,227261551
2024-07-30 10:53:32,18100.0,1500,Sell,227261690
2024-07-30 10:53:33,18100.0,1600,Sell,227261708
2024-07-30 10:53:44,18150.0,1000,Buy,227261856
2024-07-30 10:53:54,18100.0,1600,Sell,227261978
2024-07-30 10:54:14,18100.0,1600,Sell,227262317
2024-07-30 10:54:34,18100.0,1600,Sell,227262613
2024-07-30 10:54:54,18100.0,1600,Sell,227263236
2024-07-30 10:55:14,18100.0,1600,Sell,227263719
2024-07-30 10:55:26,18100.0,900,Sell,227263931
2024-07-30 10:55:34,18100.0,600,Sell,227264075
2024-07-30 10:55:34,18100.0,1000,Sell,227264076
2024-07-30 10:55:55,18100.0,700,Sell,227264521
2024-07-30 10:55:55,18100.0,500,Sell,227264519
2024-07-30 10:55:55,18100.0,400,Sell,227264520
2024-07-30 10:55:59,18150.0,1400,Buy,227264587
2024-07-30 10:56:15,18100.0,1600,Sell,227264791
2024-07-30 10:56:26,18150.0,500,Buy,227264921
2024-07-30 10:56:35,18100.0,1600,Sell,227265058
2024-07-30 10:56:54,18100.0,100,Sell,227265311
2024-07-30 10:56:54,18100.0,400,Sell,227265310
2024-07-30 10:56:54,18100.0,200,Sell,227265312
2024-07-30 10:56:54,18100.0,200,Sell,227265308
2024-07-30 10:56:54,18100.0,1100,Sell,227265307
2024-07-30 10:56:54,18100.0,1000,Sell,227265309
2024-07-30 10:56:55,18100.0,1300,Sell,227265328
2024-07-30 10:56:55,18100.0,300,Sell,227265329
2024-07-30 10:57:16,18100.0,400,Sell,227265604
2024-07-30 10:57:16,18100.0,1000,Sell,227265605
2024-07-30 10:57:16,18100.0,200,Sell,227265606
2024-07-30 10:57:36,18100.0,1600,Sell,227265933
2024-07-30 10:57:40,18100.0,1600,Sell,227265993
2024-07-30 10:57:40,18100.0,6000,Sell,227265990
2024-07-30 10:57:40,18100.0,200,Sell,227265989
2024-07-30 10:57:40,18100.0,1500,Sell,227265992
2024-07-30 10:57:40,18100.0,500,Sell,227265987
2024-07-30 10:57:40,18100.0,2000,Sell,227265988
2024-07-30 10:57:40,18100.0,3200,Sell,227265985
2024-07-30 10:57:40,18100.0,5000,Sell,227265991
2024-07-30 10:57:40,18100.0,10000,Sell,227265986
2024-07-30 10:57:56,18100.0,100,Sell,227266242
2024-07-30 10:57:56,18100.0,1400,Sell,227266240
2024-07-30 10:57:56,18100.0,100,Sell,227266241
2024-07-30 10:58:16,18100.0,1000,Sell,227266612
2024-07-30 10:58:16,18100.0,100,Sell,227266610
2024-07-30 10:58:16,18100.0,500,Sell,227266611
2024-07-30 10:58:36,18100.0,300,Sell,227267391
2024-07-30 10:58:36,18100.0,1300,Sell,227267392
2024-07-30 10:58:38,18100.0,100,Sell,227267456
2024-07-30 10:58:56,18100.0,1600,Sell,227267913
2024-07-30 10:59:17,18100.0,1600,Sell,227268205
2024-07-30 10:59:37,18100.0,1600,Sell,227268468
2024-07-30 10:59:55,18100.0,200,Sell,227268723
2024-07-30 10:59:55,18100.0,100,Sell,227268722
2024-07-30 10:59:55,18100.0,100,Sell,227268721
2024-07-30 10:59:55,18100.0,500,Sell,227268720
2024-07-30 10:59:55,18100.0,4300,Sell,227268718
2024-07-30 10:59:55,18100.0,500,Sell,227268717
2024-07-30 10:59:55,18100.0,3800,Sell,227268716
2024-07-30 10:59:55,18100.0,500,Sell,227268719
2024-07-30 10:59:57,18100.0,200,Sell,227268824
2024-07-30 10:59:57,18100.0,1400,Sell,227268825
2024-07-30 11:00:17,18100.0,1200,Sell,227269159
2024-07-30 11:00:17,18100.0,400,Sell,227269160
2024-07-30 11:00:32,18100.0,300,Sell,227269390
2024-07-30 11:00:32,18100.0,2000,Sell,227269389
2024-07-30 11:00:32,18100.0,400,Sell,227269388
2024-07-30 11:00:38,18100.0,700,Sell,227269438
2024-07-30 11:00:38,18100.0,900,Sell,227269439
2024-07-30 11:00:58,18100.0,100,Sell,227269981
2024-07-30 11:00:58,18100.0,200,Sell,227269982
2024-07-30 11:00:58,18100.0,500,Sell,227269983
2024-07-30 11:00:58,18100.0,800,Sell,227269984
2024-07-30 11:01:18,18100.0,200,Sell,227270369
2024-07-30 11:01:18,18100.0,1000,Sell,227270370
2024-07-30 11:01:18,18100.0,400,Sell,227270371
2024-07-30 11:01:33,18100.0,100,Sell,227270690
2024-07-30 11:01:33,18100.0,200,Sell,227270689
2024-07-30 11:01:38,18100.0,100,Sell,227270759
2024-07-30 11:01:38,18100.0,1500,Sell,227270760
2024-07-30 11:01:40,18100.0,100,Sell,227270805
2024-07-30 11:01:58,18100.0,400,Sell,227271056
2024-07-30 11:01:58,18100.0,100,Sell,227271057
2024-07-30 11:01:58,18100.0,200,Sell,227271058
2024-07-30 11:01:58,18100.0,900,Sell,227271059
2024-07-30 11:02:11,18100.0,100,Sell,227271250
2024-07-30 11:02:11,18100.0,400,Sell,227271251
2024-07-30 11:02:19,18100.0,600,Sell,227271519
2024-07-30 11:02:19,18100.0,1000,Sell,227271520
2024-07-30 11:02:39,18100.0,1000,Sell,227271797
2024-07-30 11:02:39,18100.0,600,Sell,227271798
2024-07-30 11:02:50,18150.0,600,Buy,227271924
2024-07-30 11:02:58,18100.0,100,Sell,227272060
2024-07-30 11:02:59,18100.0,1000,Sell,227272071
2024-07-30 11:02:59,18100.0,200,Sell,227272072
2024-07-30 11:02:59,18100.0,300,Sell,227272069
2024-07-30 11:02:59,18100.0,100,Sell,227272070
2024-07-30 11:03:17,18100.0,2300,Sell,227272261
2024-07-30 11:03:17,18100.0,700,Sell,227272262
2024-07-30 11:03:19,18100.0,1600,Sell,227272288
2024-07-30 11:03:27,18100.0,200,Sell,227272384
2024-07-30 11:03:27,18100.0,800,Sell,227272385
2024-07-30 11:03:33,18100.0,5000,Sell,227272502
2024-07-30 11:03:33,18100.0,500,Sell,227272503
2024-07-30 11:03:33,18100.0,1000,Sell,227272501
2024-07-30 11:03:33,18100.0,1600,Sell,227272504
2024-07-30 11:03:33,18100.0,1000,Sell,227272499
2024-07-30 11:03:33,18100.0,200,Sell,227272498
2024-07-30 11:03:33,18100.0,200,Sell,227272497
2024-07-30 11:03:33,18100.0,500,Sell,227272500
2024-07-30 11:03:37,18100.0,500,Sell,227272579
2024-07-30 11:03:39,18100.0,200,Sell,227272691
2024-07-30 11:03:39,18100.0,1600,Sell,227272697
2024-07-30 11:03:50,18150.0,200,Buy,227272807
2024-07-30 11:04:00,18100.0,1600,Sell,227272977
2024-07-30 11:04:04,18100.0,4500,Sell,227273047
2024-07-30 11:04:04,18100.0,2200,Sell,227273048
2024-07-30 11:04:20,18100.0,1600,Sell,227273353
2024-07-30 11:04:20,18150.0,1500,Buy,227273355
2024-07-30 11:04:32,18150.0,500,Buy,227273511
2024-07-30 11:04:40,18100.0,1600,Sell,227273672
2024-07-30 11:05:00,18100.0,1600,Sell,227274187
2024-07-30 11:05:02,18100.0,300,Sell,227274198
2024-07-30 11:05:21,18100.0,1600,Sell,227274441
2024-07-30 11:05:24,18100.0,200,Sell,227274475
2024-07-30 11:05:41,18100.0,900,Sell,227274792
2024-07-30 11:05:41,18100.0,500,Sell,227274793
2024-07-30 11:05:41,18100.0,200,Sell,227274794
2024-07-30 11:06:01,18100.0,800,Sell,227275144
2024-07-30 11:06:01,18100.0,100,Sell,227275145
2024-07-30 11:06:01,18100.0,700,Sell,227275146
2024-07-30 11:06:21,18100.0,500,Sell,227275504
2024-07-30 11:06:21,18100.0,1100,Sell,227275505
2024-07-30 11:06:41,18100.0,500,Sell,227275827
2024-07-30 11:06:41,18100.0,900,Sell,227275825
2024-07-30 11:06:41,18100.0,200,Sell,227275826
2024-07-30 11:06:52,18100.0,200,Sell,227276016
2024-07-30 11:06:54,18100.0,300,Sell,227276065
2024-07-30 11:06:54,18100.0,100,Sell,227276066
2024-07-30 11:06:54,18100.0,100,Sell,227276067
2024-07-30 11:07:02,18100.0,300,Sell,227276191
2024-07-30 11:07:02,18100.0,200,Sell,227276188
2024-07-30 11:07:02,18100.0,200,Sell,227276190
2024-07-30 11:07:02,18100.0,100,Sell,227276186
2024-07-30 11:07:02,18100.0,200,Sell,227276185
2024-07-30 11:07:02,18100.0,100,Sell,227276187
2024-07-30 11:07:02,18100.0,500,Sell,227276189
2024-07-30 11:07:22,18100.0,700,Sell,227276455
2024-07-30 11:07:22,18100.0,900,Sell,227276456
2024-07-30 11:07:24,18100.0,400,Sell,227276500
2024-07-30 11:07:24,18100.0,1000,Sell,227276501
2024-07-30 11:07:24,18100.0,700,Sell,227276502
2024-07-30 11:07:24,18100.0,900,Sell,227276503
2024-07-30 11:07:40,18100.0,100,Sell,227276863
2024-07-30 11:07:40,18100.0,2300,Sell,227276864
2024-07-30 11:07:40,18100.0,300,Sell,227276861
2024-07-30 11:07:40,18100.0,600,Sell,227276860
2024-07-30 11:07:40,18100.0,100,Sell,227276859
2024-07-30 11:07:40,18100.0,2000,Sell,227276862
2024-07-30 11:07:42,18100.0,1600,Sell,227276926
2024-07-30 11:08:02,18100.0,1100,Sell,227277258
2024-07-30 11:08:02,18100.0,500,Sell,227277259
2024-07-30 11:08:12,18100.0,300,Sell,227277358
2024-07-30 11:08:22,18100.0,200,Sell,227277513
2024-07-30 11:08:22,18100.0,1000,Sell,227277514
2024-07-30 11:08:22,18100.0,400,Sell,227277515
2024-07-30 11:08:43,18100.0,1600,Sell,227277816
2024-07-30 11:08:48,18100.0,100,Sell,227277869
2024-07-30 11:09:03,18100.0,1600,Sell,227278126
2024-07-30 11:09:23,18100.0,1600,Sell,227278383
2024-07-30 11:09:31,18100.0,7000,Sell,227278534
2024-07-30 11:09:41,18100.0,1000,Sell,227278651
2024-07-30 11:09:43,18100.0,1600,Sell,227278684
2024-07-30 11:09:52,18100.0,5100,Sell,227278860
2024-07-30 11:09:52,18100.0,3000,Sell,227278861
2024-07-30 11:09:52,18100.0,1900,Sell,227278862
2024-07-30 11:10:03,18100.0,500,Sell,227279068
2024-07-30 11:10:03,18100.0,400,Sell,227279069
2024-07-30 11:10:03,18100.0,100,Sell,227279066
2024-07-30 11:10:03,18100.0,100,Sell,227279065
2024-07-30 11:10:03,18100.0,500,Sell,227279067
2024-07-30 11:10:04,18100.0,600,Sell,227279075
2024-07-30 11:10:04,18100.0,1000,Sell,227279076
2024-07-30 11:10:04,18100.0,400,Sell,227279077
2024-07-30 11:10:20,18100.0,100,Sell,227279304
2024-07-30 11:10:20,18100.0,100,Sell,227279305
2024-07-30 11:10:24,18100.0,1600,Sell,227279369
2024-07-30 11:10:32,18100.0,300,Sell,227279531
2024-07-30 11:10:32,18100.0,700,Sell,227279532
2024-07-30 11:10:33,18100.0,1000,Sell,227279546
2024-07-30 11:10:33,18100.0,1000,Sell,227279544
2024-07-30 11:10:33,18100.0,3000,Sell,227279545
2024-07-30 11:10:35,18100.0,500,Sell,227279579
2024-07-30 11:10:35,18100.0,1000,Sell,227279580
2024-07-30 11:10:35,18100.0,3500,Sell,227279581
2024-07-30 11:10:44,18100.0,1600,Sell,227279763
2024-07-30 11:10:53,18100.0,500,Sell,227279946
2024-07-30 11:10:53,18100.0,4400,Sell,227279973
2024-07-30 11:10:53,18100.0,2000,Sell,227279974
2024-07-30 11:10:53,18100.0,1000,Sell,227279975
2024-07-30 11:10:53,18100.0,2000,Sell,227279976
2024-07-30 11:10:53,18100.0,200,Sell,227279977
2024-07-30 11:10:53,18100.0,400,Sell,227279978
2024-07-30 11:11:04,18100.0,400,Sell,227280189
2024-07-30 11:11:04,18100.0,1100,Sell,227280187
2024-07-30 11:11:04,18100.0,100,Sell,227280188
2024-07-30 11:11:17,18100.0,500,Sell,227280385
2024-07-30 11:11:20,18100.0,500,Sell,227280426
2024-07-30 11:11:24,18100.0,1600,Sell,227280483
2024-07-30 11:11:27,18100.0,5400,Sell,227280574
2024-07-30 11:11:27,18100.0,2000,Sell,227280572
2024-07-30 11:11:27,18100.0,300,Sell,227280571
2024-07-30 11:11:27,18100.0,300,Sell,227280573
2024-07-30 11:11:27,18100.0,1000,Sell,227280569
2024-07-30 11:11:27,18100.0,2000,Sell,227280568
2024-07-30 11:11:27,18100.0,1000,Sell,227280567
2024-07-30 11:11:27,18100.0,2000,Sell,227280566
2024-07-30 11:11:27,18100.0,1000,Sell,227280570
2024-07-30 11:11:37,18100.0,3000,Sell,227280695
2024-07-30 11:11:44,18100.0,1600,Sell,227280848
2024-07-30 11:11:54,18100.0,1000,Sell,227281042
2024-07-30 11:11:54,18100.0,500,Sell,227281043
2024-07-30 11:11:54,18100.0,300,Sell,227281044
2024-07-30 11:11:54,18100.0,200,Sell,227281045
2024-07-30 11:12:05,18100.0,1600,Sell,227281279
2024-07-30 11:12:07,18150.0,500,Buy,227281314
2024-07-30 11:12:18,18150.0,5000,Buy,227281446
2024-07-30 11:12:25,18100.0,100,Sell,227281562
2024-07-30 11:12:25,18100.0,1200,Sell,227281560
2024-07-30 11:12:25,18100.0,300,Sell,227281561
2024-07-30 11:12:45,18100.0,500,Sell,227281831
2024-07-30 11:12:45,18100.0,900,Sell,227281830
2024-07-30 11:12:45,18100.0,200,Sell,227281832
2024-07-30 11:12:46,18100.0,500,Sell,227281852
2024-07-30 11:12:51,18100.0,100,Sell,227281924
2024-07-30 11:13:05,18100.0,1200,Sell,227282125
2024-07-30 11:13:05,18100.0,300,Sell,227282126
2024-07-30 11:13:05,18100.0,100,Sell,227282127
2024-07-30 11:13:08,18100.0,400,Sell,227282147
2024-07-30 11:13:08,18100.0,100,Sell,227282148
2024-07-30 11:13:26,18100.0,1600,Sell,227282416
2024-07-30 11:13:46,18100.0,1600,Sell,227282646
2024-07-30 11:14:03,18150.0,200,Buy,227283107
2024-07-30 11:14:06,18100.0,1600,Sell,227283149
2024-07-30 11:14:26,18100.0,1600,Sell,227283381
2024-07-30 11:14:28,18100.0,500,Sell,227283403
2024-07-30 11:14:46,18100.0,1600,Sell,227283771
2024-07-30 11:15:07,18100.0,1600,Sell,227284068
2024-07-30 11:15:27,18100.0,300,Sell,227284434
2024-07-30 11:15:27,18100.0,1000,Sell,227284435
2024-07-30 11:15:27,18100.0,300,Sell,227284436
2024-07-30 11:15:31,18100.0,1000,Sell,227284464
2024-07-30 11:15:47,18100.0,500,Sell,227284752
2024-07-30 11:15:47,18100.0,1200,Sell,227284753
2024-07-30 11:16:07,18100.0,700,Sell,227285011
2024-07-30 11:16:07,18100.0,100,Sell,227285010
2024-07-30 11:16:07,18100.0,800,Sell,227285008
2024-07-30 11:16:07,18100.0,100,Sell,227285009
2024-07-30 11:16:27,18100.0,1700,Sell,227285356
2024-07-30 11:16:28,18100.0,3100,Sell,227285363
2024-07-30 11:16:28,18100.0,100,Sell,227285386
2024-07-30 11:16:28,18100.0,200,Sell,227285385
2024-07-30 11:16:28,18100.0,100,Sell,227285384
2024-07-30 11:16:28,18100.0,300,Sell,227285383
2024-07-30 11:16:28,18100.0,100,Sell,227285382
2024-07-30 11:16:28,18100.0,500,Sell,227285381
2024-07-30 11:16:28,18100.0,1500,Sell,227285375
2024-07-30 11:16:28,18100.0,200,Sell,227285374
2024-07-30 11:16:28,18100.0,6800,Sell,227285373
2024-07-30 11:16:28,18100.0,2600,Sell,227285371
2024-07-30 11:16:28,18100.0,600,Sell,227285370
2024-07-30 11:16:28,18100.0,600,Sell,227285369
2024-07-30 11:16:28,18100.0,10000,Sell,227285368
2024-07-30 11:16:28,18100.0,100,Sell,227285367
2024-07-30 11:16:28,18100.0,200,Sell,227285366
2024-07-30 11:16:28,18100.0,100,Sell,227285365
2024-07-30 11:16:28,18100.0,500,Sell,227285364
2024-07-30 11:16:28,18100.0,1000,Sell,227285387
2024-07-30 11:16:28,18100.0,500,Sell,227285372
2024-07-30 11:16:42,18100.0,500,Buy,227285658
2024-07-30 11:16:48,18050.0,800,Sell,227285744
2024-07-30 11:16:48,18050.0,900,Sell,227285743
2024-07-30 11:17:08,18050.0,200,Sell,227286018
2024-07-30 11:17:08,18050.0,100,Sell,227286019
2024-07-30 11:17:08,18050.0,200,Sell,227286020
2024-07-30 11:17:08,18050.0,100,Sell,227286021
2024-07-30 11:17:08,18050.0,100,Sell,227286022
2024-07-30 11:17:08,18050.0,1000,Sell,227286023
2024-07-30 11:17:28,18050.0,1000,Sell,227286326
2024-07-30 11:17:28,18050.0,500,Sell,227286327
2024-07-30 11:17:28,18050.0,200,Sell,227286328
2024-07-30 11:17:48,18050.0,700,Sell,227286630
2024-07-30 11:17:48,18050.0,800,Sell,227286628
2024-07-30 11:17:48,18050.0,200,Sell,227286629
2024-07-30 11:18:09,18050.0,300,Sell,227286922
2024-07-30 11:18:09,18050.0,1400,Sell,227286923
2024-07-30 11:18:29,18050.0,1700,Sell,227287216
2024-07-30 11:18:30,18100.0,400,Buy,227287237
2024-07-30 11:18:30,18100.0,600,Buy,227287238
2024-07-30 11:18:44,18100.0,500,Buy,227287482
2024-07-30 11:18:49,18050.0,1700,Sell,227287545
2024-07-30 11:18:59,18050.0,500,Sell,227287651
2024-07-30 11:18:59,18050.0,200,Sell,227287652
2024-07-30 11:18:59,18050.0,200,Sell,227287649
2024-07-30 11:18:59,18050.0,100,Sell,227287650
2024-07-30 11:19:03,18100.0,400,Buy,227287674
2024-07-30 11:19:03,18100.0,100,Buy,227287675
2024-07-30 11:19:09,18050.0,1700,Sell,227287744
2024-07-30 11:19:16,18050.0,300,Sell,227287843
2024-07-30 11:19:28,18050.0,100,Sell,227288027
2024-07-30 11:19:30,18050.0,1700,Sell,227288052
2024-07-30 11:19:46,18050.0,1000,Sell,227288276
2024-07-30 11:19:50,18050.0,1100,Sell,227288358
2024-07-30 11:19:50,18050.0,100,Sell,227288357
2024-07-30 11:19:50,18050.0,100,Sell,227288355
2024-07-30 11:19:50,18050.0,200,Sell,227288354
2024-07-30 11:19:50,18050.0,200,Sell,227288356
2024-07-30 11:19:57,18050.0,900,Sell,227288477
2024-07-30 11:19:57,18050.0,100,Sell,227288478
2024-07-30 11:20:00,18050.0,2000,Sell,227288577
2024-07-30 11:20:05,18050.0,2900,Sell,227288688
2024-07-30 11:20:05,18050.0,200,Sell,227288687
2024-07-30 11:20:05,18050.0,500,Sell,227288686
2024-07-30 11:20:05,18050.0,500,Sell,227288685
2024-07-30 11:20:05,18050.0,1000,Sell,227288684
2024-07-30 11:20:05,18050.0,600,Sell,227288683
2024-07-30 11:20:05,18050.0,1000,Sell,227288682
2024-07-30 11:20:05,18050.0,3000,Sell,227288678
2024-07-30 11:20:05,18050.0,500,Sell,227288680
2024-07-30 11:20:05,18050.0,200,Sell,227288681
2024-07-30 11:20:05,18050.0,400,Sell,227288673
2024-07-30 11:20:05,18050.0,100,Sell,227288674
2024-07-30 11:20:05,18050.0,5600,Sell,227288677
2024-07-30 11:20:05,18050.0,100,Sell,227288676
2024-07-30 11:20:05,18050.0,200,Sell,227288679
2024-07-30 11:20:05,18050.0,200,Sell,227288675
2024-07-30 11:20:06,18100.0,2000,Buy,227288698
2024-07-30 11:20:10,18050.0,1700,Sell,227288734
2024-07-30 11:20:30,18050.0,400,Sell,227289025
2024-07-30 11:20:30,18050.0,500,Sell,227289026
2024-07-30 11:20:30,18050.0,100,Sell,227289027
2024-07-30 11:20:30,18050.0,500,Sell,227289028
2024-07-30 11:20:30,18050.0,200,Sell,227289029
2024-07-30 11:20:50,18050.0,1700,Sell,227289285
2024-07-30 11:21:11,18050.0,1000,Sell,227289494
2024-07-30 11:21:11,18050.0,600,Sell,227289495
2024-07-30 11:21:11,18050.0,100,Sell,227289493
2024-07-30 11:21:31,18050.0,400,Sell,227289741
2024-07-30 11:21:31,18050.0,1000,Sell,227289742
2024-07-30 11:21:31,18050.0,300,Sell,227289743
2024-07-30 11:21:41,18050.0,500,Sell,227289844
2024-07-30 11:21:51,18050.0,500,Sell,227289995
2024-07-30 11:21:51,18050.0,1200,Sell,227289994
2024-07-30 11:22:11,18050.0,600,Sell,227290229
2024-07-30 11:22:11,18050.0,1100,Sell,227290228
2024-07-30 11:22:17,18050.0,200,Sell,227290274
2024-07-30 11:22:21,18100.0,500,Buy,227290324
2024-07-30 11:22:24,18050.0,200,Sell,227290357
2024-07-30 11:22:32,18050.0,1000,Sell,227290440
2024-07-30 11:22:32,18050.0,500,Sell,227290441
2024-07-30 11:22:32,18050.0,200,Sell,227290442
2024-07-30 11:22:50,18050.0,200,Sell,227290658
2024-07-30 11:22:52,18050.0,500,Sell,227290680
2024-07-30 11:22:52,18050.0,1100,Sell,227290678
2024-07-30 11:22:52,18050.0,100,Sell,227290679
2024-07-30 11:23:12,18050.0,300,Sell,227291086
2024-07-30 11:23:12,18050.0,1500,Sell,227291085
2024-07-30 11:23:32,18050.0,1700,Sell,227291626
2024-07-30 11:23:32,18050.0,100,Sell,227291627
2024-07-30 11:23:50,18100.0,1000,Buy,227291897
2024-07-30 11:23:52,18050.0,200,Sell,227291924
2024-07-30 11:23:52,18050.0,1000,Sell,227291925
2024-07-30 11:23:52,18050.0,600,Sell,227291926
2024-07-30 11:24:12,18100.0,1100,Buy,227292165
2024-07-30 11:24:13,18050.0,1800,Sell,227292175
2024-07-30 11:24:33,18050.0,1800,Sell,227292394
2024-07-30 11:24:49,18050.0,100,Sell,227292572
2024-07-30 11:24:53,18050.0,400,Sell,227292621
2024-07-30 11:24:53,18050.0,700,Sell,227292618
2024-07-30 11:24:53,18050.0,500,Sell,227292619
2024-07-30 11:24:53,18050.0,200,Sell,227292620
2024-07-30 11:25:13,18050.0,1600,Sell,227292926
2024-07-30 11:25:13,18050.0,100,Sell,227292927
2024-07-30 11:25:13,18050.0,100,Sell,227292928
2024-07-30 11:25:33,18050.0,1300,Sell,227293133
2024-07-30 11:25:33,18050.0,500,Sell,227293134
2024-07-30 11:25:40,18100.0,300,Buy,227293202
2024-07-30 11:25:40,18100.0,700,Buy,227293203
2024-07-30 11:25:54,18050.0,700,Sell,227293419
2024-07-30 11:25:54,18050.0,100,Sell,227293418
2024-07-30 11:25:54,18050.0,1000,Sell,227293416
2024-07-30 11:25:54,18050.0,200,Sell,227293414
2024-07-30 11:25:54,18050.0,500,Sell,227293413
2024-07-30 11:25:54,18050.0,500,Sell,227293412
2024-07-30 11:25:54,18050.0,1000,Sell,227293417
2024-07-30 11:25:54,18050.0,200,Sell,227293410
2024-07-30 11:25:54,18050.0,500,Sell,227293411
2024-07-30 11:25:54,18050.0,1800,Sell,227293403
2024-07-30 11:25:54,18050.0,7700,Sell,227293406
2024-07-30 11:25:54,18050.0,500,Sell,227293415
2024-07-30 11:25:54,18050.0,100,Sell,227293408
2024-07-30 11:25:54,18050.0,1000,Sell,227293407
2024-07-30 11:25:54,18050.0,1000,Sell,227293409
2024-07-30 11:26:14,18050.0,700,Sell,227293644
2024-07-30 11:26:14,18050.0,1100,Sell,227293645
2024-07-30 11:26:14,18050.0,100,Sell,227293646
2024-07-30 11:26:30,18050.0,800,Sell,227293847
2024-07-30 11:26:30,18050.0,9200,Sell,227293848
2024-07-30 11:26:32,18050.0,200,Sell,227293862
2024-07-30 11:26:46,18100.0,100,Buy,227294142
2024-07-30 11:27:48,18100.0,200,Buy,227294867
2024-07-30 11:28:43,18050.0,500,Sell,227295770
2024-07-30 11:28:52,18050.0,10000,Sell,227295896
2024-07-30 11:29:32,18050.0,1800,Sell,227296417
2024-07-30 11:29:32,18050.0,1800,Sell,227296421
2024-07-30 11:29:32,18050.0,1800,Sell,227296426
2024-07-30 12:59:38,18050.0,100,Sell,227296510
2024-07-30 12:59:39,18050.0,4600,Sell,227296873
2024-07-30 12:59:39,18050.0,400,Sell,227296874
2024-07-30 12:59:40,18050.0,200,Sell,227297304
2024-07-30 12:59:44,18050.0,400,Sell,227298491
2024-07-30 12:59:46,18050.0,500,Sell,227299062
2024-07-30 12:59:46,18050.0,100,Sell,227299066
2024-07-30 12:59:46,18050.0,200,Sell,227299065
2024-07-30 12:59:46,18050.0,1000,Sell,227299061
2024-07-30 12:59:46,18050.0,200,Sell,227299063
2024-07-30 12:59:46,18050.0,1000,Sell,227299064
2024-07-30 12:59:51,18050.0,3300,Sell,227300232
2024-07-30 12:59:54,18100.0,100,Buy,227300450
2024-07-30 12:59:54,18100.0,400,Buy,227300451
2024-07-30 12:59:59,18050.0,600,Sell,227300860
2024-07-30 12:59:59,18050.0,100,Sell,227300861
2024-07-30 13:00:02,18100.0,100,Buy,227301101
2024-07-30 13:00:03,18050.0,100,Sell,227301181
2024-07-30 13:00:18,18050.0,100,Sell,227301525
2024-07-30 13:01:19,18050.0,100,Sell,227303272
2024-07-30 13:01:21,18050.0,400,Sell,227303311
2024-07-30 13:03:02,18050.0,200,Sell,227305879
2024-07-30 13:03:02,18050.0,1000,Sell,227305880
2024-07-30 13:03:02,18050.0,100,Sell,227305881
2024-07-30 13:03:02,18050.0,100,Sell,227305882
2024-07-30 13:03:02,18050.0,500,Sell,227305883
2024-07-30 13:03:02,18050.0,100,Sell,227305884
2024-07-30 13:03:02,18050.0,1000,Sell,227305885
2024-07-30 13:03:18,18050.0,500,Sell,227306375
2024-07-30 13:03:28,18050.0,100,Sell,227306623
2024-07-30 13:03:31,18100.0,200,Buy,227306694
2024-07-30 13:04:44,18100.0,900,Buy,227308867
2024-07-30 13:05:43,18100.0,900,Buy,227310466
2024-07-30 13:06:24,18100.0,500,Buy,227311863
2024-07-30 13:06:38,18100.0,100,Buy,227312238
2024-07-30 13:06:38,18100.0,300,Buy,227312239
2024-07-30 13:06:38,18100.0,2600,Buy,227312240
2024-07-30 13:07:13,18050.0,2600,Sell,227313253
2024-07-30 13:07:42,18050.0,1000,Sell,227314132
2024-07-30 13:09:15,18050.0,300,Sell,227317030
2024-07-30 13:09:15,18050.0,500,Sell,227317029
2024-07-30 13:09:15,18050.0,100,Sell,227317028
2024-07-30 13:09:15,18050.0,100,Sell,227317027
2024-07-30 13:09:15,18050.0,100,Sell,227317025
2024-07-30 13:09:15,18050.0,600,Sell,227317024
2024-07-30 13:09:15,18050.0,4800,Sell,227317023
2024-07-30 13:09:15,18050.0,1500,Sell,227317026
2024-07-30 13:09:55,18050.0,200,Sell,227318146
2024-07-30 13:09:55,18050.0,100,Sell,227318147
2024-07-30 13:09:55,18050.0,200,Sell,227318148
2024-07-30 13:09:55,18050.0,2000,Sell,227318149
2024-07-30 13:09:55,18050.0,2500,Sell,227318150
2024-07-30 13:10:06,18050.0,1800,Sell,227318537
2024-07-30 13:10:37,18050.0,700,Sell,227319444
2024-07-30 13:10:37,18050.0,700,Sell,227319442
2024-07-30 13:10:37,18050.0,200,Sell,227319443
2024-07-30 13:11:14,18100.0,400,Buy,227320767
2024-07-30 13:11:14,18100.0,100,Buy,227320768
2024-07-30 13:12:07,18100.0,100,Buy,227322224
2024-07-30 13:12:44,18100.0,500,Buy,227323237
2024-07-30 13:12:44,18100.0,5000,Buy,227323238
2024-07-30 13:12:44,18100.0,500,Buy,227323239
2024-07-30 13:12:44,18100.0,200,Buy,227323240
2024-07-30 13:12:44,18100.0,500,Buy,227323241
2024-07-30 13:12:44,18100.0,3600,Buy,227323242
2024-07-30 13:13:01,18050.0,100,Sell,227323710
2024-07-30 13:13:19,18100.0,300,Buy,227324109
2024-07-30 13:13:19,18100.0,3900,Buy,227324108
2024-07-30 13:13:19,18100.0,200,Buy,227324107
2024-07-30 13:13:19,18100.0,200,Buy,227324106
2024-07-30 13:13:19,18100.0,100,Buy,227324103
2024-07-30 13:13:19,18100.0,300,Buy,227324104
2024-07-30 13:13:19,18100.0,200,Buy,227324102
2024-07-30 13:13:19,18100.0,1800,Buy,227324101
2024-07-30 13:13:19,18100.0,3000,Buy,227324105
2024-07-30 13:13:37,18100.0,100,Buy,227324540
2024-07-30 13:13:38,18100.0,1000,Buy,227324559
2024-07-30 13:13:38,18100.0,200,Buy,227324561
2024-07-30 13:13:38,18100.0,100,Buy,227324560
2024-07-30 13:13:38,18100.0,2000,Buy,227324558
2024-07-30 13:13:38,18100.0,300,Buy,227324555
2024-07-30 13:13:38,18100.0,5000,Buy,227324556
2024-07-30 13:13:38,18100.0,500,Buy,227324554
2024-07-30 13:13:38,18100.0,300,Buy,227324553
2024-07-30 13:13:38,18100.0,600,Buy,227324557
2024-07-30 13:13:41,18100.0,100,Buy,227324635
2024-07-30 13:13:43,18100.0,500,Buy,227324686
2024-07-30 13:13:45,18100.0,400,Buy,227324730
2024-07-30 13:13:45,18100.0,100,Buy,227324731
2024-07-30 13:13:49,18100.0,100,Buy,227324795
2024-07-30 13:13:49,18100.0,1400,Buy,227324794
2024-07-30 13:13:49,18100.0,1000,Buy,227324793
2024-07-30 13:13:49,18100.0,500,Buy,227324791
2024-07-30 13:13:49,18100.0,1000,Buy,227324792
2024-07-30 13:13:53,18100.0,5000,Buy,227324876
2024-07-30 13:13:54,18100.0,100,Buy,227324908
2024-07-30 13:14:08,18100.0,1600,Buy,227325367
2024-07-30 13:14:19,18100.0,200,Buy,227325661
2024-07-30 13:14:41,18050.0,100,Sell,227326126
2024-07-30 13:14:48,18100.0,300,Buy,227326232
2024-07-30 13:14:48,18100.0,6000,Buy,227326231
2024-07-30 13:14:48,18100.0,200,Buy,227326229
2024-07-30 13:14:48,18100.0,3300,Buy,227326228
2024-07-30 13:14:48,18100.0,200,Buy,227326230
2024-07-30 13:14:57,18100.0,4700,Buy,227326481
2024-07-30 13:14:57,18100.0,100,Buy,227326482
2024-07-30 13:14:57,18100.0,200,Buy,227326483
2024-07-30 13:15:10,18100.0,800,Buy,227326749
2024-07-30 13:15:10,18100.0,1500,Buy,227326750
2024-07-30 13:15:10,18100.0,2000,Buy,227326751
2024-07-30 13:15:10,18100.0,1000,Buy,227326752
2024-07-30 13:15:10,18100.0,5000,Buy,227326753
2024-07-30 13:15:59,18100.0,1700,Sell,227328128
2024-07-30 13:16:06,18100.0,8000,Sell,227328278
2024-07-30 13:16:06,18100.0,1600,Sell,227328279
2024-07-30 13:16:06,18100.0,400,Sell,227328280
2024-07-30 13:16:16,18100.0,100,Sell,227328563
2024-07-30 13:16:47,18100.0,1000,Sell,227329266
2024-07-30 13:17:12,18100.0,200,Sell,227329889
2024-07-30 13:17:31,18100.0,1000,Sell,227330411
2024-07-30 13:17:51,18100.0,300,Sell,227331056
2024-07-30 13:17:51,18100.0,3500,Sell,227331060
2024-07-30 13:17:54,18100.0,100,Sell,227331156
2024-07-30 13:18:01,18100.0,8000,Sell,227331397
2024-07-30 13:18:09,18100.0,100,Sell,227331669
2024-07-30 13:18:31,18100.0,100,Sell,227332232
2024-07-30 13:18:35,18150.0,5000,Buy,227332321
2024-07-30 13:18:35,18150.0,2600,Buy,227332325
2024-07-30 13:18:35,18150.0,10000,Buy,227332324
2024-07-30 13:18:35,18150.0,2000,Buy,227332323
2024-07-30 13:18:35,18150.0,1000,Buy,227332322
2024-07-30 13:18:35,18150.0,100,Buy,227332320
2024-07-30 13:18:35,18150.0,4700,Buy,227332313
2024-07-30 13:18:35,18150.0,200,Buy,227332318
2024-07-30 13:18:35,18150.0,100,Buy,227332317
2024-07-30 13:18:35,18150.0,1000,Buy,227332316
2024-07-30 13:18:35,18150.0,2000,Buy,227332315
2024-07-30 13:18:35,18150.0,1000,Buy,227332314
2024-07-30 13:18:35,18150.0,300,Buy,227332319
2024-07-30 13:18:43,18150.0,300,Buy,227332562
2024-07-30 13:18:43,18150.0,1000,Buy,227332563
2024-07-30 13:18:48,18100.0,4000,Sell,227332719
2024-07-30 13:19:07,18150.0,4000,Buy,227333208
2024-07-30 13:19:16,18150.0,300,Buy,227333548
2024-07-30 13:19:16,18150.0,100,Buy,227333549
2024-07-30 13:19:16,18150.0,100,Buy,227333550
2024-07-30 13:19:16,18150.0,100,Buy,227333547
2024-07-30 13:19:33,18150.0,300,Buy,227334015
2024-07-30 13:19:43,18150.0,3200,Buy,227334296
2024-07-30 13:19:43,18150.0,100,Buy,227334295
2024-07-30 13:19:43,18150.0,100,Buy,227334293
2024-07-30 13:19:43,18150.0,600,Buy,227334292
2024-07-30 13:19:43,18150.0,2000,Buy,227334294
2024-07-30 13:19:53,18150.0,200,Buy,227334659
2024-07-30 13:19:53,18150.0,100,Buy,227334660
2024-07-30 13:19:53,18150.0,6900,Buy,227334661
2024-07-30 13:19:53,18150.0,1800,Buy,227334658
2024-07-30 13:19:57,18150.0,3100,Buy,227334756
2024-07-30 13:19:57,18150.0,500,Buy,227334757
2024-07-30 13:19:57,18150.0,8300,Buy,227334758
2024-07-30 13:20:03,18150.0,1500,Buy,227335019
2024-07-30 13:20:05,18150.0,500,Buy,227335071
2024-07-30 13:20:10,18150.0,500,Buy,227335175
2024-07-30 13:20:13,18150.0,1400,Buy,227335288
2024-07-30 13:20:14,18150.0,5000,Buy,227335305
2024-07-30 13:20:15,18150.0,100,Buy,227335356
2024-07-30 13:20:17,18150.0,2200,Buy,227335440
2024-07-30 13:20:17,18150.0,2000,Buy,227335439
2024-07-30 13:20:17,18150.0,200,Buy,227335438
2024-07-30 13:20:17,18150.0,100,Buy,227335437
2024-07-30 13:20:17,18150.0,100,Buy,227335436
2024-07-30 13:20:17,18150.0,3800,Buy,227335435
2024-07-30 13:20:17,18150.0,10000,Buy,227335434
2024-07-30 13:20:17,18150.0,300,Buy,227335432
2024-07-30 13:20:17,18150.0,2000,Buy,227335431
2024-07-30 13:20:17,18150.0,200,Buy,227335430
2024-07-30 13:20:17,18150.0,10000,Buy,227335429
2024-07-30 13:20:17,18150.0,200,Buy,227335428
2024-07-30 13:20:17,18150.0,200,Buy,227335427
2024-07-30 13:20:17,18150.0,1000,Buy,227335426
2024-07-30 13:20:17,18150.0,7700,Buy,227335425
2024-07-30 13:20:17,18150.0,10000,Buy,227335433
2024-07-30 13:20:18,18150.0,500,Buy,227335461
2024-07-30 13:20:18,18150.0,100,Buy,227335460
2024-07-30 13:20:18,18150.0,10000,Buy,227335459
2024-07-30 13:20:18,18150.0,1000,Buy,227335457
2024-07-30 13:20:18,18150.0,100,Buy,227335456
2024-07-30 13:20:18,18150.0,5000,Buy,227335455
2024-07-30 13:20:18,18150.0,2800,Buy,227335454
2024-07-30 13:20:18,18150.0,500,Buy,227335458
2024-07-30 13:20:38,18150.0,17000,Sell,227336162
2024-07-30 13:20:38,18150.0,1000,Sell,227336163
2024-07-30 13:20:38,18150.0,100,Sell,227336164
2024-07-30 13:20:38,18150.0,5000,Sell,227336165
2024-07-30 13:20:38,18150.0,1000,Sell,227336166
2024-07-30 13:20:38,18150.0,18000,Sell,227336167
2024-07-30 13:20:41,18150.0,7900,Buy,227336219
2024-07-30 13:21:07,18150.0,6000,Sell,227336966
2024-07-30 13:21:07,18150.0,2900,Sell,227336963
2024-07-30 13:21:07,18150.0,1000,Sell,227336964
2024-07-30 13:21:07,18150.0,100,Sell,227336965
2024-07-30 13:21:16,18150.0,1000,Sell,227337236
2024-07-30 13:21:31,18200.0,2000,Buy,227337701
2024-07-30 13:21:51,18150.0,3000,Sell,227338346
2024-07-30 13:21:51,18150.0,100,Sell,227338347
2024-07-30 13:21:51,18150.0,10000,Sell,227338348
2024-07-30 13:21:52,18150.0,1000,Buy,227338413
2024-07-30 13:21:59,18150.0,1000,Buy,227338628
2024-07-30 13:22:00,18150.0,500,Buy,227338689
2024-07-30 13:22:06,18150.0,200,Buy,227338858
2024-07-30 13:22:09,18150.0,1000,Buy,227338955
2024-07-30 13:22:17,18150.0,300,Buy,227339137
2024-07-30 13:22:19,18150.0,500,Buy,227339249
2024-07-30 13:22:27,18150.0,100,Buy,227339479
2024-07-30 13:22:28,18150.0,500,Buy,227339513
2024-07-30 13:22:31,18150.0,500,Buy,227339647
2024-07-30 13:22:32,18150.0,500,Buy,227339662
2024-07-30 13:22:43,18150.0,1300,Buy,227339970
2024-07-30 13:22:51,18150.0,100,Buy,227340185
2024-07-30 13:23:24,18150.0,5000,Buy,227341100
2024-07-30 13:23:33,18150.0,3000,Buy,227341302
2024-07-30 13:24:01,18100.0,800,Sell,227342045
2024-07-30 13:24:01,18100.0,1000,Sell,227342044
2024-07-30 13:24:22,18100.0,1200,Sell,227342574
2024-07-30 13:24:22,18100.0,600,Sell,227342575
2024-07-30 13:24:45,18100.0,400,Sell,227343329
2024-07-30 13:24:45,18100.0,600,Sell,227343330
2024-07-30 13:24:48,18100.0,900,Sell,227343382
2024-07-30 13:25:08,18100.0,100,Sell,227343901
2024-07-30 13:25:23,18100.0,100,Sell,227344241
2024-07-30 13:25:30,18100.0,5000,Sell,227344416
2024-07-30 13:25:30,18100.0,2000,Sell,227344415
2024-07-30 13:25:30,18100.0,500,Sell,227344414
2024-07-30 13:25:30,18100.0,13000,Sell,227344413
2024-07-30 13:25:30,18100.0,4500,Sell,227344412
2024-07-30 13:25:30,18100.0,1000,Sell,227344411
2024-07-30 13:25:30,18100.0,1000,Sell,227344410
2024-07-30 13:25:30,18100.0,100,Sell,227344409
2024-07-30 13:25:30,18100.0,2700,Sell,227344417
2024-07-30 13:25:30,18100.0,100,Sell,227344408
2024-07-30 13:25:30,18100.0,1000,Sell,227344406
2024-07-30 13:25:30,18100.0,48300,Sell,227344397
2024-07-30 13:25:30,18100.0,1400,Sell,227344398
2024-07-30 13:25:30,18100.0,4000,Sell,227344399
2024-07-30 13:25:30,18100.0,700,Sell,227344400
2024-07-30 13:25:30,18100.0,100,Sell,227344407
2024-07-30 13:25:30,18100.0,100,Sell,227344402
2024-07-30 13:25:30,18100.0,10000,Sell,227344403
2024-07-30 13:25:30,18100.0,2000,Sell,227344404
2024-07-30 13:25:30,18100.0,500,Sell,227344405
2024-07-30 13:25:30,18100.0,2000,Sell,227344401
2024-07-30 13:25:58,18100.0,200,Sell,227345101
2024-07-30 13:25:59,18100.0,100,Sell,227345169
2024-07-30 13:25:59,18100.0,600,Sell,227345168
2024-07-30 13:25:59,18100.0,300,Sell,227345167
2024-07-30 13:25:59,18100.0,500,Sell,227345166
2024-07-30 13:25:59,18100.0,100,Sell,227345163
2024-07-30 13:25:59,18100.0,1300,Sell,227345164
2024-07-30 13:25:59,18100.0,500,Sell,227345162
2024-07-30 13:25:59,18100.0,200,Sell,227345161
2024-07-30 13:25:59,18100.0,2000,Sell,227345170
2024-07-30 13:25:59,18100.0,100,Sell,227345165
2024-07-30 13:25:59,18100.0,1100,Sell,227345160
2024-07-30 13:26:03,18100.0,200,Buy,227345280
2024-07-30 13:26:28,18100.0,200,Sell,227345791
2024-07-30 13:26:28,18100.0,300,Sell,227345790
2024-07-30 13:26:38,18100.0,800,Sell,227346002
2024-07-30 13:26:38,18100.0,900,Sell,227346003
2024-07-30 13:26:42,18100.0,200,Sell,227346063
2024-07-30 13:26:58,18100.0,100,Sell,227346401
2024-07-30 13:27:05,18100.0,500,Sell,227346596
2024-07-30 13:27:05,18100.0,2200,Sell,227346594
2024-07-30 13:27:05,18100.0,1800,Sell,227346595
2024-07-30 13:27:05,18100.0,400,Sell,227346592
2024-07-30 13:27:05,18100.0,1800,Sell,227346591
2024-07-30 13:27:05,18100.0,600,Sell,227346590
2024-07-30 13:27:05,18100.0,1800,Sell,227346593
2024-07-30 13:27:06,18100.0,100,Buy,227346614
2024-07-30 13:27:23,18050.0,100,Sell,227346982
2024-07-30 13:28:30,18100.0,500,Buy,227348516
2024-07-30 13:28:51,18100.0,500,Buy,227348987
2024-07-30 13:29:00,18100.0,9800,Buy,227349166
2024-07-30 13:29:00,18100.0,200,Buy,227349167
2024-07-30 13:29:06,18050.0,1900,Sell,227349285
2024-07-30 13:29:21,18100.0,300,Buy,227349696
2024-07-30 13:29:25,18100.0,200,Buy,227349794
2024-07-30 13:29:25,18100.0,200,Buy,227349792
2024-07-30 13:29:25,18100.0,500,Buy,227349791
2024-07-30 13:29:25,18100.0,100,Buy,227349793
2024-07-30 13:29:50,18100.0,500,Buy,227350569
2024-07-30 13:30:12,18100.0,800,Buy,227351187
2024-07-30 13:30:12,18050.0,5000,Sell,227351203
2024-07-30 13:30:21,18050.0,1500,Sell,227351546
2024-07-30 13:30:44,18050.0,100,Sell,227352202
2024-07-30 13:30:44,18050.0,100,Sell,227352201
2024-07-30 13:30:44,18050.0,600,Sell,227352203
2024-07-30 13:30:44,18050.0,500,Sell,227352199
2024-07-30 13:30:44,18050.0,18200,Sell,227352198
2024-07-30 13:30:44,18050.0,500,Sell,227352200
2024-07-30 13:30:51,18050.0,200,Sell,227352543
2024-07-30 13:31:27,18100.0,2000,Buy,227353794
2024-07-30 13:31:34,18100.0,1500,Buy,227354004
2024-07-30 13:31:34,18100.0,500,Buy,227354005
2024-07-30 13:31:34,18100.0,2500,Buy,227354006
2024-07-30 13:31:34,18100.0,1000,Buy,227354007
2024-07-30 13:31:34,18100.0,100,Buy,227354008
2024-07-30 13:31:40,18100.0,200,Buy,227354265
2024-07-30 13:32:00,18050.0,500,Sell,227354920
2024-07-30 13:32:17,18050.0,500,Sell,227355655
2024-07-30 13:32:39,18100.0,300,Buy,227356412
2024-07-30 13:32:39,18100.0,4700,Buy,227356411
2024-07-30 13:33:15,18050.0,1200,Sell,227357571
2024-07-30 13:33:15,18050.0,5400,Sell,227357572
2024-07-30 13:33:15,18050.0,5400,Sell,227357573
2024-07-30 13:33:15,18050.0,5400,Sell,227357574
2024-07-30 13:33:15,18050.0,2500,Sell,227357575
2024-07-30 13:33:41,18050.0,1000,Sell,227358397
2024-07-30 13:33:42,18050.0,3100,Sell,227358474
2024-07-30 13:33:42,18050.0,1900,Sell,227358473
2024-07-30 13:33:54,18050.0,1700,Sell,227358769
2024-07-30 13:33:57,18050.0,600,Sell,227358891
2024-07-30 13:33:57,18050.0,1000,Sell,227358892
2024-07-30 13:33:57,18050.0,2800,Sell,227358893
2024-07-30 13:33:58,18050.0,3000,Sell,227358909
2024-07-30 13:34:33,18050.0,2000,Sell,227360329
2024-07-30 13:34:36,18050.0,1000,Sell,227360421
2024-07-30 13:35:04,18050.0,7000,Sell,227361163
2024-07-30 13:35:22,18050.0,100,Sell,227361804
2024-07-30 13:35:23,18050.0,10000,Sell,227361826
2024-07-30 13:35:53,18050.0,6000,Sell,227362916
2024-07-30 13:36:07,18050.0,3000,Sell,227363480
2024-07-30 13:36:07,18050.0,700,Sell,227363469
2024-07-30 13:36:07,18050.0,500,Sell,227363479
2024-07-30 13:36:07,18050.0,2000,Sell,227363478
2024-07-30 13:36:07,18050.0,100,Sell,227363477
2024-07-30 13:36:07,18050.0,1000,Sell,227363476
2024-07-30 13:36:07,18050.0,200,Sell,227363475
2024-07-30 13:36:07,18050.0,100,Sell,227363474
2024-07-30 13:36:07,18050.0,200,Sell,227363473
2024-07-30 13:36:07,18050.0,600,Sell,227363472
2024-07-30 13:36:07,18050.0,5000,Sell,227363471
2024-07-30 13:36:07,18050.0,800,Sell,227363470
2024-07-30 13:36:07,18050.0,900,Sell,227363481
2024-07-30 13:36:07,18050.0,1200,Sell,227363468
2024-07-30 13:36:07,18050.0,1000,Sell,227363454
2024-07-30 13:36:07,18050.0,200,Sell,227363466
2024-07-30 13:36:07,18050.0,1800,Sell,227363452
2024-07-30 13:36:07,18050.0,3000,Sell,227363467
2024-07-30 13:36:07,18050.0,200,Sell,227363455
2024-07-30 13:36:07,18050.0,1000,Sell,227363456
2024-07-30 13:36:07,18050.0,3000,Sell,227363457
2024-07-30 13:36:07,18050.0,200,Sell,227363458
2024-07-30 13:36:07,18050.0,1000,Sell,227363453
2024-07-30 13:36:07,18050.0,6000,Sell,227363460
2024-07-30 13:36:07,18050.0,500,Sell,227363461
2024-07-30 13:36:07,18050.0,20000,Sell,227363462
2024-07-30 13:36:07,18050.0,2000,Sell,227363463
2024-07-30 13:36:07,18050.0,3000,Sell,227363464
2024-07-30 13:36:07,18050.0,700,Sell,227363465
2024-07-30 13:36:07,18050.0,100,Sell,227363459
2024-07-30 13:36:29,18050.0,100,Sell,227364475
2024-07-30 13:36:32,18050.0,1000,Sell,227364583
2024-07-30 13:36:33,18050.0,6000,Sell,227364589
2024-07-30 13:36:33,18050.0,500,Sell,227364588
2024-07-30 13:36:33,18050.0,500,Sell,227364585
2024-07-30 13:36:33,18050.0,1000,Sell,227364586
2024-07-30 13:36:33,18050.0,1000,Sell,227364587
2024-07-30 13:36:35,18050.0,2000,Sell,227364683
2024-07-30 13:36:35,18050.0,10000,Sell,227364682
2024-07-30 13:36:35,18050.0,100,Sell,227364684
2024-07-30 13:36:35,18050.0,1100,Sell,227364681
2024-07-30 13:36:35,18050.0,100,Sell,227364686
2024-07-30 13:36:35,18050.0,1000,Sell,227364687
2024-07-30 13:36:35,18050.0,100,Sell,227364689
2024-07-30 13:36:35,18050.0,200,Sell,227364685
2024-07-30 13:36:35,18050.0,400,Sell,227364680
2024-07-30 13:36:35,18050.0,5600,Sell,227364688
2024-07-30 13:36:35,18050.0,5400,Sell,227364678
2024-07-30 13:36:35,18050.0,100,Sell,227364671
2024-07-30 13:36:35,18050.0,800,Sell,227364670
2024-07-30 13:36:35,18050.0,2200,Sell,227364672
2024-07-30 13:36:35,18050.0,200,Sell,227364673
2024-07-30 13:36:35,18050.0,500,Sell,227364679
2024-07-30 13:36:35,18050.0,900,Sell,227364675
2024-07-30 13:36:35,18050.0,100,Sell,227364676
2024-07-30 13:36:35,18050.0,1000,Sell,227364677
2024-07-30 13:36:35,18050.0,100,Sell,227364674
2024-07-30 13:36:44,18050.0,300,Buy,227365118
2024-07-30 13:36:49,18050.0,400,Buy,227365260
2024-07-30 13:36:54,18050.0,500,Buy,227365428
2024-07-30 13:37:04,18050.0,300,Buy,227365832
2024-07-30 13:37:04,18050.0,5000,Buy,227365835
2024-07-30 13:37:05,18050.0,100,Buy,227366067
2024-07-30 13:37:12,18050.0,1000,Buy,227366235
2024-07-30 13:37:18,18050.0,400,Buy,227366407
2024-07-30 13:37:20,18050.0,100,Buy,227366486
2024-07-30 13:37:20,18050.0,100,Buy,227366487
2024-07-30 13:37:20,18050.0,300,Buy,227366488
2024-07-30 13:37:21,18050.0,100,Buy,227366505
2024-07-30 13:37:22,18050.0,200,Buy,227366530
2024-07-30 13:37:24,18050.0,300,Sell,227366661
2024-07-30 13:37:27,18050.0,6000,Buy,227366778
2024-07-30 13:37:32,18050.0,1000,Buy,227366967
2024-07-30 13:37:40,18050.0,700,Buy,227367261
2024-07-30 13:37:40,18050.0,4300,Buy,227367260
2024-07-30 13:38:08,18050.0,600,Buy,227368182
2024-07-30 13:38:10,18050.0,700,Buy,227368260
2024-07-30 13:38:10,18050.0,300,Buy,227368261
2024-07-30 13:38:35,18050.0,200,Buy,227369184
2024-07-30 13:38:38,18050.0,1000,Buy,227369260
2024-07-30 13:38:42,18000.0,1000,Sell,227369366
2024-07-30 13:38:43,18000.0,200,Sell,227369386
2024-07-30 13:38:43,18000.0,500,Sell,227369385
2024-07-30 13:39:00,18050.0,6000,Buy,227370081
2024-07-30 13:39:19,18050.0,300,Buy,227370748
2024-07-30 13:39:21,18000.0,1200,Sell,227370800
2024-07-30 13:39:27,18050.0,900,Buy,227371021
2024-07-30 13:39:53,18050.0,200,Buy,227371870
2024-07-30 13:40:23,18000.0,100,Sell,227372778
2024-07-30 13:40:36,18050.0,100,Buy,227373243
2024-07-30 13:40:53,18000.0,3000,Sell,227373745
2024-07-30 13:41:00,18050.0,1000,Buy,227373933
2024-07-30 13:41:48,18050.0,1000,Buy,227375893
2024-07-30 13:42:30,18000.0,200,Sell,227377764
2024-07-30 13:42:42,18000.0,100,Sell,227378597
2024-07-30 13:42:51,18050.0,3000,Buy,227379075
2024-07-30 13:42:57,18000.0,1000,Sell,227379295
2024-07-30 13:42:57,18000.0,100,Sell,227379294
2024-07-30 13:42:57,18000.0,700,Sell,227379296
2024-07-30 13:42:57,18000.0,500,Sell,227379292
2024-07-30 13:42:57,18000.0,100,Sell,227379291
2024-07-30 13:42:57,18000.0,8700,Sell,227379290
2024-07-30 13:42:57,18000.0,3000,Sell,227379293
2024-07-30 13:43:12,18000.0,500,Sell,227380156
2024-07-30 13:43:26,18000.0,400,Sell,227380773
2024-07-30 13:43:29,18050.0,500,Buy,227380924
2024-07-30 13:43:52,18050.0,400,Buy,227382036
2024-07-30 13:44:12,18000.0,600,Sell,227383076
2024-07-30 13:44:12,18000.0,500,Sell,227383077
2024-07-30 13:44:12,18000.0,900,Sell,227383078
2024-07-30 13:44:18,18050.0,500,Buy,227383424
2024-07-30 13:44:54,18000.0,1000,Sell,227385537
2024-07-30 13:44:59,18000.0,400,Sell,227385785
2024-07-30 13:44:59,18000.0,100,Sell,227385784
2024-07-30 13:45:04,18000.0,500,Sell,227386086
2024-07-30 13:45:04,18000.0,1000,Sell,227386068
2024-07-30 13:45:04,18000.0,300,Sell,227386069
2024-07-30 13:45:04,18000.0,5000,Sell,227386070
2024-07-30 13:45:04,18000.0,500,Sell,227386071
2024-07-30 13:45:04,18000.0,300,Sell,227386072
2024-07-30 13:45:04,18000.0,100,Sell,227386073
2024-07-30 13:45:04,18000.0,100,Sell,227386074
2024-07-30 13:45:04,18000.0,200,Sell,227386075
2024-07-30 13:45:04,18000.0,100,Sell,227386067
2024-07-30 13:45:04,18000.0,100,Sell,227386078
2024-07-30 13:45:04,18000.0,1000,Sell,227386079
2024-07-30 13:45:04,18000.0,500,Sell,227386080
2024-07-30 13:45:04,18000.0,200,Sell,227386081
2024-07-30 13:45:04,18000.0,1000,Sell,227386082
2024-07-30 13:45:04,18000.0,800,Sell,227386083
2024-07-30 13:45:04,18000.0,1000,Sell,227386084
2024-07-30 13:45:04,18000.0,500,Sell,227386085
2024-07-30 13:45:04,18000.0,200,Sell,227386077
2024-07-30 13:45:04,18000.0,10000,Sell,227386066
2024-07-30 13:45:04,18000.0,800,Sell,227386076
2024-07-30 13:45:04,18000.0,2000,Sell,227386064
2024-07-30 13:45:04,18000.0,3000,Sell,227386040
2024-07-30 13:45:04,18000.0,1600,Sell,227386041
2024-07-30 13:45:04,18000.0,200,Sell,227386042
2024-07-30 13:45:04,18000.0,100,Sell,227386043
2024-07-30 13:45:04,18000.0,2000,Sell,227386044
2024-07-30 13:45:04,18000.0,500,Sell,227386045
2024-07-30 13:45:04,18000.0,500,Sell,227386046
2024-07-30 13:45:04,18000.0,200,Sell,227386047
2024-07-30 13:45:04,18000.0,200,Sell,227386048
2024-07-30 13:45:04,18000.0,2000,Sell,227386049
2024-07-30 13:45:04,18000.0,300,Sell,227386065
2024-07-30 13:45:04,18000.0,2000,Sell,227386055
2024-07-30 13:45:04,18000.0,100,Sell,227386056
2024-07-30 13:45:04,18000.0,200,Sell,227386057
2024-07-30 13:45:04,18000.0,500,Sell,227386058
2024-07-30 13:45:04,18000.0,100,Sell,227386059
2024-07-30 13:45:04,18000.0,1000,Sell,227386060
2024-07-30 13:45:04,18000.0,100,Sell,227386061
2024-07-30 13:45:04,18000.0,300,Sell,227386062
2024-07-30 13:45:04,18000.0,500,Sell,227386063
2024-07-30 13:45:04,18000.0,3000,Sell,227386054
2024-07-30 13:45:07,18000.0,2000,Sell,227386244
2024-07-30 13:45:07,18000.0,100,Sell,227386245
2024-07-30 13:45:07,18000.0,500,Sell,227386246
2024-07-30 13:45:07,18000.0,200,Sell,227386247
2024-07-30 13:45:07,18000.0,500,Sell,227386248
2024-07-30 13:45:07,18000.0,300,Sell,227386282
2024-07-30 13:45:07,18000.0,300,Sell,227386250
2024-07-30 13:45:07,18000.0,200,Sell,227386251
2024-07-30 13:45:07,18000.0,4700,Sell,227386252
2024-07-30 13:45:07,18000.0,200,Sell,227386243
2024-07-30 13:45:07,18000.0,500,Sell,227386283
2024-07-30 13:45:07,18000.0,4200,Sell,227386284
2024-07-30 13:45:07,18000.0,1000,Sell,227386249
2024-07-30 13:45:07,18000.0,1000,Sell,227386242
2024-07-30 13:45:07,18000.0,100,Sell,227386237
2024-07-30 13:45:07,18000.0,1000,Sell,227386240
2024-07-30 13:45:07,18000.0,1000,Sell,227386239
2024-07-30 13:45:07,18000.0,100,Sell,227386238
2024-07-30 13:45:07,18000.0,100,Sell,227386236
2024-07-30 13:45:07,18000.0,1000,Sell,227386235
2024-07-30 13:45:07,18000.0,1000,Sell,227386234
2024-07-30 13:45:07,18000.0,1000,Sell,227386233
2024-07-30 13:45:07,18000.0,100,Sell,227386232
2024-07-30 13:45:07,18000.0,200,Sell,227386230
2024-07-30 13:45:07,18000.0,500,Sell,227386229
2024-07-30 13:45:07,18000.0,200,Sell,227386228
2024-07-30 13:45:07,18000.0,100,Sell,227386227
2024-07-30 13:45:07,18000.0,3800,Sell,227386226
2024-07-30 13:45:07,18000.0,1000,Sell,227386241
2024-07-30 13:45:07,18000.0,100,Sell,227386231
2024-07-30 13:45:10,18000.0,500,Sell,227386606
2024-07-30 13:45:10,18000.0,100,Sell,227386605
2024-07-30 13:45:10,18000.0,200,Sell,227386603
2024-07-30 13:45:10,18000.0,800,Sell,227386602
2024-07-30 13:45:10,18000.0,400,Sell,227386604
2024-07-30 13:45:15,18000.0,300,Sell,227387059
2024-07-30 13:45:15,18000.0,500,Sell,227387058
2024-07-30 13:45:15,18000.0,300,Sell,227387060
2024-07-30 13:45:15,18000.0,2000,Sell,227387056
2024-07-30 13:45:15,18000.0,200,Sell,227387055
2024-07-30 13:45:15,18000.0,1500,Sell,227387054
2024-07-30 13:45:15,18000.0,200,Sell,227387057
2024-07-30 13:45:18,18000.0,200,Sell,227387270
2024-07-30 13:45:18,18000.0,1500,Sell,227387276
2024-07-30 13:45:18,18000.0,1000,Sell,227387275
2024-07-30 13:45:18,18000.0,500,Sell,227387274
2024-07-30 13:45:18,18000.0,100,Sell,227387273
2024-07-30 13:45:18,18000.0,100,Sell,227387272
2024-07-30 13:45:18,18000.0,1000,Sell,227387271
2024-07-30 13:45:18,18000.0,500,Sell,227387269
2024-07-30 13:45:18,18000.0,500,Sell,227387265
2024-07-30 13:45:18,18000.0,1000,Sell,227387267
2024-07-30 13:45:18,18000.0,500,Sell,227387266
2024-07-30 13:45:18,18000.0,500,Sell,227387264
2024-07-30 13:45:18,18000.0,100,Sell,227387263
2024-07-30 13:45:18,18000.0,100,Sell,227387262
2024-07-30 13:45:18,18000.0,2000,Sell,227387261
2024-07-30 13:45:18,18000.0,200,Sell,227387260
2024-07-30 13:45:18,18000.0,200,Sell,227387268
2024-07-30 13:45:34,18050.0,500,Buy,227388200
2024-07-30 13:45:34,18050.0,1600,Buy,227388199
2024-07-30 13:45:34,18050.0,200,Buy,227388196
2024-07-30 13:45:34,18050.0,200,Buy,227388197
2024-07-30 13:45:34,18050.0,200,Buy,227388195
2024-07-30 13:45:34,18050.0,200,Buy,227388198
2024-07-30 13:45:36,18000.0,2000,Sell,227388334
2024-07-30 13:45:36,18000.0,1000,Sell,227388335
2024-07-30 13:45:36,18000.0,500,Sell,227388336
2024-07-30 13:45:36,18000.0,100,Sell,227388337
2024-07-30 13:45:36,18000.0,1000,Sell,227388338
2024-07-30 13:45:36,18000.0,400,Sell,227388339
2024-07-30 13:45:54,18000.0,200,Sell,227389229
2024-07-30 13:45:54,18000.0,200,Sell,227389230
2024-07-30 13:45:54,18000.0,200,Sell,227389212
2024-07-30 13:45:54,18000.0,600,Sell,227389211
2024-07-30 13:45:54,18000.0,800,Sell,227389228
2024-07-30 13:45:55,18050.0,700,Buy,227389309
2024-07-30 13:45:55,18050.0,200,Buy,227389310
2024-07-30 13:45:55,18050.0,100,Buy,227389311
2024-07-30 13:45:55,18050.0,1900,Buy,227389312
2024-07-30 13:45:58,18000.0,5000,Sell,227389424
2024-07-30 13:45:59,18000.0,400,Sell,227389486
2024-07-30 13:46:06,18000.0,200,Sell,227389707
2024-07-30 13:46:06,18000.0,2700,Sell,227389710
2024-07-30 13:46:06,18000.0,500,Sell,227389709
2024-07-30 13:46:06,18000.0,200,Sell,227389708
2024-07-30 13:46:06,18000.0,2000,Sell,227389706
2024-07-30 13:46:06,18000.0,200,Sell,227389703
2024-07-30 13:46:06,18000.0,100,Sell,227389704
2024-07-30 13:46:06,18000.0,3900,Sell,227389700
2024-07-30 13:46:06,18000.0,1000,Sell,227389701
2024-07-30 13:46:06,18000.0,100,Sell,227389705
2024-07-30 13:46:06,18000.0,500,Sell,227389698
2024-07-30 13:46:06,18000.0,100,Sell,227389702
2024-07-30 13:46:35,18000.0,100,Sell,227391098
2024-07-30 13:46:46,18000.0,1000,Sell,227391466
2024-07-30 13:46:57,18000.0,2000,Sell,227391963
2024-07-30 13:47:22,18000.0,5000,Sell,227392725
2024-07-30 13:47:26,18000.0,1200,Sell,227392903
2024-07-30 13:47:42,18000.0,2000,Sell,227393519
2024-07-30 13:47:51,18050.0,1000,Buy,227393915
2024-07-30 13:48:03,18050.0,1000,Buy,227394441
2024-07-30 13:48:16,18050.0,100,Buy,227394890
2024-07-30 13:48:19,18050.0,2000,Buy,227394991
2024-07-30 13:48:19,18050.0,100,Buy,227394994
2024-07-30 13:48:45,18050.0,8900,Buy,227395838
2024-07-30 13:48:45,18050.0,1000,Buy,227395839
2024-07-30 13:48:45,18050.0,2000,Buy,227395840
2024-07-30 13:48:45,18050.0,8100,Buy,227395841
2024-07-30 13:48:55,18050.0,3000,Buy,227396209
2024-07-30 13:48:55,18050.0,1500,Buy,227396208
2024-07-30 13:48:55,18050.0,1900,Buy,227396207
2024-07-30 13:48:55,18050.0,1900,Buy,227396206
2024-07-30 13:49:25,18050.0,200,Buy,227397070
2024-07-30 13:49:39,18050.0,1000,Buy,227397764
2024-07-30 13:49:41,18050.0,500,Buy,227397887
2024-07-30 13:50:03,18050.0,1100,Buy,227398574
2024-07-30 13:50:03,18050.0,900,Buy,227398575
2024-07-30 13:50:04,18050.0,100,Buy,227398599
2024-07-30 13:50:06,18050.0,300,Buy,227398696
2024-07-30 13:50:07,18050.0,800,Buy,227398710
2024-07-30 13:50:09,18050.0,100,Buy,227398770
2024-07-30 13:50:25,18050.0,1000,Buy,227399222
2024-07-30 13:50:28,18050.0,5000,Buy,227399312
2024-07-30 13:50:35,18050.0,100,Buy,227399480
2024-07-30 13:50:45,18050.0,200,Buy,227399772
2024-07-30 13:50:46,18050.0,10000,Buy,227399801
2024-07-30 13:51:00,18050.0,300,Buy,227400153
2024-07-30 13:51:04,18050.0,100,Buy,227400357
2024-07-30 13:51:09,18050.0,3500,Buy,227400497
2024-07-30 13:51:18,18050.0,1800,Buy,227400728
2024-07-30 13:51:19,18050.0,1800,Buy,227400768
2024-07-30 13:51:19,18050.0,1800,Buy,227400785
2024-07-30 13:51:28,18050.0,5000,Buy,227401049
2024-07-30 13:51:34,18050.0,2500,Buy,227401204
2024-07-30 13:51:34,18050.0,1000,Buy,227401215
2024-07-30 13:51:38,18050.0,500,Buy,227401411
2024-07-30 13:51:38,18050.0,5000,Buy,227401410
2024-07-30 13:51:38,18050.0,13700,Buy,227401407
2024-07-30 13:51:38,18050.0,5000,Buy,227401408
2024-07-30 13:51:38,18050.0,100,Buy,227401409
2024-07-30 13:51:40,18050.0,500,Buy,227401472
2024-07-30 13:51:40,18050.0,2500,Buy,227401473
2024-07-30 13:51:41,18050.0,100,Buy,227401485
2024-07-30 13:51:42,18000.0,1600,Sell,227401562
2024-07-30 13:51:42,18000.0,200,Sell,227401563
2024-07-30 13:51:42,18000.0,200,Sell,227401564
2024-07-30 13:51:43,18050.0,1000,Buy,227401584
2024-07-30 13:51:43,18050.0,1000,Buy,227401608
2024-07-30 13:51:44,18050.0,100,Buy,227401619
2024-07-30 13:51:45,18050.0,300,Buy,227401707
2024-07-30 13:51:47,18050.0,100,Buy,227401801
2024-07-30 13:51:48,18050.0,500,Buy,227401814
2024-07-30 13:51:50,18050.0,400,Buy,227401903
2024-07-30 13:51:50,18050.0,200,Buy,227401904
2024-07-30 13:51:50,18050.0,400,Buy,227401905
2024-07-30 13:51:51,18050.0,300,Buy,227401916
2024-07-30 13:51:52,18050.0,200,Buy,227401968
2024-07-30 13:51:52,18050.0,1000,Buy,227401967
2024-07-30 13:51:52,18050.0,500,Buy,227401966
2024-07-30 13:51:54,18050.0,1300,Sell,227402032
2024-07-30 13:51:54,18050.0,100,Sell,227402033
2024-07-30 13:51:54,18050.0,1000,Sell,227402034
2024-07-30 13:51:59,18050.0,2000,Buy,227402157
2024-07-30 13:52:03,18050.0,1000,Buy,227402253
2024-07-30 13:52:07,18050.0,5000,Buy,227402371
2024-07-30 13:52:11,18050.0,1100,Buy,227402530
2024-07-30 13:52:16,18050.0,2500,Buy,227402628
2024-07-30 13:52:17,18050.0,2200,Buy,227402660
2024-07-30 13:52:25,18050.0,1000,Buy,227402908
2024-07-30 13:52:26,18050.0,100,Buy,227402942
2024-07-30 13:52:32,18050.0,1000,Buy,227403123
2024-07-30 13:52:34,18050.0,1000,Buy,227403180
2024-07-30 13:52:34,18050.0,700,Buy,227403186
2024-07-30 13:52:37,18050.0,18300,Sell,227403295
2024-07-30 13:52:37,18050.0,500,Sell,227403296
2024-07-30 13:52:37,18050.0,1000,Sell,227403297
2024-07-30 13:52:41,18050.0,100,Buy,227403403
2024-07-30 13:52:44,18050.0,100,Buy,227403521
2024-07-30 13:52:49,18050.0,100,Sell,227403697
2024-07-30 13:52:49,18050.0,100,Sell,227403696
2024-07-30 13:52:49,18050.0,100,Sell,227403689
2024-07-30 13:52:57,18000.0,600,Sell,227403990
2024-07-30 13:52:57,18000.0,900,Sell,227403991
2024-07-30 13:53:09,18050.0,100,Sell,227404354
2024-07-30 13:53:13,18050.0,1000,Buy,227404513
2024-07-30 13:53:14,18050.0,700,Buy,227404540
2024-07-30 13:53:14,18050.0,300,Buy,227404541
2024-07-30 13:53:17,18000.0,100,Sell,227404607
2024-07-30 13:53:19,18000.0,200,Sell,227404698
2024-07-30 13:53:19,18000.0,1000,Sell,227404699
2024-07-30 13:53:19,18000.0,500,Sell,227404700
2024-07-30 13:53:19,18000.0,100,Sell,227404701
2024-07-30 13:53:25,18050.0,11900,Buy,227404907
2024-07-30 13:53:26,18050.0,8100,Buy,227404911
2024-07-30 13:53:32,18050.0,1800,Sell,227405096
2024-07-30 13:54:24,18100.0,1700,Buy,227406525
2024-07-30 13:54:24,18100.0,300,Buy,227406526
2024-07-30 13:54:25,18050.0,600,Sell,227406558
2024-07-30 13:54:57,18050.0,100,Sell,227407263
2024-07-30 13:55:06,18050.0,3100,Sell,227407503
2024-07-30 13:55:37,18050.0,3000,Sell,227408341
2024-07-30 13:55:59,18050.0,800,Sell,227408924
2024-07-30 13:55:59,18050.0,1000,Sell,227408922
2024-07-30 13:55:59,18050.0,500,Sell,227408923
2024-07-30 13:55:59,18050.0,300,Sell,227408921
2024-07-30 13:55:59,18050.0,1300,Sell,227408917
2024-07-30 13:55:59,18050.0,600,Sell,227408919
2024-07-30 13:55:59,18050.0,500,Sell,227408918
2024-07-30 13:55:59,18050.0,2000,Sell,227408907
2024-07-30 13:55:59,18050.0,5000,Sell,227408920
2024-07-30 13:56:16,18050.0,600,Sell,227409313
2024-07-30 13:56:26,18050.0,100,Sell,227409623
2024-07-30 13:56:26,18050.0,500,Sell,227409624
2024-07-30 13:56:26,18050.0,2000,Sell,227409621
2024-07-30 13:56:26,18050.0,600,Sell,227409620
2024-07-30 13:56:26,18050.0,500,Sell,227409622
2024-07-30 13:56:40,18050.0,800,Buy,227410010
2024-07-30 13:56:46,18050.0,1000,Buy,227410223
2024-07-30 13:56:53,18050.0,300,Buy,227410362
2024-07-30 13:57:02,18050.0,100,Buy,227410649
2024-07-30 13:57:09,18050.0,300,Buy,227410897
2024-07-30 13:57:13,18050.0,400,Buy,227411024
2024-07-30 13:57:23,18050.0,2000,Buy,227411357
2024-07-30 13:57:36,18050.0,200,Buy,227411774
2024-07-30 13:57:36,18050.0,400,Buy,227411773
2024-07-30 13:57:36,18050.0,3000,Buy,227411772
2024-07-30 13:57:36,18050.0,1400,Buy,227411771
2024-07-30 13:58:41,18000.0,1800,Sell,227413640
2024-07-30 13:58:41,18000.0,2000,Sell,227413641
2024-07-30 13:58:41,18000.0,100,Sell,227413642
2024-07-30 13:58:41,18000.0,700,Sell,227413643
2024-07-30 13:58:41,18000.0,400,Sell,227413639
2024-07-30 13:58:58,18050.0,300,Buy,227414321
2024-07-30 13:58:58,18000.0,1000,Sell,227414325
2024-07-30 13:59:01,18050.0,3000,Buy,227414405
2024-07-30 13:59:07,18050.0,5000,Buy,227414595
2024-07-30 13:59:19,18050.0,100,Buy,227415049
2024-07-30 13:59:25,18000.0,100,Sell,227415270
2024-07-30 14:00:02,18000.0,100,Sell,227416705
2024-07-30 14:00:02,18000.0,1000,Sell,227416706
2024-07-30 14:00:02,18000.0,300,Sell,227416707
2024-07-30 14:00:02,18000.0,500,Sell,227416708
2024-07-30 14:00:02,18000.0,2900,Sell,227416709
2024-07-30 14:00:02,18000.0,200,Sell,227416704
2024-07-30 14:00:08,18000.0,300,Sell,227416922
2024-07-30 14:00:32,18000.0,3000,Sell,227417995
2024-07-30 14:00:32,18000.0,500,Sell,227417996
2024-07-30 14:00:55,18000.0,500,Sell,227419005
2024-07-30 14:01:00,18000.0,500,Sell,227419244
2024-07-30 14:01:02,18000.0,200,Sell,227419302
2024-07-30 14:01:02,18000.0,500,Sell,227419283
2024-07-30 14:01:28,18050.0,100,Buy,227420566
2024-07-30 14:01:31,18000.0,1600,Sell,227420840
2024-07-30 14:01:31,18000.0,100,Sell,227420841
2024-07-30 14:01:31,18000.0,1000,Sell,227420842
2024-07-30 14:01:31,18000.0,100,Sell,227420843
2024-07-30 14:01:31,18000.0,900,Sell,227420844
2024-07-30 14:01:51,18000.0,1000,Sell,227422356
2024-07-30 14:01:51,18000.0,300,Sell,227422357
2024-07-30 14:01:51,18000.0,100,Sell,227422355
2024-07-30 14:01:51,18000.0,1000,Sell,227422359
2024-07-30 14:01:51,18000.0,800,Sell,227422360
2024-07-30 14:01:51,18000.0,100,Sell,227422364
2024-07-30 14:01:51,18000.0,200,Sell,227422362
2024-07-30 14:01:51,18000.0,1000,Sell,227422363
2024-07-30 14:01:51,18000.0,300,Sell,227422367
2024-07-30 14:01:51,18000.0,200,Sell,227422368
2024-07-30 14:01:51,18000.0,26200,Sell,227422369
2024-07-30 14:01:51,18000.0,100,Sell,227422361
2024-07-30 14:01:51,18000.0,200,Sell,227422354
2024-07-30 14:01:51,18000.0,300,Sell,227422358
2024-07-30 14:01:51,18000.0,1000,Sell,227422352
2024-07-30 14:01:51,18000.0,500,Sell,227422351
2024-07-30 14:01:51,18000.0,500,Sell,227422350
2024-07-30 14:01:51,18000.0,500,Sell,227422349
2024-07-30 14:01:51,18000.0,1000,Sell,227422348
2024-07-30 14:01:51,18000.0,100,Sell,227422347
2024-07-30 14:01:51,18000.0,2000,Sell,227422346
2024-07-30 14:01:51,18000.0,300,Sell,227422345
2024-07-30 14:01:51,18000.0,300,Sell,227422344
2024-07-30 14:01:51,18000.0,300,Sell,227422343
2024-07-30 14:01:51,18000.0,1000,Sell,227422342
2024-07-30 14:01:51,18000.0,500,Sell,227422341
2024-07-30 14:01:51,18000.0,100,Sell,227422340
2024-07-30 14:01:51,18000.0,100,Sell,227422353
2024-07-30 14:01:52,18000.0,500,Sell,227422599
2024-07-30 14:01:52,18000.0,3000,Sell,227422574
2024-07-30 14:01:59,18000.0,300,Sell,227423004
2024-07-30 14:01:59,18000.0,3000,Sell,227423005
2024-07-30 14:01:59,18000.0,100,Sell,227423006
2024-07-30 14:01:59,18000.0,100,Sell,227423007
2024-07-30 14:01:59,18000.0,1000,Sell,227423008
2024-07-30 14:01:59,18000.0,1000,Sell,227423009
2024-07-30 14:01:59,18000.0,1000,Sell,227423010
2024-07-30 14:02:02,18000.0,1400,Sell,227423125
2024-07-30 14:02:02,18000.0,100,Sell,227423126
2024-07-30 14:02:05,18000.0,4800,Sell,227423293
2024-07-30 14:02:05,18000.0,200,Sell,227423292
2024-07-30 14:02:05,18000.0,500,Sell,227423291
2024-07-30 14:02:05,18000.0,500,Sell,227423290
