time,price,volume,match_type,id
2024-07-26 09:14:39,17900.0,17000,ATO/ATC,226562445
2024-07-26 09:15:56,17950.0,300,Buy,226563705
2024-07-26 09:16:08,17950.0,2500,Buy,226563878
2024-07-26 09:16:08,17950.0,800,Buy,226563893
2024-07-26 09:16:08,17950.0,10000,Buy,226563892
2024-07-26 09:16:08,17950.0,300,Buy,226563891
2024-07-26 09:16:08,17950.0,300,Buy,226563890
2024-07-26 09:16:08,17950.0,200,Buy,226563889
2024-07-26 09:16:08,17950.0,5500,Buy,226563888
2024-07-26 09:16:08,17950.0,100,Buy,226563887
2024-07-26 09:16:08,17950.0,1100,Buy,226563877
2024-07-26 09:16:08,17950.0,500,Buy,226563885
2024-07-26 09:16:08,17950.0,600,Buy,226563879
2024-07-26 09:16:08,17950.0,100,Buy,226563880
2024-07-26 09:16:08,17950.0,500,Buy,226563881
2024-07-26 09:16:08,17950.0,1000,Buy,226563886
2024-07-26 09:16:08,17950.0,100,Buy,226563883
2024-07-26 09:16:08,17950.0,1000,Buy,226563882
2024-07-26 09:16:08,17950.0,400,Buy,226563884
2024-07-26 09:16:19,17900.0,200,Sell,226564086
2024-07-26 09:16:19,17950.0,100,Buy,226564088
2024-07-26 09:16:23,17950.0,15000,Buy,226564139
2024-07-26 09:16:32,17950.0,19100,Buy,226564250
2024-07-26 09:16:32,17950.0,100,Buy,226564251
2024-07-26 09:16:32,17950.0,1800,Buy,226564252
2024-07-26 09:16:36,17950.0,200,Buy,226564310
2024-07-26 09:16:36,17950.0,2000,Buy,226564311
2024-07-26 09:16:36,17950.0,100,Buy,226564312
2024-07-26 09:16:41,17950.0,4200,Buy,226564412
2024-07-26 09:16:41,17950.0,2000,Buy,226564411
2024-07-26 09:16:41,17950.0,10000,Buy,226564410
2024-07-26 09:16:41,17950.0,5000,Buy,226564409
2024-07-26 09:16:41,17950.0,400,Buy,226564408
2024-07-26 09:16:41,17950.0,400,Buy,226564407
2024-07-26 09:16:45,18000.0,1500,Buy,226564471
2024-07-26 09:16:45,18000.0,200,Buy,226564472
2024-07-26 09:16:45,18000.0,3000,Buy,226564473
2024-07-26 09:16:45,18000.0,1000,Buy,226564474
2024-07-26 09:16:45,18000.0,1500,Buy,226564475
2024-07-26 09:16:45,18000.0,500,Buy,226564476
2024-07-26 09:16:45,18000.0,5000,Buy,226564477
2024-07-26 09:16:45,18000.0,500,Buy,226564483
2024-07-26 09:16:45,18000.0,100,Buy,226564479
2024-07-26 09:16:45,18000.0,200,Buy,226564480
2024-07-26 09:16:45,18000.0,200,Buy,226564481
2024-07-26 09:16:45,18000.0,200,Buy,226564482
2024-07-26 09:16:45,18000.0,1000,Buy,226564470
2024-07-26 09:16:45,18000.0,1000,Buy,226564484
2024-07-26 09:16:45,18000.0,248500,Buy,226564485
2024-07-26 09:16:45,18000.0,1000,Buy,226564478
2024-07-26 09:16:45,18000.0,500,Buy,226564469
2024-07-26 09:16:45,18000.0,5000,Buy,226564462
2024-07-26 09:16:45,18000.0,100,Buy,226564467
2024-07-26 09:16:45,17950.0,6400,Buy,226564451
2024-07-26 09:16:45,17950.0,2000,Buy,226564452
2024-07-26 09:16:45,17950.0,1000,Buy,226564453
2024-07-26 09:16:45,17950.0,1000,Buy,226564454
2024-07-26 09:16:45,17950.0,1000,Buy,226564455
2024-07-26 09:16:45,18000.0,700,Buy,226564456
2024-07-26 09:16:45,18000.0,1500,Buy,226564457
2024-07-26 09:16:45,18000.0,500,Buy,226564458
2024-07-26 09:16:45,18000.0,2000,Buy,226564459
2024-07-26 09:16:45,18000.0,200,Buy,226564460
2024-07-26 09:16:45,17950.0,200,Buy,226564492
2024-07-26 09:16:45,18000.0,800,Buy,226564463
2024-07-26 09:16:45,18000.0,1000,Buy,226564464
2024-07-26 09:16:45,18000.0,4000,Buy,226564465
2024-07-26 09:16:45,18000.0,2000,Buy,226564466
2024-07-26 09:16:45,18000.0,100,Buy,226564468
2024-07-26 09:16:45,18000.0,10000,Buy,226564461
2024-07-26 09:16:48,17950.0,100,Sell,226564544
2024-07-26 09:16:54,17950.0,1400,Sell,226564647
2024-07-26 09:16:59,17950.0,200,Sell,226564746
2024-07-26 09:17:10,17950.0,2000,Sell,226564934
2024-07-26 09:17:17,18000.0,15000,Buy,226565037
2024-07-26 09:17:20,17950.0,200,Sell,226565080
2024-07-26 09:17:23,18000.0,100,Buy,226565133
2024-07-26 09:17:26,18000.0,22000,Buy,226565170
2024-07-26 09:17:44,17950.0,100,Sell,226565451
2024-07-26 09:17:44,17950.0,200,Sell,226565452
2024-07-26 09:17:46,17950.0,200,Sell,226565487
2024-07-26 09:17:46,17950.0,800,Sell,226565488
2024-07-26 09:17:54,17950.0,2000,Sell,226565628
2024-07-26 09:17:54,17950.0,1800,Sell,226565630
2024-07-26 09:17:54,17950.0,200,Sell,226565626
2024-07-26 09:17:54,17950.0,5000,Sell,226565627
2024-07-26 09:17:54,17950.0,1000,Sell,226565629
2024-07-26 09:17:58,17950.0,300,Sell,226565690
2024-07-26 09:18:11,17950.0,900,Sell,226565923
2024-07-26 09:18:11,17950.0,1000,Sell,226565924
2024-07-26 09:18:11,17950.0,1000,Sell,226565925
2024-07-26 09:18:11,17950.0,100,Sell,226565926
2024-07-26 09:18:13,17950.0,400,Sell,226565977
2024-07-26 09:18:13,17950.0,2000,Sell,226565978
2024-07-26 09:18:13,17950.0,3000,Sell,226565979
2024-07-26 09:18:15,17950.0,1000,Sell,226566022
2024-07-26 09:18:16,17950.0,1500,Sell,226566045
2024-07-26 09:18:16,17950.0,200,Sell,226566040
2024-07-26 09:18:16,17950.0,800,Sell,226566044
2024-07-26 09:18:18,17950.0,6700,Buy,226566080
2024-07-26 09:18:21,17950.0,10000,Sell,226566156
2024-07-26 09:18:26,17950.0,1000,Sell,226566249
2024-07-26 09:18:27,18000.0,12000,Buy,226566259
2024-07-26 09:18:29,17950.0,1000,Sell,226566297
2024-07-26 09:18:31,17950.0,5000,Sell,226566359
2024-07-26 09:18:32,17950.0,300,Sell,226566371
2024-07-26 09:18:37,18000.0,15000,Buy,226566450
2024-07-26 09:18:39,18000.0,65000,Buy,226566473
2024-07-26 09:18:47,18000.0,32000,Buy,226566608
2024-07-26 09:18:50,17950.0,200,Sell,226566674
2024-07-26 09:18:55,18000.0,3000,Buy,226566775
2024-07-26 09:18:56,18000.0,32000,Buy,226566781
2024-07-26 09:18:57,18000.0,20000,Buy,226566808
2024-07-26 09:18:58,18000.0,15400,Buy,226566820
2024-07-26 09:18:58,18000.0,71600,Buy,226566821
2024-07-26 09:19:01,18000.0,4000,Buy,226566858
2024-07-26 09:19:08,18000.0,35000,Buy,226567049
2024-07-26 09:19:17,18000.0,45000,Buy,226567194
2024-07-26 09:19:20,18000.0,1000,Buy,226567246
2024-07-26 09:19:21,18000.0,2000,Buy,226567266
2024-07-26 09:19:21,18000.0,19000,Buy,226567267
2024-07-26 09:19:22,18000.0,500,Buy,226567302
2024-07-26 09:19:26,18000.0,21000,Buy,226567388
2024-07-26 09:19:30,18000.0,2000,Buy,226567473
2024-07-26 09:19:34,18000.0,2500,Buy,226567557
2024-07-26 09:19:37,18000.0,500,Buy,226567634
2024-07-26 09:19:37,18000.0,700,Buy,226567635
2024-07-26 09:19:40,18000.0,70000,Buy,226567664
2024-07-26 09:19:42,18000.0,1000,Buy,226567686
2024-07-26 09:19:43,17950.0,300,Sell,226567695
2024-07-26 09:19:43,18000.0,10000,Buy,226567706
2024-07-26 09:19:45,18000.0,500,Buy,226567734
2024-07-26 09:19:47,18000.0,20000,Buy,226567776
2024-07-26 09:19:48,18000.0,500,Buy,226567791
2024-07-26 09:19:48,18000.0,1000,Buy,226567806
2024-07-26 09:20:00,18000.0,21400,Buy,226567994
2024-07-26 09:20:02,18000.0,10000,Buy,226568020
2024-07-26 09:20:02,18000.0,5000,Buy,226568021
2024-07-26 09:20:03,17950.0,2000,Sell,226568040
2024-07-26 09:20:11,17950.0,100,Sell,226568189
2024-07-26 09:20:16,18000.0,1000,Buy,226568337
2024-07-26 09:20:17,18000.0,30000,Buy,226568340
2024-07-26 09:20:25,18000.0,2000,Buy,226568467
2024-07-26 09:20:25,17950.0,100,Sell,226568471
2024-07-26 09:20:27,18000.0,10000,Buy,226568505
2024-07-26 09:20:29,18000.0,14000,Buy,226568525
2024-07-26 09:20:32,18000.0,400,Buy,226568591
2024-07-26 09:20:33,18000.0,500,Buy,226568606
2024-07-26 09:20:34,18000.0,100,Buy,226568615
2024-07-26 09:20:41,18000.0,4000,Buy,226568696
2024-07-26 09:20:43,18000.0,12300,Buy,226568725
2024-07-26 09:20:45,18000.0,500,Buy,226568760
2024-07-26 09:20:55,17950.0,2000,Sell,226568915
2024-07-26 09:20:58,18000.0,100,Buy,226568988
2024-07-26 09:20:59,18000.0,9000,Buy,226568992
2024-07-26 09:21:08,18000.0,4000,Buy,226569188
2024-07-26 09:21:10,18000.0,500,Buy,226569226
2024-07-26 09:21:17,18000.0,3000,Buy,226569313
2024-07-26 09:21:21,18000.0,5000,Buy,226569356
2024-07-26 09:21:42,17950.0,10000,Sell,226569712
2024-07-26 09:21:47,18000.0,30000,Buy,226569804
2024-07-26 09:21:48,17950.0,1000,Sell,226569837
2024-07-26 09:21:49,17950.0,100,Sell,226569844
2024-07-26 09:21:52,18000.0,200,Buy,226569883
2024-07-26 09:21:52,17950.0,300,Sell,226569885
2024-07-26 09:21:56,18000.0,500,Buy,226569995
2024-07-26 09:21:59,18000.0,20000,Buy,226570025
2024-07-26 09:22:03,18000.0,2000,Buy,226570101
2024-07-26 09:22:07,18000.0,200,Buy,226570161
2024-07-26 09:22:12,18000.0,500,Buy,226570215
2024-07-26 09:22:15,18000.0,6000,Buy,226570296
2024-07-26 09:22:15,18000.0,10000,Buy,226570297
2024-07-26 09:22:15,18000.0,100,Buy,226570298
2024-07-26 09:22:15,18000.0,100,Buy,226570299
2024-07-26 09:22:15,18000.0,200,Buy,226570300
2024-07-26 09:22:15,18000.0,900,Buy,226570301
2024-07-26 09:22:15,18000.0,100,Buy,226570302
2024-07-26 09:22:15,18000.0,2000,Buy,226570303
2024-07-26 09:22:15,18000.0,600,Buy,226570304
2024-07-26 09:22:18,18000.0,100,Buy,226570356
2024-07-26 09:22:18,18000.0,1200,Buy,226570353
2024-07-26 09:22:18,18000.0,1800,Buy,226570354
2024-07-26 09:22:26,18000.0,100,Buy,226570488
2024-07-26 09:22:33,18000.0,100,Buy,226570661
2024-07-26 09:22:36,18000.0,300,Buy,226570708
2024-07-26 09:22:45,18000.0,500,Buy,226570859
2024-07-26 09:22:51,18000.0,100,Buy,226570942
2024-07-26 09:22:57,17950.0,500,Sell,226571068
2024-07-26 09:22:58,18000.0,100,Buy,226571085
2024-07-26 09:22:58,18000.0,20000,Buy,226571084
2024-07-26 09:22:58,18000.0,200,Buy,226571083
2024-07-26 09:22:58,18000.0,5400,Buy,226571081
2024-07-26 09:22:58,18000.0,2000,Buy,226571080
2024-07-26 09:22:58,18000.0,2000,Buy,226571079
2024-07-26 09:22:58,18000.0,300,Buy,226571082
2024-07-26 09:23:03,18000.0,3300,Buy,226571189
2024-07-26 09:23:03,18000.0,3000,Buy,226571190
2024-07-26 09:23:03,18000.0,2000,Buy,226571188
2024-07-26 09:23:03,18000.0,200,Buy,226571184
2024-07-26 09:23:03,18000.0,3000,Buy,226571186
2024-07-26 09:23:03,18000.0,500,Buy,226571185
2024-07-26 09:23:03,18000.0,2000,Buy,226571187
2024-07-26 09:23:07,18000.0,2000,Buy,226571279
2024-07-26 09:23:07,18000.0,1000,Buy,226571280
2024-07-26 09:23:09,18000.0,4000,Buy,226571310
2024-07-26 09:23:09,18000.0,5000,Buy,226571312
2024-07-26 09:23:09,18000.0,1000,Buy,226571313
2024-07-26 09:23:10,18000.0,1000,Buy,226571329
2024-07-26 09:23:11,18000.0,2600,Buy,226571353
2024-07-26 09:23:11,18000.0,6500,Buy,226571350
2024-07-26 09:23:11,18000.0,500,Buy,226571351
2024-07-26 09:23:11,18000.0,400,Buy,226571352
2024-07-26 09:23:12,18000.0,500,Buy,226571359
2024-07-26 09:23:14,18000.0,1900,Buy,226571388
2024-07-26 09:23:14,18000.0,2000,Buy,226571389
2024-07-26 09:23:14,18000.0,4000,Buy,226571390
2024-07-26 09:23:14,18000.0,1000,Buy,226571391
2024-07-26 09:23:14,18000.0,1100,Buy,226571392
2024-07-26 09:23:17,18000.0,3900,Buy,226571451
2024-07-26 09:23:17,18000.0,1100,Buy,226571452
2024-07-26 09:23:17,18000.0,700,Buy,226571459
2024-07-26 09:23:17,18000.0,300,Buy,226571460
2024-07-26 09:23:21,17950.0,1700,Sell,226571516
2024-07-26 09:23:23,18000.0,500,Buy,226571562
2024-07-26 09:23:23,18000.0,700,Buy,226571563
2024-07-26 09:23:23,18000.0,200,Buy,226571561
2024-07-26 09:23:25,18000.0,2200,Buy,226571583
2024-07-26 09:23:30,18000.0,100,Buy,226571679
2024-07-26 09:23:30,18000.0,10800,Buy,226571680
2024-07-26 09:23:31,18000.0,100,Buy,226571704
2024-07-26 09:23:33,18000.0,3000,Buy,226571745
2024-07-26 09:23:34,18000.0,100,Buy,226571757
2024-07-26 09:23:35,18000.0,500,Buy,226571777
2024-07-26 09:23:40,18000.0,100,Buy,226571874
2024-07-26 09:23:52,18000.0,500,Buy,226572124
2024-07-26 09:23:52,18000.0,500,Buy,226572123
2024-07-26 09:23:53,18000.0,200,Buy,226572134
2024-07-26 09:24:01,18000.0,1000,Buy,226572324
2024-07-26 09:24:02,18000.0,100,Buy,226572343
2024-07-26 09:24:06,18000.0,100,Buy,226572399
2024-07-26 09:24:10,18000.0,500,Buy,226572478
2024-07-26 09:24:11,18000.0,100,Buy,226572493
2024-07-26 09:24:11,18000.0,100,Buy,226572494
2024-07-26 09:24:18,18000.0,1000,Buy,226572595
2024-07-26 09:24:18,18000.0,100,Buy,226572594
2024-07-26 09:24:18,18000.0,300,Buy,226572591
2024-07-26 09:24:18,18000.0,800,Buy,226572592
2024-07-26 09:24:18,18000.0,200,Buy,226572593
2024-07-26 09:24:24,18000.0,500,Buy,226572685
2024-07-26 09:24:25,18000.0,200,Buy,226572693
2024-07-26 09:24:39,18000.0,100,Buy,226573018
2024-07-26 09:24:44,18000.0,500,Buy,226573127
2024-07-26 09:24:51,18000.0,20000,Buy,226573276
2024-07-26 09:24:51,18000.0,1800,Buy,226573275
2024-07-26 09:24:51,18000.0,100,Buy,226573274
2024-07-26 09:24:51,18000.0,1000,Buy,226573273
2024-07-26 09:24:51,18000.0,3000,Buy,226573270
2024-07-26 09:24:51,18000.0,200,Buy,226573269
2024-07-26 09:24:51,18000.0,100,Buy,226573268
2024-07-26 09:24:51,18000.0,1800,Buy,226573272
2024-07-26 09:24:51,18000.0,2000,Buy,226573271
2024-07-26 09:25:12,18000.0,500,Buy,226573647
2024-07-26 09:25:12,18000.0,3000,Buy,226573648
2024-07-26 09:25:12,18000.0,46500,Buy,226573649
2024-07-26 09:25:24,18000.0,500,Buy,226573848
2024-07-26 09:25:35,18000.0,100,Buy,226574021
2024-07-26 09:25:36,18000.0,100,Buy,226574049
2024-07-26 09:25:39,18000.0,1000,Buy,226574088
2024-07-26 09:25:57,18000.0,400,Buy,226574416
2024-07-26 09:25:57,18000.0,100,Buy,226574407
2024-07-26 09:26:10,18000.0,1000,Buy,226574669
2024-07-26 09:26:16,18000.0,200,Buy,226574776
2024-07-26 09:26:24,18000.0,100,Buy,226574904
2024-07-26 09:26:32,18000.0,300,Buy,226575071
2024-07-26 09:26:37,18000.0,700,Buy,226575164
2024-07-26 09:26:50,18000.0,4000,Buy,226575365
2024-07-26 09:26:50,18000.0,6000,Buy,226575366
2024-07-26 09:27:22,18000.0,100,Buy,226575948
2024-07-26 09:27:27,18000.0,3900,Buy,226576081
2024-07-26 09:27:27,18000.0,500,Buy,226576082
2024-07-26 09:27:27,18000.0,600,Buy,226576083
2024-07-26 09:27:31,18000.0,200,Buy,226576146
2024-07-26 09:27:33,18000.0,100,Buy,226576168
2024-07-26 09:27:42,18000.0,100,Buy,226576374
2024-07-26 09:27:57,18000.0,200,Buy,226576602
2024-07-26 09:28:24,18000.0,100,Buy,226577112
2024-07-26 09:28:39,18000.0,100,Buy,226577417
2024-07-26 09:28:52,18000.0,100,Buy,226577631
2024-07-26 09:29:02,18000.0,100,Buy,226577779
2024-07-26 09:29:02,18000.0,200,Buy,226577780
2024-07-26 09:29:14,17950.0,700,Sell,226577983
2024-07-26 09:29:37,18000.0,3000,Buy,226578459
2024-07-26 09:30:00,18000.0,500,Buy,226578904
2024-07-26 09:30:27,18000.0,200,Buy,226579459
2024-07-26 09:30:27,17950.0,100,Sell,226579464
2024-07-26 09:30:28,17950.0,4000,Sell,226579500
2024-07-26 09:30:46,17950.0,700,Sell,226579830
2024-07-26 09:30:56,17950.0,4000,Sell,226580077
2024-07-26 09:31:03,17950.0,11500,Sell,226580232
2024-07-26 09:31:16,17950.0,5000,Sell,226580527
2024-07-26 09:31:21,17950.0,5400,Sell,226580675
2024-07-26 09:31:22,17950.0,6000,Sell,226580705
2024-07-26 09:31:23,17950.0,30000,Sell,226580747
2024-07-26 09:31:27,17950.0,300,Sell,226580816
2024-07-26 09:31:29,17950.0,300,Sell,226580874
2024-07-26 09:31:30,17950.0,6000,Sell,226580895
2024-07-26 09:31:31,17950.0,3000,Sell,226580943
2024-07-26 09:31:32,17950.0,1000,Sell,226580955
2024-07-26 09:31:32,17950.0,10000,Sell,226580963
2024-07-26 09:31:35,17950.0,100,Sell,226581037
2024-07-26 09:31:36,17950.0,2000,Sell,226581060
2024-07-26 09:31:36,17950.0,2500,Sell,226581056
2024-07-26 09:31:39,17950.0,38900,Sell,226581149
2024-07-26 09:31:41,17950.0,400,Sell,226581181
2024-07-26 09:31:42,17950.0,5000,Sell,226581196
2024-07-26 09:31:50,17950.0,2000,Sell,226581359
2024-07-26 09:31:50,17950.0,5000,Sell,226581364
2024-07-26 09:31:53,17950.0,10000,Sell,226581427
2024-07-26 09:31:55,17950.0,300,Sell,226581473
2024-07-26 09:31:55,17950.0,500,Sell,226581472
2024-07-26 09:31:55,17950.0,300,Sell,226581469
2024-07-26 09:31:55,17950.0,200,Sell,226581471
2024-07-26 09:31:55,17950.0,500,Sell,226581467
2024-07-26 09:31:55,17950.0,200,Sell,226581466
2024-07-26 09:31:55,17950.0,100,Sell,226581465
2024-07-26 09:31:55,17950.0,3800,Sell,226581464
2024-07-26 09:31:55,17950.0,100,Sell,226581468
2024-07-26 09:32:00,17950.0,400,Sell,226581631
2024-07-26 09:32:00,17950.0,500,Sell,226581629
2024-07-26 09:32:00,17950.0,100,Sell,226581628
2024-07-26 09:32:00,17950.0,100,Sell,226581627
2024-07-26 09:32:00,17950.0,500,Sell,226581626
2024-07-26 09:32:00,17950.0,100,Sell,226581630
2024-07-26 09:32:00,17950.0,500,Sell,226581624
2024-07-26 09:32:00,17950.0,500,Sell,226581623
2024-07-26 09:32:00,17950.0,500,Sell,226581622
2024-07-26 09:32:00,17950.0,1000,Sell,226581621
2024-07-26 09:32:00,17950.0,700,Sell,226581620
2024-07-26 09:32:00,17950.0,100,Sell,226581625
2024-07-26 09:32:02,17950.0,200,Sell,226581676
2024-07-26 09:32:02,17950.0,100,Sell,226581675
2024-07-26 09:32:02,17950.0,500,Sell,226581674
2024-07-26 09:32:02,17950.0,400,Sell,226581672
2024-07-26 09:32:02,17950.0,1600,Sell,226581671
2024-07-26 09:32:02,17950.0,100,Sell,226581673
2024-07-26 09:32:16,17950.0,500,Buy,226581963
2024-07-26 09:32:23,17950.0,600,Buy,226582098
2024-07-26 09:32:23,17950.0,200,Buy,226582099
2024-07-26 09:32:23,17950.0,2400,Buy,226582100
2024-07-26 09:32:27,17950.0,200,Buy,226582163
2024-07-26 09:32:27,17950.0,1000,Buy,226582162
2024-07-26 09:32:27,17950.0,2200,Buy,226582161
2024-07-26 09:32:27,17950.0,6000,Buy,226582160
2024-07-26 09:32:27,17950.0,600,Buy,226582159
2024-07-26 09:32:35,17950.0,2000,Buy,226582354
2024-07-26 09:32:35,17950.0,1000,Buy,226582351
2024-07-26 09:32:35,17950.0,500,Buy,226582352
2024-07-26 09:32:35,17950.0,100,Buy,226582353
2024-07-26 09:32:44,17950.0,5600,Sell,226582535
2024-07-26 09:32:46,17950.0,500,Sell,226582571
2024-07-26 09:32:46,17950.0,500,Sell,226582573
2024-07-26 09:33:05,17950.0,100,Sell,226582886
2024-07-26 09:33:07,17950.0,5600,Sell,226582932
2024-07-26 09:33:15,17950.0,5600,Sell,226583066
2024-07-26 09:33:24,17950.0,5600,Sell,226583246
2024-07-26 09:33:32,17950.0,500,Sell,226583403
2024-07-26 09:33:34,18000.0,100,Buy,226583443
2024-07-26 09:33:56,18000.0,1000,Buy,226583826
2024-07-26 09:33:56,18000.0,700,Buy,226583827
2024-07-26 09:34:31,18000.0,100,Buy,226584389
2024-07-26 09:34:31,18000.0,2000,Buy,226584392
2024-07-26 09:34:48,18000.0,200,Buy,226584710
2024-07-26 09:34:48,18000.0,500,Buy,226584711
2024-07-26 09:34:48,18000.0,300,Buy,226584712
2024-07-26 09:34:57,18000.0,32400,Buy,226584904
2024-07-26 09:34:57,18000.0,200,Buy,226584903
2024-07-26 09:34:57,18000.0,400,Buy,226584902
2024-07-26 09:34:57,18000.0,3000,Buy,226584899
2024-07-26 09:34:57,18000.0,1000,Buy,226584898
2024-07-26 09:34:57,18000.0,1000,Buy,226584901
2024-07-26 09:34:57,18000.0,3000,Buy,226584896
2024-07-26 09:34:57,18000.0,3000,Buy,226584897
2024-07-26 09:34:57,18000.0,700,Buy,226584891
2024-07-26 09:34:57,18000.0,1000,Buy,226584892
2024-07-26 09:34:57,18000.0,100,Buy,226584900
2024-07-26 09:34:57,18000.0,3000,Buy,226584894
2024-07-26 09:34:57,18000.0,1000,Buy,226584893
2024-07-26 09:34:57,18000.0,200,Buy,226584895
2024-07-26 09:35:09,18000.0,4000,Buy,226585165
2024-07-26 09:35:19,17950.0,800,Sell,226585374
2024-07-26 09:35:32,18000.0,1000,Buy,226585634
2024-07-26 09:35:38,17950.0,200,Sell,226585722
2024-07-26 09:35:43,18000.0,700,Buy,226585781
2024-07-26 09:35:54,18000.0,700,Buy,226585981
2024-07-26 09:36:04,18000.0,1000,Buy,226586159
2024-07-26 09:36:22,17950.0,1000,Sell,226586437
2024-07-26 09:36:24,18000.0,200,Buy,226586462
2024-07-26 09:36:28,18000.0,1500,Buy,226586527
2024-07-26 09:36:48,18000.0,800,Buy,226586841
2024-07-26 09:36:48,17950.0,5000,Sell,226586840
2024-07-26 09:36:53,18000.0,100,Buy,226586946
2024-07-26 09:37:35,18000.0,1000,Buy,226587683
2024-07-26 09:38:12,17950.0,500,Sell,226588333
2024-07-26 09:38:38,17950.0,200,Sell,226588698
2024-07-26 09:38:38,17950.0,4000,Sell,226588702
2024-07-26 09:38:51,18000.0,1500,Buy,226588834
2024-07-26 09:38:58,17950.0,10000,Sell,226588994
2024-07-26 09:39:33,17950.0,100,Sell,226589440
2024-07-26 09:39:33,17950.0,600,Sell,226589429
2024-07-26 09:39:33,17950.0,200,Sell,226589439
2024-07-26 09:39:43,17950.0,100,Sell,226589599
2024-07-26 09:39:44,17950.0,200,Sell,226589621
2024-07-26 09:39:52,17950.0,15000,Sell,226589781
2024-07-26 09:40:01,17950.0,34500,Sell,226589899
2024-07-26 09:40:01,17950.0,170500,Sell,226589900
2024-07-26 09:40:03,17950.0,10700,Buy,226589986
2024-07-26 09:40:03,17950.0,500,Sell,226589974
2024-07-26 09:40:03,17950.0,1800,Sell,226589973
2024-07-26 09:40:03,17950.0,500,Sell,226589972
2024-07-26 09:40:03,17950.0,100,Sell,226589971
2024-07-26 09:40:03,17950.0,1800,Sell,226589970
2024-07-26 09:40:03,17950.0,100,Sell,226589969
2024-07-26 09:40:03,17950.0,200,Sell,226589967
2024-07-26 09:40:03,17950.0,1800,Sell,226589968
2024-07-26 09:40:03,17950.0,100,Sell,226589965
2024-07-26 09:40:03,17950.0,100,Sell,226589964
2024-07-26 09:40:03,17950.0,100,Sell,226589963
2024-07-26 09:40:03,17950.0,2000,Sell,226589962
2024-07-26 09:40:03,17950.0,200,Sell,226589961
2024-07-26 09:40:03,17950.0,100,Sell,226589960
2024-07-26 09:40:03,17950.0,1000,Sell,226589959
2024-07-26 09:40:03,17950.0,250000,Sell,226589958
2024-07-26 09:40:03,17950.0,29500,Sell,226589957
2024-07-26 09:40:03,17950.0,100,Sell,226589966
2024-07-26 09:40:10,17950.0,8600,Sell,226590040
2024-07-26 09:40:10,17950.0,800,Sell,226590041
2024-07-26 09:40:24,17950.0,600,Buy,226590243
2024-07-26 09:40:24,17950.0,1400,Buy,226590244
2024-07-26 09:41:19,17950.0,200,Buy,226591228
2024-07-26 09:42:18,17950.0,3100,Buy,226592133
2024-07-26 09:42:18,17950.0,400,Buy,226592130
2024-07-26 09:42:18,17950.0,600,Buy,226592131
2024-07-26 09:42:18,17950.0,500,Buy,226592132
2024-07-26 09:42:40,17950.0,400,Buy,226592403
2024-07-26 09:43:24,17900.0,400,Sell,226593061
2024-07-26 09:43:24,17900.0,900,Sell,226593062
2024-07-26 09:43:55,17900.0,1100,Sell,226593536
2024-07-26 09:43:55,17900.0,1000,Sell,226593537
2024-07-26 09:43:55,17900.0,2900,Sell,226593538
2024-07-26 09:44:01,17900.0,2000,Sell,226593599
2024-07-26 09:44:35,17900.0,500,Sell,226594127
2024-07-26 09:45:21,17900.0,6000,Sell,226594893
2024-07-26 09:45:21,17950.0,800,Buy,226594895
2024-07-26 09:45:48,17950.0,100,Buy,226595268
2024-07-26 09:46:22,17950.0,700,Buy,226595731
2024-07-26 09:46:22,17950.0,19300,Buy,226595732
2024-07-26 09:47:01,17950.0,500,Buy,226596357
2024-07-26 09:47:34,17950.0,1000,Buy,226597010
2024-07-26 09:48:46,17950.0,6000,Buy,226598152
2024-07-26 09:49:00,17950.0,3000,Buy,226598344
2024-07-26 09:49:16,17950.0,1800,Buy,226598667
2024-07-26 09:49:34,17950.0,1200,Buy,226599005
2024-07-26 09:49:50,17900.0,5700,Sell,226599374
2024-07-26 09:49:55,17950.0,100,Buy,226599451
2024-07-26 09:50:18,17950.0,100,Buy,226599789
2024-07-26 09:50:36,17900.0,100,Sell,226600170
2024-07-26 09:50:56,17900.0,100,Sell,226600553
2024-07-26 09:50:59,17900.0,100,Sell,226600605
2024-07-26 09:51:00,17950.0,100,Buy,226600624
2024-07-26 09:51:29,17900.0,100,Sell,226601128
2024-07-26 09:52:45,17900.0,500,Sell,226602506
2024-07-26 09:53:12,17900.0,300,Sell,226603102
2024-07-26 09:53:28,17950.0,200,Buy,226603424
2024-07-26 09:53:37,17900.0,17000,Sell,226603702
2024-07-26 09:53:45,17900.0,2000,Sell,226603903
2024-07-26 09:53:50,17900.0,1400,Sell,226603983
2024-07-26 09:53:52,17950.0,5500,Buy,226604004
2024-07-26 09:54:08,17900.0,100,Sell,226604326
2024-07-26 09:54:53,17900.0,300,Sell,226605171
2024-07-26 09:54:57,17950.0,200,Buy,226605247
2024-07-26 09:55:34,17900.0,30000,Sell,226605924
2024-07-26 09:56:05,17900.0,1500,Sell,226606593
2024-07-26 09:56:06,17950.0,300,Buy,226606609
2024-07-26 09:56:46,17950.0,200,Buy,226607290
2024-07-26 09:58:04,17950.0,500,Buy,226608791
2024-07-26 09:58:42,17950.0,100,Buy,226609403
2024-07-26 09:59:15,17950.0,100,Buy,226609912
2024-07-26 10:00:01,17950.0,10000,Buy,226610698
2024-07-26 10:00:02,17900.0,1000,Sell,226610701
2024-07-26 10:00:15,17900.0,300,Sell,226610915
2024-07-26 10:00:30,17900.0,100,Sell,226611167
2024-07-26 10:00:34,17900.0,5600,Sell,226611212
2024-07-26 10:00:36,17900.0,100,Sell,226611244
2024-07-26 10:01:05,17900.0,100,Sell,226611658
2024-07-26 10:01:40,17900.0,1800,Sell,226612129
2024-07-26 10:01:40,17900.0,1800,Sell,226612158
2024-07-26 10:01:41,17900.0,1800,Sell,226612186
2024-07-26 10:02:03,17900.0,1800,Sell,226612686
2024-07-26 10:02:51,17900.0,5400,Sell,226613495
2024-07-26 10:03:11,17900.0,2000,Sell,226613915
2024-07-26 10:03:24,17900.0,500,Sell,226614174
2024-07-26 10:03:30,17900.0,1000,Sell,226614260
2024-07-26 10:03:51,17950.0,500,Buy,226614593
2024-07-26 10:04:33,17950.0,100,Buy,226615207
2024-07-26 10:04:35,17950.0,1000,Buy,226615236
2024-07-26 10:05:47,17950.0,100,Buy,226616252
2024-07-26 10:05:47,17950.0,100,Buy,226616253
2024-07-26 10:05:47,17950.0,300,Buy,226616254
2024-07-26 10:06:14,17900.0,600,Sell,226616698
2024-07-26 10:06:16,17900.0,100,Sell,226616717
2024-07-26 10:07:06,17950.0,1000,Buy,226617413
2024-07-26 10:07:27,17950.0,300,Buy,226617683
2024-07-26 10:08:08,17900.0,1800,Sell,226618166
2024-07-26 10:08:22,17900.0,2000,Sell,226618368
2024-07-26 10:08:33,17900.0,1800,Sell,226618591
2024-07-26 10:08:58,17900.0,1000,Sell,226619005
2024-07-26 10:09:39,17900.0,3000,Sell,226619694
2024-07-26 10:09:58,17900.0,1000,Sell,226620069
2024-07-26 10:10:05,17900.0,1000,Sell,226620201
2024-07-26 10:10:38,17950.0,1000,Buy,226620604
2024-07-26 10:10:44,17900.0,10000,Sell,226620688
2024-07-26 10:11:20,17900.0,10000,Sell,226621155
2024-07-26 10:11:30,17900.0,1500,Sell,226621557
2024-07-26 10:12:03,17900.0,500,Sell,226621998
2024-07-26 10:12:06,17900.0,1000,Sell,226622072
2024-07-26 10:12:13,17950.0,2000,Buy,226622222
2024-07-26 10:13:01,17900.0,100,Sell,226622890
2024-07-26 10:13:03,17900.0,1000,Sell,226622943
2024-07-26 10:13:12,17950.0,500,Buy,226623110
2024-07-26 10:13:35,17950.0,400,Buy,226623476
2024-07-26 10:14:13,17900.0,400,Sell,226624361
2024-07-26 10:14:33,17950.0,3000,Buy,226624758
2024-07-26 10:14:44,17950.0,500,Buy,226624896
2024-07-26 10:14:44,17950.0,1500,Buy,226624897
2024-07-26 10:16:45,17950.0,600,Buy,226626795
2024-07-26 10:18:32,17900.0,1500,Sell,226628259
2024-07-26 10:18:38,17900.0,2000,Sell,226628321
2024-07-26 10:18:53,17900.0,200,Sell,226628498
2024-07-26 10:18:56,17900.0,7600,Sell,226628557
2024-07-26 10:19:25,17900.0,1100,Sell,226628957
2024-07-26 10:19:32,17900.0,1000,Sell,226629046
2024-07-26 10:19:37,17950.0,100,Buy,226629103
2024-07-26 10:20:10,17900.0,10000,Sell,226629673
2024-07-26 10:20:43,17900.0,3000,Sell,226630114
2024-07-26 10:20:53,17950.0,100,Buy,226630328
2024-07-26 10:21:48,17950.0,700,Buy,226631191
2024-07-26 10:21:58,17950.0,3000,Buy,226631373
2024-07-26 10:21:58,17950.0,400,Buy,226631374
2024-07-26 10:21:58,17950.0,600,Buy,226631375
2024-07-26 10:22:20,17900.0,200,Sell,226631641
2024-07-26 10:22:33,17950.0,100,Buy,226631841
2024-07-26 10:22:47,17950.0,1000,Buy,226632135
2024-07-26 10:23:09,17950.0,100,Buy,226632437
2024-07-26 10:25:25,17950.0,100,Buy,226634443
2024-07-26 10:25:29,17950.0,100,Buy,226634513
2024-07-26 10:26:17,17950.0,100,Buy,226635216
2024-07-26 10:27:04,17900.0,100,Sell,226635923
2024-07-26 10:27:26,17950.0,100,Buy,226636184
2024-07-26 10:27:57,17950.0,500,Buy,226636573
2024-07-26 10:27:57,17950.0,100,Buy,226636572
2024-07-26 10:28:05,17950.0,3000,Buy,226636680
2024-07-26 10:28:17,17950.0,500,Buy,226636909
2024-07-26 10:28:17,17950.0,1500,Buy,226636910
2024-07-26 10:28:17,17950.0,100,Buy,226636911
2024-07-26 10:28:17,17950.0,1900,Buy,226636912
2024-07-26 10:28:17,17950.0,200,Buy,226636918
2024-07-26 10:28:31,17950.0,900,Buy,226637128
2024-07-26 10:28:31,17950.0,500,Buy,226637129
2024-07-26 10:28:31,17950.0,100,Buy,226637130
2024-07-26 10:28:31,17950.0,1000,Buy,226637131
2024-07-26 10:28:31,17950.0,500,Buy,226637132
2024-07-26 10:29:38,17950.0,900,Buy,226638084
2024-07-26 10:29:38,17950.0,100,Buy,226638083
2024-07-26 10:29:38,17950.0,500,Buy,226638082
2024-07-26 10:31:49,17900.0,500,Sell,226639787
2024-07-26 10:32:45,17900.0,400,Sell,226640690
2024-07-26 10:33:13,17900.0,5000,Sell,226641046
2024-07-26 10:33:25,17950.0,2000,Buy,226641189
2024-07-26 10:33:30,17950.0,800,Buy,226641291
2024-07-26 10:33:35,17950.0,200,Buy,226641369
2024-07-26 10:33:50,17950.0,500,Buy,226641549
2024-07-26 10:35:14,17950.0,100,Buy,226642936
2024-07-26 10:35:34,17950.0,4200,Buy,226643221
2024-07-26 10:35:34,17950.0,100,Buy,226643220
2024-07-26 10:35:34,17950.0,100,Buy,226643219
2024-07-26 10:35:34,17950.0,100,Buy,226643217
2024-07-26 10:35:34,17950.0,1000,Buy,226643216
2024-07-26 10:35:34,17950.0,4000,Buy,226643218
2024-07-26 10:35:34,17950.0,500,Buy,226643215
2024-07-26 10:37:29,17950.0,800,Buy,226644887
2024-07-26 10:37:29,17950.0,1200,Buy,226644888
2024-07-26 10:37:38,17950.0,100,Buy,226644983
2024-07-26 10:37:43,17950.0,5000,Buy,226645037
2024-07-26 10:37:51,17950.0,300,Buy,226645117
2024-07-26 10:38:12,17950.0,100,Buy,226645436
2024-07-26 10:38:36,17900.0,1800,Sell,226645732
2024-07-26 10:38:40,17900.0,1800,Sell,226645791
2024-07-26 10:39:01,17950.0,1200,Buy,226645994
2024-07-26 10:39:54,17900.0,100,Sell,226646744
2024-07-26 10:40:17,17950.0,1300,Buy,226647025
2024-07-26 10:40:17,17950.0,5000,Buy,226647024
2024-07-26 10:40:17,17950.0,300,Buy,226647022
2024-07-26 10:40:17,17950.0,1100,Buy,226647021
2024-07-26 10:40:17,17950.0,4500,Buy,226647023
2024-07-26 10:40:47,17950.0,1500,Buy,226647624
2024-07-26 10:41:00,17950.0,1000,Buy,226647824
2024-07-26 10:41:24,17900.0,2000,Sell,226648202
2024-07-26 10:41:53,17900.0,2000,Sell,226648728
2024-07-26 10:43:23,17950.0,300,Buy,226650077
2024-07-26 10:43:31,17900.0,100,Sell,226650176
2024-07-26 10:43:46,17950.0,1300,Buy,226650369
2024-07-26 10:43:46,17950.0,500,Buy,226650370
2024-07-26 10:43:46,17950.0,900,Buy,226650371
2024-07-26 10:43:56,17950.0,400,Buy,226650557
2024-07-26 10:43:56,17950.0,600,Buy,226650556
2024-07-26 10:44:24,17900.0,200,Sell,226651033
2024-07-26 10:44:48,17900.0,3000,Sell,226651373
2024-07-26 10:45:13,17950.0,500,Buy,226651691
2024-07-26 10:45:13,17950.0,300,Buy,226651692
2024-07-26 10:45:13,17950.0,200,Buy,226651693
2024-07-26 10:45:13,17950.0,5600,Buy,226651694
2024-07-26 10:45:13,17950.0,3400,Buy,226651695
2024-07-26 10:45:19,17950.0,2200,Buy,226651774
2024-07-26 10:45:19,17950.0,800,Buy,226651775
2024-07-26 10:45:47,17950.0,100,Buy,226652147
2024-07-26 10:45:47,17950.0,600,Buy,226652148
2024-07-26 10:45:47,17950.0,5600,Buy,226652145
2024-07-26 10:45:47,17950.0,3200,Buy,226652144
2024-07-26 10:45:47,17950.0,500,Buy,226652146
2024-07-26 10:46:03,17950.0,2000,Buy,226652313
2024-07-26 10:46:45,17950.0,2000,Buy,226652812
2024-07-26 10:46:53,17950.0,400,Buy,226652924
2024-07-26 10:46:53,17950.0,100,Buy,226652925
2024-07-26 10:47:07,17950.0,500,Buy,226653102
2024-07-26 10:47:12,17950.0,400,Buy,226653168
2024-07-26 10:47:12,17950.0,4000,Buy,226653169
2024-07-26 10:47:12,17950.0,600,Buy,226653170
2024-07-26 10:47:15,17950.0,2400,Buy,226653185
2024-07-26 10:47:15,17950.0,600,Buy,226653186
2024-07-26 10:47:16,17950.0,100,Buy,226653195
2024-07-26 10:47:39,17950.0,1000,Buy,226653573
2024-07-26 10:47:39,17950.0,900,Buy,226653574
2024-07-26 10:47:39,17950.0,600,Buy,226653572
2024-07-26 10:47:39,17950.0,4800,Buy,226653570
2024-07-26 10:47:39,17950.0,800,Buy,226653571
2024-07-26 10:48:08,17950.0,500,Buy,226653968
2024-07-26 10:48:09,17900.0,1000,Sell,226653975
2024-07-26 10:49:51,17900.0,800,Sell,226655688
2024-07-26 10:49:59,17950.0,700,Buy,226655854
2024-07-26 10:50:18,17950.0,100,Buy,226656154
2024-07-26 10:50:18,17950.0,800,Buy,226656160
2024-07-26 10:50:18,17950.0,1200,Buy,226656161
2024-07-26 10:50:40,17950.0,1000,Buy,226656492
2024-07-26 10:50:41,17950.0,200,Buy,226656536
2024-07-26 10:50:57,17950.0,1000,Buy,226656728
2024-07-26 10:51:29,17950.0,100,Buy,226657279
2024-07-26 10:51:44,17950.0,4000,Buy,226657495
2024-07-26 10:51:51,17950.0,500,Buy,226657617
2024-07-26 10:51:51,17950.0,100,Buy,226657618
2024-07-26 10:51:55,17950.0,1800,Buy,226657686
2024-07-26 10:51:55,17950.0,1000,Buy,226657687
2024-07-26 10:51:55,17950.0,1000,Buy,226657690
2024-07-26 10:51:55,17950.0,2000,Buy,226657688
2024-07-26 10:51:55,17950.0,1800,Buy,226657689
2024-07-26 10:51:55,17950.0,400,Buy,226657691
2024-07-26 10:51:55,17950.0,700,Buy,226657699
2024-07-26 10:51:55,17950.0,200,Buy,226657693
2024-07-26 10:51:55,17950.0,1800,Buy,226657694
2024-07-26 10:51:55,17950.0,1800,Buy,226657695
2024-07-26 10:51:55,17950.0,100,Buy,226657696
2024-07-26 10:51:55,17950.0,1000,Buy,226657697
2024-07-26 10:51:55,17950.0,1000,Buy,226657698
2024-07-26 10:51:55,17950.0,8000,Buy,226657685
2024-07-26 10:51:55,17950.0,100,Buy,226657692
2024-07-26 10:51:55,17950.0,1000,Buy,226657684
2024-07-26 10:51:55,17950.0,2000,Buy,226657679
2024-07-26 10:51:55,17950.0,2000,Buy,226657682
2024-07-26 10:51:55,17950.0,500,Buy,226657667
2024-07-26 10:51:55,17950.0,2000,Buy,226657668
2024-07-26 10:51:55,17950.0,3400,Buy,226657669
2024-07-26 10:51:55,17950.0,100,Buy,226657670
2024-07-26 10:51:55,17950.0,3000,Buy,226657683
2024-07-26 10:51:55,17950.0,100,Buy,226657672
2024-07-26 10:51:55,17950.0,1000,Buy,226657673
2024-07-26 10:51:55,17950.0,5000,Buy,226657671
2024-07-26 10:51:55,17950.0,400,Buy,226657675
2024-07-26 10:51:55,17950.0,2500,Buy,226657676
2024-07-26 10:51:55,17950.0,3500,Buy,226657677
2024-07-26 10:51:55,17950.0,300,Buy,226657678
2024-07-26 10:51:55,17950.0,1000,Buy,226657680
2024-07-26 10:51:55,17950.0,1000,Buy,226657681
2024-07-26 10:51:55,17950.0,1000,Buy,226657674
2024-07-26 10:51:56,17950.0,600,Buy,226657717
2024-07-26 10:52:01,17950.0,100,Buy,226657822
2024-07-26 10:52:02,17950.0,5000,Buy,226657825
2024-07-26 10:52:02,17950.0,2000,Buy,226657846
2024-07-26 10:52:06,17950.0,500,Buy,226657933
2024-07-26 10:52:06,17950.0,1000,Buy,226657930
2024-07-26 10:52:06,17950.0,10000,Buy,226657932
2024-07-26 10:52:06,17950.0,100,Buy,226657928
2024-07-26 10:52:06,17950.0,1800,Buy,226657929
2024-07-26 10:52:06,17950.0,1600,Buy,226657926
2024-07-26 10:52:06,17950.0,8200,Buy,226657931
2024-07-26 10:52:06,17950.0,1800,Buy,226657927
2024-07-26 10:52:08,17900.0,2100,Sell,226657960
2024-07-26 10:52:09,17950.0,2000,Buy,226657981
2024-07-26 10:52:13,17950.0,3000,Buy,226658048
2024-07-26 10:52:13,17950.0,3000,Buy,226658047
2024-07-26 10:52:13,17950.0,2000,Buy,226658046
2024-07-26 10:52:13,17950.0,4000,Buy,226658041
2024-07-26 10:52:13,17950.0,1000,Buy,226658044
2024-07-26 10:52:13,17950.0,5000,Buy,226658043
2024-07-26 10:52:13,17950.0,200,Buy,226658042
2024-07-26 10:52:13,17950.0,1000,Buy,226658045
2024-07-26 10:52:44,17950.0,10000,Sell,226658378
2024-07-26 10:52:44,17950.0,200,Sell,226658379
2024-07-26 10:52:56,17950.0,4800,Buy,226658563
2024-07-26 10:52:56,17950.0,200,Buy,226658564
2024-07-26 10:53:01,17950.0,100,Buy,226658652
2024-07-26 10:53:36,17950.0,1200,Buy,226659110
2024-07-26 10:53:36,17950.0,2000,Buy,226659111
2024-07-26 10:53:36,17950.0,100,Buy,226659112
2024-07-26 10:53:37,17950.0,1900,Buy,226659133
2024-07-26 10:53:37,17950.0,600,Buy,226659134
2024-07-26 10:53:40,17950.0,900,Buy,226659155
2024-07-26 10:53:40,17950.0,700,Buy,226659156
2024-07-26 10:53:55,17950.0,500,Sell,226659398
2024-07-26 10:54:10,17950.0,400,Sell,226659603
2024-07-26 10:54:14,17950.0,2500,Sell,226659634
2024-07-26 10:54:16,17950.0,100,Sell,226659689
2024-07-26 10:54:20,17950.0,1000,Sell,226659744
2024-07-26 10:54:24,17950.0,200,Sell,226659780
2024-07-26 10:54:40,17950.0,1000,Sell,226659967
2024-07-26 10:54:40,17950.0,800,Sell,226659968
2024-07-26 10:54:40,17950.0,1200,Sell,226659965
2024-07-26 10:54:40,17950.0,1000,Sell,226659966
2024-07-26 10:55:08,17950.0,200,Sell,226660348
2024-07-26 10:55:14,17950.0,200,Sell,226660446
2024-07-26 10:55:16,17950.0,300,Sell,226660487
2024-07-26 10:55:16,17950.0,700,Sell,226660488
2024-07-26 10:55:25,17950.0,1000,Sell,226660601
2024-07-26 10:55:27,17950.0,400,Sell,226660624
2024-07-26 10:55:35,17950.0,2000,Sell,226660702
2024-07-26 10:55:36,17950.0,100,Sell,226660706
2024-07-26 10:55:37,17950.0,1000,Sell,226660740
2024-07-26 10:55:37,17950.0,3700,Sell,226660741
2024-07-26 10:55:37,17950.0,800,Sell,226660738
2024-07-26 10:55:37,17950.0,100,Sell,226660739
2024-07-26 10:55:43,17950.0,100,Sell,226660827
2024-07-26 10:55:43,17950.0,100,Sell,226660828
2024-07-26 10:55:43,17950.0,300,Sell,226660826
2024-07-26 10:55:44,17950.0,100,Sell,226660842
2024-07-26 10:55:44,17950.0,200,Sell,226660843
2024-07-26 10:55:58,18000.0,100,Buy,226661060
2024-07-26 10:56:01,17950.0,1800,Sell,226661091
2024-07-26 10:56:01,17950.0,3000,Sell,226661092
2024-07-26 10:56:01,17950.0,200,Sell,226661093
2024-07-26 10:56:39,17950.0,1000,Buy,226661597
2024-07-26 10:56:49,17950.0,1000,Buy,226661722
2024-07-26 10:56:58,17950.0,100,Buy,226661836
2024-07-26 10:57:01,17950.0,300,Buy,226661857
2024-07-26 10:57:03,17950.0,1000,Buy,226661872
2024-07-26 10:57:04,17950.0,1000,Buy,226661880
2024-07-26 10:57:10,17950.0,100,Buy,226661948
2024-07-26 10:58:26,17950.0,5000,Buy,226662801
2024-07-26 10:58:26,17950.0,1000,Buy,226662800
2024-07-26 10:58:26,17950.0,300,Buy,226662799
2024-07-26 10:58:26,17950.0,500,Buy,226662794
2024-07-26 10:58:26,17950.0,8000,Buy,226662797
2024-07-26 10:58:26,17950.0,8700,Buy,226662796
2024-07-26 10:58:26,17950.0,2000,Buy,226662795
2024-07-26 10:58:26,17950.0,4000,Buy,226662798
2024-07-26 10:58:36,17950.0,2000,Sell,226662924
2024-07-26 10:58:52,17950.0,1000,Sell,226663173
2024-07-26 10:59:05,17950.0,7900,Sell,226663333
2024-07-26 10:59:11,17950.0,5000,Sell,226663396
2024-07-26 10:59:22,17950.0,5600,Sell,226663525
2024-07-26 10:59:25,17950.0,1000,Sell,226663588
2024-07-26 10:59:26,17950.0,34600,Sell,226663595
2024-07-26 10:59:26,17950.0,1000,Sell,226663597
2024-07-26 10:59:26,17950.0,1000,Sell,226663596
2024-07-26 11:00:36,17950.0,2000,Buy,226664585
2024-07-26 11:00:42,17950.0,100,Buy,226664656
2024-07-26 11:01:09,17950.0,2200,Buy,226664970
2024-07-26 11:01:12,17950.0,1000,Buy,226665004
2024-07-26 11:02:13,17950.0,1000,Buy,226665879
2024-07-26 11:02:25,17950.0,1800,Buy,226666097
2024-07-26 11:02:31,17950.0,300,Buy,226666146
2024-07-26 11:03:23,17950.0,300,Buy,226666905
2024-07-26 11:03:47,17950.0,500,Buy,226667316
2024-07-26 11:04:11,17950.0,500,Buy,226667657
2024-07-26 11:04:24,17900.0,300,Sell,226667846
2024-07-26 11:04:38,17900.0,100,Sell,226668075
2024-07-26 11:04:42,17900.0,1500,Sell,226668133
2024-07-26 11:04:50,17900.0,1000,Sell,226668254
2024-07-26 11:04:58,17900.0,2500,Sell,226668326
2024-07-26 11:05:02,17900.0,1500,Sell,226668363
2024-07-26 11:05:38,17900.0,2400,Sell,226668873
2024-07-26 11:06:11,17900.0,30000,Sell,226669945
2024-07-26 11:06:32,17950.0,300,Buy,226670186
2024-07-26 11:06:40,17900.0,5000,Sell,226670335
2024-07-26 11:07:30,17900.0,3900,Sell,226671424
2024-07-26 11:07:47,17900.0,300,Sell,226671696
2024-07-26 11:08:02,17900.0,200,Sell,226671913
2024-07-26 11:08:02,17900.0,400,Sell,226671911
2024-07-26 11:08:02,17900.0,700,Sell,226671905
2024-07-26 11:09:08,17900.0,400,Sell,226673030
2024-07-26 11:09:13,17900.0,100,Sell,226673119
2024-07-26 11:09:16,17900.0,500,Sell,226673141
2024-07-26 11:09:27,17900.0,1500,Sell,226673307
2024-07-26 11:09:42,17900.0,300,Sell,226673531
2024-07-26 11:09:58,17900.0,500,Sell,226673777
2024-07-26 11:10:45,17900.0,10000,Sell,226674427
2024-07-26 11:11:22,17900.0,1400,Sell,226674884
2024-07-26 11:11:26,17950.0,100,Buy,226674937
2024-07-26 11:11:29,17950.0,1800,Buy,226674977
2024-07-26 11:11:48,17900.0,100,Sell,226675199
2024-07-26 11:11:51,17950.0,1500,Buy,226675258
2024-07-26 11:11:52,17950.0,200,Buy,226675268
2024-07-26 11:11:52,17950.0,100,Buy,226675269
2024-07-26 11:13:47,17950.0,400,Buy,226676651
2024-07-26 11:13:47,17950.0,100,Buy,226676648
2024-07-26 11:13:47,17950.0,1000,Buy,226676649
2024-07-26 11:13:47,17950.0,500,Buy,226676650
2024-07-26 11:14:02,17950.0,9600,Buy,226676850
2024-07-26 11:14:02,17950.0,2000,Buy,226676851
2024-07-26 11:14:02,17950.0,1000,Buy,226676852
2024-07-26 11:14:02,17950.0,200,Buy,226676853
2024-07-26 11:14:11,17950.0,100,Buy,226676929
2024-07-26 11:14:30,17950.0,1100,Buy,226677176
2024-07-26 11:14:45,17950.0,300,Buy,226677333
2024-07-26 11:14:53,17950.0,100,Buy,226677438
2024-07-26 11:15:02,17950.0,1100,Buy,226677529
2024-07-26 11:15:02,17950.0,3200,Buy,226677527
2024-07-26 11:15:02,17950.0,700,Buy,226677528
2024-07-26 11:15:30,17950.0,100,Buy,226677819
2024-07-26 11:16:00,17950.0,3800,Buy,226678143
2024-07-26 11:16:00,17950.0,1000,Buy,226678144
2024-07-26 11:16:00,17950.0,3000,Buy,226678145
2024-07-26 11:16:00,17950.0,200,Buy,226678146
2024-07-26 11:16:00,17950.0,1000,Buy,226678147
2024-07-26 11:16:00,17950.0,1000,Buy,226678148
2024-07-26 11:16:06,17950.0,200,Buy,226678193
2024-07-26 11:16:07,17950.0,3600,Buy,226678203
2024-07-26 11:17:08,17950.0,100,Buy,226678893
2024-07-26 11:17:45,17900.0,1000,Sell,226679347
2024-07-26 11:18:02,17900.0,9000,Sell,226679540
2024-07-26 11:18:44,17950.0,200,Buy,226680068
2024-07-26 11:19:35,17950.0,600,Buy,226680551
2024-07-26 11:19:46,17950.0,400,Buy,226680666
2024-07-26 11:21:17,17900.0,5000,Sell,226681650
2024-07-26 11:21:29,17900.0,1000,Sell,226681759
2024-07-26 11:21:44,17900.0,400,Sell,226681928
2024-07-26 11:21:45,17900.0,1500,Sell,226681962
2024-07-26 11:21:56,17900.0,100,Sell,226682091
2024-07-26 11:21:58,17950.0,300,Buy,226682113
2024-07-26 11:23:38,17950.0,200,Buy,226683208
2024-07-26 11:25:41,17950.0,500,Buy,226684538
2024-07-26 11:25:55,17950.0,22900,Buy,226684693
2024-07-26 11:25:55,17950.0,100,Buy,226684694
2024-07-26 11:25:55,17950.0,7000,Buy,226684695
2024-07-26 11:25:57,17900.0,200,Sell,226684704
2024-07-26 11:26:13,17900.0,100,Sell,226684882
2024-07-26 11:27:37,17950.0,1000,Buy,226685919
2024-07-26 11:28:21,17900.0,100,Sell,226686463
2024-07-26 11:29:00,17900.0,100,Sell,226686992
2024-07-26 11:29:13,17900.0,5000,Sell,226687200
2024-07-26 12:59:37,17900.0,100,Sell,226687566
2024-07-26 12:59:37,17900.0,100,Sell,226687567
2024-07-26 12:59:37,17950.0,100,Buy,226687568
2024-07-26 12:59:37,17900.0,100,Sell,226687569
2024-07-26 12:59:38,17900.0,2000,Sell,226687871
2024-07-26 12:59:38,17900.0,2000,Sell,226687872
2024-07-26 12:59:39,17900.0,2000,Sell,226688226
2024-07-26 12:59:39,17900.0,400,Sell,226688227
2024-07-26 12:59:42,17900.0,700,Sell,226689178
2024-07-26 12:59:43,17900.0,100,Sell,226689689
2024-07-26 12:59:43,17900.0,200,Sell,226689687
2024-07-26 12:59:43,17900.0,2000,Sell,226689691
2024-07-26 12:59:45,17900.0,700,Sell,226690123
2024-07-26 12:59:46,17900.0,1000,Sell,226690273
2024-07-26 12:59:46,17900.0,2400,Sell,226690388
2024-07-26 12:59:47,17900.0,300,Sell,226690561
2024-07-26 12:59:49,17900.0,600,Sell,226690853
2024-07-26 12:59:51,17900.0,1700,Sell,226691040
2024-07-26 12:59:51,17900.0,2500,Sell,226691063
2024-07-26 12:59:52,17950.0,400,Buy,226691235
2024-07-26 12:59:52,17950.0,600,Buy,226691236
2024-07-26 12:59:55,17900.0,500,Sell,226691609
2024-07-26 12:59:55,17950.0,800,Buy,226691610
2024-07-26 12:59:58,17900.0,10000,Sell,226691840
2024-07-26 12:59:58,17950.0,200,Buy,226691824
2024-07-26 12:59:58,17900.0,100,Sell,226691839
2024-07-26 13:00:03,17950.0,200,Buy,226692042
2024-07-26 13:02:40,17900.0,5000,Sell,226695339
2024-07-26 13:02:57,17900.0,100,Sell,226695694
2024-07-26 13:02:58,17900.0,600,Sell,226695724
2024-07-26 13:03:33,17900.0,100,Sell,226696557
2024-07-26 13:03:49,17900.0,100,Sell,226696959
2024-07-26 13:04:11,17900.0,4000,Sell,226697394
2024-07-26 13:04:15,17900.0,200,Sell,226697511
2024-07-26 13:04:16,17900.0,1000,Sell,226697523
2024-07-26 13:04:53,17900.0,1000,Sell,226698330
2024-07-26 13:05:04,17900.0,200,Sell,226698524
2024-07-26 13:05:25,17900.0,200,Sell,226698940
2024-07-26 13:06:08,17900.0,3300,Sell,226699803
2024-07-26 13:06:26,17900.0,600,Sell,226700190
2024-07-26 13:07:23,17900.0,2000,Sell,226701361
2024-07-26 13:08:08,17900.0,3000,Sell,226702386
2024-07-26 13:08:10,17900.0,2700,Sell,226702414
2024-07-26 13:08:14,17900.0,1900,Sell,226702510
2024-07-26 13:08:26,17900.0,1000,Sell,226702701
2024-07-26 13:08:34,17900.0,2000,Sell,226702817
2024-07-26 13:08:42,17900.0,4900,Sell,226702969
2024-07-26 13:08:48,17900.0,6200,Sell,226703057
2024-07-26 13:09:14,17900.0,300,Sell,226703625
2024-07-26 13:09:18,17900.0,500,Sell,226703803
2024-07-26 13:09:18,17900.0,100,Sell,226703836
2024-07-26 13:09:35,17900.0,100,Sell,226704366
2024-07-26 13:09:55,17900.0,800,Sell,226704770
2024-07-26 13:10:16,17950.0,300,Buy,226705299
2024-07-26 13:10:16,17950.0,100,Buy,226705308
2024-07-26 13:10:19,17900.0,3000,Sell,226705433
2024-07-26 13:10:19,17900.0,3000,Sell,226705435
2024-07-26 13:10:36,17900.0,200,Sell,226705878
2024-07-26 13:11:58,17900.0,22000,Sell,226707846
2024-07-26 13:12:16,17900.0,300,Sell,226708218
2024-07-26 13:12:46,17900.0,3000,Sell,226709063
2024-07-26 13:13:12,17900.0,2500,Sell,226709686
2024-07-26 13:13:25,17900.0,1000,Sell,226709973
2024-07-26 13:13:37,17900.0,6000,Sell,226710263
2024-07-26 13:13:41,17900.0,1000,Sell,226710369
2024-07-26 13:13:56,17900.0,1000,Sell,226710715
2024-07-26 13:14:10,17900.0,5000,Sell,226711006
2024-07-26 13:14:31,17950.0,1000,Buy,226711488
2024-07-26 13:14:31,17950.0,800,Buy,226711498
2024-07-26 13:14:31,17950.0,800,Buy,226711487
2024-07-26 13:14:31,17950.0,1000,Buy,226711495
2024-07-26 13:14:36,17900.0,300,Sell,226711604
2024-07-26 13:15:15,17900.0,200,Sell,226712563
2024-07-26 13:15:19,17900.0,2500,Sell,226712649
2024-07-26 13:15:21,17950.0,1800,Buy,226712748
2024-07-26 13:15:23,17900.0,2500,Sell,226712788
2024-07-26 13:15:25,17900.0,1000,Sell,226712854
2024-07-26 13:15:33,17950.0,1800,Buy,226713063
2024-07-26 13:15:36,17950.0,600,Buy,226713213
2024-07-26 13:15:36,17950.0,1000,Buy,226713214
2024-07-26 13:15:36,17950.0,1400,Buy,226713215
2024-07-26 13:15:48,17950.0,1800,Buy,226713445
2024-07-26 13:16:02,17900.0,2000,Sell,226713797
2024-07-26 13:16:08,17950.0,1800,Buy,226713967
2024-07-26 13:16:18,17950.0,200,Buy,226714181
2024-07-26 13:16:35,17950.0,1800,Buy,226714750
2024-07-26 13:16:40,17950.0,300,Buy,226714911
2024-07-26 13:16:47,17900.0,2500,Sell,226715045
2024-07-26 13:17:01,17900.0,300,Sell,226715431
2024-07-26 13:17:09,17900.0,300,Sell,226715582
2024-07-26 13:17:26,17950.0,1800,Buy,226716085
2024-07-26 13:17:38,17900.0,1000,Sell,226716371
2024-07-26 13:17:53,17900.0,1700,Sell,226716854
2024-07-26 13:17:53,17900.0,500,Sell,226716855
2024-07-26 13:17:53,17900.0,800,Sell,226716856
2024-07-26 13:17:59,17950.0,900,Buy,226717070
2024-07-26 13:17:59,17950.0,900,Buy,226717071
2024-07-26 13:18:24,17950.0,1800,Buy,226717635
2024-07-26 13:18:25,17900.0,200,Sell,226717686
2024-07-26 13:18:25,17900.0,1800,Sell,226717687
2024-07-26 13:18:37,17950.0,5000,Buy,226717940
2024-07-26 13:18:52,17950.0,1800,Buy,226718241
2024-07-26 13:19:07,17900.0,100,Sell,226718602
2024-07-26 13:19:07,17900.0,100,Sell,226718601
2024-07-26 13:19:07,17900.0,100,Sell,226718603
2024-07-26 13:19:14,17900.0,100,Sell,226718779
2024-07-26 13:19:14,17900.0,200,Sell,226718780
2024-07-26 13:19:14,17900.0,100,Sell,226718781
2024-07-26 13:19:14,17900.0,800,Sell,226718782
2024-07-26 13:19:14,17900.0,1800,Sell,226718783
2024-07-26 13:19:20,17950.0,1800,Buy,226719005
2024-07-26 13:19:29,17900.0,200,Sell,226719283
2024-07-26 13:19:29,17900.0,100,Sell,226719284
2024-07-26 13:19:29,17900.0,300,Sell,226719285
2024-07-26 13:19:29,17900.0,1200,Sell,226719286
2024-07-26 13:19:53,17950.0,1800,Buy,226719789
2024-07-26 13:20:26,17950.0,1800,Buy,226720812
2024-07-26 13:20:51,17950.0,2900,Buy,226721441
2024-07-26 13:20:51,17950.0,35100,Buy,226721440
2024-07-26 13:21:05,17950.0,1800,Buy,226721878
2024-07-26 13:21:30,17950.0,100,Buy,226722774
2024-07-26 13:21:36,17950.0,200,Buy,226722914
2024-07-26 13:21:36,17950.0,300,Buy,226722915
2024-07-26 13:21:36,17950.0,400,Buy,226722916
2024-07-26 13:21:36,17950.0,900,Buy,226722917
2024-07-26 13:22:03,17900.0,300,Sell,226723723
2024-07-26 13:22:08,17950.0,1800,Buy,226723940
2024-07-26 13:22:16,17900.0,5500,Sell,226724201
2024-07-26 13:22:16,17900.0,200,Sell,226724202
2024-07-26 13:22:16,17900.0,4300,Sell,226724203
2024-07-26 13:22:19,17950.0,1800,Buy,226724312
2024-07-26 13:22:21,17900.0,300,Sell,226724364
2024-07-26 13:22:56,17900.0,3000,Sell,226725321
2024-07-26 13:23:02,17900.0,100,Sell,226725446
2024-07-26 13:23:02,17950.0,900,Buy,226725453
2024-07-26 13:23:04,17900.0,3000,Sell,226725505
2024-07-26 13:23:05,17950.0,2000,Buy,226725539
2024-07-26 13:23:06,17950.0,2000,Buy,226725547
2024-07-26 13:23:14,17950.0,600,Buy,226725770
2024-07-26 13:23:14,17950.0,400,Buy,226725771
2024-07-26 13:23:25,17950.0,100,Buy,226726154
2024-07-26 13:23:25,17950.0,1000,Buy,226726151
2024-07-26 13:23:25,17950.0,100,Buy,226726150
2024-07-26 13:23:25,17950.0,500,Buy,226726153
2024-07-26 13:23:25,17950.0,1500,Buy,226726148
2024-07-26 13:23:25,17950.0,200,Buy,226726149
2024-07-26 13:23:25,17950.0,100,Buy,226726145
2024-07-26 13:23:25,17950.0,100,Buy,226726152
2024-07-26 13:23:25,17950.0,300,Buy,226726147
2024-07-26 13:23:25,17950.0,100,Buy,226726146
2024-07-26 13:24:00,17950.0,200,Buy,226727154
2024-07-26 13:24:00,17950.0,400,Buy,226727155
2024-07-26 13:24:05,17950.0,4800,Buy,226727320
2024-07-26 13:24:05,17950.0,200,Buy,226727321
2024-07-26 13:24:08,17900.0,300,Sell,226727449
2024-07-26 13:24:14,17950.0,1800,Buy,226727576
2024-07-26 13:24:23,17900.0,1500,Sell,226727841
2024-07-26 13:25:05,17900.0,6000,Sell,226728896
2024-07-26 13:25:11,17950.0,1000,Buy,226729034
2024-07-26 13:25:30,17950.0,200,Buy,226729547
2024-07-26 13:26:08,17950.0,1000,Buy,226730658
2024-07-26 13:26:23,17950.0,100,Buy,226731028
2024-07-26 13:26:23,17950.0,3000,Buy,226731026
2024-07-26 13:26:23,17950.0,800,Buy,226731025
2024-07-26 13:26:23,17950.0,300,Buy,226731027
2024-07-26 13:26:26,17900.0,1000,Sell,226731080
2024-07-26 13:26:27,17950.0,200,Buy,226731107
2024-07-26 13:26:36,17900.0,300,Sell,226731349
2024-07-26 13:26:40,17950.0,100,Buy,226731451
2024-07-26 13:26:40,17950.0,4900,Buy,226731452
2024-07-26 13:26:42,17900.0,3000,Sell,226731469
2024-07-26 13:26:52,17900.0,28000,Sell,226731688
2024-07-26 13:27:01,17900.0,1000,Sell,226731892
2024-07-26 13:27:12,17900.0,300,Sell,226732146
2024-07-26 13:27:14,17900.0,300,Sell,226732177
2024-07-26 13:27:19,17900.0,10000,Sell,226732268
2024-07-26 13:27:26,17900.0,5000,Sell,226732389
2024-07-26 13:27:28,17900.0,400,Sell,226732444
2024-07-26 13:27:31,17900.0,500,Sell,226732521
2024-07-26 13:27:39,17900.0,1000,Sell,226732737
2024-07-26 13:27:43,17900.0,5000,Sell,226732782
2024-07-26 13:27:52,17900.0,5000,Sell,226732964
2024-07-26 13:28:00,17900.0,1000,Sell,226733136
2024-07-26 13:28:01,17900.0,5000,Sell,226733149
2024-07-26 13:28:08,17900.0,5000,Sell,226733277
2024-07-26 13:28:10,17900.0,6500,Sell,226733302
2024-07-26 13:28:12,17900.0,400,Sell,226733335
2024-07-26 13:28:15,17900.0,900,Sell,226733406
2024-07-26 13:28:20,17900.0,100,Sell,226733546
2024-07-26 13:28:21,17900.0,200,Sell,226733579
2024-07-26 13:28:24,17900.0,5000,Sell,226733635
2024-07-26 13:28:27,17900.0,100,Sell,226733715
2024-07-26 13:28:27,17900.0,100,Sell,226733714
2024-07-26 13:28:27,17900.0,1800,Sell,226733713
2024-07-26 13:28:35,17900.0,100,Sell,226733889
2024-07-26 13:28:35,17900.0,200,Sell,226733890
2024-07-26 13:28:41,17900.0,500,Sell,226734009
2024-07-26 13:28:49,17900.0,1000,Sell,226734106
2024-07-26 13:28:50,17900.0,500,Sell,226734157
2024-07-26 13:28:50,17900.0,500,Sell,226734158
2024-07-26 13:28:50,17900.0,100,Sell,226734159
2024-07-26 13:28:50,17900.0,600,Sell,226734160
2024-07-26 13:28:54,17900.0,100,Sell,226734242
2024-07-26 13:28:58,17900.0,5000,Sell,226734322
2024-07-26 13:29:02,17900.0,1000,Sell,226734403
2024-07-26 13:29:02,17900.0,1300,Sell,226734404
2024-07-26 13:29:02,17900.0,400,Sell,226734405
2024-07-26 13:29:02,17900.0,6300,Sell,226734402
2024-07-26 13:29:04,17900.0,200,Sell,226734452
2024-07-26 13:29:04,17900.0,100,Sell,226734449
2024-07-26 13:29:04,17900.0,200,Sell,226734451
2024-07-26 13:29:04,17900.0,200,Sell,226734450
2024-07-26 13:29:04,17900.0,100,Sell,226734448
2024-07-26 13:29:04,17900.0,500,Sell,226734442
2024-07-26 13:29:04,17900.0,500,Sell,226734446
2024-07-26 13:29:04,17900.0,1000,Sell,226734445
2024-07-26 13:29:04,17900.0,1000,Sell,226734444
2024-07-26 13:29:04,17900.0,100,Sell,226734443
2024-07-26 13:29:04,17900.0,100,Sell,226734441
2024-07-26 13:29:04,17900.0,1000,Sell,226734447
2024-07-26 13:29:08,17900.0,700,Sell,226734546
2024-07-26 13:29:19,17900.0,200,Sell,226734758
2024-07-26 13:29:19,17900.0,100,Sell,226734757
2024-07-26 13:29:19,17900.0,100,Sell,226734756
2024-07-26 13:29:19,17900.0,300,Sell,226734754
2024-07-26 13:29:19,17900.0,100,Sell,226734753
2024-07-26 13:29:19,17900.0,100,Sell,226734752
2024-07-26 13:29:19,17900.0,100,Sell,226734755
2024-07-26 13:29:26,17900.0,100,Sell,226734896
2024-07-26 13:29:33,17900.0,300,Sell,226735023
2024-07-26 13:29:47,17950.0,100,Buy,226735291
2024-07-26 13:29:48,17900.0,100,Sell,226735301
2024-07-26 13:30:30,17900.0,300,Sell,226736195
2024-07-26 13:30:30,17900.0,100,Sell,226736196
2024-07-26 13:30:30,17900.0,100,Sell,226736197
2024-07-26 13:30:38,17900.0,1300,Sell,226736372
2024-07-26 13:30:38,17900.0,500,Sell,226736371
2024-07-26 13:30:38,17900.0,300,Sell,226736370
2024-07-26 13:30:38,17900.0,700,Sell,226736369
2024-07-26 13:30:38,17900.0,100,Sell,226736368
2024-07-26 13:30:38,17900.0,100,Sell,226736366
2024-07-26 13:30:38,17900.0,300,Sell,226736365
2024-07-26 13:30:38,17900.0,3000,Sell,226736364
2024-07-26 13:30:38,17900.0,800,Sell,226736363
2024-07-26 13:30:38,17900.0,200,Sell,226736362
2024-07-26 13:30:38,17900.0,1000,Sell,226736367
2024-07-26 13:30:42,17900.0,2700,Sell,226736435
2024-07-26 13:30:42,17900.0,100,Sell,226736436
2024-07-26 13:30:42,17900.0,200,Sell,226736437
2024-07-26 13:30:42,17900.0,1900,Sell,226736438
2024-07-26 13:30:42,17900.0,100,Sell,226736439
2024-07-26 13:30:43,17900.0,100,Sell,226736448
2024-07-26 13:30:43,17900.0,300,Sell,226736449
2024-07-26 13:30:43,17900.0,100,Sell,226736447
2024-07-26 13:30:43,17900.0,100,Sell,226736446
2024-07-26 13:31:06,17900.0,200,Sell,226736916
2024-07-26 13:31:06,17900.0,300,Sell,226736917
2024-07-26 13:31:06,17900.0,500,Sell,226736918
2024-07-26 13:31:06,17900.0,100,Sell,226736919
2024-07-26 13:31:06,17900.0,100,Sell,226736920
2024-07-26 13:31:06,17900.0,200,Sell,226736921
2024-07-26 13:31:26,17900.0,400,Sell,226737308
2024-07-26 13:31:26,17900.0,100,Sell,226737309
2024-07-26 13:31:26,17900.0,2500,Sell,226737310
2024-07-26 13:31:28,17900.0,100,Sell,226737350
2024-07-26 13:31:28,17900.0,100,Sell,226737349
2024-07-26 13:31:28,17900.0,200,Sell,226737351
2024-07-26 13:31:28,17900.0,100,Sell,226737347
2024-07-26 13:31:28,17900.0,500,Sell,226737346
2024-07-26 13:31:28,17900.0,100,Sell,226737348
2024-07-26 13:31:33,17900.0,100,Sell,226737447
2024-07-26 13:31:46,17950.0,1800,Buy,226737678
2024-07-26 13:31:54,17900.0,700,Sell,226737820
2024-07-26 13:31:54,17900.0,100,Sell,226737821
2024-07-26 13:31:54,17900.0,300,Sell,226737822
2024-07-26 13:31:54,17900.0,1900,Sell,226737823
2024-07-26 13:32:08,17950.0,100,Buy,226738103
2024-07-26 13:32:08,17950.0,700,Buy,226738101
2024-07-26 13:32:08,17950.0,1000,Buy,226738102
2024-07-26 13:32:11,17900.0,300,Sell,226738170
2024-07-26 13:32:15,17900.0,100,Sell,226738251
2024-07-26 13:32:15,17900.0,600,Sell,226738252
2024-07-26 13:32:15,17900.0,800,Sell,226738250
2024-07-26 13:32:27,17950.0,300,Buy,226738505
2024-07-26 13:32:27,17950.0,100,Buy,226738504
2024-07-26 13:32:27,17950.0,1400,Buy,226738503
2024-07-26 13:32:35,17900.0,100,Sell,226738694
2024-07-26 13:32:35,17900.0,100,Sell,226738695
2024-07-26 13:32:35,17900.0,300,Sell,226738696
2024-07-26 13:32:49,17900.0,500,Sell,226738916
2024-07-26 13:33:24,17950.0,500,Buy,226739506
2024-07-26 13:33:24,17950.0,1300,Buy,226739507
2024-07-26 13:33:39,17950.0,300,Buy,226739875
2024-07-26 13:33:58,17900.0,600,Sell,226740256
2024-07-26 13:33:58,17900.0,100,Sell,226740255
2024-07-26 13:33:58,17900.0,100,Sell,226740253
2024-07-26 13:33:58,17900.0,2000,Sell,226740252
2024-07-26 13:33:58,17900.0,200,Sell,226740254
2024-07-26 13:34:04,17900.0,4400,Sell,226740413
2024-07-26 13:34:04,17900.0,100,Sell,226740414
2024-07-26 13:34:04,17900.0,400,Sell,226740415
2024-07-26 13:34:08,17900.0,200,Sell,226740511
2024-07-26 13:34:08,17900.0,300,Sell,226740514
2024-07-26 13:34:08,17900.0,200,Sell,226740512
2024-07-26 13:34:08,17900.0,100,Sell,226740513
2024-07-26 13:34:08,17900.0,500,Sell,226740515
2024-07-26 13:34:08,17900.0,2600,Sell,226740510
2024-07-26 13:34:08,17900.0,500,Sell,226740519
2024-07-26 13:34:08,17900.0,300,Sell,226740520
2024-07-26 13:34:08,17900.0,1800,Sell,226740521
2024-07-26 13:34:08,17900.0,500,Sell,226740522
2024-07-26 13:34:08,17900.0,6400,Sell,226740523
2024-07-26 13:34:08,17900.0,1000,Sell,226740516
2024-07-26 13:34:08,17900.0,100,Sell,226740509
2024-07-26 13:34:08,17900.0,4000,Sell,226740496
2024-07-26 13:34:08,17900.0,300,Sell,226740507
2024-07-26 13:34:08,17900.0,100,Sell,226740508
2024-07-26 13:34:08,17900.0,100,Sell,226740497
2024-07-26 13:34:08,17900.0,1000,Sell,226740498
2024-07-26 13:34:08,17900.0,100,Sell,226740499
2024-07-26 13:34:08,17900.0,100,Sell,226740500
2024-07-26 13:34:08,17900.0,1600,Sell,226740495
2024-07-26 13:34:08,17900.0,200,Sell,226740502
2024-07-26 13:34:08,17900.0,100,Sell,226740501
2024-07-26 13:34:08,17900.0,1500,Sell,226740505
2024-07-26 13:34:08,17900.0,200,Sell,226740506
2024-07-26 13:34:08,17900.0,100,Sell,226740503
2024-07-26 13:34:08,17900.0,3000,Sell,226740504
2024-07-26 13:34:20,17900.0,900,Sell,226740752
2024-07-26 13:34:36,17900.0,5700,Sell,226741096
2024-07-26 13:34:36,17900.0,100,Sell,226741097
2024-07-26 13:34:36,17900.0,700,Sell,226741098
2024-07-26 13:34:36,17900.0,100,Sell,226741099
2024-07-26 13:34:36,17900.0,1000,Sell,226741100
2024-07-26 13:34:36,17900.0,2400,Sell,226741101
2024-07-26 13:34:37,17900.0,11400,Sell,226741130
2024-07-26 13:34:37,17900.0,400,Sell,226741128
2024-07-26 13:34:37,17900.0,300,Sell,226741127
2024-07-26 13:34:37,17900.0,5000,Sell,226741126
2024-07-26 13:34:37,17900.0,100,Sell,226741125
2024-07-26 13:34:37,17900.0,300,Sell,226741124
2024-07-26 13:34:37,17900.0,1000,Sell,226741129
2024-07-26 13:34:37,17900.0,100,Sell,226741122
2024-07-26 13:34:37,17900.0,100,Sell,226741121
2024-07-26 13:34:37,17900.0,500,Sell,226741120
2024-07-26 13:34:37,17900.0,100,Sell,226741119
2024-07-26 13:34:37,17900.0,5000,Sell,226741118
2024-07-26 13:34:37,17900.0,600,Sell,226741123
2024-07-26 13:34:37,17900.0,1000,Sell,226741117
2024-07-26 13:34:37,17900.0,4100,Sell,226741116
2024-07-26 13:34:52,17900.0,300,Sell,226741364
2024-07-26 13:34:55,17900.0,700,Sell,226741440
2024-07-26 13:34:58,17900.0,800,Sell,226741511
2024-07-26 13:34:58,17900.0,200,Sell,226741512
2024-07-26 13:35:14,17900.0,1600,Sell,226741774
2024-07-26 13:35:14,17900.0,400,Sell,226741775
2024-07-26 13:35:14,17900.0,100,Sell,226741783
2024-07-26 13:35:14,17900.0,200,Sell,226741784
2024-07-26 13:35:19,17900.0,500,Sell,226741889
2024-07-26 13:35:19,17900.0,200,Sell,226741888
2024-07-26 13:35:19,17900.0,500,Sell,226741887
2024-07-26 13:35:19,17900.0,100,Sell,226741886
2024-07-26 13:35:19,17900.0,2000,Sell,226741885
2024-07-26 13:35:19,17900.0,300,Sell,226741884
2024-07-26 13:35:19,17900.0,100,Sell,226741882
2024-07-26 13:35:19,17900.0,500,Sell,226741881
2024-07-26 13:35:19,17900.0,3500,Sell,226741880
2024-07-26 13:35:19,17900.0,100,Sell,226741879
2024-07-26 13:35:19,17900.0,2000,Sell,226741878
2024-07-26 13:35:19,17900.0,100,Sell,226741883
2024-07-26 13:35:19,17900.0,100,Sell,226741877
2024-07-26 13:35:38,17900.0,100,Sell,226742321
2024-07-26 13:35:38,17900.0,600,Sell,226742319
2024-07-26 13:35:38,17900.0,100,Sell,226742320
2024-07-26 13:35:49,17900.0,500,Buy,226742506
2024-07-26 13:35:49,17900.0,1000,Buy,226742547
2024-07-26 13:36:15,17850.0,100,Sell,226743308
2024-07-26 13:36:15,17850.0,100,Sell,226743309
2024-07-26 13:36:15,17850.0,100,Sell,226743310
2024-07-26 13:36:15,17850.0,100,Sell,226743311
2024-07-26 13:36:15,17850.0,100,Sell,226743312
2024-07-26 13:36:15,17850.0,100,Sell,226743313
2024-07-26 13:36:15,17850.0,400,Sell,226743314
2024-07-26 13:36:16,17850.0,200,Sell,226743317
2024-07-26 13:36:34,17850.0,200,Sell,226743645
2024-07-26 13:36:38,17900.0,700,Buy,226743773
2024-07-26 13:36:38,17900.0,100,Buy,226743774
2024-07-26 13:36:38,17900.0,200,Buy,226743775
2024-07-26 13:36:43,17850.0,1500,Sell,226743877
2024-07-26 13:37:12,17900.0,1000,Buy,226744529
2024-07-26 13:37:24,17850.0,300,Sell,226744827
2024-07-26 13:38:42,17850.0,7000,Sell,226746311
2024-07-26 13:38:48,17850.0,2000,Sell,226746491
2024-07-26 13:39:05,17850.0,3000,Sell,226747022
2024-07-26 13:39:05,17850.0,200,Sell,226747021
2024-07-26 13:39:05,17850.0,900,Sell,226747020
2024-07-26 13:39:05,17850.0,100,Sell,226747019
2024-07-26 13:39:05,17850.0,100,Sell,226747018
2024-07-26 13:39:05,17850.0,300,Sell,226747017
2024-07-26 13:39:05,17850.0,300,Sell,226747016
2024-07-26 13:39:05,17850.0,100,Sell,226747015
2024-07-26 13:39:05,17850.0,2000,Sell,226747010
2024-07-26 13:39:05,17850.0,100,Sell,226747014
2024-07-26 13:39:05,17850.0,100,Sell,226747013
2024-07-26 13:39:05,17850.0,100,Sell,226747012
2024-07-26 13:39:05,17850.0,100,Sell,226747009
2024-07-26 13:39:05,17850.0,200,Sell,226747003
2024-07-26 13:39:05,17850.0,100,Sell,226747007
2024-07-26 13:39:05,17850.0,83800,Sell,226746995
2024-07-26 13:39:05,17850.0,400,Sell,226746996
2024-07-26 13:39:05,17850.0,100,Sell,226747008
2024-07-26 13:39:05,17850.0,100,Sell,226746998
2024-07-26 13:39:05,17850.0,100,Sell,226746999
2024-07-26 13:39:05,17850.0,200,Sell,226746997
2024-07-26 13:39:05,17850.0,200,Sell,226747001
2024-07-26 13:39:05,17850.0,100,Sell,226747002
2024-07-26 13:39:05,17850.0,200,Sell,226747004
2024-07-26 13:39:05,17850.0,100,Sell,226747005
2024-07-26 13:39:05,17850.0,5000,Sell,226747006
2024-07-26 13:39:05,17850.0,2000,Sell,226747000
2024-07-26 13:39:13,17900.0,5000,Buy,226747243
2024-07-26 13:39:17,17850.0,300,Sell,226747412
2024-07-26 13:39:36,17850.0,100,Sell,226747867
2024-07-26 13:39:41,17850.0,300,Sell,226747942
2024-07-26 13:39:43,17850.0,600,Sell,226747972
2024-07-26 13:40:03,17850.0,100,Sell,226748425
2024-07-26 13:40:03,17850.0,4300,Sell,226748426
2024-07-26 13:40:03,17850.0,5700,Sell,226748423
2024-07-26 13:40:03,17850.0,1500,Sell,226748424
2024-07-26 13:40:05,17850.0,1000,Sell,226748563
2024-07-26 13:40:10,17900.0,400,Buy,226748658
2024-07-26 13:40:29,17850.0,1000,Sell,226749052
2024-07-26 13:40:36,17900.0,100,Buy,226749239
2024-07-26 13:40:57,17850.0,1800,Sell,226749797
2024-07-26 13:41:06,17850.0,1800,Sell,226750100
2024-07-26 13:41:09,17850.0,100,Sell,226750226
2024-07-26 13:41:09,17850.0,100,Sell,226750227
2024-07-26 13:41:09,17850.0,100,Sell,226750228
2024-07-26 13:41:09,17850.0,300,Sell,226750229
2024-07-26 13:41:09,17850.0,300,Sell,226750230
2024-07-26 13:41:09,17850.0,900,Sell,226750231
2024-07-26 13:41:12,17850.0,300,Sell,226750325
2024-07-26 13:41:12,17850.0,1100,Sell,226750322
2024-07-26 13:41:12,17850.0,100,Sell,226750323
2024-07-26 13:41:12,17850.0,300,Sell,226750324
2024-07-26 13:41:17,17850.0,100,Sell,226750432
2024-07-26 13:41:19,17850.0,100,Sell,226750492
2024-07-26 13:41:24,17850.0,500,Sell,226750586
2024-07-26 13:41:26,17850.0,5000,Sell,226750645
2024-07-26 13:41:31,17850.0,100,Sell,226750740
2024-07-26 13:42:02,17850.0,100,Sell,226751563
2024-07-26 13:42:02,17850.0,300,Sell,226751565
2024-07-26 13:42:02,17850.0,100,Sell,226751564
2024-07-26 13:42:02,17850.0,100,Sell,226751562
2024-07-26 13:42:02,17850.0,100,Sell,226751558
2024-07-26 13:42:02,17850.0,100,Sell,226751560
2024-07-26 13:42:02,17850.0,100,Sell,226751559
2024-07-26 13:42:02,17850.0,100,Sell,226751557
2024-07-26 13:42:02,17850.0,2500,Sell,226751556
2024-07-26 13:42:02,17850.0,100,Sell,226751561
2024-07-26 13:42:25,17850.0,300,Sell,226752092
2024-07-26 13:42:25,17850.0,500,Sell,226752093
2024-07-26 13:42:26,17850.0,500,Sell,226752101
2024-07-26 13:42:38,17850.0,300,Sell,226752437
2024-07-26 13:42:38,17850.0,100,Sell,226752439
2024-07-26 13:42:38,17850.0,500,Sell,226752440
2024-07-26 13:42:38,17850.0,100,Sell,226752441
2024-07-26 13:42:38,17850.0,200,Sell,226752442
2024-07-26 13:42:38,17850.0,3000,Sell,226752445
2024-07-26 13:42:38,17850.0,100,Sell,226752444
2024-07-26 13:42:38,17850.0,2400,Sell,226752446
2024-07-26 13:42:38,17850.0,100,Sell,226752447
2024-07-26 13:42:38,17850.0,3000,Sell,226752448
2024-07-26 13:42:38,17850.0,600,Sell,226752436
2024-07-26 13:42:38,17850.0,200,Sell,226752443
2024-07-26 13:42:38,17850.0,24400,Sell,226752435
2024-07-26 13:42:38,17850.0,500,Sell,226752438
2024-07-26 13:42:38,17850.0,200,Sell,226752433
2024-07-26 13:42:38,17850.0,100,Sell,226752434
2024-07-26 13:42:38,17850.0,1000,Sell,226752421
2024-07-26 13:42:38,17850.0,500,Sell,226752422
2024-07-26 13:42:38,17850.0,100,Sell,226752423
2024-07-26 13:42:38,17850.0,300,Sell,226752424
2024-07-26 13:42:38,17850.0,100,Sell,226752425
2024-07-26 13:42:38,17850.0,28400,Sell,226752420
2024-07-26 13:42:38,17850.0,100,Sell,226752427
2024-07-26 13:42:38,17850.0,100,Sell,226752428
2024-07-26 13:42:38,17850.0,11600,Sell,226752429
2024-07-26 13:42:38,17850.0,300,Sell,226752430
2024-07-26 13:42:38,17850.0,100,Sell,226752431
2024-07-26 13:42:38,17850.0,5000,Sell,226752432
2024-07-26 13:42:38,17850.0,300,Sell,226752426
2024-07-26 13:43:15,17850.0,16300,Buy,226753437
2024-07-26 13:43:15,17850.0,3700,Buy,226753438
2024-07-26 13:43:18,17850.0,3000,Buy,226753494
2024-07-26 13:43:18,17850.0,300,Buy,226753493
2024-07-26 13:43:23,17850.0,1300,Sell,226753592
2024-07-26 13:43:26,17850.0,1000,Sell,226753675
2024-07-26 13:43:49,17850.0,200,Sell,226754207
2024-07-26 13:44:15,17850.0,1500,Sell,226754786
2024-07-26 13:44:20,17850.0,300,Sell,226754882
2024-07-26 13:44:36,17850.0,10000,Sell,226755185
2024-07-26 13:44:42,17850.0,100,Sell,226755342
2024-07-26 13:44:42,17850.0,100,Sell,226755340
2024-07-26 13:44:42,17850.0,5000,Sell,226755341
2024-07-26 13:44:42,17850.0,200,Sell,226755338
2024-07-26 13:44:42,17850.0,82400,Sell,226755337
2024-07-26 13:44:42,17850.0,200,Sell,226755339
2024-07-26 13:44:56,17850.0,400,Buy,226755560
2024-07-26 13:45:23,17800.0,100,Sell,226756214
2024-07-26 13:45:23,17800.0,200,Sell,226756215
2024-07-26 13:45:24,17800.0,600,Sell,226756234
2024-07-26 13:45:24,17800.0,100,Sell,226756235
2024-07-26 13:45:24,17800.0,300,Sell,226756236
2024-07-26 13:45:24,17800.0,100,Sell,226756237
2024-07-26 13:45:24,17800.0,100,Sell,226756238
2024-07-26 13:45:24,17800.0,1000,Sell,226756239
2024-07-26 13:45:24,17800.0,100,Sell,226756240
2024-07-26 13:45:24,17800.0,3700,Sell,226756241
2024-07-26 13:45:27,17850.0,100,Buy,226756403
2024-07-26 13:45:28,17850.0,1800,Buy,226756433
2024-07-26 13:45:48,17850.0,500,Buy,226756925
2024-07-26 13:45:56,17850.0,1000,Buy,226757079
2024-07-26 13:45:56,17850.0,700,Buy,226757087
2024-07-26 13:45:57,17800.0,500,Sell,226757101
2024-07-26 13:45:58,17850.0,2000,Buy,226757114
2024-07-26 13:46:03,17850.0,5000,Buy,226757180
2024-07-26 13:46:36,17850.0,500,Buy,226757816
2024-07-26 13:46:36,17850.0,100,Buy,226757817
2024-07-26 13:46:36,17850.0,1000,Buy,226757818
2024-07-26 13:46:46,17850.0,100,Sell,226757977
2024-07-26 13:46:55,17850.0,1000,Sell,226758113
2024-07-26 13:46:57,17850.0,300,Sell,226758145
2024-07-26 13:47:18,17850.0,1000,Sell,226758609
2024-07-26 13:47:18,17850.0,100,Sell,226758608
2024-07-26 13:47:18,17850.0,17000,Sell,226758607
2024-07-26 13:47:20,17800.0,300,Sell,226758633
2024-07-26 13:47:22,17850.0,300,Buy,226758673
2024-07-26 13:47:45,17850.0,1000,Buy,226759090
2024-07-26 13:48:06,17850.0,100,Buy,226759607
2024-07-26 13:48:24,17850.0,200,Buy,226760049
2024-07-26 13:49:14,17850.0,3000,Buy,226761459
2024-07-26 13:49:17,17850.0,400,Buy,226761498
2024-07-26 13:49:37,17800.0,300,Sell,226761909
2024-07-26 13:49:41,17850.0,100,Buy,226761976
2024-07-26 13:50:17,17850.0,10000,Buy,226762828
2024-07-26 13:50:18,17850.0,5000,Buy,226762860
2024-07-26 13:50:22,17850.0,5000,Buy,226762953
2024-07-26 13:50:25,17800.0,500,Sell,226763040
2024-07-26 13:50:31,17850.0,100,Buy,226763190
2024-07-26 13:50:36,17850.0,1500,Buy,226763308
2024-07-26 13:50:38,17850.0,100,Buy,226763357
2024-07-26 13:50:39,17800.0,500,Sell,226763422
2024-07-26 13:50:56,17850.0,20000,Buy,226763787
2024-07-26 13:51:06,17850.0,100,Buy,226764027
2024-07-26 13:51:36,17850.0,1000,Buy,226764883
2024-07-26 13:52:35,17800.0,300,Sell,226766324
2024-07-26 13:52:38,17850.0,1000,Buy,226766669
2024-07-26 13:52:51,17850.0,200,Buy,226766917
2024-07-26 13:53:02,17800.0,2900,Sell,226767221
2024-07-26 13:53:07,17850.0,1000,Buy,226767426
2024-07-26 13:53:07,17850.0,1000,Buy,226767423
2024-07-26 13:53:07,17850.0,5000,Buy,226767422
2024-07-26 13:53:07,17850.0,800,Buy,226767425
2024-07-26 13:53:07,17850.0,100,Buy,226767420
2024-07-26 13:53:07,17850.0,1600,Buy,226767421
2024-07-26 13:53:07,17850.0,65800,Buy,226767418
2024-07-26 13:53:07,17850.0,5600,Buy,226767424
2024-07-26 13:53:07,17850.0,100,Buy,226767419
2024-07-26 13:53:15,17850.0,100,Buy,226767634
2024-07-26 13:53:56,17850.0,100,Buy,226768752
2024-07-26 13:54:12,17800.0,200,Sell,226769178
2024-07-26 13:54:15,17850.0,100,Buy,226769283
2024-07-26 13:54:16,17800.0,500,Sell,226769331
2024-07-26 13:54:22,17850.0,5000,Buy,226769501
2024-07-26 13:54:46,17850.0,500,Buy,226770161
2024-07-26 13:54:46,17850.0,5600,Buy,226770160
2024-07-26 13:54:46,17850.0,300,Buy,226770159
2024-07-26 13:54:46,17850.0,500,Buy,226770158
2024-07-26 13:54:46,17850.0,200,Buy,226770157
2024-07-26 13:54:46,17850.0,2400,Buy,226770156
2024-07-26 13:54:46,17850.0,4000,Buy,226770155
2024-07-26 13:54:46,17850.0,9000,Buy,226770153
2024-07-26 13:54:46,17850.0,3600,Buy,226770152
2024-07-26 13:54:46,17850.0,9000,Buy,226770150
2024-07-26 13:54:46,17850.0,2300,Buy,226770149
2024-07-26 13:54:46,17850.0,100,Buy,226770135
2024-07-26 13:54:46,17850.0,28700,Buy,226770134
2024-07-26 13:54:46,17850.0,3200,Buy,226770154
2024-07-26 13:54:46,17850.0,9000,Buy,226770151
2024-07-26 13:55:07,17850.0,300,Sell,226770827
2024-07-26 13:55:09,17850.0,500,Sell,226770869
2024-07-26 13:55:43,17850.0,100,Sell,226771962
2024-07-26 13:55:50,17850.0,500,Sell,226772121
2024-07-26 13:56:21,17850.0,500,Sell,226772908
2024-07-26 13:56:40,17850.0,5600,Sell,226773522
2024-07-26 13:56:54,17850.0,5600,Sell,226773947
2024-07-26 13:56:55,17850.0,100,Sell,226773970
2024-07-26 13:56:55,17850.0,400,Sell,226773981
2024-07-26 13:56:55,17850.0,100,Sell,226773980
2024-07-26 13:56:55,17850.0,100,Sell,226773979
2024-07-26 13:56:55,17850.0,1000,Sell,226773978
2024-07-26 13:56:55,17850.0,100,Sell,226773977
2024-07-26 13:56:55,17850.0,1000,Sell,226773982
2024-07-26 13:56:55,17850.0,100,Sell,226773975
2024-07-26 13:56:55,17850.0,4000,Sell,226773976
2024-07-26 13:56:55,17850.0,1000,Sell,226773971
2024-07-26 13:56:55,17850.0,8500,Sell,226773969
2024-07-26 13:56:55,17850.0,400,Sell,226773973
2024-07-26 13:56:55,17850.0,100,Sell,226773974
2024-07-26 13:56:55,17850.0,100,Sell,226773972
2024-07-26 13:56:59,17800.0,1800,Sell,226774101
2024-07-26 13:57:04,17850.0,100,Buy,226774342
2024-07-26 13:57:04,17800.0,300,Sell,226774353
2024-07-26 13:57:12,17800.0,1800,Sell,226774591
2024-07-26 13:57:14,17800.0,200,Sell,226774689
2024-07-26 13:57:14,17800.0,400,Sell,226774690
2024-07-26 13:57:14,17800.0,2200,Sell,226774691
2024-07-26 13:57:21,17800.0,2000,Sell,226774930
2024-07-26 13:57:44,17850.0,400,Buy,226775749
2024-07-26 13:57:49,17850.0,400,Buy,226775864
2024-07-26 13:58:02,17800.0,8000,Sell,226776421
2024-07-26 13:58:06,17800.0,300,Sell,226776515
2024-07-26 13:58:19,17850.0,900,Buy,226776931
2024-07-26 13:58:19,17850.0,1100,Buy,226776929
2024-07-26 13:58:19,17850.0,3000,Buy,226776930
2024-07-26 13:58:21,17800.0,1800,Sell,226776995
2024-07-26 13:58:35,17850.0,100,Buy,226777363
2024-07-26 13:58:43,17800.0,2000,Sell,226777548
2024-07-26 13:58:43,17850.0,500,Buy,226777549
2024-07-26 13:59:01,17850.0,300,Buy,226777956
2024-07-26 13:59:13,17850.0,500,Buy,226778448
2024-07-26 13:59:24,17850.0,2200,Buy,226778745
2024-07-26 13:59:24,17850.0,500,Buy,226778746
2024-07-26 13:59:24,17850.0,100,Buy,226778747
2024-07-26 13:59:24,17850.0,3000,Buy,226778748
2024-07-26 13:59:24,17850.0,4700,Buy,226778749
2024-07-26 13:59:24,17850.0,500,Buy,226778750
2024-07-26 13:59:24,17850.0,1000,Buy,226778751
2024-07-26 13:59:25,17850.0,2000,Sell,226778783
2024-07-26 13:59:42,17850.0,1000,Sell,226779198
2024-07-26 13:59:44,17850.0,300,Sell,226779280
2024-07-26 13:59:47,17850.0,3500,Sell,226779367
2024-07-26 13:59:53,17850.0,200,Sell,226779486
2024-07-26 14:00:12,17850.0,1000,Sell,226779992
2024-07-26 14:00:12,17850.0,500,Sell,226780000
2024-07-26 14:00:12,17850.0,500,Sell,226780001
2024-07-26 14:00:15,17850.0,100,Sell,226780082
2024-07-26 14:00:15,17850.0,100,Sell,226780083
2024-07-26 14:00:47,17800.0,200,Sell,226780829
2024-07-26 14:01:03,17800.0,1000,Sell,226781180
2024-07-26 14:01:35,17800.0,400,Sell,226781816
2024-07-26 14:01:37,17800.0,500,Sell,226781851
2024-07-26 14:01:52,17850.0,100,Buy,226782240
2024-07-26 14:01:52,17850.0,300,Buy,226782238
2024-07-26 14:01:52,17850.0,100,Buy,226782239
2024-07-26 14:02:02,17800.0,300,Sell,226782438
2024-07-26 14:02:10,17800.0,1000,Sell,226782599
2024-07-26 14:02:24,17800.0,100,Sell,226782902
2024-07-26 14:02:25,17850.0,400,Buy,226782942
2024-07-26 14:02:27,17850.0,400,Buy,226782982
2024-07-26 14:02:29,17850.0,1000,Buy,226783030
2024-07-26 14:02:32,17850.0,100,Buy,226783112
2024-07-26 14:02:32,17850.0,200,Buy,226783113
2024-07-26 14:02:32,17850.0,100,Buy,226783114
2024-07-26 14:02:33,17850.0,500,Buy,226783134
2024-07-26 14:02:39,17850.0,400,Buy,226783309
2024-07-26 14:02:51,17800.0,400,Sell,226783629
2024-07-26 14:03:04,17850.0,300,Buy,226784030
2024-07-26 14:03:08,17850.0,200,Buy,226784088
2024-07-26 14:03:19,17850.0,500,Buy,226784351
2024-07-26 14:03:22,17850.0,2000,Buy,226784413
2024-07-26 14:03:31,17850.0,1000,Buy,226784586
2024-07-26 14:03:38,17850.0,1700,Buy,226784745
2024-07-26 14:03:38,17850.0,300,Buy,226784746
2024-07-26 14:03:44,17850.0,500,Buy,226784855
2024-07-26 14:04:11,17850.0,700,Buy,226785423
2024-07-26 14:04:11,17850.0,300,Buy,226785424
2024-07-26 14:04:15,17850.0,100,Buy,226785503
2024-07-26 14:04:27,17850.0,100,Buy,226785749
2024-07-26 14:04:31,17850.0,100,Buy,226785802
2024-07-26 14:04:39,17850.0,200,Buy,226785993
2024-07-26 14:04:42,17800.0,300,Sell,226786068
2024-07-26 14:05:07,17850.0,1000,Buy,226786630
2024-07-26 14:05:11,17850.0,100,Buy,226786676
2024-07-26 14:05:25,17850.0,100,Buy,226787016
2024-07-26 14:05:25,17850.0,100,Buy,226787017
2024-07-26 14:05:27,17800.0,300,Sell,226787043
2024-07-26 14:05:28,17850.0,200,Buy,226787072
2024-07-26 14:05:28,17850.0,800,Buy,226787073
2024-07-26 14:05:29,17850.0,200,Buy,226787080
2024-07-26 14:05:29,17850.0,7500,Buy,226787081
2024-07-26 14:05:29,17850.0,4000,Buy,226787082
2024-07-26 14:05:29,17850.0,500,Buy,226787083
2024-07-26 14:05:29,17850.0,10000,Buy,226787084
2024-07-26 14:05:33,17850.0,3000,Sell,226787191
2024-07-26 14:05:43,17850.0,300,Sell,226787392
2024-07-26 14:05:55,17850.0,4500,Sell,226787638
2024-07-26 14:05:55,17850.0,500,Sell,226787639
2024-07-26 14:06:07,17850.0,500,Sell,226787889
2024-07-26 14:06:07,17850.0,300,Sell,226787890
2024-07-26 14:06:07,17850.0,100,Sell,226787891
2024-07-26 14:06:07,17850.0,200,Sell,226787892
2024-07-26 14:06:17,17850.0,1800,Sell,226788117
2024-07-26 14:06:17,17850.0,2200,Sell,226788118
2024-07-26 14:06:35,17850.0,100,Sell,226788516
2024-07-26 14:06:54,17850.0,1200,Sell,226788921
2024-07-26 14:06:54,17850.0,100,Sell,226788920
2024-07-26 14:06:54,17850.0,500,Sell,226788919
2024-07-26 14:06:54,17850.0,2700,Sell,226788917
2024-07-26 14:06:54,17850.0,500,Sell,226788918
2024-07-26 14:07:08,17850.0,1000,Sell,226789211
2024-07-26 14:07:08,17800.0,1200,Sell,226789212
2024-07-26 14:07:08,17850.0,3800,Sell,226789209
2024-07-26 14:07:08,17850.0,5000,Sell,226789210
2024-07-26 14:07:36,17850.0,100,Sell,226789860
2024-07-26 14:07:36,17850.0,200,Sell,226789859
2024-07-26 14:07:49,17850.0,200,Sell,226790193
2024-07-26 14:07:49,17850.0,800,Sell,226790194
2024-07-26 14:08:23,17900.0,5000,Buy,226791112
2024-07-26 14:09:02,17900.0,100,Buy,226792203
2024-07-26 14:09:38,17850.0,300,Sell,226793248
2024-07-26 14:09:56,17850.0,700,Sell,226793798
2024-07-26 14:10:35,17900.0,200,Buy,226795008
2024-07-26 14:10:37,17850.0,1000,Sell,226795055
2024-07-26 14:11:09,17850.0,1800,Sell,226796013
2024-07-26 14:11:23,17900.0,500,Buy,226796478
2024-07-26 14:11:23,17900.0,200,Buy,226796477
2024-07-26 14:11:23,17900.0,1000,Buy,226796476
2024-07-26 14:11:23,17900.0,100,Buy,226796475
2024-07-26 14:11:23,17900.0,1500,Buy,226796471
2024-07-26 14:11:23,17900.0,300,Buy,226796473
2024-07-26 14:11:23,17900.0,300,Buy,226796472
2024-07-26 14:11:23,17900.0,900,Buy,226796474
2024-07-26 14:11:23,17900.0,200,Buy,226796470
2024-07-26 14:11:55,17900.0,100,Buy,226797421
2024-07-26 14:11:55,17900.0,19900,Buy,226797422
2024-07-26 14:12:00,17850.0,300,Sell,226797588
2024-07-26 14:12:10,17900.0,2000,Buy,226797803
2024-07-26 14:12:11,17900.0,5000,Buy,226797835
2024-07-26 14:12:18,17900.0,200,Buy,226798029
2024-07-26 14:12:23,17900.0,100,Buy,226798153
2024-07-26 14:12:59,17850.0,100,Sell,226799393
2024-07-26 14:12:59,17850.0,100,Sell,226799394
2024-07-26 14:12:59,17850.0,3400,Sell,226799395
2024-07-26 14:13:05,17850.0,3600,Sell,226799590
2024-07-26 14:13:10,17850.0,1800,Sell,226799870
2024-07-26 14:13:11,17850.0,1200,Sell,226799892
2024-07-26 14:13:11,17850.0,1000,Sell,226799893
2024-07-26 14:13:11,17850.0,1800,Sell,226799894
2024-07-26 14:13:16,17850.0,1800,Sell,226800086
2024-07-26 14:13:25,17850.0,1400,Sell,226800383
2024-07-26 14:13:25,17850.0,400,Sell,226800384
2024-07-26 14:13:31,17850.0,1800,Sell,226800592
2024-07-26 14:14:26,17850.0,100,Sell,226802240
2024-07-26 14:14:26,17850.0,500,Sell,226802241
2024-07-26 14:14:26,17850.0,2000,Sell,226802242
2024-07-26 14:14:26,17850.0,100,Sell,226802243
2024-07-26 14:14:26,17850.0,5000,Sell,226802246
2024-07-26 14:14:26,17850.0,3000,Sell,226802244
2024-07-26 14:14:26,17850.0,100,Sell,226802245
2024-07-26 14:14:26,17850.0,700,Sell,226802247
2024-07-26 14:14:26,17850.0,5000,Sell,226802238
2024-07-26 14:14:26,17850.0,700,Sell,226802249
2024-07-26 14:14:26,17850.0,15000,Sell,226802250
2024-07-26 14:14:26,17850.0,5000,Sell,226802251
2024-07-26 14:14:26,17850.0,100,Sell,226802252
2024-07-26 14:14:26,17850.0,10000,Sell,226802253
2024-07-26 14:14:26,17850.0,5000,Sell,226802254
2024-07-26 14:14:26,17850.0,100,Sell,226802255
2024-07-26 14:14:26,17850.0,5000,Sell,226802256
2024-07-26 14:14:26,17850.0,1000,Sell,226802257
2024-07-26 14:14:26,17850.0,200,Sell,226802248
2024-07-26 14:14:26,17850.0,100,Sell,226802237
2024-07-26 14:14:26,17850.0,1000,Sell,226802229
2024-07-26 14:14:26,17850.0,4000,Sell,226802235
2024-07-26 14:14:26,17850.0,2800,Sell,226802215
2024-07-26 14:14:26,17850.0,500,Sell,226802216
2024-07-26 14:14:26,17850.0,500,Sell,226802217
2024-07-26 14:14:26,17850.0,600,Sell,226802218
2024-07-26 14:14:26,17850.0,100,Sell,226802219
2024-07-26 14:14:26,17850.0,5000,Sell,226802220
2024-07-26 14:14:26,17850.0,5000,Sell,226802222
2024-07-26 14:14:26,17850.0,100,Sell,226802223
2024-07-26 14:14:26,17850.0,1000,Sell,226802224
2024-07-26 14:14:26,17850.0,100,Sell,226802221
2024-07-26 14:14:26,17850.0,5000,Sell,226802226
2024-07-26 14:14:26,17850.0,100,Sell,226802227
2024-07-26 14:14:26,17850.0,300,Sell,226802228
2024-07-26 14:14:26,17850.0,1000,Sell,226802230
2024-07-26 14:14:26,17850.0,5000,Sell,226802231
2024-07-26 14:14:26,17850.0,5000,Sell,226802232
2024-07-26 14:14:26,17850.0,1700,Sell,226802233
2024-07-26 14:14:26,17850.0,100,Sell,226802234
2024-07-26 14:14:26,17850.0,500,Sell,226802225
2024-07-26 14:14:26,17850.0,100,Sell,226802236
2024-07-26 14:14:30,17800.0,3600,Sell,226802361
2024-07-26 14:14:47,17800.0,8000,Sell,226802910
2024-07-26 14:14:51,17800.0,300,Sell,226802990
2024-07-26 14:14:51,17850.0,100,Buy,226802991
2024-07-26 14:14:58,17850.0,200,Buy,226803206
2024-07-26 14:15:07,17850.0,5000,Buy,226803524
2024-07-26 14:15:09,17800.0,100,Sell,226803560
2024-07-26 14:15:10,17850.0,100,Buy,226803563
2024-07-26 14:15:12,17850.0,100,Buy,226803644
2024-07-26 14:15:23,17800.0,300,Sell,226804025
2024-07-26 14:15:26,17850.0,900,Buy,226804099
2024-07-26 14:15:33,17850.0,1300,Buy,226804303
2024-07-26 14:15:51,17850.0,80000,Buy,226804692
2024-07-26 14:15:56,17850.0,5000,Buy,226804859
2024-07-26 14:15:58,17850.0,15000,Buy,226804892
2024-07-26 14:16:03,17850.0,100,Buy,226804963
2024-07-26 14:16:07,17850.0,3900,Buy,226805141
2024-07-26 14:16:17,17800.0,3600,Sell,226805348
2024-07-26 14:16:20,17800.0,100,Sell,226805459
2024-07-26 14:16:20,17850.0,200,Buy,226805463
2024-07-26 14:16:36,17800.0,3600,Sell,226805874
2024-07-26 14:16:37,17800.0,10000,Sell,226805935
2024-07-26 14:16:42,17850.0,10000,Buy,226806047
2024-07-26 14:16:48,17850.0,200,Buy,226806257
2024-07-26 14:16:50,17850.0,2000,Buy,226806320
2024-07-26 14:16:51,17850.0,500,Buy,226806342
2024-07-26 14:16:54,17850.0,5000,Buy,226806396
2024-07-26 14:16:56,17850.0,200,Buy,226806484
2024-07-26 14:17:00,17800.0,20000,Sell,226806580
2024-07-26 14:17:02,17850.0,11700,Buy,226806687
2024-07-26 14:17:02,17850.0,8300,Buy,226806688
2024-07-26 14:17:02,17850.0,200,Buy,226806689
2024-07-26 14:17:09,17850.0,100,Buy,226806885
2024-07-26 14:17:09,17850.0,2800,Buy,226806886
2024-07-26 14:17:09,17850.0,500,Buy,226806883
2024-07-26 14:17:09,17850.0,100,Buy,226806884
2024-07-26 14:17:09,17850.0,1500,Buy,226806882
2024-07-26 14:17:13,17850.0,2200,Buy,226807029
2024-07-26 14:17:18,17900.0,22000,Buy,226807145
2024-07-26 14:17:18,17850.0,300,Sell,226807169
2024-07-26 14:17:26,17850.0,500,Sell,226807521
2024-07-26 14:17:26,17850.0,400,Sell,226807522
2024-07-26 14:17:50,17900.0,100,Buy,226808144
2024-07-26 14:17:50,17850.0,13400,Sell,226808142
2024-07-26 14:17:50,17850.0,5000,Sell,226808141
2024-07-26 14:17:50,17850.0,400,Sell,226808140
2024-07-26 14:17:50,17850.0,100,Sell,226808139
2024-07-26 14:17:50,17850.0,500,Sell,226808138
2024-07-26 14:17:50,17900.0,700,Buy,226808127
2024-07-26 14:17:50,17900.0,500,Buy,226808126
2024-07-26 14:17:50,17900.0,2000,Buy,226808125
2024-07-26 14:17:50,17900.0,3000,Buy,226808124
2024-07-26 14:17:50,17900.0,3000,Buy,226808123
2024-07-26 14:17:50,17900.0,800,Buy,226808122
2024-07-26 14:17:50,17850.0,600,Sell,226808137
2024-07-26 14:17:51,17850.0,100,Sell,226808170
2024-07-26 14:18:40,17850.0,1000,Sell,226809499
2024-07-26 14:19:06,17850.0,8300,Sell,226810230
2024-07-26 14:19:06,17850.0,500,Sell,226810229
2024-07-26 14:19:06,17850.0,3000,Sell,226810228
2024-07-26 14:19:06,17850.0,1000,Sell,226810227
2024-07-26 14:19:06,17850.0,2000,Sell,226810226
2024-07-26 14:19:06,17850.0,10000,Sell,226810225
2024-07-26 14:19:06,17850.0,100,Sell,226810223
2024-07-26 14:19:06,17850.0,3000,Sell,226810222
2024-07-26 14:19:06,17850.0,500,Sell,226810221
2024-07-26 14:19:06,17850.0,100,Sell,226810220
2024-07-26 14:19:06,17850.0,5000,Sell,226810219
2024-07-26 14:19:06,17850.0,15500,Sell,226810218
2024-07-26 14:19:06,17850.0,1000,Sell,226810224
2024-07-26 14:19:13,17850.0,6400,Sell,226810439
2024-07-26 14:19:21,17850.0,300,Sell,226810704
2024-07-26 14:19:41,17850.0,3000,Sell,226811429
2024-07-26 14:19:43,17850.0,5500,Sell,226811499
2024-07-26 14:20:07,17850.0,100,Sell,226812185
2024-07-26 14:20:43,17900.0,4200,Buy,226813194
2024-07-26 14:20:43,17900.0,100,Buy,226813195
2024-07-26 14:20:43,17900.0,25700,Buy,226813196
2024-07-26 14:20:49,17900.0,1700,Buy,226813382
2024-07-26 14:20:49,17900.0,24300,Buy,226813380
2024-07-26 14:20:49,17900.0,1800,Buy,226813381
2024-07-26 14:20:53,17900.0,100,Sell,226813516
2024-07-26 14:20:58,17900.0,1000,Sell,226813606
2024-07-26 14:21:07,17900.0,11100,Sell,226813929
2024-07-26 14:21:07,17900.0,9300,Sell,226813930
2024-07-26 14:21:14,17900.0,800,Sell,226814175
2024-07-26 14:21:17,17900.0,1000,Sell,226814363
2024-07-26 14:21:23,17900.0,500,Sell,226814504
2024-07-26 14:21:23,17900.0,5400,Sell,226814517
2024-07-26 14:21:23,17900.0,100,Sell,226814518
2024-07-26 14:21:23,17900.0,4100,Sell,226814519
2024-07-26 14:21:23,17900.0,400,Sell,226814520
2024-07-26 14:21:42,17900.0,1600,Sell,226815184
2024-07-26 14:21:42,17900.0,600,Sell,226815163
2024-07-26 14:21:42,17900.0,1000,Sell,226815164
2024-07-26 14:21:42,17900.0,3400,Sell,226815165
2024-07-26 14:21:53,17900.0,100,Buy,226815490
2024-07-26 14:22:09,17900.0,300,Sell,226815918
2024-07-26 14:22:15,17900.0,4600,Sell,226816080
2024-07-26 14:22:15,17900.0,100,Sell,226816081
2024-07-26 14:22:15,17900.0,500,Sell,226816082
2024-07-26 14:22:32,17900.0,13000,Buy,226816637
2024-07-26 14:22:44,17900.0,200,Buy,226816988
2024-07-26 14:22:55,17900.0,5000,Buy,226817343
2024-07-26 14:22:57,17900.0,6600,Buy,226817405
2024-07-26 14:22:57,17900.0,200,Buy,226817406
2024-07-26 14:22:57,17900.0,3200,Buy,226817407
2024-07-26 14:22:58,17900.0,200,Buy,226817414
2024-07-26 14:23:11,17900.0,100,Buy,226817880
2024-07-26 14:23:12,17900.0,100,Buy,226817917
2024-07-26 14:23:26,17850.0,3000,Sell,226818317
2024-07-26 14:23:28,17900.0,100,Buy,226818359
2024-07-26 14:23:38,17900.0,1300,Buy,226818642
2024-07-26 14:23:38,17900.0,400,Buy,226818643
2024-07-26 14:23:54,17900.0,1600,Buy,226819193
2024-07-26 14:23:54,17900.0,1400,Buy,226819194
2024-07-26 14:23:56,17900.0,2000,Buy,226819266
2024-07-26 14:24:04,17900.0,100,Buy,226819482
2024-07-26 14:24:06,17900.0,400,Buy,226819511
2024-07-26 14:24:15,17850.0,300,Sell,226819783
2024-07-26 14:24:22,17900.0,10000,Buy,226819958
2024-07-26 14:24:28,17850.0,400,Sell,226820116
2024-07-26 14:25:20,17850.0,9000,Sell,226821876
2024-07-26 14:25:25,17900.0,9000,Buy,226822095
2024-07-26 14:25:38,17850.0,100,Sell,226822516
2024-07-26 14:26:23,17900.0,100,Buy,226824104
2024-07-26 14:26:42,17900.0,100,Buy,226824838
2024-07-26 14:27:09,17900.0,100,Buy,226825848
2024-07-26 14:27:12,17850.0,5000,Sell,226826020
2024-07-26 14:27:20,17900.0,100,Buy,226826396
2024-07-26 14:27:24,17900.0,1000,Buy,226826552
2024-07-26 14:27:29,17900.0,4000,Buy,226826745
2024-07-26 14:27:39,17900.0,10000,Buy,226827453
2024-07-26 14:27:40,17900.0,300,Buy,226827500
2024-07-26 14:27:40,17900.0,4000,Buy,226827506
2024-07-26 14:27:44,17900.0,1000,Buy,226827705
2024-07-26 14:27:47,17900.0,100,Buy,226827824
2024-07-26 14:27:48,17900.0,1000,Buy,226827875
2024-07-26 14:27:49,17900.0,100,Buy,226827905
2024-07-26 14:27:49,17900.0,3000,Buy,226827930
2024-07-26 14:27:51,17900.0,2000,Buy,226828042
2024-07-26 14:27:52,17900.0,200,Buy,226828053
2024-07-26 14:27:52,17900.0,1200,Buy,226828054
2024-07-26 14:27:52,17900.0,1600,Buy,226828055
2024-07-26 14:27:58,17900.0,1000,Buy,226828344
2024-07-26 14:27:58,17900.0,5000,Buy,226828346
2024-07-26 14:27:59,17900.0,900,Buy,226828414
2024-07-26 14:27:59,17900.0,700,Buy,226828415
2024-07-26 14:27:59,17900.0,3300,Buy,226828412
2024-07-26 14:27:59,17900.0,100,Buy,226828413
2024-07-26 14:28:00,17900.0,100,Buy,226828433
2024-07-26 14:28:04,17850.0,500,Sell,226828641
2024-07-26 14:28:05,17900.0,1000,Buy,226828693
2024-07-26 14:28:07,17900.0,200,Buy,226828816
2024-07-26 14:28:07,17900.0,100,Buy,226828825
2024-07-26 14:28:07,17900.0,100,Buy,226828826
2024-07-26 14:28:07,17900.0,100,Buy,226828827
2024-07-26 14:28:07,17900.0,100,Buy,226828828
2024-07-26 14:28:07,17900.0,4400,Buy,226828829
2024-07-26 14:28:10,17900.0,5000,Buy,226828933
2024-07-26 14:28:10,17900.0,600,Buy,226828934
2024-07-26 14:28:11,17900.0,100,Buy,226828985
2024-07-26 14:28:19,17900.0,3900,Buy,226829336
2024-07-26 14:28:19,17900.0,900,Buy,226829334
2024-07-26 14:28:19,17900.0,200,Buy,226829335
2024-07-26 14:28:19,17900.0,1000,Buy,226829331
2024-07-26 14:28:24,17850.0,50000,Sell,226829587
2024-07-26 14:28:26,17850.0,1100,Sell,226829723
2024-07-26 14:28:27,17900.0,700,Buy,226829835
2024-07-26 14:28:30,17900.0,400,Buy,226829939
2024-07-26 14:28:30,17900.0,4600,Buy,226829940
2024-07-26 14:28:36,17900.0,900,Buy,226830244
2024-07-26 14:28:41,17900.0,3000,Buy,226830438
2024-07-26 14:28:41,17900.0,1800,Buy,226830441
2024-07-26 14:28:41,17900.0,3700,Buy,226830440
2024-07-26 14:28:41,17900.0,100,Buy,226830439
2024-07-26 14:28:41,17900.0,100,Buy,226830437
2024-07-26 14:28:41,17900.0,200,Buy,226830435
2024-07-26 14:28:41,17900.0,300,Buy,226830434
2024-07-26 14:28:41,17900.0,500,Buy,226830433
2024-07-26 14:28:41,17900.0,300,Buy,226830436
2024-07-26 14:28:43,17900.0,100,Buy,226830546
2024-07-26 14:28:43,17900.0,100,Buy,226830558
2024-07-26 14:28:49,17900.0,200,Sell,226830850
2024-07-26 14:28:49,17900.0,300,Sell,226830851
2024-07-26 14:28:55,17900.0,1700,Sell,226831255
2024-07-26 14:28:55,17900.0,300,Sell,226831256
2024-07-26 14:28:56,17950.0,100,Buy,226831303
2024-07-26 14:28:56,17900.0,200,Sell,226831327
2024-07-26 14:28:57,17900.0,2000,Sell,226831378
2024-07-26 14:29:02,17900.0,500,Sell,226831676
2024-07-26 14:29:04,17900.0,1000,Sell,226831910
2024-07-26 14:29:08,17900.0,500,Sell,226832239
2024-07-26 14:29:08,17900.0,200,Sell,226832240
2024-07-26 14:29:08,17900.0,500,Sell,226832241
2024-07-26 14:29:08,17900.0,2000,Sell,226832242
2024-07-26 14:29:08,17900.0,6000,Sell,226832243
2024-07-26 14:29:08,17900.0,100,Sell,226832244
2024-07-26 14:29:08,17900.0,5000,Sell,226832245
2024-07-26 14:29:08,17900.0,1000,Sell,226832235
2024-07-26 14:29:17,17900.0,500,Buy,226832657
2024-07-26 14:29:19,17900.0,400,Buy,226832797
2024-07-26 14:29:33,17900.0,100,Buy,226833614
2024-07-26 14:44:40,17850.0,402500,ATO/ATC,226835103
