time,price,volume,match_type,id
2024-07-18 09:14:41,17950.0,50600,ATO/ATC,224075356
2024-07-18 09:15:41,17900.0,1000,Sell,224077229
2024-07-18 09:16:10,17900.0,300,Buy,224078295
2024-07-18 09:16:10,17900.0,200,Buy,224078294
2024-07-18 09:16:22,17900.0,100,Buy,224078729
2024-07-18 09:16:35,17900.0,100,Buy,224079138
2024-07-18 09:16:45,17850.0,100,Sell,224079554
2024-07-18 09:16:45,17850.0,17600,Sell,224079573
2024-07-18 09:16:45,17850.0,1000,Sell,224079572
2024-07-18 09:16:45,17850.0,100,Sell,224079571
2024-07-18 09:16:45,17850.0,1000,Sell,224079570
2024-07-18 09:16:45,17850.0,4200,Sell,224079569
2024-07-18 09:16:45,17850.0,100,Sell,224079568
2024-07-18 09:16:45,17850.0,100,Sell,224079567
2024-07-18 09:16:45,17850.0,1000,Sell,224079566
2024-07-18 09:16:45,17850.0,1000,Sell,224079565
2024-07-18 09:16:45,17850.0,100,Sell,224079553
2024-07-18 09:16:45,17850.0,400,Sell,224079563
2024-07-18 09:16:45,17850.0,1000,Sell,224079555
2024-07-18 09:16:45,17850.0,100,Sell,224079556
2024-07-18 09:16:45,17850.0,100,Sell,224079557
2024-07-18 09:16:45,17850.0,100,Sell,224079558
2024-07-18 09:16:45,17850.0,100,Sell,224079564
2024-07-18 09:16:45,17850.0,200,Sell,224079560
2024-07-18 09:16:45,17850.0,500,Sell,224079561
2024-07-18 09:16:45,17850.0,200,Sell,224079562
2024-07-18 09:16:45,17850.0,1000,Sell,224079559
2024-07-18 09:16:52,17900.0,100,Buy,224079800
2024-07-18 09:17:03,17900.0,1200,Buy,224080242
2024-07-18 09:17:04,17900.0,100,Buy,224080263
2024-07-18 09:17:06,17900.0,100,Buy,224080394
2024-07-18 09:17:06,17900.0,400,Buy,224080395
2024-07-18 09:17:16,17850.0,1800,Sell,224080775
2024-07-18 09:17:19,17900.0,300,Buy,224080948
2024-07-18 09:17:34,17850.0,1200,Sell,224081544
2024-07-18 09:17:34,17850.0,600,Sell,224081543
2024-07-18 09:17:37,17900.0,700,Buy,224081741
2024-07-18 09:17:56,17850.0,1800,Sell,224082412
2024-07-18 09:18:07,17850.0,1000,Sell,224082903
2024-07-18 09:18:07,17850.0,800,Sell,224082904
2024-07-18 09:18:20,17850.0,200,Sell,224083407
2024-07-18 09:18:20,17850.0,100,Sell,224083406
2024-07-18 09:18:20,17850.0,200,Sell,224083405
2024-07-18 09:18:20,17850.0,100,Sell,224083404
2024-07-18 09:18:20,17850.0,100,Sell,224083403
2024-07-18 09:18:20,17850.0,200,Sell,224083402
2024-07-18 09:18:20,17850.0,100,Sell,224083401
2024-07-18 09:18:20,17850.0,1000,Sell,224083397
2024-07-18 09:18:20,17850.0,3000,Sell,224083399
2024-07-18 09:18:20,17850.0,2000,Sell,224083398
2024-07-18 09:18:20,17850.0,500,Sell,224083396
2024-07-18 09:18:20,17850.0,100,Sell,224083395
2024-07-18 09:18:20,17850.0,800,Sell,224083393
2024-07-18 09:18:20,17850.0,100,Sell,224083400
2024-07-18 09:18:20,17850.0,500,Sell,224083394
2024-07-18 09:18:21,17850.0,300,Sell,224083453
2024-07-18 09:18:22,17850.0,200,Buy,224083479
2024-07-18 09:18:25,17850.0,100,Sell,224083620
2024-07-18 09:18:28,17850.0,1700,Buy,224083781
2024-07-18 09:18:29,17850.0,1300,Sell,224083809
2024-07-18 09:18:34,17850.0,100,Buy,224083982
2024-07-18 09:18:35,17850.0,1500,Buy,224084020
2024-07-18 09:18:35,17850.0,400,Buy,224084021
2024-07-18 09:18:39,17850.0,4100,Sell,224084171
2024-07-18 09:18:45,17850.0,1800,Buy,224084418
2024-07-18 09:18:45,17850.0,1900,Buy,224084417
2024-07-18 09:18:48,17850.0,800,Sell,224084567
2024-07-18 09:18:51,17850.0,1500,Buy,224084717
2024-07-18 09:19:01,17850.0,100,Buy,224085158
2024-07-18 09:19:01,17800.0,1200,Sell,224085106
2024-07-18 09:19:01,17800.0,100,Sell,224085105
2024-07-18 09:19:01,17800.0,300,Sell,224085103
2024-07-18 09:19:01,17800.0,200,Sell,224085104
2024-07-18 09:19:09,17850.0,100,Buy,224085579
2024-07-18 09:19:20,17850.0,2500,Buy,224086045
2024-07-18 09:19:20,17850.0,2500,Buy,224086046
2024-07-18 09:19:27,17850.0,1500,Buy,224086322
2024-07-18 09:19:37,17850.0,100,Sell,224086792
2024-07-18 09:19:48,17850.0,1000,Sell,224087293
2024-07-18 09:19:50,17850.0,15000,Sell,224087403
2024-07-18 09:19:56,17900.0,200,Buy,224087696
2024-07-18 09:20:04,17850.0,300,Sell,224088069
2024-07-18 09:20:04,17850.0,1800,Sell,224088066
2024-07-18 09:20:04,17850.0,600,Sell,224088067
2024-07-18 09:20:04,17850.0,100,Sell,224088068
2024-07-18 09:20:09,17850.0,2300,Sell,224088304
2024-07-18 09:20:09,17850.0,3100,Sell,224088305
2024-07-18 09:20:10,17850.0,800,Sell,224088381
2024-07-18 09:20:28,17850.0,1800,Sell,224089179
2024-07-18 09:20:40,17850.0,1800,Sell,224089867
2024-07-18 09:20:42,17900.0,100,Buy,224089965
2024-07-18 09:20:53,17850.0,1800,Sell,224090430
2024-07-18 09:20:58,17850.0,9300,Sell,224090674
2024-07-18 09:20:58,17850.0,10700,Sell,224090673
2024-07-18 09:21:13,17850.0,800,Sell,224091297
2024-07-18 09:21:13,17850.0,5200,Sell,224091298
2024-07-18 09:21:17,17850.0,1800,Sell,224091445
2024-07-18 09:21:30,17850.0,1800,Sell,224092043
2024-07-18 09:21:39,17850.0,100,Sell,224092482
2024-07-18 09:21:39,17850.0,500,Sell,224092483
2024-07-18 09:21:39,17850.0,1200,Sell,224092481
2024-07-18 09:21:42,17900.0,2000,Buy,224092613
2024-07-18 09:21:48,17850.0,1500,Sell,224092954
2024-07-18 09:21:48,17850.0,300,Sell,224092955
2024-07-18 09:21:55,17850.0,200,Sell,224093255
2024-07-18 09:21:58,17850.0,800,Buy,224093390
2024-07-18 09:22:01,17850.0,400,Sell,224093486
2024-07-18 09:22:02,17850.0,800,Sell,224093562
2024-07-18 09:22:06,17800.0,1800,Sell,224093741
2024-07-18 09:22:13,17850.0,200,Buy,224094062
2024-07-18 09:22:26,17850.0,100,Buy,224094569
2024-07-18 09:23:09,17850.0,2000,Buy,224096251
2024-07-18 09:23:39,17850.0,300,Buy,224097402
2024-07-18 09:24:00,17850.0,100,Buy,224098321
2024-07-18 09:24:46,17850.0,300,Buy,224100074
2024-07-18 09:25:10,17850.0,100,Buy,224100978
2024-07-18 09:25:17,17850.0,500,Buy,224101188
2024-07-18 09:25:28,17850.0,100,Buy,224101610
2024-07-18 09:25:53,17850.0,100,Buy,224102658
2024-07-18 09:26:18,17850.0,500,Buy,224103506
2024-07-18 09:26:30,17850.0,300,Buy,224103974
2024-07-18 09:26:30,17850.0,700,Buy,224103975
2024-07-18 09:27:08,17850.0,100,Buy,224105138
2024-07-18 09:27:43,17850.0,200,Buy,224106403
2024-07-18 09:28:05,17850.0,100,Buy,224107072
2024-07-18 09:28:08,17850.0,200,Buy,224107172
2024-07-18 09:28:43,17850.0,300,Buy,224108228
2024-07-18 09:28:44,17850.0,100,Buy,224108301
2024-07-18 09:28:46,17850.0,300,Buy,224108356
2024-07-18 09:28:51,17800.0,1100,Sell,224108567
2024-07-18 09:29:08,17800.0,100,Sell,224109129
2024-07-18 09:29:08,17800.0,900,Sell,224109128
2024-07-18 09:29:13,17850.0,13000,Buy,224109226
2024-07-18 09:29:13,17850.0,300,Buy,224109227
2024-07-18 09:29:13,17850.0,2000,Buy,224109228
2024-07-18 09:29:13,17850.0,4700,Buy,224109229
2024-07-18 09:29:14,17800.0,100,Sell,224109277
2024-07-18 09:29:22,17850.0,400,Buy,224109484
2024-07-18 09:29:56,17850.0,100,Buy,224110820
2024-07-18 09:30:22,17850.0,1000,Buy,224111790
2024-07-18 09:30:34,17850.0,2800,Buy,224112124
2024-07-18 09:30:40,17850.0,2300,Buy,224112351
2024-07-18 09:30:40,17850.0,1000,Buy,224112350
2024-07-18 09:30:40,17850.0,3100,Buy,224112349
2024-07-18 09:30:40,17850.0,1000,Buy,224112347
2024-07-18 09:30:40,17850.0,2000,Buy,224112348
2024-07-18 09:30:44,17900.0,1500,Buy,224112542
2024-07-18 09:31:00,17900.0,200,Buy,224113000
2024-07-18 09:31:00,17900.0,500,Buy,224113001
2024-07-18 09:31:00,17900.0,5400,Buy,224113002
2024-07-18 09:31:00,17900.0,8900,Buy,224113003
2024-07-18 09:31:01,17900.0,100,Buy,224113033
2024-07-18 09:31:11,17900.0,2800,Buy,224113297
2024-07-18 09:31:51,17900.0,700,Buy,224114393
2024-07-18 09:32:19,17900.0,1300,Buy,224115235
2024-07-18 09:32:29,17850.0,300,Sell,224115593
2024-07-18 09:33:12,17900.0,2300,Buy,224116956
2024-07-18 09:33:20,17850.0,200,Sell,224117163
2024-07-18 09:33:21,17850.0,2800,Sell,224117207
2024-07-18 09:33:21,17850.0,100,Sell,224117208
2024-07-18 09:33:21,17850.0,7200,Sell,224117209
2024-07-18 09:33:21,17850.0,100,Sell,224117210
2024-07-18 09:33:21,17850.0,9700,Sell,224117211
2024-07-18 09:33:21,17850.0,100,Sell,224117206
2024-07-18 09:33:35,17900.0,1500,Buy,224117516
2024-07-18 09:33:55,17900.0,100,Buy,224118095
2024-07-18 09:34:09,17900.0,5000,Buy,224118411
2024-07-18 09:34:17,17900.0,500,Buy,224118609
2024-07-18 09:34:37,17900.0,5000,Buy,224119163
2024-07-18 09:35:20,17900.0,3200,Buy,224120269
2024-07-18 09:35:20,17900.0,1800,Buy,224120268
2024-07-18 09:36:14,17900.0,1800,Buy,224121627
2024-07-18 09:36:26,17900.0,100,Buy,224121994
2024-07-18 09:36:26,17900.0,100,Buy,224121995
2024-07-18 09:36:26,17900.0,100,Buy,224121996
2024-07-18 09:36:26,17900.0,200,Buy,224121997
2024-07-18 09:36:30,17900.0,100,Buy,224122091
2024-07-18 09:36:54,17900.0,300,Buy,224122708
2024-07-18 09:36:58,17900.0,1200,Buy,224122802
2024-07-18 09:37:09,17900.0,800,Sell,224123104
2024-07-18 09:37:09,17900.0,300,Sell,224123105
2024-07-18 09:37:12,17900.0,300,Buy,224123183
2024-07-18 09:37:14,17900.0,600,Buy,224123261
2024-07-18 09:37:44,17900.0,100,Sell,224124060
2024-07-18 09:37:55,17950.0,700,Buy,224124376
2024-07-18 09:38:08,17900.0,100,Sell,224124735
2024-07-18 09:38:27,17900.0,1000,Sell,224125327
2024-07-18 09:38:27,17900.0,200,Sell,224125326
2024-07-18 09:38:27,17900.0,600,Sell,224125328
2024-07-18 09:38:42,17900.0,800,Sell,224125714
2024-07-18 09:38:42,17900.0,1000,Sell,224125715
2024-07-18 09:39:10,17900.0,1800,Sell,224126535
2024-07-18 09:39:21,17900.0,200,Sell,224126806
2024-07-18 09:39:21,17900.0,200,Sell,224126807
2024-07-18 09:39:21,17900.0,1600,Sell,224126808
2024-07-18 09:39:44,17900.0,1800,Sell,224127313
2024-07-18 09:40:21,17900.0,1600,Sell,224128287
2024-07-18 09:40:21,17900.0,200,Sell,224128288
2024-07-18 09:40:53,17900.0,100,Sell,224129198
2024-07-18 09:40:53,17900.0,2000,Sell,224129205
2024-07-18 09:41:27,17900.0,1800,Sell,224130069
2024-07-18 09:41:47,17900.0,100,Sell,224130688
2024-07-18 09:42:05,17900.0,1000,Sell,224131092
2024-07-18 09:42:13,17900.0,100,Sell,224131317
2024-07-18 09:42:28,17950.0,1300,Buy,224131810
2024-07-18 09:42:28,17950.0,500,Buy,224131811
2024-07-18 09:42:28,17950.0,100,Buy,224131812
2024-07-18 09:42:28,17950.0,200,Buy,224131813
2024-07-18 09:42:28,17950.0,500,Buy,224131814
2024-07-18 09:42:28,17950.0,100,Buy,224131815
2024-07-18 09:42:28,17950.0,100,Buy,224131816
2024-07-18 09:42:28,17950.0,1000,Buy,224131817
2024-07-18 09:42:28,17950.0,200,Buy,224131818
2024-07-18 09:44:02,17950.0,200,Buy,224133844
2024-07-18 09:44:02,17950.0,1800,Buy,224133843
2024-07-18 09:44:17,17900.0,600,Sell,224134149
2024-07-18 09:45:57,17900.0,2000,Sell,224136476
2024-07-18 09:46:04,17950.0,100,Buy,224136670
2024-07-18 09:46:31,17900.0,3000,Sell,224137435
2024-07-18 09:47:21,17900.0,1600,Sell,224138542
2024-07-18 09:48:02,17900.0,2000,Sell,224139342
2024-07-18 09:48:21,17950.0,200,Buy,224139859
2024-07-18 09:48:21,17950.0,1200,Buy,224139860
2024-07-18 09:49:02,17900.0,9000,Sell,224140761
2024-07-18 09:49:20,17900.0,300,Sell,224141161
2024-07-18 09:49:35,17900.0,1000,Sell,224141413
2024-07-18 09:49:39,17900.0,100,Sell,224141510
2024-07-18 09:49:43,17900.0,500,Sell,224141612
2024-07-18 09:49:49,17900.0,500,Sell,224141729
2024-07-18 09:49:49,17900.0,100,Sell,224141725
2024-07-18 09:49:49,17900.0,1000,Sell,224141728
2024-07-18 09:49:49,17900.0,200,Sell,224141727
2024-07-18 09:49:49,17900.0,300,Sell,224141726
2024-07-18 09:49:49,17900.0,200,Sell,224141724
2024-07-18 09:49:49,17900.0,100,Sell,224141718
2024-07-18 09:49:49,17900.0,1000,Sell,224141722
2024-07-18 09:49:49,17900.0,200,Sell,224141721
2024-07-18 09:49:49,17900.0,500,Sell,224141720
2024-07-18 09:49:49,17900.0,100,Sell,224141719
2024-07-18 09:49:49,17900.0,200,Sell,224141730
2024-07-18 09:49:49,17900.0,5000,Sell,224141723
2024-07-18 09:49:49,17900.0,4600,Sell,224141717
2024-07-18 09:50:30,17900.0,200,Sell,224142668
2024-07-18 09:50:30,17900.0,100,Sell,224142667
2024-07-18 09:50:46,17900.0,300,Sell,224143125
2024-07-18 09:50:46,17900.0,3300,Sell,224143118
2024-07-18 09:50:46,17900.0,1300,Sell,224143123
2024-07-18 09:50:46,17900.0,100,Sell,224143124
2024-07-18 09:50:47,17900.0,1000,Sell,224143139
2024-07-18 09:51:15,17900.0,200,Sell,224143826
2024-07-18 09:51:15,17900.0,100,Sell,224143827
2024-07-18 09:51:15,17900.0,300,Sell,224143828
2024-07-18 09:51:15,17900.0,200,Sell,224143829
2024-07-18 09:51:15,17900.0,1800,Sell,224143830
2024-07-18 09:53:13,17850.0,2700,Sell,224146588
2024-07-18 09:53:13,17850.0,1000,Sell,224146587
2024-07-18 09:53:13,17850.0,200,Sell,224146585
2024-07-18 09:53:13,17850.0,500,Sell,224146586
2024-07-18 09:53:13,17850.0,100,Sell,224146583
2024-07-18 09:53:13,17850.0,1000,Sell,224146582
2024-07-18 09:53:13,17850.0,100,Sell,224146581
2024-07-18 09:53:13,17850.0,300,Sell,224146580
2024-07-18 09:53:13,17850.0,100,Sell,224146584
2024-07-18 09:53:42,17850.0,1300,Sell,224147228
2024-07-18 09:53:42,17850.0,100,Sell,224147229
2024-07-18 09:53:42,17850.0,400,Sell,224147230
2024-07-18 09:54:40,17900.0,100,Buy,224148450
2024-07-18 09:55:12,17900.0,400,Buy,224149212
2024-07-18 09:55:12,17900.0,100,Buy,224149216
2024-07-18 09:55:12,17900.0,300,Buy,224149215
2024-07-18 09:55:12,17900.0,600,Buy,224149214
2024-07-18 09:55:12,17900.0,400,Buy,224149211
2024-07-18 09:55:12,17900.0,100,Buy,224149213
2024-07-18 09:55:12,17900.0,1000,Buy,224149209
2024-07-18 09:55:12,17900.0,1300,Buy,224149208
2024-07-18 09:55:12,17900.0,100,Buy,224149207
2024-07-18 09:55:12,17900.0,300,Buy,224149206
2024-07-18 09:55:12,17900.0,300,Buy,224149205
2024-07-18 09:55:12,17900.0,100,Buy,224149210
2024-07-18 09:56:25,17900.0,100,Buy,224150882
2024-07-18 09:58:39,17850.0,1600,Sell,224153881
2024-07-18 09:58:39,17850.0,400,Sell,224153882
2024-07-18 10:01:17,17850.0,10000,Sell,224157924
2024-07-18 10:01:17,17850.0,1500,Sell,224157925
2024-07-18 10:01:17,17850.0,600,Sell,224157929
2024-07-18 10:01:17,17850.0,1000,Sell,224157927
2024-07-18 10:01:17,17850.0,200,Sell,224157928
2024-07-18 10:01:17,17850.0,100,Sell,224157923
2024-07-18 10:01:17,17850.0,1000,Sell,224157926
2024-07-18 10:01:17,17850.0,100,Sell,224157922
2024-07-18 10:01:17,17850.0,100,Sell,224157919
2024-07-18 10:01:17,17850.0,100,Sell,224157920
2024-07-18 10:01:17,17850.0,200,Sell,224157918
2024-07-18 10:01:17,17850.0,1000,Sell,224157917
2024-07-18 10:01:17,17850.0,200,Sell,224157916
2024-07-18 10:01:17,17850.0,11200,Sell,224157915
2024-07-18 10:01:17,17850.0,1000,Sell,224157914
2024-07-18 10:01:17,17850.0,1600,Sell,224157913
2024-07-18 10:01:17,17850.0,100,Sell,224157921
2024-07-18 10:02:23,17850.0,200,Sell,224159715
2024-07-18 10:02:23,17850.0,500,Sell,224159714
2024-07-18 10:02:23,17850.0,1000,Sell,224159711
2024-07-18 10:02:23,17850.0,300,Sell,224159713
2024-07-18 10:02:23,17850.0,300,Sell,224159709
2024-07-18 10:02:23,17850.0,500,Sell,224159710
2024-07-18 10:02:23,17850.0,400,Sell,224159706
2024-07-18 10:02:23,17850.0,100,Sell,224159712
2024-07-18 10:02:23,17850.0,100,Sell,224159708
2024-07-18 10:02:23,17850.0,1800,Sell,224159707
2024-07-18 10:02:51,17850.0,400,Buy,224160314
2024-07-18 10:03:03,17850.0,400,Buy,224160553
2024-07-18 10:03:35,17850.0,2000,Sell,224161216
2024-07-18 10:03:56,17850.0,2600,Sell,224161733
2024-07-18 10:03:56,17850.0,100,Sell,224161734
2024-07-18 10:03:56,17850.0,2300,Sell,224161735
2024-07-18 10:04:01,17850.0,200,Sell,224161866
2024-07-18 10:04:04,17850.0,100,Buy,224161904
2024-07-18 10:04:50,17850.0,100,Sell,224162736
2024-07-18 10:05:44,17850.0,500,Sell,224164039
2024-07-18 10:06:56,17850.0,1900,Sell,224165641
2024-07-18 10:06:56,17850.0,300,Sell,224165638
2024-07-18 10:06:56,17850.0,700,Sell,224165639
2024-07-18 10:06:56,17850.0,100,Sell,224165640
2024-07-18 10:07:10,17850.0,100,Sell,224166050
2024-07-18 10:07:22,17850.0,100,Buy,224166324
2024-07-18 10:07:25,17800.0,800,Sell,224166431
2024-07-18 10:07:25,17800.0,800,Sell,224166432
2024-07-18 10:07:25,17800.0,500,Sell,224166433
2024-07-18 10:07:41,17850.0,100,Sell,224166773
2024-07-18 10:07:45,17800.0,200,Sell,224166853
2024-07-18 10:08:43,17800.0,100,Sell,224168680
2024-07-18 10:08:43,17800.0,200,Sell,224168681
2024-07-18 10:08:43,17800.0,600,Sell,224168678
2024-07-18 10:08:43,17800.0,100,Sell,224168679
2024-07-18 10:08:51,17800.0,100,Sell,224168903
2024-07-18 10:08:51,17800.0,300,Sell,224168902
2024-07-18 10:08:51,17800.0,100,Sell,224168904
2024-07-18 10:10:20,17850.0,500,Buy,224171804
2024-07-18 10:11:09,17850.0,100,Buy,224172974
2024-07-18 10:11:11,17800.0,1000,Sell,224173024
2024-07-18 10:12:25,17800.0,900,Sell,224175277
2024-07-18 10:12:25,17800.0,200,Sell,224175278
2024-07-18 10:12:25,17800.0,8900,Sell,224175279
2024-07-18 10:12:50,17800.0,100,Sell,224176069
2024-07-18 10:12:50,17800.0,500,Sell,224176068
2024-07-18 10:12:50,17800.0,2600,Sell,224176070
2024-07-18 10:12:50,17800.0,400,Sell,224176066
2024-07-18 10:12:50,17800.0,1100,Sell,224176065
2024-07-18 10:12:50,17800.0,300,Sell,224176067
2024-07-18 10:13:42,17800.0,400,Sell,224177428
2024-07-18 10:13:42,17800.0,1200,Sell,224177429
2024-07-18 10:13:46,17800.0,100,Sell,224177505
2024-07-18 10:13:52,17800.0,700,Sell,224177655
2024-07-18 10:13:52,17800.0,300,Sell,224177656
2024-07-18 10:14:04,17800.0,1600,Sell,224177973
2024-07-18 10:14:04,17800.0,100,Sell,224177972
2024-07-18 10:14:04,17800.0,700,Sell,224177971
2024-07-18 10:14:13,17850.0,1300,Buy,224178141
2024-07-18 10:14:13,17850.0,700,Buy,224178142
2024-07-18 10:14:15,17850.0,300,Buy,224178213
2024-07-18 10:14:15,17850.0,100,Buy,224178214
2024-07-18 10:14:15,17850.0,1200,Buy,224178215
2024-07-18 10:14:15,17850.0,200,Buy,224178216
2024-07-18 10:14:22,17850.0,800,Buy,224178515
2024-07-18 10:15:00,17900.0,500,Buy,224179492
2024-07-18 10:15:00,17900.0,300,Buy,224179491
2024-07-18 10:15:00,17900.0,1000,Buy,224179493
2024-07-18 10:15:08,17850.0,100,Sell,224179788
2024-07-18 10:15:08,17850.0,1000,Sell,224179785
2024-07-18 10:15:08,17850.0,5000,Sell,224179786
2024-07-18 10:15:08,17850.0,200,Sell,224179787
2024-07-18 10:15:32,17850.0,600,Buy,224180382
2024-07-18 10:15:47,17850.0,100,Buy,224180812
2024-07-18 10:15:54,17850.0,1000,Buy,224181015
2024-07-18 10:16:11,17850.0,100,Buy,224181366
2024-07-18 10:16:52,17850.0,3000,Buy,224182519
2024-07-18 10:17:20,17850.0,1000,Buy,224183151
2024-07-18 10:17:40,17850.0,2500,Buy,224183557
2024-07-18 10:17:57,17850.0,800,Buy,224183950
2024-07-18 10:18:19,17850.0,200,Buy,224184397
2024-07-18 10:18:19,17850.0,100,Buy,224184386
2024-07-18 10:18:19,17850.0,100,Buy,224184385
2024-07-18 10:18:45,17850.0,10000,Buy,224185012
2024-07-18 10:18:52,17850.0,500,Buy,224185124
2024-07-18 10:19:01,17800.0,100,Sell,224185307
2024-07-18 10:19:39,17850.0,100,Buy,224186305
2024-07-18 10:19:42,17800.0,1100,Sell,224186412
2024-07-18 10:19:42,17800.0,500,Sell,224186413
2024-07-18 10:19:42,17800.0,1000,Sell,224186414
2024-07-18 10:19:42,17800.0,400,Sell,224186415
2024-07-18 10:19:51,17850.0,100,Buy,224186567
2024-07-18 10:19:54,17800.0,1000,Sell,224186629
2024-07-18 10:20:17,17800.0,200,Sell,224187060
2024-07-18 10:20:35,17800.0,1000,Sell,224187492
2024-07-18 10:20:41,17800.0,100,Sell,224187637
2024-07-18 10:20:48,17800.0,700,Sell,224187824
2024-07-18 10:20:48,17800.0,300,Sell,224187823
2024-07-18 10:20:54,17850.0,100,Buy,224187930
2024-07-18 10:21:03,17850.0,400,Buy,224188167
2024-07-18 10:21:03,17850.0,600,Buy,224188168
2024-07-18 10:21:46,17850.0,200,Buy,224189134
2024-07-18 10:21:50,17850.0,1000,Buy,224189227
2024-07-18 10:22:17,17850.0,200,Buy,224189766
2024-07-18 10:22:21,17850.0,500,Buy,224189845
2024-07-18 10:22:26,17850.0,2700,Buy,224189948
2024-07-18 10:22:32,17850.0,5000,Buy,224190038
2024-07-18 10:23:01,17850.0,10000,Buy,224190643
2024-07-18 10:23:05,17850.0,10000,Buy,224190694
2024-07-18 10:23:06,17800.0,2800,Sell,224190720
2024-07-18 10:23:06,17800.0,100,Sell,224190719
2024-07-18 10:23:06,17800.0,100,Sell,224190717
2024-07-18 10:23:06,17800.0,300,Sell,224190716
2024-07-18 10:23:06,17800.0,1000,Sell,224190718
2024-07-18 10:23:09,17850.0,1000,Buy,224190776
2024-07-18 10:23:16,17850.0,5800,Buy,224190929
2024-07-18 10:23:16,17850.0,300,Buy,224190930
2024-07-18 10:23:16,17850.0,1000,Buy,224190931
2024-07-18 10:23:16,17850.0,1000,Buy,224190932
2024-07-18 10:23:16,17850.0,2000,Buy,224190933
2024-07-18 10:23:16,17850.0,600,Buy,224190934
2024-07-18 10:23:16,17850.0,1000,Buy,224190935
2024-07-18 10:23:21,17850.0,8300,Sell,224191015
2024-07-18 10:23:28,17850.0,1000,Buy,224191128
2024-07-18 10:23:58,17850.0,200,Buy,224191681
2024-07-18 10:23:59,17850.0,10000,Buy,224191721
2024-07-18 10:24:05,17850.0,100,Buy,224191846
2024-07-18 10:24:05,17850.0,500,Buy,224191845
2024-07-18 10:24:17,17850.0,400,Sell,224192108
2024-07-18 10:24:25,17850.0,600,Buy,224192246
2024-07-18 10:24:40,17850.0,2000,Sell,224192556
2024-07-18 10:24:40,17850.0,1000,Sell,224192557
2024-07-18 10:24:42,17850.0,1000,Buy,224192578
2024-07-18 10:24:45,17850.0,700,Buy,224192769
2024-07-18 10:24:57,17850.0,600,Buy,224192976
2024-07-18 10:25:07,17850.0,4700,Buy,224193148
2024-07-18 10:25:37,17850.0,300,Sell,224193703
2024-07-18 10:27:24,17900.0,200,Buy,224195626
2024-07-18 10:27:24,17900.0,1000,Buy,224195627
2024-07-18 10:27:24,17900.0,3800,Buy,224195628
2024-07-18 10:27:53,17900.0,1600,Buy,224196148
2024-07-18 10:27:53,17900.0,200,Buy,224196147
2024-07-18 10:27:53,17900.0,2000,Buy,224196146
2024-07-18 10:27:53,17900.0,200,Buy,224196145
2024-07-18 10:27:54,17900.0,100,Buy,224196178
2024-07-18 10:27:54,17900.0,500,Buy,224196179
2024-07-18 10:27:54,17900.0,100,Buy,224196180
2024-07-18 10:27:54,17900.0,900,Buy,224196181
2024-07-18 10:27:54,17900.0,2100,Buy,224196182
2024-07-18 10:28:12,17900.0,400,Buy,224196475
2024-07-18 10:28:12,17900.0,300,Buy,224196476
2024-07-18 10:28:12,17900.0,2300,Buy,224196477
2024-07-18 10:28:14,17900.0,100,Buy,224196503
2024-07-18 10:28:16,17900.0,500,Buy,224196563
2024-07-18 10:28:36,17900.0,100,Buy,224196932
2024-07-18 10:29:10,17900.0,300,Buy,224197526
2024-07-18 10:29:10,17900.0,100,Buy,224197525
2024-07-18 10:29:10,17900.0,1000,Buy,224197522
2024-07-18 10:29:10,17900.0,1600,Buy,224197523
2024-07-18 10:29:10,17900.0,1000,Buy,224197524
2024-07-18 10:29:25,17850.0,500,Sell,224197801
2024-07-18 10:29:50,17900.0,200,Buy,224198354
2024-07-18 10:31:05,17900.0,600,Buy,224199952
2024-07-18 10:31:14,17850.0,2000,Buy,224200082
2024-07-18 10:31:14,17850.0,300,Sell,224200073
2024-07-18 10:31:14,17850.0,500,Sell,224200072
2024-07-18 10:31:14,17850.0,1000,Sell,224200071
2024-07-18 10:31:14,17850.0,100,Sell,224200070
2024-07-18 10:31:14,17850.0,200,Sell,224200069
2024-07-18 10:31:14,17850.0,300,Sell,224200068
2024-07-18 10:31:14,17850.0,2900,Sell,224200067
2024-07-18 10:31:14,17850.0,5000,Sell,224200066
2024-07-18 10:31:14,17850.0,1000,Sell,224200064
2024-07-18 10:31:14,17850.0,200,Sell,224200063
2024-07-18 10:31:14,17850.0,100,Sell,224200062
2024-07-18 10:31:14,17850.0,300,Sell,224200061
2024-07-18 10:31:14,17850.0,100,Sell,224200060
2024-07-18 10:31:14,17850.0,1000,Sell,224200059
2024-07-18 10:31:14,17850.0,5000,Sell,224200058
2024-07-18 10:31:14,17850.0,100,Sell,224200057
2024-07-18 10:31:14,17850.0,4500,Sell,224200056
2024-07-18 10:31:14,17850.0,2000,Sell,224200065
2024-07-18 10:31:19,17850.0,1500,Buy,224200145
2024-07-18 10:31:35,17850.0,100,Buy,224200507
2024-07-18 10:31:52,17850.0,21800,Buy,224200773
2024-07-18 10:32:16,17850.0,200,Sell,224201156
2024-07-18 10:33:05,17850.0,7100,Sell,224202025
2024-07-18 10:33:06,17850.0,1000,Sell,224202029
2024-07-18 10:33:06,17850.0,3300,Sell,224202031
2024-07-18 10:33:06,17850.0,200,Sell,224202028
2024-07-18 10:33:06,17850.0,200,Sell,224202030
2024-07-18 10:33:28,17850.0,700,Buy,224202336
2024-07-18 10:33:45,17850.0,2500,Buy,224202737
2024-07-18 10:33:56,17800.0,1000,Sell,224202929
2024-07-18 10:34:06,17800.0,1200,Sell,224203178
2024-07-18 10:34:06,17800.0,600,Sell,224203179
2024-07-18 10:34:06,17800.0,2000,Sell,224203180
2024-07-18 10:34:06,17800.0,100,Sell,224203181
2024-07-18 10:34:06,17800.0,200,Sell,224203182
2024-07-18 10:34:06,17800.0,200,Sell,224203183
2024-07-18 10:34:06,17800.0,1000,Sell,224203184
2024-07-18 10:34:06,17800.0,100,Sell,224203185
2024-07-18 10:35:34,17800.0,400,Sell,224204948
2024-07-18 10:35:34,17800.0,100,Sell,224204949
2024-07-18 10:35:34,17800.0,100,Sell,224204950
2024-07-18 10:35:59,17800.0,100,Sell,224205322
2024-07-18 10:35:59,17850.0,100,Buy,224205321
2024-07-18 10:37:11,17850.0,3900,Buy,224206659
2024-07-18 10:37:25,17850.0,10000,Buy,224206997
2024-07-18 10:37:25,17800.0,400,Sell,224207018
2024-07-18 10:37:25,17800.0,100,Sell,224207019
2024-07-18 10:37:25,17800.0,1200,Sell,224207020
2024-07-18 10:37:25,17800.0,100,Sell,224207021
2024-07-18 10:37:25,17800.0,600,Sell,224207022
2024-07-18 10:37:25,17800.0,900,Sell,224207023
2024-07-18 10:37:25,17800.0,400,Sell,224207024
2024-07-18 10:37:25,17800.0,200,Sell,224207025
2024-07-18 10:37:25,17800.0,300,Sell,224207026
2024-07-18 10:37:25,17800.0,1200,Sell,224207027
2024-07-18 10:37:57,17850.0,100,Buy,224207551
2024-07-18 10:39:12,17800.0,2500,Sell,224208640
2024-07-18 10:39:28,17800.0,1300,Sell,224209027
2024-07-18 10:39:28,17800.0,3700,Sell,224209028
2024-07-18 10:40:57,17800.0,8000,Sell,224210433
2024-07-18 10:41:13,17850.0,500,Buy,224210671
2024-07-18 10:42:37,17800.0,800,Sell,224211787
2024-07-18 10:42:43,17850.0,2000,Buy,224211840
2024-07-18 10:44:08,17800.0,100,Sell,224212965
2024-07-18 10:44:38,17800.0,100,Sell,224213364
2024-07-18 10:46:20,17850.0,1000,Buy,224214583
2024-07-18 10:46:34,17850.0,200,Buy,224214750
2024-07-18 10:48:33,17850.0,500,Buy,224216435
2024-07-18 10:48:44,17850.0,300,Buy,224216560
2024-07-18 10:48:54,17850.0,100,Buy,224216737
2024-07-18 10:50:24,17800.0,500,Sell,224218107
2024-07-18 10:51:22,17800.0,100,Sell,224218858
2024-07-18 10:51:23,17850.0,100,Buy,224218877
2024-07-18 10:51:39,17850.0,600,Buy,224219141
2024-07-18 10:52:30,17850.0,500,Buy,224219906
2024-07-18 10:53:11,17850.0,100,Buy,224220532
2024-07-18 10:54:17,17850.0,200,Buy,224221323
2024-07-18 10:54:54,17850.0,200,Buy,224221728
2024-07-18 10:55:16,17850.0,600,Buy,224221960
2024-07-18 10:56:39,17850.0,300,Buy,224223048
2024-07-18 10:56:50,17850.0,2000,Buy,224223217
2024-07-18 10:59:43,17850.0,100,Buy,224225703
2024-07-18 11:00:50,17850.0,100,Buy,224226939
2024-07-18 11:01:06,17850.0,2000,Buy,224227293
2024-07-18 11:01:08,17850.0,100,Buy,224227316
2024-07-18 11:02:36,17800.0,1000,Sell,224228852
2024-07-18 11:04:22,17800.0,100,Sell,224231276
2024-07-18 11:04:39,17800.0,200,Sell,224231826
2024-07-18 11:04:48,17800.0,1000,Sell,224232043
2024-07-18 11:05:31,17800.0,400,Sell,224233219
2024-07-18 11:06:37,17800.0,400,Sell,224234574
2024-07-18 11:07:40,17800.0,100,Sell,224235725
2024-07-18 11:07:56,17800.0,1000,Sell,224236122
2024-07-18 11:07:56,17800.0,400,Sell,224236123
2024-07-18 11:07:56,17800.0,500,Sell,224236124
2024-07-18 11:07:56,17800.0,500,Sell,224236125
2024-07-18 11:07:56,17800.0,100,Sell,224236126
2024-07-18 11:07:56,17800.0,100,Sell,224236127
2024-07-18 11:07:56,17800.0,1000,Sell,224236128
2024-07-18 11:07:56,17800.0,400,Sell,224236129
2024-07-18 11:07:56,17800.0,500,Sell,224236132
2024-07-18 11:07:56,17800.0,100,Sell,224236133
2024-07-18 11:07:56,17800.0,200,Sell,224236134
2024-07-18 11:07:56,17800.0,200,Sell,224236135
2024-07-18 11:08:09,17850.0,1800,Buy,224236328
2024-07-18 11:08:15,17850.0,300,Buy,224236554
2024-07-18 11:08:17,17850.0,800,Buy,224236605
2024-07-18 11:09:43,17800.0,400,Sell,224238671
2024-07-18 11:10:32,17850.0,600,Buy,224239748
2024-07-18 11:10:56,17800.0,200,Sell,224240170
2024-07-18 11:12:17,17800.0,1000,Sell,224241785
2024-07-18 11:13:05,17800.0,300,Sell,224242758
2024-07-18 11:13:13,17800.0,2000,Sell,224242877
2024-07-18 11:13:17,17800.0,700,Sell,224242950
2024-07-18 11:13:25,17800.0,100,Sell,224243035
2024-07-18 11:13:30,17800.0,700,Sell,224243153
2024-07-18 11:13:30,17800.0,200,Sell,224243154
2024-07-18 11:13:30,17800.0,100,Sell,224243155
2024-07-18 11:14:42,17800.0,1800,Sell,224244707
2024-07-18 11:14:42,17800.0,2000,Sell,224244706
2024-07-18 11:14:42,17800.0,200,Sell,224244705
2024-07-18 11:14:44,17800.0,400,Sell,224244775
2024-07-18 11:14:44,17800.0,500,Sell,224244776
2024-07-18 11:14:44,17800.0,1000,Sell,224244777
2024-07-18 11:14:44,17800.0,1000,Sell,224244778
2024-07-18 11:14:44,17800.0,100,Sell,224244779
2024-07-18 11:14:44,17800.0,500,Sell,224244780
2024-07-18 11:14:44,17800.0,1000,Sell,224244781
2024-07-18 11:14:44,17800.0,1000,Sell,224244782
2024-07-18 11:14:44,17800.0,100,Sell,224244783
2024-07-18 11:14:44,17800.0,1500,Sell,224244784
2024-07-18 11:14:44,17800.0,100,Sell,224244785
2024-07-18 11:14:44,17800.0,100,Sell,224244786
2024-07-18 11:14:44,17800.0,10000,Sell,224244787
2024-07-18 11:14:44,17800.0,5000,Sell,224244788
2024-07-18 11:14:44,17800.0,10000,Sell,224244789
2024-07-18 11:14:44,17800.0,300,Sell,224244791
2024-07-18 11:14:44,17800.0,1000,Sell,224244792
2024-07-18 11:14:44,17800.0,2000,Sell,224244793
2024-07-18 11:14:44,17800.0,20000,Sell,224244794
2024-07-18 11:14:44,17800.0,200,Sell,224244795
2024-07-18 11:14:44,17800.0,2000,Sell,224244796
2024-07-18 11:14:44,17800.0,200,Sell,224244797
2024-07-18 11:14:44,17800.0,200,Sell,224244798
2024-07-18 11:14:44,17800.0,100,Sell,224244799
2024-07-18 11:14:44,17800.0,3000,Sell,224244800
2024-07-18 11:14:44,17800.0,600,Sell,224244801
2024-07-18 11:14:44,17800.0,2500,Sell,224244802
2024-07-18 11:14:44,17800.0,200,Sell,224244790
2024-07-18 11:14:44,17800.0,100,Sell,224244774
2024-07-18 11:14:44,17800.0,200,Sell,224244755
2024-07-18 11:14:44,17800.0,2000,Sell,224244772
2024-07-18 11:14:44,17800.0,2000,Sell,224244744
2024-07-18 11:14:44,17800.0,2000,Sell,224244745
2024-07-18 11:14:44,17800.0,2000,Sell,224244746
2024-07-18 11:14:44,17800.0,1000,Sell,224244747
2024-07-18 11:14:44,17800.0,1000,Sell,224244748
2024-07-18 11:14:44,17800.0,100,Sell,224244773
2024-07-18 11:14:44,17800.0,500,Sell,224244750
2024-07-18 11:14:44,17800.0,10000,Sell,224244751
2024-07-18 11:14:44,17800.0,500,Sell,224244752
2024-07-18 11:14:44,17800.0,300,Sell,224244753
2024-07-18 11:14:44,17800.0,100,Sell,224244754
2024-07-18 11:14:44,17800.0,200,Sell,224244743
2024-07-18 11:14:44,17800.0,100,Sell,224244756
2024-07-18 11:14:44,17800.0,200,Sell,224244757
2024-07-18 11:14:44,17800.0,100,Sell,224244749
2024-07-18 11:14:44,17800.0,200,Sell,224244759
2024-07-18 11:14:44,17800.0,1500,Sell,224244760
2024-07-18 11:14:44,17800.0,200,Sell,224244761
2024-07-18 11:14:44,17800.0,200,Sell,224244762
2024-07-18 11:14:44,17800.0,500,Sell,224244763
2024-07-18 11:14:44,17800.0,300,Sell,224244764
2024-07-18 11:14:44,17800.0,6400,Sell,224244765
2024-07-18 11:14:44,17800.0,1000,Sell,224244766
2024-07-18 11:14:44,17800.0,100,Sell,224244767
2024-07-18 11:14:44,17800.0,1000,Sell,224244768
2024-07-18 11:14:44,17800.0,100,Sell,224244769
2024-07-18 11:14:44,17800.0,100,Sell,224244770
2024-07-18 11:14:44,17800.0,400,Sell,224244771
2024-07-18 11:14:44,17800.0,1000,Sell,224244758
2024-07-18 11:15:18,17800.0,2000,Sell,224245626
2024-07-18 11:15:49,17800.0,600,Sell,224246497
2024-07-18 11:15:49,17800.0,100,Sell,224246496
2024-07-18 11:15:49,17800.0,500,Sell,224246495
2024-07-18 11:16:13,17800.0,4000,Sell,224247073
2024-07-18 11:16:16,17800.0,400,Sell,224247144
2024-07-18 11:16:16,17800.0,500,Sell,224247145
2024-07-18 11:16:16,17800.0,700,Sell,224247146
2024-07-18 11:16:16,17800.0,400,Sell,224247147
2024-07-18 11:16:23,17850.0,200,Buy,224247404
2024-07-18 11:16:59,17850.0,5400,Buy,224248171
2024-07-18 11:17:00,17800.0,100,Sell,224248209
2024-07-18 11:17:42,17800.0,200,Sell,224248982
2024-07-18 11:18:01,17800.0,500,Sell,224249590
2024-07-18 11:18:28,17800.0,1500,Sell,224250237
2024-07-18 11:18:59,17800.0,200,Sell,224250846
2024-07-18 11:18:59,17800.0,200,Sell,224250845
2024-07-18 11:18:59,17800.0,100,Sell,224250842
2024-07-18 11:18:59,17800.0,100,Sell,224250843
2024-07-18 11:18:59,17800.0,200,Sell,224250844
2024-07-18 11:18:59,17800.0,200,Sell,224250840
2024-07-18 11:19:15,17800.0,1000,Sell,224251144
2024-07-18 11:19:15,17800.0,100,Sell,224251159
2024-07-18 11:19:15,17800.0,10000,Sell,224251158
2024-07-18 11:19:15,17800.0,200,Sell,224251157
2024-07-18 11:19:15,17800.0,5400,Sell,224251156
2024-07-18 11:19:15,17800.0,5000,Sell,224251155
2024-07-18 11:19:15,17800.0,100,Sell,224251154
2024-07-18 11:19:15,17800.0,400,Sell,224251153
2024-07-18 11:19:15,17800.0,1000,Sell,224251152
2024-07-18 11:19:15,17800.0,200,Sell,224251150
2024-07-18 11:19:15,17800.0,2000,Sell,224251149
2024-07-18 11:19:15,17800.0,1000,Sell,224251148
2024-07-18 11:19:15,17800.0,1000,Sell,224251147
2024-07-18 11:19:15,17800.0,100,Sell,224251146
2024-07-18 11:19:15,17800.0,100,Sell,224251145
2024-07-18 11:19:15,17800.0,100,Buy,224251174
2024-07-18 11:19:15,17800.0,500,Sell,224251151
2024-07-18 11:20:58,17750.0,500,Sell,224253276
2024-07-18 11:20:58,17750.0,100,Sell,224253274
2024-07-18 11:20:58,17750.0,400,Sell,224253275
2024-07-18 11:21:15,17750.0,200,Sell,224253611
2024-07-18 11:21:15,17750.0,100,Sell,224253612
2024-07-18 11:21:15,17750.0,400,Sell,224253613
2024-07-18 11:21:15,17750.0,100,Sell,224253614
2024-07-18 11:21:15,17750.0,100,Sell,224253615
2024-07-18 11:21:15,17750.0,500,Sell,224253616
2024-07-18 11:21:15,17750.0,200,Sell,224253617
2024-07-18 11:21:15,17750.0,500,Sell,224253618
2024-07-18 11:21:15,17750.0,100,Sell,224253619
2024-07-18 11:21:15,17750.0,100,Sell,224253620
2024-07-18 11:21:15,17750.0,800,Sell,224253622
2024-07-18 11:21:15,17750.0,200,Sell,224253623
2024-07-18 11:21:15,17750.0,5000,Sell,224253624
2024-07-18 11:21:15,17750.0,5000,Sell,224253625
2024-07-18 11:21:15,17750.0,100,Sell,224253626
2024-07-18 11:21:15,17750.0,200,Sell,224253610
2024-07-18 11:21:15,17750.0,100,Sell,224253629
2024-07-18 11:21:15,17750.0,100,Sell,224253630
2024-07-18 11:21:15,17750.0,2000,Sell,224253631
2024-07-18 11:21:15,17750.0,500,Sell,224253621
2024-07-18 11:21:15,17750.0,100,Sell,224253609
2024-07-18 11:21:15,17750.0,100,Sell,224253628
2024-07-18 11:21:15,17750.0,100,Sell,224253607
2024-07-18 11:21:15,17750.0,1000,Sell,224253608
2024-07-18 11:21:15,17750.0,500,Sell,224253587
2024-07-18 11:21:15,17750.0,100,Sell,224253588
2024-07-18 11:21:15,17750.0,10000,Sell,224253589
2024-07-18 11:21:15,17750.0,20000,Sell,224253590
2024-07-18 11:21:15,17750.0,500,Sell,224253591
2024-07-18 11:21:15,17750.0,2000,Sell,224253592
2024-07-18 11:21:15,17750.0,10000,Sell,224253593
2024-07-18 11:21:15,17750.0,300,Sell,224253594
2024-07-18 11:21:15,17750.0,1000,Sell,224253595
2024-07-18 11:21:15,17750.0,10000,Sell,224253627
2024-07-18 11:21:15,17750.0,100,Sell,224253597
2024-07-18 11:21:15,17750.0,200,Sell,224253605
2024-07-18 11:21:15,17750.0,100,Sell,224253604
2024-07-18 11:21:15,17750.0,200,Sell,224253603
2024-07-18 11:21:15,17750.0,500,Sell,224253602
2024-07-18 11:21:15,17750.0,100,Sell,224253606
2024-07-18 11:21:15,17750.0,500,Sell,224253601
2024-07-18 11:21:15,17750.0,1000,Sell,224253598
2024-07-18 11:21:15,17750.0,100,Sell,224253596
2024-07-18 11:21:15,17750.0,100,Sell,224253600
2024-07-18 11:21:15,17750.0,100,Sell,224253599
2024-07-18 11:22:02,17750.0,500,Sell,224254539
2024-07-18 11:22:19,17750.0,500,Sell,224254831
2024-07-18 11:24:52,17750.0,1500,Sell,224257472
2024-07-18 11:25:03,17750.0,500,Sell,224257732
2024-07-18 11:25:03,17750.0,100,Sell,224257733
2024-07-18 11:25:03,17750.0,500,Sell,224257734
2024-07-18 11:25:03,17750.0,6900,Sell,224257735
2024-07-18 11:26:06,17750.0,1100,Sell,224259084
2024-07-18 11:27:05,17800.0,3400,Buy,224260120
2024-07-18 11:27:08,17750.0,4800,Sell,224260180
2024-07-18 11:27:08,17750.0,200,Sell,224260179
2024-07-18 11:27:35,17750.0,2000,Sell,224260623
2024-07-18 11:27:43,17750.0,3000,Sell,224260761
2024-07-18 11:28:41,17750.0,1000,Sell,224261835
2024-07-18 11:29:29,17800.0,2000,Buy,224262665
2024-07-18 12:59:39,17800.0,100,Buy,224262864
2024-07-18 12:59:39,17750.0,300,Sell,224263017
2024-07-18 12:59:39,17800.0,100,Buy,224263018
2024-07-18 12:59:41,17800.0,600,Buy,224263799
2024-07-18 12:59:41,17800.0,200,Buy,224263800
2024-07-18 12:59:41,17800.0,100,Buy,224263801
2024-07-18 12:59:42,17800.0,100,Buy,224264359
2024-07-18 12:59:46,17750.0,500,Sell,224265782
2024-07-18 12:59:47,17800.0,200,Buy,224266180
2024-07-18 12:59:48,17750.0,38400,Sell,224266427
2024-07-18 12:59:48,17750.0,2000,Sell,224266428
2024-07-18 12:59:48,17750.0,500,Sell,224266429
2024-07-18 12:59:48,17750.0,1200,Sell,224266430
2024-07-18 12:59:48,17750.0,300,Sell,224266431
2024-07-18 12:59:48,17750.0,200,Sell,224266432
2024-07-18 12:59:48,17750.0,500,Sell,224266433
2024-07-18 12:59:48,17750.0,100,Sell,224266434
2024-07-18 12:59:48,17750.0,6800,Sell,224266435
2024-07-18 12:59:48,17750.0,1100,Sell,224266436
2024-07-18 12:59:50,17750.0,600,Sell,224267084
2024-07-18 12:59:51,17800.0,200,Buy,224267313
2024-07-18 12:59:52,17800.0,300,Buy,224267344
2024-07-18 12:59:58,17750.0,1500,Sell,224268248
2024-07-18 12:59:58,17750.0,1000,Sell,224268249
2024-07-18 12:59:58,17750.0,1500,Sell,224268250
2024-07-18 12:59:58,17750.0,300,Sell,224268251
2024-07-18 12:59:58,17750.0,100,Sell,224268252
2024-07-18 12:59:58,17750.0,100,Sell,224268253
2024-07-18 12:59:58,17750.0,500,Sell,224268254
2024-07-18 12:59:59,17800.0,500,Buy,224268352
2024-07-18 13:00:14,17800.0,100,Buy,224269598
2024-07-18 13:00:14,17800.0,1000,Buy,224269611
2024-07-18 13:00:39,17750.0,200,Sell,224270456
2024-07-18 13:00:39,17750.0,500,Sell,224270455
2024-07-18 13:00:54,17750.0,1500,Sell,224270903
2024-07-18 13:00:58,17750.0,100,Sell,224271026
2024-07-18 13:00:58,17750.0,500,Sell,224271024
2024-07-18 13:00:58,17750.0,300,Sell,224271023
2024-07-18 13:00:58,17750.0,100,Sell,224271025
2024-07-18 13:01:42,17750.0,400,Sell,224272528
2024-07-18 13:01:42,17750.0,2200,Sell,224272529
2024-07-18 13:01:42,17750.0,2000,Sell,224272533
2024-07-18 13:01:42,17750.0,900,Sell,224272527
2024-07-18 13:02:20,17750.0,300,Sell,224273982
2024-07-18 13:02:49,17750.0,100,Sell,224275257
2024-07-18 13:02:58,17750.0,100,Sell,224275523
2024-07-18 13:02:58,17750.0,100,Sell,224275522
2024-07-18 13:02:58,17750.0,100,Sell,224275525
2024-07-18 13:02:58,17750.0,500,Sell,224275520
2024-07-18 13:02:58,17750.0,1900,Sell,224275519
2024-07-18 13:02:58,17750.0,100,Sell,224275521
2024-07-18 13:02:58,17750.0,200,Sell,224275524
2024-07-18 13:03:16,17750.0,100,Sell,224276826
2024-07-18 13:04:12,17750.0,100,Sell,224279072
2024-07-18 13:04:12,17750.0,100,Sell,224279073
2024-07-18 13:04:59,17750.0,1900,Sell,224280969
2024-07-18 13:04:59,17750.0,100,Sell,224280970
2024-07-18 13:05:03,17750.0,400,Sell,224281137
2024-07-18 13:05:03,17750.0,100,Sell,224281138
2024-07-18 13:05:11,17750.0,100,Sell,224281534
2024-07-18 13:05:35,17750.0,1500,Sell,224282624
2024-07-18 13:05:52,17750.0,500,Sell,224283420
2024-07-18 13:05:59,17750.0,100,Sell,224283738
2024-07-18 13:06:16,17750.0,200,Sell,224284512
2024-07-18 13:06:16,17750.0,2800,Sell,224284511
2024-07-18 13:07:05,17750.0,300,Sell,224286715
2024-07-18 13:07:05,17750.0,100,Sell,224286723
2024-07-18 13:07:05,17750.0,600,Sell,224286724
2024-07-18 13:07:37,17750.0,3400,Sell,224288089
2024-07-18 13:07:37,17750.0,500,Sell,224288090
2024-07-18 13:07:37,17750.0,100,Sell,224288091
2024-07-18 13:07:37,17750.0,500,Sell,224288092
2024-07-18 13:07:37,17750.0,100,Sell,224288093
2024-07-18 13:07:37,17750.0,200,Sell,224288094
2024-07-18 13:07:37,17750.0,500,Sell,224288095
2024-07-18 13:07:37,17750.0,2200,Sell,224288096
2024-07-18 13:08:00,17750.0,500,Sell,224289387
2024-07-18 13:08:06,17750.0,4300,Sell,224289651
2024-07-18 13:08:06,17750.0,2700,Sell,224289647
2024-07-18 13:08:06,17750.0,1000,Sell,224289650
2024-07-18 13:08:19,17750.0,1100,Sell,224290086
2024-07-18 13:08:19,17750.0,500,Sell,224290087
2024-07-18 13:08:19,17750.0,1000,Sell,224290088
2024-07-18 13:08:19,17750.0,400,Sell,224290089
2024-07-18 13:08:19,17750.0,500,Sell,224290090
2024-07-18 13:08:19,17750.0,400,Sell,224290091
2024-07-18 13:08:19,17750.0,10000,Sell,224290092
2024-07-18 13:08:19,17750.0,500,Sell,224290093
2024-07-18 13:08:19,17750.0,600,Sell,224290094
2024-07-18 13:08:20,17750.0,300,Sell,224290121
2024-07-18 13:08:24,17750.0,900,Sell,224290300
2024-07-18 13:08:24,17750.0,100,Sell,224290299
2024-07-18 13:08:24,17750.0,100,Sell,224290297
2024-07-18 13:08:24,17750.0,100,Sell,224290298
2024-07-18 13:08:34,17750.0,200,Sell,224290718
2024-07-18 13:08:34,17750.0,3000,Sell,224290717
2024-07-18 13:08:34,17750.0,5400,Sell,224290716
2024-07-18 13:08:34,17750.0,100,Sell,224290715
2024-07-18 13:08:34,17750.0,300,Sell,224290714
2024-07-18 13:08:34,17750.0,1500,Sell,224290713
2024-07-18 13:08:34,17750.0,300,Sell,224290712
2024-07-18 13:08:35,17750.0,3500,Buy,224290768
2024-07-18 13:08:35,17750.0,9700,Buy,224290779
2024-07-18 13:08:43,17750.0,500,Sell,224291172
2024-07-18 13:09:04,17750.0,3100,Sell,224291930
2024-07-18 13:09:04,17750.0,200,Sell,224291931
2024-07-18 13:09:05,17750.0,100,Buy,224291968
2024-07-18 13:09:08,17750.0,5400,Buy,224292062
2024-07-18 13:09:12,17750.0,200,Buy,224292275
2024-07-18 13:09:24,17750.0,100,Buy,224292683
2024-07-18 13:09:57,17750.0,10000,Buy,224293930
2024-07-18 13:10:16,17750.0,5400,Buy,224294638
2024-07-18 13:10:17,17750.0,1000,Buy,224294679
2024-07-18 13:10:25,17750.0,5000,Buy,224294927
2024-07-18 13:10:38,17750.0,100,Buy,224295407
2024-07-18 13:10:42,17750.0,300,Buy,224295558
2024-07-18 13:10:54,17750.0,5000,Buy,224295985
2024-07-18 13:10:58,17750.0,2000,Buy,224296128
2024-07-18 13:10:59,17750.0,600,Buy,224296147
2024-07-18 13:11:01,17750.0,5000,Buy,224296189
2024-07-18 13:11:04,17750.0,2000,Buy,224296258
2024-07-18 13:11:12,17750.0,100,Buy,224296558
2024-07-18 13:11:14,17750.0,100,Buy,224296623
2024-07-18 13:11:15,17750.0,3000,Buy,224296677
2024-07-18 13:11:20,17750.0,100,Buy,224296838
2024-07-18 13:11:21,17750.0,1500,Buy,224296875
2024-07-18 13:11:21,17750.0,3500,Buy,224296876
2024-07-18 13:11:25,17750.0,500,Buy,224296963
2024-07-18 13:11:25,17750.0,1000,Buy,224296961
2024-07-18 13:11:25,17750.0,1000,Buy,224296960
2024-07-18 13:11:25,17750.0,500,Buy,224296962
2024-07-18 13:11:28,17750.0,2000,Buy,224297042
2024-07-18 13:11:48,17750.0,500,Sell,224297830
2024-07-18 13:12:32,17750.0,100,Sell,224299390
2024-07-18 13:12:39,17750.0,100,Sell,224299640
2024-07-18 13:12:51,17750.0,2000,Sell,224300096
2024-07-18 13:12:58,17750.0,14100,Sell,224300304
2024-07-18 13:13:02,17750.0,500,Sell,224300461
2024-07-18 13:13:02,17750.0,300,Sell,224300460
2024-07-18 13:13:02,17750.0,4300,Sell,224300463
2024-07-18 13:13:02,17750.0,100,Sell,224300458
2024-07-18 13:13:02,17750.0,1000,Sell,224300457
2024-07-18 13:13:02,17750.0,1200,Sell,224300456
2024-07-18 13:13:02,17750.0,500,Sell,224300459
2024-07-18 13:13:02,17750.0,100,Sell,224300462
2024-07-18 13:13:21,17750.0,100,Sell,224301029
2024-07-18 13:14:05,17750.0,1200,Sell,224302213
2024-07-18 13:15:36,17800.0,37900,Buy,224305118
2024-07-18 13:15:36,17800.0,500,Buy,224305119
2024-07-18 13:15:36,17800.0,11600,Buy,224305120
2024-07-18 13:15:37,17800.0,100,Buy,224305170
2024-07-18 13:15:44,17750.0,400,Sell,224305375
2024-07-18 13:15:44,17750.0,200,Sell,224305376
2024-07-18 13:15:44,17750.0,500,Sell,224305377
2024-07-18 13:15:44,17750.0,900,Sell,224305378
2024-07-18 13:15:52,17750.0,4000,Sell,224305618
2024-07-18 13:15:55,17750.0,100,Sell,224305774
2024-07-18 13:15:55,17750.0,500,Sell,224305773
2024-07-18 13:16:07,17750.0,400,Sell,224306097
2024-07-18 13:16:54,17800.0,500,Buy,224307407
2024-07-18 13:17:39,17800.0,1000,Buy,224308815
2024-07-18 13:18:38,17800.0,500,Buy,224310310
2024-07-18 13:18:43,17750.0,5000,Sell,224310417
2024-07-18 13:18:43,17750.0,1000,Sell,224310418
2024-07-18 13:18:43,17750.0,200,Sell,224310419
2024-07-18 13:18:43,17750.0,1300,Sell,224310420
2024-07-18 13:18:43,17750.0,500,Sell,224310413
2024-07-18 13:19:21,17750.0,4100,Sell,224311607
2024-07-18 13:19:21,17750.0,1000,Sell,224311608
2024-07-18 13:19:21,17750.0,4900,Sell,224311609
2024-07-18 13:19:24,17750.0,200,Sell,224311677
2024-07-18 13:19:26,17750.0,3600,Sell,224311736
2024-07-18 13:19:34,17750.0,3600,Sell,224311934
2024-07-18 13:21:04,17750.0,300,Sell,224315086
2024-07-18 13:21:04,17750.0,15000,Sell,224315107
2024-07-18 13:21:25,17800.0,100,Buy,224315850
2024-07-18 13:21:26,17750.0,400,Sell,224315871
2024-07-18 13:22:04,17750.0,900,Sell,224317127
2024-07-18 13:22:09,17750.0,700,Sell,224317250
2024-07-18 13:22:27,17750.0,2800,Sell,224317856
2024-07-18 13:22:39,17800.0,200,Buy,224318262
2024-07-18 13:23:22,17800.0,3000,Buy,224320145
2024-07-18 13:23:30,17800.0,200,Buy,224320431
2024-07-18 13:23:33,17750.0,3600,Sell,224320535
2024-07-18 13:23:34,17750.0,14000,Sell,224320658
2024-07-18 13:23:34,17750.0,100,Sell,224320659
2024-07-18 13:23:34,17750.0,1000,Sell,224320660
2024-07-18 13:23:34,17750.0,8500,Sell,224320661
2024-07-18 13:23:34,17750.0,200,Sell,224320662
2024-07-18 13:23:34,17750.0,18900,Sell,224320663
2024-07-18 13:23:34,17750.0,10600,Sell,224320664
2024-07-18 13:23:53,17750.0,800,Sell,224321450
2024-07-18 13:24:08,17750.0,2000,Sell,224322152
2024-07-18 13:24:08,17750.0,200,Sell,224322172
2024-07-18 13:24:08,17750.0,300,Sell,224322171
2024-07-18 13:24:08,17750.0,2000,Sell,224322170
2024-07-18 13:24:08,17750.0,1000,Sell,224322169
2024-07-18 13:24:08,17750.0,1000,Sell,224322168
2024-07-18 13:24:08,17750.0,200,Sell,224322167
2024-07-18 13:24:08,17750.0,19700,Sell,224322151
2024-07-18 13:24:08,17750.0,100,Sell,224322165
2024-07-18 13:24:08,17750.0,500,Sell,224322164
2024-07-18 13:24:08,17750.0,200,Sell,224322163
2024-07-18 13:24:08,17750.0,1000,Sell,224322166
2024-07-18 13:24:08,17750.0,300,Sell,224322161
2024-07-18 13:24:08,17750.0,100,Sell,224322162
2024-07-18 13:24:08,17750.0,200,Sell,224322154
2024-07-18 13:24:08,17750.0,100,Sell,224322155
2024-07-18 13:24:08,17750.0,6000,Sell,224322156
2024-07-18 13:24:08,17750.0,4000,Sell,224322153
2024-07-18 13:24:08,17750.0,500,Sell,224322158
2024-07-18 13:24:08,17750.0,300,Sell,224322159
2024-07-18 13:24:08,17750.0,100,Sell,224322160
2024-07-18 13:24:08,17750.0,100,Sell,224322157
2024-07-18 13:24:10,17750.0,5400,Buy,224322328
2024-07-18 13:24:23,17750.0,5400,Buy,224322891
2024-07-18 13:24:40,17750.0,5400,Buy,224323464
2024-07-18 13:24:57,17750.0,5400,Buy,224324213
2024-07-18 13:25:00,17750.0,6000,Buy,224324366
2024-07-18 13:25:17,17750.0,1000,Buy,224324919
2024-07-18 13:25:26,17750.0,100,Buy,224325146
2024-07-18 13:25:33,17750.0,5400,Buy,224325366
2024-07-18 13:25:54,17750.0,5400,Buy,224326127
2024-07-18 13:25:58,17750.0,1000,Buy,224326280
2024-07-18 13:26:05,17750.0,1500,Buy,224326555
2024-07-18 13:26:09,17750.0,5400,Buy,224326688
2024-07-18 13:26:11,17750.0,100,Buy,224326758
2024-07-18 13:26:17,17750.0,500,Buy,224326908
2024-07-18 13:26:28,17750.0,1100,Buy,224327279
2024-07-18 13:26:49,17750.0,500,Buy,224327787
2024-07-18 13:26:49,17750.0,5400,Buy,224327856
2024-07-18 13:27:25,17750.0,5100,Buy,224328904
2024-07-18 13:27:25,17750.0,300,Buy,224328905
2024-07-18 13:27:30,17750.0,1000,Buy,224329037
2024-07-18 13:27:31,17750.0,1700,Buy,224329062
2024-07-18 13:27:31,17750.0,1300,Buy,224329063
2024-07-18 13:27:43,17750.0,4200,Buy,224329444
2024-07-18 13:27:43,17750.0,800,Buy,224329445
2024-07-18 13:27:45,17750.0,100,Buy,224329498
2024-07-18 13:27:45,17750.0,4900,Buy,224329499
2024-07-18 13:27:49,17750.0,5300,Buy,224329624
2024-07-18 13:27:49,17750.0,100,Buy,224329623
2024-07-18 13:27:58,17750.0,100,Buy,224329906
2024-07-18 13:27:59,17750.0,1400,Buy,224329910
2024-07-18 13:27:59,17750.0,1000,Buy,224329911
2024-07-18 13:27:59,17750.0,100,Buy,224329912
2024-07-18 13:28:48,17800.0,5400,Buy,224331222
2024-07-18 13:29:04,17800.0,5400,Buy,224331650
2024-07-18 13:29:27,17800.0,100,Buy,224332303
2024-07-18 13:29:27,17800.0,1300,Buy,224332304
2024-07-18 13:29:27,17800.0,4000,Buy,224332305
2024-07-18 13:29:27,17800.0,200,Buy,224332306
2024-07-18 13:29:28,17800.0,4000,Buy,224332358
2024-07-18 13:29:28,17800.0,100,Buy,224332357
2024-07-18 13:29:28,17800.0,800,Buy,224332355
2024-07-18 13:29:28,17800.0,100,Buy,224332356
2024-07-18 13:29:44,17800.0,5400,Buy,224332919
2024-07-18 13:30:36,17800.0,1000,Buy,224334540
2024-07-18 13:30:37,17800.0,5400,Buy,224334584
2024-07-18 13:30:50,17750.0,5000,Sell,224334960
2024-07-18 13:30:59,17800.0,300,Buy,224335286
2024-07-18 13:31:29,17800.0,1100,Buy,224336406
2024-07-18 13:31:29,17800.0,3900,Buy,224336405
2024-07-18 13:32:13,17800.0,300,Buy,224337903
2024-07-18 13:32:47,17800.0,5400,Buy,224339172
2024-07-18 13:32:49,17800.0,200,Buy,224339310
2024-07-18 13:32:58,17800.0,1000,Buy,224339595
2024-07-18 13:33:23,17800.0,11400,Buy,224340500
2024-07-18 13:33:23,17800.0,100,Buy,224340499
2024-07-18 13:33:23,17800.0,400,Buy,224340498
2024-07-18 13:33:23,17800.0,100,Buy,224340497
2024-07-18 13:33:23,17800.0,9000,Buy,224340492
2024-07-18 13:33:23,17800.0,9000,Buy,224340495
2024-07-18 13:33:23,17800.0,9000,Buy,224340494
2024-07-18 13:33:23,17800.0,9000,Buy,224340493
2024-07-18 13:33:23,17800.0,1000,Buy,224340491
2024-07-18 13:33:23,17800.0,1000,Buy,224340496
2024-07-18 13:33:27,17800.0,43000,Buy,224340690
2024-07-18 13:33:29,17800.0,34000,Buy,224340717
2024-07-18 13:33:30,17800.0,1000,Buy,224340795
2024-07-18 13:33:30,17800.0,100,Buy,224340805
2024-07-18 13:33:37,17800.0,10000,Buy,224340978
2024-07-18 13:33:45,17800.0,200,Buy,224341223
2024-07-18 13:33:48,17800.0,700,Buy,224341305
2024-07-18 13:33:48,17800.0,300,Buy,224341304
2024-07-18 13:33:56,17800.0,700,Buy,224341523
2024-07-18 13:33:56,17800.0,300,Buy,224341524
2024-07-18 13:33:57,17800.0,500,Buy,224341560
2024-07-18 13:33:57,17800.0,2000,Buy,224341561
2024-07-18 13:33:57,17800.0,100,Buy,224341568
2024-07-18 13:34:05,17800.0,2000,Buy,224341929
2024-07-18 13:34:08,17800.0,100,Buy,224342027
2024-07-18 13:34:33,17800.0,1000,Buy,224343056
2024-07-18 13:34:33,17800.0,3000,Buy,224343057
2024-07-18 13:34:33,17800.0,200,Buy,224343058
2024-07-18 13:34:33,17800.0,100,Buy,224343063
2024-07-18 13:34:33,17800.0,3600,Buy,224343060
2024-07-18 13:34:33,17800.0,10000,Buy,224343062
2024-07-18 13:34:33,17800.0,100,Buy,224343055
2024-07-18 13:34:33,17800.0,3600,Buy,224343059
2024-07-18 13:34:33,17800.0,5000,Buy,224343054
2024-07-18 13:34:33,17800.0,200,Buy,224343061
2024-07-18 13:34:33,17800.0,2000,Buy,224343052
2024-07-18 13:34:33,17800.0,1000,Buy,224343051
2024-07-18 13:34:33,17800.0,200,Buy,224343050
2024-07-18 13:34:33,17800.0,100,Buy,224343049
2024-07-18 13:34:33,17800.0,100,Buy,224343048
2024-07-18 13:34:33,17800.0,9000,Buy,224343047
2024-07-18 13:34:33,17800.0,20000,Buy,224343046
2024-07-18 13:34:33,17800.0,9000,Buy,224343045
2024-07-18 13:34:33,17800.0,9000,Buy,224343044
2024-07-18 13:34:33,17800.0,4000,Buy,224343043
2024-07-18 13:34:33,17800.0,100,Buy,224343053
2024-07-18 13:34:38,17800.0,800,Sell,224343235
2024-07-18 13:34:55,17800.0,2000,Sell,224343958
2024-07-18 13:35:02,17850.0,1000,Buy,224344230
2024-07-18 13:35:15,17850.0,300,Buy,224344657
2024-07-18 13:35:15,17850.0,100,Buy,224344658
2024-07-18 13:35:15,17850.0,100,Buy,224344655
2024-07-18 13:35:15,17850.0,1000,Buy,224344654
2024-07-18 13:35:15,17850.0,500,Buy,224344656
2024-07-18 13:35:35,17850.0,500,Buy,224345236
2024-07-18 13:35:35,17850.0,400,Buy,224345237
2024-07-18 13:35:50,17850.0,3500,Buy,224345700
2024-07-18 13:35:50,17850.0,200,Buy,224345699
2024-07-18 13:35:50,17850.0,1000,Buy,224345697
2024-07-18 13:35:50,17850.0,500,Buy,224345698
2024-07-18 13:35:50,17850.0,500,Buy,224345695
2024-07-18 13:35:50,17850.0,200,Buy,224345694
2024-07-18 13:35:50,17850.0,100,Buy,224345693
2024-07-18 13:35:50,17850.0,300,Buy,224345696
2024-07-18 13:36:01,17850.0,500,Buy,224346059
2024-07-18 13:36:12,17850.0,100,Buy,224346406
2024-07-18 13:36:12,17850.0,3600,Buy,224346409
2024-07-18 13:36:12,17850.0,2000,Buy,224346408
2024-07-18 13:36:12,17850.0,100,Buy,224346407
2024-07-18 13:36:12,17850.0,100,Buy,224346405
2024-07-18 13:36:12,17850.0,300,Buy,224346410
2024-07-18 13:36:12,17850.0,500,Buy,224346403
2024-07-18 13:36:12,17850.0,400,Buy,224346402
2024-07-18 13:36:12,17850.0,1200,Buy,224346401
2024-07-18 13:36:12,17850.0,1000,Buy,224346400
2024-07-18 13:36:12,17850.0,3000,Buy,224346404
2024-07-18 13:36:12,17850.0,6000,Buy,224346399
2024-07-18 13:36:16,17900.0,1700,Buy,224346525
2024-07-18 13:36:36,17900.0,200,Buy,224347094
2024-07-18 13:36:53,17850.0,100,Sell,224347639
2024-07-18 13:37:17,17850.0,5000,Sell,224348382
2024-07-18 13:38:04,17850.0,2600,Sell,224349730
2024-07-18 13:38:04,17850.0,1000,Sell,224349731
2024-07-18 13:38:04,17850.0,500,Sell,224349732
2024-07-18 13:38:13,17800.0,4000,Sell,224350060
2024-07-18 13:39:52,17800.0,200,Sell,224353136
2024-07-18 13:40:29,17800.0,4000,Sell,224354148
2024-07-18 13:40:53,17800.0,5000,Sell,224354922
2024-07-18 13:42:27,17850.0,100,Buy,224357614
2024-07-18 13:42:31,17800.0,3600,Sell,224357699
2024-07-18 13:42:43,17800.0,3600,Sell,224358025
2024-07-18 13:43:15,17800.0,10000,Sell,224358924
2024-07-18 13:43:16,17800.0,3600,Sell,224358983
2024-07-18 13:43:35,17800.0,200,Sell,224359556
2024-07-18 13:43:38,17800.0,1700,Sell,224359626
2024-07-18 13:43:38,17800.0,4300,Sell,224359627
2024-07-18 13:43:43,17800.0,2800,Sell,224359787
2024-07-18 13:43:43,17800.0,200,Sell,224359786
2024-07-18 13:43:43,17800.0,200,Sell,224359785
2024-07-18 13:43:43,17800.0,15000,Sell,224359784
2024-07-18 13:43:43,17800.0,400,Sell,224359783
2024-07-18 13:43:43,17800.0,2000,Sell,224359782
2024-07-18 13:43:43,17800.0,10000,Sell,224359781
2024-07-18 13:43:43,17800.0,100,Sell,224359778
2024-07-18 13:43:43,17800.0,3000,Sell,224359780
2024-07-18 13:43:43,17800.0,500,Sell,224359779
2024-07-18 13:43:43,17800.0,300,Sell,224359776
2024-07-18 13:43:43,17800.0,1000,Sell,224359775
2024-07-18 13:43:43,17800.0,100,Sell,224359774
2024-07-18 13:43:43,17800.0,500,Sell,224359773
2024-07-18 13:43:43,17800.0,300,Sell,224359772
2024-07-18 13:43:43,17800.0,100,Sell,224359771
2024-07-18 13:43:43,17800.0,2000,Sell,224359770
2024-07-18 13:43:43,17800.0,700,Sell,224359769
2024-07-18 13:43:43,17800.0,800,Sell,224359777
2024-07-18 13:43:53,17800.0,100,Sell,224360068
2024-07-18 13:43:59,17800.0,2500,Sell,224360273
2024-07-18 13:43:59,17800.0,1100,Sell,224360274
2024-07-18 13:44:07,17800.0,100,Sell,224360607
2024-07-18 13:44:12,17800.0,300,Sell,224360771
2024-07-18 13:44:12,17800.0,200,Sell,224360772
2024-07-18 13:44:35,17850.0,5400,Buy,224361553
2024-07-18 13:44:41,17800.0,200,Sell,224361870
2024-07-18 13:44:41,17800.0,5000,Sell,224361871
2024-07-18 13:44:41,17800.0,100,Sell,224361872
2024-07-18 13:44:41,17800.0,3000,Sell,224361873
2024-07-18 13:44:41,17800.0,1000,Sell,224361874
2024-07-18 13:44:41,17800.0,100,Sell,224361875
2024-07-18 13:44:41,17800.0,100,Sell,224361876
2024-07-18 13:44:41,17800.0,5900,Sell,224361877
2024-07-18 13:44:41,17800.0,10000,Sell,224361878
2024-07-18 13:44:41,17800.0,300,Sell,224361879
2024-07-18 13:44:41,17800.0,1000,Sell,224361880
2024-07-18 13:44:52,17800.0,5400,Buy,224362310
2024-07-18 13:45:04,17800.0,200,Buy,224362619
2024-07-18 13:45:41,17800.0,500,Buy,224363438
2024-07-18 13:45:59,17800.0,2900,Buy,224363908
2024-07-18 13:45:59,17800.0,800,Buy,224363906
2024-07-18 13:45:59,17800.0,1600,Buy,224363905
2024-07-18 13:45:59,17800.0,100,Buy,224363907
2024-07-18 13:46:05,17800.0,100,Buy,224364050
2024-07-18 13:46:13,17800.0,600,Buy,224364236
2024-07-18 13:46:13,17800.0,1400,Buy,224364237
2024-07-18 13:46:15,17800.0,500,Buy,224364283
2024-07-18 13:46:25,17800.0,100,Buy,224364458
2024-07-18 13:46:50,17800.0,200,Sell,224365030
2024-07-18 13:46:50,17800.0,300,Sell,224365031
2024-07-18 13:47:00,17800.0,5000,Sell,224365354
2024-07-18 13:48:28,17800.0,100,Sell,224367508
2024-07-18 13:48:34,17800.0,3000,Sell,224367660
2024-07-18 13:48:49,17800.0,2000,Sell,224367972
2024-07-18 13:50:41,17800.0,300,Sell,224370730
2024-07-18 13:50:51,17800.0,12600,Sell,224370967
2024-07-18 13:51:02,17800.0,1800,Sell,224371391
2024-07-18 13:51:42,17800.0,6100,Sell,224372770
2024-07-18 13:51:51,17800.0,1100,Sell,224372976
2024-07-18 13:51:59,17800.0,2000,Sell,224373256
2024-07-18 13:52:05,17800.0,5700,Sell,224373445
2024-07-18 13:52:05,17800.0,100,Sell,224373446
2024-07-18 13:52:05,17800.0,500,Sell,224373447
2024-07-18 13:52:05,17800.0,100,Sell,224373448
2024-07-18 13:52:05,17800.0,2000,Sell,224373449
2024-07-18 13:52:13,17800.0,100,Sell,224373700
2024-07-18 13:52:13,17800.0,500,Sell,224373701
2024-07-18 13:52:13,17800.0,100,Sell,224373699
2024-07-18 13:52:13,17800.0,1700,Sell,224373697
2024-07-18 13:52:13,17800.0,100,Sell,224373696
2024-07-18 13:52:13,17800.0,2300,Sell,224373698
2024-07-18 13:52:43,17800.0,200,Sell,224374805
2024-07-18 13:52:52,17800.0,100,Sell,224375050
2024-07-18 13:52:52,17800.0,100,Sell,224375051
2024-07-18 13:53:37,17800.0,500,Sell,224376619
2024-07-18 13:53:37,17800.0,200,Sell,224376620
2024-07-18 13:53:37,17800.0,500,Sell,224376621
2024-07-18 13:53:37,17800.0,100,Sell,224376622
2024-07-18 13:53:37,17800.0,700,Sell,224376623
2024-07-18 13:53:59,17800.0,500,Sell,224377305
2024-07-18 13:54:09,17800.0,500,Sell,224377720
2024-07-18 13:54:09,17800.0,100,Sell,224377721
2024-07-18 13:54:09,17800.0,7400,Sell,224377718
2024-07-18 13:54:09,17800.0,200,Sell,224377719
2024-07-18 13:54:19,17800.0,300,Buy,224378049
2024-07-18 13:54:23,17800.0,1000,Buy,224378285
2024-07-18 13:54:41,17750.0,2000,Sell,224378678
2024-07-18 13:54:52,17750.0,500,Sell,224379039
2024-07-18 13:54:52,17750.0,4500,Sell,224379040
2024-07-18 13:54:58,17750.0,900,Sell,224379173
2024-07-18 13:54:58,17750.0,2000,Sell,224379174
2024-07-18 13:54:58,17750.0,1000,Sell,224379175
2024-07-18 13:54:58,17750.0,500,Sell,224379176
2024-07-18 13:54:58,17750.0,600,Sell,224379177
2024-07-18 13:54:58,17750.0,800,Sell,224379178
2024-07-18 13:55:04,17750.0,5000,Sell,224379369
2024-07-18 13:55:17,17750.0,5000,Sell,224379681
2024-07-18 13:55:23,17750.0,5000,Sell,224379871
2024-07-18 13:55:29,17750.0,1200,Sell,224380015
2024-07-18 13:55:29,17750.0,100,Sell,224380014
2024-07-18 13:55:29,17750.0,100,Sell,224380013
2024-07-18 13:55:29,17750.0,3600,Sell,224380012
2024-07-18 13:55:41,17800.0,600,Buy,224380389
2024-07-18 13:55:54,17800.0,500,Buy,224380760
2024-07-18 13:56:01,17800.0,500,Buy,224381072
2024-07-18 13:57:26,17750.0,800,Sell,224384693
2024-07-18 13:57:26,17750.0,100,Sell,224384694
2024-07-18 13:57:48,17800.0,100,Buy,224385552
2024-07-18 13:57:56,17750.0,100,Sell,224385962
2024-07-18 13:58:10,17800.0,100,Buy,224386713
2024-07-18 13:58:14,17750.0,500,Sell,224386926
2024-07-18 13:58:21,17750.0,1300,Sell,224387357
2024-07-18 13:58:21,17750.0,2000,Sell,224387358
2024-07-18 13:58:21,17750.0,2000,Sell,224387359
2024-07-18 13:58:21,17750.0,700,Sell,224387360
2024-07-18 13:58:26,17800.0,500,Buy,224387559
2024-07-18 13:58:47,17750.0,3700,Sell,224388913
2024-07-18 13:58:47,17750.0,1300,Sell,224388912
2024-07-18 13:58:48,17800.0,500,Buy,224388962
2024-07-18 13:59:08,17800.0,100,Buy,224390162
2024-07-18 13:59:12,17800.0,600,Buy,224390425
2024-07-18 13:59:12,17800.0,100,Buy,224390426
2024-07-18 13:59:12,17800.0,500,Buy,224390427
2024-07-18 13:59:12,17800.0,1000,Buy,224390428
2024-07-18 13:59:12,17800.0,3800,Buy,224390433
2024-07-18 13:59:18,17800.0,100,Buy,224391113
2024-07-18 13:59:21,17800.0,100,Buy,224391280
2024-07-18 13:59:24,17800.0,100,Buy,224391622
2024-07-18 13:59:28,17800.0,100,Buy,224391838
2024-07-18 13:59:38,17800.0,100,Buy,224392834
2024-07-18 13:59:43,17750.0,10000,Sell,224393186
2024-07-18 13:59:47,17750.0,2000,Sell,224393527
2024-07-18 14:00:09,17750.0,500,Sell,224395335
2024-07-18 14:00:23,17800.0,100,Buy,224396492
2024-07-18 14:00:23,17750.0,2600,Sell,224396514
2024-07-18 14:00:38,17750.0,1000,Sell,224397481
2024-07-18 14:00:42,17750.0,1300,Sell,224397804
2024-07-18 14:00:42,17750.0,100,Sell,224397850
2024-07-18 14:00:49,17750.0,5000,Sell,224398329
2024-07-18 14:00:53,17750.0,100,Sell,224398614
2024-07-18 14:00:55,17750.0,2400,Sell,224398802
2024-07-18 14:00:56,17750.0,500,Sell,224398863
2024-07-18 14:01:05,17750.0,28600,Sell,224399510
2024-07-18 14:01:05,17750.0,200,Sell,224399508
2024-07-18 14:01:05,17750.0,20800,Sell,224399507
2024-07-18 14:01:05,17750.0,500,Sell,224399509
2024-07-18 14:01:06,17750.0,2000,Sell,224399581
2024-07-18 14:01:08,17750.0,1000,Sell,224399711
2024-07-18 14:01:08,17750.0,100,Sell,224399706
2024-07-18 14:01:08,17750.0,200,Sell,224399705
2024-07-18 14:01:08,17750.0,200,Sell,224399704
2024-07-18 14:01:08,17750.0,1000,Sell,224399703
2024-07-18 14:01:08,17750.0,500,Sell,224399702
2024-07-18 14:01:08,17750.0,1000,Sell,224399701
2024-07-18 14:01:08,17750.0,500,Sell,224399698
2024-07-18 14:01:08,17750.0,1000,Sell,224399697
2024-07-18 14:01:08,17750.0,1000,Sell,224399700
2024-07-18 14:01:08,17750.0,100,Sell,224399695
2024-07-18 14:01:08,17750.0,200,Sell,224399696
2024-07-18 14:01:08,17750.0,6800,Sell,224399686
2024-07-18 14:01:08,17750.0,12600,Sell,224399687
2024-07-18 14:01:08,17750.0,1000,Sell,224399688
2024-07-18 14:01:08,17750.0,100,Sell,224399689
2024-07-18 14:01:08,17750.0,1000,Sell,224399699
2024-07-18 14:01:08,17750.0,200,Sell,224399691
2024-07-18 14:01:08,17750.0,200,Sell,224399690
2024-07-18 14:01:08,17750.0,600,Sell,224399694
2024-07-18 14:01:08,17750.0,200,Sell,224399692
2024-07-18 14:01:08,17750.0,100,Sell,224399693
2024-07-18 14:01:45,17750.0,100,Buy,224403072
2024-07-18 14:02:06,17700.0,100,Sell,224405331
2024-07-18 14:02:06,17700.0,3600,Sell,224405332
2024-07-18 14:02:06,17700.0,400,Sell,224405333
2024-07-18 14:02:06,17700.0,500,Sell,224405334
2024-07-18 14:02:06,17700.0,5000,Sell,224405335
2024-07-18 14:02:06,17700.0,400,Sell,224405336
2024-07-18 14:02:16,17750.0,100,Buy,224406346
2024-07-18 14:02:35,17750.0,100,Buy,224408204
2024-07-18 14:02:51,17700.0,200,Sell,224409515
2024-07-18 14:02:51,17700.0,200,Sell,224409516
2024-07-18 14:02:51,17700.0,500,Sell,224409517
2024-07-18 14:02:51,17700.0,100,Sell,224409518
2024-07-18 14:02:51,17700.0,500,Sell,224409519
2024-07-18 14:02:51,17700.0,1000,Sell,224409520
2024-07-18 14:02:51,17700.0,500,Sell,224409521
2024-07-18 14:02:51,17700.0,200,Sell,224409522
2024-07-18 14:02:51,17700.0,200,Sell,224409523
2024-07-18 14:02:51,17700.0,1600,Sell,224409514
2024-07-18 14:03:00,17750.0,100,Buy,224410198
2024-07-18 14:03:00,17700.0,2000,Sell,224410196
2024-07-18 14:03:00,17700.0,800,Sell,224410195
2024-07-18 14:03:00,17700.0,7200,Sell,224410197
2024-07-18 14:03:11,17750.0,1200,Buy,224411206
2024-07-18 14:03:15,17700.0,100,Sell,224411565
2024-07-18 14:03:15,17700.0,700,Sell,224411566
2024-07-18 14:03:15,17700.0,100,Sell,224411567
2024-07-18 14:03:15,17700.0,2300,Sell,224411568
2024-07-18 14:03:15,17700.0,7100,Sell,224411569
2024-07-18 14:03:15,17700.0,12800,Sell,224411564
2024-07-18 14:03:21,17700.0,5000,Sell,224411931
2024-07-18 14:03:34,17700.0,3000,Sell,224413055
2024-07-18 14:03:35,17700.0,800,Sell,224413147
2024-07-18 14:03:37,17700.0,200,Sell,224413303
2024-07-18 14:03:38,17700.0,2000,Sell,224413371
2024-07-18 14:03:47,17750.0,100,Buy,224413989
2024-07-18 14:04:02,17700.0,4800,Sell,224415084
2024-07-18 14:04:02,17750.0,5000,Buy,224415093
2024-07-18 14:04:14,17750.0,5000,Buy,224415782
2024-07-18 14:04:21,17750.0,300,Buy,224416375
2024-07-18 14:04:32,17750.0,5200,Buy,224416994
2024-07-18 14:04:32,17750.0,300,Buy,224416999
2024-07-18 14:04:32,17750.0,2900,Buy,224417000
2024-07-18 14:04:36,17750.0,100,Buy,224417242
2024-07-18 14:04:36,17750.0,1900,Buy,224417243
2024-07-18 14:05:09,17750.0,200,Buy,224419089
2024-07-18 14:05:11,17700.0,1000,Sell,224419141
2024-07-18 14:05:23,17700.0,400,Sell,224419981
2024-07-18 14:05:23,17700.0,16100,Sell,224419978
2024-07-18 14:05:23,17700.0,500,Sell,224419979
2024-07-18 14:05:23,17700.0,3000,Sell,224419980
2024-07-18 14:05:29,17750.0,2000,Buy,224420298
2024-07-18 14:05:37,17750.0,100,Buy,224420852
2024-07-18 14:05:37,17750.0,3900,Buy,224420851
2024-07-18 14:05:37,17750.0,1000,Buy,224420853
2024-07-18 14:05:38,17750.0,100,Buy,224420867
2024-07-18 14:05:39,17700.0,100,Sell,224420882
2024-07-18 14:05:39,17700.0,300,Sell,224420883
2024-07-18 14:05:39,17700.0,300,Sell,224420906
2024-07-18 14:05:42,17750.0,500,Buy,224421001
2024-07-18 14:05:49,17700.0,1700,Sell,224421377
2024-07-18 14:05:49,17700.0,500,Sell,224421378
2024-07-18 14:05:49,17700.0,100,Sell,224421379
2024-07-18 14:05:49,17700.0,100,Sell,224421380
2024-07-18 14:05:49,17700.0,100,Sell,224421381
2024-07-18 14:05:49,17700.0,500,Sell,224421382
2024-07-18 14:05:54,17750.0,100,Buy,224421585
2024-07-18 14:05:58,17750.0,1000,Buy,224421774
2024-07-18 14:06:01,17750.0,200,Buy,224421936
2024-07-18 14:06:01,17750.0,1000,Buy,224421917
2024-07-18 14:06:05,17750.0,1100,Buy,224422169
2024-07-18 14:06:05,17750.0,400,Buy,224422170
2024-07-18 14:06:06,17750.0,1600,Buy,224422258
2024-07-18 14:06:06,17750.0,500,Buy,224422259
2024-07-18 14:06:06,17750.0,2900,Buy,224422260
2024-07-18 14:06:07,17750.0,1700,Buy,224422325
2024-07-18 14:06:07,17750.0,8000,Buy,224422326
2024-07-18 14:06:07,17750.0,300,Buy,224422327
2024-07-18 14:06:09,17750.0,100,Buy,224422441
2024-07-18 14:06:12,17700.0,300,Sell,224422586
2024-07-18 14:06:17,17750.0,900,Buy,224422807
2024-07-18 14:06:22,17750.0,500,Buy,224423055
2024-07-18 14:06:32,17750.0,800,Buy,224423454
2024-07-18 14:06:32,17750.0,200,Buy,224423453
2024-07-18 14:06:33,17750.0,100,Buy,224423538
2024-07-18 14:06:35,17750.0,5000,Buy,224423688
2024-07-18 14:06:39,17750.0,300,Buy,224423875
2024-07-18 14:06:40,17750.0,5000,Buy,224423972
2024-07-18 14:06:43,17750.0,100,Buy,224424086
2024-07-18 14:06:46,17750.0,5000,Buy,224424199
2024-07-18 14:06:47,17750.0,500,Buy,224424266
2024-07-18 14:06:50,17750.0,1000,Buy,224424427
2024-07-18 14:06:52,17750.0,1000,Buy,224424502
2024-07-18 14:06:54,17750.0,4900,Buy,224424587
2024-07-18 14:06:54,17750.0,100,Buy,224424588
2024-07-18 14:06:55,17750.0,1000,Buy,224424645
2024-07-18 14:06:55,17750.0,900,Buy,224424650
2024-07-18 14:06:55,17750.0,100,Buy,224424651
2024-07-18 14:06:57,17750.0,500,Buy,224424755
2024-07-18 14:06:58,17750.0,1000,Buy,224424788
2024-07-18 14:06:58,17750.0,400,Buy,224424793
2024-07-18 14:06:58,17750.0,2000,Buy,224424782
2024-07-18 14:07:19,17750.0,4600,Sell,224425581
2024-07-18 14:07:19,17750.0,2000,Sell,224425582
2024-07-18 14:07:19,17750.0,2000,Sell,224425583
2024-07-18 14:07:19,17750.0,1000,Sell,224425584
2024-07-18 14:07:19,17750.0,400,Sell,224425585
2024-07-18 14:07:31,17750.0,1600,Sell,224426026
2024-07-18 14:07:31,17750.0,1400,Sell,224426027
2024-07-18 14:08:06,17750.0,500,Sell,224427452
2024-07-18 14:08:20,17750.0,500,Sell,224428204
2024-07-18 14:08:23,17750.0,500,Sell,224428340
2024-07-18 14:08:27,17750.0,1800,Sell,224428522
2024-07-18 14:08:27,17750.0,2100,Sell,224428519
2024-07-18 14:08:27,17750.0,100,Sell,224428520
2024-07-18 14:08:27,17750.0,1000,Sell,224428521
2024-07-18 14:08:30,17750.0,300,Sell,224428640
2024-07-18 14:08:37,17750.0,4000,Sell,224429086
2024-07-18 14:08:47,17750.0,600,Sell,224429493
2024-07-18 14:09:03,17750.0,600,Sell,224430160
2024-07-18 14:09:13,17750.0,500,Sell,224430536
2024-07-18 14:09:25,17800.0,300,Buy,224430958
2024-07-18 14:09:27,17750.0,500,Sell,224431178
2024-07-18 14:09:31,17750.0,500,Sell,224431336
2024-07-18 14:09:38,17750.0,300,Sell,224431664
2024-07-18 14:09:58,17750.0,300,Sell,224432419
2024-07-18 14:10:00,17750.0,600,Sell,224432607
2024-07-18 14:10:00,17750.0,1200,Sell,224432608
2024-07-18 14:10:08,17800.0,300,Buy,224433032
2024-07-18 14:10:24,17750.0,500,Sell,224433554
2024-07-18 14:10:37,17750.0,1000,Sell,224434130
2024-07-18 14:10:37,17750.0,100,Sell,224434131
2024-07-18 14:10:37,17750.0,400,Sell,224434132
2024-07-18 14:10:37,17750.0,300,Sell,224434129
2024-07-18 14:10:38,17750.0,100,Sell,224434210
2024-07-18 14:10:38,17750.0,400,Sell,224434211
2024-07-18 14:10:39,17800.0,100,Buy,224434246
2024-07-18 14:10:41,17750.0,100,Sell,224434367
2024-07-18 14:10:41,17750.0,400,Sell,224434368
2024-07-18 14:10:48,17750.0,300,Sell,224434661
2024-07-18 14:10:57,17750.0,1800,Sell,224434950
2024-07-18 14:10:57,17800.0,200,Buy,224434963
2024-07-18 14:11:01,17750.0,400,Sell,224435149
2024-07-18 14:11:06,17800.0,900,Buy,224435334
2024-07-18 14:11:08,17750.0,1800,Sell,224435419
2024-07-18 14:11:20,17800.0,1800,Buy,224435812
2024-07-18 14:11:20,17800.0,300,Buy,224435813
2024-07-18 14:11:20,17800.0,2900,Buy,224435814
2024-07-18 14:11:21,17750.0,500,Sell,224435867
2024-07-18 14:11:22,17800.0,700,Buy,224435934
2024-07-18 14:11:27,17800.0,100,Buy,224436149
2024-07-18 14:11:36,17750.0,500,Sell,224436384
2024-07-18 14:11:38,17750.0,500,Sell,224436451
2024-07-18 14:11:45,17750.0,300,Sell,224436722
2024-07-18 14:11:47,17750.0,200,Sell,224436837
2024-07-18 14:11:47,17750.0,1600,Sell,224436836
2024-07-18 14:11:49,17800.0,10000,Buy,224436928
2024-07-18 14:11:51,17800.0,20000,Buy,224436988
2024-07-18 14:11:51,17800.0,2000,Buy,224436985
2024-07-18 14:11:51,17800.0,200,Buy,224436987
2024-07-18 14:11:51,17800.0,1000,Buy,224436986
2024-07-18 14:11:51,17800.0,200,Buy,224436984
2024-07-18 14:11:51,17800.0,2000,Buy,224436979
2024-07-18 14:11:51,17800.0,100,Buy,224436982
2024-07-18 14:11:51,17800.0,200,Buy,224436981
2024-07-18 14:11:51,17800.0,200,Buy,224436980
2024-07-18 14:11:51,17800.0,9000,Buy,224436978
2024-07-18 14:11:51,17800.0,300,Buy,224436983
2024-07-18 14:11:52,17800.0,1800,Sell,224437044
2024-07-18 14:12:00,17800.0,1800,Sell,224437490
2024-07-18 14:12:23,17800.0,500,Sell,224438462
2024-07-18 14:12:35,17800.0,5000,Sell,224438870
2024-07-18 14:12:38,17800.0,500,Sell,224439003
2024-07-18 14:12:41,17800.0,500,Sell,224439100
2024-07-18 14:12:48,17800.0,300,Sell,224439416
2024-07-18 14:12:56,17800.0,300,Sell,224439727
2024-07-18 14:13:34,17800.0,100,Sell,224441103
2024-07-18 14:13:39,17800.0,5000,Sell,224441249
2024-07-18 14:13:48,17800.0,1000,Sell,224441580
2024-07-18 14:13:51,17800.0,500,Sell,224441671
2024-07-18 14:14:01,17800.0,300,Sell,224441993
2024-07-18 14:14:04,17800.0,500,Sell,224442145
2024-07-18 14:14:07,17800.0,500,Sell,224442266
2024-07-18 14:14:14,17800.0,300,Sell,224442520
2024-07-18 14:14:21,17800.0,5000,Sell,224442787
2024-07-18 14:14:46,17850.0,1800,Buy,224443532
2024-07-18 14:14:46,17800.0,500,Sell,224443623
2024-07-18 14:14:47,17800.0,9000,Sell,224443664
2024-07-18 14:14:47,17800.0,400,Sell,224443749
2024-07-18 14:14:55,17800.0,2000,Sell,224444016
2024-07-18 14:15:03,17800.0,500,Sell,224444274
2024-07-18 14:15:05,17800.0,500,Sell,224444344
2024-07-18 14:15:14,17850.0,1600,Buy,224444719
2024-07-18 14:15:14,17850.0,200,Buy,224444720
2024-07-18 14:15:15,17800.0,9000,Sell,224444772
2024-07-18 14:15:16,17800.0,300,Sell,224444775
2024-07-18 14:15:21,17800.0,1000,Sell,224445027
2024-07-18 14:15:21,17800.0,9000,Sell,224445044
2024-07-18 14:15:36,17850.0,1800,Buy,224445649
2024-07-18 14:15:45,17800.0,8700,Sell,224446006
2024-07-18 14:15:45,17800.0,300,Sell,224446007
2024-07-18 14:15:46,17800.0,1000,Sell,224446074
2024-07-18 14:15:50,17800.0,3000,Sell,224446218
2024-07-18 14:15:50,17800.0,500,Sell,224446200
2024-07-18 14:15:51,17850.0,1000,Buy,224446237
2024-07-18 14:15:52,17800.0,1000,Sell,224446258
2024-07-18 14:16:02,17800.0,500,Sell,224446628
2024-07-18 14:16:04,17750.0,400,Sell,224446802
2024-07-18 14:16:04,17750.0,300,Sell,224446801
2024-07-18 14:16:04,17750.0,2000,Sell,224446800
2024-07-18 14:16:04,17750.0,800,Sell,224446799
2024-07-18 14:16:04,17800.0,500,Sell,224446798
2024-07-18 14:16:04,17850.0,1800,Buy,224446878
2024-07-18 14:16:04,17800.0,300,Sell,224446796
2024-07-18 14:16:04,17800.0,1000,Sell,224446797
2024-07-18 14:16:04,17800.0,1600,Sell,224446792
2024-07-18 14:16:04,17750.0,400,Sell,224446803
2024-07-18 14:16:04,17800.0,200,Sell,224446794
2024-07-18 14:16:04,17800.0,1000,Sell,224446795
2024-07-18 14:16:04,17800.0,500,Sell,224446793
2024-07-18 14:16:07,17750.0,500,Sell,224447014
2024-07-18 14:16:09,17750.0,100,Sell,224447141
2024-07-18 14:16:09,17750.0,400,Sell,224447142
2024-07-18 14:16:16,17800.0,200,Sell,224447336
2024-07-18 14:16:16,17800.0,100,Sell,224447335
2024-07-18 14:16:18,17800.0,8800,Sell,224447454
2024-07-18 14:16:18,17750.0,200,Sell,224447455
2024-07-18 14:16:24,17750.0,1400,Sell,224447690
2024-07-18 14:16:24,17750.0,100,Sell,224447693
2024-07-18 14:16:24,17750.0,400,Sell,224447694
2024-07-18 14:16:24,17750.0,100,Sell,224447695
2024-07-18 14:16:42,17750.0,2000,Sell,224448390
2024-07-18 14:16:42,17750.0,900,Sell,224448391
2024-07-18 14:16:42,17750.0,2000,Sell,224448389
2024-07-18 14:16:42,17750.0,2000,Sell,224448387
2024-07-18 14:16:42,17750.0,1000,Sell,224448386
2024-07-18 14:16:42,17750.0,900,Sell,224448385
2024-07-18 14:16:42,17750.0,200,Sell,224448388
2024-07-18 14:16:46,17800.0,300,Sell,224448639
2024-07-18 14:16:46,17750.0,8700,Sell,224448640
2024-07-18 14:16:54,17800.0,3000,Buy,224448957
2024-07-18 14:16:57,17800.0,100,Sell,224449054
2024-07-18 14:17:02,17850.0,700,Buy,224449155
2024-07-18 14:17:02,17850.0,5200,Buy,224449154
2024-07-18 14:17:12,17850.0,9000,Buy,224449519
2024-07-18 14:17:16,17800.0,2000,Sell,224449778
2024-07-18 14:17:16,17800.0,200,Sell,224449779
2024-07-18 14:17:16,17800.0,6800,Sell,224449780
2024-07-18 14:17:18,17800.0,500,Sell,224449857
2024-07-18 14:17:32,17850.0,1200,Buy,224450231
2024-07-18 14:17:37,17850.0,1700,Buy,224450417
2024-07-18 14:17:39,17800.0,8800,Sell,224450535
2024-07-18 14:17:39,17800.0,100,Sell,224450533
2024-07-18 14:17:39,17800.0,100,Sell,224450534
2024-07-18 14:17:40,17800.0,200,Sell,224450622
2024-07-18 14:17:40,17750.0,300,Sell,224450623
2024-07-18 14:17:54,17850.0,100,Buy,224451107
2024-07-18 14:17:57,17750.0,300,Sell,224451330
2024-07-18 14:17:57,17750.0,200,Sell,224451329
2024-07-18 14:17:57,17750.0,300,Sell,224451295
2024-07-18 14:17:57,17750.0,1000,Sell,224451294
2024-07-18 14:17:57,17750.0,1000,Sell,224451293
2024-07-18 14:17:57,17750.0,200,Sell,224451292
2024-07-18 14:17:57,17750.0,100,Sell,224451291
2024-07-18 14:17:57,17750.0,100,Sell,224451290
2024-07-18 14:17:57,17750.0,500,Sell,224451289
2024-07-18 14:17:57,17750.0,100,Sell,224451288
2024-07-18 14:17:57,17750.0,1000,Sell,224451285
2024-07-18 14:17:57,17750.0,1000,Sell,224451286
2024-07-18 14:17:57,17750.0,500,Sell,224451284
2024-07-18 14:17:57,17750.0,500,Sell,224451283
2024-07-18 14:17:57,17750.0,100,Sell,224451282
2024-07-18 14:17:57,17750.0,300,Sell,224451281
2024-07-18 14:17:57,17750.0,200,Sell,224451280
2024-07-18 14:17:57,17750.0,500,Sell,224451279
2024-07-18 14:17:57,17750.0,500,Sell,224451278
2024-07-18 14:17:57,17750.0,100,Sell,224451277
2024-07-18 14:17:57,17750.0,1000,Sell,224451287
2024-07-18 14:18:00,17750.0,500,Sell,224451437
2024-07-18 14:18:04,17850.0,7300,Buy,224451547
2024-07-18 14:18:04,17850.0,1700,Buy,224451548
2024-07-18 14:18:09,17800.0,300,Sell,224451805
2024-07-18 14:18:09,17850.0,500,Buy,224451804
2024-07-18 14:18:09,17850.0,300,Buy,224451802
2024-07-18 14:18:09,17850.0,300,Buy,224451801
2024-07-18 14:18:09,17850.0,1000,Buy,224451803
2024-07-18 14:18:10,17800.0,500,Sell,224451836
2024-07-18 14:18:10,17800.0,4200,Sell,224451855
2024-07-18 14:18:15,17750.0,200,Sell,224452096
2024-07-18 14:18:15,17750.0,3000,Sell,224452097
2024-07-18 14:18:15,17750.0,100,Sell,224452098
2024-07-18 14:18:15,17750.0,500,Sell,224452099
2024-07-18 14:18:15,17750.0,600,Sell,224452100
2024-07-18 14:18:15,17750.0,200,Sell,224452101
2024-07-18 14:18:15,17750.0,4400,Sell,224452102
2024-07-18 14:18:26,17850.0,900,Buy,224452483
2024-07-18 14:18:26,17800.0,800,Buy,224452481
2024-07-18 14:18:26,17850.0,300,Buy,224452482
2024-07-18 14:18:45,17750.0,5000,Sell,224453084
2024-07-18 14:18:45,17800.0,1000,Sell,224453082
2024-07-18 14:18:45,17800.0,3000,Sell,224453083
2024-07-18 14:18:46,17850.0,4100,Buy,224453168
2024-07-18 14:18:46,17850.0,100,Buy,224453169
2024-07-18 14:18:46,17850.0,500,Buy,224453170
2024-07-18 14:18:46,17850.0,4000,Buy,224453171
2024-07-18 14:18:46,17850.0,200,Buy,224453172
2024-07-18 14:18:46,17850.0,100,Buy,224453173
2024-07-18 14:18:51,17750.0,1800,Sell,224453390
2024-07-18 14:18:51,17750.0,7200,Sell,224453391
2024-07-18 14:18:53,17750.0,500,Sell,224453578
2024-07-18 14:19:01,17750.0,1500,Sell,224453924
2024-07-18 14:19:01,17750.0,400,Sell,224453923
2024-07-18 14:19:01,17750.0,600,Sell,224453921
2024-07-18 14:19:01,17750.0,2300,Sell,224453920
2024-07-18 14:19:01,17750.0,200,Sell,224453922
2024-07-18 14:19:09,17800.0,1000,Buy,224454159
2024-07-18 14:19:09,17850.0,900,Buy,224454160
2024-07-18 14:19:09,17850.0,300,Buy,224454161
2024-07-18 14:19:09,17850.0,300,Buy,224454162
2024-07-18 14:19:09,17850.0,5000,Buy,224454163
2024-07-18 14:19:10,17750.0,100,Sell,224454220
2024-07-18 14:19:10,17750.0,400,Sell,224454221
2024-07-18 14:19:11,17850.0,200,Buy,224454300
2024-07-18 14:19:11,17850.0,3100,Buy,224454301
2024-07-18 14:19:13,17750.0,500,Sell,224454392
2024-07-18 14:19:15,17750.0,2900,Sell,224454555
2024-07-18 14:19:15,17750.0,5000,Sell,224454554
2024-07-18 14:19:15,17750.0,1100,Sell,224454553
2024-07-18 14:19:21,17750.0,300,Sell,224454839
2024-07-18 14:19:25,17850.0,3500,Buy,224454961
2024-07-18 14:19:25,17800.0,200,Buy,224454956
2024-07-18 14:19:35,17750.0,300,Sell,224455341
2024-07-18 14:19:35,17750.0,500,Sell,224455342
2024-07-18 14:19:35,17750.0,200,Sell,224455343
2024-07-18 14:19:35,17750.0,5000,Sell,224455344
2024-07-18 14:19:35,17750.0,1500,Sell,224455345
2024-07-18 14:19:35,17750.0,1500,Sell,224455346
2024-07-18 14:19:37,17850.0,5800,Buy,224455420
2024-07-18 14:19:39,17850.0,3800,Buy,224455601
2024-07-18 14:19:45,17750.0,5500,Sell,224455963
2024-07-18 14:19:45,17750.0,2500,Sell,224455961
2024-07-18 14:19:45,17750.0,1000,Sell,224455962
2024-07-18 14:19:56,17850.0,200,Buy,224456470
2024-07-18 14:19:57,17750.0,1100,Sell,224456509
2024-07-18 14:20:05,17750.0,2400,Sell,224456768
2024-07-18 14:20:05,17750.0,5100,Sell,224456769
2024-07-18 14:20:05,17750.0,100,Sell,224456770
2024-07-18 14:20:05,17750.0,600,Sell,224456771
2024-07-18 14:20:05,17750.0,300,Sell,224456772
2024-07-18 14:20:05,17700.0,500,Sell,224456773
2024-07-18 14:20:11,17800.0,200,Buy,224457163
2024-07-18 14:20:11,17850.0,3500,Buy,224457164
2024-07-18 14:20:14,17750.0,7200,Sell,224457360
2024-07-18 14:20:14,17750.0,800,Sell,224457358
2024-07-18 14:20:14,17750.0,1000,Sell,224457359
2024-07-18 14:20:21,17750.0,100,Buy,224457591
2024-07-18 14:20:21,17750.0,2800,Sell,224457586
2024-07-18 14:20:21,17750.0,500,Sell,224457587
2024-07-18 14:20:25,17750.0,4200,Buy,224457859
2024-07-18 14:20:26,17750.0,1400,Buy,224457883
2024-07-18 14:20:36,17750.0,1000,Sell,224458245
2024-07-18 14:20:40,17800.0,200,Buy,224458344
2024-07-18 14:20:44,17750.0,600,Sell,224458527
2024-07-18 14:20:44,17750.0,100,Sell,224458528
2024-07-18 14:20:46,17700.0,700,Sell,224458751
2024-07-18 14:20:46,17750.0,1000,Sell,224458750
2024-07-18 14:20:46,17700.0,200,Sell,224458752
2024-07-18 14:20:46,17750.0,5000,Sell,224458748
2024-07-18 14:20:46,17750.0,1000,Sell,224458747
2024-07-18 14:20:46,17750.0,100,Sell,224458746
2024-07-18 14:20:46,17750.0,1000,Sell,224458749
2024-07-18 14:20:55,17750.0,1000,Sell,224459182
2024-07-18 14:20:55,17750.0,1000,Sell,224459183
2024-07-18 14:20:55,17750.0,1000,Sell,224459184
2024-07-18 14:20:55,17750.0,6000,Sell,224459185
2024-07-18 14:20:57,17850.0,4000,Buy,224459344
2024-07-18 14:20:57,17850.0,2100,Buy,224459343
2024-07-18 14:20:57,17800.0,800,Buy,224459340
2024-07-18 14:20:57,17850.0,100,Buy,224459341
2024-07-18 14:20:57,17750.0,300,Sell,224459312
2024-07-18 14:20:57,17850.0,2000,Buy,224459342
2024-07-18 14:21:13,17850.0,1000,Buy,224460051
2024-07-18 14:21:16,17750.0,300,Sell,224460224
2024-07-18 14:21:16,17750.0,100,Sell,224460222
2024-07-18 14:21:16,17750.0,400,Sell,224460223
2024-07-18 14:21:16,17750.0,5000,Sell,224460220
2024-07-18 14:21:16,17750.0,2700,Sell,224460219
2024-07-18 14:21:16,17750.0,500,Sell,224460221
2024-07-18 14:21:22,17750.0,2600,Sell,224460517
2024-07-18 14:21:22,17750.0,6400,Sell,224460518
2024-07-18 14:21:32,17850.0,200,Buy,224461002
2024-07-18 14:21:32,17850.0,1000,Buy,224461000
2024-07-18 14:21:32,17850.0,1200,Buy,224461001
2024-07-18 14:21:32,17850.0,1000,Buy,224460998
2024-07-18 14:21:32,17850.0,500,Buy,224460997
2024-07-18 14:21:32,17850.0,5000,Buy,224460996
2024-07-18 14:21:32,17850.0,100,Buy,224460999
2024-07-18 14:21:41,17850.0,800,Buy,224461324
2024-07-18 14:21:41,17900.0,1000,Buy,224461325
2024-07-18 14:21:41,17900.0,300,Buy,224461326
2024-07-18 14:21:41,17900.0,500,Buy,224461327
2024-07-18 14:21:46,17750.0,2300,Sell,224461629
2024-07-18 14:21:46,17750.0,400,Sell,224461630
2024-07-18 14:21:46,17750.0,100,Sell,224461628
2024-07-18 14:21:46,17750.0,4600,Sell,224461624
2024-07-18 14:21:46,17750.0,1000,Sell,224461626
2024-07-18 14:21:46,17750.0,500,Sell,224461625
2024-07-18 14:21:46,17750.0,100,Sell,224461627
2024-07-18 14:22:06,17750.0,100,Sell,224462616
2024-07-18 14:22:06,17750.0,1000,Sell,224462617
2024-07-18 14:22:06,17750.0,7900,Sell,224462618
2024-07-18 14:22:07,17850.0,1100,Buy,224462747
2024-07-18 14:22:11,17850.0,7900,Buy,224463016
2024-07-18 14:22:11,17850.0,1100,Buy,224463017
2024-07-18 14:22:17,17750.0,1800,Sell,224463303
2024-07-18 14:22:17,17750.0,200,Sell,224463302
2024-07-18 14:22:17,17750.0,500,Sell,224463299
2024-07-18 14:22:17,17750.0,6000,Sell,224463300
2024-07-18 14:22:17,17750.0,500,Sell,224463301
2024-07-18 14:22:25,17850.0,900,Buy,224463878
2024-07-18 14:22:34,17850.0,2100,Sell,224464418
2024-07-18 14:22:34,17850.0,1000,Sell,224464419
2024-07-18 14:22:38,17900.0,400,Buy,224464838
2024-07-18 14:22:38,17900.0,500,Buy,224464837
2024-07-18 14:22:38,17900.0,100,Buy,224464836
2024-07-18 14:22:38,17900.0,100,Buy,224464835
2024-07-18 14:22:38,17800.0,5900,Buy,224464830
2024-07-18 14:22:38,17900.0,200,Buy,224464833
2024-07-18 14:22:38,17900.0,1500,Buy,224464832
2024-07-18 14:22:38,17900.0,200,Buy,224464831
2024-07-18 14:22:38,17900.0,100,Buy,224464834
2024-07-18 14:22:48,17750.0,5400,Sell,224465333
2024-07-18 14:22:48,17750.0,100,Sell,224465332
2024-07-18 14:22:48,17750.0,100,Sell,224465330
2024-07-18 14:22:48,17750.0,100,Sell,224465329
2024-07-18 14:22:48,17750.0,100,Sell,224465331
2024-07-18 14:22:48,17750.0,600,Sell,224465327
2024-07-18 14:22:48,17750.0,1000,Sell,224465326
2024-07-18 14:22:48,17750.0,100,Sell,224465325
2024-07-18 14:22:48,17750.0,1000,Sell,224465324
2024-07-18 14:22:48,17750.0,500,Sell,224465328
2024-07-18 14:22:57,17850.0,9000,Buy,224466001
2024-07-18 14:23:00,17750.0,500,Sell,224466271
2024-07-18 14:23:16,17850.0,500,Sell,224467372
2024-07-18 14:23:17,17850.0,8500,Sell,224467440
2024-07-18 14:23:17,17850.0,500,Sell,224467441
2024-07-18 14:23:19,17850.0,500,Sell,224467577
2024-07-18 14:23:25,17750.0,300,Sell,224468024
2024-07-18 14:23:30,17800.0,9000,Buy,224468171
2024-07-18 14:23:42,17900.0,500,Buy,224468895
2024-07-18 14:23:42,17900.0,4800,Buy,224468902
2024-07-18 14:23:42,17900.0,1000,Buy,224468901
2024-07-18 14:23:42,17900.0,500,Buy,224468900
2024-07-18 14:23:42,17900.0,700,Buy,224468894
2024-07-18 14:23:42,17900.0,1000,Buy,224468898
2024-07-18 14:23:42,17900.0,100,Buy,224468897
2024-07-18 14:23:42,17900.0,200,Buy,224468896
2024-07-18 14:23:42,17900.0,200,Buy,224468899
2024-07-18 14:23:46,17850.0,900,Sell,224469270
2024-07-18 14:23:46,17800.0,3000,Sell,224469271
2024-07-18 14:23:46,17800.0,3000,Sell,224469272
2024-07-18 14:23:46,17750.0,2100,Sell,224469273
2024-07-18 14:23:57,17850.0,2000,Buy,224469943
2024-07-18 14:24:06,17850.0,4100,Buy,224470473
2024-07-18 14:24:14,17800.0,1000,Sell,224471016
2024-07-18 14:24:14,17750.0,1700,Sell,224471017
2024-07-18 14:24:14,17750.0,100,Sell,224471018
2024-07-18 14:24:14,17750.0,1000,Sell,224471019
2024-07-18 14:24:14,17750.0,100,Sell,224471020
2024-07-18 14:24:14,17750.0,2000,Sell,224471021
2024-07-18 14:24:14,17750.0,2000,Sell,224471022
2024-07-18 14:24:14,17800.0,1000,Sell,224471014
2024-07-18 14:24:14,17800.0,100,Sell,224471015
2024-07-18 14:24:16,17800.0,2900,Buy,224471199
2024-07-18 14:24:20,17800.0,3300,Buy,224471414
2024-07-18 14:24:22,17800.0,500,Buy,224471518
2024-07-18 14:24:23,17800.0,1000,Buy,224471544
2024-07-18 14:24:24,17850.0,2900,Buy,224471594
2024-07-18 14:24:24,17900.0,2400,Buy,224471626
2024-07-18 14:24:24,17800.0,1300,Buy,224471593
2024-07-18 14:24:24,17850.0,2400,Buy,224471595
2024-07-18 14:24:26,17750.0,500,Sell,224471760
2024-07-18 14:24:27,17750.0,9000,Sell,224471871
2024-07-18 14:24:39,17800.0,300,Buy,224472670
2024-07-18 14:24:41,17800.0,500,Sell,224472783
2024-07-18 14:24:43,17800.0,8200,Sell,224472988
2024-07-18 14:24:43,17750.0,800,Sell,224472989
2024-07-18 14:24:44,17750.0,500,Sell,224473129
2024-07-18 14:24:54,17750.0,300,Sell,224473661
2024-07-18 14:24:59,17850.0,600,Buy,224473901
2024-07-18 14:24:59,17900.0,2800,Buy,224473902
2024-07-18 14:24:59,17900.0,2000,Buy,224473903
2024-07-18 14:24:59,17900.0,3600,Buy,224473904
2024-07-18 14:25:18,17900.0,1600,Buy,224475173
2024-07-18 14:25:18,17900.0,900,Buy,224475172
2024-07-18 14:25:18,17900.0,1000,Buy,224475170
2024-07-18 14:25:18,17900.0,3400,Buy,224475168
2024-07-18 14:25:18,17900.0,200,Buy,224475171
2024-07-18 14:25:18,17900.0,1900,Buy,224475169
2024-07-18 14:25:21,17900.0,3400,Buy,224475282
2024-07-18 14:25:21,17900.0,2000,Buy,224475283
2024-07-18 14:25:21,17900.0,1400,Buy,224475284
2024-07-18 14:25:21,17900.0,1200,Buy,224475285
2024-07-18 14:25:21,17900.0,1000,Buy,224475286
2024-07-18 14:25:31,17850.0,100,Buy,224476155
2024-07-18 14:25:33,17850.0,2000,Buy,224476280
2024-07-18 14:25:36,17800.0,400,Sell,224476470
2024-07-18 14:25:36,17800.0,100,Sell,224476469
2024-07-18 14:25:36,17850.0,3000,Buy,224476413
2024-07-18 14:25:48,17900.0,500,Buy,224477360
2024-07-18 14:25:48,17850.0,3900,Buy,224477357
2024-07-18 14:25:48,17850.0,100,Buy,224477358
2024-07-18 14:25:48,17900.0,4500,Buy,224477359
2024-07-18 14:25:51,17850.0,500,Sell,224477614
2024-07-18 14:25:53,17850.0,500,Sell,224477764
2024-07-18 14:26:01,17850.0,300,Sell,224478277
2024-07-18 14:26:02,17900.0,4500,Buy,224478344
2024-07-18 14:26:02,17900.0,300,Buy,224478345
2024-07-18 14:26:02,17900.0,2000,Buy,224478346
2024-07-18 14:26:02,17900.0,2200,Buy,224478347
2024-07-18 14:26:05,17800.0,300,Sell,224478607
2024-07-18 14:26:05,17850.0,8700,Sell,224478606
2024-07-18 14:26:18,17900.0,9000,Buy,224479779
2024-07-18 14:26:21,17800.0,300,Sell,224480135
2024-07-18 14:26:25,17900.0,1800,Buy,224480483
2024-07-18 14:26:25,17900.0,1000,Buy,224480484
2024-07-18 14:26:25,17900.0,2000,Buy,224480485
2024-07-18 14:26:25,17900.0,700,Buy,224480486
2024-07-18 14:26:25,17900.0,100,Buy,224480487
2024-07-18 14:26:25,17900.0,4400,Buy,224480488
2024-07-18 14:26:39,17900.0,5500,Buy,224481482
2024-07-18 14:26:39,17900.0,2000,Buy,224481483
2024-07-18 14:26:39,17900.0,1500,Buy,224481484
2024-07-18 14:26:42,17850.0,500,Sell,224481753
2024-07-18 14:26:48,17900.0,7000,Buy,224482190
2024-07-18 14:26:48,17900.0,1500,Buy,224482163
2024-07-18 14:26:48,17900.0,500,Buy,224482189
2024-07-18 14:26:56,17850.0,500,Sell,224482747
2024-07-18 14:26:59,17850.0,500,Sell,224482903
2024-07-18 14:27:02,17850.0,9000,Sell,224483159
2024-07-18 14:27:07,17850.0,300,Sell,224483534
2024-07-18 14:27:09,17900.0,3000,Buy,224483623
2024-07-18 14:27:09,17900.0,2000,Buy,224483625
2024-07-18 14:27:20,17900.0,2500,Buy,224484361
2024-07-18 14:27:20,17900.0,100,Buy,224484373
2024-07-18 14:27:25,17900.0,100,Buy,224484736
2024-07-18 14:27:28,17900.0,9000,Buy,224485093
2024-07-18 14:27:37,17900.0,5000,Buy,224485900
2024-07-18 14:27:45,17900.0,10000,Buy,224486552
2024-07-18 14:27:54,17900.0,7600,Buy,224487170
2024-07-18 14:27:54,17900.0,1400,Buy,224487171
2024-07-18 14:27:56,17900.0,10000,Buy,224487437
2024-07-18 14:27:56,17900.0,5000,Buy,224487435
2024-07-18 14:27:56,17900.0,23100,Buy,224487436
2024-07-18 14:27:56,17900.0,1900,Buy,224487434
2024-07-18 14:28:00,17900.0,1300,Buy,224487716
2024-07-18 14:28:02,17850.0,200,Sell,224487836
2024-07-18 14:28:02,17850.0,300,Sell,224487837
2024-07-18 14:28:15,17850.0,200,Sell,224488903
2024-07-18 14:28:15,17850.0,300,Sell,224488904
2024-07-18 14:28:16,17900.0,6700,Buy,224488986
2024-07-18 14:28:16,17900.0,1000,Buy,224488987
2024-07-18 14:28:16,17900.0,5000,Buy,224488988
2024-07-18 14:28:16,17900.0,15000,Buy,224488989
2024-07-18 14:28:16,17900.0,1100,Buy,224488990
2024-07-18 14:28:18,17900.0,500,Sell,224489143
2024-07-18 14:28:22,17950.0,800,Buy,224489440
2024-07-18 14:28:22,17950.0,200,Buy,224489441
2024-07-18 14:28:24,17900.0,300,Sell,224489574
2024-07-18 14:28:28,17950.0,200,Buy,224489834
2024-07-18 14:28:28,17950.0,100,Buy,224489835
2024-07-18 14:28:28,17950.0,1000,Buy,224489836
2024-07-18 14:28:28,17950.0,100,Buy,224489837
2024-07-18 14:28:28,17950.0,1200,Buy,224489838
2024-07-18 14:28:28,17950.0,6400,Buy,224489861
2024-07-18 14:28:32,17900.0,400,Sell,224490136
2024-07-18 14:28:32,17900.0,2600,Sell,224490137
2024-07-18 14:28:40,17950.0,300,Buy,224490812
2024-07-18 14:28:41,17950.0,8700,Buy,224490842
2024-07-18 14:28:41,17950.0,500,Buy,224490841
2024-07-18 14:28:41,17950.0,100,Buy,224490840
2024-07-18 14:28:41,17950.0,600,Buy,224490838
2024-07-18 14:28:41,17950.0,100,Buy,224490837
2024-07-18 14:28:41,17950.0,8300,Buy,224490836
2024-07-18 14:28:41,17950.0,1700,Buy,224490839
2024-07-18 14:28:46,17950.0,9000,Buy,224491306
2024-07-18 14:28:49,17950.0,2300,Buy,224491636
2024-07-18 14:28:49,17950.0,500,Buy,224491637
2024-07-18 14:28:49,17950.0,100,Buy,224491638
2024-07-18 14:28:49,17950.0,1100,Buy,224491639
2024-07-18 14:28:49,17950.0,1000,Buy,224491640
2024-07-18 14:28:49,17950.0,1400,Buy,224491641
2024-07-18 14:28:52,17950.0,200,Buy,224491876
2024-07-18 14:28:52,17950.0,100,Buy,224491905
2024-07-18 14:28:54,17950.0,3100,Buy,224492044
2024-07-18 14:28:54,17950.0,800,Buy,224492043
2024-07-18 14:28:54,17950.0,100,Buy,224492040
2024-07-18 14:28:54,17950.0,1000,Buy,224492041
2024-07-18 14:28:54,17950.0,300,Buy,224492039
2024-07-18 14:28:54,17950.0,100,Buy,224492042
2024-07-18 14:28:56,17950.0,100,Buy,224492268
2024-07-18 14:28:58,17950.0,1000,Buy,224492439
2024-07-18 14:29:01,17900.0,100,Sell,224492649
2024-07-18 14:29:01,17900.0,100,Sell,224492650
2024-07-18 14:29:01,17850.0,300,Sell,224492651
2024-07-18 14:29:06,18000.0,100,Buy,224493064
2024-07-18 14:29:06,18000.0,1000,Buy,224493065
2024-07-18 14:29:06,18000.0,500,Buy,224493066
2024-07-18 14:29:06,18000.0,1000,Buy,224493067
2024-07-18 14:29:06,18000.0,1000,Buy,224493068
2024-07-18 14:29:06,18000.0,500,Buy,224493069
2024-07-18 14:29:06,18000.0,100,Buy,224493070
2024-07-18 14:29:06,18000.0,1000,Buy,224493073
2024-07-18 14:29:06,18000.0,1000,Buy,224493072
2024-07-18 14:29:06,18000.0,100,Buy,224493062
2024-07-18 14:29:06,18000.0,100,Buy,224493074
2024-07-18 14:29:06,18000.0,1000,Buy,224493075
2024-07-18 14:29:06,18000.0,100,Buy,224493076
2024-07-18 14:29:06,18000.0,10000,Buy,224493077
2024-07-18 14:29:06,18000.0,300,Buy,224493078
2024-07-18 14:29:06,18000.0,2000,Buy,224493071
2024-07-18 14:29:06,18000.0,500,Buy,224493061
2024-07-18 14:29:06,18000.0,2000,Buy,224493063
2024-07-18 14:29:06,18000.0,200,Buy,224493059
2024-07-18 14:29:06,17950.0,3800,Buy,224493042
2024-07-18 14:29:06,17950.0,5000,Buy,224493043
2024-07-18 14:29:06,18000.0,100,Buy,224493060
2024-07-18 14:29:06,17950.0,1000,Buy,224493045
2024-07-18 14:29:06,17950.0,1000,Buy,224493046
2024-07-18 14:29:06,17950.0,100,Buy,224493047
2024-07-18 14:29:06,17950.0,1000,Buy,224493048
2024-07-18 14:29:06,17950.0,200,Buy,224493049
2024-07-18 14:29:06,17950.0,100,Buy,224493044
2024-07-18 14:29:06,17950.0,400,Buy,224493051
2024-07-18 14:29:06,17950.0,200,Buy,224493052
2024-07-18 14:29:06,17950.0,1500,Buy,224493053
2024-07-18 14:29:06,17950.0,5000,Buy,224493054
2024-07-18 14:29:06,17950.0,2000,Buy,224493055
2024-07-18 14:29:06,17950.0,100,Buy,224493056
2024-07-18 14:29:06,17950.0,4000,Buy,224493057
2024-07-18 14:29:06,18000.0,1500,Buy,224493058
2024-07-18 14:29:06,17950.0,500,Buy,224493050
2024-07-18 14:29:09,18000.0,700,Buy,224493308
2024-07-18 14:29:09,18000.0,200,Buy,224493307
2024-07-18 14:29:09,18000.0,1500,Buy,224493306
2024-07-18 14:29:09,18000.0,200,Buy,224493303
2024-07-18 14:29:09,18000.0,200,Buy,224493304
2024-07-18 14:29:09,18000.0,1000,Buy,224493302
2024-07-18 14:29:09,18000.0,4700,Buy,224493301
2024-07-18 14:29:09,18000.0,500,Buy,224493305
2024-07-18 14:29:17,17900.0,100,Sell,224493921
2024-07-18 14:29:17,17850.0,400,Sell,224493922
2024-07-18 14:29:20,17850.0,500,Sell,224494133
2024-07-18 14:29:28,17850.0,300,Sell,224494749
2024-07-18 14:44:41,18000.0,364500,ATO/ATC,224496905
