time,price,volume,match_type,id
2024-07-23 09:14:40,18650.0,29600,ATO/ATC,225457690
2024-07-23 09:14:41,18600.0,200,Sell,225457804
2024-07-23 09:14:41,18650.0,300,Buy,225457868
2024-07-23 09:14:55,18650.0,100,Buy,225458122
2024-07-23 09:15:21,18650.0,100,Buy,225458473
2024-07-23 09:15:40,18650.0,700,Buy,225458727
2024-07-23 09:15:43,18650.0,100,Buy,225458762
2024-07-23 09:15:49,18650.0,200,Buy,225458870
2024-07-23 09:16:08,18650.0,2900,Buy,225459203
2024-07-23 09:16:15,18650.0,1100,Buy,225459338
2024-07-23 09:16:15,18650.0,900,Buy,225459339
2024-07-23 09:16:21,18650.0,3000,Buy,225459439
2024-07-23 09:16:27,18650.0,500,Buy,225459547
2024-07-23 09:16:27,18650.0,1000,Buy,225459549
2024-07-23 09:16:27,18650.0,6100,Buy,225459545
2024-07-23 09:16:27,18650.0,100,Buy,225459546
2024-07-23 09:16:27,18650.0,100,Buy,225459548
2024-07-23 09:16:48,18700.0,500,Buy,225459919
2024-07-23 09:16:49,18650.0,100,Sell,225459950
2024-07-23 09:16:50,18700.0,200,Buy,225459978
2024-07-23 09:16:50,18700.0,300,Buy,225459979
2024-07-23 09:17:01,18700.0,100,Buy,225460186
2024-07-23 09:17:01,18700.0,100,Buy,225460187
2024-07-23 09:17:01,18700.0,100,Buy,225460188
2024-07-23 09:17:01,18700.0,200,Buy,225460189
2024-07-23 09:17:03,18700.0,100,Buy,225460242
2024-07-23 09:17:37,18700.0,1000,Buy,225460897
2024-07-23 09:17:52,18700.0,100,Buy,225461202
2024-07-23 09:18:09,18700.0,300,Buy,225461579
2024-07-23 09:18:09,18700.0,100,Buy,225461578
2024-07-23 09:18:09,18700.0,2000,Buy,225461577
2024-07-23 09:18:09,18700.0,3600,Buy,225461573
2024-07-23 09:18:09,18700.0,3000,Buy,225461575
2024-07-23 09:18:09,18700.0,500,Buy,225461574
2024-07-23 09:18:09,18700.0,500,Buy,225461576
2024-07-23 09:18:11,18700.0,100,Buy,225461598
2024-07-23 09:18:11,18700.0,100,Buy,225461599
2024-07-23 09:18:11,18700.0,200,Buy,225461600
2024-07-23 09:18:23,18700.0,500,Buy,225461857
2024-07-23 09:18:23,18700.0,8900,Buy,225461858
2024-07-23 09:18:23,18700.0,100,Buy,225461856
2024-07-23 09:18:23,18700.0,500,Buy,225461855
2024-07-23 09:18:39,18700.0,500,Buy,225462188
2024-07-23 09:18:59,18700.0,600,Buy,225462586
2024-07-23 09:18:59,18700.0,500,Buy,225462587
2024-07-23 09:18:59,18700.0,3900,Buy,225462588
2024-07-23 09:19:03,18700.0,300,Buy,225462683
2024-07-23 09:19:12,18700.0,100,Buy,225462860
2024-07-23 09:19:12,18700.0,1000,Buy,225462859
2024-07-23 09:19:23,18650.0,500,Sell,225463143
2024-07-23 09:19:48,18650.0,500,Sell,225463771
2024-07-23 09:19:50,18650.0,5000,Sell,225463827
2024-07-23 09:19:58,18650.0,1000,Sell,225464027
2024-07-23 09:20:02,18650.0,300,Sell,225464107
2024-07-23 09:20:05,18650.0,500,Sell,225464179
2024-07-23 09:20:05,18700.0,200,Buy,225464180
2024-07-23 09:20:07,18650.0,400,Sell,225464237
2024-07-23 09:20:27,18650.0,1000,Sell,225464742
2024-07-23 09:20:36,18650.0,200,Sell,225464939
2024-07-23 09:20:42,18700.0,100,Buy,225465043
2024-07-23 09:20:42,18650.0,500,Sell,225465061
2024-07-23 09:20:56,18650.0,200,Sell,225465410
2024-07-23 09:21:20,18650.0,5400,Sell,225466057
2024-07-23 09:21:25,18700.0,100,Buy,225466170
2024-07-23 09:21:25,18700.0,100,Buy,225466169
2024-07-23 09:21:48,18700.0,900,Buy,225466605
2024-07-23 09:21:48,18700.0,100,Buy,225466606
2024-07-23 09:21:54,18650.0,1000,Sell,225466722
2024-07-23 09:22:06,18700.0,1000,Buy,225467027
2024-07-23 09:22:06,18700.0,200,Buy,225467026
2024-07-23 09:22:06,18700.0,500,Buy,225467025
2024-07-23 09:22:06,18700.0,500,Buy,225467024
2024-07-23 09:22:06,18700.0,100,Buy,225467023
2024-07-23 09:22:06,18700.0,100,Buy,225467022
2024-07-23 09:22:06,18700.0,5600,Buy,225467018
2024-07-23 09:22:06,18700.0,1000,Buy,225467017
2024-07-23 09:22:06,18700.0,100,Buy,225467016
2024-07-23 09:22:06,18700.0,500,Buy,225467015
2024-07-23 09:22:06,18700.0,400,Buy,225467019
2024-07-23 09:22:09,18700.0,100,Buy,225467088
2024-07-23 09:22:23,18700.0,2000,Buy,225467471
2024-07-23 09:22:23,18700.0,100,Buy,225467472
2024-07-23 09:22:25,18700.0,500,Buy,225467517
2024-07-23 09:22:26,18700.0,500,Buy,225467599
2024-07-23 09:22:26,18700.0,100,Buy,225467600
2024-07-23 09:22:26,18700.0,500,Buy,225467601
2024-07-23 09:22:26,18700.0,100,Buy,225467602
2024-07-23 09:22:26,18700.0,100,Buy,225467603
2024-07-23 09:22:26,18700.0,300,Buy,225467608
2024-07-23 09:22:26,18700.0,500,Buy,225467605
2024-07-23 09:22:26,18700.0,1000,Buy,225467606
2024-07-23 09:22:26,18700.0,4900,Buy,225467609
2024-07-23 09:22:26,18700.0,100,Buy,225467598
2024-07-23 09:22:26,18700.0,100,Buy,225467604
2024-07-23 09:22:26,18700.0,100,Buy,225467597
2024-07-23 09:22:26,18700.0,1000,Buy,225467607
2024-07-23 09:22:26,18700.0,100,Buy,225467595
2024-07-23 09:22:26,18700.0,100,Buy,225467585
2024-07-23 09:22:26,18700.0,1000,Buy,225467586
2024-07-23 09:22:26,18700.0,1900,Buy,225467584
2024-07-23 09:22:26,18700.0,300,Buy,225467587
2024-07-23 09:22:26,18700.0,500,Buy,225467588
2024-07-23 09:22:26,18700.0,5000,Buy,225467596
2024-07-23 09:22:26,18700.0,2000,Buy,225467590
2024-07-23 09:22:26,18700.0,3000,Buy,225467591
2024-07-23 09:22:26,18700.0,500,Buy,225467592
2024-07-23 09:22:26,18700.0,500,Buy,225467593
2024-07-23 09:22:26,18700.0,700,Buy,225467594
2024-07-23 09:22:26,18700.0,100,Buy,225467589
2024-07-23 09:22:56,18700.0,2000,Buy,225468374
2024-07-23 09:22:59,18700.0,1100,Buy,225468458
2024-07-23 09:23:05,18650.0,3000,Sell,225468599
2024-07-23 09:23:21,18700.0,100,Buy,225468941
2024-07-23 09:23:42,18700.0,4900,Buy,225469500
2024-07-23 09:23:42,18700.0,100,Buy,225469495
2024-07-23 09:23:42,18700.0,3000,Buy,225469499
2024-07-23 09:23:43,18700.0,2100,Buy,225469523
2024-07-23 09:23:50,18700.0,300,Buy,225469703
2024-07-23 09:24:06,18700.0,2000,Buy,225470091
2024-07-23 09:24:18,18650.0,100,Sell,225470350
2024-07-23 09:24:18,18650.0,200,Sell,225470351
2024-07-23 09:24:18,18650.0,100,Sell,225470348
2024-07-23 09:24:18,18650.0,1000,Sell,225470349
2024-07-23 09:24:18,18650.0,10000,Sell,225470346
2024-07-23 09:24:18,18650.0,100,Sell,225470347
2024-07-23 09:24:18,18650.0,3000,Sell,225470345
2024-07-23 09:24:18,18650.0,1000,Sell,225470344
2024-07-23 09:24:18,18650.0,4500,Sell,225470343
2024-07-23 09:24:37,18700.0,1200,Buy,225470785
2024-07-23 09:24:37,18700.0,3700,Buy,225470783
2024-07-23 09:24:37,18700.0,100,Buy,225470784
2024-07-23 09:24:39,18650.0,1000,Sell,225470813
2024-07-23 09:24:45,18650.0,500,Sell,225470901
2024-07-23 09:25:09,18650.0,1700,Sell,225471392
2024-07-23 09:25:09,18650.0,100,Sell,225471390
2024-07-23 09:25:09,18650.0,500,Sell,225471389
2024-07-23 09:25:09,18650.0,5000,Sell,225471388
2024-07-23 09:25:09,18650.0,1000,Sell,225471391
2024-07-23 09:25:09,18650.0,5000,Sell,225471386
2024-07-23 09:25:09,18650.0,200,Sell,225471385
2024-07-23 09:25:09,18650.0,3000,Sell,225471384
2024-07-23 09:25:09,18650.0,100,Sell,225471383
2024-07-23 09:25:09,18650.0,3300,Sell,225471382
2024-07-23 09:25:09,18650.0,100,Sell,225471387
2024-07-23 09:25:13,18650.0,100,Sell,225471521
2024-07-23 09:25:13,18650.0,500,Sell,225471522
2024-07-23 09:25:13,18650.0,400,Sell,225471523
2024-07-23 09:25:13,18650.0,1000,Sell,225471524
2024-07-23 09:25:14,18650.0,1000,Sell,225471527
2024-07-23 09:26:01,18650.0,100,Buy,225472604
2024-07-23 09:26:01,18650.0,900,Buy,225472605
2024-07-23 09:26:34,18650.0,1000,Buy,225473231
2024-07-23 09:26:48,18650.0,300,Buy,225473517
2024-07-23 09:26:48,18650.0,500,Buy,225473515
2024-07-23 09:26:48,18650.0,100,Buy,225473514
2024-07-23 09:26:48,18650.0,200,Buy,225473516
2024-07-23 09:27:27,18650.0,100,Buy,225474288
2024-07-23 09:28:05,18650.0,200,Buy,225474938
2024-07-23 09:28:43,18650.0,100,Buy,225475567
2024-07-23 09:28:45,18650.0,100,Buy,225475628
2024-07-23 09:29:14,18650.0,200,Buy,225476369
2024-07-23 09:29:22,18650.0,100,Buy,225476529
2024-07-23 09:29:22,18650.0,3000,Buy,225476526
2024-07-23 09:29:22,18650.0,200,Buy,225476525
2024-07-23 09:29:22,18650.0,100,Buy,225476528
2024-07-23 09:29:22,18650.0,100,Buy,225476523
2024-07-23 09:29:22,18650.0,300,Buy,225476524
2024-07-23 09:29:22,18650.0,500,Buy,225476520
2024-07-23 09:29:22,18650.0,1000,Buy,225476527
2024-07-23 09:29:22,18650.0,600,Buy,225476522
2024-07-23 09:29:22,18650.0,100,Buy,225476521
2024-07-23 09:29:50,18600.0,100,Sell,225477162
2024-07-23 09:29:50,18600.0,200,Sell,225477163
2024-07-23 09:29:50,18600.0,100,Sell,225477164
2024-07-23 09:29:50,18600.0,100,Sell,225477166
2024-07-23 09:29:50,18600.0,1000,Sell,225477167
2024-07-23 09:29:50,18600.0,900,Sell,225477168
2024-07-23 09:29:50,18600.0,100,Sell,225477165
2024-07-23 09:30:22,18650.0,300,Buy,225477791
2024-07-23 09:31:44,18650.0,100,Buy,225479582
2024-07-23 09:33:03,18600.0,7900,Sell,225481104
2024-07-23 09:33:03,18600.0,2100,Sell,225481103
2024-07-23 09:33:07,18650.0,100,Buy,225481254
2024-07-23 09:34:03,18650.0,300,Buy,225482363
2024-07-23 09:34:03,18650.0,200,Buy,225482359
2024-07-23 09:34:37,18600.0,2500,Sell,225483068
2024-07-23 09:34:43,18600.0,100,Sell,225483228
2024-07-23 09:34:49,18600.0,500,Sell,225483359
2024-07-23 09:34:49,18600.0,500,Sell,225483360
2024-07-23 09:34:49,18600.0,300,Sell,225483361
2024-07-23 09:34:49,18600.0,300,Sell,225483362
2024-07-23 09:34:49,18600.0,2500,Sell,225483363
2024-07-23 09:34:49,18600.0,5000,Sell,225483364
2024-07-23 09:34:49,18600.0,100,Sell,225483365
2024-07-23 09:34:49,18600.0,100,Sell,225483366
2024-07-23 09:34:49,18600.0,900,Sell,225483367
2024-07-23 09:34:49,18600.0,700,Sell,225483368
2024-07-23 09:34:49,18600.0,4000,Sell,225483370
2024-07-23 09:34:49,18600.0,800,Sell,225483371
2024-07-23 09:34:49,18600.0,3200,Sell,225483372
2024-07-23 09:34:49,18600.0,100,Sell,225483373
2024-07-23 09:34:49,18600.0,200,Sell,225483374
2024-07-23 09:34:49,18600.0,5000,Sell,225483375
2024-07-23 09:34:49,18600.0,2000,Sell,225483376
2024-07-23 09:34:49,18600.0,1000,Sell,225483377
2024-07-23 09:34:49,18600.0,500,Sell,225483378
2024-07-23 09:34:49,18600.0,500,Sell,225483358
2024-07-23 09:34:49,18600.0,900,Sell,225483369
2024-07-23 09:34:49,18600.0,2000,Sell,225483356
2024-07-23 09:34:49,18600.0,1000,Sell,225483357
2024-07-23 09:34:49,18600.0,50000,Sell,225483354
2024-07-23 09:34:49,18600.0,100,Sell,225483332
2024-07-23 09:34:49,18600.0,100,Sell,225483333
2024-07-23 09:34:49,18600.0,300,Sell,225483334
2024-07-23 09:34:49,18600.0,100,Sell,225483335
2024-07-23 09:34:49,18600.0,4000,Sell,225483336
2024-07-23 09:34:49,18600.0,100,Sell,225483337
2024-07-23 09:34:49,18600.0,100,Sell,225483338
2024-07-23 09:34:49,18600.0,300,Sell,225483339
2024-07-23 09:34:49,18600.0,700,Sell,225483340
2024-07-23 09:34:49,18600.0,800,Sell,225483341
2024-07-23 09:34:49,18600.0,500,Sell,225483355
2024-07-23 09:34:49,18600.0,100,Sell,225483342
2024-07-23 09:34:49,18600.0,2000,Sell,225483344
2024-07-23 09:34:49,18600.0,500,Sell,225483345
2024-07-23 09:34:49,18600.0,5000,Sell,225483346
2024-07-23 09:34:49,18600.0,2700,Sell,225483347
2024-07-23 09:34:49,18600.0,500,Sell,225483348
2024-07-23 09:34:49,18600.0,2000,Sell,225483349
2024-07-23 09:34:49,18600.0,500,Sell,225483350
2024-07-23 09:34:49,18600.0,300,Sell,225483351
2024-07-23 09:34:49,18600.0,1000,Sell,225483353
2024-07-23 09:34:49,18600.0,9500,Sell,225483331
2024-07-23 09:34:49,18600.0,100,Sell,225483343
2024-07-23 09:35:33,18550.0,100,Sell,225484265
2024-07-23 09:35:35,18600.0,200,Buy,225484319
2024-07-23 09:35:35,18600.0,600,Buy,225484317
2024-07-23 09:35:35,18600.0,200,Buy,225484318
2024-07-23 09:36:17,18600.0,100,Buy,225485058
2024-07-23 09:36:24,18600.0,100,Buy,225485163
2024-07-23 09:36:51,18600.0,300,Buy,225485711
2024-07-23 09:37:42,18550.0,900,Sell,225486831
2024-07-23 09:37:42,18550.0,400,Sell,225486832
2024-07-23 09:37:42,18550.0,500,Sell,225486833
2024-07-23 09:37:42,18550.0,1200,Sell,225486834
2024-07-23 09:37:53,18550.0,300,Sell,225487020
2024-07-23 09:37:57,18550.0,100,Sell,225487111
2024-07-23 09:38:07,18550.0,400,Sell,225487279
2024-07-23 09:38:07,18550.0,200,Sell,225487278
2024-07-23 09:38:07,18550.0,1400,Sell,225487277
2024-07-23 09:38:12,18550.0,200,Sell,225487381
2024-07-23 09:38:20,18550.0,400,Sell,225487498
2024-07-23 09:38:28,18550.0,3000,Sell,225487656
2024-07-23 09:38:56,18550.0,1600,Sell,225488289
2024-07-23 09:38:57,18550.0,100,Sell,225488332
2024-07-23 09:38:57,18550.0,1700,Sell,225488335
2024-07-23 09:38:57,18550.0,300,Sell,225488334
2024-07-23 09:38:57,18550.0,1800,Sell,225488333
2024-07-23 09:38:57,18550.0,100,Sell,225488331
2024-07-23 09:38:57,18550.0,200,Sell,225488325
2024-07-23 09:38:57,18550.0,2400,Sell,225488329
2024-07-23 09:38:57,18550.0,100,Sell,225488328
2024-07-23 09:38:57,18550.0,100,Sell,225488327
2024-07-23 09:38:57,18550.0,100,Sell,225488326
2024-07-23 09:38:57,18550.0,400,Sell,225488324
2024-07-23 09:38:57,18550.0,100,Sell,225488330
2024-07-23 09:38:58,18550.0,100,Sell,225488376
2024-07-23 09:38:58,18550.0,200,Sell,225488377
2024-07-23 09:39:00,18550.0,100,Sell,225488410
2024-07-23 09:39:15,18500.0,100,Sell,225488736
2024-07-23 09:39:17,18500.0,100,Sell,225488804
2024-07-23 09:39:30,18550.0,900,Buy,225489069
2024-07-23 09:39:31,18550.0,100,Sell,225489085
2024-07-23 09:39:31,18500.0,200,Sell,225489087
2024-07-23 09:39:38,18550.0,1000,Buy,225489213
2024-07-23 09:39:38,18500.0,2500,Sell,225489204
2024-07-23 09:39:38,18500.0,200,Sell,225489203
2024-07-23 09:39:38,18500.0,195700,Sell,225489205
2024-07-23 09:39:38,18500.0,500,Sell,225489201
2024-07-23 09:39:38,18500.0,100,Sell,225489200
2024-07-23 09:39:38,18500.0,400,Sell,225489199
2024-07-23 09:39:38,18500.0,600,Sell,225489202
2024-07-23 09:39:43,18500.0,500,Sell,225489312
2024-07-23 09:39:43,18500.0,200,Sell,225489313
2024-07-23 09:39:43,18500.0,900,Sell,225489314
2024-07-23 09:39:43,18500.0,1000,Sell,225489315
2024-07-23 09:39:43,18500.0,500,Sell,225489316
2024-07-23 09:39:43,18500.0,1000,Sell,225489317
2024-07-23 09:39:43,18500.0,300,Sell,225489318
2024-07-23 09:39:43,18500.0,1000,Sell,225489319
2024-07-23 09:39:43,18500.0,2000,Sell,225489321
2024-07-23 09:39:43,18500.0,200,Sell,225489322
2024-07-23 09:39:43,18500.0,200,Sell,225489323
2024-07-23 09:39:43,18500.0,100,Sell,225489324
2024-07-23 09:39:43,18500.0,700,Sell,225489311
2024-07-23 09:39:43,18500.0,200,Sell,225489326
2024-07-23 09:39:43,18500.0,3000,Sell,225489327
2024-07-23 09:39:43,18500.0,1000,Sell,225489328
2024-07-23 09:39:43,18500.0,100,Sell,225489320
2024-07-23 09:39:43,18500.0,100,Sell,225489310
2024-07-23 09:39:43,18500.0,5000,Sell,225489325
2024-07-23 09:39:43,18500.0,1000,Sell,225489308
2024-07-23 09:39:43,18500.0,227300,Sell,225489289
2024-07-23 09:39:43,18500.0,100,Sell,225489290
2024-07-23 09:39:43,18500.0,15000,Sell,225489291
2024-07-23 09:39:43,18500.0,500,Sell,225489292
2024-07-23 09:39:43,18500.0,100,Sell,225489293
2024-07-23 09:39:43,18500.0,2000,Sell,225489294
2024-07-23 09:39:43,18500.0,600,Sell,225489295
2024-07-23 09:39:43,18500.0,900,Sell,225489296
2024-07-23 09:39:43,18500.0,200,Sell,225489309
2024-07-23 09:39:43,18500.0,5000,Sell,225489298
2024-07-23 09:39:43,18500.0,200,Sell,225489301
2024-07-23 09:39:43,18500.0,200,Sell,225489302
2024-07-23 09:39:43,18500.0,2700,Sell,225489303
2024-07-23 09:39:43,18500.0,800,Sell,225489304
2024-07-23 09:39:43,18500.0,1000,Sell,225489305
2024-07-23 09:39:43,18500.0,200,Sell,225489306
2024-07-23 09:39:43,18500.0,4300,Sell,225489307
2024-07-23 09:39:43,18500.0,200,Sell,225489297
2024-07-23 09:39:49,18450.0,100,Sell,225489460
2024-07-23 09:39:49,18450.0,300,Sell,225489459
2024-07-23 09:39:49,18450.0,100,Sell,225489458
2024-07-23 09:39:49,18450.0,2000,Sell,225489457
2024-07-23 09:39:49,18450.0,3900,Sell,225489456
2024-07-23 09:39:49,18450.0,1000,Sell,225489450
2024-07-23 09:39:49,18450.0,100,Sell,225489452
2024-07-23 09:39:49,18450.0,20000,Sell,225489451
2024-07-23 09:39:49,18450.0,500,Sell,225489449
2024-07-23 09:39:49,18450.0,200,Sell,225489448
2024-07-23 09:39:49,18450.0,100,Sell,225489447
2024-07-23 09:39:49,18450.0,6100,Sell,225489453
2024-07-23 09:39:50,18450.0,500,Sell,225489468
2024-07-23 09:39:50,18450.0,1800,Sell,225489467
2024-07-23 09:39:50,18450.0,200,Sell,225489464
2024-07-23 09:39:50,18450.0,100,Sell,225489465
2024-07-23 09:39:50,18450.0,1000,Sell,225489466
2024-07-23 09:39:59,18450.0,400,Sell,225489670
2024-07-23 09:39:59,18450.0,500,Sell,225489668
2024-07-23 09:39:59,18450.0,100,Sell,225489669
2024-07-23 09:40:02,18450.0,100,Sell,225489761
2024-07-23 09:40:14,18500.0,100,Buy,225490009
2024-07-23 09:40:33,18450.0,300,Buy,225490387
2024-07-23 09:40:44,18450.0,100,Sell,225490633
2024-07-23 09:40:51,18450.0,200,Buy,225490778
2024-07-23 09:40:56,18500.0,700,Buy,225490856
2024-07-23 09:40:58,18500.0,100,Buy,225490895
2024-07-23 09:41:05,18500.0,200,Buy,225491062
2024-07-23 09:41:40,18500.0,100,Buy,225491717
2024-07-23 09:41:47,18500.0,700,Buy,225491893
2024-07-23 09:41:52,18500.0,10000,Buy,225492020
2024-07-23 09:41:55,18500.0,6000,Buy,225492085
2024-07-23 09:42:02,18500.0,1800,Buy,225492330
2024-07-23 09:42:02,18500.0,5000,Buy,225492331
2024-07-23 09:42:02,18500.0,3000,Buy,225492332
2024-07-23 09:42:02,18500.0,100,Buy,225492333
2024-07-23 09:42:02,18500.0,100,Buy,225492334
2024-07-23 09:42:04,18500.0,100,Buy,225492412
2024-07-23 09:42:06,18500.0,100,Buy,225492444
2024-07-23 09:42:06,18500.0,200,Buy,225492445
2024-07-23 09:42:06,18550.0,9700,Buy,225492446
2024-07-23 09:42:21,18550.0,200,Buy,225492811
2024-07-23 09:42:21,18550.0,500,Buy,225492810
2024-07-23 09:42:21,18550.0,9300,Buy,225492809
2024-07-23 09:42:28,18550.0,1000,Buy,225492973
2024-07-23 09:42:43,18550.0,1000,Buy,225493378
2024-07-23 09:43:40,18500.0,100,Sell,225494545
2024-07-23 09:44:03,18500.0,100,Sell,225495143
2024-07-23 09:44:03,18500.0,400,Sell,225495144
2024-07-23 09:44:03,18550.0,300,Buy,225495150
2024-07-23 09:44:25,18500.0,100,Sell,225495598
2024-07-23 09:44:43,18500.0,1300,Sell,225495967
2024-07-23 09:44:43,18500.0,500,Sell,225495968
2024-07-23 09:44:43,18500.0,8200,Sell,225495969
2024-07-23 09:44:54,18500.0,1600,Sell,225496200
2024-07-23 09:44:54,18500.0,200,Sell,225496199
2024-07-23 09:44:54,18500.0,1800,Sell,225496198
2024-07-23 09:44:54,18500.0,1800,Sell,225496197
2024-07-23 09:44:54,18500.0,200,Sell,225496195
2024-07-23 09:44:54,18500.0,600,Sell,225496194
2024-07-23 09:44:54,18500.0,1800,Sell,225496193
2024-07-23 09:44:54,18500.0,2000,Sell,225496196
2024-07-23 09:44:55,18550.0,1500,Buy,225496297
2024-07-23 09:44:55,18550.0,200,Buy,225496298
2024-07-23 09:44:55,18550.0,600,Buy,225496299
2024-07-23 09:44:55,18550.0,600,Buy,225496300
2024-07-23 09:45:14,18550.0,100,Buy,225496640
2024-07-23 09:45:31,18500.0,100,Sell,225496955
2024-07-23 09:45:52,18550.0,400,Buy,225497472
2024-07-23 09:45:58,18550.0,1900,Buy,225497633
2024-07-23 09:45:58,18550.0,1000,Buy,225497634
2024-07-23 09:46:39,18500.0,100,Sell,225498377
2024-07-23 09:46:39,18500.0,100,Sell,225498375
2024-07-23 09:46:39,18500.0,800,Sell,225498376
2024-07-23 09:47:15,18500.0,200,Sell,225499060
2024-07-23 09:47:15,18500.0,800,Sell,225499061
2024-07-23 09:47:29,18550.0,5000,Buy,225499318
2024-07-23 09:47:34,18550.0,1000,Buy,225499430
2024-07-23 09:48:42,18550.0,100,Buy,225500701
2024-07-23 09:48:47,18550.0,1500,Buy,225500815
2024-07-23 09:48:56,18550.0,2400,Buy,225500941
2024-07-23 09:48:56,18550.0,400,Buy,225500942
2024-07-23 09:48:56,18550.0,1000,Buy,225500943
2024-07-23 09:48:56,18550.0,700,Buy,225500944
2024-07-23 09:48:56,18550.0,200,Buy,225500945
2024-07-23 09:48:56,18550.0,300,Buy,225500946
2024-07-23 09:49:10,18550.0,500,Buy,225501216
2024-07-23 09:49:33,18500.0,200,Sell,225501594
2024-07-23 09:49:33,18500.0,800,Sell,225501595
2024-07-23 09:51:15,18500.0,1800,Sell,225503566
2024-07-23 09:51:15,18500.0,300,Sell,225503577
2024-07-23 09:51:15,18500.0,50000,Sell,225503576
2024-07-23 09:51:15,18500.0,5000,Sell,225503575
2024-07-23 09:51:15,18500.0,500,Sell,225503574
2024-07-23 09:51:15,18500.0,5000,Sell,225503573
2024-07-23 09:51:15,18500.0,5000,Sell,225503572
2024-07-23 09:51:15,18500.0,2400,Sell,225503571
2024-07-23 09:51:15,18500.0,5000,Sell,225503570
2024-07-23 09:51:15,18500.0,5000,Sell,225503569
2024-07-23 09:51:15,18500.0,3000,Sell,225503568
2024-07-23 09:51:15,18500.0,700,Sell,225503567
2024-07-23 09:51:15,18500.0,500,Sell,225503565
2024-07-23 09:51:15,18500.0,600,Sell,225503551
2024-07-23 09:51:15,18500.0,200,Sell,225503563
2024-07-23 09:51:15,18500.0,2200,Sell,225503550
2024-07-23 09:51:15,18500.0,10000,Sell,225503552
2024-07-23 09:51:15,18500.0,1000,Sell,225503553
2024-07-23 09:51:15,18500.0,100,Sell,225503554
2024-07-23 09:51:15,18500.0,100,Sell,225503555
2024-07-23 09:51:15,18500.0,400,Sell,225503556
2024-07-23 09:51:15,18500.0,1000,Sell,225503564
2024-07-23 09:51:15,18500.0,3000,Sell,225503558
2024-07-23 09:51:15,18500.0,1100,Sell,225503562
2024-07-23 09:51:15,18500.0,600,Sell,225503561
2024-07-23 09:51:15,18500.0,2000,Sell,225503557
2024-07-23 09:51:15,18500.0,500,Sell,225503559
2024-07-23 09:51:15,18500.0,1800,Sell,225503560
2024-07-23 09:51:16,18500.0,100,Buy,225503609
2024-07-23 09:51:19,18500.0,100,Buy,225503675
2024-07-23 09:51:28,18500.0,800,Buy,225503845
2024-07-23 09:51:31,18500.0,600,Buy,225503943
2024-07-23 09:51:34,18500.0,100,Buy,225503990
2024-07-23 09:51:56,18500.0,100,Buy,225504353
2024-07-23 09:52:06,18500.0,1000,Buy,225504533
2024-07-23 09:52:18,18500.0,1000,Buy,225504756
2024-07-23 09:52:20,18500.0,1000,Buy,225504801
2024-07-23 09:52:29,18500.0,100,Buy,225504979
2024-07-23 09:52:35,18500.0,30000,Buy,225505075
2024-07-23 09:52:39,18500.0,200,Buy,225505154
2024-07-23 09:52:40,18500.0,100,Buy,225505191
2024-07-23 09:52:49,18500.0,200,Buy,225505375
2024-07-23 09:52:54,18500.0,100,Buy,225505490
2024-07-23 09:52:59,18500.0,200,Buy,225505588
2024-07-23 09:53:17,18500.0,1000,Buy,225505914
2024-07-23 09:53:21,18500.0,900,Buy,225506011
2024-07-23 09:53:25,18500.0,100,Buy,225506072
2024-07-23 09:53:28,18500.0,1000,Buy,225506126
2024-07-23 09:53:36,18500.0,1700,Buy,225506275
2024-07-23 09:53:39,18500.0,800,Buy,225506331
2024-07-23 09:53:39,18500.0,700,Buy,225506332
2024-07-23 09:53:55,18500.0,200,Buy,225506607
2024-07-23 09:53:55,18500.0,100,Buy,225506608
2024-07-23 09:53:55,18500.0,100,Buy,225506609
2024-07-23 09:53:55,18500.0,600,Buy,225506610
2024-07-23 09:53:59,18500.0,100,Buy,225506669
2024-07-23 09:53:59,18500.0,200,Buy,225506670
2024-07-23 09:54:04,18500.0,100,Buy,225506747
2024-07-23 09:54:40,18500.0,200,Buy,225507501
2024-07-23 09:54:46,18500.0,500,Buy,225507615
2024-07-23 09:54:55,18500.0,1800,Buy,225507791
2024-07-23 09:54:55,18500.0,2800,Buy,225507792
2024-07-23 09:54:55,18500.0,100,Buy,225507793
2024-07-23 09:54:55,18500.0,1100,Buy,225507794
2024-07-23 09:54:58,18500.0,1000,Buy,225507841
2024-07-23 09:55:06,18500.0,200,Buy,225507990
2024-07-23 09:55:12,18500.0,2000,Buy,225508103
2024-07-23 09:55:12,18500.0,200,Buy,225508108
2024-07-23 09:55:17,18500.0,500,Buy,225508174
2024-07-23 09:55:17,18500.0,400,Buy,225508175
2024-07-23 09:55:19,18500.0,100,Buy,225508202
2024-07-23 09:55:19,18500.0,100,Buy,225508203
2024-07-23 09:55:25,18500.0,300,Buy,225508284
2024-07-23 09:55:27,18500.0,100,Buy,225508321
2024-07-23 09:55:27,18500.0,900,Buy,225508322
2024-07-23 09:55:43,18500.0,1100,Buy,225508542
2024-07-23 09:55:43,18500.0,100,Buy,225508543
2024-07-23 09:55:43,18500.0,800,Buy,225508544
2024-07-23 09:55:49,18500.0,200,Buy,225508627
2024-07-23 09:56:59,18500.0,500,Buy,225509757
2024-07-23 09:57:17,18450.0,100,Sell,225510035
2024-07-23 09:57:17,18450.0,1000,Sell,225510034
2024-07-23 09:57:17,18450.0,2000,Sell,225510030
2024-07-23 09:57:17,18450.0,500,Sell,225510032
2024-07-23 09:57:17,18450.0,100,Sell,225510031
2024-07-23 09:57:17,18450.0,100,Sell,225510029
2024-07-23 09:57:17,18450.0,100,Sell,225510033
2024-07-23 09:57:17,18450.0,1000,Sell,225510027
2024-07-23 09:57:17,18450.0,2000,Sell,225510026
2024-07-23 09:57:17,18450.0,100,Sell,225510025
2024-07-23 09:57:17,18450.0,2000,Sell,225510024
2024-07-23 09:57:17,18450.0,100,Sell,225510023
2024-07-23 09:57:17,18450.0,800,Sell,225510022
2024-07-23 09:57:17,18450.0,100,Sell,225510028
2024-07-23 09:58:01,18450.0,5000,Sell,225510621
2024-07-23 09:58:02,18450.0,100,Sell,225510643
2024-07-23 09:58:28,18450.0,2000,Sell,225511072
2024-07-23 09:58:46,18450.0,5000,Sell,225511439
2024-07-23 09:58:50,18450.0,10300,Sell,225511506
2024-07-23 09:59:26,18500.0,100,Buy,225512123
2024-07-23 09:59:42,18500.0,10000,Buy,225512409
2024-07-23 09:59:44,18450.0,5000,Sell,225512453
2024-07-23 09:59:53,18500.0,200,Buy,225512620
2024-07-23 10:00:01,18500.0,100,Buy,225512787
2024-07-23 10:00:02,18450.0,100,Sell,225512811
2024-07-23 10:00:16,18500.0,1000,Buy,225513040
2024-07-23 10:00:17,18450.0,5400,Sell,225513165
2024-07-23 10:00:21,18450.0,5600,Sell,225513261
2024-07-23 10:00:23,18450.0,100,Sell,225513369
2024-07-23 10:00:27,18450.0,200,Sell,225513426
2024-07-23 10:00:51,18450.0,5600,Sell,225513909
2024-07-23 10:00:56,18450.0,500,Sell,225514071
2024-07-23 10:00:59,18450.0,1200,Sell,225514134
2024-07-23 10:01:04,18500.0,200,Buy,225514251
2024-07-23 10:01:42,18500.0,100,Buy,225514909
2024-07-23 10:01:44,18500.0,100,Buy,225514937
2024-07-23 10:01:56,18500.0,100,Buy,225515120
2024-07-23 10:02:28,18500.0,100,Buy,225515611
2024-07-23 10:02:31,18500.0,2000,Buy,225515650
2024-07-23 10:02:31,18500.0,700,Buy,225515660
2024-07-23 10:02:31,18500.0,1400,Buy,225515657
2024-07-23 10:02:31,18500.0,600,Buy,225515656
2024-07-23 10:02:31,18500.0,500,Buy,225515655
2024-07-23 10:02:31,18500.0,6500,Buy,225515649
2024-07-23 10:02:31,18500.0,1000,Buy,225515653
2024-07-23 10:02:31,18500.0,100,Buy,225515652
2024-07-23 10:02:31,18500.0,200,Buy,225515651
2024-07-23 10:02:31,18500.0,100,Buy,225515654
2024-07-23 10:02:32,18550.0,200,Buy,225515684
2024-07-23 10:02:32,18550.0,2000,Buy,225515685
2024-07-23 10:02:32,18550.0,400,Buy,225515686
2024-07-23 10:02:32,18550.0,400,Buy,225515687
2024-07-23 10:02:32,18550.0,300,Buy,225515688
2024-07-23 10:02:32,18550.0,900,Buy,225515690
2024-07-23 10:02:32,18550.0,300,Buy,225515695
2024-07-23 10:02:32,18550.0,500,Buy,225515696
2024-07-23 10:02:32,18550.0,500,Buy,225515697
2024-07-23 10:02:32,18550.0,100,Buy,225515698
2024-07-23 10:02:32,18550.0,1000,Buy,225515699
2024-07-23 10:02:32,18550.0,800,Buy,225515689
2024-07-23 10:02:32,18550.0,200,Buy,225515681
2024-07-23 10:02:32,18550.0,8700,Buy,225515682
2024-07-23 10:02:32,18500.0,300,Buy,225515670
2024-07-23 10:02:32,18500.0,400,Buy,225515667
2024-07-23 10:02:32,18500.0,4000,Buy,225515668
2024-07-23 10:02:32,18500.0,200,Buy,225515669
2024-07-23 10:02:32,18550.0,1200,Buy,225515680
2024-07-23 10:02:32,18500.0,700,Buy,225515671
2024-07-23 10:02:32,18500.0,1300,Buy,225515672
2024-07-23 10:02:32,18500.0,400,Buy,225515679
2024-07-23 10:02:32,18500.0,300,Buy,225515674
2024-07-23 10:02:32,18500.0,200,Buy,225515675
2024-07-23 10:02:32,18500.0,1400,Buy,225515676
2024-07-23 10:02:32,18500.0,200,Buy,225515677
2024-07-23 10:02:32,18500.0,100,Buy,225515678
2024-07-23 10:02:32,18500.0,100,Buy,225515673
2024-07-23 10:03:04,18550.0,100,Buy,225516257
2024-07-23 10:03:12,18500.0,100,Sell,225516375
2024-07-23 10:03:12,18500.0,400,Sell,225516376
2024-07-23 10:03:36,18500.0,100,Sell,225516756
2024-07-23 10:03:36,18500.0,900,Sell,225516757
2024-07-23 10:03:41,18500.0,100,Sell,225516845
2024-07-23 10:03:41,18500.0,100,Sell,225516843
2024-07-23 10:03:41,18500.0,800,Sell,225516844
2024-07-23 10:03:51,18500.0,200,Sell,225516983
2024-07-23 10:04:00,18500.0,700,Sell,225517098
2024-07-23 10:04:00,18500.0,1300,Sell,225517099
2024-07-23 10:04:02,18500.0,200,Sell,225517133
2024-07-23 10:04:02,18500.0,200,Sell,225517134
2024-07-23 10:04:02,18500.0,600,Sell,225517135
2024-07-23 10:04:10,18500.0,100,Sell,225517270
2024-07-23 10:04:24,18500.0,300,Sell,225517633
2024-07-23 10:04:24,18500.0,200,Sell,225517634
2024-07-23 10:04:24,18500.0,500,Sell,225517635
2024-07-23 10:04:44,18500.0,200,Buy,225517954
2024-07-23 10:05:38,18500.0,100,Buy,225519030
2024-07-23 10:06:55,18500.0,5000,Buy,225520489
2024-07-23 10:07:18,18500.0,1000,Buy,225520898
2024-07-23 10:08:01,18500.0,100,Buy,225521847
2024-07-23 10:08:10,18500.0,2000,Buy,225522105
2024-07-23 10:09:03,18450.0,40000,Sell,225523118
2024-07-23 10:09:43,18450.0,600,Sell,225523833
2024-07-23 10:10:03,18500.0,700,Buy,225524125
2024-07-23 10:10:04,18450.0,10000,Sell,225524139
2024-07-23 10:10:34,18450.0,4000,Sell,225524615
2024-07-23 10:10:44,18450.0,2000,Sell,225524769
2024-07-23 10:10:51,18450.0,800,Sell,225524936
2024-07-23 10:11:46,18450.0,100,Sell,225525702
2024-07-23 10:11:46,18450.0,6100,Sell,225525706
2024-07-23 10:11:46,18450.0,1000,Sell,225525705
2024-07-23 10:11:46,18450.0,200,Sell,225525704
2024-07-23 10:11:46,18450.0,10000,Sell,225525703
2024-07-23 10:11:46,18450.0,100,Sell,225525701
2024-07-23 10:11:46,18450.0,10400,Sell,225525693
2024-07-23 10:11:46,18450.0,100,Sell,225525699
2024-07-23 10:11:46,18450.0,1000,Sell,225525698
2024-07-23 10:11:46,18450.0,1000,Sell,225525697
2024-07-23 10:11:46,18450.0,3000,Sell,225525696
2024-07-23 10:11:46,18450.0,1500,Sell,225525695
2024-07-23 10:11:46,18450.0,300,Sell,225525694
2024-07-23 10:11:46,18450.0,200,Sell,225525700
2024-07-23 10:12:02,18450.0,2500,Sell,225525926
2024-07-23 10:12:02,18450.0,500,Sell,225525925
2024-07-23 10:12:02,18450.0,2500,Sell,225525923
2024-07-23 10:12:02,18450.0,100,Sell,225525922
2024-07-23 10:12:02,18450.0,3900,Sell,225525921
2024-07-23 10:12:02,18450.0,500,Sell,225525924
2024-07-23 10:12:39,18450.0,1000,Sell,225526476
2024-07-23 10:12:51,18450.0,2500,Sell,225526653
2024-07-23 10:12:51,18450.0,100,Sell,225526654
2024-07-23 10:12:51,18450.0,2400,Sell,225526655
2024-07-23 10:12:55,18450.0,500,Sell,225526732
2024-07-23 10:13:20,18450.0,400,Sell,225527221
2024-07-23 10:13:20,18450.0,100,Sell,225527220
2024-07-23 10:13:34,18450.0,1000,Sell,225527614
2024-07-23 10:13:34,18450.0,300,Sell,225527616
2024-07-23 10:13:34,18450.0,8600,Sell,225527613
2024-07-23 10:13:34,18450.0,100,Sell,225527615
2024-07-23 10:14:26,18450.0,700,Sell,225528546
2024-07-23 10:14:26,18450.0,2000,Sell,225528547
2024-07-23 10:14:26,18450.0,500,Sell,225528548
2024-07-23 10:14:26,18450.0,100,Sell,225528549
2024-07-23 10:14:26,18450.0,200,Sell,225528550
2024-07-23 10:14:26,18450.0,200,Sell,225528551
2024-07-23 10:14:26,18450.0,300,Sell,225528552
2024-07-23 10:14:48,18500.0,900,Buy,225528932
2024-07-23 10:14:48,18500.0,500,Buy,225528933
2024-07-23 10:14:50,18450.0,2000,Sell,225528946
2024-07-23 10:15:08,18450.0,100,Sell,225529359
2024-07-23 10:15:08,18450.0,1100,Sell,225529358
2024-07-23 10:15:08,18450.0,300,Sell,225529357
2024-07-23 10:15:08,18450.0,200,Sell,225529356
2024-07-23 10:15:08,18450.0,1800,Sell,225529353
2024-07-23 10:15:08,18450.0,3300,Sell,225529354
2024-07-23 10:15:08,18450.0,500,Sell,225529352
2024-07-23 10:15:08,18450.0,200,Sell,225529355
2024-07-23 10:15:08,18450.0,7500,Sell,225529351
2024-07-23 10:15:19,18500.0,100,Buy,225529566
2024-07-23 10:15:19,18450.0,100,Sell,225529579
2024-07-23 10:15:24,18450.0,7500,Sell,225529684
2024-07-23 10:15:24,18450.0,800,Sell,225529682
2024-07-23 10:15:24,18450.0,1700,Sell,225529683
2024-07-23 10:15:27,18450.0,2200,Sell,225529879
2024-07-23 10:16:03,18450.0,1000,Sell,225530517
2024-07-23 10:16:21,18450.0,9300,Sell,225530810
2024-07-23 10:16:21,18450.0,200,Sell,225530811
2024-07-23 10:16:21,18450.0,200,Sell,225530812
2024-07-23 10:16:21,18450.0,100,Sell,225530813
2024-07-23 10:16:21,18450.0,200,Sell,225530814
2024-07-23 10:16:41,18500.0,2400,Buy,225531377
2024-07-23 10:16:41,18500.0,5000,Buy,225531378
2024-07-23 10:16:41,18500.0,900,Buy,225531379
2024-07-23 10:16:46,18500.0,100,Buy,225531610
2024-07-23 10:16:55,18500.0,1000,Buy,225531835
2024-07-23 10:16:55,18500.0,7300,Buy,225531836
2024-07-23 10:16:56,18500.0,500,Buy,225531844
2024-07-23 10:16:58,18500.0,300,Buy,225531895
2024-07-23 10:16:59,18450.0,500,Sell,225531902
2024-07-23 10:17:09,18450.0,200,Sell,225532107
2024-07-23 10:17:09,18450.0,1800,Sell,225532106
2024-07-23 10:17:09,18450.0,100,Sell,225532105
2024-07-23 10:17:09,18450.0,1800,Sell,225532098
2024-07-23 10:17:09,18450.0,100,Sell,225532104
2024-07-23 10:17:09,18450.0,1800,Sell,225532103
2024-07-23 10:17:09,18450.0,200,Sell,225532102
2024-07-23 10:17:09,18450.0,2000,Sell,225532101
2024-07-23 10:17:09,18450.0,1800,Sell,225532100
2024-07-23 10:17:09,18450.0,300,Sell,225532099
2024-07-23 10:17:09,18450.0,100,Sell,225532108
2024-07-23 10:17:09,18450.0,100,Sell,225532097
2024-07-23 10:17:09,18450.0,600,Sell,225532088
2024-07-23 10:17:09,18450.0,1000,Sell,225532095
2024-07-23 10:17:09,18450.0,200,Sell,225532096
2024-07-23 10:17:09,18450.0,1100,Sell,225532084
2024-07-23 10:17:09,18450.0,1800,Sell,225532085
2024-07-23 10:17:09,18450.0,100,Sell,225532086
2024-07-23 10:17:09,18450.0,1800,Sell,225532089
2024-07-23 10:17:09,18450.0,3000,Sell,225532087
2024-07-23 10:17:09,18450.0,100,Sell,225532091
2024-07-23 10:17:09,18450.0,1000,Sell,225532092
2024-07-23 10:17:09,18450.0,100,Sell,225532093
2024-07-23 10:17:09,18450.0,1800,Sell,225532090
2024-07-23 10:17:09,18450.0,100,Sell,225532094
2024-07-23 10:17:17,18500.0,8300,Buy,225532254
2024-07-23 10:17:30,18500.0,8300,Buy,225532584
2024-07-23 10:17:49,18500.0,200,Buy,225533190
2024-07-23 10:17:49,18500.0,1900,Buy,225533191
2024-07-23 10:17:49,18500.0,100,Buy,225533189
2024-07-23 10:17:49,18500.0,200,Buy,225533187
2024-07-23 10:17:49,18500.0,100,Buy,225533186
2024-07-23 10:17:49,18500.0,5300,Buy,225533185
2024-07-23 10:17:49,18500.0,500,Buy,225533188
2024-07-23 10:17:53,18450.0,800,Sell,225533304
2024-07-23 10:17:53,18450.0,200,Sell,225533314
2024-07-23 10:18:20,18500.0,5300,Buy,225533893
2024-07-23 10:18:20,18500.0,100,Buy,225533892
2024-07-23 10:18:20,18500.0,2100,Buy,225533888
2024-07-23 10:18:20,18500.0,100,Buy,225533890
2024-07-23 10:18:20,18500.0,600,Buy,225533889
2024-07-23 10:18:20,18500.0,100,Buy,225533891
2024-07-23 10:18:33,18450.0,2000,Sell,225534146
2024-07-23 10:18:46,18450.0,1000,Sell,225534413
2024-07-23 10:19:05,18450.0,2000,Sell,225534703
2024-07-23 10:19:10,18450.0,300,Sell,225534823
2024-07-23 10:19:13,18500.0,4700,Buy,225534909
2024-07-23 10:19:13,18500.0,2000,Buy,225534910
2024-07-23 10:19:13,18500.0,1600,Buy,225534911
2024-07-23 10:19:13,18450.0,2000,Sell,225534915
2024-07-23 10:19:14,18450.0,600,Sell,225534924
2024-07-23 10:19:14,18450.0,500,Sell,225534923
2024-07-23 10:19:14,18450.0,400,Sell,225534921
2024-07-23 10:19:14,18450.0,500,Sell,225534922
2024-07-23 10:19:21,18450.0,800,Sell,225535050
2024-07-23 10:19:21,18450.0,1200,Sell,225535048
2024-07-23 10:19:35,18450.0,300,Sell,225535402
2024-07-23 10:19:38,18450.0,100,Sell,225535447
2024-07-23 10:19:48,18450.0,100,Sell,225535587
2024-07-23 10:19:50,18450.0,5500,Sell,225535622
2024-07-23 10:19:50,18450.0,100,Sell,225535623
2024-07-23 10:19:53,18450.0,200,Sell,225535756
2024-07-23 10:20:10,18450.0,2000,Sell,225536095
2024-07-23 10:20:30,18450.0,200,Sell,225536419
2024-07-23 10:21:08,18450.0,100,Sell,225537139
2024-07-23 10:21:44,18450.0,200,Sell,225537679
2024-07-23 10:21:47,18450.0,1700,Sell,225537715
2024-07-23 10:21:47,18450.0,500,Sell,225537714
2024-07-23 10:21:50,18450.0,2000,Sell,225537755
2024-07-23 10:22:32,18450.0,3000,Sell,225538574
2024-07-23 10:23:02,18500.0,300,Buy,225539094
2024-07-23 10:23:15,18450.0,1600,Sell,225539353
2024-07-23 10:23:15,18450.0,900,Sell,225539354
2024-07-23 10:24:11,18450.0,800,Sell,225540040
2024-07-23 10:24:30,18500.0,100,Buy,225540291
2024-07-23 10:25:40,18500.0,500,Buy,225541325
2024-07-23 10:25:53,18500.0,1000,Buy,225541515
2024-07-23 10:26:56,18500.0,200,Buy,225542495
2024-07-23 10:27:28,18500.0,200,Buy,225542905
2024-07-23 10:29:50,18450.0,100,Sell,225544965
2024-07-23 10:29:52,18500.0,100,Buy,225544972
2024-07-23 10:30:04,18450.0,700,Sell,225545111
2024-07-23 10:30:05,18450.0,100,Sell,225545116
2024-07-23 10:30:57,18450.0,100,Sell,225545911
2024-07-23 10:31:11,18450.0,100,Sell,225546178
2024-07-23 10:31:18,18450.0,200,Sell,225546289
2024-07-23 10:31:30,18450.0,500,Sell,225546448
2024-07-23 10:32:00,18450.0,500,Sell,225547015
2024-07-23 10:32:03,18500.0,500,Buy,225547038
2024-07-23 10:32:10,18500.0,100,Buy,225547139
2024-07-23 10:32:14,18450.0,1000,Sell,225547302
2024-07-23 10:32:14,18450.0,2000,Sell,225547301
2024-07-23 10:32:42,18450.0,500,Sell,225547708
2024-07-23 10:33:23,18450.0,2000,Sell,225548341
2024-07-23 10:33:29,18450.0,100,Sell,225548420
2024-07-23 10:33:59,18450.0,500,Sell,225548946
2024-07-23 10:34:12,18450.0,100,Sell,225549120
2024-07-23 10:34:28,18450.0,300,Sell,225549420
2024-07-23 10:34:36,18450.0,100,Sell,225549629
2024-07-23 10:35:00,18450.0,300,Sell,225550176
2024-07-23 10:35:00,18450.0,1000,Sell,225550175
2024-07-23 10:35:00,18450.0,200,Sell,225550173
2024-07-23 10:35:00,18450.0,300,Sell,225550172
2024-07-23 10:35:00,18450.0,800,Sell,225550174
2024-07-23 10:35:00,18450.0,400,Sell,225550171
2024-07-23 10:35:08,18450.0,200,Sell,225550281
2024-07-23 10:35:08,18450.0,200,Sell,225550282
2024-07-23 10:35:08,18450.0,300,Sell,225550283
2024-07-23 10:35:08,18450.0,8300,Sell,225550284
2024-07-23 10:35:08,18450.0,300,Sell,225550285
2024-07-23 10:35:08,18450.0,100,Sell,225550286
2024-07-23 10:35:08,18450.0,600,Sell,225550287
2024-07-23 10:35:11,18450.0,100,Sell,225550347
2024-07-23 10:35:15,18450.0,1000,Sell,225550415
2024-07-23 10:35:37,18450.0,200,Sell,225550749
2024-07-23 10:35:44,18450.0,100,Sell,225550812
2024-07-23 10:35:59,18450.0,400,Sell,225551056
2024-07-23 10:36:18,18450.0,300,Sell,225551384
2024-07-23 10:36:27,18450.0,200,Sell,225551618
2024-07-23 10:36:39,18450.0,100,Sell,225551819
2024-07-23 10:36:39,18450.0,4900,Sell,225551820
2024-07-23 10:37:09,18450.0,100,Sell,225552579
2024-07-23 10:37:09,18450.0,35800,Sell,225552580
2024-07-23 10:37:09,18450.0,300,Sell,225552591
2024-07-23 10:37:18,18450.0,500,Sell,225552745
2024-07-23 10:37:24,18450.0,5000,Sell,225552829
2024-07-23 10:37:26,18500.0,300,Buy,225552852
2024-07-23 10:37:30,18450.0,1000,Sell,225552991
2024-07-23 10:37:30,18450.0,600,Sell,225552992
2024-07-23 10:37:30,18450.0,8400,Sell,225552990
2024-07-23 10:37:32,18450.0,1600,Sell,225553111
2024-07-23 10:37:32,18450.0,200,Sell,225553110
2024-07-23 10:37:32,18450.0,2000,Sell,225553109
2024-07-23 10:37:32,18450.0,1900,Sell,225553108
2024-07-23 10:37:32,18450.0,100,Sell,225553107
2024-07-23 10:37:32,18450.0,100,Sell,225553106
2024-07-23 10:37:32,18450.0,5000,Sell,225553104
2024-07-23 10:37:32,18450.0,100,Sell,225553105
2024-07-23 10:37:32,18450.0,300,Sell,225553102
2024-07-23 10:37:32,18450.0,1000,Sell,225553101
2024-07-23 10:37:32,18450.0,10000,Sell,225553100
2024-07-23 10:37:32,18450.0,1000,Sell,225553099
2024-07-23 10:37:32,18450.0,500,Sell,225553098
2024-07-23 10:37:32,18450.0,3000,Sell,225553097
2024-07-23 10:37:32,18450.0,1400,Sell,225553096
2024-07-23 10:37:32,18450.0,1800,Sell,225553103
2024-07-23 10:37:38,18450.0,100,Sell,225553304
2024-07-23 10:37:38,18450.0,900,Sell,225553306
2024-07-23 10:37:38,18450.0,100,Sell,225553305
2024-07-23 10:37:38,18450.0,1800,Sell,225553303
2024-07-23 10:37:38,18450.0,2000,Sell,225553298
2024-07-23 10:37:38,18450.0,1800,Sell,225553301
2024-07-23 10:37:38,18450.0,400,Sell,225553297
2024-07-23 10:37:38,18450.0,2000,Sell,225553302
2024-07-23 10:37:38,18450.0,400,Sell,225553300
2024-07-23 10:37:38,18450.0,500,Sell,225553299
2024-07-23 10:37:49,18450.0,500,Sell,225553527
2024-07-23 10:37:52,18450.0,1600,Sell,225553561
2024-07-23 10:37:52,18450.0,1800,Sell,225553560
2024-07-23 10:37:52,18450.0,1900,Sell,225553559
2024-07-23 10:37:52,18450.0,400,Sell,225553555
2024-07-23 10:37:52,18450.0,100,Sell,225553557
2024-07-23 10:37:52,18450.0,1000,Sell,225553558
2024-07-23 10:37:52,18450.0,1000,Sell,225553556
2024-07-23 10:37:53,18450.0,200,Buy,225553576
2024-07-23 10:38:11,18400.0,100,Sell,225553963
2024-07-23 10:38:11,18400.0,1900,Sell,225553964
2024-07-23 10:38:11,18400.0,100,Sell,225553971
2024-07-23 10:38:11,18400.0,200,Sell,225553972
2024-07-23 10:38:11,18400.0,200,Sell,225553973
2024-07-23 10:39:03,18400.0,2800,Sell,225555204
2024-07-23 10:39:15,18450.0,500,Buy,225555472
2024-07-23 10:39:35,18450.0,1000,Buy,225556095
2024-07-23 10:40:19,18450.0,100,Buy,225557311
2024-07-23 10:40:30,18450.0,400,Buy,225557591
2024-07-23 10:40:30,18450.0,5000,Buy,225557592
2024-07-23 10:40:46,18450.0,2000,Buy,225558076
2024-07-23 10:40:46,18450.0,1000,Buy,225558077
2024-07-23 10:40:46,18450.0,500,Buy,225558078
2024-07-23 10:40:46,18450.0,1900,Buy,225558079
2024-07-23 10:41:05,18450.0,100,Buy,225558496
2024-07-23 10:41:05,18450.0,100,Buy,225558495
2024-07-23 10:41:05,18450.0,4700,Buy,225558493
2024-07-23 10:41:05,18450.0,500,Buy,225558494
2024-07-23 10:41:12,18450.0,1000,Buy,225558693
2024-07-23 10:41:19,18400.0,200,Sell,225558820
2024-07-23 10:41:19,18400.0,1000,Sell,225558821
2024-07-23 10:41:19,18400.0,100,Sell,225558822
2024-07-23 10:41:19,18400.0,300,Sell,225558823
2024-07-23 10:41:19,18400.0,300,Sell,225558824
2024-07-23 10:41:19,18400.0,500,Sell,225558825
2024-07-23 10:41:19,18400.0,100,Sell,225558826
2024-07-23 10:41:22,18450.0,2900,Buy,225558948
2024-07-23 10:41:31,18450.0,1000,Buy,225559284
2024-07-23 10:41:31,18450.0,1000,Buy,225559282
2024-07-23 10:41:31,18450.0,1000,Buy,225559283
2024-07-23 10:41:33,18450.0,5400,Buy,225559354
2024-07-23 10:41:36,18400.0,500,Sell,225559404
2024-07-23 10:41:36,18400.0,2100,Sell,225559405
2024-07-23 10:41:42,18450.0,2900,Buy,225559552
2024-07-23 10:41:49,18450.0,8400,Buy,225559728
2024-07-23 10:42:24,18450.0,3000,Buy,225560485
2024-07-23 10:42:27,18450.0,200,Buy,225560543
2024-07-23 10:42:48,18450.0,300,Buy,225560892
2024-07-23 10:42:55,18450.0,200,Buy,225560976
2024-07-23 10:43:02,18450.0,4000,Buy,225561107
2024-07-23 10:43:03,18450.0,3000,Buy,225561140
2024-07-23 10:43:10,18450.0,500,Buy,225561233
2024-07-23 10:43:13,18450.0,1700,Buy,225561273
2024-07-23 10:43:14,18450.0,100,Buy,225561282
2024-07-23 10:43:15,18450.0,600,Buy,225561288
2024-07-23 10:43:19,18450.0,100,Buy,225561356
2024-07-23 10:43:29,18450.0,100,Buy,225561577
2024-07-23 10:43:40,18450.0,100,Buy,225561747
2024-07-23 10:43:57,18450.0,500,Buy,225561959
2024-07-23 10:44:03,18450.0,100,Buy,225562052
2024-07-23 10:44:10,18450.0,1000,Buy,225562145
2024-07-23 10:44:17,18450.0,500,Buy,225562250
2024-07-23 10:45:12,18450.0,2000,Buy,225563151
2024-07-23 10:45:59,18450.0,1800,Buy,225563758
2024-07-23 10:46:07,18450.0,10000,Buy,225563834
2024-07-23 10:46:09,18450.0,900,Buy,225563874
2024-07-23 10:46:32,18450.0,1000,Buy,225564182
2024-07-23 10:46:38,18450.0,200,Buy,225564287
2024-07-23 10:46:38,18450.0,300,Buy,225564296
2024-07-23 10:46:41,18450.0,200,Buy,225564341
2024-07-23 10:46:41,18450.0,1000,Buy,225564340
2024-07-23 10:46:41,18450.0,1000,Buy,225564339
2024-07-23 10:46:41,18450.0,10000,Buy,225564338
2024-07-23 10:46:41,18450.0,100,Buy,225564337
2024-07-23 10:46:41,18450.0,500,Buy,225564334
2024-07-23 10:46:41,18450.0,1000,Buy,225564335
2024-07-23 10:46:41,18450.0,100,Buy,225564336
2024-07-23 10:46:41,18450.0,8500,Buy,225564330
2024-07-23 10:46:41,18450.0,20000,Buy,225564333
2024-07-23 10:46:41,18450.0,100,Buy,225564332
2024-07-23 10:46:41,18450.0,600,Buy,225564331
2024-07-23 10:47:08,18500.0,100,Buy,225564735
2024-07-23 10:47:12,18450.0,4000,Sell,225564780
2024-07-23 10:47:44,18450.0,2000,Sell,225565150
2024-07-23 10:48:58,18450.0,100,Sell,225566151
2024-07-23 10:49:19,18450.0,1200,Sell,225566408
2024-07-23 10:49:19,18450.0,800,Sell,225566407
2024-07-23 10:50:05,18450.0,5100,Sell,225567031
2024-07-23 10:50:05,18450.0,100,Sell,225567032
2024-07-23 10:50:05,18450.0,1500,Sell,225567033
2024-07-23 10:50:05,18450.0,100,Sell,225567034
2024-07-23 10:50:05,18450.0,1000,Sell,225567035
2024-07-23 10:50:05,18450.0,4000,Sell,225567036
2024-07-23 10:50:41,18450.0,500,Sell,225567496
2024-07-23 10:51:27,18450.0,1000,Sell,225567986
2024-07-23 10:51:31,18450.0,300,Sell,225568021
2024-07-23 10:53:03,18450.0,5500,Sell,225569119
2024-07-23 10:53:12,18450.0,100,Sell,225569263
2024-07-23 10:53:51,18500.0,2000,Buy,225569831
2024-07-23 10:53:59,18500.0,1100,Buy,225569905
2024-07-23 10:54:00,18500.0,800,Buy,225569917
2024-07-23 10:54:00,18500.0,100,Buy,225569918
2024-07-23 10:54:00,18500.0,1300,Buy,225569919
2024-07-23 10:54:03,18500.0,100,Buy,225569992
2024-07-23 10:54:23,18450.0,10000,Sell,225570312
2024-07-23 10:55:18,18450.0,200,Sell,225570939
2024-07-23 10:55:41,18450.0,3000,Sell,225571190
2024-07-23 10:55:53,18500.0,2000,Buy,225571331
2024-07-23 10:55:58,18450.0,2000,Sell,225571390
2024-07-23 10:57:33,18450.0,1000,Sell,225572562
2024-07-23 10:57:33,18450.0,1700,Sell,225572557
2024-07-23 10:57:33,18450.0,1800,Sell,225572558
2024-07-23 10:57:33,18450.0,200,Sell,225572559
2024-07-23 10:57:33,18450.0,600,Sell,225572560
2024-07-23 10:57:33,18450.0,10000,Sell,225572561
2024-07-23 10:57:33,18450.0,1800,Sell,225572563
2024-07-23 10:57:33,18450.0,200,Sell,225572569
2024-07-23 10:57:33,18450.0,500,Sell,225572565
2024-07-23 10:57:33,18450.0,200,Sell,225572566
2024-07-23 10:57:33,18450.0,500,Sell,225572567
2024-07-23 10:57:33,18450.0,200,Sell,225572568
2024-07-23 10:57:33,18450.0,100,Sell,225572556
2024-07-23 10:57:33,18450.0,200,Sell,225572570
2024-07-23 10:57:33,18450.0,1000,Sell,225572571
2024-07-23 10:57:33,18450.0,200,Sell,225572564
2024-07-23 10:57:33,18450.0,3000,Sell,225572555
2024-07-23 10:57:33,18450.0,100,Sell,225572573
2024-07-23 10:57:33,18450.0,200,Sell,225572553
2024-07-23 10:57:33,18450.0,500,Sell,225572554
2024-07-23 10:57:33,18450.0,23400,Sell,225572536
2024-07-23 10:57:33,18450.0,3000,Sell,225572537
2024-07-23 10:57:33,18450.0,2000,Sell,225572538
2024-07-23 10:57:33,18450.0,300,Sell,225572539
2024-07-23 10:57:33,18450.0,500,Sell,225572540
2024-07-23 10:57:33,18450.0,1800,Sell,225572541
2024-07-23 10:57:33,18450.0,1800,Sell,225572542
2024-07-23 10:57:33,18450.0,1800,Sell,225572543
2024-07-23 10:57:33,18450.0,200,Sell,225572572
2024-07-23 10:57:33,18450.0,1800,Sell,225572545
2024-07-23 10:57:33,18450.0,200,Sell,225572551
2024-07-23 10:57:33,18450.0,1800,Sell,225572544
2024-07-23 10:57:33,18450.0,100,Sell,225572550
2024-07-23 10:57:33,18450.0,500,Sell,225572552
2024-07-23 10:57:33,18450.0,5000,Sell,225572548
2024-07-23 10:57:33,18450.0,200,Sell,225572547
2024-07-23 10:57:33,18450.0,100,Sell,225572546
2024-07-23 10:57:33,18450.0,200,Sell,225572549
2024-07-23 10:57:34,18450.0,300,Buy,225572578
2024-07-23 10:57:40,18450.0,100,Buy,225572653
2024-07-23 10:57:43,18450.0,1000,Buy,225572678
2024-07-23 10:57:53,18450.0,100,Buy,225572783
2024-07-23 10:58:23,18450.0,100,Buy,225573124
2024-07-23 10:59:22,18450.0,18400,Buy,225573995
2024-07-23 11:00:50,18450.0,2000,Buy,225574958
2024-07-23 11:01:08,18450.0,2500,Buy,225575154
2024-07-23 11:01:10,18450.0,1000,Buy,225575184
2024-07-23 11:01:18,18450.0,200,Buy,225575254
2024-07-23 11:01:20,18450.0,100,Buy,225575261
2024-07-23 11:01:31,18450.0,4000,Buy,225575445
2024-07-23 11:01:36,18450.0,2500,Buy,225575495
2024-07-23 11:02:02,18450.0,1000,Buy,225575817
2024-07-23 11:02:08,18450.0,1000,Buy,225575909
2024-07-23 11:02:11,18450.0,100,Buy,225575926
2024-07-23 11:02:14,18450.0,1000,Buy,225576030
2024-07-23 11:02:21,18450.0,100,Buy,225576089
2024-07-23 11:02:22,18450.0,700,Buy,225576118
2024-07-23 11:02:22,18450.0,300,Buy,225576117
2024-07-23 11:02:24,18450.0,2000,Buy,225576137
2024-07-23 11:02:26,18450.0,200,Buy,225576171
2024-07-23 11:02:27,18450.0,1000,Buy,225576182
2024-07-23 11:02:27,18450.0,2000,Buy,225576183
2024-07-23 11:02:27,18450.0,2400,Buy,225576184
2024-07-23 11:02:53,18450.0,100,Buy,225576469
2024-07-23 11:03:01,18450.0,500,Buy,225576623
2024-07-23 11:03:11,18450.0,1000,Sell,225576742
2024-07-23 11:03:24,18450.0,3900,Sell,225576854
2024-07-23 11:03:24,18450.0,100,Sell,225576855
2024-07-23 11:03:24,18450.0,500,Sell,225576856
2024-07-23 11:03:50,18450.0,100,Sell,225577222
2024-07-23 11:03:59,18450.0,500,Sell,225577343
2024-07-23 11:04:19,18450.0,100,Sell,225577635
2024-07-23 11:04:19,18450.0,200,Sell,225577636
2024-07-23 11:04:19,18450.0,700,Sell,225577634
2024-07-23 11:04:24,18450.0,4800,Sell,225577683
2024-07-23 11:04:24,18450.0,5400,Sell,225577684
2024-07-23 11:04:24,18450.0,200,Sell,225577685
2024-07-23 11:04:24,18450.0,2000,Sell,225577686
2024-07-23 11:04:24,18450.0,5400,Sell,225577687
2024-07-23 11:04:24,18450.0,500,Sell,225577688
2024-07-23 11:04:24,18450.0,11700,Sell,225577689
2024-07-23 11:04:27,18450.0,1000,Sell,225577723
2024-07-23 11:04:28,18450.0,500,Sell,225577754
2024-07-23 11:04:34,18450.0,4000,Sell,225577839
2024-07-23 11:04:36,18450.0,100,Sell,225577923
2024-07-23 11:05:07,18450.0,100,Sell,225578377
2024-07-23 11:05:22,18450.0,1000,Sell,225578594
2024-07-23 11:06:25,18450.0,4700,Sell,225579274
2024-07-23 11:06:47,18450.0,900,Sell,225579539
2024-07-23 11:07:18,18450.0,200,Sell,225579886
2024-07-23 11:07:47,18450.0,100,Sell,225580256
2024-07-23 11:07:47,18450.0,3600,Sell,225580258
2024-07-23 11:07:47,18450.0,25800,Sell,225580255
2024-07-23 11:07:47,18450.0,500,Sell,225580257
2024-07-23 11:08:51,18450.0,400,Sell,225581039
2024-07-23 11:08:51,18450.0,200,Sell,225581040
2024-07-23 11:08:53,18450.0,200,Sell,225581062
2024-07-23 11:09:20,18450.0,2000,Sell,225581358
2024-07-23 11:10:20,18450.0,600,Sell,225582079
2024-07-23 11:10:20,18450.0,400,Sell,225582080
2024-07-23 11:11:07,18450.0,100,Sell,225582669
2024-07-23 11:11:07,18450.0,100,Sell,225582668
2024-07-23 11:11:07,18450.0,100,Sell,225582667
2024-07-23 11:11:07,18450.0,100,Sell,225582665
2024-07-23 11:11:07,18450.0,100,Sell,225582664
2024-07-23 11:11:07,18500.0,1300,Buy,225582661
2024-07-23 11:11:07,18450.0,100,Sell,225582666
2024-07-23 11:11:07,18450.0,1600,Sell,225582663
2024-07-23 11:11:11,18450.0,800,Buy,225582790
2024-07-23 11:11:12,18450.0,1900,Sell,225582795
2024-07-23 11:11:50,18450.0,400,Buy,225583210
2024-07-23 11:11:50,18450.0,100,Buy,225583209
2024-07-23 11:12:47,18400.0,400,Sell,225583805
2024-07-23 11:12:47,18400.0,4600,Sell,225583804
2024-07-23 11:12:48,18400.0,2500,Sell,225583809
2024-07-23 11:12:48,18400.0,300,Sell,225583812
2024-07-23 11:13:33,18400.0,16000,Sell,225584561
2024-07-23 11:13:38,18400.0,200,Sell,225584613
2024-07-23 11:13:40,18450.0,200,Buy,225584634
2024-07-23 11:13:40,18450.0,500,Buy,225584635
2024-07-23 11:13:50,18450.0,5000,Sell,225584773
2024-07-23 11:13:54,18450.0,1300,Sell,225584839
2024-07-23 11:14:37,18450.0,100,Buy,225585377
2024-07-23 11:14:40,18450.0,6000,Buy,225585409
2024-07-23 11:14:54,18450.0,500,Buy,225585691
2024-07-23 11:14:56,18450.0,1000,Buy,225585722
2024-07-23 11:15:21,18450.0,100,Buy,225585973
2024-07-23 11:15:23,18450.0,500,Buy,225585995
2024-07-23 11:15:24,18450.0,200,Buy,225586013
2024-07-23 11:15:57,18450.0,4000,Buy,225586409
2024-07-23 11:16:00,18450.0,100,Buy,225586457
2024-07-23 11:16:05,18450.0,400,Buy,225586511
2024-07-23 11:16:26,18450.0,800,Buy,225586784
2024-07-23 11:16:26,18450.0,100,Buy,225586785
2024-07-23 11:16:26,18450.0,500,Buy,225586786
2024-07-23 11:16:26,18450.0,100,Buy,225586787
2024-07-23 11:16:42,18450.0,1000,Sell,225586950
2024-07-23 11:17:00,18450.0,100,Sell,225587136
2024-07-23 11:17:02,18450.0,600,Sell,225587162
2024-07-23 11:17:06,18500.0,1200,Buy,225587219
2024-07-23 11:17:06,18500.0,300,Buy,225587218
2024-07-23 11:17:06,18500.0,400,Buy,225587241
2024-07-23 11:17:06,18500.0,100,Buy,225587240
2024-07-23 11:17:06,18500.0,2500,Buy,225587239
2024-07-23 11:17:06,18500.0,2800,Buy,225587238
2024-07-23 11:17:06,18500.0,10000,Buy,225587237
2024-07-23 11:17:06,18500.0,1000,Buy,225587236
2024-07-23 11:17:06,18500.0,1000,Buy,225587235
2024-07-23 11:17:06,18500.0,5600,Buy,225587234
2024-07-23 11:17:06,18500.0,5600,Buy,225587233
2024-07-23 11:17:06,18500.0,2300,Buy,225587243
2024-07-23 11:17:06,18500.0,6000,Buy,225587231
2024-07-23 11:17:06,18500.0,6100,Buy,225587232
2024-07-23 11:17:06,18500.0,1000,Buy,225587220
2024-07-23 11:17:06,18500.0,200,Buy,225587221
2024-07-23 11:17:06,18500.0,100,Buy,225587222
2024-07-23 11:17:06,18500.0,2000,Buy,225587223
2024-07-23 11:17:06,18500.0,200,Buy,225587242
2024-07-23 11:17:06,18500.0,600,Buy,225587225
2024-07-23 11:17:06,18500.0,500,Buy,225587226
2024-07-23 11:17:06,18500.0,100,Buy,225587224
2024-07-23 11:17:06,18500.0,300,Buy,225587229
2024-07-23 11:17:06,18500.0,100,Buy,225587230
2024-07-23 11:17:14,18450.0,900,Sell,225587348
2024-07-23 11:18:33,18450.0,100,Sell,225588217
2024-07-23 11:18:48,18450.0,3100,Sell,225588420
2024-07-23 11:19:47,18450.0,400,Sell,225589066
2024-07-23 11:22:58,18450.0,500,Sell,225591499
2024-07-23 11:24:08,18450.0,100,Sell,225592409
2024-07-23 11:24:39,18500.0,100,Buy,225592912
2024-07-23 11:24:39,18500.0,200,Buy,225592913
2024-07-23 11:24:39,18500.0,500,Buy,225592911
2024-07-23 11:24:39,18500.0,1000,Buy,225592914
2024-07-23 11:24:40,18500.0,1800,Buy,225592943
2024-07-23 11:24:41,18500.0,1800,Buy,225592975
2024-07-23 11:24:53,18500.0,500,Buy,225593192
2024-07-23 11:25:02,18450.0,500,Sell,225593317
2024-07-23 11:25:06,18500.0,1000,Buy,225593403
2024-07-23 11:25:16,18500.0,200,Buy,225593533
2024-07-23 11:25:41,18450.0,100,Sell,225593961
2024-07-23 11:25:54,18450.0,100,Sell,225594178
2024-07-23 11:26:00,18450.0,500,Sell,225594265
2024-07-23 11:26:03,18450.0,200,Sell,225594296
2024-07-23 11:26:09,18450.0,1700,Sell,225594373
2024-07-23 11:26:09,18450.0,300,Sell,225594372
2024-07-23 11:26:17,18450.0,200,Sell,225594441
2024-07-23 11:26:57,18450.0,500,Sell,225594968
2024-07-23 11:26:57,18450.0,3800,Sell,225594971
2024-07-23 11:26:57,18450.0,5100,Sell,225594967
2024-07-23 11:26:57,18450.0,4400,Sell,225594969
2024-07-23 11:26:57,18450.0,2000,Sell,225594970
2024-07-23 11:27:17,18450.0,1000,Sell,225595240
2024-07-23 11:27:30,18500.0,1800,Buy,225595451
2024-07-23 11:27:31,18500.0,1800,Buy,225595474
2024-07-23 11:27:42,18500.0,1100,Buy,225595704
2024-07-23 11:27:42,18500.0,500,Buy,225595705
2024-07-23 11:27:42,18500.0,200,Buy,225595706
2024-07-23 11:27:43,18450.0,2500,Sell,225595766
2024-07-23 11:28:00,18500.0,100,Buy,225596004
2024-07-23 12:59:39,18450.0,3000,Sell,225597743
2024-07-23 12:59:39,18450.0,800,Sell,225597744
2024-07-23 12:59:39,18450.0,1000,Sell,225597745
2024-07-23 12:59:39,18450.0,1000,Sell,225597746
2024-07-23 12:59:39,18450.0,100,Sell,225597747
2024-07-23 12:59:39,18450.0,500,Sell,225597748
2024-07-23 12:59:39,18450.0,200,Sell,225597815
2024-07-23 12:59:39,18500.0,200,Buy,225597750
2024-07-23 12:59:39,18500.0,1000,Buy,225597751
2024-07-23 12:59:39,18500.0,100,Buy,225597752
2024-07-23 12:59:39,18450.0,200,Sell,225597742
2024-07-23 12:59:39,18500.0,100,Buy,225597816
2024-07-23 12:59:39,18450.0,2000,Sell,225597817
2024-07-23 12:59:39,18500.0,3400,Buy,225597818
2024-07-23 12:59:39,18450.0,1000,Sell,225597749
2024-07-23 12:59:39,18450.0,100,Sell,225597741
2024-07-23 12:59:39,18450.0,2700,Sell,225597736
2024-07-23 12:59:39,18450.0,200,Sell,225597739
2024-07-23 12:59:39,18500.0,1700,Buy,225597723
2024-07-23 12:59:39,18500.0,100,Buy,225597724
2024-07-23 12:59:39,18500.0,800,Buy,225597725
2024-07-23 12:59:39,18500.0,500,Buy,225597726
2024-07-23 12:59:39,18500.0,400,Buy,225597727
2024-07-23 12:59:39,18500.0,500,Buy,225597728
2024-07-23 12:59:39,18450.0,300,Sell,225597740
2024-07-23 12:59:39,18500.0,100,Buy,225597729
2024-07-23 12:59:39,18500.0,100,Buy,225597731
2024-07-23 12:59:39,18500.0,300,Buy,225597732
2024-07-23 12:59:39,18500.0,200,Buy,225597733
2024-07-23 12:59:39,18500.0,1000,Buy,225597734
2024-07-23 12:59:39,18450.0,20000,Sell,225597737
2024-07-23 12:59:39,18450.0,100,Sell,225597738
2024-07-23 12:59:39,18500.0,1000,Buy,225597730
2024-07-23 12:59:39,18500.0,1800,Buy,225597735
2024-07-23 12:59:40,18450.0,10000,Sell,225598092
2024-07-23 12:59:40,18450.0,5000,Sell,225598415
2024-07-23 12:59:40,18450.0,100,Sell,225598090
2024-07-23 12:59:40,18500.0,900,Buy,225598089
2024-07-23 12:59:40,18450.0,1800,Sell,225598088
2024-07-23 12:59:40,18500.0,200,Buy,225598091
2024-07-23 12:59:41,18500.0,500,Buy,225598538
2024-07-23 12:59:41,18450.0,2000,Sell,225598539
2024-07-23 12:59:41,18450.0,1000,Sell,225598540
2024-07-23 12:59:42,18450.0,1000,Sell,225598735
2024-07-23 12:59:42,18450.0,1000,Sell,225598804
2024-07-23 12:59:42,18450.0,1200,Sell,225598806
2024-07-23 12:59:43,18450.0,1000,Sell,225599056
2024-07-23 12:59:45,18450.0,2000,Sell,225599513
2024-07-23 12:59:45,18500.0,200,Buy,225599511
2024-07-23 12:59:46,18450.0,200,Sell,225599681
2024-07-23 12:59:46,18450.0,100,Sell,225599682
2024-07-23 12:59:48,18450.0,1000,Sell,225600195
2024-07-23 12:59:48,18450.0,12900,Sell,225600197
2024-07-23 12:59:48,18450.0,100,Sell,225600196
2024-07-23 12:59:48,18450.0,2000,Sell,225600194
2024-07-23 12:59:48,18450.0,200,Sell,225600198
2024-07-23 12:59:48,18450.0,300,Sell,225600192
2024-07-23 12:59:48,18450.0,100,Sell,225600191
2024-07-23 12:59:48,18450.0,100,Sell,225600190
2024-07-23 12:59:48,18450.0,1000,Sell,225600189
2024-07-23 12:59:48,18500.0,400,Buy,225600176
2024-07-23 12:59:48,18450.0,500,Sell,225600193
2024-07-23 12:59:49,18500.0,100,Buy,225600346
2024-07-23 12:59:50,18450.0,1700,Sell,225600384
2024-07-23 12:59:50,18500.0,100,Buy,225600466
2024-07-23 12:59:51,18500.0,1000,Buy,225600493
2024-07-23 12:59:51,18500.0,1000,Buy,225600494
2024-07-23 12:59:51,18500.0,100,Buy,225600553
2024-07-23 12:59:51,18500.0,100,Buy,225600554
2024-07-23 12:59:51,18500.0,5000,Buy,225600567
2024-07-23 12:59:54,18450.0,2000,Sell,225600927
2024-07-23 12:59:54,18450.0,2000,Sell,225600926
2024-07-23 12:59:55,18450.0,100,Sell,225601084
2024-07-23 12:59:56,18450.0,2000,Sell,225601146
2024-07-23 12:59:56,18500.0,200,Buy,225601151
2024-07-23 12:59:59,18450.0,2000,Sell,225601349
2024-07-23 13:00:00,18450.0,600,Sell,225601448
2024-07-23 13:00:03,18500.0,400,Buy,225601581
2024-07-23 13:00:12,18450.0,1000,Sell,225601796
2024-07-23 13:00:15,18500.0,5400,Buy,225601836
2024-07-23 13:00:37,18450.0,900,Sell,225602310
2024-07-23 13:00:37,18450.0,5000,Sell,225602306
2024-07-23 13:00:37,18450.0,20000,Sell,225602308
2024-07-23 13:00:37,18450.0,20000,Sell,225602307
2024-07-23 13:00:37,18450.0,100,Sell,225602305
2024-07-23 13:00:37,18450.0,100,Sell,225602309
2024-07-23 13:00:37,18450.0,10000,Sell,225602303
2024-07-23 13:00:37,18450.0,100,Sell,225602302
2024-07-23 13:00:37,18450.0,4000,Sell,225602301
2024-07-23 13:00:37,18450.0,1100,Sell,225602300
2024-07-23 13:00:37,18450.0,100,Sell,225602299
2024-07-23 13:00:37,18450.0,25500,Sell,225602298
2024-07-23 13:00:37,18450.0,100,Sell,225602304
2024-07-23 13:00:41,18450.0,100,Sell,225602523
2024-07-23 13:01:15,18400.0,400,Sell,225603383
2024-07-23 13:01:15,18400.0,200,Sell,225603382
2024-07-23 13:01:15,18400.0,2300,Sell,225603384
2024-07-23 13:01:15,18400.0,100,Sell,225603380
2024-07-23 13:01:15,18400.0,1000,Sell,225603379
2024-07-23 13:01:15,18400.0,600,Sell,225603378
2024-07-23 13:01:15,18400.0,100,Sell,225603381
2024-07-23 13:01:16,18400.0,1000,Sell,225603400
2024-07-23 13:01:16,18400.0,1000,Sell,225603401
2024-07-23 13:01:20,18400.0,2000,Sell,225603436
2024-07-23 13:01:27,18400.0,500,Sell,225603617
2024-07-23 13:01:27,18400.0,1000,Sell,225603618
2024-07-23 13:01:27,18400.0,100,Sell,225603619
2024-07-23 13:01:27,18400.0,200,Sell,225603620
2024-07-23 13:01:27,18400.0,2000,Sell,225603623
2024-07-23 13:01:27,18400.0,100,Sell,225603622
2024-07-23 13:01:27,18400.0,100,Sell,225603624
2024-07-23 13:01:27,18400.0,1000,Sell,225603616
2024-07-23 13:01:27,18400.0,100,Sell,225603621
2024-07-23 13:01:27,18400.0,200,Sell,225603615
2024-07-23 13:01:27,18400.0,100,Sell,225603606
2024-07-23 13:01:27,18400.0,100,Sell,225603613
2024-07-23 13:01:27,18400.0,200,Sell,225603612
2024-07-23 13:01:27,18400.0,1500,Sell,225603611
2024-07-23 13:01:27,18400.0,100,Sell,225603610
2024-07-23 13:01:27,18400.0,500,Sell,225603609
2024-07-23 13:01:27,18400.0,100,Sell,225603608
2024-07-23 13:01:27,18400.0,100,Sell,225603607
2024-07-23 13:01:27,18400.0,1000,Sell,225603625
2024-07-23 13:01:27,18400.0,100,Sell,225603605
2024-07-23 13:01:27,18400.0,500,Sell,225603604
2024-07-23 13:01:27,18400.0,100,Sell,225603614
2024-07-23 13:01:27,18400.0,200,Sell,225603626
2024-07-23 13:01:27,18400.0,500,Sell,225603636
2024-07-23 13:01:27,18400.0,10000,Sell,225603628
2024-07-23 13:01:27,18400.0,800,Sell,225603650
2024-07-23 13:01:27,18400.0,100,Sell,225603649
2024-07-23 13:01:27,18400.0,200,Sell,225603648
2024-07-23 13:01:27,18400.0,100,Sell,225603647
2024-07-23 13:01:27,18400.0,1000,Sell,225603646
2024-07-23 13:01:27,18400.0,1200,Sell,225603645
2024-07-23 13:01:27,18400.0,200,Sell,225603644
2024-07-23 13:01:27,18400.0,100,Sell,225603643
2024-07-23 13:01:27,18400.0,100,Sell,225603642
2024-07-23 13:01:27,18400.0,1000,Sell,225603641
2024-07-23 13:01:27,18400.0,100,Sell,225603640
2024-07-23 13:01:27,18400.0,2000,Sell,225603639
2024-07-23 13:01:27,18400.0,100,Sell,225603638
2024-07-23 13:01:27,18400.0,100,Sell,225603637
2024-07-23 13:01:27,18400.0,1000,Sell,225603603
2024-07-23 13:01:27,18400.0,100,Sell,225603634
2024-07-23 13:01:27,18400.0,1000,Sell,225603633
2024-07-23 13:01:27,18400.0,300,Sell,225603632
2024-07-23 13:01:27,18400.0,500,Sell,225603631
2024-07-23 13:01:27,18400.0,2700,Sell,225603630
2024-07-23 13:01:27,18400.0,300,Sell,225603629
2024-07-23 13:01:27,18400.0,800,Sell,225603627
2024-07-23 13:01:27,18400.0,100,Sell,225603602
2024-07-23 13:01:27,18400.0,2000,Sell,225603635
2024-07-23 13:01:27,18400.0,2000,Sell,225603600
2024-07-23 13:01:27,18400.0,300,Sell,225603573
2024-07-23 13:01:27,18400.0,100,Sell,225603572
2024-07-23 13:01:27,18400.0,100,Sell,225603571
2024-07-23 13:01:27,18400.0,2000,Sell,225603570
2024-07-23 13:01:27,18400.0,5000,Sell,225603569
2024-07-23 13:01:27,18400.0,100,Sell,225603568
2024-07-23 13:01:27,18400.0,100,Sell,225603601
2024-07-23 13:01:27,18400.0,10000,Sell,225603567
2024-07-23 13:01:27,18400.0,100,Sell,225603566
2024-07-23 13:01:27,18400.0,100,Sell,225603565
2024-07-23 13:01:27,18400.0,10000,Sell,225603574
2024-07-23 13:01:27,18400.0,2000,Sell,225603564
2024-07-23 13:01:27,18400.0,500,Sell,225603562
2024-07-23 13:01:27,18400.0,3800,Sell,225603561
2024-07-23 13:01:27,18400.0,100,Sell,225603560
2024-07-23 13:01:27,18400.0,500,Sell,225603559
2024-07-23 13:01:27,18400.0,1000,Sell,225603558
2024-07-23 13:01:27,18400.0,200,Sell,225603557
2024-07-23 13:01:27,18400.0,1000,Sell,225603556
2024-07-23 13:01:27,18400.0,700,Sell,225603555
2024-07-23 13:01:27,18400.0,10000,Sell,225603554
2024-07-23 13:01:27,18400.0,100,Sell,225603553
2024-07-23 13:01:27,18400.0,500,Sell,225603563
2024-07-23 13:01:27,18400.0,400,Sell,225603575
2024-07-23 13:01:27,18400.0,700,Sell,225603552
2024-07-23 13:01:27,18400.0,1000,Sell,225603577
2024-07-23 13:01:27,18400.0,100,Sell,225603599
2024-07-23 13:01:27,18400.0,200,Sell,225603598
2024-07-23 13:01:27,18400.0,1000,Sell,225603576
2024-07-23 13:01:27,18400.0,100,Sell,225603596
2024-07-23 13:01:27,18400.0,100,Sell,225603595
2024-07-23 13:01:27,18400.0,3000,Sell,225603594
2024-07-23 13:01:27,18400.0,500,Sell,225603593
2024-07-23 13:01:27,18400.0,1800,Sell,225603592
2024-07-23 13:01:27,18400.0,100,Sell,225603591
2024-07-23 13:01:27,18400.0,100,Sell,225603590
2024-07-23 13:01:27,18400.0,2000,Sell,225603589
2024-07-23 13:01:27,18400.0,300,Sell,225603597
2024-07-23 13:01:27,18400.0,100,Sell,225603587
2024-07-23 13:01:27,18400.0,1000,Sell,225603586
2024-07-23 13:01:27,18400.0,100,Sell,225603585
2024-07-23 13:01:27,18400.0,100,Sell,225603584
2024-07-23 13:01:27,18400.0,500,Sell,225603583
2024-07-23 13:01:27,18400.0,1000,Sell,225603582
2024-07-23 13:01:27,18400.0,300,Sell,225603581
2024-07-23 13:01:27,18400.0,500,Sell,225603580
2024-07-23 13:01:27,18400.0,400,Sell,225603579
2024-07-23 13:01:27,18400.0,10000,Sell,225603578
2024-07-23 13:01:27,18400.0,1000,Sell,225603588
2024-07-23 13:01:30,18400.0,2000,Sell,225603747
2024-07-23 13:01:37,18400.0,2200,Sell,225603819
2024-07-23 13:01:37,18400.0,1800,Sell,225603820
2024-07-23 13:01:42,18400.0,400,Sell,225603941
2024-07-23 13:01:42,18400.0,200,Sell,225603940
2024-07-23 13:01:42,18400.0,200,Sell,225603939
2024-07-23 13:01:45,18400.0,4000,Sell,225604052
2024-07-23 13:01:45,18400.0,200,Sell,225604051
2024-07-23 13:01:45,18400.0,1000,Sell,225604050
2024-07-23 13:01:45,18400.0,500,Sell,225604049
2024-07-23 13:01:45,18400.0,100,Sell,225604048
2024-07-23 13:01:45,18400.0,5000,Sell,225604047
2024-07-23 13:01:45,18400.0,5000,Sell,225604046
2024-07-23 13:01:45,18400.0,1000,Sell,225604045
2024-07-23 13:01:45,18400.0,1000,Sell,225604044
2024-07-23 13:01:45,18400.0,3000,Sell,225604043
2024-07-23 13:01:45,18400.0,3000,Sell,225604042
2024-07-23 13:01:45,18400.0,500,Sell,225604041
2024-07-23 13:01:45,18400.0,100,Sell,225604039
2024-07-23 13:01:45,18400.0,2000,Sell,225604038
2024-07-23 13:01:45,18400.0,600,Sell,225604028
2024-07-23 13:01:45,18400.0,100,Sell,225604030
2024-07-23 13:01:45,18400.0,200,Sell,225604031
2024-07-23 13:01:45,18400.0,200,Sell,225604032
2024-07-23 13:01:45,18400.0,2000,Sell,225604029
2024-07-23 13:01:45,18400.0,1000,Sell,225604034
2024-07-23 13:01:45,18400.0,2000,Sell,225604035
2024-07-23 13:01:45,18400.0,100,Sell,225604036
2024-07-23 13:01:45,18400.0,500,Sell,225604037
2024-07-23 13:01:45,18400.0,1800,Sell,225604033
2024-07-23 13:01:45,18400.0,1000,Sell,225604040
2024-07-23 13:01:50,18350.0,200,Sell,225604132
2024-07-23 13:01:50,18350.0,100,Sell,225604133
2024-07-23 13:01:50,18350.0,10000,Sell,225604134
2024-07-23 13:01:50,18350.0,6800,Sell,225604135
2024-07-23 13:01:50,18350.0,3000,Sell,225604151
2024-07-23 13:01:51,18350.0,3800,Sell,225604158
2024-07-23 13:01:51,18350.0,200,Sell,225604157
2024-07-23 13:01:58,18400.0,100,Buy,225604277
2024-07-23 13:02:02,18350.0,3000,Sell,225604338
2024-07-23 13:02:16,18400.0,100,Buy,225604593
2024-07-23 13:02:16,18350.0,2000,Sell,225604596
2024-07-23 13:02:19,18400.0,1000,Buy,225604666
2024-07-23 13:02:22,18350.0,300,Sell,225604718
2024-07-23 13:02:33,18350.0,100,Sell,225604990
2024-07-23 13:02:37,18350.0,400,Sell,225605091
2024-07-23 13:02:38,18350.0,200,Sell,225605117
2024-07-23 13:02:39,18350.0,200,Sell,225605148
2024-07-23 13:02:39,18350.0,500,Sell,225605146
2024-07-23 13:02:39,18350.0,200,Sell,225605145
2024-07-23 13:02:39,18350.0,100,Sell,225605147
2024-07-23 13:02:42,18400.0,1000,Buy,225605223
2024-07-23 13:02:50,18400.0,500,Buy,225605376
2024-07-23 13:02:50,18450.0,5100,Buy,225605378
2024-07-23 13:02:50,18450.0,2000,Buy,225605377
2024-07-23 13:02:50,18400.0,5000,Buy,225605375
2024-07-23 13:02:50,18400.0,1900,Buy,225605369
2024-07-23 13:02:50,18400.0,100,Buy,225605373
2024-07-23 13:02:50,18400.0,900,Buy,225605372
2024-07-23 13:02:50,18400.0,2000,Buy,225605371
2024-07-23 13:02:50,18400.0,500,Buy,225605370
2024-07-23 13:02:50,18400.0,2000,Buy,225605374
2024-07-23 13:03:10,18450.0,4900,Buy,225605896
2024-07-23 13:03:10,18450.0,500,Buy,225605897
2024-07-23 13:03:10,18400.0,200,Sell,225605911
2024-07-23 13:03:10,18400.0,800,Sell,225605912
2024-07-23 13:03:30,18400.0,300,Sell,225606423
2024-07-23 13:03:43,18400.0,900,Sell,225606699
2024-07-23 13:03:43,18400.0,200,Sell,225606700
2024-07-23 13:04:16,18400.0,200,Sell,225607424
2024-07-23 13:04:19,18400.0,300,Sell,225607466
2024-07-23 13:04:19,18400.0,1500,Sell,225607465
2024-07-23 13:04:19,18400.0,3200,Sell,225607464
2024-07-23 13:04:30,18400.0,100,Sell,225607712
2024-07-23 13:04:30,18400.0,200,Sell,225607713
2024-07-23 13:04:30,18400.0,1000,Sell,225607714
2024-07-23 13:04:30,18400.0,1000,Sell,225607715
2024-07-23 13:04:30,18400.0,300,Sell,225607716
2024-07-23 13:04:30,18400.0,100,Sell,225607717
2024-07-23 13:04:43,18400.0,1000,Sell,225607969
2024-07-23 13:04:43,18400.0,100,Sell,225607968
2024-07-23 13:04:43,18400.0,1500,Sell,225607967
2024-07-23 13:04:43,18400.0,200,Sell,225607964
2024-07-23 13:04:43,18400.0,200,Sell,225607963
2024-07-23 13:04:43,18400.0,400,Sell,225607965
2024-07-23 13:04:43,18400.0,500,Sell,225607961
2024-07-23 13:04:43,18400.0,1900,Sell,225607957
2024-07-23 13:04:43,18400.0,2000,Sell,225607958
2024-07-23 13:04:43,18400.0,100,Sell,225607962
2024-07-23 13:04:43,18400.0,200,Sell,225607960
2024-07-23 13:04:43,18400.0,1500,Sell,225607959
2024-07-23 13:05:02,18400.0,400,Buy,225608420
2024-07-23 13:05:06,18400.0,200,Buy,225608515
2024-07-23 13:05:16,18400.0,100,Buy,225608691
2024-07-23 13:05:18,18400.0,19700,Buy,225608743
2024-07-23 13:05:18,18400.0,5300,Buy,225608744
2024-07-23 13:05:22,18400.0,9600,Buy,225608830
2024-07-23 13:05:22,18400.0,300,Buy,225608829
2024-07-23 13:05:22,18400.0,5000,Buy,225608828
2024-07-23 13:05:22,18400.0,100,Buy,225608823
2024-07-23 13:05:22,18400.0,500,Buy,225608827
2024-07-23 13:05:22,18400.0,4600,Buy,225608826
2024-07-23 13:05:23,18400.0,400,Buy,225608866
2024-07-23 13:05:23,18400.0,1600,Buy,225608867
2024-07-23 13:05:25,18400.0,100,Buy,225608898
2024-07-23 13:05:32,18400.0,200,Buy,225609094
2024-07-23 13:05:33,18400.0,1000,Buy,225609164
2024-07-23 13:05:35,18400.0,500,Buy,225609206
2024-07-23 13:05:35,18400.0,1300,Buy,225609207
2024-07-23 13:05:35,18400.0,100,Buy,225609205
2024-07-23 13:05:35,18400.0,2000,Buy,225609190
2024-07-23 13:05:35,18400.0,100,Buy,225609204
2024-07-23 13:05:38,18400.0,300,Buy,225609240
2024-07-23 13:05:45,18400.0,900,Buy,225609393
2024-07-23 13:05:51,18400.0,200,Buy,225609617
2024-07-23 13:05:54,18400.0,2300,Buy,225609662
2024-07-23 13:05:54,18400.0,500,Buy,225609663
2024-07-23 13:06:13,18400.0,400,Buy,225609998
2024-07-23 13:06:13,18400.0,100,Buy,225609999
2024-07-23 13:06:20,18400.0,1900,Buy,225610124
2024-07-23 13:06:20,18400.0,100,Buy,225610125
2024-07-23 13:06:34,18350.0,400,Sell,225610519
2024-07-23 13:07:05,18350.0,300,Sell,225611062
2024-07-23 13:07:10,18350.0,2500,Sell,225611157
2024-07-23 13:07:11,18350.0,3500,Sell,225611183
2024-07-23 13:07:19,18350.0,1500,Sell,225611374
2024-07-23 13:07:29,18350.0,1600,Sell,225611555
2024-07-23 13:07:29,18350.0,400,Sell,225611556
2024-07-23 13:07:30,18350.0,1600,Sell,225611567
2024-07-23 13:07:30,18350.0,400,Sell,225611568
2024-07-23 13:07:31,18400.0,1500,Buy,225611575
2024-07-23 13:07:31,18400.0,500,Buy,225611576
2024-07-23 13:07:33,18350.0,400,Sell,225611654
2024-07-23 13:07:33,18350.0,600,Sell,225611653
2024-07-23 13:07:33,18400.0,3100,Buy,225611628
2024-07-23 13:07:33,18400.0,1900,Buy,225611627
2024-07-23 13:07:41,18400.0,200,Buy,225611869
2024-07-23 13:08:03,18400.0,100,Buy,225612476
2024-07-23 13:08:43,18400.0,100,Buy,225613471
2024-07-23 13:08:49,18400.0,1000,Buy,225613572
2024-07-23 13:09:15,18400.0,1000,Buy,225614323
2024-07-23 13:09:19,18400.0,2000,Buy,225614414
2024-07-23 13:09:45,18400.0,2500,Buy,225614847
2024-07-23 13:09:45,18400.0,1000,Buy,225614848
2024-07-23 13:09:45,18400.0,7500,Buy,225614849
2024-07-23 13:10:02,18350.0,600,Sell,225615156
2024-07-23 13:10:02,18350.0,300,Sell,225615155
2024-07-23 13:10:02,18350.0,1000,Sell,225615154
2024-07-23 13:10:02,18350.0,300,Sell,225615152
2024-07-23 13:10:02,18350.0,100,Sell,225615150
2024-07-23 13:10:02,18350.0,100,Sell,225615153
2024-07-23 13:10:02,18350.0,100,Sell,225615151
2024-07-23 13:10:28,18400.0,1000,Buy,225615783
2024-07-23 13:10:35,18350.0,400,Sell,225615915
2024-07-23 13:10:35,18350.0,500,Sell,225615916
2024-07-23 13:10:35,18350.0,100,Sell,225615917
2024-07-23 13:10:52,18350.0,100,Sell,225616294
2024-07-23 13:10:57,18400.0,100,Buy,225616405
2024-07-23 13:11:50,18400.0,15000,Buy,225617694
2024-07-23 13:11:59,18400.0,3000,Buy,225617876
2024-07-23 13:12:03,18400.0,100,Buy,225617959
2024-07-23 13:12:14,18400.0,500,Buy,225618207
2024-07-23 13:12:25,18400.0,2000,Buy,225618461
2024-07-23 13:12:40,18350.0,4300,Sell,225618796
2024-07-23 13:12:40,18350.0,2000,Sell,225618795
2024-07-23 13:12:40,18350.0,5000,Sell,225618793
2024-07-23 13:12:40,18350.0,500,Sell,225618792
2024-07-23 13:12:40,18350.0,10000,Sell,225618794
2024-07-23 13:12:40,18350.0,6000,Sell,225618790
2024-07-23 13:12:40,18350.0,200,Sell,225618789
2024-07-23 13:12:40,18350.0,500,Sell,225618788
2024-07-23 13:12:40,18350.0,200,Sell,225618787
2024-07-23 13:12:40,18350.0,300,Sell,225618786
2024-07-23 13:12:40,18350.0,1000,Sell,225618791
2024-07-23 13:12:46,18350.0,900,Sell,225618912
2024-07-23 13:12:46,18350.0,100,Sell,225618911
2024-07-23 13:12:46,18350.0,100,Sell,225618910
2024-07-23 13:12:46,18350.0,500,Sell,225618909
2024-07-23 13:12:46,18350.0,100,Sell,225618905
2024-07-23 13:12:46,18350.0,1000,Sell,225618907
2024-07-23 13:12:46,18350.0,100,Sell,225618906
2024-07-23 13:12:46,18350.0,100,Sell,225618904
2024-07-23 13:12:46,18350.0,500,Sell,225618908
2024-07-23 13:12:46,18350.0,300,Sell,225618902
2024-07-23 13:12:46,18350.0,5700,Sell,225618894
2024-07-23 13:12:46,18350.0,500,Sell,225618895
2024-07-23 13:12:46,18350.0,5000,Sell,225618896
2024-07-23 13:12:46,18350.0,200,Sell,225618897
2024-07-23 13:12:46,18350.0,200,Sell,225618903
2024-07-23 13:12:46,18350.0,100,Sell,225618899
2024-07-23 13:12:46,18350.0,1500,Sell,225618901
2024-07-23 13:12:46,18350.0,100,Sell,225618898
2024-07-23 13:12:46,18350.0,3000,Sell,225618900
2024-07-23 13:12:51,18400.0,800,Buy,225619005
2024-07-23 13:12:51,18400.0,37100,Buy,225619019
2024-07-23 13:12:51,18400.0,2000,Buy,225619018
2024-07-23 13:12:51,18400.0,500,Buy,225619017
2024-07-23 13:12:51,18400.0,4500,Buy,225619016
2024-07-23 13:12:51,18400.0,1000,Buy,225619015
2024-07-23 13:12:51,18400.0,500,Buy,225619014
2024-07-23 13:12:51,18400.0,10000,Buy,225619011
2024-07-23 13:12:51,18400.0,5000,Buy,225619010
2024-07-23 13:12:51,18400.0,100,Buy,225619009
2024-07-23 13:12:51,18400.0,5000,Buy,225619008
2024-07-23 13:12:51,18400.0,1500,Buy,225619007
2024-07-23 13:12:51,18400.0,1000,Buy,225619006
2024-07-23 13:12:51,18400.0,2000,Buy,225619012
2024-07-23 13:12:51,18400.0,4000,Buy,225619013
2024-07-23 13:12:53,18350.0,400,Sell,225619073
2024-07-23 13:12:53,18350.0,900,Sell,225619076
2024-07-23 13:12:53,18350.0,500,Sell,225619075
2024-07-23 13:12:53,18350.0,1600,Sell,225619074
2024-07-23 13:12:53,18350.0,200,Sell,225619072
2024-07-23 13:12:53,18350.0,300,Sell,225619070
2024-07-23 13:12:53,18350.0,1000,Sell,225619071
2024-07-23 13:12:53,18350.0,14100,Sell,225619067
2024-07-23 13:12:53,18350.0,500,Sell,225619069
2024-07-23 13:12:53,18350.0,500,Sell,225619068
2024-07-23 13:13:05,18400.0,18300,Buy,225619371
2024-07-23 13:13:05,18400.0,300,Buy,225619377
2024-07-23 13:13:05,18400.0,2100,Buy,225619376
2024-07-23 13:13:05,18350.0,200,Sell,225619379
2024-07-23 13:13:05,18400.0,3500,Buy,225619374
2024-07-23 13:13:05,18400.0,500,Buy,225619373
2024-07-23 13:13:05,18400.0,200,Buy,225619372
2024-07-23 13:13:05,18400.0,100,Buy,225619375
2024-07-23 13:13:22,18400.0,4700,Buy,225619689
2024-07-23 13:13:22,18400.0,300,Buy,225619690
2024-07-23 13:13:23,18350.0,1900,Sell,225619709
2024-07-23 13:13:23,18350.0,2000,Sell,225619710
2024-07-23 13:13:23,18350.0,1000,Sell,225619711
2024-07-23 13:13:23,18350.0,100,Sell,225619712
2024-07-23 13:13:30,18400.0,4300,Buy,225619889
2024-07-23 13:13:30,18400.0,700,Buy,225619885
2024-07-23 13:13:30,18400.0,2000,Buy,225619886
2024-07-23 13:13:30,18400.0,2000,Buy,225619887
2024-07-23 13:13:30,18400.0,1000,Buy,225619888
2024-07-23 13:13:41,18350.0,1000,Sell,225620322
2024-07-23 13:13:52,18350.0,1500,Sell,225620599
2024-07-23 13:13:52,18350.0,1900,Sell,225620598
2024-07-23 13:13:55,18400.0,100,Buy,225620645
2024-07-23 13:13:59,18350.0,1500,Sell,225620697
2024-07-23 13:13:59,18350.0,1000,Sell,225620698
2024-07-23 13:13:59,18350.0,500,Sell,225620699
2024-07-23 13:15:02,18400.0,2900,Buy,225622501
2024-07-23 13:15:03,18400.0,100,Buy,225622535
2024-07-23 13:15:14,18400.0,3000,Buy,225622863
2024-07-23 13:15:27,18400.0,100,Buy,225623116
2024-07-23 13:15:29,18400.0,2000,Buy,225623153
2024-07-23 13:15:35,18400.0,5000,Buy,225623245
2024-07-23 13:15:35,18350.0,3100,Sell,225623239
2024-07-23 13:15:35,18350.0,1000,Sell,225623238
2024-07-23 13:15:35,18350.0,100,Sell,225623237
2024-07-23 13:15:35,18350.0,100,Sell,225623236
2024-07-23 13:15:35,18350.0,100,Sell,225623234
2024-07-23 13:15:35,18350.0,100,Sell,225623233
2024-07-23 13:15:35,18350.0,500,Sell,225623232
2024-07-23 13:15:35,18350.0,500,Sell,225623235
2024-07-23 13:15:49,18350.0,500,Sell,225623469
2024-07-23 13:15:49,18350.0,3200,Sell,225623470
2024-07-23 13:16:06,18400.0,1000,Buy,225623807
2024-07-23 13:16:11,18400.0,1500,Buy,225623947
2024-07-23 13:16:11,18400.0,1000,Buy,225623948
2024-07-23 13:16:11,18400.0,1000,Buy,225623949
2024-07-23 13:16:11,18400.0,1900,Buy,225623950
2024-07-23 13:16:14,18400.0,2700,Buy,225624013
2024-07-23 13:16:17,18400.0,100,Buy,225624094
2024-07-23 13:16:22,18400.0,1900,Buy,225624242
2024-07-23 13:16:23,18400.0,3400,Buy,225624259
2024-07-23 13:16:23,18400.0,100,Buy,225624260
2024-07-23 13:16:23,18400.0,15000,Buy,225624261
2024-07-23 13:16:23,18400.0,1000,Buy,225624262
2024-07-23 13:16:23,18400.0,100,Buy,225624263
2024-07-23 13:16:23,18400.0,1600,Buy,225624264
2024-07-23 13:16:23,18400.0,1700,Buy,225624265
2024-07-23 13:16:39,18400.0,300,Buy,225624664
2024-07-23 13:16:39,18400.0,200,Buy,225624665
2024-07-23 13:16:54,18400.0,300,Buy,225624972
2024-07-23 13:16:54,18400.0,700,Buy,225624973
2024-07-23 13:17:02,18350.0,200,Sell,225625146
2024-07-23 13:17:15,18350.0,100,Sell,225625442
2024-07-23 13:17:15,18350.0,200,Sell,225625443
2024-07-23 13:17:15,18350.0,2700,Sell,225625444
2024-07-23 13:17:15,18350.0,2300,Sell,225625450
2024-07-23 13:17:15,18350.0,2700,Sell,225625451
2024-07-23 13:17:15,18350.0,2000,Sell,225625441
2024-07-23 13:17:26,18350.0,700,Sell,225625692
2024-07-23 13:17:32,18350.0,7000,Sell,225625907
2024-07-23 13:17:32,18350.0,100,Sell,225625909
2024-07-23 13:17:32,18350.0,1000,Sell,225625908
2024-07-23 13:17:32,18350.0,4000,Sell,225625906
2024-07-23 13:17:32,18350.0,5600,Sell,225625910
2024-07-23 13:17:32,18350.0,3600,Sell,225625904
2024-07-23 13:17:32,18350.0,1000,Sell,225625903
2024-07-23 13:17:32,18350.0,200,Sell,225625902
2024-07-23 13:17:32,18350.0,500,Sell,225625905
2024-07-23 13:17:32,18350.0,2000,Sell,225625901
2024-07-23 13:17:35,18350.0,400,Sell,225625987
2024-07-23 13:17:35,18350.0,600,Sell,225625988
2024-07-23 13:17:39,18350.0,1000,Sell,225626035
2024-07-23 13:17:42,18350.0,200,Sell,225626087
2024-07-23 13:17:43,18350.0,200,Sell,225626096
2024-07-23 13:17:43,18350.0,2400,Sell,225626097
2024-07-23 13:17:43,18350.0,200,Sell,225626098
2024-07-23 13:17:43,18350.0,100,Sell,225626099
2024-07-23 13:17:43,18350.0,100,Sell,225626100
2024-07-23 13:17:52,18350.0,1300,Sell,225626310
2024-07-23 13:17:52,18350.0,200,Sell,225626309
2024-07-23 13:17:52,18350.0,100,Sell,225626307
2024-07-23 13:17:52,18350.0,400,Sell,225626306
2024-07-23 13:17:52,18350.0,100,Sell,225626308
2024-07-23 13:17:55,18350.0,300,Sell,225626390
2024-07-23 13:17:59,18350.0,100,Sell,225626483
2024-07-23 13:17:59,18350.0,100,Sell,225626486
2024-07-23 13:17:59,18350.0,200,Sell,225626485
2024-07-23 13:17:59,18350.0,800,Sell,225626484
2024-07-23 13:17:59,18350.0,3000,Sell,225626482
2024-07-23 13:17:59,18350.0,600,Sell,225626487
2024-07-23 13:17:59,18350.0,500,Sell,225626480
2024-07-23 13:17:59,18350.0,4000,Sell,225626479
2024-07-23 13:17:59,18350.0,500,Sell,225626478
2024-07-23 13:17:59,18350.0,200,Sell,225626477
2024-07-23 13:17:59,18350.0,200,Sell,225626461
2024-07-23 13:17:59,18350.0,1400,Sell,225626481
2024-07-23 13:18:01,18350.0,400,Sell,225626517
2024-07-23 13:18:01,18350.0,600,Sell,225626518
2024-07-23 13:18:13,18400.0,2900,Buy,225626832
2024-07-23 13:18:33,18400.0,400,Buy,225627274
2024-07-23 13:18:33,18400.0,500,Buy,225627275
2024-07-23 13:18:33,18400.0,2000,Buy,225627276
2024-07-23 13:18:55,18400.0,2900,Buy,225627904
2024-07-23 13:19:01,18350.0,2000,Sell,225628093
2024-07-23 13:19:03,18400.0,100,Buy,225628134
2024-07-23 13:19:04,18350.0,600,Sell,225628137
2024-07-23 13:19:04,18350.0,400,Sell,225628136
2024-07-23 13:19:09,18350.0,500,Sell,225628259
2024-07-23 13:19:11,18350.0,700,Sell,225628296
2024-07-23 13:19:11,18350.0,2300,Sell,225628297
2024-07-23 13:19:15,18350.0,1000,Sell,225628417
2024-07-23 13:19:16,18350.0,100,Sell,225628465
2024-07-23 13:19:16,18350.0,500,Sell,225628464
2024-07-23 13:19:16,18350.0,500,Sell,225628463
2024-07-23 13:19:16,18350.0,200,Sell,225628462
2024-07-23 13:19:16,18350.0,500,Sell,225628461
2024-07-23 13:19:16,18350.0,200,Sell,225628458
2024-07-23 13:19:16,18350.0,100,Sell,225628457
2024-07-23 13:19:16,18350.0,300,Sell,225628460
2024-07-23 13:19:16,18350.0,500,Sell,225628455
2024-07-23 13:19:16,18350.0,200,Sell,225628456
2024-07-23 13:19:16,18350.0,200,Sell,225628449
2024-07-23 13:19:16,18350.0,100,Sell,225628450
2024-07-23 13:19:16,18350.0,100,Sell,225628451
2024-07-23 13:19:16,18350.0,100,Sell,225628459
2024-07-23 13:19:16,18350.0,300,Sell,225628453
2024-07-23 13:19:16,18350.0,1000,Sell,225628452
2024-07-23 13:19:16,18350.0,100,Sell,225628454
2024-07-23 13:19:19,18350.0,100,Sell,225628502
2024-07-23 13:19:21,18350.0,300,Sell,225628561
2024-07-23 13:19:22,18350.0,500,Sell,225628566
2024-07-23 13:19:22,18350.0,100,Sell,225628567
2024-07-23 13:19:22,18350.0,5400,Sell,225628568
2024-07-23 13:19:42,18350.0,1100,Sell,225629054
2024-07-23 13:19:43,18400.0,200,Buy,225629076
2024-07-23 13:19:55,18350.0,900,Sell,225629364
2024-07-23 13:20:00,18400.0,1800,Buy,225629484
2024-07-23 13:20:07,18350.0,600,Sell,225629639
2024-07-23 13:20:08,18400.0,300,Buy,225629676
2024-07-23 13:20:09,18350.0,10000,Sell,225629691
2024-07-23 13:20:12,18400.0,100,Buy,225629764
2024-07-23 13:21:01,18350.0,2000,Sell,225630875
2024-07-23 13:21:02,18350.0,800,Sell,225630876
2024-07-23 13:21:07,18350.0,100,Sell,225630963
2024-07-23 13:21:10,18350.0,100,Sell,225631029
2024-07-23 13:21:10,18350.0,100,Sell,225631030
2024-07-23 13:21:15,18350.0,500,Sell,225631192
2024-07-23 13:21:34,18400.0,400,Buy,225631613
2024-07-23 13:21:40,18350.0,1400,Sell,225631717
2024-07-23 13:21:40,18350.0,300,Sell,225631720
2024-07-23 13:21:40,18350.0,1000,Sell,225631718
2024-07-23 13:21:40,18350.0,300,Sell,225631719
2024-07-23 13:21:46,18350.0,200,Sell,225631858
2024-07-23 13:22:06,18350.0,500,Sell,225632392
2024-07-23 13:22:06,18350.0,1500,Sell,225632393
2024-07-23 13:22:09,18350.0,200,Sell,225632456
2024-07-23 13:22:10,18400.0,1500,Buy,225632459
2024-07-23 13:22:30,18400.0,100,Buy,225632808
2024-07-23 13:22:50,18350.0,500,Sell,225633179
2024-07-23 13:22:57,18400.0,300,Buy,225633300
2024-07-23 13:22:57,18350.0,400,Sell,225633295
2024-07-23 13:23:07,18400.0,100,Buy,225633506
2024-07-23 13:23:14,18400.0,100,Buy,225633655
2024-07-23 13:23:31,18400.0,100,Buy,225633932
2024-07-23 13:23:44,18400.0,700,Buy,225634176
2024-07-23 13:23:53,18400.0,500,Buy,225634330
2024-07-23 13:24:32,18400.0,100,Buy,225635148
2024-07-23 13:24:56,18400.0,10600,Buy,225635768
2024-07-23 13:25:19,18350.0,800,Sell,225636424
2024-07-23 13:25:37,18350.0,100,Sell,225636780
2024-07-23 13:25:42,18350.0,200,Sell,225636874
2024-07-23 13:25:51,18400.0,1000,Buy,225637079
2024-07-23 13:26:29,18350.0,400,Sell,225638248
2024-07-23 13:26:34,18350.0,200,Sell,225638303
2024-07-23 13:26:38,18400.0,2100,Buy,225638399
2024-07-23 13:26:38,18400.0,900,Buy,225638400
2024-07-23 13:26:49,18400.0,200,Buy,225638657
2024-07-23 13:26:52,18400.0,3900,Buy,225638767
2024-07-23 13:26:52,18400.0,1100,Buy,225638768
2024-07-23 13:26:59,18400.0,1000,Buy,225638907
2024-07-23 13:27:04,18350.0,14500,Sell,225639016
2024-07-23 13:27:04,18350.0,400,Sell,225639015
2024-07-23 13:27:04,18350.0,1000,Sell,225639014
2024-07-23 13:27:04,18350.0,1000,Sell,225639013
2024-07-23 13:27:04,18350.0,1600,Sell,225639011
2024-07-23 13:27:04,18400.0,500,Buy,225638998
2024-07-23 13:27:04,18350.0,100,Sell,225638997
2024-07-23 13:27:04,18350.0,500,Sell,225639012
2024-07-23 13:27:05,18400.0,10000,Buy,225639035
2024-07-23 13:27:26,18400.0,8000,Buy,225639494
2024-07-23 13:27:26,18400.0,500,Buy,225639495
2024-07-23 13:27:27,18350.0,1000,Sell,225639507
2024-07-23 13:27:27,18350.0,100,Sell,225639524
2024-07-23 13:27:42,18350.0,100,Sell,225639838
2024-07-23 13:27:45,18350.0,600,Sell,225639882
2024-07-23 13:27:47,18400.0,1100,Buy,225639903
2024-07-23 13:27:57,18400.0,1000,Buy,225640089
2024-07-23 13:28:05,18400.0,26800,Buy,225640242
2024-07-23 13:28:05,18400.0,1000,Buy,225640243
2024-07-23 13:28:05,18400.0,5000,Buy,225640244
2024-07-23 13:28:05,18400.0,17200,Buy,225640245
2024-07-23 13:28:11,18400.0,500,Buy,225640440
2024-07-23 13:28:11,18400.0,5000,Buy,225640441
2024-07-23 13:28:11,18400.0,100,Buy,225640442
2024-07-23 13:28:11,18400.0,500,Buy,225640443
2024-07-23 13:28:11,18400.0,2000,Buy,225640444
2024-07-23 13:28:11,18400.0,500,Buy,225640439
2024-07-23 13:28:11,18400.0,3000,Buy,225640446
2024-07-23 13:28:11,18400.0,15000,Buy,225640448
2024-07-23 13:28:11,18400.0,200,Buy,225640449
2024-07-23 13:28:11,18400.0,400,Buy,225640450
2024-07-23 13:28:11,18400.0,200,Buy,225640445
2024-07-23 13:28:11,18400.0,1000,Buy,225640438
2024-07-23 13:28:11,18400.0,1500,Buy,225640447
2024-07-23 13:28:11,18400.0,1500,Buy,225640436
2024-07-23 13:28:11,18400.0,2800,Buy,225640425
2024-07-23 13:28:11,18400.0,2000,Buy,225640426
2024-07-23 13:28:11,18400.0,1200,Buy,225640427
2024-07-23 13:28:11,18400.0,2500,Buy,225640428
2024-07-23 13:28:11,18400.0,1000,Buy,225640429
2024-07-23 13:28:11,18400.0,200,Buy,225640437
2024-07-23 13:28:11,18400.0,5000,Buy,225640431
2024-07-23 13:28:11,18400.0,3000,Buy,225640432
2024-07-23 13:28:11,18400.0,200,Buy,225640433
2024-07-23 13:28:11,18400.0,100,Buy,225640434
2024-07-23 13:28:11,18400.0,100,Buy,225640435
2024-07-23 13:28:11,18400.0,500,Buy,225640430
2024-07-23 13:28:13,18400.0,1000,Buy,225640518
2024-07-23 13:28:18,18400.0,500,Sell,225640630
2024-07-23 13:28:18,18400.0,1500,Buy,225640629
2024-07-23 13:28:18,18400.0,1000,Buy,225640628
2024-07-23 13:28:18,18400.0,500,Buy,225640627
2024-07-23 13:28:18,18400.0,10000,Buy,225640626
2024-07-23 13:28:18,18400.0,3500,Buy,225640624
2024-07-23 13:28:18,18400.0,100,Buy,225640623
2024-07-23 13:28:18,18400.0,300,Buy,225640621
2024-07-23 13:28:18,18400.0,3000,Buy,225640625
2024-07-23 13:28:18,18400.0,100,Buy,225640622
2024-07-23 13:28:38,18400.0,200,Sell,225641067
2024-07-23 13:28:47,18400.0,200,Sell,225641203
2024-07-23 13:28:50,18400.0,1000,Sell,225641262
2024-07-23 13:28:52,18400.0,100,Sell,225641289
2024-07-23 13:28:56,18400.0,300,Sell,225641361
2024-07-23 13:29:00,18400.0,100,Sell,225641455
2024-07-23 13:29:01,18400.0,2800,Sell,225641476
2024-07-23 13:29:10,18400.0,2000,Sell,225641723
2024-07-23 13:29:10,18400.0,3000,Sell,225641698
2024-07-23 13:29:18,18400.0,1000,Sell,225641882
2024-07-23 13:29:38,18400.0,1500,Sell,225642325
2024-07-23 13:29:38,18400.0,1000,Sell,225642329
2024-07-23 13:29:53,18400.0,5000,Sell,225642713
2024-07-23 13:29:55,18400.0,1300,Sell,225642757
2024-07-23 13:29:55,18400.0,1500,Sell,225642758
2024-07-23 13:30:04,18400.0,500,Sell,225642969
2024-07-23 13:30:04,18400.0,100,Sell,225642970
2024-07-23 13:30:04,18400.0,2000,Sell,225642971
2024-07-23 13:30:04,18400.0,200,Sell,225642972
2024-07-23 13:30:08,18400.0,100,Sell,225643067
2024-07-23 13:30:08,18400.0,1000,Sell,225643066
2024-07-23 13:30:08,18400.0,100,Sell,225643065
2024-07-23 13:30:08,18400.0,3000,Sell,225643063
2024-07-23 13:30:08,18400.0,1000,Sell,225643062
2024-07-23 13:30:08,18400.0,4800,Sell,225643061
2024-07-23 13:30:08,18400.0,1000,Sell,225643064
2024-07-23 13:30:11,18400.0,300,Sell,225643150
2024-07-23 13:30:11,18400.0,5000,Sell,225643151
2024-07-23 13:30:11,18400.0,5000,Sell,225643152
2024-07-23 13:30:11,18400.0,500,Sell,225643153
2024-07-23 13:30:11,18400.0,100,Sell,225643154
2024-07-23 13:30:11,18400.0,1000,Sell,225643155
2024-07-23 13:30:11,18400.0,1000,Sell,225643156
2024-07-23 13:30:19,18400.0,600,Sell,225643323
2024-07-23 13:30:19,18400.0,1000,Sell,225643322
2024-07-23 13:30:19,18400.0,800,Sell,225643321
2024-07-23 13:30:19,18400.0,900,Sell,225643320
2024-07-23 13:30:19,18400.0,100,Sell,225643319
2024-07-23 13:30:19,18400.0,500,Sell,225643318
2024-07-23 13:30:19,18400.0,1000,Sell,225643317
2024-07-23 13:30:41,18400.0,1000,Buy,225643875
2024-07-23 13:30:44,18400.0,500,Buy,225644041
2024-07-23 13:30:52,18350.0,2800,Sell,225644217
2024-07-23 13:31:01,18400.0,3000,Buy,225644443
2024-07-23 13:31:06,18350.0,3000,Sell,225644542
2024-07-23 13:31:08,18350.0,2800,Sell,225644602
2024-07-23 13:31:15,18350.0,2800,Sell,225644803
2024-07-23 13:31:18,18400.0,600,Buy,225644942
2024-07-23 13:31:18,18400.0,600,Buy,225644940
2024-07-23 13:31:18,18400.0,300,Buy,225644941
2024-07-23 13:31:22,18400.0,4400,Buy,225645035
2024-07-23 13:31:22,18400.0,2900,Buy,225645036
2024-07-23 13:31:29,18350.0,2800,Sell,225645284
2024-07-23 13:31:38,18350.0,3000,Sell,225645706
2024-07-23 13:31:50,18350.0,2800,Sell,225646080
2024-07-23 13:31:51,18350.0,200,Sell,225646139
2024-07-23 13:31:51,18350.0,700,Sell,225646140
2024-07-23 13:31:51,18350.0,100,Sell,225646138
2024-07-23 13:31:51,18350.0,13700,Sell,225646133
2024-07-23 13:31:51,18350.0,200,Sell,225646136
2024-07-23 13:31:51,18350.0,3000,Sell,225646135
2024-07-23 13:31:51,18350.0,100,Sell,225646134
2024-07-23 13:31:51,18350.0,2000,Sell,225646137
2024-07-23 13:31:55,18350.0,3000,Sell,225646364
2024-07-23 13:31:55,18350.0,500,Sell,225646372
2024-07-23 13:31:55,18350.0,100,Sell,225646371
2024-07-23 13:31:55,18350.0,1000,Sell,225646370
2024-07-23 13:31:55,18350.0,2000,Sell,225646369
2024-07-23 13:31:55,18350.0,1000,Sell,225646368
2024-07-23 13:31:55,18350.0,1000,Sell,225646367
2024-07-23 13:31:55,18350.0,1000,Sell,225646366
2024-07-23 13:31:55,18350.0,100,Sell,225646365
2024-07-23 13:31:55,18350.0,100,Sell,225646363
2024-07-23 13:31:55,18350.0,100,Sell,225646320
2024-07-23 13:31:55,18350.0,100,Sell,225646361
2024-07-23 13:31:55,18350.0,300,Sell,225646319
2024-07-23 13:31:55,18350.0,1000,Sell,225646362
2024-07-23 13:31:55,18350.0,2300,Sell,225646322
2024-07-23 13:31:55,18350.0,500,Sell,225646323
2024-07-23 13:31:55,18350.0,100,Sell,225646321
2024-07-23 13:31:55,18350.0,5000,Sell,225646325
2024-07-23 13:31:55,18350.0,100,Sell,225646326
2024-07-23 13:31:55,18350.0,500,Sell,225646327
2024-07-23 13:31:55,18350.0,100,Sell,225646360
2024-07-23 13:31:55,18350.0,100,Sell,225646324
2024-07-23 13:32:03,18350.0,100,Sell,225646649
2024-07-23 13:32:09,18350.0,2800,Sell,225646940
2024-07-23 13:32:10,18350.0,200,Sell,225646990
2024-07-23 13:32:10,18350.0,300,Sell,225646992
2024-07-23 13:32:10,18350.0,500,Sell,225646991
2024-07-23 13:32:10,18350.0,5000,Sell,225646989
2024-07-23 13:32:10,18350.0,200,Sell,225646984
2024-07-23 13:32:10,18350.0,500,Sell,225646987
2024-07-23 13:32:10,18350.0,1600,Sell,225646983
2024-07-23 13:32:10,18350.0,200,Sell,225646988
2024-07-23 13:32:10,18350.0,1000,Sell,225646986
2024-07-23 13:32:10,18350.0,500,Sell,225646985
2024-07-23 13:32:13,18350.0,300,Sell,225647037
2024-07-23 13:32:17,18350.0,400,Sell,225647135
2024-07-23 13:32:17,18350.0,500,Sell,225647136
2024-07-23 13:32:17,18350.0,100,Sell,225647137
2024-07-23 13:32:18,18350.0,2800,Sell,225647196
2024-07-23 13:32:19,18350.0,200,Sell,225647263
2024-07-23 13:32:20,18350.0,1000,Sell,225647280
2024-07-23 13:32:23,18350.0,100,Sell,225647432
2024-07-23 13:32:23,18350.0,6000,Sell,225647431
2024-07-23 13:32:25,18350.0,200,Sell,225647559
2024-07-23 13:32:25,18350.0,100,Sell,225647560
2024-07-23 13:32:26,18350.0,100,Sell,225647608
2024-07-23 13:32:26,18350.0,100,Sell,225647607
2024-07-23 13:32:26,18350.0,500,Sell,225647606
2024-07-23 13:32:26,18350.0,500,Sell,225647605
2024-07-23 13:32:26,18350.0,500,Sell,225647604
2024-07-23 13:32:26,18350.0,500,Sell,225647603
2024-07-23 13:32:26,18350.0,800,Sell,225647602
2024-07-23 13:32:26,18350.0,1200,Sell,225647593
2024-07-23 13:32:26,18350.0,5000,Sell,225647591
2024-07-23 13:32:26,18350.0,100,Sell,225647590
2024-07-23 13:32:26,18350.0,500,Sell,225647589
2024-07-23 13:32:26,18350.0,100,Sell,225647588
2024-07-23 13:32:26,18350.0,1000,Sell,225647587
2024-07-23 13:32:26,18350.0,200,Sell,225647586
2024-07-23 13:32:26,18350.0,900,Sell,225647585
2024-07-23 13:32:26,18350.0,1000,Sell,225647592
2024-07-23 13:32:27,18350.0,7600,Sell,225647688
2024-07-23 13:32:27,18350.0,500,Sell,225647686
2024-07-23 13:32:27,18350.0,900,Sell,225647677
2024-07-23 13:32:27,18350.0,1000,Sell,225647687
2024-07-23 13:32:29,18350.0,1000,Sell,225647804
2024-07-23 13:32:30,18350.0,2100,Sell,225647811
2024-07-23 13:32:32,18350.0,39300,Sell,225647973
2024-07-23 13:32:32,18350.0,500,Sell,225647974
2024-07-23 13:32:32,18350.0,200,Sell,225647975
2024-07-23 13:32:34,18350.0,20000,Sell,225648071
2024-07-23 13:32:34,18350.0,100,Sell,225648076
2024-07-23 13:32:34,18350.0,300,Sell,225648075
2024-07-23 13:32:34,18350.0,100,Sell,225648074
2024-07-23 13:32:34,18350.0,1000,Sell,225648073
2024-07-23 13:32:34,18350.0,100,Sell,225648072
2024-07-23 13:32:34,18350.0,3300,Sell,225648070
2024-07-23 13:32:34,18350.0,1000,Sell,225648068
2024-07-23 13:32:34,18350.0,2800,Sell,225648064
2024-07-23 13:32:34,18350.0,1000,Sell,225648065
2024-07-23 13:32:34,18350.0,1500,Sell,225648069
2024-07-23 13:32:34,18350.0,400,Sell,225648067
2024-07-23 13:32:34,18350.0,5000,Sell,225648066
2024-07-23 13:32:36,18350.0,500,Buy,225648150
2024-07-23 13:32:39,18300.0,200,Sell,225648226
2024-07-23 13:32:39,18300.0,1000,Sell,225648227
2024-07-23 13:32:39,18300.0,500,Sell,225648228
2024-07-23 13:32:39,18300.0,100,Sell,225648230
2024-07-23 13:32:39,18300.0,500,Sell,225648231
2024-07-23 13:32:39,18300.0,10000,Sell,225648232
2024-07-23 13:32:39,18300.0,100,Sell,225648233
2024-07-23 13:32:39,18300.0,4500,Sell,225648234
2024-07-23 13:32:39,18300.0,100,Sell,225648229
2024-07-23 13:32:40,18300.0,100,Sell,225648249
2024-07-23 13:32:40,18300.0,2000,Sell,225648250
2024-07-23 13:32:42,18300.0,3400,Sell,225648329
2024-07-23 13:32:48,18300.0,100,Sell,225648594
2024-07-23 13:32:52,18300.0,5000,Sell,225648716
2024-07-23 13:32:52,18350.0,100,Buy,225648714
2024-07-23 13:33:05,18300.0,400,Sell,225649109
2024-07-23 13:33:07,18300.0,1200,Sell,225649293
2024-07-23 13:33:08,18350.0,2000,Buy,225649333
2024-07-23 13:33:10,18300.0,3500,Sell,225649432
2024-07-23 13:33:15,18300.0,5000,Sell,225649833
2024-07-23 13:33:20,18300.0,1000,Sell,225650287
2024-07-23 13:33:23,18300.0,15700,Sell,225650453
2024-07-23 13:33:23,18300.0,200,Sell,225650452
2024-07-23 13:33:23,18300.0,100,Sell,225650450
2024-07-23 13:33:23,18300.0,3800,Sell,225650449
2024-07-23 13:33:23,18300.0,200,Sell,225650451
2024-07-23 13:33:28,18300.0,500,Sell,225650856
2024-07-23 13:33:28,18300.0,3000,Sell,225650887
2024-07-23 13:33:30,18300.0,2800,Sell,225650944
2024-07-23 13:33:30,18300.0,100,Sell,225650976
2024-07-23 13:33:30,18300.0,100,Sell,225650975
2024-07-23 13:33:30,18300.0,800,Sell,225650974
2024-07-23 13:33:30,18300.0,1000,Sell,225650964
2024-07-23 13:33:30,18300.0,400,Sell,225650942
2024-07-23 13:33:30,18300.0,300,Sell,225650937
2024-07-23 13:33:30,18300.0,100,Sell,225650940
2024-07-23 13:33:30,18300.0,200,Sell,225650939
2024-07-23 13:33:30,18300.0,1000,Sell,225650938
2024-07-23 13:33:30,18300.0,1700,Sell,225650936
2024-07-23 13:33:30,18300.0,800,Sell,225650935
2024-07-23 13:33:30,18300.0,1000,Sell,225650941
2024-07-23 13:33:31,18300.0,200,Sell,225651052
2024-07-23 13:33:31,18300.0,200,Sell,225651053
2024-07-23 13:33:31,18300.0,100,Sell,225651054
2024-07-23 13:33:31,18300.0,100,Sell,225651055
2024-07-23 13:33:31,18300.0,200,Sell,225651058
2024-07-23 13:33:31,18300.0,5000,Sell,225651057
2024-07-23 13:33:31,18300.0,1000,Sell,225651059
2024-07-23 13:33:31,18300.0,1000,Sell,225651060
2024-07-23 13:33:31,18300.0,500,Sell,225651061
2024-07-23 13:33:31,18300.0,500,Sell,225651056
2024-07-23 13:33:31,18300.0,1000,Sell,225651051
2024-07-23 13:33:31,18300.0,200,Sell,225651048
2024-07-23 13:33:31,18300.0,500,Sell,225651049
2024-07-23 13:33:31,18300.0,1000,Sell,225651047
2024-07-23 13:33:31,18300.0,400,Sell,225651046
2024-07-23 13:33:31,18300.0,200,Sell,225651045
2024-07-23 13:33:31,18300.0,500,Sell,225651044
2024-07-23 13:33:31,18300.0,20000,Sell,225651043
2024-07-23 13:33:31,18300.0,2000,Sell,225651042
2024-07-23 13:33:31,18300.0,2000,Sell,225651041
2024-07-23 13:33:31,18300.0,2000,Sell,225651062
2024-07-23 13:33:31,18300.0,200,Sell,225651040
2024-07-23 13:33:31,18300.0,1000,Sell,225651039
2024-07-23 13:33:31,18300.0,100,Sell,225651050
2024-07-23 13:33:31,18300.0,5000,Sell,225651063
2024-07-23 13:33:31,18300.0,6500,Sell,225651038
2024-07-23 13:33:31,18300.0,500,Sell,225651065
2024-07-23 13:33:31,18300.0,300,Sell,225651090
2024-07-23 13:33:31,18300.0,100,Sell,225651089
2024-07-23 13:33:31,18300.0,500,Sell,225651088
2024-07-23 13:33:31,18300.0,100,Sell,225651087
2024-07-23 13:33:31,18300.0,1000,Sell,225651086
2024-07-23 13:33:31,18300.0,400,Sell,225651085
2024-07-23 13:33:31,18300.0,100,Sell,225651084
2024-07-23 13:33:31,18300.0,1000,Sell,225651083
2024-07-23 13:33:31,18300.0,200,Sell,225651082
2024-07-23 13:33:31,18300.0,20000,Sell,225651081
2024-07-23 13:33:31,18300.0,100,Sell,225651080
2024-07-23 13:33:31,18300.0,1000,Sell,225651079
2024-07-23 13:33:31,18300.0,100,Sell,225651078
2024-07-23 13:33:31,18300.0,100,Sell,225651077
2024-07-23 13:33:31,18300.0,1000,Sell,225651076
2024-07-23 13:33:31,18300.0,100,Sell,225651075
2024-07-23 13:33:31,18300.0,100,Sell,225651074
2024-07-23 13:33:31,18300.0,100,Sell,225651073
2024-07-23 13:33:31,18300.0,100,Sell,225651072
2024-07-23 13:33:31,18300.0,100,Sell,225651071
2024-07-23 13:33:31,18300.0,100,Sell,225651070
2024-07-23 13:33:31,18300.0,500,Sell,225651069
2024-07-23 13:33:31,18300.0,1000,Sell,225651068
2024-07-23 13:33:31,18300.0,100,Sell,225651067
2024-07-23 13:33:31,18300.0,200,Sell,225651066
2024-07-23 13:33:31,18300.0,500,Sell,225651064
2024-07-23 13:33:31,18300.0,800,Sell,225651037
2024-07-23 13:33:31,18300.0,500,Sell,225651032
2024-07-23 13:33:31,18300.0,1000,Sell,225651035
2024-07-23 13:33:31,18300.0,100,Sell,225651005
2024-07-23 13:33:31,18300.0,100,Sell,225651004
2024-07-23 13:33:31,18300.0,500,Sell,225651002
2024-07-23 13:33:31,18300.0,300,Sell,225651001
2024-07-23 13:33:31,18300.0,2100,Sell,225651000
2024-07-23 13:33:31,18300.0,1000,Sell,225650999
2024-07-23 13:33:31,18300.0,200,Sell,225650998
2024-07-23 13:33:31,18300.0,100,Sell,225650997
2024-07-23 13:33:31,18300.0,100,Sell,225650996
2024-07-23 13:33:31,18300.0,100,Sell,225650995
2024-07-23 13:33:31,18300.0,500,Sell,225650994
2024-07-23 13:33:31,18300.0,500,Sell,225651006
2024-07-23 13:33:31,18300.0,500,Sell,225650993
2024-07-23 13:33:31,18300.0,500,Sell,225650991
2024-07-23 13:33:31,18300.0,200,Sell,225650990
2024-07-23 13:33:31,18300.0,1100,Sell,225650989
2024-07-23 13:33:31,18300.0,300,Sell,225650988
2024-07-23 13:33:31,18300.0,2000,Sell,225650987
2024-07-23 13:33:31,18300.0,300,Sell,225650986
2024-07-23 13:33:31,18300.0,1600,Sell,225650985
2024-07-23 13:33:31,18300.0,1000,Sell,225650984
2024-07-23 13:33:31,18300.0,1000,Sell,225650983
2024-07-23 13:33:31,18300.0,500,Sell,225650982
2024-07-23 13:33:31,18300.0,900,Sell,225650981
2024-07-23 13:33:31,18300.0,100,Sell,225650992
2024-07-23 13:33:31,18300.0,500,Sell,225651007
2024-07-23 13:33:31,18300.0,100,Sell,225651036
2024-07-23 13:33:31,18300.0,2000,Sell,225651009
2024-07-23 13:33:31,18300.0,500,Sell,225651034
2024-07-23 13:33:31,18300.0,200,Sell,225651033
2024-07-23 13:33:31,18300.0,8000,Sell,225651031
2024-07-23 13:33:31,18300.0,5000,Sell,225651030
2024-07-23 13:33:31,18300.0,1000,Sell,225651029
2024-07-23 13:33:31,18300.0,2000,Sell,225651028
2024-07-23 13:33:31,18300.0,100,Sell,225651027
2024-07-23 13:33:31,18300.0,500,Sell,225651026
2024-07-23 13:33:31,18300.0,1000,Sell,225651025
2024-07-23 13:33:31,18300.0,20000,Sell,225651008
2024-07-23 13:33:31,18300.0,2000,Sell,225651023
2024-07-23 13:33:31,18300.0,300,Sell,225651022
2024-07-23 13:33:31,18300.0,400,Sell,225651024
2024-07-23 13:33:31,18300.0,6000,Sell,225651020
2024-07-23 13:33:31,18300.0,1000,Sell,225651010
2024-07-23 13:33:31,18300.0,100,Sell,225651011
2024-07-23 13:33:31,18300.0,200,Sell,225651021
2024-07-23 13:33:31,18300.0,7100,Sell,225651013
2024-07-23 13:33:31,18300.0,1000,Sell,225651014
2024-07-23 13:33:31,18300.0,1700,Sell,225651012
2024-07-23 13:33:31,18300.0,100,Sell,225651016
2024-07-23 13:33:31,18300.0,5000,Sell,225651017
2024-07-23 13:33:31,18300.0,100,Sell,225651018
2024-07-23 13:33:31,18300.0,3000,Sell,225651019
2024-07-23 13:33:31,18300.0,10000,Sell,225651015
2024-07-23 13:33:33,18300.0,1000,Buy,225651172
2024-07-23 13:33:36,18300.0,1000,Buy,225651317
2024-07-23 13:33:38,18250.0,2800,Sell,225651413
2024-07-23 13:33:38,18250.0,5000,Sell,225651443
2024-07-23 13:33:39,18250.0,800,Sell,225651497
2024-07-23 13:33:39,18250.0,6000,Sell,225651517
2024-07-23 13:33:39,18250.0,600,Sell,225651490
2024-07-23 13:33:39,18250.0,1600,Sell,225651496
2024-07-23 13:33:40,18250.0,4200,Sell,225651533
2024-07-23 13:33:40,18250.0,500,Sell,225651534
2024-07-23 13:33:40,18250.0,300,Sell,225651535
2024-07-23 13:33:40,18250.0,16000,Sell,225651536
2024-07-23 13:33:42,18250.0,1000,Sell,225651675
2024-07-23 13:33:43,18250.0,200,Sell,225651753
2024-07-23 13:33:43,18250.0,5000,Sell,225651752
2024-07-23 13:33:43,18250.0,3000,Sell,225651750
2024-07-23 13:33:43,18250.0,200,Sell,225651751
2024-07-23 13:33:43,18250.0,2000,Sell,225651748
2024-07-23 13:33:43,18250.0,1000,Sell,225651747
2024-07-23 13:33:43,18250.0,3000,Sell,225651746
2024-07-23 13:33:43,18250.0,1000,Sell,225651749
2024-07-23 13:33:45,18300.0,100,Buy,225651786
2024-07-23 13:33:46,18250.0,200,Sell,225651840
2024-07-23 13:33:47,18250.0,2000,Sell,225651999
2024-07-23 13:33:47,18250.0,100,Sell,225651967
