time,price,volume,match_type,id
2024-08-15 09:14:40,17200.0,3700,ATO/ATC,231691295
2024-08-15 09:15:26,17200.0,100,Sell,231692139
2024-08-15 09:17:00,17150.0,100,Sell,231693488
2024-08-15 09:17:00,17150.0,1400,Sell,231693491
2024-08-15 09:17:00,17150.0,2700,Sell,231693487
2024-08-15 09:17:00,17150.0,1000,Sell,231693489
2024-08-15 09:17:00,17150.0,500,Sell,231693490
2024-08-15 09:17:19,17150.0,2200,Sell,231693920
2024-08-15 09:17:29,17150.0,1400,Sell,231694177
2024-08-15 09:17:29,17150.0,100,Sell,231694178
2024-08-15 09:17:29,17150.0,300,Sell,231694179
2024-08-15 09:17:29,17150.0,100,Sell,231694180
2024-08-15 09:18:02,17150.0,300,Sell,231694818
2024-08-15 09:19:00,17200.0,100,Buy,231695869
2024-08-15 09:19:35,17200.0,200,Buy,231696510
2024-08-15 09:19:55,17150.0,600,Sell,231696852
2024-08-15 09:19:55,17150.0,600,Sell,231696850
2024-08-15 09:19:55,17150.0,1000,Sell,231696851
2024-08-15 09:20:03,17200.0,300,Buy,231697084
2024-08-15 09:20:03,17200.0,100,Buy,231697085
2024-08-15 09:20:07,17150.0,200,Sell,231697194
2024-08-15 09:20:07,17150.0,800,Sell,231697195
2024-08-15 09:20:17,17150.0,1200,Sell,231697418
2024-08-15 09:20:17,17150.0,1000,Sell,231697419
2024-08-15 09:20:42,17150.0,3900,Sell,231697919
2024-08-15 09:20:42,17150.0,100,Sell,231697918
2024-08-15 09:20:42,17150.0,1000,Sell,231697916
2024-08-15 09:20:42,17150.0,1000,Sell,231697917
2024-08-15 09:20:42,17150.0,4000,Sell,231697915
2024-08-15 09:21:19,17150.0,1000,Sell,231698624
2024-08-15 09:21:19,17150.0,100,Sell,231698630
2024-08-15 09:21:19,17150.0,100,Sell,231698631
2024-08-15 09:21:19,17150.0,100,Sell,231698632
2024-08-15 09:21:19,17150.0,2700,Sell,231698633
2024-08-15 09:21:23,17150.0,1500,Sell,231698686
2024-08-15 09:21:42,17200.0,100,Buy,231699061
2024-08-15 09:21:42,17150.0,100,Sell,231699055
2024-08-15 09:21:42,17150.0,800,Sell,231699054
2024-08-15 09:21:42,17150.0,1100,Sell,231699056
2024-08-15 09:21:43,17200.0,100,Buy,231699081
2024-08-15 09:22:58,17200.0,100,Buy,231700244
2024-08-15 09:22:59,17200.0,100,Buy,231700266
2024-08-15 09:23:11,17150.0,100,Sell,231700438
2024-08-15 09:23:37,17150.0,2000,Sell,231700849
2024-08-15 09:24:16,17200.0,100,Buy,231701556
2024-08-15 09:24:16,17200.0,200,Buy,231701555
2024-08-15 09:24:16,17200.0,5000,Buy,231701558
2024-08-15 09:24:16,17200.0,500,Buy,231701557
2024-08-15 09:24:16,17200.0,1000,Buy,231701554
2024-08-15 09:24:16,17200.0,100,Buy,231701559
2024-08-15 09:24:16,17200.0,100,Buy,231701552
2024-08-15 09:24:16,17200.0,1500,Buy,231701548
2024-08-15 09:24:16,17200.0,500,Buy,231701549
2024-08-15 09:24:16,17200.0,500,Buy,231701553
2024-08-15 09:24:16,17200.0,100,Buy,231701551
2024-08-15 09:24:16,17200.0,400,Buy,231701550
2024-08-15 09:24:27,17200.0,400,Buy,231701776
2024-08-15 09:24:27,17200.0,3400,Buy,231701777
2024-08-15 09:25:44,17200.0,5000,Sell,231703058
2024-08-15 09:25:54,17200.0,2000,Sell,231703242
2024-08-15 09:26:03,17200.0,900,Sell,231703381
2024-08-15 09:26:06,17200.0,600,Sell,231703416
2024-08-15 09:26:26,17250.0,3200,Buy,231703727
2024-08-15 09:26:26,17250.0,100,Buy,231703726
2024-08-15 09:26:26,17250.0,5000,Buy,231703725
2024-08-15 09:26:26,17250.0,5000,Buy,231703722
2024-08-15 09:26:26,17250.0,1000,Buy,231703721
2024-08-15 09:26:26,17250.0,300,Buy,231703724
2024-08-15 09:26:26,17250.0,1000,Buy,231703723
2024-08-15 09:26:28,17200.0,1000,Sell,231703752
2024-08-15 09:26:28,17200.0,200,Sell,231703753
2024-08-15 09:26:28,17200.0,200,Sell,231703754
2024-08-15 09:26:28,17200.0,100,Sell,231703755
2024-08-15 09:26:41,17200.0,1000,Buy,231703933
2024-08-15 09:28:54,17150.0,200,Sell,231705938
2024-08-15 09:29:34,17150.0,1000,Sell,231706511
2024-08-15 09:29:59,17150.0,1000,Sell,231706914
2024-08-15 09:30:02,17150.0,1100,Sell,231706989
2024-08-15 09:30:17,17200.0,500,Buy,231707256
2024-08-15 09:30:26,17150.0,2200,Sell,231707402
2024-08-15 09:30:34,17150.0,10000,Sell,231707531
2024-08-15 09:30:53,17150.0,1300,Sell,231707832
2024-08-15 09:30:53,17150.0,100,Sell,231707833
2024-08-15 09:30:53,17150.0,100,Sell,231707834
2024-08-15 09:30:53,17150.0,3500,Sell,231707835
2024-08-15 09:31:28,17150.0,100,Sell,231708254
2024-08-15 09:31:31,17150.0,500,Sell,231708291
2024-08-15 09:31:47,17150.0,400,Sell,231708489
2024-08-15 09:32:01,17150.0,500,Sell,231708700
2024-08-15 09:32:01,17150.0,100,Sell,231708701
2024-08-15 09:32:01,17150.0,2500,Sell,231708702
2024-08-15 09:32:32,17200.0,2000,Buy,231709207
2024-08-15 09:32:45,17200.0,1000,Buy,231709426
2024-08-15 09:33:07,17150.0,200,Sell,231709625
2024-08-15 09:33:35,17150.0,1000,Sell,231709954
2024-08-15 09:33:37,17200.0,1000,Buy,231709988
2024-08-15 09:35:10,17200.0,100,Buy,231711614
2024-08-15 09:35:40,17200.0,100,Buy,231712089
2024-08-15 09:35:45,17200.0,5000,Buy,231712214
2024-08-15 09:36:14,17200.0,6000,Buy,231712842
2024-08-15 09:36:14,17200.0,1000,Buy,231712841
2024-08-15 09:36:14,17200.0,300,Buy,231712840
2024-08-15 09:36:14,17200.0,100,Buy,231712839
2024-08-15 09:36:14,17200.0,100,Buy,231712837
2024-08-15 09:36:14,17200.0,500,Buy,231712838
2024-08-15 09:36:14,17200.0,500,Buy,231712835
2024-08-15 09:36:14,17200.0,800,Buy,231712831
2024-08-15 09:36:14,17200.0,15000,Buy,231712832
2024-08-15 09:36:14,17200.0,1000,Buy,231712836
2024-08-15 09:36:14,17200.0,1000,Buy,231712834
2024-08-15 09:36:14,17200.0,200,Buy,231712833
2024-08-15 09:36:27,17200.0,200,Sell,231713105
2024-08-15 09:37:05,17250.0,1800,Buy,231713849
2024-08-15 09:37:05,17250.0,600,Buy,231713850
2024-08-15 09:37:05,17250.0,600,Buy,231713851
2024-08-15 09:37:24,17200.0,200,Sell,231714127
2024-08-15 09:37:38,17200.0,9200,Sell,231714338
2024-08-15 09:38:46,17200.0,2200,Sell,231715638
2024-08-15 09:39:02,17200.0,1000,Sell,231715907
2024-08-15 09:39:05,17200.0,3000,Sell,231715941
2024-08-15 09:39:12,17200.0,2200,Sell,231716086
2024-08-15 09:39:16,17200.0,100,Sell,231716188
2024-08-15 09:39:18,17200.0,200,Sell,231716214
2024-08-15 09:39:20,17200.0,1000,Sell,231716310
2024-08-15 09:39:37,17200.0,4200,Sell,231716637
2024-08-15 09:39:37,17200.0,200,Sell,231716638
2024-08-15 09:39:37,17200.0,100,Sell,231716639
2024-08-15 09:39:37,17200.0,500,Sell,231716640
2024-08-15 09:39:42,17200.0,500,Sell,231716716
2024-08-15 09:39:42,17200.0,100,Sell,231716717
2024-08-15 09:39:49,17200.0,200,Sell,231716843
2024-08-15 09:39:49,17200.0,1200,Sell,231716844
2024-08-15 09:39:49,17200.0,1900,Sell,231716841
2024-08-15 09:39:49,17200.0,500,Sell,231716842
2024-08-15 09:39:57,17200.0,200,Buy,231716989
2024-08-15 09:40:25,17200.0,2000,Buy,231717534
2024-08-15 09:40:31,17200.0,7000,Buy,231717638
2024-08-15 09:40:31,17200.0,4000,Buy,231717639
2024-08-15 09:40:31,17200.0,1000,Buy,231717640
2024-08-15 09:40:31,17200.0,1000,Buy,231717641
2024-08-15 09:40:49,17200.0,500,Sell,231717967
2024-08-15 09:41:00,17200.0,200,Sell,231718123
2024-08-15 09:41:10,17200.0,2200,Sell,231718353
2024-08-15 09:41:44,17200.0,2200,Sell,231719080
2024-08-15 09:41:52,17200.0,100,Sell,231719252
2024-08-15 09:42:03,17250.0,1000,Buy,231719445
2024-08-15 09:42:42,17200.0,2200,Sell,231720113
2024-08-15 09:42:58,17200.0,500,Sell,231720408
2024-08-15 09:43:04,17200.0,2200,Sell,231720536
2024-08-15 09:43:16,17200.0,200,Sell,231720708
2024-08-15 09:43:41,17200.0,2000,Sell,231721058
2024-08-15 09:43:51,17200.0,2200,Sell,231721195
2024-08-15 09:44:22,17200.0,100,Sell,231721613
2024-08-15 09:44:28,17200.0,100,Sell,231721706
2024-08-15 09:44:32,17200.0,100,Sell,231721757
2024-08-15 09:45:51,17250.0,400,Buy,231722966
2024-08-15 09:46:17,17200.0,10000,Sell,231723358
2024-08-15 09:46:27,17200.0,1000,Sell,231723516
2024-08-15 09:47:16,17200.0,1000,Sell,231724293
2024-08-15 09:47:16,17200.0,1000,Sell,231724294
2024-08-15 09:47:25,17200.0,100,Sell,231724409
2024-08-15 09:47:25,17200.0,100,Sell,231724410
2024-08-15 09:47:59,17200.0,100,Sell,231724895
2024-08-15 09:48:00,17200.0,600,Sell,231724901
2024-08-15 09:48:21,17200.0,1900,Sell,231725260
2024-08-15 09:48:21,17200.0,100,Sell,231725261
2024-08-15 09:48:44,17200.0,500,Sell,231725685
2024-08-15 09:48:47,17200.0,2800,Sell,231725778
2024-08-15 09:49:34,17200.0,100,Sell,231726684
2024-08-15 09:49:34,17200.0,100,Sell,231726683
2024-08-15 09:49:34,17200.0,5000,Sell,231726682
2024-08-15 09:49:34,17200.0,1000,Sell,231726681
2024-08-15 09:49:34,17200.0,100,Sell,231726680
2024-08-15 09:49:34,17200.0,2800,Sell,231726677
2024-08-15 09:49:34,17200.0,5000,Sell,231726678
2024-08-15 09:49:34,17200.0,1000,Sell,231726676
2024-08-15 09:49:34,17200.0,100,Sell,231726675
2024-08-15 09:49:34,17200.0,1600,Sell,231726674
2024-08-15 09:49:34,17200.0,200,Sell,231726679
2024-08-15 09:50:03,17150.0,1300,Sell,231727252
2024-08-15 09:50:03,17150.0,500,Sell,231727253
2024-08-15 09:50:50,17200.0,100,Buy,231728112
2024-08-15 09:50:54,17150.0,1000,Sell,231728225
2024-08-15 09:50:54,17150.0,900,Sell,231728226
2024-08-15 09:50:54,17150.0,100,Sell,231728224
2024-08-15 09:50:54,17150.0,500,Sell,231728220
2024-08-15 09:50:54,17150.0,100,Sell,231728222
2024-08-15 09:50:54,17150.0,100,Sell,231728221
2024-08-15 09:50:54,17150.0,100,Sell,231728223
2024-08-15 09:51:27,17200.0,2900,Buy,231728818
2024-08-15 09:51:27,17200.0,100,Buy,231728819
2024-08-15 09:51:36,17150.0,100,Sell,231729027
2024-08-15 09:51:36,17150.0,1000,Sell,231729025
2024-08-15 09:51:36,17150.0,100,Sell,231729026
2024-08-15 09:51:36,17150.0,600,Sell,231729023
2024-08-15 09:51:36,17150.0,200,Sell,231729022
2024-08-15 09:51:36,17150.0,100,Sell,231729021
2024-08-15 09:51:36,17150.0,100,Sell,231729024
2024-08-15 09:51:47,17200.0,1000,Buy,231729311
2024-08-15 09:52:07,17200.0,800,Buy,231729604
2024-08-15 09:52:07,17200.0,1900,Buy,231729605
2024-08-15 09:52:07,17200.0,1900,Buy,231729606
2024-08-15 09:52:07,17200.0,400,Buy,231729607
2024-08-15 09:52:09,17150.0,200,Sell,231729633
2024-08-15 09:52:09,17150.0,2200,Sell,231729673
2024-08-15 09:52:36,17200.0,2000,Buy,231730059
2024-08-15 09:52:36,17200.0,10000,Buy,231730060
2024-08-15 09:52:36,17200.0,1000,Buy,231730057
2024-08-15 09:52:36,17200.0,200,Buy,231730058
2024-08-15 09:52:36,17200.0,600,Buy,231730056
2024-08-15 09:52:51,17200.0,20000,Sell,231730300
2024-08-15 09:53:01,17200.0,2800,Sell,231730450
2024-08-15 09:53:02,17200.0,3500,Sell,231730508
2024-08-15 09:53:29,17200.0,500,Buy,231730960
2024-08-15 09:54:01,17200.0,300,Buy,231731387
2024-08-15 09:54:47,17200.0,15700,Buy,231732012
2024-08-15 09:54:47,17200.0,300,Buy,231732013
2024-08-15 09:54:57,17200.0,100,Buy,231732178
2024-08-15 09:55:02,17150.0,2200,Sell,231732260
2024-08-15 09:55:23,17150.0,800,Sell,231732634
2024-08-15 09:55:23,17150.0,1300,Sell,231732632
2024-08-15 09:55:23,17150.0,100,Sell,231732633
2024-08-15 09:55:27,17200.0,100,Buy,231732712
2024-08-15 09:55:50,17200.0,1000,Buy,231732984
2024-08-15 09:55:58,17200.0,100,Buy,231733091
2024-08-15 09:55:58,17200.0,300,Buy,231733092
2024-08-15 09:55:58,17200.0,100,Buy,231733093
2024-08-15 09:55:58,17200.0,19500,Buy,231733094
2024-08-15 09:56:14,17200.0,500,Buy,231733280
2024-08-15 09:56:14,17200.0,1000,Buy,231733281
2024-08-15 09:56:14,17200.0,3000,Buy,231733282
2024-08-15 09:56:17,17200.0,100,Buy,231733346
2024-08-15 09:56:17,17200.0,100,Buy,231733345
2024-08-15 09:56:51,17200.0,600,Sell,231733822
2024-08-15 09:56:59,17200.0,100,Sell,231733925
2024-08-15 09:57:17,17200.0,200,Sell,231734221
2024-08-15 09:57:51,17200.0,900,Sell,231734842
2024-08-15 09:57:51,17200.0,1000,Sell,231734843
2024-08-15 09:57:51,17200.0,100,Sell,231734844
2024-08-15 09:58:09,17150.0,200,Sell,231735156
2024-08-15 09:58:09,17150.0,1000,Sell,231735157
2024-08-15 09:58:09,17150.0,1000,Sell,231735158
2024-08-15 09:58:09,17150.0,100,Sell,231735159
2024-08-15 09:58:09,17150.0,500,Sell,231735160
2024-08-15 09:58:28,17200.0,600,Buy,231735455
2024-08-15 09:58:28,17200.0,10000,Buy,231735454
2024-08-15 09:58:28,17200.0,1000,Buy,231735452
2024-08-15 09:58:28,17200.0,3000,Buy,231735451
2024-08-15 09:58:28,17200.0,5000,Buy,231735453
2024-08-15 09:58:39,17200.0,5000,Sell,231735648
2024-08-15 09:58:53,17200.0,5000,Sell,231735815
2024-08-15 09:59:09,17200.0,400,Sell,231736043
2024-08-15 09:59:09,17200.0,5000,Sell,231736044
2024-08-15 09:59:15,17200.0,10000,Buy,231736121
2024-08-15 09:59:28,17200.0,1000,Buy,231736277
2024-08-15 10:00:13,17200.0,100,Buy,231736937
2024-08-15 10:00:13,17200.0,500,Buy,231736936
2024-08-15 10:00:13,17200.0,3600,Buy,231736935
2024-08-15 10:01:04,17200.0,500,Buy,231737595
2024-08-15 10:01:30,17200.0,200,Buy,231737937
2024-08-15 10:02:43,17200.0,9300,Buy,231738917
2024-08-15 10:02:43,17200.0,700,Buy,231738918
2024-08-15 10:02:43,17200.0,300,Buy,231738919
2024-08-15 10:02:43,17200.0,1900,Buy,231738920
2024-08-15 10:03:30,17200.0,17800,Sell,231739898
2024-08-15 10:03:30,17200.0,1000,Sell,231739899
2024-08-15 10:03:30,17200.0,1200,Sell,231739900
2024-08-15 10:04:14,17200.0,10000,Sell,231740673
2024-08-15 10:04:25,17200.0,100,Sell,231740810
2024-08-15 10:04:32,17200.0,500,Buy,231740916
2024-08-15 10:04:48,17200.0,1500,Buy,231741306
2024-08-15 10:04:51,17200.0,4400,Buy,231741346
2024-08-15 10:04:57,17200.0,3500,Buy,231741455
2024-08-15 10:05:18,17200.0,1000,Sell,231741797
2024-08-15 10:05:59,17200.0,500,Sell,231742763
2024-08-15 10:05:59,17200.0,500,Sell,231742764
2024-08-15 10:05:59,17200.0,100,Sell,231742765
2024-08-15 10:05:59,17200.0,500,Sell,231742766
2024-08-15 10:05:59,17200.0,1000,Sell,231742767
2024-08-15 10:06:16,17200.0,7400,Buy,231743073
2024-08-15 10:07:23,17200.0,10000,Sell,231744261
2024-08-15 10:07:35,17200.0,10000,Sell,231744548
2024-08-15 10:07:45,17200.0,12000,Sell,231744826
2024-08-15 10:07:45,17200.0,1000,Sell,231744827
2024-08-15 10:07:45,17200.0,500,Sell,231744828
2024-08-15 10:07:45,17200.0,1900,Sell,231744829
2024-08-15 10:07:45,17200.0,100,Sell,231744830
2024-08-15 10:07:45,17200.0,400,Sell,231744831
2024-08-15 10:07:48,17200.0,4100,Buy,231744883
2024-08-15 10:08:18,17200.0,200,Sell,231745475
2024-08-15 10:08:22,17200.0,1500,Sell,231745537
2024-08-15 10:08:22,17200.0,1200,Sell,231745538
2024-08-15 10:08:26,17200.0,2700,Buy,231745577
2024-08-15 10:08:49,17200.0,2300,Buy,231745981
2024-08-15 10:09:25,17200.0,2000,Buy,231746549
2024-08-15 10:11:02,17200.0,300,Buy,231747836
2024-08-15 10:11:02,17200.0,700,Buy,231747837
2024-08-15 10:11:14,17200.0,500,Buy,231747967
2024-08-15 10:11:32,17200.0,1000,Buy,231748213
2024-08-15 10:11:32,17200.0,9000,Buy,231748216
2024-08-15 10:11:32,17200.0,2000,Buy,231748215
2024-08-15 10:11:32,17200.0,100,Buy,231748214
2024-08-15 10:11:32,17200.0,100,Buy,231748212
2024-08-15 10:11:32,17200.0,10000,Buy,231748217
2024-08-15 10:11:32,17200.0,1000,Buy,231748210
2024-08-15 10:11:32,17200.0,4300,Buy,231748209
2024-08-15 10:11:32,17200.0,3100,Buy,231748208
2024-08-15 10:11:32,17200.0,500,Buy,231748207
2024-08-15 10:11:32,17200.0,500,Buy,231748206
2024-08-15 10:11:32,17200.0,82000,Buy,231748211
2024-08-15 10:11:32,17200.0,18800,Buy,231748205
2024-08-15 10:12:18,17200.0,1000,Sell,231748906
2024-08-15 10:13:00,17200.0,5400,Sell,231749487
2024-08-15 10:13:50,17200.0,100,Sell,231750263
2024-08-15 10:14:04,17250.0,100,Buy,231750449
2024-08-15 10:14:04,17250.0,400,Buy,231750453
2024-08-15 10:14:04,17250.0,400,Buy,231750452
2024-08-15 10:14:04,17250.0,3000,Buy,231750448
2024-08-15 10:14:04,17250.0,100,Buy,231750450
2024-08-15 10:14:04,17250.0,2000,Buy,231750451
2024-08-15 10:14:46,17200.0,2800,Sell,231751166
2024-08-15 10:15:32,17200.0,2200,Sell,231751751
2024-08-15 10:16:01,17200.0,1500,Sell,231752251
2024-08-15 10:18:00,17250.0,100,Buy,231754261
2024-08-15 10:19:16,17200.0,17100,Sell,231755499
2024-08-15 10:19:20,17200.0,37500,Sell,231755588
2024-08-15 10:19:20,17200.0,25500,Sell,231755589
2024-08-15 10:19:40,17200.0,68000,Sell,231756071
2024-08-15 10:19:40,17200.0,5000,Sell,231756047
2024-08-15 10:19:48,17200.0,1500,Sell,231756193
2024-08-15 10:19:48,17200.0,500,Sell,231756194
2024-08-15 10:19:54,17200.0,1000,Sell,231756307
2024-08-15 10:20:30,17200.0,300,Sell,231757199
2024-08-15 10:20:30,17200.0,400,Sell,231757197
2024-08-15 10:20:30,17200.0,2000,Sell,231757198
2024-08-15 10:20:36,17200.0,1000,Sell,231757341
2024-08-15 10:20:39,17200.0,1400,Sell,231757392
2024-08-15 10:20:39,17200.0,6500,Sell,231757399
2024-08-15 10:20:39,17200.0,500,Sell,231757398
2024-08-15 10:20:39,17200.0,200,Sell,231757397
2024-08-15 10:20:39,17200.0,3700,Sell,231757391
2024-08-15 10:20:39,17200.0,500,Sell,231757395
2024-08-15 10:20:39,17200.0,2000,Sell,231757394
2024-08-15 10:20:39,17200.0,100,Sell,231757393
2024-08-15 10:20:39,17200.0,100,Sell,231757396
2024-08-15 10:20:43,17200.0,1000,Sell,231757460
2024-08-15 10:20:45,17200.0,4000,Sell,231757508
2024-08-15 10:20:46,17200.0,300,Sell,231757522
2024-08-15 10:20:50,17200.0,1900,Sell,231757604
2024-08-15 10:20:55,17200.0,1300,Sell,231757729
2024-08-15 10:20:55,17200.0,100,Sell,231757731
2024-08-15 10:20:55,17200.0,1100,Sell,231757732
2024-08-15 10:20:55,17200.0,700,Sell,231757730
2024-08-15 10:20:57,17200.0,200,Sell,231757771
2024-08-15 10:20:59,17200.0,600,Sell,231757946
2024-08-15 10:21:07,17200.0,100,Buy,231758143
2024-08-15 10:21:12,17200.0,1100,Buy,231758264
2024-08-15 10:22:05,17200.0,700,Buy,231759349
2024-08-15 10:22:24,17150.0,100,Sell,231759820
2024-08-15 10:22:24,17150.0,500,Sell,231759821
2024-08-15 10:23:16,17200.0,500,Buy,231761477
2024-08-15 10:24:16,17200.0,200,Buy,231762941
2024-08-15 10:24:17,17200.0,1300,Buy,231762946
2024-08-15 10:24:47,17150.0,100,Sell,231763602
2024-08-15 10:24:54,17200.0,500,Buy,231763742
2024-08-15 10:24:54,17200.0,2500,Buy,231763743
2024-08-15 10:25:52,17200.0,2500,Buy,231765017
2024-08-15 10:25:52,17200.0,7500,Buy,231765018
2024-08-15 10:26:10,17200.0,100,Buy,231765371
2024-08-15 10:26:49,17200.0,900,Buy,231766319
2024-08-15 10:27:13,17200.0,200,Buy,231766840
2024-08-15 10:27:13,17200.0,100,Buy,231766841
2024-08-15 10:27:13,17200.0,500,Buy,231766838
2024-08-15 10:27:13,17200.0,1500,Buy,231766837
2024-08-15 10:27:13,17200.0,500,Buy,231766839
2024-08-15 10:28:02,17200.0,900,Buy,231767811
2024-08-15 10:28:02,17200.0,1200,Buy,231767812
2024-08-15 10:28:52,17200.0,100,Buy,231768949
2024-08-15 10:28:54,17200.0,700,Buy,231768986
2024-08-15 10:28:54,17200.0,1300,Buy,231768987
2024-08-15 10:28:54,17200.0,800,Buy,231768988
2024-08-15 10:29:01,17200.0,100,Buy,231769122
2024-08-15 10:29:23,17200.0,1000,Buy,231769570
2024-08-15 10:29:23,17200.0,500,Buy,231769568
2024-08-15 10:29:23,17200.0,2100,Buy,231769571
2024-08-15 10:29:23,17200.0,100,Buy,231769569
2024-08-15 10:29:23,17200.0,100,Buy,231769566
2024-08-15 10:29:23,17200.0,1100,Buy,231769565
2024-08-15 10:29:23,17200.0,100,Buy,231769567
2024-08-15 10:29:49,17200.0,100,Buy,231770044
2024-08-15 10:30:41,17200.0,500,Buy,231771011
2024-08-15 10:33:28,17200.0,500,Buy,231773831
2024-08-15 10:33:30,17200.0,600,Buy,231773871
2024-08-15 10:33:30,17200.0,100,Buy,231773870
2024-08-15 10:33:30,17200.0,200,Buy,231773869
2024-08-15 10:33:30,17200.0,1800,Buy,231773868
2024-08-15 10:33:46,17200.0,100,Buy,231774106
2024-08-15 10:34:18,17200.0,100,Buy,231774571
2024-08-15 10:34:19,17200.0,100,Buy,231774586
2024-08-15 10:34:58,17200.0,7400,Buy,231775190
2024-08-15 10:34:58,17200.0,100,Buy,231775189
2024-08-15 10:34:58,17200.0,400,Buy,231775188
2024-08-15 10:34:58,17200.0,300,Buy,231775184
2024-08-15 10:34:58,17200.0,500,Buy,231775186
2024-08-15 10:34:58,17200.0,5000,Buy,231775185
2024-08-15 10:34:58,17200.0,1300,Buy,231775187
2024-08-15 10:35:14,17200.0,100,Buy,231775506
2024-08-15 10:35:42,17200.0,200,Buy,231775977
2024-08-15 10:35:57,17200.0,1000,Buy,231776245
2024-08-15 10:36:04,17150.0,900,Sell,231776309
2024-08-15 10:36:04,17150.0,1900,Sell,231776310
2024-08-15 10:36:07,17200.0,300,Buy,231776368
2024-08-15 10:37:57,17200.0,100,Buy,231777861
2024-08-15 10:37:57,17200.0,3000,Buy,231777860
2024-08-15 10:39:02,17200.0,5000,Buy,231778738
2024-08-15 10:39:47,17200.0,6500,Buy,231779236
2024-08-15 10:40:21,17200.0,500,Buy,231779648
2024-08-15 10:40:25,17200.0,2200,Buy,231779719
2024-08-15 10:40:34,17200.0,1000,Buy,231779880
2024-08-15 10:40:36,17200.0,1000,Buy,231779907
2024-08-15 10:40:36,17200.0,4300,Buy,231779914
2024-08-15 10:40:36,17200.0,500,Buy,231779913
2024-08-15 10:40:36,17200.0,100,Buy,231779912
2024-08-15 10:40:36,17200.0,2700,Buy,231779906
2024-08-15 10:40:36,17200.0,500,Buy,231779910
2024-08-15 10:40:36,17200.0,300,Buy,231779909
2024-08-15 10:40:36,17200.0,300,Buy,231779908
2024-08-15 10:40:36,17200.0,300,Buy,231779911
2024-08-15 10:40:54,17200.0,700,Buy,231780158
2024-08-15 10:40:54,17200.0,800,Buy,231780159
2024-08-15 10:41:11,17200.0,5300,Sell,231780384
2024-08-15 10:41:56,17200.0,3000,Sell,231781003
2024-08-15 10:42:11,17200.0,200,Sell,231781140
2024-08-15 10:43:04,17200.0,500,Sell,231781797
2024-08-15 10:43:09,17250.0,100,Buy,231781858
2024-08-15 10:43:09,17250.0,900,Buy,231781859
2024-08-15 10:43:16,17200.0,500,Sell,231781947
2024-08-15 10:44:12,17200.0,300,Sell,231782660
2024-08-15 10:44:34,17200.0,100,Sell,231782920
2024-08-15 10:44:34,17200.0,600,Sell,231782919
2024-08-15 10:44:34,17200.0,1300,Sell,231782917
2024-08-15 10:44:34,17200.0,1900,Sell,231782918
2024-08-15 10:44:34,17200.0,300,Sell,231782908
2024-08-15 10:44:56,17200.0,100,Buy,231783214
2024-08-15 10:44:56,17200.0,300,Buy,231783215
2024-08-15 10:45:05,17200.0,1000,Sell,231783314
2024-08-15 10:45:06,17200.0,200,Sell,231783338
2024-08-15 10:45:18,17200.0,100,Sell,231783464
2024-08-15 10:45:32,17200.0,300,Sell,231783678
2024-08-15 10:45:32,17200.0,100,Sell,231783679
2024-08-15 10:45:32,17200.0,600,Sell,231783680
2024-08-15 10:45:39,17200.0,400,Sell,231783769
2024-08-15 10:45:44,17150.0,500,Sell,231783819
2024-08-15 10:45:55,17200.0,100,Buy,231784013
2024-08-15 10:46:04,17150.0,400,Sell,231784136
2024-08-15 10:46:27,17150.0,500,Sell,231784491
2024-08-15 10:47:36,17150.0,1700,Sell,231785225
2024-08-15 10:47:36,17150.0,100,Sell,231785226
2024-08-15 10:47:36,17150.0,200,Sell,231785227
2024-08-15 10:47:59,17200.0,2000,Buy,231785454
2024-08-15 10:48:20,17200.0,3000,Sell,231785741
2024-08-15 10:48:21,17200.0,100,Buy,231785745
2024-08-15 10:48:32,17200.0,1200,Buy,231785888
2024-08-15 10:48:54,17200.0,9300,Buy,231786086
2024-08-15 10:48:54,17200.0,700,Buy,231786085
2024-08-15 10:49:05,17200.0,700,Buy,231786195
2024-08-15 10:49:23,17200.0,200,Sell,231786363
2024-08-15 10:49:23,17200.0,300,Sell,231786362
2024-08-15 10:49:28,17200.0,2300,Sell,231786389
2024-08-15 10:49:47,17200.0,500,Sell,231786556
2024-08-15 10:49:59,17200.0,1000,Sell,231786772
2024-08-15 10:50:33,17200.0,400,Sell,231787140
2024-08-15 10:50:33,17200.0,200,Sell,231787174
2024-08-15 10:50:59,17200.0,5400,Sell,231787502
2024-08-15 10:50:59,17200.0,400,Sell,231787503
2024-08-15 10:51:10,17200.0,1000,Sell,231787647
2024-08-15 10:51:10,17200.0,700,Sell,231787648
2024-08-15 10:51:10,17200.0,200,Sell,231787645
2024-08-15 10:51:10,17200.0,3100,Sell,231787646
2024-08-15 10:51:19,17200.0,300,Sell,231787824
2024-08-15 10:51:23,17200.0,3000,Sell,231787867
2024-08-15 10:51:40,17200.0,400,Sell,231788109
2024-08-15 10:51:40,17200.0,100,Sell,231788110
2024-08-15 10:52:35,17200.0,2400,Buy,231788850
2024-08-15 10:53:03,17150.0,2800,Sell,231789294
2024-08-15 10:53:03,17150.0,100,Sell,231789295
2024-08-15 10:53:03,17150.0,100,Sell,231789296
2024-08-15 10:53:03,17150.0,2700,Sell,231789297
2024-08-15 10:53:07,17200.0,100,Buy,231789345
2024-08-15 10:53:07,17200.0,200,Buy,231789346
2024-08-15 10:53:07,17200.0,5700,Buy,231789344
2024-08-15 10:53:07,17200.0,2100,Buy,231789342
2024-08-15 10:53:07,17200.0,400,Buy,231789343
2024-08-15 10:54:02,17200.0,300,Sell,231790010
2024-08-15 10:54:27,17200.0,1200,Sell,231790368
2024-08-15 10:54:27,17200.0,1000,Sell,231790369
2024-08-15 10:54:27,17200.0,100,Sell,231790370
2024-08-15 10:54:27,17200.0,100,Sell,231790371
2024-08-15 10:54:28,17200.0,500,Buy,231790380
2024-08-15 10:54:41,17200.0,100,Buy,231790555
2024-08-15 10:54:42,17200.0,100,Buy,231790559
2024-08-15 10:55:36,17200.0,100,Buy,231791365
2024-08-15 10:55:50,17150.0,1000,Sell,231791554
2024-08-15 10:55:57,17200.0,1000,Buy,231791666
2024-08-15 10:56:24,17150.0,16000,Sell,231791998
2024-08-15 10:56:31,17200.0,100,Buy,231792115
2024-08-15 10:57:08,17150.0,600,Sell,231792730
2024-08-15 10:59:05,17200.0,300,Buy,231794541
2024-08-15 11:00:15,17200.0,400,Buy,231795613
2024-08-15 11:00:15,17200.0,1400,Buy,231795614
2024-08-15 11:00:21,17200.0,500,Buy,231795691
2024-08-15 11:01:50,17150.0,100,Sell,231796912
2024-08-15 11:02:16,17150.0,2000,Sell,231797353
2024-08-15 11:02:17,17150.0,1000,Sell,231797389
2024-08-15 11:02:21,17200.0,400,Buy,231797459
2024-08-15 11:02:21,17200.0,600,Buy,231797458
2024-08-15 11:02:21,17200.0,900,Buy,231797460
2024-08-15 11:03:29,17200.0,500,Buy,231798713
2024-08-15 11:05:21,17200.0,1900,Buy,231800689
2024-08-15 11:06:30,17150.0,6900,Sell,231801716
2024-08-15 11:07:23,17200.0,100,Buy,231802443
2024-08-15 11:08:22,17200.0,100,Buy,231803399
2024-08-15 11:09:59,17200.0,1000,Buy,231804751
2024-08-15 11:10:06,17200.0,2000,Buy,231804835
2024-08-15 11:10:25,17200.0,4700,Buy,231805159
2024-08-15 11:10:25,17200.0,2000,Buy,231805160
2024-08-15 11:10:25,17200.0,1400,Buy,231805161
2024-08-15 11:10:37,17200.0,300,Buy,231805332
2024-08-15 11:11:06,17150.0,100,Sell,231805654
2024-08-15 11:11:51,17150.0,2000,Sell,231806180
2024-08-15 11:12:39,17150.0,900,Sell,231806960
2024-08-15 11:12:48,17150.0,100,Sell,231807062
2024-08-15 11:13:06,17150.0,2100,Sell,231807355
2024-08-15 11:16:30,17150.0,4000,Sell,231810381
2024-08-15 11:16:52,17150.0,500,Sell,231810902
2024-08-15 11:17:08,17150.0,2000,Sell,231811121
2024-08-15 11:17:35,17150.0,1000,Sell,231812231
2024-08-15 11:18:43,17150.0,2100,Sell,231813512
2024-08-15 11:18:43,17150.0,500,Sell,231813511
2024-08-15 11:18:43,17150.0,7000,Sell,231813509
2024-08-15 11:18:43,17150.0,400,Sell,231813510
2024-08-15 11:21:26,17150.0,600,Sell,231816781
2024-08-15 11:22:31,17150.0,200,Sell,231818104
2024-08-15 11:22:52,17200.0,300,Buy,231818621
2024-08-15 11:22:52,17200.0,1600,Buy,231818622
2024-08-15 11:22:53,17200.0,1900,Buy,231818641
2024-08-15 11:24:08,17200.0,1900,Buy,231819985
2024-08-15 11:24:23,17200.0,100,Buy,231820539
2024-08-15 11:25:30,17200.0,1100,Buy,231821916
2024-08-15 11:25:49,17150.0,700,Sell,231822266
2024-08-15 11:25:49,17150.0,5000,Sell,231822265
2024-08-15 11:25:49,17150.0,500,Sell,231822264
2024-08-15 11:25:49,17150.0,200,Sell,231822261
2024-08-15 11:25:49,17150.0,2400,Sell,231822262
2024-08-15 11:25:49,17150.0,100,Sell,231822260
2024-08-15 11:25:49,17150.0,100,Sell,231822259
2024-08-15 11:25:49,17150.0,1000,Sell,231822263
2024-08-15 11:26:07,17150.0,500,Sell,231822536
2024-08-15 11:26:43,17150.0,800,Sell,231823130
2024-08-15 11:26:43,17150.0,100,Sell,231823131
2024-08-15 11:26:43,17150.0,1700,Sell,231823132
2024-08-15 11:26:50,17150.0,3000,Sell,231823228
2024-08-15 11:26:56,17200.0,1900,Buy,231823319
2024-08-15 11:27:16,17150.0,200,Sell,231823876
2024-08-15 11:28:00,17200.0,100,Buy,231824618
2024-08-15 11:28:01,17150.0,100,Sell,231824636
2024-08-15 11:28:01,17150.0,8100,Sell,231824637
2024-08-15 11:28:01,17150.0,300,Sell,231824638
2024-08-15 11:28:01,17150.0,200,Sell,231824639
2024-08-15 11:28:01,17150.0,1000,Sell,231824640
2024-08-15 11:28:01,17150.0,300,Sell,231824641
2024-08-15 11:28:07,17150.0,1100,Sell,231824736
2024-08-15 11:28:07,17150.0,3000,Sell,231824735
2024-08-15 11:28:07,17150.0,200,Sell,231824733
2024-08-15 11:28:07,17150.0,200,Sell,231824732
2024-08-15 11:28:07,17150.0,400,Sell,231824731
2024-08-15 11:28:07,17150.0,100,Sell,231824734
2024-08-15 11:28:26,17150.0,3500,Sell,231825041
2024-08-15 11:28:47,17150.0,100,Sell,231825533
2024-08-15 11:28:47,17150.0,900,Sell,231825535
2024-08-15 11:28:47,17150.0,2000,Sell,231825534
2024-08-15 11:28:47,17150.0,200,Sell,231825532
2024-08-15 11:28:47,17150.0,5400,Sell,231825526
2024-08-15 11:28:47,17150.0,100,Sell,231825530
2024-08-15 11:28:47,17150.0,200,Sell,231825529
2024-08-15 11:28:47,17150.0,100,Sell,231825528
2024-08-15 11:28:47,17150.0,500,Sell,231825527
2024-08-15 11:28:47,17150.0,500,Sell,231825531
2024-08-15 11:29:27,17150.0,2600,Sell,231826312
2024-08-15 11:29:27,17150.0,2500,Sell,231826313
2024-08-15 11:29:27,17150.0,300,Sell,231826311
2024-08-15 11:29:27,17150.0,4100,Sell,231826306
2024-08-15 11:29:27,17150.0,100,Sell,231826309
2024-08-15 11:29:27,17150.0,100,Sell,231826308
2024-08-15 11:29:27,17150.0,100,Sell,231826307
2024-08-15 11:29:27,17150.0,200,Sell,231826310
2024-08-15 11:29:32,17150.0,100,Sell,231826415
2024-08-15 11:29:36,17150.0,2300,Sell,231826569
2024-08-15 12:59:40,17200.0,500,Buy,231827726
2024-08-15 12:59:40,17200.0,900,Buy,231827727
2024-08-15 12:59:40,17200.0,100,Buy,231827728
2024-08-15 12:59:40,17200.0,1000,Buy,231827729
2024-08-15 12:59:40,17200.0,10000,Buy,231827725
2024-08-15 12:59:40,17200.0,2700,Buy,231827734
2024-08-15 12:59:40,17200.0,2000,Buy,231827733
2024-08-15 12:59:40,17150.0,5100,Sell,231827735
2024-08-15 12:59:40,17150.0,2000,Sell,231827736
2024-08-15 12:59:40,17150.0,2000,Sell,231827737
2024-08-15 12:59:40,17150.0,2900,Sell,231827738
2024-08-15 12:59:40,17200.0,3000,Buy,231827732
2024-08-15 12:59:40,17200.0,100,Buy,231827724
2024-08-15 12:59:40,17200.0,10000,Buy,231827731
2024-08-15 12:59:40,17200.0,10000,Buy,231827722
2024-08-15 12:59:40,17200.0,14000,Buy,231827723
2024-08-15 12:59:40,17150.0,5000,Sell,231827709
2024-08-15 12:59:40,17200.0,1400,Buy,231827710
2024-08-15 12:59:40,17200.0,300,Buy,231827711
2024-08-15 12:59:40,17200.0,2000,Buy,231827712
2024-08-15 12:59:40,17200.0,1000,Buy,231827713
2024-08-15 12:59:40,17200.0,1000,Buy,231827714
2024-08-15 12:59:40,17200.0,100,Buy,231827730
2024-08-15 12:59:40,17200.0,100,Buy,231827716
2024-08-15 12:59:40,17200.0,500,Buy,231827715
2024-08-15 12:59:40,17200.0,1000,Buy,231827720
2024-08-15 12:59:40,17200.0,800,Buy,231827719
2024-08-15 12:59:40,17200.0,500,Buy,231827721
2024-08-15 12:59:40,17200.0,2000,Buy,231827717
2024-08-15 12:59:40,17200.0,500,Buy,231827718
2024-08-15 12:59:41,17150.0,1000,Sell,231828300
2024-08-15 12:59:43,17150.0,300,Sell,231828822
2024-08-15 12:59:43,17150.0,500,Sell,231828907
2024-08-15 12:59:43,17150.0,12000,Sell,231828957
2024-08-15 12:59:44,17150.0,1100,Sell,231829110
2024-08-15 12:59:48,17150.0,300,Sell,231829994
2024-08-15 12:59:48,17150.0,900,Sell,231829993
2024-08-15 12:59:48,17150.0,2800,Sell,231829995
2024-08-15 12:59:48,17150.0,500,Sell,231829931
2024-08-15 12:59:48,17150.0,300,Sell,231829890
2024-08-15 12:59:48,17150.0,500,Sell,231829992
2024-08-15 12:59:50,17150.0,200,Sell,231830203
2024-08-15 12:59:51,17150.0,100,Sell,231830326
2024-08-15 12:59:52,17150.0,1000,Sell,231830461
2024-08-15 12:59:53,17150.0,900,Sell,231830482
2024-08-15 12:59:53,17150.0,100,Sell,231830483
2024-08-15 12:59:53,17150.0,100,Sell,231830597
2024-08-15 12:59:53,17150.0,2900,Sell,231830598
2024-08-15 12:59:54,17150.0,400,Sell,231830644
2024-08-15 12:59:54,17200.0,100,Buy,231830683
2024-08-15 12:59:54,17150.0,100,Sell,231830643
2024-08-15 12:59:54,17150.0,2100,Sell,231830639
2024-08-15 12:59:54,17150.0,100,Sell,231830641
2024-08-15 12:59:54,17150.0,200,Sell,231830640
2024-08-15 12:59:54,17150.0,100,Sell,231830642
2024-08-15 12:59:55,17150.0,200,Sell,231830722
2024-08-15 12:59:57,17150.0,800,Sell,231830809
2024-08-15 12:59:57,17150.0,200,Sell,231830810
2024-08-15 13:00:29,17150.0,100,Sell,231832120
2024-08-15 13:00:29,17150.0,200,Sell,231832119
2024-08-15 13:00:29,17150.0,100,Sell,231832118
2024-08-15 13:00:29,17150.0,2500,Sell,231832111
2024-08-15 13:00:29,17150.0,100,Sell,231832116
2024-08-15 13:00:29,17150.0,100,Sell,231832115
2024-08-15 13:00:29,17150.0,100,Sell,231832113
2024-08-15 13:00:29,17150.0,200,Sell,231832112
2024-08-15 13:00:29,17150.0,400,Sell,231832110
2024-08-15 13:00:29,17150.0,500,Sell,231832117
2024-08-15 13:00:29,17150.0,300,Sell,231832108
2024-08-15 13:00:29,17150.0,200,Sell,231832109
2024-08-15 13:00:29,17150.0,1300,Sell,231832100
2024-08-15 13:00:29,17150.0,300,Sell,231832101
2024-08-15 13:00:29,17150.0,200,Sell,231832102
2024-08-15 13:00:29,17150.0,500,Sell,231832103
2024-08-15 13:00:29,17150.0,100,Sell,231832114
2024-08-15 13:00:29,17150.0,500,Sell,231832105
2024-08-15 13:00:29,17150.0,1000,Sell,231832107
2024-08-15 13:00:29,17150.0,300,Sell,231832104
2024-08-15 13:00:29,17150.0,1000,Sell,231832106
2024-08-15 13:00:36,17200.0,900,Buy,231832289
2024-08-15 13:00:36,17200.0,1000,Buy,231832290
2024-08-15 13:00:42,17200.0,4000,Buy,231832558
2024-08-15 13:00:42,17200.0,1700,Buy,231832559
2024-08-15 13:01:02,17150.0,200,Sell,231833112
2024-08-15 13:01:02,17150.0,100,Sell,231833113
2024-08-15 13:01:13,17150.0,2900,Sell,231833492
2024-08-15 13:01:13,17150.0,200,Sell,231833491
2024-08-15 13:01:44,17200.0,300,Buy,231834378
2024-08-15 13:01:44,17200.0,300,Buy,231834380
2024-08-15 13:01:44,17200.0,1100,Buy,231834381
2024-08-15 13:01:44,17200.0,500,Buy,231834379
2024-08-15 13:02:53,17200.0,4100,Buy,231836325
2024-08-15 13:02:53,17200.0,1600,Buy,231836326
2024-08-15 13:03:05,17150.0,1300,Sell,231836678
2024-08-15 13:03:32,17150.0,200,Sell,231837376
2024-08-15 13:03:32,17150.0,2000,Sell,231837377
2024-08-15 13:03:32,17150.0,1000,Sell,231837375
2024-08-15 13:03:32,17150.0,600,Sell,231837374
2024-08-15 13:03:32,17150.0,100,Sell,231837372
2024-08-15 13:03:32,17150.0,100,Sell,231837373
2024-08-15 13:03:32,17150.0,200,Sell,231837371
2024-08-15 13:03:32,17150.0,800,Sell,231837370
2024-08-15 13:03:40,17150.0,500,Sell,231837571
2024-08-15 13:04:07,17150.0,600,Sell,231838307
2024-08-15 13:04:07,17150.0,200,Sell,231838308
2024-08-15 13:04:07,17150.0,100,Sell,231838309
2024-08-15 13:04:07,17150.0,400,Sell,231838310
2024-08-15 13:04:07,17150.0,2700,Sell,231838311
2024-08-15 13:04:13,17150.0,2100,Sell,231838446
2024-08-15 13:04:13,17150.0,100,Sell,231838445
2024-08-15 13:04:13,17150.0,2300,Sell,231838442
2024-08-15 13:04:13,17150.0,200,Sell,231838443
2024-08-15 13:04:13,17150.0,300,Sell,231838444
2024-08-15 13:04:42,17150.0,1000,Sell,231839228
2024-08-15 13:04:42,17150.0,500,Sell,231839229
2024-08-15 13:04:42,17150.0,600,Sell,231839230
2024-08-15 13:04:47,17150.0,100,Sell,231839383
2024-08-15 13:04:47,17150.0,2000,Sell,231839387
2024-08-15 13:04:47,17150.0,100,Sell,231839386
2024-08-15 13:04:47,17150.0,100,Sell,231839388
2024-08-15 13:04:47,17150.0,300,Sell,231839384
2024-08-15 13:04:47,17150.0,100,Sell,231839385
2024-08-15 13:04:47,17150.0,300,Sell,231839380
2024-08-15 13:04:47,17150.0,200,Sell,231839382
2024-08-15 13:04:47,17150.0,400,Sell,231839376
2024-08-15 13:04:47,17150.0,100,Sell,231839381
2024-08-15 13:04:47,17150.0,100,Sell,231839378
2024-08-15 13:04:47,17150.0,100,Sell,231839379
2024-08-15 13:04:47,17150.0,100,Sell,231839377
2024-08-15 13:04:52,17150.0,2900,Sell,231839543
2024-08-15 13:04:52,17150.0,5700,Sell,231839541
2024-08-15 13:04:52,17150.0,200,Sell,231839540
2024-08-15 13:04:52,17150.0,5700,Sell,231839539
2024-08-15 13:04:52,17150.0,500,Sell,231839538
2024-08-15 13:04:52,17150.0,900,Sell,231839531
2024-08-15 13:04:52,17150.0,100,Sell,231839536
2024-08-15 13:04:52,17150.0,100,Sell,231839535
2024-08-15 13:04:52,17150.0,1000,Sell,231839534
2024-08-15 13:04:52,17150.0,2000,Sell,231839533
2024-08-15 13:04:52,17150.0,100,Sell,231839532
2024-08-15 13:04:52,17150.0,100,Sell,231839537
2024-08-15 13:04:52,17150.0,5700,Sell,231839542
2024-08-15 13:05:06,17150.0,500,Sell,231840061
2024-08-15 13:05:16,17200.0,500,Buy,231840456
2024-08-15 13:07:32,17150.0,2300,Sell,231844708
2024-08-15 13:07:32,17150.0,5000,Sell,231844709
2024-08-15 13:07:32,17150.0,500,Sell,231844710
2024-08-15 13:07:32,17150.0,600,Sell,231844711
2024-08-15 13:07:42,17150.0,4000,Sell,231844940
2024-08-15 13:07:53,17150.0,200,Sell,231845151
2024-08-15 13:08:03,17150.0,1000,Sell,231845510
2024-08-15 13:08:16,17150.0,1100,Sell,231845890
2024-08-15 13:08:30,17150.0,200,Sell,231846335
2024-08-15 13:08:55,17150.0,900,Sell,231847077
2024-08-15 13:09:40,17150.0,500,Sell,231848271
2024-08-15 13:09:40,17150.0,1500,Sell,231848272
2024-08-15 13:09:40,17150.0,2000,Sell,231848270
2024-08-15 13:09:57,17150.0,600,Sell,231848753
2024-08-15 13:10:20,17150.0,500,Sell,231849382
2024-08-15 13:10:35,17200.0,2200,Buy,231849739
2024-08-15 13:10:38,17150.0,3100,Sell,231849836
2024-08-15 13:10:38,17150.0,2900,Sell,231849837
2024-08-15 13:10:40,17150.0,800,Sell,231849876
2024-08-15 13:10:40,17150.0,2100,Sell,231849873
2024-08-15 13:10:40,17150.0,100,Sell,231849874
2024-08-15 13:10:40,17150.0,1000,Sell,231849875
2024-08-15 13:10:46,17200.0,700,Buy,231850092
2024-08-15 13:10:46,17200.0,1000,Buy,231850093
2024-08-15 13:10:46,17200.0,500,Buy,231850094
2024-08-15 13:11:08,17200.0,2200,Buy,231850805
2024-08-15 13:11:57,17150.0,49200,Sell,231852222
2024-08-15 13:11:57,17150.0,800,Sell,231852223
2024-08-15 13:12:03,17150.0,5000,Sell,231852546
2024-08-15 13:12:25,17150.0,2800,Sell,231853114
2024-08-15 13:12:25,17150.0,200,Sell,231853113
2024-08-15 13:13:04,17150.0,1000,Sell,231854215
2024-08-15 13:13:07,17150.0,1000,Sell,231854299
2024-08-15 13:13:16,17150.0,900,Sell,231854486
2024-08-15 13:13:16,17150.0,2100,Sell,231854487
2024-08-15 13:14:30,17150.0,2000,Sell,231856203
2024-08-15 13:14:52,17150.0,600,Sell,231856659
2024-08-15 13:14:52,17150.0,1300,Sell,231856660
2024-08-15 13:14:52,17150.0,2000,Sell,231856661
2024-08-15 13:14:52,17150.0,100,Sell,231856662
2024-08-15 13:15:02,17200.0,400,Buy,231856957
2024-08-15 13:15:02,17200.0,400,Buy,231856958
2024-08-15 13:15:02,17200.0,1400,Buy,231856959
2024-08-15 13:15:21,17200.0,2200,Buy,231857524
2024-08-15 13:16:21,17150.0,200,Sell,231859274
2024-08-15 13:16:27,17150.0,100,Sell,231859469
2024-08-15 13:16:49,17150.0,500,Sell,231860094
2024-08-15 13:16:49,17150.0,1300,Sell,231860095
2024-08-15 13:16:49,17150.0,200,Sell,231860093
2024-08-15 13:17:14,17150.0,8000,Sell,231860667
2024-08-15 13:17:22,17150.0,38300,Sell,231860869
2024-08-15 13:17:22,17150.0,100,Sell,231860868
2024-08-15 13:17:22,17150.0,1000,Sell,231860867
2024-08-15 13:17:22,17150.0,200,Sell,231860866
2024-08-15 13:17:22,17150.0,300,Sell,231860865
2024-08-15 13:17:22,17150.0,200,Sell,231860864
2024-08-15 13:17:22,17150.0,5700,Sell,231860863
2024-08-15 13:17:22,17150.0,500,Sell,231860862
2024-08-15 13:17:22,17150.0,100,Sell,231860860
2024-08-15 13:17:22,17150.0,100,Sell,231860859
2024-08-15 13:17:22,17150.0,1000,Sell,231860858
2024-08-15 13:17:22,17150.0,5700,Sell,231860857
2024-08-15 13:17:22,17150.0,5000,Sell,231860856
2024-08-15 13:17:22,17150.0,1000,Sell,231860855
2024-08-15 13:17:22,17150.0,700,Sell,231860854
2024-08-15 13:17:22,17150.0,100,Sell,231860861
2024-08-15 13:17:36,17150.0,200,Sell,231861125
2024-08-15 13:17:39,17150.0,1000,Sell,231861189
2024-08-15 13:18:01,17150.0,800,Sell,231861699
2024-08-15 13:18:17,17150.0,100,Sell,231862059
2024-08-15 13:18:17,17150.0,100,Sell,231862058
2024-08-15 13:18:17,17150.0,100,Sell,231862057
2024-08-15 13:18:17,17150.0,200,Sell,231862056
2024-08-15 13:18:17,17150.0,400,Sell,231862053
2024-08-15 13:18:17,17150.0,100,Sell,231862054
2024-08-15 13:18:17,17150.0,200,Sell,231862052
2024-08-15 13:18:17,17150.0,9700,Sell,231862051
2024-08-15 13:18:17,17150.0,100,Sell,231862055
2024-08-15 13:18:21,17150.0,100,Buy,231862124
2024-08-15 13:18:27,17150.0,600,Buy,231862241
2024-08-15 13:18:38,17150.0,200,Sell,231862464
2024-08-15 13:19:11,17200.0,100,Buy,231863210
2024-08-15 13:19:15,17150.0,200,Sell,231863276
2024-08-15 13:19:20,17150.0,3000,Sell,231863386
2024-08-15 13:19:20,17150.0,500,Sell,231863388
2024-08-15 13:19:20,17150.0,500,Sell,231863387
2024-08-15 13:19:39,17150.0,900,Sell,231863811
2024-08-15 13:19:39,17150.0,1200,Sell,231863810
2024-08-15 13:19:39,17150.0,100,Sell,231863812
2024-08-15 13:19:47,17150.0,1000,Buy,231863967
2024-08-15 13:19:49,17150.0,100,Buy,231864008
2024-08-15 13:19:50,17150.0,900,Sell,231864038
2024-08-15 13:19:57,17150.0,100,Buy,231864155
2024-08-15 13:20:05,17150.0,1000,Buy,231864348
2024-08-15 13:20:15,17150.0,100,Buy,231864510
2024-08-15 13:20:20,17150.0,1000,Buy,231864639
2024-08-15 13:20:27,17150.0,200,Buy,231864777
2024-08-15 13:20:33,17150.0,100,Buy,231864910
2024-08-15 13:20:48,17150.0,1000,Buy,231865221
2024-08-15 13:21:05,17150.0,2900,Buy,231865543
2024-08-15 13:21:06,17100.0,1400,Sell,231865578
2024-08-15 13:21:06,17100.0,1000,Sell,231865577
2024-08-15 13:21:06,17100.0,200,Sell,231865576
2024-08-15 13:21:06,17100.0,500,Sell,231865575
2024-08-15 13:21:06,17100.0,100,Sell,231865573
2024-08-15 13:21:06,17100.0,100,Sell,231865571
2024-08-15 13:21:06,17100.0,100,Sell,231865570
2024-08-15 13:21:06,17100.0,500,Sell,231865574
2024-08-15 13:21:06,17100.0,100,Sell,231865572
2024-08-15 13:21:10,17150.0,2700,Buy,231865663
2024-08-15 13:21:10,17150.0,900,Buy,231865664
2024-08-15 13:21:10,17150.0,5000,Buy,231865665
2024-08-15 13:21:13,17150.0,4900,Sell,231865721
2024-08-15 13:21:36,17150.0,200,Sell,231866126
2024-08-15 13:21:41,17150.0,2500,Sell,231866202
2024-08-15 13:21:48,17150.0,3800,Sell,231866379
2024-08-15 13:21:54,17150.0,500,Buy,231866496
2024-08-15 13:22:11,17150.0,200,Buy,231866870
2024-08-15 13:22:14,17150.0,5500,Buy,231866938
2024-08-15 13:22:34,17150.0,4000,Sell,231867397
2024-08-15 13:22:50,17150.0,500,Sell,231867714
2024-08-15 13:22:50,17150.0,3000,Sell,231867715
2024-08-15 13:22:50,17150.0,100,Sell,231867716
2024-08-15 13:22:52,17150.0,6400,Buy,231867749
2024-08-15 13:22:54,17150.0,100,Sell,231867767
2024-08-15 13:23:02,17150.0,1000,Sell,231867932
2024-08-15 13:23:16,17150.0,4000,Sell,231868257
2024-08-15 13:23:28,17150.0,10000,Sell,231868597
2024-08-15 13:23:43,17150.0,5000,Sell,231868994
2024-08-15 13:23:46,17150.0,10000,Sell,231869072
2024-08-15 13:23:57,17150.0,500,Sell,231869306
2024-08-15 13:23:57,17150.0,9900,Sell,231869324
2024-08-15 13:24:06,17150.0,3100,Sell,231869564
2024-08-15 13:24:06,17150.0,100,Sell,231869565
2024-08-15 13:24:06,17150.0,5000,Sell,231869566
2024-08-15 13:24:06,17150.0,100,Sell,231869567
2024-08-15 13:24:58,17150.0,100,Buy,231870640
2024-08-15 13:24:59,17150.0,300,Buy,231870661
2024-08-15 13:24:59,17150.0,25500,Buy,231870659
2024-08-15 13:24:59,17150.0,1000,Buy,231870660
2024-08-15 13:25:07,17150.0,100,Sell,231870810
2024-08-15 13:25:31,17150.0,73100,Sell,231871346
2024-08-15 13:25:31,17150.0,100,Sell,231871347
2024-08-15 13:26:04,17150.0,200,Buy,231872047
2024-08-15 13:26:41,17150.0,500,Buy,231872770
2024-08-15 13:26:55,17150.0,100,Buy,231873095
2024-08-15 13:27:44,17100.0,500,Sell,231874190
2024-08-15 13:27:45,17150.0,2000,Buy,231874211
2024-08-15 13:27:53,17150.0,20000,Buy,231874340
2024-08-15 13:28:14,17100.0,8800,Sell,231874897
2024-08-15 13:28:14,17100.0,3100,Sell,231874895
2024-08-15 13:28:14,17100.0,100,Sell,231874896
2024-08-15 13:28:49,17100.0,1000,Sell,231875538
2024-08-15 13:29:05,17150.0,2200,Buy,231875849
2024-08-15 13:29:10,17100.0,100,Sell,231875983
2024-08-15 13:29:15,17150.0,2200,Buy,231876110
2024-08-15 13:29:25,17150.0,2200,Buy,231876356
2024-08-15 13:29:37,17150.0,2200,Buy,231876650
2024-08-15 13:30:11,17150.0,2200,Buy,231877414
2024-08-15 13:30:18,17100.0,1000,Sell,231877583
2024-08-15 13:30:18,17100.0,300,Sell,231877582
2024-08-15 13:30:18,17100.0,300,Sell,231877584
2024-08-15 13:30:18,17100.0,100,Sell,231877580
2024-08-15 13:30:18,17100.0,200,Sell,231877581
2024-08-15 13:30:18,17100.0,100,Sell,231877579
2024-08-15 13:31:57,17100.0,200,Sell,231879529
2024-08-15 13:32:10,17150.0,28900,Buy,231879765
2024-08-15 13:32:45,17150.0,3000,Buy,231880511
2024-08-15 13:32:52,17150.0,200,Buy,231880635
2024-08-15 13:32:56,17150.0,10900,Buy,231880722
2024-08-15 13:32:56,17150.0,1000,Buy,231880723
2024-08-15 13:32:56,17150.0,2000,Buy,231880724
2024-08-15 13:32:56,17150.0,1100,Buy,231880725
2024-08-15 13:32:57,17150.0,500,Buy,231880745
2024-08-15 13:32:57,17150.0,400,Buy,231880746
2024-08-15 13:32:57,17150.0,100,Buy,231880742
2024-08-15 13:32:57,17150.0,13900,Buy,231880741
2024-08-15 13:32:57,17150.0,22100,Buy,231880743
2024-08-15 13:32:57,17150.0,1000,Buy,231880744
2024-08-15 13:33:08,17150.0,12000,Sell,231880996
2024-08-15 13:33:08,17150.0,3000,Sell,231880997
2024-08-15 13:33:12,17150.0,100,Buy,231881075
2024-08-15 13:33:24,17150.0,200,Buy,231881279
2024-08-15 13:33:47,17150.0,500,Buy,231881709
2024-08-15 13:34:04,17150.0,5000,Buy,231882071
2024-08-15 13:34:23,17150.0,500,Buy,231882647
2024-08-15 13:34:28,17150.0,200,Buy,231882774
2024-08-15 13:34:32,17150.0,20000,Buy,231882833
2024-08-15 13:34:34,17150.0,500,Buy,231882887
2024-08-15 13:34:36,17150.0,100,Buy,231882911
2024-08-15 13:34:36,17150.0,4000,Buy,231882909
2024-08-15 13:34:36,17150.0,3000,Buy,231882908
2024-08-15 13:34:36,17150.0,1000,Buy,231882910
2024-08-15 13:34:45,17150.0,100,Sell,231883058
2024-08-15 13:34:54,17150.0,1200,Sell,231883272
2024-08-15 13:35:00,17150.0,500,Sell,231883366
2024-08-15 13:35:00,17150.0,600,Sell,231883365
2024-08-15 13:35:01,17150.0,100,Buy,231883372
2024-08-15 13:35:13,17150.0,500,Buy,231883568
2024-08-15 13:35:18,17150.0,100,Buy,231883634
2024-08-15 13:35:19,17150.0,18200,Buy,231883657
2024-08-15 13:37:36,17150.0,5000,Sell,231887273
2024-08-15 13:37:36,17150.0,200,Sell,231887272
2024-08-15 13:37:36,17150.0,500,Sell,231887271
2024-08-15 13:37:36,17150.0,4000,Sell,231887270
2024-08-15 13:37:36,17150.0,5000,Sell,231887269
2024-08-15 13:37:36,17150.0,100,Sell,231887268
2024-08-15 13:37:36,17150.0,400,Sell,231887266
2024-08-15 13:37:36,17150.0,200,Sell,231887264
2024-08-15 13:37:36,17150.0,100,Sell,231887263
2024-08-15 13:37:36,17150.0,200,Sell,231887262
2024-08-15 13:37:36,17150.0,1800,Sell,231887261
2024-08-15 13:37:36,17150.0,200,Sell,231887267
2024-08-15 13:37:36,17150.0,10000,Sell,231887265
2024-08-15 13:37:59,17150.0,500,Buy,231887827
2024-08-15 13:38:04,17100.0,100,Sell,231887921
2024-08-15 13:38:05,17150.0,500,Buy,231887944
2024-08-15 13:38:24,17150.0,500,Buy,231888418
2024-08-15 13:38:32,17150.0,5000,Buy,231888581
2024-08-15 13:38:47,17150.0,300,Buy,231888971
2024-08-15 13:38:58,17150.0,2000,Buy,231889193
2024-08-15 13:39:03,17150.0,13500,Buy,231889285
2024-08-15 13:39:03,17150.0,1400,Buy,231889286
2024-08-15 13:39:03,17150.0,15100,Buy,231889287
2024-08-15 13:39:08,17100.0,300,Sell,231889416
2024-08-15 13:39:08,17100.0,100,Sell,231889417
2024-08-15 13:39:08,17100.0,1000,Sell,231889418
2024-08-15 13:39:08,17100.0,300,Sell,231889419
2024-08-15 13:39:08,17100.0,2200,Sell,231889420
2024-08-15 13:39:53,17150.0,400,Sell,231890435
2024-08-15 13:40:08,17150.0,100,Sell,231890808
2024-08-15 13:40:08,17150.0,2000,Sell,231890809
2024-08-15 13:40:08,17150.0,600,Sell,231890807
2024-08-15 13:40:29,17150.0,3000,Buy,231891215
2024-08-15 13:40:31,17150.0,100,Buy,231891270
2024-08-15 13:40:33,17150.0,100,Buy,231891308
2024-08-15 13:40:56,17150.0,200,Buy,231891881
2024-08-15 13:41:00,17150.0,1900,Buy,231891985
2024-08-15 13:41:00,17150.0,600,Buy,231891986
2024-08-15 13:41:00,17150.0,100,Buy,231891987
2024-08-15 13:41:00,17150.0,1000,Buy,231891988
2024-08-15 13:42:31,17150.0,300,Sell,231894146
2024-08-15 13:42:31,17150.0,6400,Sell,231894145
2024-08-15 13:44:07,17150.0,200,Sell,231896240
2024-08-15 13:44:27,17150.0,100,Sell,231896635
2024-08-15 13:44:27,17150.0,5000,Sell,231896636
2024-08-15 13:44:27,17150.0,1000,Sell,231896637
2024-08-15 13:44:27,17150.0,200,Sell,231896638
2024-08-15 13:44:27,17150.0,16200,Sell,231896639
2024-08-15 13:44:27,17150.0,1500,Sell,231896634
2024-08-15 13:44:33,17150.0,3800,Sell,231896765
2024-08-15 13:44:33,17150.0,2000,Sell,231896766
2024-08-15 13:44:33,17150.0,100,Sell,231896767
2024-08-15 13:44:33,17150.0,500,Sell,231896768
2024-08-15 13:44:33,17150.0,200,Sell,231896769
2024-08-15 13:44:44,17150.0,300,Buy,231897043
2024-08-15 13:44:46,17150.0,500,Buy,231897080
2024-08-15 13:44:53,17150.0,200,Buy,231897218
2024-08-15 13:44:56,17150.0,500,Buy,231897280
2024-08-15 13:45:00,17150.0,5000,Buy,231897389
2024-08-15 13:45:06,17150.0,500,Buy,231897490
2024-08-15 13:45:08,17150.0,400,Buy,231897543
2024-08-15 13:45:09,17150.0,9400,Buy,231897557
2024-08-15 13:45:13,17150.0,1000,Buy,231897631
2024-08-15 13:45:14,17150.0,100,Buy,231897651
2024-08-15 13:45:16,17150.0,7000,Buy,231897685
2024-08-15 13:45:35,17150.0,100,Buy,231898056
2024-08-15 13:45:39,17150.0,1000,Buy,231898152
2024-08-15 13:45:39,17150.0,500,Buy,231898112
2024-08-15 13:45:47,17150.0,500,Buy,231898360
2024-08-15 13:45:55,17150.0,500,Buy,231898542
2024-08-15 13:45:59,17150.0,400,Buy,231898669
2024-08-15 13:45:59,17150.0,2000,Buy,231898681
2024-08-15 13:46:05,17150.0,100,Buy,231898787
2024-08-15 13:46:16,17150.0,200,Buy,231898996
2024-08-15 13:46:32,17150.0,500,Buy,231899313
2024-08-15 13:46:33,17150.0,1000,Buy,231899315
2024-08-15 13:46:40,17150.0,500,Buy,231899484
2024-08-15 13:46:48,17150.0,500,Buy,231899670
2024-08-15 13:46:51,17150.0,400,Buy,231899724
2024-08-15 13:46:51,17150.0,1400,Buy,231899732
2024-08-15 13:46:59,17150.0,5000,Buy,231899912
2024-08-15 13:46:59,17100.0,2800,Sell,231899898
2024-08-15 13:46:59,17100.0,200,Sell,231899899
2024-08-15 13:47:24,17150.0,500,Buy,231900433
2024-08-15 13:47:34,17150.0,1500,Buy,231900628
2024-08-15 13:47:38,17150.0,200,Buy,231900717
2024-08-15 13:47:51,17150.0,500,Buy,231900968
2024-08-15 13:48:03,17150.0,400,Buy,231901224
2024-08-15 13:48:09,17100.0,1900,Sell,231901321
2024-08-15 13:48:16,17150.0,300,Buy,231901460
2024-08-15 13:48:16,17150.0,700,Buy,231901459
2024-08-15 13:48:16,17150.0,200,Buy,231901458
2024-08-15 13:48:16,17150.0,400,Buy,231901454
2024-08-15 13:48:16,17150.0,1100,Buy,231901453
2024-08-15 13:48:16,17150.0,500,Buy,231901457
2024-08-15 13:48:16,17150.0,800,Buy,231901452
2024-08-15 13:48:45,17150.0,1000,Sell,231902020
2024-08-15 13:48:48,17200.0,200,Buy,231902090
2024-08-15 13:48:48,17200.0,300,Buy,231902089
2024-08-15 13:48:58,17200.0,300,Buy,231902264
2024-08-15 13:48:58,17150.0,200,Sell,231902263
2024-08-15 13:48:58,17200.0,200,Buy,231902265
2024-08-15 13:48:58,17150.0,100,Sell,231902261
2024-08-15 13:48:58,17150.0,200,Sell,231902260
2024-08-15 13:48:58,17150.0,5000,Sell,231902259
2024-08-15 13:48:58,17150.0,1000,Sell,231902262
2024-08-15 13:49:03,17150.0,100,Sell,231902355
2024-08-15 13:49:09,17200.0,500,Buy,231902487
2024-08-15 13:49:12,17200.0,400,Buy,231902617
2024-08-15 13:49:46,17200.0,100,Buy,231903288
2024-08-15 13:50:08,17200.0,200,Buy,231903715
2024-08-15 13:50:08,17200.0,300,Buy,231903716
2024-08-15 13:50:16,17200.0,500,Buy,231903865
2024-08-15 13:50:18,17200.0,500,Buy,231903919
2024-08-15 13:50:23,17200.0,500,Buy,231904038
2024-08-15 13:50:26,17200.0,400,Buy,231904122
2024-08-15 13:51:03,17200.0,10000,Buy,231904880
2024-08-15 13:51:03,17200.0,3000,Buy,231904864
2024-08-15 13:51:03,17200.0,80600,Buy,231904865
2024-08-15 13:51:03,17200.0,3000,Buy,231904866
2024-08-15 13:51:03,17200.0,5000,Buy,231904867
2024-08-15 13:51:03,17200.0,2500,Buy,231904868
2024-08-15 13:51:03,17200.0,100,Buy,231904869
2024-08-15 13:51:03,17200.0,200,Buy,231904870
2024-08-15 13:51:03,17200.0,100,Buy,231904863
2024-08-15 13:51:03,17200.0,100,Buy,231904874
2024-08-15 13:51:03,17200.0,200,Buy,231904875
2024-08-15 13:51:03,17200.0,600,Buy,231904876
2024-08-15 13:51:03,17200.0,3000,Buy,231904877
2024-08-15 13:51:03,17200.0,500,Buy,231904878
2024-08-15 13:51:03,17200.0,3000,Buy,231904879
2024-08-15 13:51:03,17200.0,5000,Buy,231904873
2024-08-15 13:51:03,17200.0,500,Buy,231904862
2024-08-15 13:51:03,17200.0,500,Buy,231904872
2024-08-15 13:51:03,17200.0,400,Buy,231904860
2024-08-15 13:51:03,17200.0,1000,Buy,231904861
2024-08-15 13:51:03,17200.0,12800,Buy,231904840
2024-08-15 13:51:03,17200.0,300,Buy,231904841
2024-08-15 13:51:03,17200.0,1500,Buy,231904842
2024-08-15 13:51:03,17200.0,60000,Buy,231904843
2024-08-15 13:51:03,17200.0,100,Buy,231904844
2024-08-15 13:51:03,17200.0,1500,Buy,231904845
2024-08-15 13:51:03,17200.0,100,Buy,231904846
2024-08-15 13:51:03,17200.0,400,Buy,231904847
2024-08-15 13:51:03,17200.0,5000,Buy,231904871
2024-08-15 13:51:03,17200.0,1000,Buy,231904848
2024-08-15 13:51:03,17200.0,2000,Buy,231904849
2024-08-15 13:51:03,17200.0,100,Buy,231904850
2024-08-15 13:51:03,17200.0,500,Buy,231904851
2024-08-15 13:51:03,17200.0,2900,Buy,231904855
2024-08-15 13:51:03,17200.0,300,Buy,231904856
2024-08-15 13:51:03,17200.0,200,Buy,231904857
2024-08-15 13:51:03,17200.0,1000,Buy,231904858
2024-08-15 13:51:03,17200.0,200,Buy,231904859
2024-08-15 13:51:04,17200.0,1900,Sell,231904911
2024-08-15 13:51:07,17200.0,1000,Sell,231904993
2024-08-15 13:51:23,17200.0,1000,Sell,231905253
2024-08-15 13:51:24,17200.0,3400,Sell,231905272
2024-08-15 13:51:52,17200.0,1600,Buy,231905877
2024-08-15 13:51:59,17200.0,1000,Buy,231906092
2024-08-15 13:52:00,17200.0,500,Buy,231906130
2024-08-15 13:52:08,17200.0,500,Buy,231906270
2024-08-15 13:52:09,17200.0,5000,Buy,231906284
2024-08-15 13:52:19,17200.0,500,Buy,231906504
2024-08-15 13:52:22,17200.0,400,Buy,231906574
2024-08-15 13:52:28,17200.0,5000,Buy,231906666
2024-08-15 13:52:30,17200.0,1000,Buy,231906699
2024-08-15 13:52:33,17200.0,100,Buy,231906756
2024-08-15 13:52:33,17200.0,6100,Buy,231906754
2024-08-15 13:52:33,17200.0,3800,Buy,231906755
2024-08-15 13:53:18,17150.0,400,Sell,231907688
2024-08-15 13:53:18,17150.0,4200,Sell,231907689
2024-08-15 13:53:20,17200.0,500,Buy,231907735
2024-08-15 13:53:26,17200.0,500,Buy,231907884
2024-08-15 13:53:33,17200.0,500,Buy,231908082
2024-08-15 13:53:36,17200.0,400,Buy,231908125
2024-08-15 13:54:11,17200.0,100,Buy,231908886
2024-08-15 13:54:21,17200.0,500,Buy,231909129
2024-08-15 13:54:32,17200.0,400,Buy,231909369
2024-08-15 13:54:32,17200.0,100,Buy,231909370
2024-08-15 13:54:43,17200.0,300,Buy,231909639
2024-08-15 13:54:43,17200.0,200,Buy,231909640
2024-08-15 13:54:47,17200.0,400,Buy,231909769
2024-08-15 13:55:26,17200.0,800,Buy,231910898
2024-08-15 13:55:48,17200.0,700,Buy,231911399
2024-08-15 13:55:50,17200.0,500,Buy,231911447
2024-08-15 13:55:59,17200.0,500,Buy,231911755
2024-08-15 13:56:06,17200.0,500,Buy,231912075
2024-08-15 13:56:08,17200.0,400,Buy,231912135
2024-08-15 13:56:20,17150.0,800,Sell,231912513
2024-08-15 13:56:20,17150.0,900,Sell,231912514
2024-08-15 13:56:20,17150.0,200,Sell,231912515
2024-08-15 13:56:39,17150.0,3000,Sell,231912984
2024-08-15 13:56:47,17150.0,5000,Sell,231913360
2024-08-15 13:56:48,17150.0,100,Sell,231913386
2024-08-15 13:56:53,17200.0,500,Buy,231913537
2024-08-15 13:56:58,17150.0,100,Sell,231913736
2024-08-15 13:56:59,17150.0,100,Sell,231913771
2024-08-15 13:56:59,17150.0,3700,Sell,231913770
2024-08-15 13:56:59,17150.0,1600,Sell,231913766
2024-08-15 13:56:59,17150.0,500,Sell,231913768
2024-08-15 13:56:59,17150.0,100,Sell,231913769
2024-08-15 13:56:59,17150.0,4000,Sell,231913767
2024-08-15 13:57:02,17200.0,500,Buy,231913851
2024-08-15 13:57:03,17150.0,400,Sell,231913879
2024-08-15 13:57:03,17150.0,100,Sell,231913880
2024-08-15 13:57:03,17150.0,300,Sell,231913881
2024-08-15 13:57:03,17150.0,100,Sell,231913882
2024-08-15 13:57:08,17150.0,200,Sell,231914147
2024-08-15 13:57:08,17150.0,200,Sell,231914148
2024-08-15 13:57:08,17150.0,900,Sell,231914145
2024-08-15 13:57:08,17150.0,600,Sell,231914146
2024-08-15 13:57:09,17200.0,500,Buy,231914199
2024-08-15 13:57:12,17200.0,400,Buy,231914264
2024-08-15 13:57:16,17150.0,200,Sell,231914372
2024-08-15 13:57:16,17150.0,100,Sell,231914373
2024-08-15 13:57:16,17150.0,200,Sell,231914374
2024-08-15 13:57:17,17150.0,700,Sell,231914410
2024-08-15 13:57:17,17150.0,2300,Sell,231914411
2024-08-15 13:57:39,17200.0,200,Buy,231915224
2024-08-15 13:57:39,17200.0,300,Buy,231915223
2024-08-15 13:57:45,17200.0,500,Buy,231915543
2024-08-15 13:57:53,17200.0,500,Buy,231915864
2024-08-15 13:57:56,17200.0,100,Buy,231915955
2024-08-15 13:57:56,17200.0,300,Buy,231915956
2024-08-15 13:57:56,17200.0,700,Buy,231915965
2024-08-15 13:57:56,17200.0,300,Buy,231915966
2024-08-15 13:59:14,17200.0,100,Buy,231918562
2024-08-15 13:59:14,17200.0,100,Buy,231918563
2024-08-15 13:59:17,17150.0,1000,Sell,231918813
2024-08-15 13:59:37,17200.0,100,Buy,231919475
2024-08-15 13:59:59,17150.0,1700,Sell,231920247
2024-08-15 13:59:59,17150.0,200,Sell,231920248
2024-08-15 13:59:59,17150.0,2100,Sell,231920249
2024-08-15 14:00:03,17150.0,2000,Sell,231920384
2024-08-15 14:00:06,17150.0,1000,Sell,231920470
2024-08-15 14:00:07,17150.0,5000,Sell,231920472
2024-08-15 14:00:19,17150.0,33600,Sell,231920906
2024-08-15 14:00:30,17150.0,6300,Sell,231921192
2024-08-15 14:00:30,17150.0,100,Sell,231921193
2024-08-15 14:00:30,17150.0,1000,Sell,231921194
2024-08-15 14:00:30,17150.0,1000,Sell,231921195
2024-08-15 14:00:30,17150.0,200,Sell,231921196
2024-08-15 14:00:30,17150.0,100,Buy,231921197
2024-08-15 14:00:33,17150.0,100,Buy,231921237
2024-08-15 14:00:35,17150.0,1000,Buy,231921277
2024-08-15 14:01:16,17150.0,200,Buy,231922546
2024-08-15 14:01:16,17150.0,14800,Buy,231922547
2024-08-15 14:01:21,17150.0,500,Buy,231922745
2024-08-15 14:01:34,17100.0,1900,Sell,231923138
2024-08-15 14:01:51,17100.0,1900,Sell,231923914
2024-08-15 14:02:24,17150.0,500,Buy,231925351
2024-08-15 14:02:24,17100.0,3000,Sell,231925360
2024-08-15 14:02:27,17100.0,1100,Sell,231925512
2024-08-15 14:02:44,17150.0,100,Buy,231926217
2024-08-15 14:02:53,17100.0,7800,Sell,231926546
2024-08-15 14:02:59,17100.0,2000,Sell,231926759
2024-08-15 14:03:03,17100.0,100,Sell,231926915
2024-08-15 14:03:23,17100.0,2000,Sell,231927917
2024-08-15 14:03:23,17150.0,1000,Buy,231927916
2024-08-15 14:03:27,17150.0,1000,Buy,231928201
2024-08-15 14:03:48,17150.0,100,Buy,231929120
2024-08-15 14:03:59,17150.0,100,Buy,231930152
2024-08-15 14:04:00,17150.0,900,Buy,231930158
2024-08-15 14:04:00,17150.0,300,Buy,231930169
2024-08-15 14:04:35,17100.0,1900,Sell,231932133
2024-08-15 14:04:43,17100.0,5100,Sell,231932525
2024-08-15 14:04:43,17100.0,800,Sell,231932524
2024-08-15 14:04:43,17100.0,100,Sell,231932523
2024-08-15 14:04:43,17100.0,1000,Sell,231932521
2024-08-15 14:04:43,17100.0,100,Sell,231932522
2024-08-15 14:04:43,17100.0,100,Sell,231932519
2024-08-15 14:04:43,17100.0,100,Sell,231932518
2024-08-15 14:04:43,17100.0,300,Sell,231932517
2024-08-15 14:04:43,17100.0,1200,Sell,231932516
2024-08-15 14:04:43,17100.0,200,Sell,231932520
2024-08-15 14:04:56,17150.0,700,Buy,231933559
2024-08-15 14:04:56,17150.0,300,Buy,231933560
2024-08-15 14:05:34,17100.0,4900,Sell,231935600
2024-08-15 14:05:34,17100.0,5100,Sell,231935601
2024-08-15 14:05:50,17150.0,100,Buy,231936116
2024-08-15 14:05:54,17100.0,500,Sell,231936375
2024-08-15 14:05:59,17100.0,1000,Sell,231936686
2024-08-15 14:06:15,17100.0,1200,Sell,231937350
2024-08-15 14:06:20,17100.0,6000,Sell,231937698
2024-08-15 14:06:25,17100.0,200,Sell,231937877
2024-08-15 14:06:25,17100.0,100,Sell,231937878
2024-08-15 14:06:25,17100.0,500,Sell,231937879
2024-08-15 14:06:25,17100.0,1200,Sell,231937876
2024-08-15 14:06:26,17150.0,200,Buy,231937899
2024-08-15 14:06:26,17150.0,1000,Buy,231937898
2024-08-15 14:06:26,17150.0,3800,Buy,231937897
2024-08-15 14:06:26,17150.0,6000,Buy,231937896
2024-08-15 14:06:26,17150.0,1400,Buy,231937895
2024-08-15 14:06:26,17150.0,3000,Buy,231937894
2024-08-15 14:06:26,17150.0,600,Buy,231937893
2024-08-15 14:06:26,17150.0,200,Buy,231937892
2024-08-15 14:06:26,17150.0,5000,Buy,231937890
2024-08-15 14:06:26,17150.0,6600,Buy,231937885
2024-08-15 14:06:26,17150.0,1000,Buy,231937886
2024-08-15 14:06:26,17150.0,3000,Buy,231937891
2024-08-15 14:06:26,17150.0,2500,Buy,231937888
2024-08-15 14:06:26,17150.0,5000,Buy,231937887
2024-08-15 14:06:26,17150.0,19000,Buy,231937889
2024-08-15 14:06:43,17150.0,500,Sell,231938630
2024-08-15 14:06:47,17150.0,8000,Sell,231938778
2024-08-15 14:06:48,17150.0,1000,Sell,231938788
2024-08-15 14:06:50,17150.0,100,Sell,231938844
2024-08-15 14:06:58,17150.0,1000,Sell,231939195
2024-08-15 14:07:07,17150.0,3000,Sell,231939505
2024-08-15 14:07:10,17150.0,100,Sell,231939578
2024-08-15 14:07:11,17150.0,10000,Sell,231939597
2024-08-15 14:07:20,17150.0,800,Sell,231939841
2024-08-15 14:07:25,17150.0,2000,Sell,231940133
2024-08-15 14:07:42,17150.0,200,Sell,231940728
2024-08-15 14:07:55,17150.0,400,Sell,231941082
2024-08-15 14:08:08,17150.0,100,Sell,231941431
2024-08-15 14:08:10,17150.0,500,Sell,231941467
2024-08-15 14:08:10,17150.0,10000,Sell,231941475
2024-08-15 14:08:15,17150.0,2000,Sell,231941633
2024-08-15 14:08:19,17200.0,1100,Buy,231941791
2024-08-15 14:08:19,17200.0,10200,Buy,231941792
2024-08-15 14:08:36,17150.0,3000,Sell,231942296
2024-08-15 14:08:36,17150.0,1000,Sell,231942297
2024-08-15 14:09:01,17150.0,5800,Buy,231942990
2024-08-15 14:09:12,17150.0,1300,Buy,231943313
2024-08-15 14:09:29,17150.0,200,Buy,231943760
2024-08-15 14:09:29,17150.0,1800,Sell,231943761
2024-08-15 14:09:29,17100.0,100,Sell,231943762
2024-08-15 14:09:29,17100.0,1000,Sell,231943763
2024-08-15 14:09:29,17100.0,200,Sell,231943764
2024-08-15 14:09:29,17100.0,500,Sell,231943765
2024-08-15 14:09:29,17100.0,1400,Sell,231943766
2024-08-15 14:09:38,17200.0,2500,Buy,231944027
2024-08-15 14:09:38,17200.0,1000,Buy,231944028
2024-08-15 14:09:38,17200.0,500,Buy,231944032
2024-08-15 14:09:38,17200.0,1000,Buy,231944026
2024-08-15 14:09:38,17200.0,25000,Buy,231944035
2024-08-15 14:09:38,17200.0,1100,Buy,231944039
2024-08-15 14:09:38,17200.0,200,Buy,231944037
2024-08-15 14:09:38,17200.0,1000,Buy,231944038
2024-08-15 14:09:38,17200.0,300,Buy,231944040
2024-08-15 14:09:38,17200.0,300,Buy,231944041
2024-08-15 14:09:38,17200.0,1000,Buy,231944036
2024-08-15 14:09:38,17200.0,300,Buy,231944025
2024-08-15 14:09:38,17200.0,300,Buy,231944034
2024-08-15 14:09:38,17200.0,15000,Buy,231944023
2024-08-15 14:09:38,17200.0,10000,Buy,231944024
2024-08-15 14:09:38,17200.0,9800,Buy,231944012
2024-08-15 14:09:38,17200.0,500,Buy,231944013
2024-08-15 14:09:38,17200.0,1700,Buy,231944014
2024-08-15 14:09:38,17200.0,1500,Buy,231944015
2024-08-15 14:09:38,17200.0,10000,Buy,231944016
2024-08-15 14:09:38,17200.0,1000,Buy,231944033
2024-08-15 14:09:38,17200.0,2000,Buy,231944018
2024-08-15 14:09:38,17200.0,100,Buy,231944021
2024-08-15 14:09:38,17200.0,500,Buy,231944020
2024-08-15 14:09:38,17200.0,400,Buy,231944022
2024-08-15 14:09:38,17200.0,1000,Buy,231944019
2024-08-15 14:09:38,17200.0,1000,Buy,231944017
2024-08-15 14:09:40,17200.0,1400,Sell,231944071
2024-08-15 14:09:51,17200.0,500,Sell,231944315
2024-08-15 14:09:55,17200.0,1000,Sell,231944469
2024-08-15 14:10:04,17200.0,100,Sell,231944667
2024-08-15 14:10:07,17200.0,100,Sell,231944728
2024-08-15 14:10:10,17200.0,2000,Sell,231944809
2024-08-15 14:10:20,17200.0,500,Sell,231945092
2024-08-15 14:10:29,17200.0,2700,Sell,231945324
2024-08-15 14:10:38,17200.0,1700,Sell,231945587
2024-08-15 14:10:38,17200.0,400,Sell,231945588
2024-08-15 14:10:43,17200.0,1000,Buy,231945723
2024-08-15 14:10:51,17200.0,1000,Buy,231945945
2024-08-15 14:10:52,17150.0,100,Sell,231945978
2024-08-15 14:10:59,17200.0,1000,Buy,231946184
2024-08-15 14:11:03,17200.0,800,Buy,231946289
2024-08-15 14:12:57,17200.0,1000,Buy,231949301
2024-08-15 14:13:02,17200.0,100,Buy,231949411
2024-08-15 14:13:22,17150.0,100,Sell,231949880
2024-08-15 14:13:22,17150.0,1800,Sell,231949881
2024-08-15 14:13:29,17150.0,600,Sell,231950080
2024-08-15 14:14:28,17150.0,1700,Sell,231951667
2024-08-15 14:14:28,17150.0,300,Sell,231951668
2024-08-15 14:14:28,17150.0,200,Sell,231951669
2024-08-15 14:14:48,17150.0,100,Sell,231952176
2024-08-15 14:14:55,17150.0,700,Sell,231952404
2024-08-15 14:14:55,17150.0,1500,Sell,231952405
2024-08-15 14:14:55,17200.0,3900,Buy,231952402
2024-08-15 14:14:55,17200.0,1800,Buy,231952403
2024-08-15 14:15:00,17150.0,3800,Sell,231952615
2024-08-15 14:15:01,17150.0,1900,Sell,231952652
2024-08-15 14:15:03,17200.0,500,Buy,231952748
2024-08-15 14:15:12,17200.0,500,Buy,231953062
2024-08-15 14:15:15,17200.0,200,Buy,231953265
2024-08-15 14:15:15,17200.0,2200,Buy,231953258
2024-08-15 14:15:15,17200.0,1000,Buy,231953259
2024-08-15 14:15:15,17200.0,1000,Buy,231953260
2024-08-15 14:15:15,17200.0,700,Buy,231953261
2024-08-15 14:15:15,17200.0,400,Buy,231953262
2024-08-15 14:15:15,17200.0,100,Buy,231953263
2024-08-15 14:15:15,17200.0,100,Buy,231953264
2024-08-15 14:15:21,17200.0,500,Buy,231953506
2024-08-15 14:15:24,17200.0,400,Buy,231953607
2024-08-15 14:15:47,17150.0,300,Sell,231954178
2024-08-15 14:15:50,17200.0,1900,Buy,231954306
2024-08-15 14:15:50,17200.0,3500,Buy,231954307
2024-08-15 14:15:50,17200.0,300,Buy,231954308
2024-08-15 14:15:55,17200.0,500,Buy,231954448
2024-08-15 14:16:04,17200.0,500,Buy,231954688
2024-08-15 14:16:14,17200.0,500,Buy,231954936
2024-08-15 14:16:18,17200.0,300,Buy,231955051
2024-08-15 14:16:18,17200.0,100,Buy,231955050
2024-08-15 14:16:36,17200.0,1600,Buy,231955618
2024-08-15 14:16:36,17200.0,900,Buy,231955619
2024-08-15 14:16:36,17200.0,3200,Buy,231955620
2024-08-15 14:16:39,17200.0,600,Buy,231955719
2024-08-15 14:16:39,17200.0,100,Buy,231955723
2024-08-15 14:16:39,17200.0,1500,Buy,231955724
2024-08-15 14:16:42,17250.0,300,Buy,231955811
2024-08-15 14:16:42,17250.0,100,Buy,231955809
2024-08-15 14:16:42,17250.0,100,Buy,231955810
2024-08-15 14:16:50,17250.0,500,Buy,231956071
2024-08-15 14:16:50,17250.0,300,Buy,231956082
2024-08-15 14:16:50,17250.0,5000,Buy,231956073
2024-08-15 14:16:50,17250.0,400,Buy,231956074
2024-08-15 14:16:50,17250.0,500,Buy,231956075
2024-08-15 14:16:50,17250.0,200,Buy,231956076
2024-08-15 14:16:50,17250.0,800,Buy,231956077
2024-08-15 14:16:50,17250.0,100,Buy,231956078
2024-08-15 14:16:50,17250.0,100,Buy,231956079
2024-08-15 14:16:50,17250.0,200,Buy,231956080
2024-08-15 14:16:50,17250.0,500,Buy,231956081
2024-08-15 14:16:50,17250.0,100,Buy,231956083
2024-08-15 14:16:50,17250.0,500,Buy,231956092
2024-08-15 14:16:50,17250.0,100,Buy,231956085
2024-08-15 14:16:50,17250.0,300,Buy,231956086
2024-08-15 14:16:50,17250.0,2000,Buy,231956087
2024-08-15 14:16:50,17250.0,5000,Buy,231956088
2024-08-15 14:16:50,17250.0,100,Buy,231956089
2024-08-15 14:16:50,17250.0,500,Buy,231956090
2024-08-15 14:16:50,17250.0,100,Buy,231956091
2024-08-15 14:16:50,17250.0,100,Buy,231956070
2024-08-15 14:16:50,17250.0,3000,Buy,231956093
2024-08-15 14:16:50,17250.0,200,Buy,231956094
2024-08-15 14:16:50,17250.0,1700,Buy,231956095
2024-08-15 14:16:50,17250.0,500,Buy,231956101
2024-08-15 14:16:50,17250.0,100,Buy,231956084
2024-08-15 14:16:50,17250.0,12000,Buy,231956069
2024-08-15 14:16:50,17250.0,1000,Buy,231956072
2024-08-15 14:16:50,17250.0,10000,Buy,231956067
2024-08-15 14:16:50,17250.0,200,Buy,231956068
2024-08-15 14:16:50,17250.0,1000,Buy,231956041
2024-08-15 14:16:50,17250.0,200,Buy,231956042
2024-08-15 14:16:50,17250.0,100,Buy,231956043
2024-08-15 14:16:50,17250.0,1000,Buy,231956044
2024-08-15 14:16:50,17250.0,500,Buy,231956045
2024-08-15 14:16:50,17250.0,500,Buy,231956046
2024-08-15 14:16:50,17250.0,3000,Buy,231956047
2024-08-15 14:16:50,17250.0,1000,Buy,231956048
2024-08-15 14:16:50,17250.0,200,Buy,231956049
2024-08-15 14:16:50,17250.0,1000,Buy,231956050
2024-08-15 14:16:50,17250.0,100,Buy,231956051
2024-08-15 14:16:50,17250.0,2000,Buy,231956052
2024-08-15 14:16:50,17250.0,700,Buy,231956040
2024-08-15 14:16:50,17250.0,600,Buy,231956054
2024-08-15 14:16:50,17250.0,2000,Buy,231956066
2024-08-15 14:16:50,17250.0,3000,Buy,231956065
2024-08-15 14:16:50,17250.0,3000,Buy,231956053
2024-08-15 14:16:50,17250.0,10000,Buy,231956063
2024-08-15 14:16:50,17250.0,300,Buy,231956062
2024-08-15 14:16:50,17250.0,300,Buy,231956061
2024-08-15 14:16:50,17250.0,4100,Buy,231956064
2024-08-15 14:16:50,17250.0,1600,Buy,231956059
2024-08-15 14:16:50,17250.0,100,Buy,231956058
2024-08-15 14:16:50,17250.0,2500,Buy,231956057
2024-08-15 14:16:50,17250.0,10000,Buy,231956056
2024-08-15 14:16:50,17250.0,5000,Buy,231956055
2024-08-15 14:16:50,17250.0,100,Buy,231956060
2024-08-15 14:16:52,17200.0,800,Sell,231956138
2024-08-15 14:17:00,17200.0,200,Buy,231956409
2024-08-15 14:17:00,17250.0,300,Buy,231956410
2024-08-15 14:17:04,17250.0,400,Buy,231956539
2024-08-15 14:17:29,17250.0,500,Buy,231957275
2024-08-15 14:17:39,17250.0,1300,Buy,231957615
2024-08-15 14:17:39,17250.0,1000,Buy,231957614
2024-08-15 14:17:39,17250.0,100,Buy,231957599
2024-08-15 14:17:39,17250.0,400,Buy,231957612
2024-08-15 14:17:39,17250.0,400,Buy,231957598
2024-08-15 14:17:39,17250.0,3000,Buy,231957613
2024-08-15 14:17:48,17250.0,500,Buy,231957873
2024-08-15 14:17:50,17250.0,100,Buy,231957920
2024-08-15 14:17:51,17250.0,400,Buy,231957945
2024-08-15 14:18:09,17200.0,300,Sell,231958484
2024-08-15 14:18:09,17200.0,200,Sell,231958485
2024-08-15 14:18:15,17250.0,500,Buy,231958646
2024-08-15 14:18:24,17250.0,500,Buy,231958921
2024-08-15 14:18:24,17200.0,300,Sell,231958916
2024-08-15 14:18:24,17200.0,100,Sell,231958917
2024-08-15 14:18:34,17250.0,500,Buy,231959178
2024-08-15 14:18:35,17250.0,1200,Buy,231959290
2024-08-15 14:18:35,17250.0,4500,Buy,231959291
2024-08-15 14:18:37,17250.0,400,Buy,231959372
2024-08-15 14:18:42,17250.0,100,Buy,231959517
2024-08-15 14:18:50,17200.0,1900,Sell,231959831
2024-08-15 14:18:53,17250.0,500,Buy,231959895
2024-08-15 14:19:10,17250.0,1000,Buy,231960375
2024-08-15 14:19:18,17250.0,1000,Buy,231960678
2024-08-15 14:19:26,17250.0,1000,Buy,231960915
2024-08-15 14:19:29,17250.0,800,Buy,231961004
2024-08-15 14:19:39,17200.0,500,Sell,231961265
2024-08-15 14:19:51,17250.0,700,Buy,231961710
2024-08-15 14:19:51,17250.0,3800,Buy,231961711
2024-08-15 14:19:51,17250.0,500,Buy,231961712
2024-08-15 14:19:51,17250.0,700,Buy,231961713
2024-08-15 14:19:52,17250.0,1000,Buy,231961768
2024-08-15 14:19:58,17200.0,100,Sell,231961962
2024-08-15 14:20:00,17250.0,1000,Buy,231962033
2024-08-15 14:20:05,17200.0,500,Sell,231962165
2024-08-15 14:20:05,17200.0,300,Sell,231962163
2024-08-15 14:20:05,17200.0,200,Sell,231962164
2024-08-15 14:20:09,17250.0,1000,Buy,231962314
2024-08-15 14:20:12,17250.0,800,Buy,231962391
2024-08-15 14:20:27,17250.0,3800,Buy,231962815
2024-08-15 14:20:27,17250.0,3800,Buy,231962821
2024-08-15 14:20:27,17250.0,2000,Buy,231962820
2024-08-15 14:20:27,17250.0,5000,Buy,231962819
2024-08-15 14:20:27,17250.0,3800,Buy,231962818
2024-08-15 14:20:27,17250.0,1000,Buy,231962814
2024-08-15 14:20:27,17250.0,6200,Buy,231962817
2024-08-15 14:20:27,17250.0,500,Buy,231962812
2024-08-15 14:20:27,17250.0,10000,Buy,231962813
2024-08-15 14:20:27,17250.0,25500,Buy,231962805
2024-08-15 14:20:27,17250.0,3800,Buy,231962807
2024-08-15 14:20:27,17250.0,500,Buy,231962808
2024-08-15 14:20:27,17250.0,1600,Buy,231962816
2024-08-15 14:20:27,17250.0,400,Buy,231962810
2024-08-15 14:20:27,17250.0,2000,Buy,231962809
2024-08-15 14:20:27,17250.0,1000,Buy,231962811
2024-08-15 14:20:35,17250.0,200,Sell,231963065
2024-08-15 14:20:36,17300.0,1000,Buy,231963070
2024-08-15 14:20:45,17300.0,1000,Buy,231963443
2024-08-15 14:20:55,17300.0,1000,Buy,231963710
2024-08-15 14:20:58,17300.0,800,Buy,231963800
2024-08-15 14:21:09,17250.0,100,Sell,231964082
2024-08-15 14:21:14,17250.0,10000,Sell,231964227
2024-08-15 14:21:15,17250.0,100,Sell,231964259
2024-08-15 14:21:23,17300.0,1000,Buy,231964492
2024-08-15 14:21:26,17250.0,1000,Sell,231964548
2024-08-15 14:21:29,17250.0,9700,Sell,231964643
2024-08-15 14:21:29,17250.0,300,Sell,231964644
2024-08-15 14:21:29,17250.0,200,Sell,231964653
2024-08-15 14:21:32,17300.0,1000,Buy,231964708
2024-08-15 14:21:32,17250.0,100,Sell,231964715
2024-08-15 14:21:41,17250.0,1000,Buy,231964972
2024-08-15 14:21:44,17250.0,800,Buy,231965065
2024-08-15 14:22:08,17250.0,1000,Buy,231965890
2024-08-15 14:22:17,17250.0,1000,Buy,231966181
2024-08-15 14:22:25,17250.0,1000,Buy,231966462
2024-08-15 14:22:29,17250.0,200,Buy,231966560
2024-08-15 14:22:29,17250.0,100,Buy,231966558
2024-08-15 14:22:29,17250.0,500,Buy,231966559
2024-08-15 14:22:34,17250.0,300,Buy,231966699
2024-08-15 14:22:37,17200.0,500,Sell,231966823
2024-08-15 14:22:50,17200.0,100,Sell,231967258
2024-08-15 14:23:04,17250.0,1000,Buy,231967679
2024-08-15 14:23:05,17200.0,100,Sell,231967687
2024-08-15 14:23:12,17200.0,600,Sell,231967868
2024-08-15 14:23:12,17200.0,100,Sell,231967866
2024-08-15 14:23:12,17200.0,300,Sell,231967867
2024-08-15 14:23:12,17200.0,100,Sell,231967864
2024-08-15 14:23:12,17200.0,8800,Sell,231967863
2024-08-15 14:23:12,17250.0,1000,Buy,231967857
2024-08-15 14:23:12,17200.0,100,Sell,231967865
2024-08-15 14:23:21,17250.0,1000,Buy,231968136
2024-08-15 14:23:24,17250.0,800,Buy,231968191
2024-08-15 14:23:49,17250.0,700,Buy,231968985
2024-08-15 14:23:49,17250.0,300,Buy,231968986
2024-08-15 14:23:57,17250.0,700,Buy,231969229
2024-08-15 14:23:57,17250.0,300,Buy,231969230
2024-08-15 14:24:06,17250.0,200,Buy,231969536
2024-08-15 14:24:06,17250.0,800,Buy,231969537
2024-08-15 14:24:11,17250.0,500,Buy,231969653
2024-08-15 14:24:11,17250.0,300,Buy,231969654
2024-08-15 14:24:11,17250.0,800,Buy,231969639
2024-08-15 14:24:11,17250.0,2200,Buy,231969652
2024-08-15 14:24:36,17250.0,1000,Buy,231970402
2024-08-15 14:24:43,17250.0,600,Buy,231970699
2024-08-15 14:24:43,17250.0,200,Buy,231970700
2024-08-15 14:24:43,17250.0,200,Buy,231970701
2024-08-15 14:24:49,17250.0,200,Buy,231970981
2024-08-15 14:24:53,17200.0,1000,Buy,231971142
2024-08-15 14:24:53,17200.0,10000,Sell,231971118
2024-08-15 14:24:53,17200.0,20000,Sell,231971117
2024-08-15 14:24:53,17200.0,200,Sell,231971116
2024-08-15 14:24:53,17200.0,100,Sell,231971115
2024-08-15 14:24:53,17200.0,100,Sell,231971114
2024-08-15 14:24:53,17200.0,2000,Sell,231971113
2024-08-15 14:24:53,17200.0,200,Sell,231971111
2024-08-15 14:24:53,17200.0,3000,Sell,231971110
2024-08-15 14:24:53,17200.0,500,Sell,231971109
2024-08-15 14:24:53,17200.0,2000,Sell,231971108
2024-08-15 14:24:53,17200.0,600,Sell,231971107
2024-08-15 14:24:53,17200.0,10000,Sell,231971112
2024-08-15 14:24:56,17200.0,300,Buy,231971247
2024-08-15 14:24:56,17200.0,500,Buy,231971248
2024-08-15 14:24:57,17200.0,2000,Buy,231971291
2024-08-15 14:24:59,17200.0,1300,Buy,231971338
2024-08-15 14:24:59,17200.0,3800,Buy,231971337
2024-08-15 14:24:59,17200.0,1300,Buy,231971336
2024-08-15 14:25:17,17200.0,2000,Buy,231972101
2024-08-15 14:25:17,17200.0,3400,Buy,231972098
2024-08-15 14:25:17,17200.0,3800,Buy,231972099
2024-08-15 14:25:17,17200.0,3800,Buy,231972100
2024-08-15 14:25:21,17200.0,1000,Buy,231972238
2024-08-15 14:25:28,17200.0,800,Buy,231972466
2024-08-15 14:25:29,17200.0,400,Buy,231972540
2024-08-15 14:25:29,17200.0,600,Buy,231972541
2024-08-15 14:25:38,17200.0,1000,Buy,231972881
2024-08-15 14:25:41,17200.0,800,Buy,231972996
2024-08-15 14:25:43,17150.0,1000,Sell,231973082
2024-08-15 14:25:43,17150.0,900,Sell,231973083
2024-08-15 14:26:05,17150.0,5000,Sell,231974052
2024-08-15 14:26:07,17200.0,1000,Buy,231974083
2024-08-15 14:26:09,17200.0,100,Buy,231974193
2024-08-15 14:26:16,17200.0,1000,Buy,231974476
2024-08-15 14:26:18,17200.0,3100,Buy,231974528
2024-08-15 14:26:18,17200.0,200,Buy,231974529
2024-08-15 14:26:18,17200.0,200,Buy,231974530
2024-08-15 14:26:18,17200.0,1500,Buy,231974531
2024-08-15 14:26:24,17200.0,1000,Buy,231974770
2024-08-15 14:26:27,17200.0,800,Buy,231974919
2024-08-15 14:26:29,17200.0,1000,Buy,231974992
2024-08-15 14:26:43,17150.0,1900,Sell,231975522
2024-08-15 14:26:57,17200.0,500,Buy,231976046
2024-08-15 14:26:57,17150.0,100,Sell,231976064
2024-08-15 14:26:58,17150.0,2500,Sell,231976100
2024-08-15 14:27:04,17200.0,500,Buy,231976484
2024-08-15 14:27:12,17200.0,500,Buy,231976842
2024-08-15 14:27:13,17150.0,100,Sell,231976873
2024-08-15 14:27:15,17200.0,400,Buy,231976943
2024-08-15 14:27:39,17200.0,500,Buy,231977875
2024-08-15 14:27:39,17200.0,500,Buy,231977885
2024-08-15 14:27:44,17150.0,800,Sell,231978073
2024-08-15 14:27:47,17200.0,400,Buy,231978158
2024-08-15 14:27:47,17200.0,100,Buy,231978159
2024-08-15 14:27:55,17200.0,500,Buy,231978484
2024-08-15 14:27:59,17200.0,400,Buy,231978600
2024-08-15 14:28:09,17200.0,2900,Buy,231979011
2024-08-15 14:28:14,17200.0,100,Buy,231979212
2024-08-15 14:28:18,17150.0,2000,Sell,231979370
2024-08-15 14:28:21,17150.0,5000,Sell,231979547
2024-08-15 14:28:21,17200.0,500,Buy,231979537
2024-08-15 14:28:23,17200.0,500,Buy,231979577
2024-08-15 14:28:23,17200.0,600,Buy,231979578
2024-08-15 14:28:26,17150.0,200,Sell,231979681
2024-08-15 14:28:26,17150.0,100,Sell,231979680
2024-08-15 14:28:26,17150.0,1000,Sell,231979679
2024-08-15 14:28:26,17150.0,30000,Sell,231979678
2024-08-15 14:28:26,17150.0,200,Sell,231979677
2024-08-15 14:28:26,17150.0,3000,Sell,231979676
2024-08-15 14:28:26,17150.0,100,Sell,231979675
2024-08-15 14:28:26,17150.0,1000,Sell,231979672
2024-08-15 14:28:26,17150.0,1000,Sell,231979673
2024-08-15 14:28:26,17150.0,500,Sell,231979671
2024-08-15 14:28:26,17150.0,3000,Sell,231979670
2024-08-15 14:28:26,17150.0,5900,Sell,231979669
2024-08-15 14:28:26,17150.0,300,Sell,231979668
2024-08-15 14:28:26,17150.0,17700,Sell,231979667
2024-08-15 14:28:26,17150.0,10000,Sell,231979674
2024-08-15 14:28:35,17150.0,9000,Sell,231980062
2024-08-15 14:28:37,17150.0,7600,Sell,231980128
2024-08-15 14:28:38,17200.0,100,Buy,231980198
2024-08-15 14:28:38,17200.0,100,Buy,231980196
2024-08-15 14:28:38,17200.0,500,Buy,231980195
2024-08-15 14:28:38,17200.0,300,Buy,231980197
2024-08-15 14:28:39,17150.0,3200,Sell,231980295
2024-08-15 14:28:39,17150.0,4400,Sell,231980296
2024-08-15 14:28:40,17150.0,200,Sell,231980365
2024-08-15 14:28:40,17150.0,2400,Sell,231980372
2024-08-15 14:28:40,17150.0,1000,Sell,231980371
2024-08-15 14:28:40,17150.0,1300,Sell,231980370
2024-08-15 14:28:40,17150.0,100,Sell,231980364
2024-08-15 14:28:40,17150.0,100,Sell,231980369
2024-08-15 14:28:40,17150.0,100,Sell,231980362
2024-08-15 14:28:40,17150.0,100,Sell,231980361
2024-08-15 14:28:40,17150.0,300,Sell,231980360
2024-08-15 14:28:40,17150.0,200,Sell,231980359
2024-08-15 14:28:40,17150.0,1000,Sell,231980358
2024-08-15 14:28:40,17150.0,600,Sell,231980357
2024-08-15 14:28:40,17150.0,200,Sell,231980363
2024-08-15 14:28:42,17150.0,600,Sell,231980562
2024-08-15 14:28:42,17150.0,1000,Sell,231980563
2024-08-15 14:28:42,17150.0,100,Sell,231980564
2024-08-15 14:28:42,17150.0,900,Buy,231980566
2024-08-15 14:28:44,17150.0,2200,Buy,231980689
2024-08-15 14:28:46,17150.0,500,Buy,231980801
2024-08-15 14:28:47,17150.0,1000,Buy,231980921
2024-08-15 14:28:48,17150.0,1300,Buy,231980958
2024-08-15 14:28:57,17150.0,500,Sell,231981500
2024-08-15 14:28:58,17200.0,200,Buy,231981542
2024-08-15 14:28:58,17200.0,200,Buy,231981543
2024-08-15 14:28:58,17200.0,600,Buy,231981544
2024-08-15 14:29:03,17200.0,800,Buy,231981852
2024-08-15 14:29:10,17200.0,1000,Buy,231982304
2024-08-15 14:29:11,17150.0,5000,Sell,231982352
2024-08-15 14:29:23,17150.0,1000,Sell,231983026
2024-08-15 14:29:31,17200.0,1000,Buy,231983351
2024-08-15 14:29:33,17200.0,1000,Buy,231983427
2024-08-15 14:44:41,17100.0,446900,ATO/ATC,231984588
