time,price,volume,match_type,id
2024-08-21 09:14:38,17550.0,59900,ATO/ATC,233327213
2024-08-21 09:14:46,17550.0,1800,Sell,233327616
2024-08-21 09:15:19,17600.0,1000,Buy,233328629
2024-08-21 09:15:19,17600.0,2600,Buy,233328633
2024-08-21 09:15:19,17600.0,100,Buy,233328632
2024-08-21 09:15:19,17600.0,300,Buy,233328628
2024-08-21 09:15:19,17600.0,2000,Buy,233328630
2024-08-21 09:15:19,17600.0,11300,Buy,233328631
2024-08-21 09:15:42,17600.0,300,Buy,233329375
2024-08-21 09:15:49,17600.0,1000,Buy,233329797
2024-08-21 09:16:11,17600.0,1000,Buy,233330608
2024-08-21 09:16:13,17600.0,100,Buy,233330716
2024-08-21 09:16:13,17600.0,1900,Buy,233330717
2024-08-21 09:16:21,17600.0,3100,Buy,233330988
2024-08-21 09:16:21,17600.0,2000,Buy,233330989
2024-08-21 09:16:21,17600.0,1200,Buy,233330990
2024-08-21 09:16:21,17600.0,200,Buy,233330991
2024-08-21 09:16:21,17600.0,500,Buy,233330992
2024-08-21 09:16:21,17600.0,200,Buy,233330993
2024-08-21 09:16:50,17600.0,2800,Sell,233332058
2024-08-21 09:16:50,17600.0,3300,Sell,233332059
2024-08-21 09:16:59,17550.0,5000,Sell,233332540
2024-08-21 09:19:02,17550.0,200,Sell,233337665
2024-08-21 09:19:19,17600.0,1400,Buy,233338386
2024-08-21 09:19:30,17600.0,500,Buy,233338788
2024-08-21 09:19:52,17550.0,500,Sell,233339683
2024-08-21 09:19:52,17550.0,14800,Sell,233339695
2024-08-21 09:19:52,17550.0,1000,Sell,233339694
2024-08-21 09:19:52,17550.0,300,Sell,233339693
2024-08-21 09:19:52,17550.0,100,Sell,233339692
2024-08-21 09:19:52,17550.0,300,Sell,233339688
2024-08-21 09:19:52,17550.0,900,Sell,233339687
2024-08-21 09:19:52,17550.0,600,Sell,233339686
2024-08-21 09:19:52,17550.0,200,Sell,233339684
2024-08-21 09:19:52,17550.0,100,Sell,233339682
2024-08-21 09:19:52,17550.0,2700,Sell,233339685
2024-08-21 09:19:52,17550.0,1000,Sell,233339680
2024-08-21 09:19:52,17550.0,100,Sell,233339672
2024-08-21 09:19:52,17550.0,5000,Sell,233339674
2024-08-21 09:19:52,17550.0,200,Sell,233339675
2024-08-21 09:19:52,17550.0,100,Sell,233339676
2024-08-21 09:19:52,17550.0,1000,Sell,233339673
2024-08-21 09:19:52,17550.0,100,Sell,233339678
2024-08-21 09:19:52,17550.0,6000,Sell,233339671
2024-08-21 09:19:52,17550.0,1000,Sell,233339679
2024-08-21 09:19:52,17550.0,3000,Sell,233339677
2024-08-21 09:19:52,17550.0,1000,Sell,233339681
2024-08-21 09:19:55,17600.0,1000,Buy,233339803
2024-08-21 09:19:57,17550.0,200,Sell,233339858
2024-08-21 09:19:57,17550.0,3800,Sell,233339859
2024-08-21 09:20:07,17600.0,500,Buy,233340240
2024-08-21 09:20:07,17550.0,5000,Sell,233340203
2024-08-21 09:20:07,17600.0,1000,Buy,233340238
2024-08-21 09:20:07,17600.0,100,Buy,233340239
2024-08-21 09:20:21,17600.0,100,Buy,233340740
2024-08-21 09:20:23,17600.0,1900,Buy,233340793
2024-08-21 09:20:23,17600.0,200,Buy,233340794
2024-08-21 09:20:23,17600.0,5000,Buy,233340795
2024-08-21 09:20:23,17600.0,500,Buy,233340796
2024-08-21 09:20:23,17600.0,200,Buy,233340797
2024-08-21 09:20:23,17600.0,1000,Buy,233340798
2024-08-21 09:20:23,17600.0,5400,Buy,233340799
2024-08-21 09:20:23,17600.0,3600,Buy,233340792
2024-08-21 09:20:48,17600.0,1500,Buy,233341970
2024-08-21 09:20:48,17600.0,2000,Buy,233341969
2024-08-21 09:20:48,17600.0,1900,Buy,233341966
2024-08-21 09:20:48,17600.0,2000,Buy,233341967
2024-08-21 09:20:48,17600.0,600,Buy,233341965
2024-08-21 09:20:48,17600.0,2000,Buy,233341968
2024-08-21 09:20:59,17550.0,700,Sell,233342386
2024-08-21 09:20:59,17550.0,15000,Sell,233342387
2024-08-21 09:20:59,17550.0,2000,Sell,233342385
2024-08-21 09:20:59,17550.0,20700,Sell,233342388
2024-08-21 09:20:59,17550.0,100,Sell,233342383
2024-08-21 09:20:59,17550.0,100,Sell,233342382
2024-08-21 09:20:59,17550.0,200,Sell,233342384
2024-08-21 09:20:59,17550.0,11200,Sell,233342381
2024-08-21 09:21:04,17600.0,500,Buy,233342576
2024-08-21 09:23:04,17550.0,500,Sell,233347849
2024-08-21 09:23:13,17550.0,2000,Sell,233348262
2024-08-21 09:23:14,17550.0,100,Sell,233348293
2024-08-21 09:23:14,17550.0,500,Sell,233348292
2024-08-21 09:23:14,17550.0,500,Sell,233348291
2024-08-21 09:23:14,17550.0,6800,Sell,233348286
2024-08-21 09:23:14,17550.0,200,Sell,233348289
2024-08-21 09:23:14,17550.0,2500,Sell,233348288
2024-08-21 09:23:14,17550.0,15000,Sell,233348287
2024-08-21 09:23:14,17550.0,500,Sell,233348290
2024-08-21 09:23:23,17550.0,200,Buy,233348586
2024-08-21 09:23:27,17550.0,1500,Buy,233348755
2024-08-21 09:23:35,17550.0,3500,Buy,233349068
2024-08-21 09:23:36,17550.0,100,Buy,233349089
2024-08-21 09:24:40,17550.0,500,Buy,233351892
2024-08-21 09:24:44,17550.0,3700,Buy,233352059
2024-08-21 09:24:44,17550.0,2000,Buy,233352060
2024-08-21 09:24:44,17550.0,4300,Buy,233352061
2024-08-21 09:24:49,17550.0,5700,Buy,233352346
2024-08-21 09:24:49,17550.0,1300,Buy,233352347
2024-08-21 09:24:50,17550.0,1900,Buy,233352380
2024-08-21 09:24:50,17550.0,1900,Buy,233352381
2024-08-21 09:24:50,17550.0,300,Buy,233352382
2024-08-21 09:24:50,17550.0,300,Buy,233352383
2024-08-21 09:24:50,17550.0,600,Buy,233352379
2024-08-21 09:24:51,17550.0,200,Buy,233352399
2024-08-21 09:24:55,17550.0,500,Buy,233352601
2024-08-21 09:24:58,17550.0,1000,Buy,233352722
2024-08-21 09:25:10,17550.0,900,Buy,233353270
2024-08-21 09:25:13,17550.0,500,Buy,233353407
2024-08-21 09:25:14,17550.0,200,Buy,233353438
2024-08-21 09:25:16,17550.0,800,Buy,233353526
2024-08-21 09:25:18,17550.0,10000,Buy,233353595
2024-08-21 09:25:18,17550.0,5600,Buy,233353594
2024-08-21 09:25:27,17550.0,6000,Sell,233354035
2024-08-21 09:25:28,17550.0,2700,Sell,233354124
2024-08-21 09:25:29,17550.0,200,Sell,233354155
2024-08-21 09:25:43,17550.0,25500,Sell,233354766
2024-08-21 09:25:43,17550.0,100,Sell,233354767
2024-08-21 09:26:08,17550.0,10000,Buy,233355836
2024-08-21 09:26:08,17550.0,1900,Buy,233355837
2024-08-21 09:26:15,17550.0,3000,Sell,233356113
2024-08-21 09:26:15,17550.0,1000,Sell,233356114
2024-08-21 09:26:22,17550.0,100,Buy,233356366
2024-08-21 09:26:30,17550.0,10000,Buy,233356715
2024-08-21 09:26:36,17550.0,100,Buy,233356931
2024-08-21 09:26:43,17550.0,1100,Buy,233357303
2024-08-21 09:26:49,17550.0,600,Buy,233357532
2024-08-21 09:26:54,17550.0,6000,Buy,233357708
2024-08-21 09:27:01,17550.0,5000,Buy,233357980
2024-08-21 09:27:05,17550.0,2600,Buy,233358135
2024-08-21 09:27:05,17550.0,400,Buy,233358136
2024-08-21 09:27:06,17550.0,100,Buy,233358140
2024-08-21 09:27:18,17550.0,100,Buy,233358619
2024-08-21 09:28:18,17550.0,4100,Buy,233361444
2024-08-21 09:28:18,17550.0,4500,Buy,233361443
2024-08-21 09:28:18,17550.0,1400,Buy,233361442
2024-08-21 09:28:26,17500.0,300,Sell,233361772
2024-08-21 09:29:18,17550.0,10000,Buy,233364398
2024-08-21 09:29:25,17550.0,4400,Buy,233364832
2024-08-21 09:29:28,17550.0,100,Buy,233364987
2024-08-21 09:29:29,17500.0,700,Sell,233365032
2024-08-21 09:29:29,17500.0,100,Sell,233365035
2024-08-21 09:29:29,17500.0,1200,Sell,233365036
2024-08-21 09:29:38,17550.0,400,Buy,233365470
2024-08-21 09:30:16,17550.0,10000,Buy,233367430
2024-08-21 09:30:27,17550.0,100,Buy,233367991
2024-08-21 09:30:29,17550.0,200,Buy,233368078
2024-08-21 09:30:30,17550.0,700,Buy,233368184
2024-08-21 09:30:30,17550.0,300,Buy,233368185
2024-08-21 09:30:33,17550.0,300,Buy,233368359
2024-08-21 09:30:37,17550.0,100,Buy,233368540
2024-08-21 09:30:38,17550.0,500,Buy,233368596
2024-08-21 09:30:44,17550.0,900,Buy,233368835
2024-08-21 09:30:44,17550.0,500,Buy,233368863
2024-08-21 09:30:44,17550.0,2700,Buy,233368839
2024-08-21 09:30:44,17550.0,700,Buy,233368834
2024-08-21 09:30:44,17550.0,1900,Buy,233368837
2024-08-21 09:30:44,17550.0,800,Buy,233368838
2024-08-21 09:30:44,17550.0,3000,Buy,233368836
2024-08-21 09:30:47,17550.0,100,Buy,233368963
2024-08-21 09:30:48,17550.0,9700,Buy,233369064
2024-08-21 09:30:48,17550.0,1900,Buy,233369065
2024-08-21 09:31:05,17550.0,200,Sell,233369679
2024-08-21 09:31:07,17550.0,500,Sell,233369811
2024-08-21 09:31:09,17550.0,100,Sell,233369951
2024-08-21 09:31:18,17550.0,2000,Sell,233370525
2024-08-21 09:31:24,17550.0,300,Sell,233370829
2024-08-21 09:31:24,17550.0,5300,Sell,233370868
2024-08-21 09:31:24,17550.0,400,Sell,233370869
2024-08-21 09:31:40,17550.0,2400,Sell,233371498
2024-08-21 09:31:40,17550.0,100,Sell,233371499
2024-08-21 09:31:40,17550.0,3200,Sell,233371500
2024-08-21 09:31:48,17550.0,1000,Sell,233371897
2024-08-21 09:31:48,17550.0,2000,Sell,233371896
2024-08-21 09:31:48,17550.0,3000,Sell,233371894
2024-08-21 09:31:48,17550.0,6800,Sell,233371892
2024-08-21 09:31:48,17550.0,300,Sell,233371895
2024-08-21 09:31:48,17550.0,200,Sell,233371893
2024-08-21 09:31:57,17550.0,12200,Buy,233372321
2024-08-21 09:31:57,17550.0,2800,Buy,233372322
2024-08-21 09:31:57,17550.0,2400,Buy,233372325
2024-08-21 09:32:09,17550.0,500,Buy,233372879
2024-08-21 09:32:12,17550.0,5200,Sell,233373059
2024-08-21 09:32:12,17550.0,500,Sell,233373060
2024-08-21 09:32:16,17550.0,4500,Sell,233373326
2024-08-21 09:32:18,17550.0,800,Buy,233373429
2024-08-21 09:32:30,17550.0,200,Sell,233374032
2024-08-21 09:32:30,17550.0,1300,Sell,233374033
2024-08-21 09:32:32,17550.0,5700,Buy,233374223
2024-08-21 09:32:36,17550.0,1500,Sell,233374526
2024-08-21 09:33:09,17550.0,2000,Sell,233376044
2024-08-21 09:33:10,17550.0,5700,Sell,233376138
2024-08-21 09:33:11,17550.0,10000,Sell,233376183
2024-08-21 09:33:15,17550.0,32000,Sell,233376435
2024-08-21 09:33:25,17550.0,8900,Sell,233376889
2024-08-21 09:33:25,17550.0,100,Sell,233376890
2024-08-21 09:33:25,17550.0,800,Sell,233376891
2024-08-21 09:33:25,17550.0,3000,Sell,233376892
2024-08-21 09:33:25,17550.0,100,Sell,233376907
2024-08-21 09:33:25,17550.0,2100,Sell,233376908
2024-08-21 09:33:34,17550.0,600,Buy,233377372
2024-08-21 09:33:44,17550.0,5000,Buy,233377844
2024-08-21 09:33:59,17550.0,400,Buy,233378277
2024-08-21 09:34:09,17550.0,4400,Buy,233378628
2024-08-21 09:34:21,17550.0,3000,Buy,233379031
2024-08-21 09:34:25,17550.0,900,Buy,233379131
2024-08-21 09:34:35,17550.0,100,Buy,233379456
2024-08-21 09:34:45,17550.0,5000,Buy,233379817
2024-08-21 09:34:53,17550.0,200,Buy,233380070
2024-08-21 09:34:57,17550.0,5700,Buy,233380219
2024-08-21 09:34:57,17550.0,1000,Buy,233380220
2024-08-21 09:34:57,17550.0,1900,Buy,233380221
2024-08-21 09:34:57,17550.0,1400,Buy,233380218
2024-08-21 09:35:24,17550.0,1900,Buy,233381429
2024-08-21 09:35:24,17550.0,1900,Buy,233381430
2024-08-21 09:35:24,17550.0,300,Buy,233381431
2024-08-21 09:35:44,17550.0,4000,Sell,233382042
2024-08-21 09:35:44,17550.0,1900,Sell,233382073
2024-08-21 09:35:44,17550.0,4000,Sell,233382074
2024-08-21 09:35:44,17550.0,1000,Sell,233382075
2024-08-21 09:36:09,17550.0,10000,Buy,233382893
2024-08-21 09:36:15,17550.0,200,Buy,233383164
2024-08-21 09:36:18,17550.0,1000,Buy,233383299
2024-08-21 09:36:20,17550.0,1000,Buy,233383359
2024-08-21 09:36:27,17550.0,2500,Buy,233383653
2024-08-21 09:36:29,17550.0,2000,Buy,233383690
2024-08-21 09:36:42,17550.0,600,Buy,233384054
2024-08-21 09:36:42,17550.0,1400,Buy,233384053
2024-08-21 09:36:54,17550.0,100,Buy,233384356
2024-08-21 09:36:55,17550.0,500,Buy,233384360
2024-08-21 09:36:57,17550.0,300,Buy,233384409
2024-08-21 09:36:57,17550.0,2500,Buy,233384410
2024-08-21 09:36:57,17550.0,5000,Buy,233384411
2024-08-21 09:36:57,17550.0,1900,Buy,233384412
2024-08-21 09:37:06,17550.0,300,Sell,233384697
2024-08-21 09:37:11,17550.0,1700,Buy,233384830
2024-08-21 09:37:11,17550.0,300,Buy,233384831
2024-08-21 09:37:16,17550.0,200,Buy,233385005
2024-08-21 09:37:26,17550.0,3000,Buy,233385329
2024-08-21 09:38:37,17550.0,3000,Buy,233387598
2024-08-21 09:38:40,17550.0,400,Buy,233387648
2024-08-21 09:39:01,17550.0,10000,Buy,233388137
2024-08-21 09:39:12,17500.0,100,Sell,233388414
2024-08-21 09:39:37,17550.0,2000,Buy,233389092
2024-08-21 09:39:52,17550.0,300,Buy,233389477
2024-08-21 09:40:14,17550.0,2000,Buy,233390105
2024-08-21 09:40:17,17550.0,100,Buy,233390192
2024-08-21 09:40:29,17500.0,1000,Sell,233390460
2024-08-21 09:40:38,17550.0,100,Buy,233390736
2024-08-21 09:41:30,17500.0,2000,Sell,233392152
2024-08-21 09:41:52,17500.0,4900,Sell,233392668
2024-08-21 09:41:58,17500.0,1000,Sell,233392858
2024-08-21 09:42:06,17500.0,500,Sell,233393062
2024-08-21 09:42:11,17500.0,100,Sell,233393212
2024-08-21 09:42:15,17500.0,3000,Sell,233393264
2024-08-21 09:42:39,17550.0,600,Buy,233393946
2024-08-21 09:42:39,17550.0,9400,Buy,233393947
2024-08-21 09:42:48,17500.0,300,Sell,233394166
2024-08-21 09:42:57,17500.0,200,Sell,233394376
2024-08-21 09:44:07,17550.0,200,Buy,233396331
2024-08-21 09:44:30,17550.0,100,Buy,233396998
2024-08-21 09:45:37,17550.0,100,Buy,233398800
2024-08-21 09:47:49,17500.0,800,Sell,233402192
2024-08-21 09:48:03,17500.0,100,Sell,233402523
2024-08-21 09:48:06,17550.0,200,Buy,233402630
2024-08-21 09:48:06,17550.0,1100,Buy,233402631
2024-08-21 09:49:12,17500.0,100,Sell,233404335
2024-08-21 09:49:15,17550.0,200,Buy,233404411
2024-08-21 09:49:28,17550.0,5400,Buy,233404669
2024-08-21 09:49:28,17550.0,2000,Buy,233404670
2024-08-21 09:49:28,17550.0,2000,Buy,233404671
2024-08-21 09:49:28,17550.0,600,Buy,233404672
2024-08-21 09:50:03,17550.0,10000,Buy,233405404
2024-08-21 09:50:34,17550.0,100,Buy,233406197
2024-08-21 09:50:40,17550.0,1000,Buy,233406300
2024-08-21 09:50:58,17550.0,1400,Buy,233406777
2024-08-21 09:51:18,17500.0,4700,Sell,233407268
2024-08-21 09:51:18,17500.0,1000,Sell,233407273
2024-08-21 09:51:46,17500.0,200,Sell,233407933
2024-08-21 09:52:03,17500.0,4600,Sell,233408311
2024-08-21 09:52:03,17500.0,500,Sell,233408310
2024-08-21 09:52:03,17500.0,1200,Sell,233408307
2024-08-21 09:52:03,17500.0,400,Sell,233408309
2024-08-21 09:52:03,17500.0,500,Sell,233408308
2024-08-21 09:52:03,17500.0,5000,Sell,233408306
2024-08-21 09:52:03,17500.0,2000,Sell,233408301
2024-08-21 09:52:03,17500.0,200,Sell,233408304
2024-08-21 09:52:03,17500.0,100,Sell,233408303
2024-08-21 09:52:03,17500.0,10000,Sell,233408302
2024-08-21 09:52:03,17500.0,5000,Sell,233408300
2024-08-21 09:52:03,17500.0,300,Sell,233408299
2024-08-21 09:52:03,17500.0,200,Sell,233408305
2024-08-21 09:52:45,17550.0,1000,Buy,233409487
2024-08-21 09:53:10,17550.0,1000,Buy,233410132
2024-08-21 09:53:33,17550.0,500,Buy,233410642
2024-08-21 09:53:34,17500.0,1500,Sell,233410675
2024-08-21 09:53:34,17500.0,500,Sell,233410673
2024-08-21 09:53:34,17500.0,100,Sell,233410672
2024-08-21 09:53:34,17500.0,100,Sell,233410674
2024-08-21 09:53:34,17500.0,2000,Sell,233410670
2024-08-21 09:53:34,17500.0,400,Sell,233410668
2024-08-21 09:53:34,17500.0,400,Sell,233410671
2024-08-21 09:53:34,17500.0,5000,Sell,233410669
2024-08-21 09:53:37,17550.0,2000,Buy,233410761
2024-08-21 09:54:15,17550.0,2000,Buy,233411635
2024-08-21 09:54:16,17550.0,10400,Buy,233411679
2024-08-21 09:54:16,17600.0,2000,Buy,233411700
2024-08-21 09:54:16,17600.0,50000,Buy,233411701
2024-08-21 09:54:16,17600.0,2000,Buy,233411702
2024-08-21 09:54:16,17600.0,1000,Buy,233411703
2024-08-21 09:54:16,17600.0,100,Buy,233411704
2024-08-21 09:54:16,17600.0,300,Buy,233411705
2024-08-21 09:54:16,17600.0,2000,Buy,233411706
2024-08-21 09:54:16,17600.0,1000,Buy,233411707
2024-08-21 09:54:16,17600.0,1000,Buy,233411708
2024-08-21 09:54:16,17600.0,2000,Buy,233411709
2024-08-21 09:54:16,17600.0,2000,Buy,233411710
2024-08-21 09:54:16,17600.0,2000,Buy,233411711
2024-08-21 09:54:16,17600.0,10000,Buy,233411714
2024-08-21 09:54:16,17600.0,2900,Buy,233411715
2024-08-21 09:54:16,17600.0,1000,Buy,233411699
2024-08-21 09:54:16,17600.0,2000,Buy,233411698
2024-08-21 09:54:16,17600.0,2000,Buy,233411713
2024-08-21 09:54:16,17550.0,3000,Buy,233411696
2024-08-21 09:54:16,17550.0,800,Buy,233411697
2024-08-21 09:54:16,17550.0,1000,Buy,233411680
2024-08-21 09:54:16,17550.0,2000,Buy,233411681
2024-08-21 09:54:16,17550.0,2000,Buy,233411682
2024-08-21 09:54:16,17550.0,500,Buy,233411683
2024-08-21 09:54:16,17550.0,4000,Buy,233411684
2024-08-21 09:54:16,17550.0,200,Buy,233411685
2024-08-21 09:54:16,17550.0,500,Buy,233411686
2024-08-21 09:54:16,17600.0,2000,Buy,233411712
2024-08-21 09:54:16,17550.0,300,Buy,233411688
2024-08-21 09:54:16,17550.0,10000,Buy,233411689
2024-08-21 09:54:16,17550.0,500,Buy,233411690
2024-08-21 09:54:16,17550.0,100,Buy,233411691
2024-08-21 09:54:16,17550.0,3000,Buy,233411687
2024-08-21 09:54:16,17550.0,1000,Buy,233411692
2024-08-21 09:54:16,17550.0,200,Buy,233411693
2024-08-21 09:54:16,17550.0,100,Buy,233411694
2024-08-21 09:54:16,17550.0,100,Buy,233411695
2024-08-21 09:54:41,17550.0,1500,Buy,233412266
2024-08-21 09:54:41,17550.0,1000,Buy,233412279
2024-08-21 09:54:44,17550.0,300,Buy,233412346
2024-08-21 09:54:51,17550.0,300,Buy,233412494
2024-08-21 09:54:53,17550.0,1500,Buy,233412517
2024-08-21 09:54:53,17550.0,1100,Buy,233412524
2024-08-21 09:54:53,17550.0,900,Buy,233412525
2024-08-21 09:54:54,17550.0,100,Buy,233412537
2024-08-21 09:55:19,17550.0,200,Sell,233413147
2024-08-21 09:55:19,17550.0,700,Sell,233413148
2024-08-21 09:55:19,17550.0,4800,Sell,233413146
2024-08-21 09:55:29,17550.0,1000,Sell,233413440
2024-08-21 09:56:04,17550.0,400,Sell,233414394
2024-08-21 09:56:04,17550.0,300,Sell,233414392
2024-08-21 09:56:04,17550.0,5000,Sell,233414393
2024-08-21 09:56:26,17550.0,1100,Sell,233414932
2024-08-21 09:56:26,17550.0,100,Sell,233414933
2024-08-21 09:56:26,17550.0,100,Sell,233414934
2024-08-21 09:56:26,17550.0,1000,Sell,233414935
2024-08-21 09:56:26,17550.0,2700,Sell,233414936
2024-08-21 09:56:32,17550.0,100,Sell,233415101
2024-08-21 09:56:41,17550.0,6700,Sell,233415288
2024-08-21 09:56:44,17550.0,300,Buy,233415420
2024-08-21 09:56:57,17550.0,3000,Buy,233415731
2024-08-21 09:56:58,17500.0,100,Sell,233415764
2024-08-21 09:57:00,17550.0,10000,Buy,233415792
2024-08-21 09:57:55,17550.0,10000,Buy,233417453
2024-08-21 09:58:08,17550.0,1000,Buy,233417933
2024-08-21 09:58:23,17550.0,1000,Buy,233418407
2024-08-21 09:58:24,17550.0,3000,Buy,233418426
2024-08-21 09:58:34,17550.0,100,Buy,233418679
2024-08-21 09:58:34,17550.0,1900,Buy,233418678
2024-08-21 09:58:41,17550.0,100,Buy,233418830
2024-08-21 09:58:41,17550.0,100,Buy,233418831
2024-08-21 09:58:46,17550.0,900,Buy,233418971
2024-08-21 09:58:46,17550.0,100,Buy,233418972
2024-08-21 09:58:48,17550.0,100,Buy,233419007
2024-08-21 09:59:00,17550.0,100,Buy,233419331
2024-08-21 09:59:19,17500.0,2200,Sell,233419880
2024-08-21 09:59:19,17500.0,1000,Sell,233419879
2024-08-21 09:59:19,17500.0,1000,Sell,233419878
2024-08-21 09:59:19,17500.0,300,Sell,233419877
2024-08-21 09:59:19,17500.0,400,Sell,233419876
2024-08-21 09:59:19,17500.0,100,Sell,233419875
2024-08-21 09:59:19,17500.0,10000,Sell,233419872
2024-08-21 09:59:19,17500.0,300,Sell,233419871
2024-08-21 09:59:19,17500.0,300,Sell,233419870
2024-08-21 09:59:19,17500.0,1000,Sell,233419874
2024-08-21 09:59:19,17500.0,100,Sell,233419868
2024-08-21 09:59:19,17500.0,300,Sell,233419869
2024-08-21 09:59:19,17500.0,500,Sell,233419860
2024-08-21 09:59:19,17500.0,100,Sell,233419861
2024-08-21 09:59:19,17500.0,3000,Sell,233419862
2024-08-21 09:59:19,17500.0,1000,Sell,233419863
2024-08-21 09:59:19,17500.0,1400,Sell,233419859
2024-08-21 09:59:19,17500.0,100,Sell,233419865
2024-08-21 09:59:19,17500.0,1000,Sell,233419866
2024-08-21 09:59:19,17500.0,2000,Sell,233419867
2024-08-21 09:59:19,17500.0,100,Sell,233419864
2024-08-21 09:59:19,17500.0,1000,Sell,233419873
2024-08-21 10:00:13,17500.0,800,Sell,233421680
2024-08-21 10:00:13,17500.0,1200,Sell,233421681
2024-08-21 10:01:21,17500.0,1000,Sell,233423427
2024-08-21 10:01:22,17550.0,100,Buy,233423653
2024-08-21 10:01:41,17550.0,400,Buy,233424134
2024-08-21 10:01:41,17550.0,200,Buy,233424135
2024-08-21 10:01:41,17550.0,100,Buy,233424136
2024-08-21 10:01:41,17550.0,1300,Buy,233424137
2024-08-21 10:01:42,17550.0,1000,Buy,233424217
2024-08-21 10:01:57,17550.0,100,Buy,233424687
2024-08-21 10:02:06,17550.0,800,Buy,233424930
2024-08-21 10:02:11,17550.0,1000,Buy,233425065
2024-08-21 10:03:06,17550.0,1000,Buy,233426582
2024-08-21 10:03:19,17550.0,200,Buy,233426955
2024-08-21 10:03:56,17550.0,4700,Buy,233428142
2024-08-21 10:04:19,17500.0,500,Sell,233428840
2024-08-21 10:05:54,17500.0,300,Sell,233432600
2024-08-21 10:06:12,17550.0,1000,Buy,233433361
2024-08-21 10:06:13,17500.0,1000,Sell,233433395
2024-08-21 10:06:13,17500.0,1000,Sell,233433396
2024-08-21 10:06:26,17550.0,6700,Buy,233433881
2024-08-21 10:06:26,17550.0,3800,Buy,233433879
2024-08-21 10:06:26,17550.0,4000,Buy,233433878
2024-08-21 10:06:26,17550.0,400,Buy,233433877
2024-08-21 10:06:26,17550.0,1000,Buy,233433880
2024-08-21 10:06:26,17550.0,3000,Buy,233433875
2024-08-21 10:06:26,17550.0,7000,Buy,233433874
2024-08-21 10:06:26,17550.0,5000,Buy,233433873
2024-08-21 10:06:26,17550.0,100,Buy,233433872
2024-08-21 10:06:26,17550.0,400,Buy,233433871
2024-08-21 10:06:26,17550.0,18600,Buy,233433876
2024-08-21 10:06:28,17550.0,1000,Buy,233433980
2024-08-21 10:06:32,17550.0,2300,Buy,233434101
2024-08-21 10:06:32,17550.0,2700,Buy,233434102
2024-08-21 10:06:33,17550.0,500,Buy,233434156
2024-08-21 10:06:36,17550.0,500,Buy,233434262
2024-08-21 10:06:37,17550.0,1000,Buy,233434339
2024-08-21 10:06:39,17550.0,100,Buy,233434408
2024-08-21 10:06:45,17550.0,900,Buy,233434652
2024-08-21 10:06:49,17600.0,27100,Buy,233434795
2024-08-21 10:06:49,17600.0,1000,Buy,233434796
2024-08-21 10:06:49,17600.0,100,Buy,233434797
2024-08-21 10:06:49,17600.0,1000,Buy,233434798
2024-08-21 10:07:35,17550.0,1400,Sell,233436312
2024-08-21 10:07:54,17600.0,200,Buy,233436922
2024-08-21 10:07:54,17600.0,400,Buy,233436923
2024-08-21 10:07:54,17600.0,1400,Buy,233436924
2024-08-21 10:08:02,17600.0,2000,Buy,233437164
2024-08-21 10:08:07,17600.0,500,Buy,233437288
2024-08-21 10:08:07,17600.0,1600,Buy,233437287
2024-08-21 10:08:07,17600.0,1900,Buy,233437309
2024-08-21 10:08:07,17600.0,300,Buy,233437308
2024-08-21 10:08:07,17600.0,3000,Buy,233437307
2024-08-21 10:08:07,17600.0,900,Buy,233437306
2024-08-21 10:08:07,17600.0,100,Buy,233437305
2024-08-21 10:08:07,17600.0,500,Buy,233437304
2024-08-21 10:08:07,17600.0,100,Buy,233437302
2024-08-21 10:08:07,17600.0,5000,Buy,233437301
2024-08-21 10:08:07,17600.0,100,Buy,233437300
2024-08-21 10:08:07,17600.0,100,Buy,233437303
2024-08-21 10:08:07,17600.0,100,Buy,233437298
2024-08-21 10:08:07,17600.0,300,Buy,233437289
2024-08-21 10:08:07,17600.0,5000,Buy,233437299
2024-08-21 10:08:07,17600.0,1000,Buy,233437291
2024-08-21 10:08:07,17600.0,2000,Buy,233437292
2024-08-21 10:08:07,17600.0,500,Buy,233437293
2024-08-21 10:08:07,17600.0,1000,Buy,233437290
2024-08-21 10:08:07,17600.0,1000,Buy,233437295
2024-08-21 10:08:07,17600.0,100,Buy,233437296
2024-08-21 10:08:07,17600.0,600,Buy,233437297
2024-08-21 10:08:07,17600.0,500,Buy,233437294
2024-08-21 10:08:19,17600.0,500,Sell,233437792
2024-08-21 10:08:25,17600.0,700,Sell,233437983
2024-08-21 10:08:38,17600.0,500,Sell,233438463
2024-08-21 10:08:47,17650.0,200,Buy,233438863
2024-08-21 10:08:55,17650.0,5000,Buy,233439144
2024-08-21 10:08:55,17650.0,1500,Buy,233439147
2024-08-21 10:08:55,17650.0,100,Buy,233439146
2024-08-21 10:08:55,17650.0,500,Buy,233439143
2024-08-21 10:08:55,17650.0,200,Buy,233439145
2024-08-21 10:08:55,17650.0,500,Buy,233439141
2024-08-21 10:08:55,17650.0,1700,Buy,233439138
2024-08-21 10:08:55,17650.0,100,Buy,233439140
2024-08-21 10:08:55,17650.0,4900,Buy,233439139
2024-08-21 10:08:55,17650.0,500,Buy,233439142
2024-08-21 10:09:05,17650.0,500,Buy,233439476
2024-08-21 10:09:05,17650.0,100,Buy,233439477
2024-08-21 10:09:05,17650.0,400,Buy,233439478
2024-08-21 10:09:20,17650.0,500,Buy,233439942
2024-08-21 10:09:32,17650.0,500,Buy,233440405
2024-08-21 10:09:43,17650.0,600,Buy,233440713
2024-08-21 10:10:16,17650.0,1000,Buy,233441729
2024-08-21 10:10:19,17650.0,4600,Buy,233441815
2024-08-21 10:10:19,17650.0,500,Buy,233441814
2024-08-21 10:10:19,17650.0,100,Buy,233441812
2024-08-21 10:10:19,17650.0,1000,Buy,233441813
2024-08-21 10:10:19,17650.0,500,Buy,233441810
2024-08-21 10:10:19,17650.0,200,Buy,233441809
2024-08-21 10:10:19,17650.0,1000,Buy,233441808
2024-08-21 10:10:19,17650.0,2000,Buy,233441807
2024-08-21 10:10:19,17650.0,100,Buy,233441811
2024-08-21 10:10:25,17650.0,100,Buy,233441938
2024-08-21 10:10:32,17650.0,500,Buy,233442136
2024-08-21 10:10:37,17650.0,1000,Buy,233442373
2024-08-21 10:10:41,17650.0,500,Buy,233442468
2024-08-21 10:10:46,17650.0,2000,Buy,233442636
2024-08-21 10:11:18,17650.0,100,Buy,233443744
2024-08-21 10:11:22,17650.0,600,Buy,233443973
2024-08-21 10:11:22,17650.0,2400,Buy,233443972
2024-08-21 10:11:22,17650.0,4000,Buy,233443971
2024-08-21 10:11:22,17650.0,400,Buy,233443966
2024-08-21 10:11:22,17650.0,1000,Buy,233443969
2024-08-21 10:11:22,17650.0,100,Buy,233443968
2024-08-21 10:11:22,17650.0,100,Buy,233443967
2024-08-21 10:11:22,17650.0,1000,Buy,233443974
2024-08-21 10:11:22,17650.0,500,Buy,233443965
2024-08-21 10:11:22,17650.0,100,Buy,233443970
2024-08-21 10:11:22,17650.0,500,Buy,233443958
2024-08-21 10:11:22,17650.0,1200,Buy,233443949
2024-08-21 10:11:22,17650.0,1000,Buy,233443950
2024-08-21 10:11:22,17650.0,100,Buy,233443951
2024-08-21 10:11:22,17650.0,5000,Buy,233443952
2024-08-21 10:11:22,17650.0,4600,Buy,233443964
2024-08-21 10:11:22,17650.0,600,Buy,233443954
2024-08-21 10:11:22,17650.0,100,Buy,233443955
2024-08-21 10:11:22,17650.0,100,Buy,233443956
2024-08-21 10:11:22,17650.0,1100,Buy,233443957
2024-08-21 10:11:22,17650.0,500,Buy,233443953
2024-08-21 10:11:32,17650.0,100,Buy,233444296
2024-08-21 10:11:34,17650.0,1600,Buy,233444609
2024-08-21 10:11:34,17650.0,1900,Buy,233444607
2024-08-21 10:11:34,17650.0,5000,Buy,233444606
2024-08-21 10:11:34,17650.0,100,Buy,233444604
2024-08-21 10:11:34,17650.0,100,Buy,233444603
2024-08-21 10:11:34,17650.0,3000,Buy,233444608
2024-08-21 10:11:34,17650.0,15000,Buy,233444601
2024-08-21 10:11:34,17650.0,500,Buy,233444602
2024-08-21 10:11:34,17650.0,1800,Buy,233444597
2024-08-21 10:11:34,17650.0,100,Buy,233444598
2024-08-21 10:11:34,17650.0,500,Buy,233444605
2024-08-21 10:11:34,17650.0,1900,Buy,233444600
2024-08-21 10:11:34,17650.0,500,Buy,233444599
2024-08-21 10:11:47,17650.0,2200,Buy,233444948
2024-08-21 10:11:47,17650.0,10000,Buy,233444949
2024-08-21 10:11:47,17650.0,1000,Buy,233444950
2024-08-21 10:11:48,17650.0,11800,Sell,233444974
2024-08-21 10:11:49,17650.0,1000,Buy,233445026
2024-08-21 10:11:50,17650.0,1000,Sell,233445032
2024-08-21 10:12:09,17650.0,400,Buy,233445566
2024-08-21 10:12:10,17650.0,100,Sell,233445581
2024-08-21 10:12:33,17600.0,200,Sell,233446085
2024-08-21 10:13:32,17650.0,1000,Buy,233447711
2024-08-21 10:13:32,17650.0,100,Buy,233447712
2024-08-21 10:13:32,17650.0,100,Buy,233447713
2024-08-21 10:13:32,17650.0,800,Buy,233447714
2024-08-21 10:13:45,17650.0,500,Buy,233447934
2024-08-21 10:15:11,17600.0,28100,Sell,233450022
2024-08-21 10:15:11,17600.0,21900,Sell,233450021
2024-08-21 10:15:12,17600.0,2000,Sell,233450063
2024-08-21 10:15:12,17600.0,171900,Sell,233450060
2024-08-21 10:15:12,17600.0,1000,Sell,233450062
2024-08-21 10:15:50,17600.0,1000,Sell,233450985
2024-08-21 10:15:52,17650.0,2000,Buy,233451045
2024-08-21 10:16:20,17600.0,100,Sell,233451813
2024-08-21 10:16:20,17600.0,1000,Sell,233451814
2024-08-21 10:16:20,17600.0,500,Sell,233451815
2024-08-21 10:16:20,17600.0,500,Sell,233451816
2024-08-21 10:16:56,17600.0,3500,Buy,233452775
2024-08-21 10:17:08,17600.0,500,Buy,233453085
2024-08-21 10:17:24,17600.0,400,Buy,233453636
2024-08-21 10:17:24,17600.0,600,Buy,233453637
2024-08-21 10:17:48,17600.0,5000,Buy,233454249
2024-08-21 10:17:53,17600.0,1000,Buy,233454367
2024-08-21 10:18:26,17600.0,4000,Buy,233455128
2024-08-21 10:18:39,17600.0,15000,Buy,233455504
2024-08-21 10:18:39,17600.0,3000,Buy,233455505
2024-08-21 10:18:39,17600.0,1500,Buy,233455503
2024-08-21 10:18:39,17600.0,1900,Buy,233455501
2024-08-21 10:18:39,17600.0,9400,Buy,233455500
2024-08-21 10:18:39,17600.0,1900,Buy,233455502
2024-08-21 10:18:50,17650.0,1000,Buy,233455762
2024-08-21 10:18:50,17600.0,100,Sell,233455839
2024-08-21 10:19:13,17600.0,100,Sell,233456536
2024-08-21 10:19:17,17600.0,67100,Sell,233456706
2024-08-21 10:19:17,17600.0,5000,Sell,233456707
2024-08-21 10:19:17,17600.0,500,Sell,233456708
2024-08-21 10:19:18,17600.0,5000,Buy,233456718
2024-08-21 10:19:27,17600.0,5500,Buy,233456913
2024-08-21 10:19:27,17600.0,1000,Buy,233456927
2024-08-21 10:19:57,17600.0,5000,Buy,233457671
2024-08-21 10:20:00,17600.0,5000,Buy,233457747
2024-08-21 10:20:01,17600.0,5900,Buy,233457777
2024-08-21 10:20:01,17600.0,14100,Buy,233457778
2024-08-21 10:20:08,17600.0,5000,Buy,233457924
2024-08-21 10:20:28,17600.0,100,Buy,233458367
2024-08-21 10:20:33,17600.0,5000,Buy,233458543
2024-08-21 10:20:36,17600.0,500,Buy,233458629
2024-08-21 10:20:36,17600.0,300,Sell,233458630
2024-08-21 10:20:36,17600.0,5800,Buy,233458627
2024-08-21 10:20:36,17600.0,4200,Buy,233458628
2024-08-21 10:20:54,17600.0,2000,Sell,233459206
2024-08-21 10:20:54,17600.0,29200,Sell,233459205
2024-08-21 10:21:20,17600.0,12000,Buy,233459838
2024-08-21 10:21:33,17600.0,6800,Buy,233460140
2024-08-21 10:21:33,17600.0,1200,Buy,233460141
2024-08-21 10:21:33,17600.0,2000,Buy,233460142
2024-08-21 10:21:34,17600.0,1900,Buy,233460160
2024-08-21 10:21:34,17600.0,6500,Buy,233460161
2024-08-21 10:21:41,17600.0,500,Buy,233460282
2024-08-21 10:21:48,17600.0,100,Buy,233460460
2024-08-21 10:21:50,17600.0,3800,Buy,233460493
2024-08-21 10:21:59,17600.0,200,Buy,233460802
2024-08-21 10:22:01,17600.0,500,Buy,233460820
2024-08-21 10:22:02,17600.0,100,Buy,233460906
2024-08-21 10:22:12,17600.0,8000,Buy,233461218
2024-08-21 10:22:17,17600.0,200,Buy,233461348
2024-08-21 10:22:20,17600.0,3000,Buy,233461410
2024-08-21 10:22:27,17600.0,200,Buy,233461519
2024-08-21 10:22:27,17600.0,900,Buy,233461520
2024-08-21 10:22:31,17600.0,1000,Buy,233461590
2024-08-21 10:22:31,17600.0,1800,Buy,233461591
2024-08-21 10:22:40,17600.0,8200,Buy,233461806
2024-08-21 10:22:40,17600.0,1800,Buy,233461807
2024-08-21 10:23:18,17600.0,200,Buy,233462635
2024-08-21 10:24:30,17600.0,20000,Buy,233464366
2024-08-21 10:25:09,17600.0,10000,Buy,233465352
2024-08-21 10:26:16,17600.0,4000,Buy,233467323
2024-08-21 10:26:16,17600.0,1900,Buy,233467336
2024-08-21 10:26:16,17600.0,4100,Buy,233467337
2024-08-21 10:26:32,17600.0,5000,Buy,233467869
2024-08-21 10:27:21,17600.0,200,Buy,233469380
2024-08-21 10:27:29,17600.0,5000,Buy,233469636
2024-08-21 10:27:44,17600.0,10000,Buy,233470136
2024-08-21 10:27:48,17600.0,3500,Buy,233470192
2024-08-21 10:28:12,17600.0,17900,Buy,233470717
2024-08-21 10:28:14,17600.0,1000,Buy,233470762
2024-08-21 10:28:38,17600.0,200,Buy,233471456
2024-08-21 10:29:05,17600.0,100,Buy,233472640
2024-08-21 10:29:05,17600.0,1900,Buy,233472641
2024-08-21 10:29:05,17600.0,300,Buy,233472642
2024-08-21 10:29:05,17600.0,100,Buy,233472643
2024-08-21 10:29:05,17600.0,2000,Buy,233472644
2024-08-21 10:29:05,17600.0,300,Buy,233472645
2024-08-21 10:29:05,17600.0,300,Buy,233472646
2024-08-21 10:29:21,17600.0,200,Buy,233473100
2024-08-21 10:29:26,17600.0,100,Buy,233473290
2024-08-21 10:29:26,17600.0,1400,Buy,233473288
2024-08-21 10:29:26,17600.0,500,Buy,233473289
2024-08-21 10:29:44,17550.0,3000,Sell,233473933
2024-08-21 10:29:44,17550.0,1000,Sell,233473946
2024-08-21 10:29:44,17550.0,100,Sell,233473945
2024-08-21 10:29:44,17550.0,1000,Sell,233473944
2024-08-21 10:29:44,17550.0,100,Sell,233473943
2024-08-21 10:29:44,17550.0,100,Sell,233473942
2024-08-21 10:29:44,17550.0,100,Sell,233473941
2024-08-21 10:29:44,17550.0,20000,Sell,233473939
2024-08-21 10:29:44,17550.0,15000,Sell,233473938
2024-08-21 10:29:44,17550.0,3000,Sell,233473937
2024-08-21 10:29:44,17550.0,100,Sell,233473936
2024-08-21 10:29:44,17550.0,500,Sell,233473935
2024-08-21 10:29:44,17550.0,1000,Sell,233473934
2024-08-21 10:29:44,17550.0,1000,Sell,233473932
2024-08-21 10:29:44,17550.0,100,Sell,233473940
2024-08-21 10:29:44,17550.0,100,Sell,233473930
2024-08-21 10:29:44,17550.0,500,Sell,233473918
2024-08-21 10:29:44,17550.0,1000,Sell,233473919
2024-08-21 10:29:44,17550.0,100,Sell,233473920
2024-08-21 10:29:44,17550.0,100,Sell,233473921
2024-08-21 10:29:44,17550.0,200,Sell,233473922
2024-08-21 10:29:44,17550.0,400,Sell,233473923
2024-08-21 10:29:44,17550.0,2000,Sell,233473931
2024-08-21 10:29:44,17550.0,100,Sell,233473924
2024-08-21 10:29:44,17550.0,100,Sell,233473925
2024-08-21 10:29:44,17550.0,5000,Sell,233473926
2024-08-21 10:29:44,17550.0,500,Sell,233473927
2024-08-21 10:29:44,17550.0,100,Sell,233473928
2024-08-21 10:29:44,17550.0,100,Sell,233473929
2024-08-21 10:29:44,17550.0,4200,Sell,233473917
2024-08-21 10:30:29,17550.0,200,Sell,233475424
2024-08-21 10:30:30,17550.0,300,Sell,233475437
2024-08-21 10:30:42,17550.0,200,Sell,233475831
2024-08-21 10:30:57,17550.0,2400,Buy,233476492
2024-08-21 10:31:05,17550.0,100,Buy,233476760
2024-08-21 10:31:06,17550.0,1900,Buy,233476832
2024-08-21 10:31:06,17550.0,2300,Buy,233476830
2024-08-21 10:31:06,17550.0,10000,Buy,233476831
2024-08-21 10:31:07,17550.0,800,Sell,233476866
2024-08-21 10:31:17,17500.0,200,Sell,233477202
2024-08-21 10:31:17,17500.0,200,Sell,233477203
2024-08-21 10:31:17,17500.0,200,Sell,233477204
2024-08-21 10:31:17,17500.0,100,Sell,233477205
2024-08-21 10:31:17,17500.0,2000,Sell,233477206
2024-08-21 10:31:17,17500.0,100,Sell,233477208
2024-08-21 10:31:17,17500.0,200,Sell,233477209
2024-08-21 10:31:17,17500.0,200,Sell,233477210
2024-08-21 10:31:17,17500.0,10000,Sell,233477212
2024-08-21 10:31:17,17500.0,100,Sell,233477213
2024-08-21 10:31:17,17500.0,500,Sell,233477214
2024-08-21 10:31:17,17500.0,1000,Sell,233477215
2024-08-21 10:31:17,17500.0,10100,Sell,233477216
2024-08-21 10:31:17,17500.0,100,Sell,233477201
2024-08-21 10:31:17,17500.0,500,Sell,233477211
2024-08-21 10:31:17,17500.0,8700,Sell,233477217
2024-08-21 10:31:17,17500.0,100,Sell,233477200
2024-08-21 10:31:17,17500.0,100,Sell,233477198
2024-08-21 10:31:17,17500.0,300,Sell,233477199
2024-08-21 10:31:17,17550.0,2900,Sell,233477183
2024-08-21 10:31:17,17500.0,700,Sell,233477184
2024-08-21 10:31:17,17500.0,100,Sell,233477186
2024-08-21 10:31:17,17500.0,500,Sell,233477187
2024-08-21 10:31:17,17500.0,6200,Sell,233477188
2024-08-21 10:31:17,17500.0,100,Sell,233477189
2024-08-21 10:31:17,17500.0,800,Sell,233477185
2024-08-21 10:31:17,17500.0,100,Sell,233477191
2024-08-21 10:31:17,17500.0,100,Sell,233477192
2024-08-21 10:31:17,17500.0,100,Sell,233477193
2024-08-21 10:31:17,17500.0,2000,Sell,233477194
2024-08-21 10:31:17,17500.0,600,Sell,233477195
2024-08-21 10:31:17,17500.0,100,Sell,233477196
2024-08-21 10:31:17,17500.0,800,Sell,233477190
2024-08-21 10:31:17,17500.0,200,Sell,233477197
2024-08-21 10:31:43,17500.0,5000,Sell,233478431
2024-08-21 10:31:43,17500.0,200,Sell,233478430
2024-08-21 10:31:43,17500.0,1000,Sell,233478429
2024-08-21 10:31:43,17500.0,1000,Sell,233478428
2024-08-21 10:31:43,17500.0,2000,Sell,233478422
2024-08-21 10:31:43,17500.0,5000,Sell,233478426
2024-08-21 10:31:43,17500.0,5000,Sell,233478424
2024-08-21 10:31:43,17500.0,1000,Sell,233478432
2024-08-21 10:31:43,17500.0,100,Sell,233478427
2024-08-21 10:31:43,17500.0,100,Sell,233478433
2024-08-21 10:31:43,17500.0,500,Sell,233478442
2024-08-21 10:31:43,17500.0,1000,Sell,233478435
2024-08-21 10:31:43,17500.0,500,Sell,233478436
2024-08-21 10:31:43,17500.0,100,Sell,233478437
2024-08-21 10:31:43,17500.0,200,Sell,233478438
2024-08-21 10:31:43,17500.0,100,Sell,233478439
2024-08-21 10:31:43,17500.0,500,Sell,233478440
2024-08-21 10:31:43,17500.0,100,Sell,233478441
2024-08-21 10:31:43,17500.0,8700,Sell,233478443
2024-08-21 10:31:43,17500.0,1000,Sell,233478444
2024-08-21 10:31:43,17500.0,200,Sell,233478445
2024-08-21 10:31:43,17500.0,500,Sell,233478434
2024-08-21 10:31:43,17500.0,400,Sell,233478418
2024-08-21 10:31:43,17500.0,300,Sell,233478425
2024-08-21 10:31:43,17500.0,500,Sell,233478416
2024-08-21 10:31:43,17500.0,10000,Sell,233478417
2024-08-21 10:31:43,17500.0,1400,Sell,233478394
2024-08-21 10:31:43,17500.0,1000,Sell,233478395
2024-08-21 10:31:43,17500.0,100,Sell,233478396
2024-08-21 10:31:43,17500.0,10000,Sell,233478397
2024-08-21 10:31:43,17500.0,100,Sell,233478398
2024-08-21 10:31:43,17500.0,10000,Sell,233478399
2024-08-21 10:31:43,17500.0,100,Sell,233478400
2024-08-21 10:31:43,17500.0,100,Sell,233478401
2024-08-21 10:31:43,17500.0,100,Sell,233478402
2024-08-21 10:31:43,17500.0,200,Sell,233478403
2024-08-21 10:31:43,17500.0,500,Sell,233478404
2024-08-21 10:31:43,17500.0,1000,Sell,233478423
2024-08-21 10:31:43,17500.0,100,Sell,233478406
2024-08-21 10:31:43,17500.0,2000,Sell,233478415
2024-08-21 10:31:43,17500.0,500,Sell,233478414
2024-08-21 10:31:43,17500.0,500,Sell,233478413
2024-08-21 10:31:43,17500.0,100,Sell,233478412
2024-08-21 10:31:43,17500.0,5000,Sell,233478405
2024-08-21 10:31:43,17500.0,700,Sell,233478410
2024-08-21 10:31:43,17500.0,6000,Sell,233478409
2024-08-21 10:31:43,17500.0,100,Sell,233478408
2024-08-21 10:31:43,17500.0,100,Sell,233478407
2024-08-21 10:31:43,17500.0,300,Sell,233478411
2024-08-21 10:33:04,17500.0,2300,Sell,233482085
2024-08-21 10:33:04,17500.0,500,Sell,233482084
2024-08-21 10:33:04,17500.0,100,Sell,233482083
2024-08-21 10:33:04,17500.0,1000,Sell,233482082
2024-08-21 10:33:04,17500.0,1000,Sell,233482081
2024-08-21 10:33:04,17500.0,100,Sell,233482080
2024-08-21 10:33:50,17500.0,300,Sell,233483925
2024-08-21 10:33:50,17500.0,700,Sell,233483924
2024-08-21 10:34:00,17500.0,1000,Sell,233484470
2024-08-21 10:34:03,17500.0,8700,Sell,233484633
2024-08-21 10:34:03,17500.0,400,Sell,233484634
2024-08-21 10:34:03,17500.0,500,Sell,233484635
2024-08-21 10:34:03,17500.0,400,Sell,233484636
2024-08-21 10:34:04,17500.0,400,Sell,233484680
2024-08-21 10:34:04,17500.0,500,Sell,233484679
2024-08-21 10:34:04,17500.0,100,Sell,233484678
2024-08-21 10:34:04,17500.0,100,Sell,233484677
2024-08-21 10:34:04,17500.0,100,Sell,233484676
2024-08-21 10:34:04,17500.0,100,Sell,233484674
2024-08-21 10:34:04,17500.0,1000,Sell,233484673
2024-08-21 10:34:04,17500.0,100,Sell,233484672
2024-08-21 10:34:04,17500.0,100,Sell,233484671
2024-08-21 10:34:04,17500.0,500,Sell,233484675
2024-08-21 10:34:34,17500.0,200,Sell,233486088
2024-08-21 10:34:34,17500.0,2000,Sell,233486089
2024-08-21 10:34:34,17500.0,200,Sell,233486090
2024-08-21 10:34:34,17500.0,600,Sell,233486091
2024-08-21 10:34:52,17500.0,300,Sell,233487007
2024-08-21 10:34:52,17500.0,200,Sell,233487008
2024-08-21 10:34:52,17500.0,100,Sell,233487009
2024-08-21 10:34:52,17500.0,400,Sell,233487010
2024-08-21 10:34:56,17500.0,1200,Sell,233487180
2024-08-21 10:34:56,17500.0,200,Sell,233487179
2024-08-21 10:34:56,17500.0,100,Sell,233487178
2024-08-21 10:34:56,17500.0,1600,Sell,233487176
2024-08-21 10:34:56,17500.0,900,Sell,233487177
2024-08-21 10:35:05,17500.0,100,Sell,233487645
2024-08-21 10:35:08,17500.0,400,Sell,233487719
2024-08-21 10:35:08,17550.0,200,Buy,233487724
2024-08-21 10:35:27,17500.0,5000,Sell,233488705
2024-08-21 10:35:43,17550.0,500,Buy,233489372
2024-08-21 10:35:58,17500.0,2500,Sell,233490065
2024-08-21 10:36:21,17500.0,800,Sell,233491051
2024-08-21 10:36:21,17500.0,200,Sell,233491052
2024-08-21 10:36:45,17500.0,200,Sell,233491955
2024-08-21 10:37:16,17500.0,200,Sell,233493226
2024-08-21 10:37:53,17500.0,500,Sell,233494582
2024-08-21 10:37:53,17500.0,2400,Sell,233494583
2024-08-21 10:37:53,17500.0,500,Sell,233494580
2024-08-21 10:37:53,17500.0,1000,Sell,233494581
2024-08-21 10:37:53,17500.0,600,Sell,233494579
2024-08-21 10:38:21,17500.0,600,Sell,233495501
2024-08-21 10:38:21,17500.0,3000,Sell,233495502
2024-08-21 10:38:21,17500.0,3000,Sell,233495503
2024-08-21 10:38:21,17500.0,500,Sell,233495504
2024-08-21 10:38:21,17500.0,2000,Sell,233495505
2024-08-21 10:38:21,17500.0,900,Sell,233495506
2024-08-21 10:39:33,17500.0,5500,Sell,233497822
2024-08-21 10:39:38,17500.0,3000,Sell,233497944
2024-08-21 10:39:48,17550.0,300,Buy,233498280
2024-08-21 10:39:48,17550.0,1700,Buy,233498281
2024-08-21 10:39:48,17550.0,8000,Buy,233498282
2024-08-21 10:39:48,17550.0,1900,Buy,233498283
2024-08-21 10:39:48,17550.0,6400,Buy,233498284
2024-08-21 10:39:48,17550.0,1000,Buy,233498285
2024-08-21 10:39:48,17550.0,5000,Buy,233498286
2024-08-21 10:39:48,17550.0,5000,Buy,233498287
2024-08-21 10:39:48,17550.0,2900,Buy,233498288
2024-08-21 10:39:48,17550.0,200,Buy,233498289
2024-08-21 10:41:46,17600.0,100,Buy,233501172
2024-08-21 10:42:24,17550.0,1800,Sell,233502085
2024-08-21 10:42:24,17550.0,5000,Sell,233502084
2024-08-21 10:42:24,17550.0,5000,Sell,233502083
2024-08-21 10:42:24,17550.0,200,Sell,233502082
2024-08-21 10:42:24,17550.0,1900,Sell,233502080
2024-08-21 10:42:24,17550.0,1900,Sell,233502079
2024-08-21 10:42:24,17550.0,1900,Sell,233502078
2024-08-21 10:42:24,17550.0,17600,Sell,233502077
2024-08-21 10:42:24,17550.0,5000,Sell,233502081
2024-08-21 10:43:17,17550.0,1400,Buy,233503517
2024-08-21 10:43:23,17550.0,200,Buy,233503640
2024-08-21 10:43:31,17550.0,1500,Buy,233503801
2024-08-21 10:43:32,17550.0,100,Buy,233503811
2024-08-21 10:43:34,17550.0,1700,Buy,233503840
2024-08-21 10:43:34,17550.0,1300,Buy,233503841
2024-08-21 10:43:53,17550.0,1700,Buy,233504241
2024-08-21 10:43:53,17550.0,3000,Buy,233504242
2024-08-21 10:44:24,17550.0,3000,Sell,233504862
2024-08-21 10:44:24,17550.0,300,Sell,233504860
2024-08-21 10:44:24,17550.0,10000,Sell,233504861
2024-08-21 10:44:34,17550.0,10000,Buy,233505045
2024-08-21 10:45:41,17500.0,500,Sell,233506083
2024-08-21 10:47:22,17550.0,3000,Buy,233507810
2024-08-21 10:47:22,17550.0,400,Buy,233507809
2024-08-21 10:47:22,17550.0,10700,Buy,233507805
2024-08-21 10:47:22,17550.0,26300,Buy,233507807
2024-08-21 10:47:22,17550.0,2000,Buy,233507806
2024-08-21 10:47:22,17550.0,300,Buy,233507808
2024-08-21 10:48:32,17550.0,100,Sell,233509086
2024-08-21 10:48:46,17550.0,3000,Sell,233509313
2024-08-21 10:49:28,17550.0,28800,Sell,233510070
2024-08-21 10:49:28,17550.0,5000,Sell,233510071
2024-08-21 10:49:28,17550.0,2000,Sell,233510072
2024-08-21 10:49:28,17550.0,100,Sell,233510073
2024-08-21 10:49:28,17550.0,200,Sell,233510074
2024-08-21 10:49:28,17550.0,500,Sell,233510075
2024-08-21 10:51:05,17550.0,100,Buy,233511535
2024-08-21 10:51:29,17550.0,500,Buy,233511919
2024-08-21 10:51:29,17550.0,300,Buy,233511938
2024-08-21 10:51:45,17550.0,1000,Buy,233512153
2024-08-21 10:51:48,17550.0,400,Buy,233512182
2024-08-21 10:52:49,17550.0,100,Buy,233513168
2024-08-21 10:52:49,17550.0,2000,Buy,233513169
2024-08-21 10:52:49,17550.0,600,Buy,233513167
2024-08-21 10:52:51,17600.0,11500,Buy,233513210
2024-08-21 10:52:51,17600.0,15000,Buy,233513211
2024-08-21 10:52:51,17600.0,500,Buy,233513212
2024-08-21 10:52:51,17600.0,9000,Buy,233513214
2024-08-21 10:52:51,17600.0,2000,Buy,233513213
2024-08-21 10:53:13,17550.0,31400,Sell,233513537
2024-08-21 10:53:13,17550.0,100,Sell,233513538
2024-08-21 10:53:13,17550.0,100,Sell,233513539
2024-08-21 10:53:48,17550.0,5500,Buy,233514188
2024-08-21 10:53:52,17550.0,19800,Buy,233514247
2024-08-21 10:54:15,17550.0,10200,Sell,233514663
2024-08-21 10:54:32,17550.0,1000,Buy,233515035
2024-08-21 10:55:08,17550.0,100,Buy,233515591
2024-08-21 10:55:56,17500.0,400,Sell,233516473
2024-08-21 10:55:56,17500.0,800,Sell,233516474
2024-08-21 10:55:56,17500.0,100,Sell,233516471
2024-08-21 10:55:56,17500.0,100,Sell,233516466
2024-08-21 10:55:56,17500.0,200,Sell,233516469
2024-08-21 10:55:56,17500.0,1000,Sell,233516467
2024-08-21 10:55:56,17500.0,200,Sell,233516470
2024-08-21 10:55:56,17500.0,300,Sell,233516468
2024-08-21 10:56:09,17500.0,9200,Sell,233516777
2024-08-21 10:56:09,17500.0,200,Sell,233516775
2024-08-21 10:56:09,17500.0,600,Sell,233516776
2024-08-21 10:56:26,17500.0,300,Sell,233516972
2024-08-21 10:56:26,17500.0,300,Sell,233516971
2024-08-21 10:56:26,17500.0,300,Sell,233516970
2024-08-21 10:56:26,17500.0,800,Sell,233516966
2024-08-21 10:56:26,17500.0,400,Sell,233516968
2024-08-21 10:56:26,17500.0,500,Sell,233516967
2024-08-21 10:56:26,17500.0,500,Sell,233516969
2024-08-21 10:57:28,17550.0,100,Buy,233517922
2024-08-21 10:58:30,17550.0,1400,Buy,233518791
2024-08-21 10:59:08,17550.0,10000,Buy,233519443
2024-08-21 10:59:53,17550.0,2000,Buy,233520183
2024-08-21 11:00:31,17550.0,100,Buy,233520908
2024-08-21 11:00:42,17550.0,500,Buy,233521107
2024-08-21 11:02:06,17550.0,200,Buy,233522674
2024-08-21 11:02:58,17500.0,200,Sell,233523554
2024-08-21 11:03:11,17550.0,5000,Buy,233523786
2024-08-21 11:03:13,17550.0,300,Buy,233523824
2024-08-21 11:03:38,17550.0,100,Buy,233524419
2024-08-21 11:04:25,17550.0,100,Buy,233525492
2024-08-21 11:04:31,17550.0,300,Buy,233525622
2024-08-21 11:05:35,17550.0,500,Buy,233526817
2024-08-21 11:06:17,17550.0,3600,Buy,233527606
2024-08-21 11:07:22,17550.0,1000,Buy,233528716
2024-08-21 11:08:14,17500.0,1500,Sell,233529509
2024-08-21 11:08:14,17500.0,100,Sell,233529510
2024-08-21 11:08:14,17500.0,5400,Sell,233529511
2024-08-21 11:10:39,17500.0,500,Sell,233532334
2024-08-21 11:10:39,17500.0,5000,Sell,233532335
2024-08-21 11:10:39,17500.0,7000,Sell,233532336
2024-08-21 11:10:39,17500.0,500,Sell,233532337
2024-08-21 11:10:39,17500.0,400,Sell,233532338
2024-08-21 11:10:39,17500.0,4600,Sell,233532333
2024-08-21 11:11:12,17550.0,3500,Buy,233533010
2024-08-21 11:13:57,17500.0,1900,Sell,233536116
2024-08-21 11:13:57,17500.0,100,Sell,233536115
2024-08-21 11:14:04,17500.0,1000,Sell,233536237
2024-08-21 11:14:22,17550.0,500,Buy,233536517
2024-08-21 11:15:22,17500.0,5000,Sell,233537462
2024-08-21 11:15:22,17500.0,100,Sell,233537461
2024-08-21 11:15:22,17500.0,2000,Sell,233537460
2024-08-21 11:15:22,17500.0,200,Sell,233537459
2024-08-21 11:15:22,17500.0,20000,Sell,233537458
2024-08-21 11:15:22,17500.0,1000,Sell,233537457
2024-08-21 11:15:22,17500.0,5000,Sell,233537456
2024-08-21 11:15:22,17500.0,500,Sell,233537463
2024-08-21 11:15:22,17500.0,1900,Sell,233537482
2024-08-21 11:15:22,17500.0,200,Sell,233537453
2024-08-21 11:15:22,17500.0,500,Sell,233537447
2024-08-21 11:15:22,17500.0,500,Sell,233537452
2024-08-21 11:15:22,17500.0,500,Sell,233537451
2024-08-21 11:15:22,17500.0,100,Sell,233537450
2024-08-21 11:15:22,17500.0,1000,Sell,233537449
2024-08-21 11:15:22,17500.0,10000,Sell,233537448
2024-08-21 11:15:22,17500.0,500,Sell,233537454
2024-08-21 11:15:22,17500.0,100,Sell,233537455
2024-08-21 11:15:22,17500.0,100,Sell,233537464
2024-08-21 11:15:22,17500.0,200,Sell,233537466
2024-08-21 11:15:22,17500.0,2000,Sell,233537481
2024-08-21 11:15:22,17500.0,500,Sell,233537480
2024-08-21 11:15:22,17500.0,5000,Sell,233537479
2024-08-21 11:15:22,17500.0,100,Sell,233537478
2024-08-21 11:15:22,17500.0,2000,Sell,233537477
2024-08-21 11:15:22,17500.0,500,Sell,233537476
2024-08-21 11:15:22,17500.0,500,Sell,233537475
2024-08-21 11:15:22,17500.0,100,Sell,233537474
2024-08-21 11:15:22,17500.0,100,Sell,233537473
2024-08-21 11:15:22,17500.0,1000,Sell,233537472
2024-08-21 11:15:22,17500.0,10000,Sell,233537471
2024-08-21 11:15:22,17500.0,400,Sell,233537470
2024-08-21 11:15:22,17500.0,100,Sell,233537469
2024-08-21 11:15:22,17500.0,200,Sell,233537468
2024-08-21 11:15:22,17500.0,100,Sell,233537467
2024-08-21 11:15:22,17500.0,2000,Sell,233537465
2024-08-21 11:15:22,17500.0,5000,Sell,233537446
2024-08-21 11:15:22,17500.0,1000,Sell,233537438
2024-08-21 11:15:22,17500.0,200,Sell,233537444
2024-08-21 11:15:22,17500.0,1000,Sell,233537422
2024-08-21 11:15:22,17500.0,700,Sell,233537421
2024-08-21 11:15:22,17500.0,14800,Sell,233537420
2024-08-21 11:15:22,17500.0,100,Sell,233537419
2024-08-21 11:15:22,17500.0,1000,Sell,233537418
2024-08-21 11:15:22,17500.0,2000,Sell,233537417
2024-08-21 11:15:22,17500.0,20000,Sell,233537416
2024-08-21 11:15:22,17500.0,500,Sell,233537415
2024-08-21 11:15:22,17500.0,100,Sell,233537414
2024-08-21 11:15:22,17500.0,5000,Sell,233537413
2024-08-21 11:15:22,17500.0,1000,Sell,233537445
2024-08-21 11:15:22,17500.0,200,Sell,233537411
2024-08-21 11:15:22,17500.0,1000,Sell,233537410
2024-08-21 11:15:22,17500.0,2000,Sell,233537409
2024-08-21 11:15:22,17500.0,7100,Sell,233537408
2024-08-21 11:15:22,17500.0,500,Sell,233537423
2024-08-21 11:15:22,17500.0,500,Sell,233537424
2024-08-21 11:15:22,17500.0,500,Sell,233537412
2024-08-21 11:15:22,17500.0,2000,Sell,233537426
2024-08-21 11:15:22,17500.0,2000,Sell,233537425
2024-08-21 11:15:22,17500.0,1000,Sell,233537443
2024-08-21 11:15:22,17500.0,5000,Sell,233537442
2024-08-21 11:15:22,17500.0,300,Sell,233537441
2024-08-21 11:15:22,17500.0,200,Sell,233537440
2024-08-21 11:15:22,17500.0,3000,Sell,233537439
2024-08-21 11:15:22,17500.0,1300,Sell,233537436
2024-08-21 11:15:22,17500.0,2000,Sell,233537435
2024-08-21 11:15:22,17500.0,500,Sell,233537437
2024-08-21 11:15:22,17500.0,2000,Sell,233537433
2024-08-21 11:15:22,17500.0,700,Sell,233537434
2024-08-21 11:15:22,17500.0,1000,Sell,233537432
2024-08-21 11:15:22,17500.0,5000,Sell,233537431
2024-08-21 11:15:22,17500.0,1500,Sell,233537430
2024-08-21 11:15:22,17500.0,100,Sell,233537429
2024-08-21 11:15:22,17500.0,200,Sell,233537428
2024-08-21 11:15:22,17500.0,4000,Sell,233537427
2024-08-21 11:15:57,17500.0,1000,Buy,233538014
2024-08-21 11:16:10,17500.0,4000,Buy,233538176
2024-08-21 11:16:29,17500.0,300,Buy,233538450
2024-08-21 11:16:29,17500.0,5900,Buy,233538449
2024-08-21 11:16:29,17500.0,25000,Buy,233538447
2024-08-21 11:16:29,17500.0,3000,Buy,233538448
2024-08-21 11:16:32,17550.0,300,Buy,233538513
2024-08-21 11:16:32,17550.0,2000,Buy,233538512
2024-08-21 11:16:32,17550.0,2000,Buy,233538511
2024-08-21 11:16:32,17550.0,10000,Buy,233538510
2024-08-21 11:16:32,17550.0,500,Buy,233538508
2024-08-21 11:16:32,17550.0,3000,Buy,233538507
2024-08-21 11:16:32,17550.0,100,Buy,233538496
2024-08-21 11:16:32,17550.0,9500,Buy,233538495
2024-08-21 11:16:32,17550.0,3000,Buy,233538509
2024-08-21 11:17:15,17550.0,500,Buy,233539376
2024-08-21 11:17:15,17550.0,100,Buy,233539377
2024-08-21 11:17:15,17550.0,100,Buy,233539378
2024-08-21 11:17:15,17550.0,1200,Buy,233539374
2024-08-21 11:17:21,17500.0,3000,Sell,233539500
2024-08-21 11:17:26,17500.0,500,Sell,233539581
2024-08-21 11:17:34,17550.0,4400,Buy,233539709
2024-08-21 11:17:34,17550.0,200,Buy,233539705
2024-08-21 11:17:34,17550.0,100,Buy,233539706
2024-08-21 11:17:34,17550.0,200,Buy,233539707
2024-08-21 11:17:34,17550.0,100,Buy,233539708
2024-08-21 11:17:58,17500.0,3000,Sell,233540210
2024-08-21 11:18:10,17550.0,2800,Buy,233540422
2024-08-21 11:18:10,17550.0,400,Buy,233540424
2024-08-21 11:18:10,17550.0,600,Buy,233540421
2024-08-21 11:18:10,17550.0,1200,Buy,233540423
2024-08-21 11:18:28,17550.0,1900,Buy,233540774
2024-08-21 11:18:34,17500.0,2000,Sell,233540911
2024-08-21 11:18:35,17550.0,1700,Buy,233540924
2024-08-21 11:18:35,17550.0,100,Buy,233540925
2024-08-21 11:18:35,17550.0,3200,Buy,233540926
2024-08-21 11:19:08,17500.0,100,Sell,233541653
2024-08-21 11:19:58,17550.0,200,Buy,233542640
2024-08-21 11:20:53,17550.0,20200,Buy,233543541
2024-08-21 11:20:53,17550.0,2000,Buy,233543540
2024-08-21 11:20:53,17550.0,1100,Buy,233543539
2024-08-21 11:20:53,17550.0,1000,Buy,233543538
2024-08-21 11:20:53,17550.0,3000,Buy,233543535
2024-08-21 11:20:53,17550.0,3200,Buy,233543537
2024-08-21 11:20:53,17550.0,6200,Buy,233543533
2024-08-21 11:20:53,17550.0,1000,Buy,233543534
2024-08-21 11:20:53,17550.0,200,Buy,233543524
2024-08-21 11:20:53,17550.0,1400,Buy,233543529
2024-08-21 11:20:53,17550.0,2000,Buy,233543536
2024-08-21 11:20:53,17550.0,200,Buy,233543531
2024-08-21 11:20:53,17550.0,900,Buy,233543532
2024-08-21 11:20:53,17550.0,5000,Buy,233543530
2024-08-21 11:21:01,17550.0,600,Buy,233543659
2024-08-21 11:21:01,17550.0,3400,Buy,233543660
2024-08-21 11:21:16,17550.0,1700,Buy,233543856
2024-08-21 11:21:31,17600.0,1000,Buy,233544134
2024-08-21 11:22:51,17550.0,100,Sell,233545212
2024-08-21 11:23:01,17550.0,100,Sell,233545331
2024-08-21 11:23:18,17550.0,300,Sell,233545513
2024-08-21 11:24:36,17550.0,12700,Sell,233546504
2024-08-21 11:24:38,17550.0,5000,Buy,233546519
2024-08-21 11:24:53,17550.0,500,Buy,233546681
2024-08-21 11:25:09,17550.0,500,Buy,233546919
2024-08-21 11:25:09,17550.0,8500,Buy,233546918
2024-08-21 11:25:45,17550.0,500,Sell,233547376
2024-08-21 11:26:02,17550.0,3800,Sell,233547614
2024-08-21 11:26:02,17550.0,500,Sell,233547613
2024-08-21 11:26:02,17550.0,400,Sell,233547619
2024-08-21 11:26:23,17550.0,5800,Sell,233547894
2024-08-21 11:26:47,17550.0,200,Buy,233548189
2024-08-21 11:27:04,17550.0,10000,Buy,233548428
2024-08-21 11:28:18,17550.0,100,Buy,233549423
2024-08-21 11:28:32,17550.0,200,Buy,233549632
2024-08-21 12:59:36,17550.0,300,Buy,233550732
2024-08-21 12:59:36,17550.0,200,Buy,233550872
2024-08-21 12:59:37,17550.0,300,Buy,233551110
2024-08-21 12:59:37,17550.0,100,Buy,233551249
2024-08-21 12:59:37,17550.0,200,Buy,233551354
2024-08-21 12:59:38,17550.0,1000,Buy,233551380
2024-08-21 12:59:40,17500.0,1200,Sell,233552142
2024-08-21 12:59:41,17550.0,300,Buy,233552465
2024-08-21 12:59:44,17550.0,100,Buy,233552700
2024-08-21 12:59:47,17550.0,1000,Buy,233553174
2024-08-21 12:59:49,17550.0,300,Buy,233553436
2024-08-21 12:59:50,17550.0,200,Buy,233553494
2024-08-21 12:59:50,17500.0,1000,Sell,233553449
2024-08-21 12:59:52,17550.0,400,Buy,233553648
2024-08-21 12:59:54,17550.0,2000,Buy,233553835
2024-08-21 12:59:56,17550.0,100,Buy,233553964
2024-08-21 12:59:59,17500.0,500,Sell,233554093
2024-08-21 13:00:02,17550.0,200,Buy,233554267
2024-08-21 13:00:45,17500.0,1000,Sell,233555160
2024-08-21 13:00:52,17500.0,1000,Sell,233555290
2024-08-21 13:00:54,17500.0,2500,Sell,233555415
2024-08-21 13:00:54,17500.0,200,Sell,233555416
2024-08-21 13:00:54,17500.0,100,Sell,233555417
2024-08-21 13:00:54,17500.0,200,Sell,233555418
2024-08-21 13:00:54,17500.0,500,Sell,233555419
2024-08-21 13:00:54,17500.0,2200,Sell,233555420
2024-08-21 13:01:14,17500.0,3900,Sell,233555947
2024-08-21 13:01:14,17500.0,800,Sell,233555944
2024-08-21 13:01:14,17500.0,500,Sell,233555945
2024-08-21 13:01:14,17500.0,500,Sell,233555946
2024-08-21 13:01:16,17500.0,200,Sell,233555991
2024-08-21 13:01:44,17500.0,900,Sell,233556609
2024-08-21 13:01:44,17500.0,100,Sell,233556610
2024-08-21 13:01:57,17500.0,500,Sell,233556908
2024-08-21 13:03:00,17550.0,500,Buy,233558412
2024-08-21 13:03:36,17500.0,500,Sell,233559194
2024-08-21 13:03:36,17500.0,500,Sell,233559193
2024-08-21 13:03:36,17500.0,400,Sell,233559192
2024-08-21 13:03:36,17500.0,1600,Sell,233559191
2024-08-21 13:03:36,17500.0,700,Sell,233559190
2024-08-21 13:03:36,17500.0,3500,Sell,233559195
2024-08-21 13:03:36,17500.0,1000,Sell,233559188
2024-08-21 13:03:36,17500.0,300,Sell,233559187
2024-08-21 13:03:36,17500.0,1900,Sell,233559186
2024-08-21 13:03:36,17500.0,100,Sell,233559185
2024-08-21 13:03:36,17500.0,4400,Sell,233559184
2024-08-21 13:03:36,17500.0,100,Sell,233559189
2024-08-21 13:04:07,17500.0,500,Sell,233560039
2024-08-21 13:04:18,17500.0,100,Sell,233560369
2024-08-21 13:04:25,17500.0,1500,Sell,233560552
2024-08-21 13:04:25,17500.0,100,Sell,233560553
2024-08-21 13:04:25,17500.0,300,Sell,233560554
2024-08-21 13:05:17,17500.0,400,Sell,233562013
2024-08-21 13:05:56,17500.0,5000,Sell,233563145
2024-08-21 13:06:14,17500.0,1000,Sell,233563587
2024-08-21 13:06:14,17500.0,200,Sell,233563588
2024-08-21 13:06:14,17500.0,100,Sell,233563589
2024-08-21 13:06:14,17500.0,500,Sell,233563590
2024-08-21 13:06:14,17500.0,200,Sell,233563591
2024-08-21 13:06:14,17500.0,100,Sell,233563592
2024-08-21 13:06:14,17500.0,500,Sell,233563593
2024-08-21 13:06:14,17500.0,2000,Sell,233563594
2024-08-21 13:06:14,17500.0,400,Sell,233563586
2024-08-21 13:06:30,17500.0,1300,Sell,233564013
2024-08-21 13:06:30,17500.0,1600,Sell,233564011
2024-08-21 13:06:30,17500.0,100,Sell,233564012
2024-08-21 13:06:50,17500.0,1000,Sell,233564624
2024-08-21 13:06:54,17550.0,1900,Buy,233564760
2024-08-21 13:06:55,17550.0,1900,Buy,233564823
2024-08-21 13:07:10,17500.0,500,Sell,233565371
2024-08-21 13:07:19,17550.0,200,Buy,233565698
2024-08-21 13:07:35,17550.0,1000,Buy,233566094
2024-08-21 13:08:07,17550.0,1900,Buy,233567382
2024-08-21 13:08:23,17550.0,100,Buy,233567813
2024-08-21 13:08:26,17550.0,100,Buy,233567879
2024-08-21 13:08:36,17550.0,100,Buy,233568089
2024-08-21 13:08:38,17550.0,100,Buy,233568144
2024-08-21 13:08:49,17500.0,2900,Sell,233568408
2024-08-21 13:09:06,17550.0,200,Buy,233568849
2024-08-21 13:09:06,17550.0,4800,Buy,233568850
2024-08-21 13:09:09,17550.0,4800,Buy,233568958
2024-08-21 13:09:09,17550.0,5200,Buy,233568957
2024-08-21 13:09:34,17550.0,10000,Buy,233569658
2024-08-21 13:10:32,17550.0,10000,Buy,233571193
2024-08-21 13:10:41,17550.0,1000,Buy,233571401
2024-08-21 13:10:50,17550.0,1100,Buy,233571647
2024-08-21 13:11:14,17550.0,100,Buy,233572213
2024-08-21 13:11:28,17550.0,3000,Buy,233572573
2024-08-21 13:11:34,17550.0,200,Buy,233572787
2024-08-21 13:11:48,17550.0,500,Buy,233573077
2024-08-21 13:11:50,17550.0,1900,Buy,233573138
2024-08-21 13:13:03,17550.0,1900,Buy,233574864
2024-08-21 13:13:04,17550.0,1900,Buy,233574905
2024-08-21 13:13:12,17550.0,2000,Buy,233575130
2024-08-21 13:13:25,17550.0,3300,Buy,233575400
2024-08-21 13:13:59,17550.0,100,Buy,233576384
2024-08-21 13:14:10,17550.0,300,Buy,233576653
2024-08-21 13:14:10,17550.0,500,Buy,233576654
2024-08-21 13:14:10,17550.0,20000,Buy,233576652
2024-08-21 13:14:10,17550.0,100,Buy,233576658
2024-08-21 13:14:10,17550.0,300,Buy,233576659
2024-08-21 13:14:10,17550.0,200,Buy,233576657
2024-08-21 13:14:10,17550.0,1000,Buy,233576651
2024-08-21 13:14:10,17550.0,5600,Buy,233576661
2024-08-21 13:14:10,17550.0,600,Buy,233576649
2024-08-21 13:14:10,17550.0,4900,Buy,233576650
2024-08-21 13:14:10,17550.0,8200,Buy,233576642
2024-08-21 13:14:10,17550.0,100,Buy,233576643
2024-08-21 13:14:10,17550.0,200,Buy,233576644
2024-08-21 13:14:10,17550.0,5700,Buy,233576660
2024-08-21 13:14:10,17550.0,2000,Buy,233576646
2024-08-21 13:14:10,17550.0,1500,Buy,233576647
2024-08-21 13:14:10,17550.0,5000,Buy,233576648
2024-08-21 13:14:10,17550.0,800,Buy,233576645
2024-08-21 13:14:15,17550.0,100,Buy,233576777
2024-08-21 13:14:15,17550.0,3000,Buy,233576778
2024-08-21 13:14:15,17550.0,4000,Buy,233576779
2024-08-21 13:14:15,17550.0,2900,Buy,233576780
2024-08-21 13:14:15,17550.0,1900,Buy,233576822
2024-08-21 13:14:16,17550.0,900,Buy,233576849
2024-08-21 13:14:16,17550.0,300,Buy,233576850
2024-08-21 13:14:16,17550.0,700,Buy,233576851
2024-08-21 13:14:17,17550.0,2300,Buy,233576903
2024-08-21 13:14:17,17550.0,7700,Buy,233576904
2024-08-21 13:14:21,17550.0,15300,Buy,233577041
2024-08-21 13:14:21,17550.0,4700,Buy,233577042
2024-08-21 13:14:24,17550.0,100,Buy,233577096
2024-08-21 13:14:24,17550.0,1000,Buy,233577095
2024-08-21 13:14:24,17550.0,300,Buy,233577094
2024-08-21 13:14:31,17600.0,200,Buy,233577340
2024-08-21 13:15:29,17550.0,600,Sell,233579121
2024-08-21 13:15:29,17550.0,500,Sell,233579122
2024-08-21 13:15:29,17550.0,300,Sell,233579123
2024-08-21 13:15:29,17550.0,2000,Sell,233579124
2024-08-21 13:15:29,17550.0,5000,Sell,233579125
2024-08-21 13:15:29,17550.0,5000,Sell,233579126
2024-08-21 13:15:29,17550.0,39800,Sell,233579127
2024-08-21 13:15:29,17550.0,1800,Sell,233579128
2024-08-21 13:15:35,17600.0,500,Buy,233579283
2024-08-21 13:15:41,17550.0,41900,Sell,233579510
2024-08-21 13:15:41,17550.0,1900,Sell,233579509
2024-08-21 13:15:41,17550.0,200,Sell,233579506
2024-08-21 13:15:41,17550.0,20000,Sell,233579507
2024-08-21 13:15:41,17550.0,1000,Sell,233579508
2024-08-21 13:15:47,17600.0,1700,Buy,233579682
2024-08-21 13:15:47,17600.0,3000,Buy,233579681
2024-08-21 13:15:47,17600.0,1000,Buy,233579680
2024-08-21 13:15:47,17600.0,3000,Buy,233579678
2024-08-21 13:15:47,17600.0,100,Buy,233579677
2024-08-21 13:15:47,17600.0,5000,Buy,233579676
2024-08-21 13:15:47,17600.0,300,Buy,233579679
2024-08-21 13:15:47,17600.0,300,Buy,233579674
2024-08-21 13:15:47,17600.0,1100,Buy,233579673
2024-08-21 13:15:47,17600.0,5000,Buy,233579672
2024-08-21 13:15:47,17600.0,100,Buy,233579671
2024-08-21 13:15:47,17600.0,4300,Buy,233579670
2024-08-21 13:15:47,17550.0,35000,Sell,233579647
2024-08-21 13:15:47,17600.0,100,Buy,233579675
2024-08-21 13:15:55,17550.0,23100,Sell,233579889
2024-08-21 13:15:55,17550.0,1900,Sell,233579890
2024-08-21 13:15:55,17550.0,2000,Sell,233579891
2024-08-21 13:15:55,17550.0,10000,Sell,233579892
2024-08-21 13:15:56,17550.0,18000,Buy,233579912
2024-08-21 13:16:02,17550.0,800,Sell,233580098
2024-08-21 13:16:04,17550.0,600,Sell,233580134
2024-08-21 13:16:04,17550.0,24400,Sell,233580131
2024-08-21 13:16:04,17550.0,25000,Sell,233580132
2024-08-21 13:16:04,17550.0,5000,Sell,233580133
2024-08-21 13:16:07,17500.0,200,Sell,233580217
2024-08-21 13:16:18,17550.0,15000,Buy,233580590
2024-08-21 13:16:37,17550.0,3100,Buy,233581191
2024-08-21 13:16:37,17500.0,100,Sell,233581205
2024-08-21 13:16:37,17500.0,100,Sell,233581206
2024-08-21 13:16:39,17550.0,2000,Buy,233581263
2024-08-21 13:16:40,17550.0,14900,Buy,233581288
2024-08-21 13:16:40,17550.0,100,Buy,233581290
2024-08-21 13:16:40,17550.0,2500,Buy,233581289
2024-08-21 13:16:58,17550.0,30000,Sell,233582069
2024-08-21 13:17:03,17550.0,2500,Sell,233582250
2024-08-21 13:17:03,17550.0,200,Sell,233582251
2024-08-21 13:17:03,17550.0,1900,Sell,233582252
2024-08-21 13:17:03,17550.0,5000,Sell,233582253
2024-08-21 13:17:08,17550.0,10000,Buy,233582413
2024-08-21 13:17:11,17550.0,700,Buy,233582454
2024-08-21 13:17:16,17550.0,300,Buy,233582582
2024-08-21 13:17:18,17550.0,200,Buy,233582647
2024-08-21 13:17:27,17500.0,5300,Sell,233582911
2024-08-21 13:17:27,17500.0,3000,Sell,233582912
2024-08-21 13:17:27,17500.0,100,Sell,233582913
2024-08-21 13:17:27,17500.0,500,Sell,233582914
2024-08-21 13:17:27,17500.0,10000,Sell,233582915
2024-08-21 13:17:27,17500.0,200,Sell,233582922
2024-08-21 13:17:27,17500.0,200,Sell,233582916
2024-08-21 13:17:27,17500.0,100,Sell,233582917
2024-08-21 13:17:27,17500.0,5800,Sell,233582918
2024-08-21 13:17:27,17500.0,100,Sell,233582919
2024-08-21 13:17:27,17500.0,2000,Sell,233582920
2024-08-21 13:17:27,17500.0,500,Sell,233582921
2024-08-21 13:17:27,17500.0,100,Sell,233582923
2024-08-21 13:17:27,17500.0,10000,Sell,233582932
2024-08-21 13:17:27,17500.0,2000,Sell,233582925
2024-08-21 13:17:27,17500.0,1000,Sell,233582926
2024-08-21 13:17:27,17500.0,500,Sell,233582927
2024-08-21 13:17:27,17500.0,1000,Sell,233582928
2024-08-21 13:17:27,17500.0,100,Sell,233582929
2024-08-21 13:17:27,17500.0,300,Sell,233582910
2024-08-21 13:17:27,17500.0,173000,Sell,233582930
2024-08-21 13:17:27,17500.0,500,Sell,233582931
2024-08-21 13:17:27,17500.0,200,Sell,233582933
2024-08-21 13:17:27,17500.0,1000,Sell,233582934
2024-08-21 13:17:27,17500.0,15000,Sell,233582935
2024-08-21 13:17:27,17500.0,2000,Sell,233582936
2024-08-21 13:17:27,17500.0,1800,Sell,233582937
2024-08-21 13:17:27,17500.0,2000,Sell,233582924
2024-08-21 13:17:27,17500.0,100,Sell,233582909
2024-08-21 13:17:27,17500.0,200,Sell,233582887
2024-08-21 13:17:27,17500.0,1000,Sell,233582907
2024-08-21 13:17:27,17500.0,100,Sell,233582880
2024-08-21 13:17:27,17500.0,100,Sell,233582881
2024-08-21 13:17:27,17500.0,1000,Sell,233582882
2024-08-21 13:17:27,17500.0,100,Sell,233582883
2024-08-21 13:17:27,17500.0,2000,Sell,233582884
2024-08-21 13:17:27,17500.0,2000,Sell,233582885
2024-08-21 13:17:27,17500.0,1000,Sell,233582886
2024-08-21 13:17:27,17500.0,1000,Sell,233582888
2024-08-21 13:17:27,17500.0,3000,Sell,233582889
2024-08-21 13:17:27,17500.0,5000,Sell,233582890
2024-08-21 13:17:27,17500.0,900,Sell,233582891
2024-08-21 13:17:27,17500.0,1400,Sell,233582892
2024-08-21 13:17:27,17500.0,400,Sell,233582879
2024-08-21 13:17:27,17500.0,1000,Sell,233582893
2024-08-21 13:17:27,17500.0,5000,Sell,233582895
2024-08-21 13:17:27,17500.0,1000,Sell,233582896
2024-08-21 13:17:27,17500.0,2000,Sell,233582897
2024-08-21 13:17:27,17500.0,5000,Sell,233582898
2024-08-21 13:17:27,17500.0,1000,Sell,233582899
2024-08-21 13:17:27,17500.0,1800,Sell,233582900
2024-08-21 13:17:27,17500.0,1600,Sell,233582901
2024-08-21 13:17:27,17500.0,500,Sell,233582902
2024-08-21 13:17:27,17500.0,2000,Sell,233582903
2024-08-21 13:17:27,17500.0,10000,Sell,233582904
2024-08-21 13:17:27,17500.0,1000,Sell,233582905
2024-08-21 13:17:27,17500.0,500,Sell,233582906
2024-08-21 13:17:27,17500.0,5000,Sell,233582894
2024-08-21 13:17:27,17500.0,5000,Sell,233582908
2024-08-21 13:17:33,17550.0,14200,Buy,233583124
2024-08-21 13:17:33,17550.0,5800,Buy,233583125
2024-08-21 13:17:40,17550.0,9000,Buy,233583312
2024-08-21 13:17:56,17550.0,200,Buy,233583712
2024-08-21 13:17:56,17550.0,300,Buy,233583713
2024-08-21 13:17:56,17550.0,2500,Buy,233583714
2024-08-21 13:17:59,17550.0,300,Buy,233583779
2024-08-21 13:17:59,17550.0,1600,Buy,233583780
2024-08-21 13:18:02,17550.0,18100,Sell,233583846
2024-08-21 13:18:02,17550.0,1900,Sell,233583847
2024-08-21 13:18:02,17550.0,1900,Sell,233583848
2024-08-21 13:18:10,17550.0,15000,Buy,233584074
2024-08-21 13:18:34,17550.0,1000,Buy,233585025
2024-08-21 13:18:44,17550.0,100,Buy,233585363
2024-08-21 13:18:50,17550.0,100,Buy,233585524
2024-08-21 13:19:02,17550.0,10000,Buy,233585886
2024-08-21 13:19:04,17550.0,200,Buy,233585935
2024-08-21 13:19:18,17550.0,100,Buy,233586387
2024-08-21 13:19:47,17550.0,1900,Buy,233587265
2024-08-21 13:20:08,17550.0,28000,Buy,233588030
2024-08-21 13:20:10,17550.0,200,Buy,233588096
2024-08-21 13:20:24,17550.0,500,Buy,233588498
2024-08-21 13:20:25,17550.0,500,Buy,233588562
2024-08-21 13:20:36,17550.0,100,Buy,233588888
2024-08-21 13:20:57,17550.0,500,Buy,233589488
2024-08-21 13:21:36,17550.0,100,Buy,233590692
2024-08-21 13:21:44,17550.0,600,Buy,233590925
2024-08-21 13:21:50,17550.0,1700,Buy,233591106
2024-08-21 13:21:51,17550.0,10500,Buy,233591129
2024-08-21 13:21:51,17550.0,5000,Buy,233591127
2024-08-21 13:21:51,17550.0,1200,Buy,233591128
2024-08-21 13:21:51,17550.0,17500,Buy,233591126
2024-08-21 13:21:54,17550.0,2000,Buy,233591248
2024-08-21 13:21:56,17550.0,2500,Buy,233591310
2024-08-21 13:21:56,17550.0,1500,Buy,233591311
2024-08-21 13:22:00,17550.0,1000,Buy,233591405
2024-08-21 13:22:01,17550.0,1500,Buy,233591425
2024-08-21 13:22:01,17550.0,8500,Buy,233591426
2024-08-21 13:22:01,17550.0,100,Buy,233591427
2024-08-21 13:22:04,17550.0,7400,Buy,233591502
2024-08-21 13:22:04,17550.0,2600,Buy,233591503
2024-08-21 13:22:08,17550.0,1000,Buy,233591678
2024-08-21 13:22:09,17550.0,100,Buy,233591680
2024-08-21 13:22:12,17550.0,2100,Buy,233591761
2024-08-21 13:22:12,17550.0,17900,Buy,233591762
2024-08-21 13:22:16,17550.0,1000,Buy,233591821
2024-08-21 13:22:22,17550.0,100,Buy,233591986
2024-08-21 13:22:22,17550.0,100,Buy,233591987
2024-08-21 13:22:44,17550.0,22000,Sell,233592575
2024-08-21 13:22:46,17550.0,500,Sell,233592677
2024-08-21 13:22:52,17550.0,35000,Sell,233592855
2024-08-21 13:22:59,17550.0,100,Sell,233593016
2024-08-21 13:22:59,17550.0,10000,Sell,233593021
2024-08-21 13:22:59,17550.0,1000,Sell,233593020
2024-08-21 13:22:59,17550.0,13200,Sell,233593015
2024-08-21 13:22:59,17550.0,200,Sell,233593018
2024-08-21 13:22:59,17550.0,5000,Sell,233593017
2024-08-21 13:22:59,17550.0,5000,Sell,233593019
2024-08-21 13:23:02,17550.0,100,Buy,233593115
2024-08-21 13:23:02,17550.0,400,Buy,233593116
2024-08-21 13:23:03,17550.0,1300,Sell,233593142
2024-08-21 13:23:19,17550.0,600,Buy,233593814
2024-08-21 13:23:19,17550.0,4400,Buy,233593813
2024-08-21 13:23:23,17550.0,1600,Buy,233593958
2024-08-21 13:23:23,17550.0,700,Buy,233593959
2024-08-21 13:23:23,17550.0,2700,Buy,233593960
2024-08-21 13:23:26,17550.0,700,Buy,233594047
2024-08-21 13:23:26,17550.0,1000,Buy,233594050
2024-08-21 13:23:32,17550.0,3000,Buy,233594189
2024-08-21 13:23:32,17550.0,1300,Buy,233594188
2024-08-21 13:23:40,17550.0,5700,Sell,233594598
2024-08-21 13:23:44,17550.0,46400,Sell,233594736
2024-08-21 13:23:44,17550.0,3600,Sell,233594735
2024-08-21 13:24:03,17550.0,5700,Sell,233595289
2024-08-21 13:24:07,17550.0,100,Sell,233595519
2024-08-21 13:24:24,17550.0,100,Sell,233595949
2024-08-21 13:24:28,17600.0,200,Buy,233596112
2024-08-21 13:24:34,17550.0,1000,Sell,233596302
2024-08-21 13:24:53,17600.0,300,Buy,233596876
2024-08-21 13:25:10,17600.0,1200,Buy,233597264
2024-08-21 13:25:30,17600.0,4100,Buy,233597777
2024-08-21 13:25:54,17600.0,100,Buy,233598489
2024-08-21 13:25:58,17600.0,100,Buy,233598576
2024-08-21 13:26:03,17550.0,200,Sell,233598665
2024-08-21 13:26:03,17550.0,1900,Buy,233598673
2024-08-21 13:26:03,17550.0,200,Sell,233598669
2024-08-21 13:26:03,17550.0,2000,Sell,233598668
2024-08-21 13:26:03,17550.0,5000,Sell,233598667
2024-08-21 13:26:03,17550.0,2000,Sell,233598666
2024-08-21 13:26:03,17550.0,100,Sell,233598664
2024-08-21 13:26:03,17550.0,5000,Sell,233598662
2024-08-21 13:26:03,17550.0,100,Sell,233598661
2024-08-21 13:26:03,17550.0,1000,Sell,233598660
2024-08-21 13:26:03,17550.0,5000,Sell,233598659
2024-08-21 13:26:03,17550.0,4500,Sell,233598658
2024-08-21 13:26:03,17550.0,2500,Sell,233598657
2024-08-21 13:26:03,17550.0,1300,Sell,233598656
2024-08-21 13:26:03,17550.0,10000,Sell,233598663
2024-08-21 13:26:06,17550.0,1000,Buy,233598732
2024-08-21 13:26:28,17500.0,200,Sell,233599349
2024-08-21 13:26:28,17500.0,1000,Sell,233599348
2024-08-21 13:26:28,17500.0,500,Sell,233599345
2024-08-21 13:26:28,17500.0,100,Sell,233599346
2024-08-21 13:26:28,17500.0,1200,Sell,233599344
2024-08-21 13:26:28,17500.0,2000,Sell,233599347
2024-08-21 13:26:44,17550.0,20000,Buy,233599698
2024-08-21 13:26:51,17550.0,5000,Buy,233599862
2024-08-21 13:27:06,17550.0,10000,Buy,233600294
2024-08-21 13:27:11,17550.0,10000,Buy,233600425
2024-08-21 13:27:12,17550.0,100000,Buy,233600451
2024-08-21 13:27:17,17550.0,5000,Buy,233600614
2024-08-21 13:27:19,17550.0,4000,Buy,233600651
2024-08-21 13:27:21,17550.0,200,Buy,233600760
2024-08-21 13:27:22,17550.0,2000,Buy,233600793
2024-08-21 13:27:25,17550.0,1400,Buy,233600887
2024-08-21 13:27:30,17550.0,50600,Buy,233601030
2024-08-21 13:27:30,17550.0,1000,Buy,233601031
2024-08-21 13:27:30,17550.0,2000,Buy,233601032
2024-08-21 13:27:30,17550.0,16400,Buy,233601033
2024-08-21 13:27:34,17550.0,4000,Buy,233601137
2024-08-21 13:27:35,17550.0,39600,Buy,233601155
2024-08-21 13:27:35,17550.0,100,Buy,233601156
2024-08-21 13:27:35,17550.0,3000,Buy,233601157
2024-08-21 13:27:46,17550.0,32000,Sell,233601428
2024-08-21 13:27:50,17550.0,22000,Sell,233601545
2024-08-21 13:27:57,17600.0,1000,Buy,233601738
2024-08-21 13:27:57,17600.0,1000,Buy,233601737
2024-08-21 13:27:57,17600.0,300,Buy,233601735
2024-08-21 13:27:57,17600.0,2300,Buy,233601734
2024-08-21 13:27:57,17600.0,400,Buy,233601736
2024-08-21 13:28:01,17550.0,3300,Sell,233601843
2024-08-21 13:28:01,17550.0,10000,Sell,233601844
2024-08-21 13:28:01,17550.0,1600,Sell,233601845
2024-08-21 13:28:01,17550.0,300,Buy,233601847
2024-08-21 13:28:04,17550.0,2500,Buy,233601929
2024-08-21 13:28:06,17550.0,100,Buy,233601989
2024-08-21 13:28:13,17550.0,200,Buy,233602166
2024-08-21 13:28:13,17550.0,100,Buy,233602167
2024-08-21 13:28:20,17550.0,200,Buy,233602351
2024-08-21 13:28:36,17550.0,200,Buy,233602904
2024-08-21 13:28:41,17550.0,100,Buy,233603044
2024-08-21 13:28:41,17550.0,300,Buy,233603045
2024-08-21 13:28:45,17550.0,4500,Buy,233603138
2024-08-21 13:28:45,17550.0,500,Buy,233603132
2024-08-21 13:28:47,17600.0,100,Buy,233603174
2024-08-21 13:28:52,17550.0,400,Sell,233603309
2024-08-21 13:29:04,17550.0,2300,Sell,233603552
2024-08-21 13:29:04,17550.0,5000,Sell,233603553
2024-08-21 13:29:18,17550.0,1000,Buy,233603914
2024-08-21 13:29:23,17550.0,2000,Buy,233604043
2024-08-21 13:29:25,17550.0,10000,Buy,233604065
2024-08-21 13:29:41,17550.0,8700,Buy,233604405
2024-08-21 13:29:41,17550.0,11300,Buy,233604406
2024-08-21 13:29:41,17550.0,1400,Buy,233604411
2024-08-21 13:29:45,17550.0,100,Buy,233604498
2024-08-21 13:29:53,17550.0,500,Buy,233604657
2024-08-21 13:30:00,17550.0,1600,Buy,233604847
2024-08-21 13:30:07,17550.0,1000,Buy,233605009
2024-08-21 13:30:08,17550.0,100,Buy,233605014
2024-08-21 13:30:13,17550.0,200,Buy,233605165
2024-08-21 13:30:39,17550.0,2000,Buy,233605846
2024-08-21 13:30:47,17550.0,100,Buy,233606029
2024-08-21 13:30:58,17500.0,500,Sell,233606330
2024-08-21 13:30:58,17500.0,5000,Sell,233606331
2024-08-21 13:30:58,17500.0,1000,Sell,233606332
2024-08-21 13:30:58,17500.0,11200,Sell,233606333
2024-08-21 13:30:58,17500.0,2000,Sell,233606334
2024-08-21 13:30:58,17500.0,100,Sell,233606340
2024-08-21 13:30:58,17500.0,100,Sell,233606335
2024-08-21 13:30:58,17500.0,1000,Sell,233606336
2024-08-21 13:30:58,17500.0,1000,Sell,233606337
2024-08-21 13:30:58,17500.0,2000,Sell,233606338
2024-08-21 13:30:58,17500.0,3000,Sell,233606339
2024-08-21 13:30:58,17500.0,500,Sell,233606341
2024-08-21 13:30:58,17500.0,5000,Sell,233606329
2024-08-21 13:30:58,17500.0,300,Sell,233606343
2024-08-21 13:30:58,17500.0,1000,Sell,233606344
2024-08-21 13:30:58,17500.0,5000,Sell,233606345
2024-08-21 13:30:58,17500.0,100,Sell,233606346
2024-08-21 13:30:58,17500.0,10000,Sell,233606347
2024-08-21 13:30:58,17500.0,3000,Sell,233606348
2024-08-21 13:30:58,17500.0,100,Sell,233606351
2024-08-21 13:30:58,17500.0,500,Sell,233606352
2024-08-21 13:30:58,17500.0,10000,Sell,233606353
2024-08-21 13:30:58,17500.0,1000,Sell,233606354
2024-08-21 13:30:58,17500.0,500,Sell,233606355
2024-08-21 13:30:58,17500.0,800,Sell,233606356
2024-08-21 13:30:58,17500.0,100,Sell,233606342
2024-08-21 13:30:58,17500.0,10000,Sell,233606328
2024-08-21 13:30:58,17500.0,5000,Sell,233606304
2024-08-21 13:30:58,17500.0,10000,Sell,233606326
2024-08-21 13:30:58,17500.0,10000,Sell,233606327
2024-08-21 13:30:58,17500.0,4800,Sell,233606299
2024-08-21 13:30:58,17500.0,100,Sell,233606300
2024-08-21 13:30:58,17500.0,10000,Sell,233606301
2024-08-21 13:30:58,17500.0,1000,Sell,233606302
2024-08-21 13:30:58,17500.0,5000,Sell,233606305
2024-08-21 13:30:58,17500.0,1000,Sell,233606306
2024-08-21 13:30:58,17500.0,5000,Sell,233606307
2024-08-21 13:30:58,17500.0,1000,Sell,233606308
2024-08-21 13:30:58,17500.0,10000,Sell,233606309
2024-08-21 13:30:58,17500.0,1000,Sell,233606310
2024-08-21 13:30:58,17500.0,100,Sell,233606311
2024-08-21 13:30:58,17500.0,500,Sell,233606312
2024-08-21 13:30:58,17500.0,5000,Sell,233606303
2024-08-21 13:30:58,17500.0,2000,Sell,233606314
2024-08-21 13:30:58,17500.0,500,Sell,233606324
2024-08-21 13:30:58,17500.0,1000,Sell,233606323
2024-08-21 13:30:58,17500.0,600,Sell,233606322
2024-08-21 13:30:58,17500.0,200,Sell,233606321
2024-08-21 13:30:58,17500.0,5000,Sell,233606313
2024-08-21 13:30:58,17500.0,30000,Sell,233606325
2024-08-21 13:30:58,17500.0,5000,Sell,233606319
2024-08-21 13:30:58,17500.0,10000,Sell,233606315
2024-08-21 13:30:58,17500.0,200,Sell,233606316
2024-08-21 13:30:58,17500.0,100,Sell,233606320
2024-08-21 13:30:58,17500.0,900,Sell,233606318
2024-08-21 13:30:58,17500.0,200,Sell,233606317
2024-08-21 13:31:03,17550.0,3000,Buy,233606479
2024-08-21 13:31:18,17550.0,8700,Buy,233606853
2024-08-21 13:31:18,17550.0,2000,Buy,233606854
2024-08-21 13:31:18,17550.0,5300,Buy,233606855
2024-08-21 13:31:29,17500.0,100,Sell,233607413
2024-08-21 13:31:29,17500.0,300,Sell,233607412
2024-08-21 13:31:29,17500.0,3900,Sell,233607411
2024-08-21 13:31:29,17500.0,500,Sell,233607410
2024-08-21 13:31:29,17500.0,5000,Sell,233607409
2024-08-21 13:31:29,17500.0,200,Sell,233607408
2024-08-21 13:31:29,17500.0,800,Sell,233607407
2024-08-21 13:31:29,17500.0,500,Sell,233607402
2024-08-21 13:31:29,17500.0,3000,Sell,233607400
2024-08-21 13:31:29,17500.0,400,Sell,233607399
2024-08-21 13:31:29,17500.0,3000,Sell,233607398
2024-08-21 13:31:29,17500.0,500,Sell,233607397
2024-08-21 13:31:29,17500.0,300,Sell,233607396
2024-08-21 13:31:29,17500.0,9200,Sell,233607395
2024-08-21 13:31:29,17500.0,100,Sell,233607401
2024-08-21 13:31:39,17550.0,100,Buy,233607742
2024-08-21 13:32:07,17550.0,14000,Buy,233608681
2024-08-21 13:32:51,17550.0,30000,Buy,233610307
2024-08-21 13:33:04,17550.0,3500,Buy,233610714
2024-08-21 13:33:05,17550.0,200,Buy,233610746
2024-08-21 13:33:06,17550.0,600,Buy,233610779
2024-08-21 13:33:11,17550.0,1000,Buy,233610895
2024-08-21 13:33:11,17550.0,200,Buy,233610899
2024-08-21 13:33:12,17550.0,30000,Buy,233610912
2024-08-21 13:33:13,17550.0,2000,Buy,233610957
2024-08-21 13:33:17,17550.0,1000,Buy,233611070
2024-08-21 13:33:27,17550.0,10000,Buy,233611443
2024-08-21 13:33:29,17550.0,30000,Buy,233611520
2024-08-21 13:33:29,17550.0,200,Buy,233611538
2024-08-21 13:33:30,17550.0,1000,Buy,233611564
2024-08-21 13:33:31,17550.0,10000,Buy,233611576
2024-08-21 13:33:34,17550.0,2700,Buy,233611652
2024-08-21 13:33:34,17550.0,800,Buy,233611650
2024-08-21 13:33:34,17550.0,1500,Buy,233611649
2024-08-21 13:33:34,17550.0,3000,Buy,233611651
2024-08-21 13:33:35,17550.0,500,Buy,233611696
2024-08-21 13:33:35,17550.0,1800,Buy,233611697
2024-08-21 13:33:35,17550.0,3200,Buy,233611698
2024-08-21 13:33:39,17550.0,1000,Buy,233611772
2024-08-21 13:33:42,17550.0,300,Buy,233611824
2024-08-21 13:33:43,17550.0,500,Buy,233611829
2024-08-21 13:33:44,17550.0,10000,Buy,233611864
2024-08-21 13:33:44,17550.0,5000,Buy,233611869
2024-08-21 13:33:44,17550.0,1000,Buy,233611875
2024-08-21 13:33:45,17550.0,3000,Buy,233611900
2024-08-21 13:33:46,17550.0,6000,Buy,233611929
2024-08-21 13:33:47,17550.0,10000,Buy,233611954
2024-08-21 13:33:48,17550.0,500,Buy,233611973
2024-08-21 13:33:48,17550.0,3000,Buy,233611986
2024-08-21 13:33:49,17550.0,1000,Buy,233611998
2024-08-21 13:33:52,17550.0,5500,Buy,233612090
2024-08-21 13:33:52,17550.0,100,Buy,233612092
2024-08-21 13:33:52,17550.0,400,Buy,233612093
2024-08-21 13:33:52,17550.0,1000,Buy,233612094
2024-08-21 13:33:52,17550.0,100,Buy,233612095
2024-08-21 13:33:52,17550.0,5000,Buy,233612096
2024-08-21 13:33:52,17550.0,300,Buy,233612097
2024-08-21 13:33:52,17550.0,5000,Buy,233612098
2024-08-21 13:34:20,17550.0,2800,Sell,233613017
2024-08-21 13:34:29,17600.0,800,Buy,233613270
2024-08-21 13:34:33,17600.0,100,Buy,233613364
2024-08-21 13:34:36,17550.0,100,Sell,233613472
2024-08-21 13:34:39,17550.0,10100,Sell,233613545
2024-08-21 13:34:39,17550.0,100,Sell,233613546
2024-08-21 13:34:43,17600.0,5000,Buy,233613632
2024-08-21 13:34:53,17600.0,1100,Buy,233613933
2024-08-21 13:34:58,17600.0,900,Buy,233614123
2024-08-21 13:34:58,17600.0,500,Buy,233614124
2024-08-21 13:34:58,17600.0,3000,Buy,233614125
2024-08-21 13:34:58,17600.0,400,Buy,233614126
2024-08-21 13:34:58,17600.0,100,Buy,233614127
2024-08-21 13:34:58,17600.0,100,Buy,233614128
2024-08-21 13:35:07,17600.0,500,Buy,233614415
2024-08-21 13:35:07,17600.0,3000,Buy,233614413
2024-08-21 13:35:07,17600.0,2300,Buy,233614416
2024-08-21 13:35:07,17600.0,300,Buy,233614414
2024-08-21 13:35:07,17600.0,2000,Buy,233614411
2024-08-21 13:35:07,17600.0,2900,Buy,233614410
2024-08-21 13:35:07,17600.0,1000,Buy,233614412
2024-08-21 13:35:12,17600.0,1000,Buy,233614602
2024-08-21 13:35:16,17600.0,100,Buy,233614692
2024-08-21 13:35:16,17600.0,200,Buy,233614693
2024-08-21 13:35:17,17600.0,2000,Buy,233614748
2024-08-21 13:35:22,17600.0,9200,Buy,233614866
2024-08-21 13:35:22,17600.0,1000,Buy,233614865
2024-08-21 13:35:22,17600.0,1000,Buy,233614864
2024-08-21 13:35:22,17600.0,300,Buy,233614863
2024-08-21 13:35:22,17600.0,600,Buy,233614862
2024-08-21 13:35:22,17600.0,1000,Buy,233614861
2024-08-21 13:35:22,17600.0,100,Buy,233614860
2024-08-21 13:35:22,17600.0,100,Buy,233614859
2024-08-21 13:35:22,17600.0,500,Buy,233614857
2024-08-21 13:35:22,17600.0,100,Buy,233614856
2024-08-21 13:35:22,17600.0,1000,Buy,233614855
2024-08-21 13:35:22,17600.0,100,Buy,233614854
2024-08-21 13:35:22,17600.0,1000,Buy,233614853
2024-08-21 13:35:22,17600.0,200,Buy,233614852
2024-08-21 13:35:22,17600.0,2800,Buy,233614842
2024-08-21 13:35:22,17600.0,1000,Buy,233614858
2024-08-21 13:35:26,17600.0,900,Buy,233614992
2024-08-21 13:35:26,17600.0,1500,Buy,233614993
2024-08-21 13:35:35,17600.0,1000,Buy,233615279
2024-08-21 13:35:38,17600.0,11500,Buy,233615356
2024-08-21 13:35:45,17600.0,5000,Buy,233615545
2024-08-21 13:35:45,17600.0,3900,Buy,233615546
2024-08-21 13:35:47,17600.0,100,Buy,233615604
2024-08-21 13:35:52,17600.0,500,Buy,233615727
2024-08-21 13:35:57,17600.0,100,Buy,233615851
2024-08-21 13:36:09,17600.0,200,Buy,233616202
2024-08-21 13:36:10,17600.0,100,Buy,233616244
2024-08-21 13:36:17,17600.0,2000,Buy,233616453
2024-08-21 13:36:22,17600.0,1100,Buy,233616568
2024-08-21 13:36:23,17550.0,100,Sell,233616643
2024-08-21 13:36:26,17600.0,1400,Buy,233616830
2024-08-21 13:36:26,17600.0,100,Buy,233616828
2024-08-21 13:36:26,17600.0,200,Buy,233616829
2024-08-21 13:36:26,17600.0,3300,Buy,233616827
2024-08-21 13:36:30,17600.0,3600,Buy,233616949
2024-08-21 13:36:30,17600.0,1000,Buy,233616950
2024-08-21 13:36:30,17600.0,400,Buy,233616951
2024-08-21 13:36:35,17600.0,600,Buy,233617147
2024-08-21 13:36:35,17600.0,1800,Buy,233617148
2024-08-21 13:36:36,17600.0,300,Buy,233617162
2024-08-21 13:36:42,17600.0,1000,Buy,233617449
2024-08-21 13:36:49,17600.0,300,Buy,233617748
2024-08-21 13:36:49,17600.0,200,Buy,233617693
2024-08-21 13:36:50,17600.0,200,Buy,233617797
2024-08-21 13:36:51,17600.0,300,Buy,233617815
2024-08-21 13:36:53,17600.0,3300,Buy,233617899
2024-08-21 13:36:53,17600.0,2100,Buy,233617898
2024-08-21 13:36:53,17600.0,200,Buy,233617897
2024-08-21 13:36:53,17600.0,500,Buy,233617896
2024-08-21 13:36:53,17600.0,3000,Buy,233617895
2024-08-21 13:36:53,17600.0,100,Buy,233617894
2024-08-21 13:36:53,17600.0,300,Buy,233617891
2024-08-21 13:36:53,17600.0,500,Buy,233617892
2024-08-21 13:36:53,17600.0,500,Buy,233617890
2024-08-21 13:36:53,17600.0,100,Buy,233617889
2024-08-21 13:36:53,17600.0,500,Buy,233617888
2024-08-21 13:36:53,17600.0,900,Buy,233617887
2024-08-21 13:36:53,17600.0,2000,Buy,233617893
2024-08-21 13:36:57,17600.0,300,Buy,233618046
2024-08-21 13:36:59,17600.0,100,Buy,233618122
2024-08-21 13:37:01,17550.0,100,Sell,233618162
2024-08-21 13:37:01,17600.0,500,Buy,233618163
2024-08-21 13:37:11,17600.0,800,Buy,233618521
2024-08-21 13:37:11,17600.0,1200,Buy,233618522
2024-08-21 13:37:14,17600.0,500,Buy,233618653
2024-08-21 13:37:14,17600.0,1000,Buy,233618652
2024-08-21 13:37:14,17600.0,500,Buy,233618651
2024-08-21 13:37:21,17600.0,500,Buy,233618844
2024-08-21 13:37:21,17600.0,500,Buy,233618845
2024-08-21 13:37:23,17600.0,200,Buy,233618920
2024-08-21 13:37:34,17600.0,400,Buy,233619253
2024-08-21 13:37:41,17600.0,2000,Buy,233619456
2024-08-21 13:37:43,17600.0,3000,Buy,233619530
2024-08-21 13:37:46,17600.0,1100,Buy,233619625
2024-08-21 13:37:51,17600.0,1200,Buy,233619856
2024-08-21 13:37:51,17600.0,800,Buy,233619857
2024-08-21 13:37:56,17600.0,1000,Buy,233620080
2024-08-21 13:38:03,17600.0,100,Buy,233620350
2024-08-21 13:38:07,17600.0,700,Buy,233620472
2024-08-21 13:38:08,17600.0,10000,Buy,233620481
2024-08-21 13:38:17,17600.0,300,Buy,233620991
2024-08-21 13:38:25,17600.0,300,Buy,233621229
2024-08-21 13:38:30,17600.0,35000,Buy,233621403
2024-08-21 13:38:34,17600.0,1000,Buy,233621536
2024-08-21 13:38:35,17600.0,200800,Buy,233621543
2024-08-21 13:38:35,17600.0,99200,Buy,233621544
2024-08-21 13:38:35,17550.0,200,Sell,233621571
2024-08-21 13:38:35,17550.0,800,Sell,233621572
2024-08-21 13:38:38,17600.0,8000,Buy,233621653
2024-08-21 13:38:40,17600.0,30000,Buy,233621697
2024-08-21 13:38:45,17600.0,500,Buy,233621831
2024-08-21 13:38:45,17600.0,5000,Buy,233621834
2024-08-21 13:38:45,17600.0,500,Buy,233621839
2024-08-21 13:38:45,17600.0,300,Buy,233621880
2024-08-21 13:38:47,17600.0,3000,Buy,233621898
2024-08-21 13:38:48,17600.0,15000,Buy,233621967
2024-08-21 13:38:48,17600.0,1000,Buy,233621942
2024-08-21 13:38:49,17600.0,5000,Buy,233621977
2024-08-21 13:38:49,17600.0,100,Buy,233621985
2024-08-21 13:38:51,17600.0,1000,Buy,233622067
2024-08-21 13:38:52,17600.0,50000,Buy,233622200
2024-08-21 13:38:52,17600.0,6000,Buy,233622199
2024-08-21 13:38:53,17600.0,2500,Buy,233622208
2024-08-21 13:38:53,17600.0,20000,Buy,233622216
2024-08-21 13:38:53,17600.0,2900,Buy,233622217
2024-08-21 13:38:53,17600.0,5000,Buy,233622218
2024-08-21 13:38:53,17600.0,2100,Buy,233622219
2024-08-21 13:38:54,17600.0,200,Buy,233622240
2024-08-21 13:38:55,17600.0,10000,Buy,233622300
2024-08-21 13:38:56,17600.0,10000,Buy,233622322
2024-08-21 13:38:56,17600.0,200,Buy,233622335
2024-08-21 13:38:56,17600.0,200,Buy,233622361
2024-08-21 13:38:58,17600.0,200,Buy,233622418
2024-08-21 13:38:59,17600.0,2000,Buy,233622421
2024-08-21 13:39:01,17600.0,1000,Buy,233622571
2024-08-21 13:39:02,17600.0,100,Buy,233622587
2024-08-21 13:39:02,17600.0,400,Buy,233622592
2024-08-21 13:39:03,17600.0,3000,Buy,233622635
2024-08-21 13:39:04,17600.0,8000,Buy,233622654
2024-08-21 13:39:04,17600.0,500,Buy,233622660
2024-08-21 13:39:04,17600.0,40000,Buy,233622663
2024-08-21 13:39:07,17600.0,6900,Buy,233622762
2024-08-21 13:39:09,17600.0,1200,Buy,233622807
2024-08-21 13:39:09,17600.0,3600,Buy,233622818
2024-08-21 13:39:10,17600.0,2000,Buy,233622864
2024-08-21 13:39:11,17600.0,10000,Buy,233622878
2024-08-21 13:39:12,17600.0,1000,Buy,233622919
2024-08-21 13:39:12,17600.0,15200,Buy,233622983
2024-08-21 13:39:13,17600.0,20000,Buy,233622996
2024-08-21 13:39:13,17600.0,3000,Buy,233623053
2024-08-21 13:39:14,17600.0,2000,Buy,233623091
2024-08-21 13:39:14,17600.0,3000,Buy,233623088
2024-08-21 13:39:14,17600.0,10000,Buy,233623090
2024-08-21 13:39:16,17600.0,2000,Buy,233623183
2024-08-21 13:39:17,17600.0,500,Buy,233623215
2024-08-21 13:39:17,17600.0,5300,Buy,233623226
2024-08-21 13:39:17,17600.0,4000,Buy,233623234
2024-08-21 13:39:17,17600.0,20000,Buy,233623235
2024-08-21 13:39:19,17600.0,1000,Buy,233623302
2024-08-21 13:39:19,17600.0,600,Buy,233623325
2024-08-21 13:39:19,17600.0,30000,Buy,233623326
2024-08-21 13:39:20,17600.0,10000,Buy,233623353
2024-08-21 13:39:21,17600.0,3000,Buy,233623415
2024-08-21 13:39:22,17600.0,10000,Buy,233623431
2024-08-21 13:39:23,17600.0,10000,Buy,233623465
2024-08-21 13:39:24,17600.0,3000,Buy,233623510
2024-08-21 13:39:25,17600.0,2000,Buy,233623535
2024-08-21 13:39:25,17600.0,5000,Buy,233623530
2024-08-21 13:39:25,17600.0,1000,Buy,233623528
2024-08-21 13:39:26,17600.0,200,Buy,233623560
2024-08-21 13:39:27,17600.0,500,Buy,233623578
2024-08-21 13:39:27,17600.0,5000,Buy,233623579
2024-08-21 13:39:27,17600.0,3900,Buy,233623585
2024-08-21 13:39:27,17600.0,10000,Buy,233623602
2024-08-21 13:39:28,17600.0,1000,Buy,233623606
2024-08-21 13:39:29,17600.0,4000,Buy,233623686
2024-08-21 13:39:29,17600.0,100,Buy,233623698
2024-08-21 13:39:30,17600.0,2000,Buy,233623753
2024-08-21 13:39:32,17600.0,300,Buy,233623878
2024-08-21 13:39:32,17600.0,2500,Buy,233623926
2024-08-21 13:39:33,17600.0,5000,Buy,233623944
2024-08-21 13:39:34,17600.0,5000,Buy,233623954
2024-08-21 13:39:35,17600.0,1000,Buy,233623972
2024-08-21 13:39:35,17600.0,1000,Buy,233623969
2024-08-21 13:39:35,17600.0,2000,Buy,233623991
2024-08-21 13:39:36,17600.0,1000,Buy,233624012
2024-08-21 13:39:36,17600.0,3000,Buy,233624030
2024-08-21 13:39:36,17600.0,4000,Buy,233623996
2024-08-21 13:39:36,17600.0,3000,Buy,233624029
2024-08-21 13:39:37,17600.0,3900,Buy,233624080
2024-08-21 13:39:37,17600.0,2000,Buy,233624058
2024-08-21 13:39:37,17600.0,1000,Buy,233624049
2024-08-21 13:39:37,17600.0,2000,Buy,233624055
2024-08-21 13:39:37,17600.0,2000,Buy,233624056
2024-08-21 13:39:39,17550.0,500,Sell,233624119
2024-08-21 13:39:40,17600.0,600,Buy,233624166
2024-08-21 13:39:41,17600.0,400,Buy,233624197
2024-08-21 13:39:41,17600.0,10000,Buy,233624199
2024-08-21 13:39:41,17600.0,4000,Buy,233624221
2024-08-21 13:39:41,17600.0,100,Buy,233624222
2024-08-21 13:39:42,17600.0,40000,Buy,233624328
2024-08-21 13:39:43,17600.0,200,Buy,233624340
2024-08-21 13:39:43,17600.0,3000,Buy,233624341
2024-08-21 13:39:43,17600.0,1000,Buy,233624347
2024-08-21 13:39:44,17600.0,5000,Buy,233624360
2024-08-21 13:39:44,17600.0,10000,Buy,233624384
2024-08-21 13:39:45,17600.0,5000,Buy,233624451
2024-08-21 13:39:45,17600.0,200,Buy,233624445
2024-08-21 13:39:45,17600.0,500,Buy,233624423
2024-08-21 13:39:45,17600.0,100,Buy,233624398
2024-08-21 13:39:45,17600.0,1000,Buy,233624424
2024-08-21 13:39:46,17600.0,3000,Buy,233624488
2024-08-21 13:39:46,17600.0,300,Buy,233624489
2024-08-21 13:39:47,17600.0,30000,Buy,233624555
2024-08-21 13:39:47,17600.0,100,Buy,233624556
2024-08-21 13:39:47,17600.0,1000,Buy,233624557
2024-08-21 13:39:48,17600.0,500,Buy,233624630
2024-08-21 13:39:49,17600.0,100,Buy,233624750
2024-08-21 13:39:50,17600.0,1000,Buy,233624756
2024-08-21 13:39:50,17600.0,2000,Buy,233624769
2024-08-21 13:39:51,17600.0,2000,Buy,233624802
2024-08-21 13:39:51,17600.0,100,Buy,233624823
2024-08-21 13:39:52,17600.0,3100,Buy,233624857
2024-08-21 13:39:53,17600.0,2600,Buy,233624906
2024-08-21 13:39:53,17600.0,5000,Buy,233624885
2024-08-21 13:39:54,17600.0,1000,Buy,233624933
2024-08-21 13:39:54,17600.0,6000,Buy,233624944
2024-08-21 13:39:54,17600.0,10200,Buy,233624939
2024-08-21 13:39:54,17600.0,500,Buy,233624940
2024-08-21 13:39:55,17600.0,900,Buy,233624965
2024-08-21 13:39:55,17600.0,500,Buy,233624983
2024-08-21 13:39:56,17600.0,2500,Buy,233625130
2024-08-21 13:39:56,17600.0,2900,Buy,233625131
2024-08-21 13:39:56,17600.0,300,Buy,233625132
2024-08-21 13:39:56,17600.0,1000,Buy,233625137
2024-08-21 13:39:57,17600.0,2000,Buy,233625143
2024-08-21 13:39:57,17600.0,500,Buy,233625150
2024-08-21 13:39:57,17600.0,100,Buy,233625154
2024-08-21 13:39:58,17600.0,3900,Buy,233625192
2024-08-21 13:39:58,17600.0,1000,Buy,233625204
2024-08-21 13:39:58,17600.0,5000,Buy,233625205
2024-08-21 13:39:59,17600.0,1000,Buy,233625252
2024-08-21 13:39:59,17600.0,1000,Buy,233625233
2024-08-21 13:39:59,17600.0,100,Buy,233625232
2024-08-21 13:39:59,17600.0,900,Buy,233625213
2024-08-21 13:39:59,17600.0,100,Buy,233625231
2024-08-21 13:39:59,17600.0,100,Buy,233625225
2024-08-21 13:40:00,17600.0,400,Buy,233625256
2024-08-21 13:40:00,17600.0,100,Buy,233625414
2024-08-21 13:40:01,17600.0,6000,Buy,233625425
2024-08-21 13:40:01,17600.0,19000,Buy,233625433
2024-08-21 13:40:01,17600.0,10000,Buy,233625434
2024-08-21 13:40:01,17600.0,100,Buy,233625435
2024-08-21 13:40:01,17600.0,10000,Buy,233625439
2024-08-21 13:40:02,17600.0,1300,Buy,233625454
2024-08-21 13:40:02,17600.0,1000,Buy,233625459
2024-08-21 13:40:02,17600.0,5700,Buy,233625458
2024-08-21 13:40:02,17600.0,500,Buy,233625457
2024-08-21 13:40:02,17600.0,5700,Buy,233625456
2024-08-21 13:40:02,17600.0,100,Buy,233625455
2024-08-21 13:40:02,17600.0,5700,Buy,233625453
2024-08-21 13:40:02,17600.0,100,Buy,233625451
2024-08-21 13:40:02,17600.0,15400,Buy,233625446
2024-08-21 13:40:02,17600.0,200,Buy,233625447
2024-08-21 13:40:02,17600.0,200,Buy,233625452
2024-08-21 13:40:02,17600.0,2000,Buy,233625449
2024-08-21 13:40:02,17600.0,100,Buy,233625450
2024-08-21 13:40:02,17600.0,100,Buy,233625448
2024-08-21 13:40:15,17650.0,200,Buy,233625835
2024-08-21 13:40:22,17650.0,100,Buy,233626055
2024-08-21 13:40:23,17650.0,200,Buy,233626134
2024-08-21 13:40:23,17650.0,500,Buy,233626135
2024-08-21 13:40:23,17650.0,300,Buy,233626136
2024-08-21 13:40:25,17650.0,4500,Buy,233626181
2024-08-21 13:40:25,17650.0,200,Buy,233626182
2024-08-21 13:40:25,17650.0,8800,Buy,233626183
2024-08-21 13:40:25,17650.0,100,Buy,233626184
2024-08-21 13:40:25,17650.0,100,Buy,233626187
2024-08-21 13:40:25,17650.0,200,Buy,233626186
2024-08-21 13:40:25,17650.0,200,Buy,233626180
2024-08-21 13:40:25,17650.0,900,Buy,233626188
2024-08-21 13:40:25,17650.0,6000,Buy,233626189
2024-08-21 13:40:25,17650.0,1000,Buy,233626185
2024-08-21 13:40:25,17650.0,2000,Buy,233626179
2024-08-21 13:40:25,17650.0,500,Buy,233626175
2024-08-21 13:40:25,17650.0,100,Buy,233626177
2024-08-21 13:40:25,17650.0,2700,Buy,233626176
2024-08-21 13:40:25,17650.0,5000,Buy,233626174
2024-08-21 13:40:25,17650.0,500,Buy,233626190
2024-08-21 13:40:25,17650.0,1000,Buy,233626172
2024-08-21 13:40:25,17650.0,5000,Buy,233626171
2024-08-21 13:40:25,17650.0,100,Buy,233626170
2024-08-21 13:40:25,17650.0,3400,Buy,233626169
2024-08-21 13:40:25,17650.0,500,Buy,233626168
2024-08-21 13:40:25,17650.0,4700,Buy,233626167
2024-08-21 13:40:25,17650.0,1000,Buy,233626178
2024-08-21 13:40:25,17650.0,1500,Buy,233626173
2024-08-21 13:40:26,17650.0,400,Buy,233626260
2024-08-21 13:40:26,17650.0,3500,Buy,233626262
2024-08-21 13:40:28,17650.0,1000,Buy,233626329
2024-08-21 13:40:29,17650.0,1500,Buy,233626396
2024-08-21 13:40:30,17650.0,100,Buy,233626430
2024-08-21 13:40:30,17650.0,900,Buy,233626428
2024-08-21 13:40:30,17650.0,100,Buy,233626404
2024-08-21 13:40:30,17650.0,600,Buy,233626403
2024-08-21 13:40:30,17650.0,500,Buy,233626429
2024-08-21 13:40:30,17650.0,100,Buy,233626401
2024-08-21 13:40:30,17650.0,200,Buy,233626400
2024-08-21 13:40:30,17650.0,600,Buy,233626399
2024-08-21 13:40:30,17650.0,8100,Buy,233626398
2024-08-21 13:40:30,17650.0,300,Buy,233626402
2024-08-21 13:40:32,17650.0,1000,Buy,233626505
2024-08-21 13:40:33,17650.0,700,Buy,233626554
2024-08-21 13:40:33,17650.0,1000,Buy,233626555
2024-08-21 13:40:34,17650.0,1000,Buy,233626613
2024-08-21 13:40:35,17650.0,600,Buy,233626662
2024-08-21 13:40:35,17650.0,1100,Buy,233626664
2024-08-21 13:40:35,17650.0,400,Buy,233626663
2024-08-21 13:40:35,17650.0,300,Buy,233626661
2024-08-21 13:40:35,17650.0,5800,Buy,233626652
2024-08-21 13:40:35,17650.0,100,Buy,233626659
2024-08-21 13:40:35,17650.0,100,Buy,233626658
2024-08-21 13:40:35,17650.0,3000,Buy,233626657
2024-08-21 13:40:35,17650.0,500,Buy,233626651
2024-08-21 13:40:35,17650.0,100,Buy,233626660
2024-08-21 13:40:37,17650.0,5000,Buy,233626765
2024-08-21 13:40:37,17650.0,23300,Buy,233626730
2024-08-21 13:40:37,17650.0,3300,Buy,233626729
2024-08-21 13:40:37,17650.0,100,Buy,233626728
2024-08-21 13:40:37,17650.0,1000,Buy,233626727
2024-08-21 13:40:37,17650.0,1000,Buy,233626726
2024-08-21 13:40:37,17650.0,100,Buy,233626725
2024-08-21 13:40:37,17650.0,3000,Buy,233626723
2024-08-21 13:40:37,17650.0,500,Buy,233626724
2024-08-21 13:40:37,17650.0,5000,Buy,233626722
2024-08-21 13:40:37,17650.0,500,Buy,233626721
2024-08-21 13:40:37,17650.0,3900,Buy,233626712
2024-08-21 13:40:37,17650.0,2000,Buy,233626714
2024-08-21 13:40:37,17650.0,3000,Buy,233626715
2024-08-21 13:40:37,17650.0,100,Buy,233626713
2024-08-21 13:40:37,17650.0,100,Buy,233626717
2024-08-21 13:40:37,17650.0,2000,Buy,233626718
2024-08-21 13:40:37,17650.0,300,Buy,233626719
2024-08-21 13:40:37,17650.0,400,Buy,233626720
2024-08-21 13:40:37,17650.0,400,Buy,233626716
2024-08-21 13:40:38,17700.0,100,Buy,233626806
2024-08-21 13:40:38,17700.0,5400,Buy,233626811
2024-08-21 13:40:38,17700.0,5000,Buy,233626810
2024-08-21 13:40:38,17700.0,100,Buy,233626809
2024-08-21 13:40:38,17700.0,100,Buy,233626808
2024-08-21 13:40:38,17700.0,100,Buy,233626807
2024-08-21 13:40:38,17700.0,100,Buy,233626805
2024-08-21 13:40:38,17650.0,2000,Buy,233626801
2024-08-21 13:40:38,17700.0,200,Buy,233626803
2024-08-21 13:40:38,17700.0,200,Buy,233626802
2024-08-21 13:40:38,17650.0,5700,Buy,233626800
2024-08-21 13:40:38,17650.0,1100,Buy,233626799
2024-08-21 13:40:38,17650.0,29700,Buy,233626798
2024-08-21 13:40:38,17650.0,2000,Buy,233626784
2024-08-21 13:40:38,17700.0,200,Buy,233626804
2024-08-21 13:40:39,17700.0,23000,Buy,233626863
2024-08-21 13:40:39,17650.0,300,Sell,233626880
2024-08-21 13:40:39,17650.0,200,Sell,233626879
2024-08-21 13:40:39,17700.0,2000,Buy,233626862
2024-08-21 13:40:39,17700.0,500,Buy,233626860
2024-08-21 13:40:39,17700.0,100,Buy,233626859
2024-08-21 13:40:39,17700.0,500,Buy,233626858
2024-08-21 13:40:39,17700.0,100,Buy,233626857
2024-08-21 13:40:39,17700.0,8000,Buy,233626861
2024-08-21 13:40:47,17700.0,200,Buy,233627265
2024-08-21 13:40:47,17700.0,200,Buy,233627273
2024-08-21 13:40:49,17650.0,300,Sell,233627381
2024-08-21 13:40:50,17650.0,400,Sell,233627410
2024-08-21 13:40:57,17700.0,6600,Buy,233627780
2024-08-21 13:40:57,17700.0,100,Buy,233627779
2024-08-21 13:40:57,17700.0,100,Buy,233627778
2024-08-21 13:40:57,17700.0,3000,Buy,233627777
2024-08-21 13:40:57,17700.0,1000,Buy,233627776
2024-08-21 13:40:57,17700.0,100,Buy,233627775
2024-08-21 13:40:57,17700.0,1200,Buy,233627774
2024-08-21 13:40:57,17700.0,35000,Buy,233627773
2024-08-21 13:40:57,17700.0,100,Buy,233627768
2024-08-21 13:40:57,17700.0,3000,Buy,233627771
2024-08-21 13:40:57,17700.0,1000,Buy,233627770
2024-08-21 13:40:57,17700.0,200,Buy,233627769
2024-08-21 13:40:57,17700.0,500,Buy,233627767
2024-08-21 13:40:57,17700.0,30000,Buy,233627766
2024-08-21 13:40:57,17700.0,1000,Buy,233627765
2024-08-21 13:40:57,17700.0,2000,Buy,233627764
2024-08-21 13:40:57,17700.0,2000,Buy,233627772
2024-08-21 13:40:57,17700.0,1000,Buy,233627781
2024-08-21 13:40:57,17700.0,6000,Buy,233627800
2024-08-21 13:40:57,17700.0,200,Buy,233627783
2024-08-21 13:40:57,17700.0,100,Buy,233627801
2024-08-21 13:40:57,17700.0,1000,Buy,233627763
2024-08-21 13:40:57,17700.0,500,Buy,233627799
2024-08-21 13:40:57,17700.0,1000,Buy,233627798
2024-08-21 13:40:57,17700.0,5300,Buy,233627797
2024-08-21 13:40:57,17700.0,100,Buy,233627796
2024-08-21 13:40:57,17700.0,200,Buy,233627795
2024-08-21 13:40:57,17700.0,1000,Buy,233627794
2024-08-21 13:40:57,17700.0,300,Buy,233627782
2024-08-21 13:40:57,17700.0,100,Buy,233627793
2024-08-21 13:40:57,17700.0,100,Buy,233627791
2024-08-21 13:40:57,17700.0,100,Buy,233627790
2024-08-21 13:40:57,17700.0,1800,Buy,233627789
2024-08-21 13:40:57,17700.0,300,Buy,233627788
2024-08-21 13:40:57,17700.0,10000,Buy,233627787
2024-08-21 13:40:57,17700.0,10100,Buy,233627786
2024-08-21 13:40:57,17700.0,200,Buy,233627785
2024-08-21 13:40:57,17700.0,5000,Buy,233627784
2024-08-21 13:40:57,17700.0,1000,Buy,233627792
2024-08-21 13:40:57,17700.0,100,Buy,233627762
2024-08-21 13:40:57,17700.0,500,Buy,233627758
2024-08-21 13:40:57,17700.0,2000,Buy,233627760
2024-08-21 13:40:57,17700.0,1000,Buy,233627737
2024-08-21 13:40:57,17700.0,100,Buy,233627735
2024-08-21 13:40:57,17700.0,100,Buy,233627734
2024-08-21 13:40:57,17700.0,200,Buy,233627733
2024-08-21 13:40:57,17700.0,100,Buy,233627732
2024-08-21 13:40:57,17700.0,2000,Buy,233627731
2024-08-21 13:40:57,17700.0,500,Buy,233627730
2024-08-21 13:40:57,17700.0,500,Buy,233627729
2024-08-21 13:40:57,17700.0,500,Buy,233627728
2024-08-21 13:40:57,17700.0,500,Buy,233627727
2024-08-21 13:40:57,17700.0,100,Buy,233627726
2024-08-21 13:40:57,17700.0,200,Buy,233627725
2024-08-21 13:40:57,17700.0,100,Buy,233627724
2024-08-21 13:40:57,17700.0,3000,Buy,233627761
2024-08-21 13:40:57,17700.0,100,Buy,233627722
2024-08-21 13:40:57,17700.0,100,Buy,233627721
2024-08-21 13:40:57,17700.0,16600,Buy,233627720
2024-08-21 13:40:57,17700.0,500,Buy,233627738
2024-08-21 13:40:57,17700.0,100,Buy,233627739
2024-08-21 13:40:57,17700.0,100,Buy,233627723
2024-08-21 13:40:57,17700.0,500,Buy,233627741
2024-08-21 13:40:57,17700.0,100,Buy,233627759
2024-08-21 13:40:57,17700.0,500,Buy,233627757
2024-08-21 13:40:57,17700.0,10000,Buy,233627756
2024-08-21 13:40:57,17700.0,1000,Buy,233627755
2024-08-21 13:40:57,17700.0,500,Buy,233627754
2024-08-21 13:40:57,17700.0,100,Buy,233627753
2024-08-21 13:40:57,17700.0,500,Buy,233627751
2024-08-21 13:40:57,17700.0,500,Buy,233627750
2024-08-21 13:40:57,17700.0,200,Buy,233627752
2024-08-21 13:40:57,17700.0,100,Buy,233627748
2024-08-21 13:40:57,17700.0,6600,Buy,233627747
2024-08-21 13:40:57,17700.0,3000,Buy,233627746
2024-08-21 13:40:57,17700.0,2000,Buy,233627745
2024-08-21 13:40:57,17700.0,2000,Buy,233627744
2024-08-21 13:40:57,17700.0,10000,Buy,233627743
2024-08-21 13:40:57,17700.0,500,Buy,233627742
2024-08-21 13:40:57,17700.0,100,Buy,233627749
2024-08-21 13:40:57,17700.0,500,Buy,233627740
2024-08-21 13:41:00,17650.0,500,Sell,233627910
2024-08-21 13:41:01,17700.0,100,Buy,233627964
2024-08-21 13:41:01,17700.0,400,Buy,233627965
2024-08-21 13:41:03,17700.0,3000,Buy,233628043
2024-08-21 13:41:03,17700.0,5900,Buy,233628044
2024-08-21 13:41:03,17700.0,100,Buy,233628042
2024-08-21 13:41:03,17700.0,700,Buy,233628040
2024-08-21 13:41:03,17700.0,400,Buy,233628021
2024-08-21 13:41:03,17700.0,10000,Buy,233628041
2024-08-21 13:41:05,17700.0,100,Buy,233628085
2024-08-21 13:41:05,17700.0,4000,Buy,233628115
2024-08-21 13:41:08,17700.0,50000,Buy,233628248
2024-08-21 13:41:12,17700.0,200,Buy,233628364
2024-08-21 13:41:13,17700.0,20000,Buy,233628378
2024-08-21 13:41:13,17700.0,500,Buy,233628448
2024-08-21 13:41:16,17700.0,1000,Buy,233628587
2024-08-21 13:41:18,17700.0,100000,Buy,233628609
2024-08-21 13:41:18,17700.0,10000,Buy,233628636
2024-08-21 13:41:19,17700.0,500,Buy,233628654
2024-08-21 13:41:20,17700.0,1000,Buy,233628671
2024-08-21 13:41:21,17700.0,5000,Buy,233628718
2024-08-21 13:41:22,17700.0,200,Buy,233628765
2024-08-21 13:41:24,17700.0,10000,Buy,233628806
2024-08-21 13:41:25,17700.0,100,Buy,233628813
2024-08-21 13:41:26,17700.0,5000,Buy,233628847
2024-08-21 13:41:27,17700.0,10000,Buy,233628902
2024-08-21 13:41:28,17700.0,300,Buy,233628913
2024-08-21 13:41:29,17700.0,1200,Buy,233628966
2024-08-21 13:41:29,17700.0,7000,Buy,233628969
2024-08-21 13:41:31,17700.0,30000,Buy,233629008
2024-08-21 13:41:31,17700.0,1000,Buy,233629014
2024-08-21 13:41:32,17700.0,9000,Buy,233629025
2024-08-21 13:41:32,17700.0,200,Buy,233629031
2024-08-21 13:41:33,17700.0,2000,Buy,233629075
2024-08-21 13:41:35,17700.0,200,Buy,233629137
2024-08-21 13:41:37,17700.0,200,Buy,233629191
2024-08-21 13:41:38,17700.0,1000,Buy,233629226
2024-08-21 13:41:38,17700.0,200,Buy,233629239
2024-08-21 13:41:38,17700.0,20000,Buy,233629215
2024-08-21 13:41:40,17700.0,1000,Buy,233629277
2024-08-21 13:41:41,17700.0,2500,Buy,233629298
2024-08-21 13:41:41,17700.0,100,Buy,233629307
2024-08-21 13:41:41,17700.0,600,Buy,233629308
2024-08-21 13:41:41,17700.0,1400,Buy,233629309
2024-08-21 13:41:48,17700.0,300,Buy,233629583
2024-08-21 13:41:49,17700.0,2000,Buy,233629614
2024-08-21 13:41:49,17700.0,500,Buy,233629631
2024-08-21 13:41:50,17700.0,20000,Buy,233629635
2024-08-21 13:41:51,17700.0,900,Buy,233629664
