time,price,volume,match_type,id
2024-08-28 09:14:59,17800.0,10900,ATO/ATC,235229815
2024-08-28 09:15:13,17750.0,4200,Sell,235230195
2024-08-28 09:15:29,17800.0,200,Buy,235230481
2024-08-28 09:15:56,17750.0,400,Sell,235231106
2024-08-28 09:15:56,17750.0,300,Sell,235231105
2024-08-28 09:15:56,17750.0,800,Sell,235231102
2024-08-28 09:15:56,17750.0,200,Sell,235231103
2024-08-28 09:15:56,17750.0,1000,Sell,235231104
2024-08-28 09:15:58,17800.0,1000,Buy,235231141
2024-08-28 09:16:17,17750.0,7000,Sell,235231636
2024-08-28 09:16:17,17750.0,100,Sell,235231635
2024-08-28 09:16:17,17750.0,300,Sell,235231634
2024-08-28 09:16:17,17750.0,200,Sell,235231633
2024-08-28 09:16:17,17750.0,100,Sell,235231627
2024-08-28 09:16:17,17750.0,1000,Sell,235231631
2024-08-28 09:16:17,17750.0,200,Sell,235231628
2024-08-28 09:16:17,17750.0,100,Sell,235231632
2024-08-28 09:16:17,17750.0,1000,Sell,235231630
2024-08-28 09:16:17,17750.0,100,Sell,235231629
2024-08-28 09:16:55,17750.0,2700,Sell,235232523
2024-08-28 09:17:00,17750.0,1800,Sell,235232631
2024-08-28 09:17:14,17750.0,10000,Sell,235232989
2024-08-28 09:17:22,17750.0,500,Sell,235233177
2024-08-28 09:17:38,17750.0,5700,Sell,235233590
2024-08-28 09:17:55,17750.0,2300,Sell,235233989
2024-08-28 09:17:55,17750.0,500,Sell,235233990
2024-08-28 09:17:55,17750.0,2900,Sell,235233991
2024-08-28 09:18:03,17750.0,3000,Sell,235234220
2024-08-28 09:18:09,17750.0,4100,Sell,235234426
2024-08-28 09:18:09,17750.0,1600,Sell,235234427
2024-08-28 09:18:21,17750.0,5700,Sell,235234833
2024-08-28 09:18:29,17750.0,500,Sell,235235009
2024-08-28 09:18:56,17750.0,4000,Sell,235235574
2024-08-28 09:19:07,17750.0,1400,Sell,235235858
2024-08-28 09:19:07,17750.0,100,Sell,235235856
2024-08-28 09:19:07,17750.0,300,Sell,235235857
2024-08-28 09:19:07,17750.0,8200,Sell,235235855
2024-08-28 09:19:29,17750.0,1600,Sell,235236420
2024-08-28 09:19:29,17750.0,100,Sell,235236421
2024-08-28 09:19:29,17750.0,200,Sell,235236422
2024-08-28 09:19:29,17750.0,1900,Sell,235236423
2024-08-28 09:19:29,17750.0,100,Sell,235236424
2024-08-28 09:19:29,17750.0,500,Sell,235236425
2024-08-28 09:19:29,17750.0,100,Sell,235236426
2024-08-28 09:19:33,17750.0,100,Sell,235236514
2024-08-28 09:19:33,17750.0,100,Sell,235236515
2024-08-28 09:19:33,17750.0,300,Sell,235236516
2024-08-28 09:19:35,17750.0,1000,Sell,235236547
2024-08-28 09:19:40,17750.0,2600,Sell,235236654
2024-08-28 09:19:40,17750.0,1100,Sell,235236653
2024-08-28 09:19:40,17750.0,1700,Sell,235236652
2024-08-28 09:19:45,17750.0,100,Sell,235236800
2024-08-28 09:19:45,17750.0,200,Sell,235236799
2024-08-28 09:19:45,17750.0,400,Sell,235236795
2024-08-28 09:19:45,17750.0,500,Sell,235236797
2024-08-28 09:19:45,17750.0,200,Sell,235236796
2024-08-28 09:19:45,17750.0,5000,Sell,235236798
2024-08-28 09:19:50,17750.0,100,Buy,235236864
2024-08-28 09:20:23,17750.0,100,Buy,235237532
2024-08-28 09:20:48,17750.0,500,Buy,235238103
2024-08-28 09:20:54,17750.0,100,Buy,235238191
2024-08-28 09:21:13,17700.0,100,Sell,235238577
2024-08-28 09:21:13,17700.0,500,Sell,235238578
2024-08-28 09:21:31,17750.0,100,Buy,235238819
2024-08-28 09:22:42,17750.0,1000,Buy,235240467
2024-08-28 09:22:50,17750.0,900,Buy,235240599
2024-08-28 09:22:52,17750.0,200,Buy,235240632
2024-08-28 09:22:52,17750.0,1000,Buy,235240631
2024-08-28 09:22:52,17750.0,800,Buy,235240630
2024-08-28 09:23:37,17750.0,100,Buy,235241573
2024-08-28 09:23:51,17750.0,500,Buy,235241864
2024-08-28 09:24:57,17750.0,200,Buy,235243122
2024-08-28 09:25:02,17750.0,200,Buy,235243185
2024-08-28 09:25:07,17750.0,200,Buy,235243321
2024-08-28 09:25:14,17750.0,200,Buy,235243459
2024-08-28 09:25:21,17750.0,8800,Buy,235243598
2024-08-28 09:25:21,17750.0,6000,Buy,235243599
2024-08-28 09:25:21,17750.0,5200,Buy,235243600
2024-08-28 09:25:28,17750.0,200,Buy,235243791
2024-08-28 09:25:34,17750.0,100,Buy,235243903
2024-08-28 09:25:38,17750.0,200,Buy,235243970
2024-08-28 09:25:52,17750.0,1400,Buy,235244239
2024-08-28 09:25:55,17750.0,5000,Buy,235244322
2024-08-28 09:26:10,17750.0,500,Buy,235244581
2024-08-28 09:26:22,17750.0,300,Buy,235244846
2024-08-28 09:26:27,17750.0,100,Buy,235244919
2024-08-28 09:26:56,17700.0,500,Sell,235245429
2024-08-28 09:26:56,17700.0,500,Sell,235245430
2024-08-28 09:27:21,17700.0,1000,Sell,235245968
2024-08-28 09:27:21,17700.0,1000,Sell,235245972
2024-08-28 09:28:18,17700.0,100,Sell,235247209
2024-08-28 09:28:23,17700.0,4300,Sell,235247345
2024-08-28 09:28:34,17700.0,1100,Sell,235247546
2024-08-28 09:28:34,17700.0,100,Sell,235247547
2024-08-28 09:28:34,17700.0,200,Sell,235247548
2024-08-28 09:28:34,17700.0,2600,Sell,235247549
2024-08-28 09:28:42,17700.0,500,Sell,235247756
2024-08-28 09:29:03,17700.0,1500,Sell,235248253
2024-08-28 09:30:01,17750.0,1000,Buy,235249609
2024-08-28 09:30:01,17750.0,1000,Buy,235249610
2024-08-28 09:30:24,17750.0,100,Buy,235250139
2024-08-28 09:30:37,17750.0,100,Buy,235250431
2024-08-28 09:30:40,17750.0,300,Buy,235250473
2024-08-28 09:30:40,17750.0,700,Buy,235250472
2024-08-28 09:30:46,17750.0,500,Buy,235250661
2024-08-28 09:30:59,17750.0,100,Buy,235250922
2024-08-28 09:31:02,17750.0,1000,Buy,235250972
2024-08-28 09:31:14,17750.0,1000,Buy,235251299
2024-08-28 09:31:21,17750.0,900,Buy,235251469
2024-08-28 09:31:21,17750.0,400,Buy,235251470
2024-08-28 09:31:45,17750.0,500,Buy,235252095
2024-08-28 09:31:50,17750.0,1000,Buy,235252184
2024-08-28 09:31:50,17750.0,1900,Buy,235252185
2024-08-28 09:31:50,17750.0,1900,Buy,235252186
2024-08-28 09:31:50,17750.0,1900,Buy,235252187
2024-08-28 09:31:50,17750.0,3000,Buy,235252188
2024-08-28 09:31:50,17750.0,300,Buy,235252189
2024-08-28 09:31:57,17750.0,4800,Buy,235252346
2024-08-28 09:31:57,17750.0,5000,Buy,235252345
2024-08-28 09:31:57,17750.0,7000,Buy,235252344
2024-08-28 09:31:57,17750.0,500,Buy,235252342
2024-08-28 09:31:57,17750.0,500,Buy,235252343
2024-08-28 09:31:57,17750.0,2200,Buy,235252341
2024-08-28 09:31:59,17750.0,5000,Buy,235252406
2024-08-28 09:32:03,17700.0,1000,Sell,235252481
2024-08-28 09:32:05,17750.0,200,Buy,235252528
2024-08-28 09:32:05,17750.0,100,Buy,235252529
2024-08-28 09:32:05,17750.0,3000,Buy,235252530
2024-08-28 09:32:05,17750.0,500,Buy,235252531
2024-08-28 09:32:05,17750.0,3000,Buy,235252533
2024-08-28 09:32:05,17750.0,7000,Buy,235252534
2024-08-28 09:32:05,17750.0,1000,Buy,235252535
2024-08-28 09:32:05,17750.0,1000,Buy,235252536
2024-08-28 09:32:05,17750.0,800,Buy,235252537
2024-08-28 09:32:05,17750.0,1000,Buy,235252538
2024-08-28 09:32:05,17750.0,4000,Buy,235252532
2024-08-28 09:32:10,17750.0,4500,Sell,235252623
2024-08-28 09:32:31,17800.0,200,Buy,235253126
2024-08-28 09:32:52,17800.0,10000,Buy,235253695
2024-08-28 09:32:52,17800.0,12000,Buy,235253696
2024-08-28 09:32:52,17800.0,7200,Buy,235253697
2024-08-28 09:32:52,17800.0,6300,Buy,235253694
2024-08-28 09:33:00,17750.0,100,Sell,235254061
2024-08-28 09:33:00,17750.0,1000,Sell,235254062
2024-08-28 09:33:00,17750.0,700,Sell,235254063
2024-08-28 09:33:00,17750.0,500,Sell,235254064
2024-08-28 09:33:00,17750.0,1000,Sell,235254065
2024-08-28 09:33:00,17750.0,1700,Sell,235254066
2024-08-28 09:33:09,17750.0,300,Sell,235254210
2024-08-28 09:33:09,17750.0,200,Sell,235254211
2024-08-28 09:33:18,17750.0,2000,Buy,235254384
2024-08-28 09:33:18,17750.0,500,Buy,235254391
2024-08-28 09:33:20,17750.0,1000,Buy,235254435
2024-08-28 09:33:20,17750.0,1000,Buy,235254436
2024-08-28 09:33:28,17750.0,1000,Buy,235254591
2024-08-28 09:33:28,17750.0,9000,Buy,235254590
2024-08-28 09:33:29,17750.0,500,Buy,235254601
2024-08-28 09:33:29,17750.0,1000,Buy,235254603
2024-08-28 09:33:33,17750.0,500,Buy,235254679
2024-08-28 09:33:34,17750.0,3800,Buy,235254717
2024-08-28 09:33:43,17750.0,100,Sell,235254918
2024-08-28 09:33:43,17750.0,6200,Sell,235254915
2024-08-28 09:33:43,17750.0,500,Sell,235254916
2024-08-28 09:33:43,17750.0,300,Sell,235254917
2024-08-28 09:33:52,17750.0,300,Buy,235255151
2024-08-28 09:34:00,17750.0,1500,Buy,235255328
2024-08-28 09:34:02,17750.0,3500,Buy,235255381
2024-08-28 09:34:02,17750.0,11800,Buy,235255382
2024-08-28 09:34:03,17800.0,1000,Buy,235255389
2024-08-28 09:34:04,17750.0,8000,Sell,235255416
2024-08-28 09:34:15,17750.0,6700,Sell,235255611
2024-08-28 09:34:15,17750.0,100,Sell,235255612
2024-08-28 09:34:15,17750.0,500,Sell,235255613
2024-08-28 09:34:19,17750.0,500,Buy,235255754
2024-08-28 09:34:19,17750.0,300,Buy,235255755
2024-08-28 09:34:23,17750.0,100,Buy,235255812
2024-08-28 09:34:24,17750.0,500,Buy,235255834
2024-08-28 09:34:25,17750.0,700,Buy,235255853
2024-08-28 09:34:26,17750.0,100,Buy,235255865
2024-08-28 09:34:37,17750.0,200,Buy,235256120
2024-08-28 09:34:42,17750.0,1000,Buy,235256221
2024-08-28 09:34:45,17750.0,300,Buy,235256296
2024-08-28 09:34:52,17750.0,200,Buy,235256405
2024-08-28 09:35:20,17750.0,800,Buy,235257050
2024-08-28 09:35:20,17750.0,300,Buy,235257051
2024-08-28 09:35:30,17750.0,1700,Buy,235257201
2024-08-28 09:35:30,17750.0,10000,Buy,235257202
2024-08-28 09:35:30,17750.0,6000,Buy,235257203
2024-08-28 09:35:30,17750.0,1000,Buy,235257204
2024-08-28 09:35:30,17750.0,1300,Buy,235257205
2024-08-28 09:35:48,17750.0,500,Buy,235257745
2024-08-28 09:36:02,17750.0,3900,Buy,235258008
2024-08-28 09:36:02,17750.0,100,Buy,235258007
2024-08-28 09:36:07,17750.0,1000,Buy,235258062
2024-08-28 09:36:30,17750.0,400,Buy,235258496
2024-08-28 09:36:30,17750.0,100,Buy,235258495
2024-08-28 09:36:59,17750.0,1800,Buy,235259098
2024-08-28 09:37:06,17750.0,1500,Buy,235259240
2024-08-28 09:37:06,17750.0,16300,Buy,235259272
2024-08-28 09:37:06,17750.0,900,Buy,235259273
2024-08-28 09:37:06,17750.0,9000,Buy,235259274
2024-08-28 09:37:06,17750.0,1900,Buy,235259275
2024-08-28 09:37:06,17750.0,1900,Buy,235259276
2024-08-28 09:37:06,17750.0,1900,Buy,235259277
2024-08-28 09:37:06,17750.0,1900,Buy,235259278
2024-08-28 09:37:06,17750.0,1900,Buy,235259279
2024-08-28 09:37:06,17750.0,6000,Buy,235259280
2024-08-28 09:37:06,17750.0,2300,Buy,235259281
2024-08-28 09:37:17,17750.0,4700,Buy,235259594
2024-08-28 09:37:17,17750.0,3300,Buy,235259592
2024-08-28 09:37:17,17750.0,2000,Buy,235259593
2024-08-28 09:37:23,17750.0,500,Buy,235259712
2024-08-28 09:37:29,17750.0,100,Buy,235259843
2024-08-28 09:37:29,17750.0,2200,Buy,235259844
2024-08-28 09:38:17,17750.0,100,Buy,235260659
2024-08-28 09:38:21,17750.0,1100,Buy,235260743
2024-08-28 09:38:31,17750.0,800,Buy,235260893
2024-08-28 09:38:31,17750.0,200,Buy,235260894
2024-08-28 09:39:00,17750.0,5800,Buy,235261431
2024-08-28 09:39:00,17750.0,4200,Buy,235261432
2024-08-28 09:39:08,17750.0,1200,Buy,235261566
2024-08-28 09:39:09,17750.0,500,Buy,235261594
2024-08-28 09:39:13,17750.0,2100,Buy,235261672
2024-08-28 09:39:13,17750.0,5500,Buy,235261673
2024-08-28 09:39:13,17750.0,2000,Buy,235261674
2024-08-28 09:39:13,17750.0,400,Buy,235261675
2024-08-28 09:39:24,17750.0,200,Buy,235261936
2024-08-28 09:39:28,17750.0,15300,Buy,235262021
2024-08-28 09:39:28,17750.0,300,Buy,235262020
2024-08-28 09:39:28,17750.0,4400,Buy,235262019
2024-08-28 09:39:51,17750.0,500,Buy,235262439
2024-08-28 09:40:22,17750.0,200,Buy,235263001
2024-08-28 09:40:22,17750.0,100,Buy,235263002
2024-08-28 09:40:22,17750.0,100,Buy,235263003
2024-08-28 09:40:22,17750.0,1000,Buy,235263004
2024-08-28 09:40:22,17750.0,800,Buy,235263005
2024-08-28 09:40:22,17750.0,10000,Buy,235263006
2024-08-28 09:40:22,17750.0,100,Buy,235263007
2024-08-28 09:40:22,17750.0,6800,Buy,235263008
2024-08-28 09:40:22,17750.0,700,Buy,235263000
2024-08-28 09:40:48,17750.0,1500,Sell,235263437
2024-08-28 09:40:52,17750.0,3200,Sell,235263485
2024-08-28 09:41:11,17750.0,5500,Sell,235263778
2024-08-28 09:41:11,17750.0,1000,Sell,235263779
2024-08-28 09:41:19,17750.0,600,Buy,235263909
2024-08-28 09:41:23,17750.0,100,Buy,235263978
2024-08-28 09:41:27,17750.0,300,Buy,235264039
2024-08-28 09:41:52,17750.0,500,Buy,235264510
2024-08-28 09:41:56,17750.0,300,Buy,235264599
2024-08-28 09:41:59,17750.0,500,Buy,235264661
2024-08-28 09:42:05,17750.0,200,Buy,235264739
2024-08-28 09:42:11,17750.0,1000,Buy,235264833
2024-08-28 09:42:11,17750.0,8000,Buy,235264834
2024-08-28 09:42:11,17750.0,100,Buy,235264835
2024-08-28 09:42:11,17750.0,1000,Buy,235264836
2024-08-28 09:42:11,17750.0,6900,Buy,235264837
2024-08-28 09:42:32,17700.0,4500,Sell,235265273
2024-08-28 09:42:43,17750.0,900,Buy,235265455
2024-08-28 09:42:43,17750.0,100,Buy,235265454
2024-08-28 09:42:44,17700.0,3500,Sell,235265477
2024-08-28 09:43:12,17750.0,100,Buy,235265995
2024-08-28 09:43:12,17750.0,300,Buy,235265996
2024-08-28 09:43:16,17750.0,3000,Buy,235266049
2024-08-28 09:43:31,17750.0,100,Buy,235266356
2024-08-28 09:43:58,17750.0,2200,Buy,235266845
2024-08-28 09:44:00,17750.0,4400,Buy,235266893
2024-08-28 09:44:00,17750.0,11000,Buy,235266894
2024-08-28 09:44:34,17750.0,700,Sell,235267426
2024-08-28 09:44:52,17800.0,200,Buy,235267737
2024-08-28 09:44:52,17800.0,1800,Buy,235267738
2024-08-28 09:45:34,17800.0,1000,Buy,235268650
2024-08-28 09:45:35,17800.0,500,Buy,235268691
2024-08-28 09:45:36,17800.0,9700,Buy,235268692
2024-08-28 09:45:58,17800.0,3800,Buy,235269296
2024-08-28 09:45:58,17800.0,5000,Buy,235269297
2024-08-28 09:45:58,17800.0,200,Buy,235269298
2024-08-28 09:46:03,17800.0,500,Buy,235269422
2024-08-28 09:46:09,17800.0,500,Buy,235269549
2024-08-28 09:46:09,17800.0,1000,Buy,235269550
2024-08-28 09:46:09,17800.0,3500,Buy,235269548
2024-08-28 09:46:15,17800.0,1000,Buy,235269705
2024-08-28 09:46:15,17800.0,1000,Buy,235269706
2024-08-28 09:46:21,17800.0,300,Buy,235269807
2024-08-28 09:46:23,17800.0,1000,Buy,235269835
2024-08-28 09:46:23,17800.0,500,Buy,235269834
2024-08-28 09:46:23,17800.0,1000,Buy,235269832
2024-08-28 09:46:23,17800.0,3700,Buy,235269831
2024-08-28 09:46:23,17800.0,200,Buy,235269833
2024-08-28 09:46:38,17800.0,1000,Buy,235270109
2024-08-28 09:46:53,17800.0,500,Buy,235270491
2024-08-28 09:46:53,17750.0,1000,Sell,235270499
2024-08-28 09:47:13,17750.0,3000,Sell,235270830
2024-08-28 09:47:20,17750.0,400,Sell,235270974
2024-08-28 09:47:23,17750.0,3400,Sell,235271017
2024-08-28 09:47:53,17750.0,4000,Sell,235271757
2024-08-28 09:47:56,17800.0,2500,Buy,235271927
2024-08-28 09:47:56,17800.0,3000,Buy,235271928
2024-08-28 09:47:56,17800.0,800,Buy,235271929
2024-08-28 09:47:56,17800.0,100,Buy,235271930
2024-08-28 09:47:56,17800.0,1800,Buy,235271931
2024-08-28 09:47:56,17800.0,100,Buy,235271932
2024-08-28 09:47:56,17800.0,200,Buy,235271933
2024-08-28 09:48:20,17800.0,700,Buy,235272430
2024-08-28 09:48:20,17800.0,300,Buy,235272429
2024-08-28 09:48:43,17800.0,5000,Buy,235272961
2024-08-28 09:49:20,17800.0,100,Buy,235273854
2024-08-28 09:49:36,17800.0,500,Buy,235274159
2024-08-28 09:49:36,17750.0,10300,Sell,235274155
2024-08-28 09:49:52,17800.0,500,Buy,235274457
2024-08-28 09:50:57,17800.0,1000,Buy,235275776
2024-08-28 09:51:21,17750.0,100,Sell,235276339
2024-08-28 09:51:40,17800.0,6200,Buy,235276675
2024-08-28 09:51:40,17800.0,100,Buy,235276681
2024-08-28 09:51:40,17800.0,300,Buy,235276680
2024-08-28 09:51:40,17800.0,300,Buy,235276682
2024-08-28 09:51:40,17800.0,100,Buy,235276678
2024-08-28 09:51:40,17800.0,1500,Buy,235276677
2024-08-28 09:51:40,17800.0,500,Buy,235276676
2024-08-28 09:51:40,17800.0,1000,Buy,235276679
2024-08-28 09:51:57,17800.0,400,Buy,235277159
2024-08-28 09:51:57,17800.0,200,Buy,235277160
2024-08-28 09:51:57,17800.0,8200,Buy,235277161
2024-08-28 09:51:57,17800.0,1200,Buy,235277158
2024-08-28 09:52:19,17800.0,400,Buy,235277565
2024-08-28 09:52:36,17750.0,5400,Sell,235277885
2024-08-28 09:52:52,17800.0,400,Buy,235278181
2024-08-28 09:53:09,17800.0,1000,Buy,235278559
2024-08-28 09:54:07,17750.0,3000,Sell,235279902
2024-08-28 09:54:07,17750.0,500,Sell,235279901
2024-08-28 09:54:23,17800.0,7000,Buy,235280205
2024-08-28 09:54:23,17800.0,100,Buy,235280206
2024-08-28 09:54:23,17800.0,2000,Buy,235280207
2024-08-28 09:54:23,17800.0,10000,Buy,235280208
2024-08-28 09:54:23,17800.0,5900,Buy,235280209
2024-08-28 09:54:44,17800.0,1000,Buy,235280751
2024-08-28 09:54:55,17800.0,1000,Buy,235280964
2024-08-28 09:55:06,17800.0,400,Buy,235281157
2024-08-28 09:55:14,17800.0,700,Buy,235281375
2024-08-28 09:55:14,17800.0,300,Buy,235281374
2024-08-28 09:55:17,17800.0,1000,Buy,235281420
2024-08-28 09:55:34,17800.0,1000,Buy,235281802
2024-08-28 09:55:55,17800.0,1000,Buy,235282161
2024-08-28 09:55:56,17800.0,1300,Buy,235282175
2024-08-28 09:55:56,17800.0,700,Buy,235282176
2024-08-28 09:56:07,17750.0,400,Sell,235282467
2024-08-28 09:56:37,17800.0,2100,Buy,235283282
2024-08-28 09:56:37,17800.0,500,Buy,235283281
2024-08-28 09:56:37,17800.0,100,Buy,235283278
2024-08-28 09:56:37,17800.0,2000,Buy,235283279
2024-08-28 09:56:37,17800.0,1000,Buy,235283280
2024-08-28 09:56:37,17800.0,4300,Buy,235283277
2024-08-28 09:56:46,17800.0,1000,Buy,235283519
2024-08-28 09:56:46,17800.0,1000,Buy,235283520
2024-08-28 09:56:46,17800.0,1000,Buy,235283521
2024-08-28 09:56:46,17800.0,3900,Buy,235283518
2024-08-28 09:56:59,17800.0,4000,Buy,235283754
2024-08-28 09:56:59,17800.0,1000,Buy,235283755
2024-08-28 09:57:01,17800.0,100,Buy,235283795
2024-08-28 09:57:01,17800.0,5600,Buy,235283796
2024-08-28 09:57:01,17800.0,100,Buy,235283797
2024-08-28 09:57:01,17800.0,800,Buy,235283798
2024-08-28 09:57:01,17800.0,1000,Buy,235283799
2024-08-28 09:57:01,17800.0,1000,Buy,235283800
2024-08-28 09:57:01,17800.0,1000,Buy,235283801
2024-08-28 09:57:01,17800.0,200,Buy,235283802
2024-08-28 09:57:01,17800.0,200,Buy,235283803
2024-08-28 09:57:19,17750.0,100,Sell,235284150
2024-08-28 09:57:40,17800.0,1700,Buy,235284499
2024-08-28 09:58:10,17800.0,200,Buy,235285096
2024-08-28 09:58:32,17800.0,900,Buy,235285498
2024-08-28 09:58:32,17800.0,100,Buy,235285499
2024-08-28 10:01:25,17800.0,100,Buy,235288926
2024-08-28 10:02:37,17800.0,900,Buy,235290296
2024-08-28 10:02:37,17800.0,1100,Buy,235290297
2024-08-28 10:02:37,17800.0,3000,Buy,235290488
2024-08-28 10:03:47,17800.0,400,Buy,235291801
2024-08-28 10:04:49,17800.0,5000,Buy,235292847
2024-08-28 10:05:22,17750.0,800,Sell,235293400
2024-08-28 10:06:10,17750.0,1900,Sell,235294303
2024-08-28 10:06:15,17750.0,1000,Sell,235294401
2024-08-28 10:06:23,17750.0,200,Sell,235294521
2024-08-28 10:06:45,17750.0,500,Sell,235294900
2024-08-28 10:07:52,17750.0,1900,Sell,235296016
2024-08-28 10:08:00,17750.0,2000,Sell,235296204
2024-08-28 10:08:28,17750.0,100,Sell,235296840
2024-08-28 10:08:56,17750.0,300,Sell,235297415
2024-08-28 10:09:18,17800.0,500,Buy,235297912
2024-08-28 10:09:18,17800.0,500,Buy,235297911
2024-08-28 10:09:18,17800.0,1000,Buy,235297913
2024-08-28 10:10:05,17800.0,200,Buy,235298771
2024-08-28 10:10:13,17750.0,5000,Sell,235298929
2024-08-28 10:10:43,17750.0,500,Sell,235299589
2024-08-28 10:11:57,17750.0,500,Sell,235301066
2024-08-28 10:12:16,17750.0,500,Sell,235301502
2024-08-28 10:12:52,17750.0,3000,Sell,235302255
2024-08-28 10:13:19,17750.0,10000,Sell,235302906
2024-08-28 10:13:39,17750.0,10000,Sell,235303310
2024-08-28 10:13:40,17800.0,100,Buy,235303348
2024-08-28 10:14:03,17750.0,5000,Sell,235303856
2024-08-28 10:14:20,17750.0,1000,Sell,235304271
2024-08-28 10:14:33,17750.0,1400,Sell,235304556
2024-08-28 10:14:33,17750.0,8100,Sell,235304554
2024-08-28 10:14:33,17750.0,500,Sell,235304555
2024-08-28 10:14:46,17750.0,10000,Sell,235304734
2024-08-28 10:14:51,17750.0,1000,Sell,235304804
2024-08-28 10:14:58,17750.0,5000,Sell,235304966
2024-08-28 10:15:15,17750.0,5000,Sell,235305300
2024-08-28 10:15:24,17800.0,5000,Buy,235305465
2024-08-28 10:16:03,17750.0,900,Sell,235306168
2024-08-28 10:16:43,17750.0,100,Sell,235307091
2024-08-28 10:16:48,17750.0,600,Sell,235307154
2024-08-28 10:17:08,17750.0,600,Sell,235307517
2024-08-28 10:19:21,17750.0,1000,Sell,235309969
2024-08-28 10:20:06,17750.0,2000,Sell,235310617
2024-08-28 10:20:25,17750.0,600,Sell,235310864
2024-08-28 10:20:25,17750.0,100,Sell,235310867
2024-08-28 10:20:58,17800.0,100,Buy,235311337
2024-08-28 10:21:16,17750.0,5700,Sell,235311565
2024-08-28 10:22:02,17750.0,400,Sell,235312381
2024-08-28 10:23:02,17750.0,30000,Sell,235313320
2024-08-28 10:23:03,17800.0,4800,Buy,235313340
2024-08-28 10:23:03,17800.0,200,Buy,235313339
2024-08-28 10:23:45,17800.0,1900,Buy,235314025
2024-08-28 10:23:45,17800.0,3100,Buy,235314026
2024-08-28 10:23:54,17750.0,500,Sell,235314206
2024-08-28 10:24:19,17750.0,500,Sell,235314547
2024-08-28 10:24:25,17750.0,1000,Sell,235314631
2024-08-28 10:24:48,17750.0,83000,Sell,235315054
2024-08-28 10:25:05,17750.0,1400,Sell,235315386
2024-08-28 10:25:08,17750.0,2000,Sell,235315422
2024-08-28 10:25:17,17750.0,3000,Sell,235315562
2024-08-28 10:25:29,17750.0,6000,Sell,235316102
2024-08-28 10:26:19,17750.0,100,Sell,235316994
2024-08-28 10:28:14,17750.0,100,Sell,235318809
2024-08-28 10:28:44,17750.0,94000,Sell,235319286
2024-08-28 10:28:50,17750.0,44000,Sell,235319380
2024-08-28 10:28:50,17750.0,100,Sell,235319381
2024-08-28 10:28:50,17750.0,100,Sell,235319382
2024-08-28 10:28:50,17750.0,55800,Sell,235319383
2024-08-28 10:28:55,17750.0,14000,Sell,235319440
2024-08-28 10:28:56,17750.0,20000,Sell,235319457
2024-08-28 10:28:57,17750.0,2500,Sell,235319481
2024-08-28 10:29:00,17750.0,28900,Sell,235319543
2024-08-28 10:29:01,17750.0,3000,Sell,235319557
2024-08-28 10:29:04,17750.0,10000,Sell,235319593
2024-08-28 10:29:09,17750.0,500,Sell,235319658
2024-08-28 10:29:13,17750.0,500,Sell,235319689
2024-08-28 10:29:16,17750.0,8000,Sell,235319719
2024-08-28 10:29:16,17750.0,1000,Sell,235319720
2024-08-28 10:29:22,17750.0,500,Sell,235319825
2024-08-28 10:29:22,17750.0,1000,Sell,235319826
2024-08-28 10:29:22,17750.0,200,Sell,235319824
2024-08-28 10:29:22,17750.0,500,Sell,235319827
2024-08-28 10:29:22,17750.0,5000,Sell,235319830
2024-08-28 10:29:22,17750.0,300,Sell,235319829
2024-08-28 10:29:22,17750.0,3900,Sell,235319832
2024-08-28 10:29:22,17750.0,3000,Sell,235319833
2024-08-28 10:29:22,17750.0,1000,Sell,235319828
2024-08-28 10:29:22,17750.0,500,Sell,235319823
2024-08-28 10:29:22,17750.0,1000,Sell,235319818
2024-08-28 10:29:22,17750.0,1000,Sell,235319821
2024-08-28 10:29:22,17750.0,10000,Sell,235319822
2024-08-28 10:29:22,17750.0,5800,Sell,235319812
2024-08-28 10:29:22,17750.0,2500,Sell,235319813
2024-08-28 10:29:22,17750.0,1000,Sell,235319814
2024-08-28 10:29:22,17750.0,200,Sell,235319816
2024-08-28 10:29:22,17750.0,200,Sell,235319815
2024-08-28 10:29:22,17750.0,500,Sell,235319819
2024-08-28 10:29:22,17750.0,5000,Sell,235319820
2024-08-28 10:29:22,17750.0,200,Sell,235319817
2024-08-28 10:29:26,17750.0,3100,Sell,235319882
2024-08-28 10:29:26,17750.0,400,Sell,235319883
2024-08-28 10:29:26,17750.0,200,Sell,235319884
2024-08-28 10:29:26,17750.0,1300,Sell,235319885
2024-08-28 10:29:28,17750.0,2300,Sell,235319905
2024-08-28 10:29:33,17750.0,1000,Sell,235320002
2024-08-28 10:29:41,17750.0,100,Sell,235320097
2024-08-28 10:29:43,17750.0,500,Sell,235320147
2024-08-28 10:29:47,17750.0,1000,Sell,235320200
2024-08-28 10:29:48,17750.0,3800,Sell,235320220
2024-08-28 10:29:48,17750.0,5000,Sell,235320221
2024-08-28 10:29:48,17750.0,200,Sell,235320222
2024-08-28 10:29:48,17750.0,1000,Sell,235320223
2024-08-28 10:29:58,17750.0,1000,Sell,235320433
2024-08-28 10:29:59,17750.0,200,Sell,235320443
2024-08-28 10:30:00,17750.0,1000,Sell,235320457
2024-08-28 10:30:00,17750.0,200,Sell,235320471
2024-08-28 10:30:00,17750.0,1000,Sell,235320470
2024-08-28 10:30:00,17750.0,1500,Sell,235320469
2024-08-28 10:30:00,17750.0,3000,Sell,235320468
2024-08-28 10:30:00,17750.0,100,Sell,235320467
2024-08-28 10:30:00,17750.0,1000,Sell,235320466
2024-08-28 10:30:00,17750.0,800,Sell,235320456
2024-08-28 10:30:00,17750.0,5000,Sell,235320465
2024-08-28 10:30:00,17750.0,100,Sell,235320463
2024-08-28 10:30:00,17750.0,100,Sell,235320462
2024-08-28 10:30:00,17750.0,1000,Sell,235320461
2024-08-28 10:30:00,17750.0,1500,Sell,235320460
2024-08-28 10:30:00,17750.0,200,Sell,235320459
2024-08-28 10:30:00,17750.0,500,Sell,235320458
2024-08-28 10:30:00,17750.0,1000,Sell,235320464
2024-08-28 10:30:03,17750.0,100,Sell,235320547
2024-08-28 10:30:03,17750.0,4800,Sell,235320545
2024-08-28 10:30:03,17750.0,100,Sell,235320546
2024-08-28 10:30:12,17750.0,200,Sell,235320654
2024-08-28 10:30:12,17750.0,1000,Sell,235320655
2024-08-28 10:30:12,17750.0,100,Sell,235320656
2024-08-28 10:30:12,17750.0,300,Sell,235320657
2024-08-28 10:30:12,17750.0,500,Sell,235320658
2024-08-28 10:30:12,17750.0,100,Sell,235320659
2024-08-28 10:30:12,17750.0,100,Sell,235320660
2024-08-28 10:30:12,17750.0,700,Sell,235320661
2024-08-28 10:30:16,17750.0,100,Sell,235320734
2024-08-28 10:30:17,17750.0,200,Sell,235320738
2024-08-28 10:30:17,17750.0,1300,Sell,235320739
2024-08-28 10:30:24,17750.0,4800,Sell,235320844
2024-08-28 10:30:24,17750.0,400,Sell,235320843
2024-08-28 10:30:24,17750.0,800,Sell,235320842
2024-08-28 10:30:24,17750.0,1900,Sell,235320841
2024-08-28 10:30:24,17750.0,200,Sell,235320839
2024-08-28 10:30:24,17750.0,100,Sell,235320838
2024-08-28 10:30:24,17750.0,1700,Sell,235320837
2024-08-28 10:30:24,17750.0,100,Sell,235320840
2024-08-28 10:30:29,17750.0,1200,Sell,235320917
2024-08-28 10:30:29,17750.0,500,Sell,235320918
2024-08-28 10:30:29,17750.0,1000,Sell,235320919
2024-08-28 10:30:29,17750.0,300,Sell,235320920
2024-08-28 10:30:33,17750.0,200,Sell,235320971
2024-08-28 10:30:33,17750.0,300,Sell,235320972
2024-08-28 10:30:51,17750.0,500,Buy,235321184
2024-08-28 10:31:23,17750.0,1000,Buy,235321666
2024-08-28 10:31:23,17750.0,200,Buy,235321667
2024-08-28 10:31:23,17750.0,700,Buy,235321672
2024-08-28 10:31:23,17750.0,100,Buy,235321668
2024-08-28 10:31:57,17750.0,1000,Buy,235322201
2024-08-28 10:32:07,17750.0,1000,Buy,235322319
2024-08-28 10:37:06,17750.0,200,Buy,235327714
2024-08-28 10:37:50,17700.0,100,Sell,235328417
2024-08-28 10:37:51,17750.0,500,Buy,235328425
2024-08-28 10:37:53,17750.0,1600,Buy,235328468
2024-08-28 10:37:53,17750.0,33400,Buy,235328469
2024-08-28 10:38:38,17750.0,2600,Buy,235329386
2024-08-28 10:38:38,17750.0,200,Buy,235329387
2024-08-28 10:38:38,17750.0,200,Buy,235329388
2024-08-28 10:38:44,17750.0,300,Buy,235329461
2024-08-28 10:38:44,17750.0,500,Buy,235329462
2024-08-28 10:38:44,17750.0,200,Buy,235329463
2024-08-28 10:38:47,17750.0,2000,Buy,235329504
2024-08-28 10:39:00,17750.0,3000,Buy,235329677
2024-08-28 10:39:24,17750.0,2000,Buy,235330091
2024-08-28 10:39:24,17750.0,400,Buy,235330092
2024-08-28 10:39:24,17750.0,1100,Buy,235330089
2024-08-28 10:39:24,17750.0,1000,Buy,235330090
2024-08-28 10:39:24,17750.0,500,Buy,235330088
2024-08-28 10:39:37,17750.0,100,Buy,235330422
2024-08-28 10:39:37,17750.0,1900,Buy,235330423
2024-08-28 10:39:51,17750.0,1300,Buy,235330638
2024-08-28 10:39:51,17750.0,200,Buy,235330639
2024-08-28 10:39:51,17750.0,1500,Buy,235330640
2024-08-28 10:39:56,17750.0,500,Buy,235330710
2024-08-28 10:40:03,17750.0,1500,Sell,235330830
2024-08-28 10:40:19,17750.0,1500,Sell,235331057
2024-08-28 10:40:52,17750.0,500,Sell,235331669
2024-08-28 10:41:07,17750.0,1700,Sell,235331874
2024-08-28 10:41:07,17750.0,100,Sell,235331875
2024-08-28 10:41:07,17750.0,1000,Sell,235331876
2024-08-28 10:41:07,17750.0,200,Sell,235331877
2024-08-28 10:41:41,17750.0,800,Sell,235332529
2024-08-28 10:41:41,17750.0,1900,Sell,235332530
2024-08-28 10:41:43,17750.0,200,Sell,235332558
2024-08-28 10:41:48,17750.0,100,Sell,235332633
2024-08-28 10:42:00,17750.0,300,Sell,235332775
2024-08-28 10:42:10,17750.0,3200,Sell,235332883
2024-08-28 10:42:10,17750.0,1000,Sell,235332884
2024-08-28 10:42:10,17750.0,1000,Sell,235332885
2024-08-28 10:42:10,17750.0,300,Sell,235332886
2024-08-28 10:42:19,17750.0,800,Sell,235332965
2024-08-28 10:42:32,17750.0,100,Sell,235333114
2024-08-28 10:42:32,17750.0,100,Sell,235333115
2024-08-28 10:42:57,17800.0,1900,Buy,235333523
2024-08-28 10:44:12,17800.0,100,Buy,235334790
2024-08-28 10:44:28,17800.0,900,Buy,235335008
2024-08-28 10:44:28,17800.0,5200,Buy,235335011
2024-08-28 10:44:28,17800.0,1000,Buy,235335012
2024-08-28 10:44:28,17800.0,600,Buy,235335007
2024-08-28 10:44:41,17800.0,200,Buy,235335168
2024-08-28 10:44:42,17800.0,700,Buy,235335186
2024-08-28 10:44:42,17800.0,1000,Buy,235335185
2024-08-28 10:44:42,17800.0,1000,Buy,235335183
2024-08-28 10:44:42,17800.0,3800,Buy,235335182
2024-08-28 10:44:42,17800.0,500,Buy,235335184
2024-08-28 10:44:48,17800.0,100,Buy,235335232
2024-08-28 10:46:21,17800.0,200,Buy,235336334
2024-08-28 10:46:21,17800.0,100,Buy,235336335
2024-08-28 10:47:16,17800.0,6000,Buy,235337269
2024-08-28 10:47:34,17800.0,2000,Buy,235337507
2024-08-28 10:47:52,17800.0,2000,Buy,235337688
2024-08-28 10:47:54,17800.0,1900,Buy,235337719
2024-08-28 10:47:54,17800.0,300,Buy,235337720
2024-08-28 10:48:38,17800.0,500,Buy,235338296
2024-08-28 10:49:13,17750.0,1900,Sell,235338881
2024-08-28 10:49:13,17750.0,700,Sell,235338882
2024-08-28 10:50:33,17750.0,400,Sell,235339850
2024-08-28 10:50:33,17750.0,100,Sell,235339849
2024-08-28 10:50:33,17750.0,500,Sell,235339847
2024-08-28 10:50:33,17750.0,200,Sell,235339848
2024-08-28 10:50:49,17750.0,500,Sell,235340084
2024-08-28 10:51:31,17750.0,100,Sell,235340734
2024-08-28 10:51:50,17750.0,500,Sell,235341143
2024-08-28 10:51:51,17750.0,25000,Sell,235341153
2024-08-28 10:51:57,17750.0,300,Sell,235341235
2024-08-28 10:52:41,17750.0,200,Sell,235341982
2024-08-28 10:52:48,17750.0,3000,Sell,235342080
2024-08-28 10:53:11,17750.0,2000,Sell,235342438
2024-08-28 10:53:14,17750.0,8000,Sell,235342479
2024-08-28 10:53:17,17750.0,4700,Sell,235342529
2024-08-28 10:53:26,17750.0,2000,Sell,235342678
2024-08-28 10:53:30,17750.0,4000,Sell,235342780
2024-08-28 10:53:33,17750.0,700,Sell,235342866
2024-08-28 10:53:33,17750.0,200,Sell,235342865
2024-08-28 10:53:33,17750.0,1200,Sell,235342864
2024-08-28 10:53:33,17750.0,1100,Sell,235342862
2024-08-28 10:53:33,17750.0,400,Sell,235342861
2024-08-28 10:53:33,17750.0,49300,Sell,235342860
2024-08-28 10:53:33,17750.0,200,Sell,235342863
2024-08-28 10:53:34,17750.0,100,Sell,235342874
2024-08-28 10:53:34,17750.0,100,Sell,235342875
2024-08-28 10:55:16,17750.0,100,Sell,235344453
2024-08-28 10:55:46,17750.0,500,Sell,235344942
2024-08-28 10:58:40,17750.0,300,Sell,235348461
2024-08-28 10:58:40,17750.0,500,Sell,235348462
2024-08-28 10:58:40,17750.0,700,Sell,235348463
2024-08-28 10:59:20,17750.0,100,Sell,235349419
2024-08-28 10:59:20,17750.0,1000,Sell,235349421
2024-08-28 10:59:20,17750.0,300,Sell,235349420
2024-08-28 10:59:20,17750.0,1000,Sell,235349418
2024-08-28 10:59:20,17750.0,500,Sell,235349422
2024-08-28 10:59:20,17750.0,100,Sell,235349416
2024-08-28 10:59:20,17750.0,1300,Sell,235349413
2024-08-28 10:59:20,17750.0,200,Sell,235349417
2024-08-28 10:59:20,17750.0,200,Sell,235349415
2024-08-28 10:59:20,17750.0,1000,Sell,235349414
2024-08-28 10:59:34,17750.0,500,Sell,235349639
2024-08-28 10:59:34,17750.0,1000,Sell,235349640
2024-08-28 10:59:34,17750.0,500,Sell,235349641
2024-08-28 10:59:34,17750.0,1000,Sell,235349642
2024-08-28 10:59:37,17750.0,5700,Sell,235349744
2024-08-28 10:59:39,17800.0,2000,Buy,235349836
2024-08-28 10:59:48,17800.0,500,Buy,235349977
2024-08-28 11:00:16,17800.0,1700,Buy,235350681
2024-08-28 11:00:16,17800.0,300,Buy,235350682
2024-08-28 11:00:19,17800.0,100,Buy,235350759
2024-08-28 11:00:50,17800.0,12600,Buy,235351419
2024-08-28 11:00:50,17800.0,100,Buy,235351420
2024-08-28 11:00:57,17750.0,200,Sell,235351612
2024-08-28 11:01:04,17800.0,200,Buy,235351777
2024-08-28 11:01:13,17800.0,1200,Buy,235352022
2024-08-28 11:01:13,17800.0,1000,Buy,235352023
2024-08-28 11:01:13,17800.0,1000,Buy,235352024
2024-08-28 11:01:13,17800.0,200,Buy,235352025
2024-08-28 11:01:13,17800.0,500,Buy,235352026
2024-08-28 11:01:13,17800.0,400,Buy,235352027
2024-08-28 11:01:13,17800.0,400,Buy,235352028
2024-08-28 11:01:13,17800.0,1300,Buy,235352029
2024-08-28 11:01:13,17800.0,500,Buy,235352006
2024-08-28 11:01:22,17800.0,2500,Buy,235352260
2024-08-28 11:01:22,17800.0,200,Buy,235352261
2024-08-28 11:01:22,17800.0,1000,Buy,235352262
2024-08-28 11:01:22,17800.0,2000,Buy,235352259
2024-08-28 11:01:22,17800.0,100,Buy,235352265
2024-08-28 11:01:22,17800.0,300,Buy,235352266
2024-08-28 11:01:22,17800.0,300,Buy,235352263
2024-08-28 11:01:22,17800.0,1000,Buy,235352258
2024-08-28 11:01:22,17800.0,1000,Buy,235352264
2024-08-28 11:01:22,17800.0,200,Buy,235352256
2024-08-28 11:01:22,17800.0,1100,Buy,235352250
2024-08-28 11:01:22,17800.0,100,Buy,235352251
2024-08-28 11:01:22,17800.0,700,Buy,235352249
2024-08-28 11:01:22,17800.0,1000,Buy,235352257
2024-08-28 11:01:22,17800.0,2900,Buy,235352253
2024-08-28 11:01:22,17800.0,100,Buy,235352254
2024-08-28 11:01:22,17800.0,5000,Buy,235352255
2024-08-28 11:01:22,17800.0,500,Buy,235352252
2024-08-28 11:01:24,17800.0,600,Buy,235352322
2024-08-28 11:01:24,17800.0,500,Buy,235352321
2024-08-28 11:01:24,17800.0,200,Buy,235352320
2024-08-28 11:01:24,17800.0,1000,Buy,235352319
2024-08-28 11:01:24,17800.0,5000,Buy,235352318
2024-08-28 11:01:24,17800.0,5000,Buy,235352317
2024-08-28 11:01:24,17800.0,100,Buy,235352316
2024-08-28 11:01:24,17800.0,1400,Buy,235352315
2024-08-28 11:01:24,17800.0,5000,Buy,235352313
2024-08-28 11:01:24,17800.0,2000,Buy,235352314
2024-08-28 11:01:24,17800.0,1000,Buy,235352302
2024-08-28 11:01:24,17800.0,1000,Buy,235352288
2024-08-28 11:01:24,17800.0,100,Buy,235352311
2024-08-28 11:01:24,17800.0,600,Buy,235352303
2024-08-28 11:01:24,17800.0,2000,Buy,235352304
2024-08-28 11:01:24,17800.0,3000,Buy,235352305
2024-08-28 11:01:24,17800.0,100,Buy,235352312
2024-08-28 11:01:24,17800.0,100,Buy,235352307
2024-08-28 11:01:24,17800.0,700,Buy,235352308
2024-08-28 11:01:24,17800.0,1000,Buy,235352309
2024-08-28 11:01:24,17800.0,100,Buy,235352310
2024-08-28 11:01:24,17800.0,500,Buy,235352306
2024-08-28 11:01:26,17800.0,400,Buy,235352336
2024-08-28 11:01:26,17800.0,100,Buy,235352337
2024-08-28 11:01:26,17800.0,100,Buy,235352338
2024-08-28 11:01:26,17800.0,2000,Buy,235352339
2024-08-28 11:01:26,17800.0,500,Buy,235352340
2024-08-28 11:01:26,17800.0,1900,Buy,235352341
2024-08-28 11:01:27,17800.0,2000,Buy,235352356
2024-08-28 11:01:33,17800.0,1000,Buy,235352589
2024-08-28 11:01:35,17800.0,8600,Buy,235352629
2024-08-28 11:01:35,17800.0,53000,Buy,235352632
2024-08-28 11:01:38,17800.0,14000,Buy,235352746
2024-08-28 11:01:38,17800.0,200,Buy,235352747
2024-08-28 11:01:38,17800.0,10000,Buy,235352748
2024-08-28 11:01:38,17800.0,100,Buy,235352749
2024-08-28 11:01:38,17800.0,100,Buy,235352750
2024-08-28 11:01:38,17800.0,10000,Buy,235352751
2024-08-28 11:01:38,17800.0,10000,Buy,235352752
2024-08-28 11:01:38,17800.0,5600,Buy,235352753
2024-08-28 11:01:39,17800.0,500,Buy,235352774
2024-08-28 11:01:40,17800.0,1900,Buy,235352791
2024-08-28 11:01:40,17800.0,1900,Buy,235352790
2024-08-28 11:01:40,17800.0,1900,Buy,235352788
2024-08-28 11:01:40,17800.0,5000,Buy,235352787
2024-08-28 11:01:40,17800.0,500,Buy,235352786
2024-08-28 11:01:40,17800.0,5700,Buy,235352789
2024-08-28 11:01:40,17800.0,3800,Buy,235352784
2024-08-28 11:01:40,17800.0,100,Buy,235352783
2024-08-28 11:01:40,17800.0,10000,Buy,235352782
2024-08-28 11:01:40,17800.0,1000,Buy,235352781
2024-08-28 11:01:40,17800.0,13900,Buy,235352780
2024-08-28 11:01:40,17800.0,1900,Buy,235352785
2024-08-28 11:01:58,17800.0,1900,Sell,235353494
2024-08-28 11:01:58,17850.0,200,Buy,235353495
2024-08-28 11:01:58,17850.0,800,Buy,235353496
2024-08-28 11:02:16,17850.0,1000,Buy,235354594
2024-08-28 11:02:19,17800.0,300,Sell,235354684
2024-08-28 11:03:00,17800.0,200,Sell,235356859
2024-08-28 11:03:50,17800.0,1000,Sell,235359880
2024-08-28 11:03:50,17800.0,100,Sell,235359879
2024-08-28 11:03:50,17800.0,100,Sell,235359878
2024-08-28 11:03:50,17800.0,600,Sell,235359877
2024-08-28 11:03:50,17800.0,2000,Sell,235359872
2024-08-28 11:03:50,17800.0,5000,Sell,235359874
2024-08-28 11:03:50,17800.0,10000,Sell,235359873
2024-08-28 11:03:50,17800.0,500,Sell,235359881
2024-08-28 11:03:50,17800.0,10000,Sell,235359871
2024-08-28 11:03:50,17800.0,1000,Sell,235359876
2024-08-28 11:03:50,17800.0,10000,Sell,235359869
2024-08-28 11:03:50,17800.0,3000,Sell,235359870
2024-08-28 11:03:50,17800.0,5000,Sell,235359861
2024-08-28 11:03:50,17800.0,500,Sell,235359862
2024-08-28 11:03:50,17800.0,2000,Sell,235359863
2024-08-28 11:03:50,17800.0,5000,Sell,235359864
2024-08-28 11:03:50,17800.0,4000,Sell,235359875
2024-08-28 11:03:50,17800.0,3600,Sell,235359866
2024-08-28 11:03:50,17800.0,500,Sell,235359867
2024-08-28 11:03:50,17800.0,500,Sell,235359868
2024-08-28 11:03:50,17800.0,1000,Sell,235359865
2024-08-28 11:04:02,17800.0,14600,Buy,235360528
2024-08-28 11:04:04,17800.0,500,Sell,235360659
2024-08-28 11:04:05,17800.0,4200,Sell,235360681
2024-08-28 11:04:16,17850.0,100,Buy,235361193
2024-08-28 11:04:16,17850.0,1000,Buy,235361192
2024-08-28 11:04:16,17850.0,20000,Buy,235361191
2024-08-28 11:04:16,17850.0,8200,Buy,235361194
2024-08-28 11:04:16,17850.0,500,Buy,235361189
2024-08-28 11:04:16,17850.0,200,Buy,235361188
2024-08-28 11:04:16,17800.0,200,Sell,235361160
2024-08-28 11:04:16,17850.0,5000,Buy,235361190
2024-08-28 11:04:20,17800.0,3800,Sell,235361362
2024-08-28 11:04:25,17850.0,400,Buy,235361862
2024-08-28 11:04:25,17850.0,200,Buy,235361868
2024-08-28 11:04:25,17850.0,9800,Buy,235361867
2024-08-28 11:04:25,17850.0,1200,Buy,235361866
2024-08-28 11:04:25,17850.0,6700,Buy,235361865
2024-08-28 11:04:25,17850.0,500,Buy,235361864
2024-08-28 11:04:25,17850.0,100,Buy,235361863
2024-08-28 11:04:25,17850.0,10000,Buy,235361860
2024-08-28 11:04:25,17850.0,600,Buy,235361856
2024-08-28 11:04:25,17850.0,300,Buy,235361858
2024-08-28 11:04:25,17850.0,400,Buy,235361857
2024-08-28 11:04:25,17850.0,10000,Buy,235361855
2024-08-28 11:04:25,17850.0,200,Buy,235361854
2024-08-28 11:04:25,17850.0,200,Buy,235361853
2024-08-28 11:04:25,17850.0,10200,Buy,235361852
2024-08-28 11:04:25,17850.0,800,Buy,235361851
2024-08-28 11:04:25,17850.0,400,Buy,235361859
2024-08-28 11:04:31,17850.0,300,Buy,235362099
2024-08-28 11:04:38,17850.0,200,Buy,235362397
2024-08-28 11:04:38,17850.0,10000,Buy,235362396
2024-08-28 11:04:38,17850.0,5000,Buy,235362395
2024-08-28 11:04:38,17850.0,1000,Buy,235362394
2024-08-28 11:04:38,17850.0,8200,Buy,235362392
2024-08-28 11:04:38,17850.0,2000,Buy,235362391
2024-08-28 11:04:38,17850.0,100,Buy,235362393
2024-08-28 11:04:38,17850.0,7000,Buy,235362390
2024-08-28 11:04:38,17850.0,500,Buy,235362389
2024-08-28 11:04:42,17850.0,300,Buy,235362617
2024-08-28 11:04:42,17850.0,100,Buy,235362628
2024-08-28 11:04:42,17850.0,6000,Buy,235362627
2024-08-28 11:04:42,17850.0,300,Buy,235362626
2024-08-28 11:04:42,17850.0,100,Buy,235362625
2024-08-28 11:04:42,17850.0,500,Buy,235362624
2024-08-28 11:04:42,17850.0,6300,Buy,235362630
2024-08-28 11:04:42,17850.0,800,Buy,235362622
2024-08-28 11:04:42,17850.0,2200,Buy,235362623
2024-08-28 11:04:42,17850.0,2000,Buy,235362618
2024-08-28 11:04:42,17850.0,2200,Buy,235362629
2024-08-28 11:04:42,17850.0,700,Buy,235362620
2024-08-28 11:04:42,17850.0,500,Buy,235362621
2024-08-28 11:04:42,17850.0,7000,Buy,235362619
2024-08-28 11:04:47,17850.0,3700,Buy,235362937
2024-08-28 11:04:47,17850.0,2000,Buy,235362938
2024-08-28 11:04:47,17850.0,1000,Buy,235362939
2024-08-28 11:04:47,17850.0,400,Buy,235362941
2024-08-28 11:04:47,17850.0,300,Buy,235362942
2024-08-28 11:04:47,17850.0,1500,Buy,235362943
2024-08-28 11:04:47,17850.0,300,Buy,235362944
2024-08-28 11:04:47,17850.0,5000,Buy,235362945
2024-08-28 11:04:47,17850.0,15000,Buy,235362946
2024-08-28 11:04:47,17850.0,2800,Buy,235362947
2024-08-28 11:04:47,17850.0,1000,Buy,235362940
2024-08-28 11:04:50,17850.0,200,Buy,235363074
2024-08-28 11:04:54,17850.0,2000,Buy,235363216
2024-08-28 11:04:56,17850.0,5000,Buy,235363296
2024-08-28 11:04:56,17850.0,500,Buy,235363297
2024-08-28 11:05:03,17850.0,1000,Sell,235363645
2024-08-28 11:05:12,17900.0,2600,Buy,235364047
2024-08-28 11:05:12,17900.0,1000,Buy,235364046
2024-08-28 11:05:12,17900.0,300,Buy,235364045
2024-08-28 11:05:12,17900.0,100,Buy,235364044
2024-08-28 11:05:12,17900.0,1000,Buy,235364043
2024-08-28 11:05:12,17900.0,200,Buy,235364042
2024-08-28 11:05:12,17900.0,7000,Buy,235364041
2024-08-28 11:05:12,17900.0,100,Buy,235364040
2024-08-28 11:05:12,17900.0,3000,Buy,235364030
2024-08-28 11:05:12,17900.0,15000,Buy,235364038
2024-08-28 11:05:12,17900.0,2500,Buy,235364037
2024-08-28 11:05:12,17900.0,100,Buy,235364036
2024-08-28 11:05:12,17900.0,5000,Buy,235364035
2024-08-28 11:05:12,17900.0,100,Buy,235364034
2024-08-28 11:05:12,17900.0,1000,Buy,235364033
2024-08-28 11:05:12,17900.0,1000,Buy,235364032
2024-08-28 11:05:12,17900.0,200,Buy,235364031
2024-08-28 11:05:12,17900.0,4800,Buy,235364039
2024-08-28 11:05:13,17900.0,21400,Buy,235364125
2024-08-28 11:05:13,17900.0,8600,Buy,235364126
2024-08-28 11:05:20,17900.0,17900,Buy,235364521
2024-08-28 11:05:20,17900.0,1300,Buy,235364519
2024-08-28 11:05:20,17900.0,3500,Buy,235364518
2024-08-28 11:05:20,17900.0,100,Buy,235364517
2024-08-28 11:05:20,17900.0,100,Buy,235364520
2024-08-28 11:05:20,17900.0,1000,Buy,235364515
2024-08-28 11:05:20,17900.0,200,Buy,235364514
2024-08-28 11:05:20,17900.0,7400,Buy,235364513
2024-08-28 11:05:20,17850.0,1900,Sell,235364509
2024-08-28 11:05:20,17900.0,1500,Buy,235364516
2024-08-28 11:05:23,17900.0,1000,Buy,235364658
2024-08-28 11:05:23,17900.0,500,Buy,235364676
2024-08-28 11:05:24,17900.0,900,Buy,235364745
2024-08-28 11:05:24,17900.0,500,Buy,235364746
2024-08-28 11:05:24,17900.0,1300,Buy,235364747
2024-08-28 11:05:24,17900.0,400,Buy,235364749
2024-08-28 11:05:24,17900.0,300,Buy,235364750
2024-08-28 11:05:24,17900.0,10000,Buy,235364753
2024-08-28 11:05:24,17900.0,100,Buy,235364752
2024-08-28 11:05:24,17900.0,200,Buy,235364754
2024-08-28 11:05:24,17900.0,100,Buy,235364755
2024-08-28 11:05:24,17900.0,300,Buy,235364756
2024-08-28 11:05:24,17900.0,600,Buy,235364757
2024-08-28 11:05:24,17900.0,1000,Buy,235364744
2024-08-28 11:05:24,17900.0,300,Buy,235364751
2024-08-28 11:05:24,17900.0,5000,Buy,235364743
2024-08-28 11:05:24,17900.0,200,Buy,235364737
2024-08-28 11:05:24,17900.0,100,Buy,235364741
2024-08-28 11:05:24,17900.0,4000,Buy,235364742
2024-08-28 11:05:24,17900.0,100,Buy,235364729
2024-08-28 11:05:24,17900.0,700,Buy,235364730
2024-08-28 11:05:24,17900.0,300,Buy,235364731
2024-08-28 11:05:24,17900.0,300,Buy,235364733
2024-08-28 11:05:24,17900.0,10600,Buy,235364728
2024-08-28 11:05:24,17900.0,4000,Buy,235364735
2024-08-28 11:05:24,17900.0,100,Buy,235364734
2024-08-28 11:05:24,17900.0,1000,Buy,235364740
2024-08-28 11:05:24,17900.0,1000,Buy,235364739
2024-08-28 11:05:24,17900.0,1000,Buy,235364732
2024-08-28 11:05:24,17900.0,300,Buy,235364736
2024-08-28 11:05:24,17900.0,500,Buy,235364738
2024-08-28 11:05:25,17900.0,400,Buy,235364801
2024-08-28 11:05:25,17900.0,5500,Buy,235364802
2024-08-28 11:05:25,17900.0,1000,Buy,235364803
2024-08-28 11:05:25,17900.0,3100,Buy,235364804
2024-08-28 11:05:30,17900.0,1000,Buy,235365031
2024-08-28 11:05:30,17900.0,15100,Buy,235365024
2024-08-28 11:05:30,17900.0,100,Buy,235365025
2024-08-28 11:05:30,17900.0,500,Buy,235365026
2024-08-28 11:05:30,17900.0,1900,Buy,235365027
2024-08-28 11:05:30,17900.0,1000,Buy,235365028
2024-08-28 11:05:30,17900.0,1500,Buy,235365029
2024-08-28 11:05:30,17900.0,100,Buy,235365030
2024-08-28 11:05:31,17900.0,1400,Sell,235365101
2024-08-28 11:05:34,17900.0,2600,Sell,235365281
2024-08-28 11:05:34,17900.0,2400,Sell,235365280
2024-08-28 11:05:35,17950.0,1300,Buy,235365370
2024-08-28 11:05:35,17950.0,5000,Buy,235365369
2024-08-28 11:05:35,17900.0,200,Sell,235365404
2024-08-28 11:05:35,17950.0,6500,Buy,235365392
2024-08-28 11:05:35,17950.0,4000,Buy,235365391
2024-08-28 11:05:35,17950.0,600,Buy,235365390
2024-08-28 11:05:35,17950.0,200,Buy,235365389
2024-08-28 11:05:35,17950.0,200,Buy,235365388
2024-08-28 11:05:35,17950.0,10000,Buy,235365387
2024-08-28 11:05:35,17950.0,500,Buy,235365385
2024-08-28 11:05:35,17950.0,100,Buy,235365384
2024-08-28 11:05:35,17950.0,200,Buy,235365383
2024-08-28 11:05:35,17950.0,10000,Buy,235365386
2024-08-28 11:05:35,17950.0,500,Buy,235365381
2024-08-28 11:05:35,17950.0,1000,Buy,235365371
2024-08-28 11:05:35,17950.0,100,Buy,235365382
2024-08-28 11:05:35,17950.0,100,Buy,235365373
2024-08-28 11:05:35,17950.0,100,Buy,235365374
2024-08-28 11:05:35,17950.0,4000,Buy,235365375
2024-08-28 11:05:35,17950.0,500,Buy,235365372
2024-08-28 11:05:35,17950.0,1000,Buy,235365377
2024-08-28 11:05:35,17950.0,1000,Buy,235365378
2024-08-28 11:05:35,17950.0,600,Buy,235365379
2024-08-28 11:05:35,17950.0,300,Buy,235365380
2024-08-28 11:05:35,17950.0,1000,Buy,235365376
2024-08-28 11:05:43,17950.0,3600,Buy,235365811
2024-08-28 11:05:43,17950.0,1000,Buy,235365812
2024-08-28 11:05:43,17950.0,5000,Buy,235365813
2024-08-28 11:05:43,17950.0,23400,Buy,235365814
2024-08-28 11:05:53,17950.0,200,Buy,235366514
2024-08-28 11:05:53,17950.0,500,Buy,235366517
2024-08-28 11:05:53,17950.0,10100,Buy,235366516
2024-08-28 11:05:53,17950.0,1000,Buy,235366515
2024-08-28 11:05:53,17950.0,500,Buy,235366513
2024-08-28 11:05:53,17950.0,700,Buy,235366518
2024-08-28 11:05:53,17950.0,10000,Buy,235366511
2024-08-28 11:05:53,17950.0,1600,Buy,235366506
2024-08-28 11:05:53,17950.0,200,Buy,235366507
2024-08-28 11:05:53,17950.0,100,Buy,235366512
2024-08-28 11:05:53,17950.0,10000,Buy,235366509
2024-08-28 11:05:53,17950.0,100,Buy,235366510
2024-08-28 11:05:53,17950.0,10000,Buy,235366508
2024-08-28 11:05:57,17950.0,2100,Buy,235366713
2024-08-28 11:05:57,17950.0,500,Buy,235366714
2024-08-28 11:05:57,17950.0,100,Buy,235366715
2024-08-28 11:05:57,17950.0,300,Buy,235366716
2024-08-28 11:05:58,17950.0,700,Buy,235366785
2024-08-28 11:06:00,17950.0,1300,Sell,235366894
2024-08-28 11:06:00,18000.0,3900,Buy,235366891
2024-08-28 11:06:00,18000.0,100,Buy,235366890
2024-08-28 11:06:08,17950.0,700,Buy,235367465
2024-08-28 11:06:08,17950.0,300,Buy,235367466
2024-08-28 11:06:11,17950.0,2000,Sell,235367591
2024-08-28 11:06:11,17950.0,200,Buy,235367586
2024-08-28 11:06:11,17950.0,7000,Buy,235367587
2024-08-28 11:06:11,17950.0,5000,Buy,235367588
2024-08-28 11:06:11,17950.0,1000,Buy,235367589
2024-08-28 11:06:11,17950.0,5000,Buy,235367590
2024-08-28 11:06:12,17950.0,1900,Sell,235367658
2024-08-28 11:06:13,17950.0,700,Sell,235367745
2024-08-28 11:06:15,17950.0,49000,Sell,235367829
2024-08-28 11:06:16,18000.0,46100,Buy,235367936
2024-08-28 11:06:16,18000.0,2000,Buy,235367937
2024-08-28 11:06:16,18000.0,2000,Buy,235367938
2024-08-28 11:06:16,18000.0,1900,Buy,235367939
2024-08-28 11:06:16,17950.0,300,Sell,235367962
2024-08-28 11:06:17,17950.0,10000,Sell,235368001
2024-08-28 11:06:19,17950.0,18400,Sell,235368076
2024-08-28 11:06:22,17950.0,5000,Sell,235368223
2024-08-28 11:06:22,17950.0,10000,Sell,235368242
2024-08-28 11:06:25,18000.0,1000,Buy,235368356
2024-08-28 11:06:25,18000.0,100,Buy,235368357
2024-08-28 11:06:25,18000.0,500,Buy,235368358
2024-08-28 11:06:25,18000.0,400,Buy,235368359
2024-08-28 11:06:25,18000.0,500,Buy,235368355
2024-08-28 11:06:25,18000.0,100,Buy,235368361
2024-08-28 11:06:25,18000.0,6600,Buy,235368362
2024-08-28 11:06:25,17950.0,36500,Sell,235368374
2024-08-28 11:06:25,17950.0,2000,Sell,235368375
2024-08-28 11:06:25,18000.0,100,Buy,235368360
2024-08-28 11:06:25,18000.0,5000,Buy,235368354
2024-08-28 11:06:25,18000.0,200,Buy,235368344
2024-08-28 11:06:25,18000.0,27600,Buy,235368352
2024-08-28 11:06:25,18000.0,1500,Buy,235368351
2024-08-28 11:06:25,18000.0,300,Buy,235368350
2024-08-28 11:06:25,18000.0,1500,Buy,235368349
2024-08-28 11:06:25,18000.0,300,Buy,235368348
2024-08-28 11:06:25,18000.0,200,Buy,235368347
2024-08-28 11:06:25,18000.0,100,Buy,235368346
2024-08-28 11:06:25,18000.0,1200,Buy,235368345
2024-08-28 11:06:25,18000.0,4100,Buy,235368341
2024-08-28 11:06:25,18000.0,600,Buy,235368343
2024-08-28 11:06:25,18000.0,3000,Buy,235368342
2024-08-28 11:06:25,18000.0,100,Buy,235368353
2024-08-28 11:06:26,17950.0,61500,Buy,235368518
2024-08-28 11:06:27,17950.0,200,Sell,235368542
2024-08-28 11:06:28,17950.0,500,Sell,235368624
2024-08-28 11:06:29,17950.0,1000,Sell,235368697
2024-08-28 11:06:33,18000.0,200,Buy,235368958
2024-08-28 11:06:33,18000.0,500,Buy,235368957
2024-08-28 11:06:33,18000.0,500,Buy,235368956
2024-08-28 11:06:33,18000.0,3000,Buy,235368955
2024-08-28 11:06:33,18000.0,100,Buy,235368954
2024-08-28 11:06:33,18000.0,1000,Buy,235368953
2024-08-28 11:06:33,18000.0,100,Buy,235368952
2024-08-28 11:06:33,18000.0,10000,Buy,235368951
2024-08-28 11:06:33,18000.0,1000,Buy,235368950
2024-08-28 11:06:33,18000.0,1000,Buy,235368949
2024-08-28 11:06:33,18000.0,300,Buy,235368948
2024-08-28 11:06:33,18000.0,700,Buy,235368959
2024-08-28 11:06:33,18000.0,100,Buy,235368946
2024-08-28 11:06:33,18000.0,6000,Buy,235368947
2024-08-28 11:06:33,18000.0,1000,Buy,235368944
2024-08-28 11:06:33,18000.0,500,Buy,235368943
2024-08-28 11:06:33,18000.0,2500,Buy,235368942
2024-08-28 11:06:33,18000.0,500,Buy,235368941
2024-08-28 11:06:33,18000.0,2000,Buy,235368940
2024-08-28 11:06:33,18000.0,2000,Buy,235368939
2024-08-28 11:06:33,18000.0,1000,Buy,235368938
2024-08-28 11:06:33,18000.0,100,Buy,235368937
2024-08-28 11:06:33,18000.0,100,Buy,235368936
2024-08-28 11:06:33,18000.0,200,Buy,235368935
2024-08-28 11:06:33,18000.0,1000,Buy,235368934
2024-08-28 11:06:33,18000.0,2000,Buy,235368933
2024-08-28 11:06:33,18000.0,200,Buy,235368932
2024-08-28 11:06:33,18000.0,14100,Buy,235368931
2024-08-28 11:06:33,18000.0,300,Buy,235368945
2024-08-28 11:06:34,17950.0,2500,Sell,235369056
2024-08-28 11:06:34,17950.0,100,Sell,235369015
2024-08-28 11:06:34,17950.0,1000,Sell,235369055
2024-08-28 11:06:36,17950.0,6600,Sell,235369145
2024-08-28 11:06:37,17950.0,8200,Sell,235369234
2024-08-28 11:06:39,18000.0,1000,Buy,235369387
2024-08-28 11:06:41,17950.0,2000,Sell,235369602
2024-08-28 11:06:41,17950.0,1000,Sell,235369639
2024-08-28 11:06:43,17950.0,5000,Sell,235369695
2024-08-28 11:06:49,18000.0,9700,Buy,235370252
2024-08-28 11:06:49,18000.0,300,Buy,235370251
2024-08-28 11:06:50,17950.0,1000,Sell,235370327
2024-08-28 11:06:51,18000.0,24300,Buy,235370489
2024-08-28 11:06:51,18000.0,2700,Buy,235370488
2024-08-28 11:06:51,18000.0,500,Buy,235370487
2024-08-28 11:06:51,18000.0,500,Buy,235370486
2024-08-28 11:06:51,18000.0,100,Buy,235370483
2024-08-28 11:06:51,18000.0,100,Buy,235370482
2024-08-28 11:06:51,18000.0,3000,Buy,235370485
2024-08-28 11:06:51,18000.0,3000,Buy,235370480
2024-08-28 11:06:51,18000.0,500,Buy,235370481
2024-08-28 11:06:51,18000.0,300,Buy,235370455
2024-08-28 11:06:51,18000.0,400,Buy,235370476
2024-08-28 11:06:51,18000.0,300,Buy,235370484
2024-08-28 11:06:51,18000.0,400,Buy,235370478
2024-08-28 11:06:51,18000.0,5000,Buy,235370477
2024-08-28 11:06:51,18000.0,900,Buy,235370479
2024-08-28 11:06:53,17950.0,101500,Sell,235370602
2024-08-28 11:06:54,17950.0,500,Sell,235370642
2024-08-28 11:06:59,18000.0,100000,Buy,235371007
2024-08-28 11:07:00,18000.0,56000,Buy,235371036
2024-08-28 11:07:04,18000.0,2000,Buy,235371414
2024-08-28 11:07:06,17950.0,5000,Sell,235371600
2024-08-28 11:07:09,18000.0,250000,Buy,235371914
2024-08-28 11:07:11,17950.0,1000,Sell,235372113
2024-08-28 11:07:13,18000.0,67700,Buy,235372229
2024-08-28 11:07:13,18000.0,132300,Buy,235372230
2024-08-28 11:07:13,17950.0,1400,Sell,235372279
2024-08-28 11:07:13,17950.0,8600,Sell,235372280
2024-08-28 11:07:17,17950.0,300,Sell,235372493
2024-08-28 11:07:19,18000.0,45000,Buy,235372656
2024-08-28 11:07:19,17950.0,2000,Sell,235372677
2024-08-28 11:07:22,18000.0,100,Buy,235372899
2024-08-28 11:07:24,18000.0,100,Buy,235373090
2024-08-28 11:07:24,17950.0,3000,Sell,235373052
2024-08-28 11:07:26,17950.0,500,Sell,235373235
2024-08-28 11:07:29,18000.0,65000,Buy,235373442
2024-08-28 11:07:31,17950.0,600,Sell,235373589
2024-08-28 11:07:31,17950.0,4000,Sell,235373590
2024-08-28 11:07:33,17950.0,1000,Sell,235373822
2024-08-28 11:07:33,17950.0,1000,Sell,235373823
2024-08-28 11:07:39,18000.0,42000,Buy,235374336
2024-08-28 11:07:41,17950.0,50000,Sell,235374442
2024-08-28 11:07:45,17950.0,500,Sell,235374718
2024-08-28 11:07:45,17950.0,2000,Sell,235374755
2024-08-28 11:07:47,18000.0,16000,Buy,235374946
2024-08-28 11:07:47,17950.0,46500,Sell,235374973
2024-08-28 11:07:47,17950.0,1000,Sell,235374974
2024-08-28 11:07:47,17950.0,2500,Sell,235374975
2024-08-28 11:07:48,18000.0,74000,Buy,235374994
2024-08-28 11:07:49,17950.0,25500,Sell,235375075
2024-08-28 11:07:50,18000.0,105000,Buy,235375159
2024-08-28 11:07:51,17950.0,1000,Sell,235375230
2024-08-28 11:07:51,18000.0,100,Buy,235375231
2024-08-28 11:07:53,17950.0,1000,Sell,235375383
2024-08-28 11:07:53,17950.0,200,Sell,235375469
2024-08-28 11:07:55,17950.0,2000,Sell,235375534
2024-08-28 11:07:55,18000.0,6000,Buy,235375694
2024-08-28 11:08:01,17950.0,1000,Sell,235376155
2024-08-28 11:08:05,17950.0,10000,Sell,235376466
2024-08-28 11:08:05,18000.0,5000,Buy,235376540
2024-08-28 11:08:09,17950.0,100,Sell,235376897
2024-08-28 11:08:10,17950.0,6700,Sell,235376939
2024-08-28 11:08:10,17950.0,300,Sell,235376940
2024-08-28 11:08:11,17950.0,500,Sell,235377012
2024-08-28 11:08:11,17950.0,14200,Sell,235377027
2024-08-28 11:08:11,17950.0,74800,Sell,235377028
2024-08-28 11:08:11,17950.0,2000,Sell,235377029
2024-08-28 11:08:18,17900.0,200,Sell,235377978
2024-08-28 11:08:20,17950.0,2000,Buy,235378116
2024-08-28 11:08:31,17900.0,1900,Sell,235379208
2024-08-28 11:08:31,17900.0,8900,Sell,235379215
2024-08-28 11:08:35,17900.0,1000,Sell,235379619
2024-08-28 11:08:38,17950.0,7000,Buy,235379820
2024-08-28 11:08:38,17950.0,2000,Buy,235379821
2024-08-28 11:08:38,17950.0,1000,Buy,235379822
2024-08-28 11:08:38,17950.0,30000,Buy,235379823
2024-08-28 11:08:38,17900.0,5200,Sell,235379896
2024-08-28 11:08:38,17900.0,29800,Sell,235379897
2024-08-28 11:08:41,17900.0,2000,Sell,235380188
2024-08-28 11:08:42,17900.0,30000,Sell,235380231
2024-08-28 11:08:44,17900.0,200,Sell,235380499
2024-08-28 11:08:45,17900.0,10000,Sell,235380582
2024-08-28 11:08:45,17900.0,20000,Sell,235380587
2024-08-28 11:08:45,17900.0,100,Sell,235380588
2024-08-28 11:08:49,17850.0,13600,Sell,235381036
2024-08-28 11:08:49,17850.0,4400,Sell,235381037
2024-08-28 11:08:59,17850.0,3500,Sell,235381992
2024-08-28 11:09:05,17850.0,1000,Sell,235382542
2024-08-28 11:09:14,17850.0,33000,Sell,235383386
2024-08-28 11:09:14,17850.0,6500,Sell,235383444
2024-08-28 11:09:14,17900.0,10000,Buy,235383467
2024-08-28 11:09:26,17850.0,200,Sell,235384983
2024-08-28 11:09:26,17850.0,800,Sell,235384984
2024-08-28 11:09:27,17850.0,100,Sell,235385031
2024-08-28 11:09:27,17850.0,2000,Sell,235385065
2024-08-28 11:09:27,17850.0,300,Sell,235385066
2024-08-28 11:09:27,17850.0,9100,Sell,235385064
2024-08-28 11:09:29,17850.0,5000,Buy,235385170
2024-08-28 11:09:31,17800.0,1900,Sell,235385393
2024-08-28 11:09:40,17850.0,2000,Buy,235386279
2024-08-28 11:09:44,17800.0,1900,Sell,235386667
2024-08-28 11:09:47,17800.0,150000,Sell,235386918
2024-08-28 11:09:54,17800.0,20000,Sell,235387396
2024-08-28 11:09:57,17800.0,2000,Sell,235387732
2024-08-28 11:09:57,17800.0,600,Sell,235387733
2024-08-28 11:09:57,17800.0,1000,Sell,235387734
2024-08-28 11:09:57,17800.0,500,Sell,235387735
2024-08-28 11:09:57,17800.0,2900,Sell,235387731
2024-08-28 11:09:58,17800.0,500,Sell,235387885
2024-08-28 11:10:01,17800.0,25000,Sell,235388403
2024-08-28 11:10:01,17800.0,500,Sell,235388404
2024-08-28 11:10:01,17800.0,600,Sell,235388405
2024-08-28 11:10:01,17800.0,200,Sell,235388406
2024-08-28 11:10:01,17800.0,1000,Sell,235388407
2024-08-28 11:10:01,17800.0,1000,Sell,235388408
2024-08-28 11:10:01,17800.0,5000,Sell,235388409
2024-08-28 11:10:04,17750.0,3000,Sell,235388679
2024-08-28 11:10:04,17750.0,20000,Sell,235388677
2024-08-28 11:10:04,17750.0,1000,Sell,235388676
2024-08-28 11:10:04,17750.0,100,Sell,235388678
2024-08-28 11:10:04,17750.0,10000,Sell,235388674
2024-08-28 11:10:04,17750.0,2000,Sell,235388673
2024-08-28 11:10:04,17750.0,3100,Sell,235388672
2024-08-28 11:10:04,17750.0,2000,Sell,235388675
2024-08-28 11:10:10,17800.0,1000,Buy,235389505
2024-08-28 11:10:27,17800.0,1000,Buy,235391114
2024-08-28 11:10:37,17750.0,100,Sell,235392007
2024-08-28 11:10:41,17800.0,300,Buy,235392494
2024-08-28 11:10:42,17750.0,100,Sell,235392561
2024-08-28 11:10:43,17750.0,2000,Sell,235392639
2024-08-28 11:10:46,17800.0,9600,Buy,235393005
2024-08-28 11:10:46,17800.0,400,Buy,235393006
2024-08-28 11:10:47,17750.0,1000,Sell,235393031
2024-08-28 11:10:48,17750.0,100,Sell,235393173
2024-08-28 11:10:54,17750.0,700,Sell,235393723
2024-08-28 11:10:56,17750.0,2000,Sell,235393933
2024-08-28 11:11:06,17750.0,1000,Sell,235394802
2024-08-28 11:11:17,17750.0,2000,Sell,235395690
2024-08-28 11:11:22,17750.0,1000,Sell,235396161
2024-08-28 11:11:29,17800.0,400,Buy,235396645
2024-08-28 11:11:40,17800.0,4000,Buy,235397616
2024-08-28 11:11:40,17800.0,12400,Buy,235397619
2024-08-28 11:11:40,17800.0,400,Buy,235397618
2024-08-28 11:11:40,17800.0,1000,Buy,235397617
2024-08-28 11:11:40,17800.0,100,Buy,235397615
2024-08-28 11:11:40,17800.0,1200,Buy,235397608
2024-08-28 11:11:40,17800.0,10000,Buy,235397613
2024-08-28 11:11:40,17800.0,2000,Buy,235397612
2024-08-28 11:11:40,17800.0,300,Buy,235397611
2024-08-28 11:11:40,17800.0,5000,Buy,235397610
2024-08-28 11:11:40,17800.0,1000,Buy,235397609
2024-08-28 11:11:40,17800.0,6900,Buy,235397614
2024-08-28 11:11:41,17800.0,1000,Sell,235397649
2024-08-28 11:12:06,17800.0,600,Sell,235399331
2024-08-28 11:12:08,17800.0,4100,Sell,235399465
2024-08-28 11:12:09,17800.0,5400,Buy,235399593
2024-08-28 11:12:11,17800.0,1000,Sell,235399705
2024-08-28 11:12:22,17800.0,8600,Sell,235400394
2024-08-28 11:12:22,17800.0,7000,Sell,235400395
2024-08-28 11:12:24,17800.0,1000,Sell,235400524
2024-08-28 11:12:25,17800.0,500,Sell,235400629
2024-08-28 11:12:32,17800.0,1500,Sell,235401140
2024-08-28 11:12:32,17800.0,1000,Sell,235401141
2024-08-28 11:12:51,17800.0,2500,Buy,235402160
2024-08-28 11:12:51,17800.0,7500,Buy,235402161
2024-08-28 11:12:57,17800.0,900,Buy,235402443
2024-08-28 11:12:58,17800.0,1000,Buy,235402465
2024-08-28 11:13:03,17800.0,5800,Buy,235402704
2024-08-28 11:13:03,17800.0,24200,Buy,235402705
2024-08-28 11:13:14,17800.0,7200,Buy,235403405
2024-08-28 11:13:14,17800.0,800,Buy,235403402
2024-08-28 11:13:14,17800.0,1000,Buy,235403403
2024-08-28 11:13:14,17800.0,1000,Buy,235403404
2024-08-28 11:13:24,17800.0,2800,Buy,235403836
2024-08-28 11:13:24,17800.0,400,Buy,235403837
2024-08-28 11:13:24,17800.0,800,Buy,235403838
2024-08-28 11:13:24,17800.0,400,Buy,235403839
2024-08-28 11:13:34,17800.0,1000,Sell,235404318
2024-08-28 11:13:52,17800.0,14600,Sell,235405030
2024-08-28 11:13:52,17800.0,8400,Sell,235405031
2024-08-28 11:14:07,17800.0,200,Sell,235405761
2024-08-28 11:14:13,17800.0,10000,Sell,235405982
2024-08-28 11:14:13,17800.0,1400,Sell,235405981
2024-08-28 11:14:14,17800.0,7100,Buy,235406081
2024-08-28 11:14:22,17800.0,1000,Sell,235406425
2024-08-28 11:14:24,17800.0,1400,Sell,235406517
2024-08-28 11:14:26,17800.0,2000,Sell,235406571
2024-08-28 11:14:27,17800.0,500,Sell,235406626
2024-08-28 11:14:35,17800.0,8000,Sell,235406947
2024-08-28 11:14:53,17800.0,1000,Buy,235407571
2024-08-28 11:14:54,17800.0,5000,Buy,235407601
2024-08-28 11:15:00,17800.0,7500,Buy,235407803
2024-08-28 11:15:00,17800.0,6000,Buy,235407801
2024-08-28 11:15:00,17800.0,18500,Buy,235407802
2024-08-28 11:15:21,17800.0,100,Buy,235408519
2024-08-28 11:15:21,17800.0,1900,Buy,235408526
2024-08-28 11:15:21,17800.0,400,Buy,235408527
2024-08-28 11:15:21,17850.0,5200,Buy,235408528
2024-08-28 11:15:47,17800.0,100,Sell,235409352
2024-08-28 11:15:47,17800.0,2000,Sell,235409353
2024-08-28 11:15:47,17800.0,2000,Buy,235409354
2024-08-28 11:15:48,17800.0,10000,Buy,235409388
2024-08-28 11:15:54,17800.0,1900,Buy,235409616
2024-08-28 11:15:54,17800.0,4400,Buy,235409613
2024-08-28 11:15:54,17800.0,100,Buy,235409614
2024-08-28 11:15:54,17800.0,1000,Buy,235409615
2024-08-28 11:16:01,17800.0,5700,Sell,235409902
2024-08-28 11:16:07,17800.0,1000,Sell,235410157
2024-08-28 11:16:27,17800.0,30900,Sell,235410808
2024-08-28 11:16:27,17800.0,1000,Sell,235410809
2024-08-28 11:16:27,17800.0,1000,Sell,235410810
2024-08-28 11:16:27,17800.0,2000,Sell,235410811
2024-08-28 11:16:45,17800.0,10000,Buy,235411316
2024-08-28 11:16:55,17800.0,1700,Buy,235411690
2024-08-28 11:16:55,17800.0,300,Buy,235411689
2024-08-28 11:16:56,17800.0,200,Buy,235411726
2024-08-28 11:17:10,17800.0,5700,Sell,235412203
2024-08-28 11:17:23,17800.0,2800,Sell,235412678
2024-08-28 11:17:23,17800.0,2000,Sell,235412679
2024-08-28 11:17:23,17800.0,900,Sell,235412680
2024-08-28 11:17:43,17800.0,100,Sell,235413165
2024-08-28 11:17:43,17800.0,2000,Sell,235413166
2024-08-28 11:17:43,17750.0,3600,Sell,235413167
2024-08-28 11:17:52,17800.0,200,Buy,235413453
2024-08-28 11:17:52,17800.0,3000,Buy,235413383
2024-08-28 11:17:56,17800.0,1000,Buy,235413528
2024-08-28 11:18:01,17750.0,5700,Sell,235413779
2024-08-28 11:18:11,17750.0,1900,Sell,235414081
2024-08-28 11:18:17,17750.0,5700,Sell,235414290
2024-08-28 11:18:21,17750.0,500,Sell,235414437
2024-08-28 11:18:32,17750.0,2600,Sell,235414842
2024-08-28 11:18:32,17750.0,1500,Sell,235414843
2024-08-28 11:18:32,17750.0,1600,Sell,235414844
2024-08-28 11:18:38,17800.0,11000,Buy,235415036
2024-08-28 11:18:40,17850.0,1500,Buy,235415071
2024-08-28 11:18:40,17850.0,100,Buy,235415072
2024-08-28 11:18:40,17850.0,200,Buy,235415073
2024-08-28 11:18:40,17850.0,1000,Buy,235415070
2024-08-28 11:18:40,17850.0,3000,Buy,235415075
2024-08-28 11:18:40,17850.0,500,Buy,235415076
2024-08-28 11:18:40,17850.0,1800,Buy,235415077
2024-08-28 11:18:40,17850.0,200,Buy,235415074
2024-08-28 11:18:40,17850.0,10000,Buy,235415069
2024-08-28 11:18:40,17850.0,300,Buy,235415064
2024-08-28 11:18:40,17850.0,2100,Buy,235415067
2024-08-28 11:18:40,17850.0,200,Buy,235415060
2024-08-28 11:18:40,17850.0,1000,Buy,235415061
2024-08-28 11:18:40,17850.0,2800,Buy,235415062
2024-08-28 11:18:40,17850.0,500,Buy,235415068
2024-08-28 11:18:40,17850.0,2000,Buy,235415059
2024-08-28 11:18:40,17850.0,1000,Buy,235415065
2024-08-28 11:18:40,17850.0,100,Buy,235415066
2024-08-28 11:18:40,17850.0,1000,Buy,235415063
2024-08-28 11:18:46,17850.0,10000,Sell,235415265
2024-08-28 11:18:51,17850.0,900,Sell,235415461
2024-08-28 11:18:51,17800.0,1000,Sell,235415462
2024-08-28 11:19:04,17800.0,3800,Buy,235415843
2024-08-28 11:19:04,17800.0,1200,Buy,235415844
2024-08-28 11:19:42,17800.0,700,Buy,235417064
2024-08-28 11:19:42,17800.0,300,Buy,235417065
2024-08-28 11:20:01,17800.0,1000,Buy,235417740
2024-08-28 11:20:35,17750.0,5700,Sell,235418576
2024-08-28 11:20:45,17800.0,200,Buy,235418886
2024-08-28 11:20:57,17800.0,400,Buy,235419149
2024-08-28 11:21:00,17750.0,1000,Sell,235419279
2024-08-28 11:21:00,17750.0,4700,Sell,235419278
2024-08-28 11:21:04,17800.0,1000,Buy,235419397
2024-08-28 11:21:09,17750.0,1000,Sell,235419508
2024-08-28 11:21:09,17750.0,500,Sell,235419509
2024-08-28 11:21:09,17750.0,500,Sell,235419510
2024-08-28 11:21:17,17800.0,2000,Buy,235419741
2024-08-28 11:21:25,17750.0,900,Sell,235420196
2024-08-28 11:21:25,17750.0,300,Sell,235420195
2024-08-28 11:21:25,17750.0,500,Sell,235420193
2024-08-28 11:21:25,17750.0,200,Sell,235420194
2024-08-28 11:21:27,17750.0,1900,Sell,235420265
2024-08-28 11:21:48,17800.0,200,Buy,235420908
2024-08-28 11:23:02,17750.0,1000,Sell,235422772
2024-08-28 11:23:47,17750.0,1600,Sell,235423877
2024-08-28 11:23:50,17750.0,1000,Sell,235423925
2024-08-28 11:23:57,17800.0,600,Buy,235424280
2024-08-28 11:24:05,17800.0,100,Buy,235424450
2024-08-28 11:24:13,17800.0,100,Buy,235424827
2024-08-28 11:24:29,17800.0,100,Buy,235425266
2024-08-28 11:24:35,17750.0,300,Sell,235425487
2024-08-28 11:25:09,17750.0,3000,Sell,235426218
2024-08-28 11:25:13,17800.0,100,Buy,235426326
2024-08-28 11:25:52,17800.0,100,Buy,235427280
2024-08-28 11:26:09,17750.0,200,Sell,235427679
2024-08-28 11:26:46,17750.0,1000,Sell,235428535
2024-08-28 11:27:20,17800.0,300,Buy,235429382
2024-08-28 11:27:23,17750.0,1000,Sell,235429446
2024-08-28 11:27:45,17750.0,1900,Sell,235429986
2024-08-28 11:28:05,17750.0,2000,Sell,235430595
2024-08-28 11:28:38,17750.0,1900,Sell,235431468
2024-08-28 11:28:53,17750.0,500,Sell,235431810
2024-08-28 11:29:07,17750.0,1900,Sell,235432157
2024-08-28 11:29:11,17750.0,3400,Sell,235432326
2024-08-28 11:29:17,17750.0,1900,Sell,235432505
2024-08-28 11:29:18,17750.0,1900,Sell,235432557
2024-08-28 11:29:39,17750.0,2000,Sell,235433071
2024-08-28 13:00:03,17750.0,200,Sell,235433834
2024-08-28 13:00:03,17750.0,200,Sell,235433835
2024-08-28 13:00:03,17750.0,500,Sell,235433836
2024-08-28 13:00:03,17750.0,6500,Sell,235433837
2024-08-28 13:00:03,17750.0,9100,Sell,235433833
2024-08-28 13:00:04,17750.0,400,Sell,235434131
2024-08-28 13:00:04,17750.0,500,Sell,235434132
2024-08-28 13:00:04,17750.0,8000,Sell,235434133
2024-08-28 13:00:04,17750.0,100,Sell,235434134
2024-08-28 13:00:04,17750.0,100,Sell,235434135
2024-08-28 13:00:04,17750.0,1000,Sell,235434137
2024-08-28 13:00:04,17750.0,7900,Sell,235434138
2024-08-28 13:00:04,17750.0,2900,Sell,235434139
2024-08-28 13:00:04,17750.0,500,Sell,235434677
2024-08-28 13:00:04,17750.0,200,Sell,235434130
2024-08-28 13:00:04,17750.0,10000,Sell,235434136
2024-08-28 13:00:04,17750.0,18900,Sell,235434129
2024-08-28 13:00:04,17750.0,2000,Sell,235434117
2024-08-28 13:00:04,17750.0,5000,Sell,235434127
2024-08-28 13:00:04,17750.0,200,Sell,235434116
2024-08-28 13:00:04,17750.0,16400,Sell,235434115
2024-08-28 13:00:04,17750.0,1000,Sell,235434118
2024-08-28 13:00:04,17750.0,2000,Sell,235434119
2024-08-28 13:00:04,17750.0,3000,Sell,235434120
2024-08-28 13:00:04,17750.0,5000,Sell,235434128
2024-08-28 13:00:04,17750.0,300,Sell,235434122
2024-08-28 13:00:04,17750.0,1000,Sell,235434123
2024-08-28 13:00:04,17750.0,100,Sell,235434124
2024-08-28 13:00:04,17750.0,2000,Sell,235434125
2024-08-28 13:00:04,17750.0,10000,Sell,235434126
2024-08-28 13:00:04,17750.0,2000,Sell,235434121
2024-08-28 13:00:05,17750.0,500,Sell,235434868
2024-08-28 13:00:05,17750.0,2000,Sell,235434867
2024-08-28 13:00:05,17750.0,100,Sell,235434866
2024-08-28 13:00:05,17750.0,100,Sell,235434865
2024-08-28 13:00:05,17750.0,100,Sell,235434864
2024-08-28 13:00:05,17750.0,2500,Sell,235434863
2024-08-28 13:00:05,17750.0,3500,Sell,235434862
2024-08-28 13:00:05,17750.0,200,Sell,235434861
2024-08-28 13:00:05,17750.0,100,Sell,235434859
2024-08-28 13:00:05,17750.0,200,Sell,235434858
2024-08-28 13:00:05,17750.0,500,Sell,235434857
2024-08-28 13:00:05,17750.0,200,Sell,235434855
2024-08-28 13:00:05,17750.0,100,Sell,235434854
2024-08-28 13:00:05,17750.0,2000,Sell,235434853
2024-08-28 13:00:05,17750.0,1000,Sell,235434852
2024-08-28 13:00:05,17750.0,5600,Sell,235434851
2024-08-28 13:00:05,17750.0,2000,Sell,235434860
2024-08-28 13:00:05,17750.0,10000,Sell,235434856
2024-08-28 13:00:07,17750.0,200,Buy,235436062
2024-08-28 13:00:08,17750.0,1000,Buy,235436240
2024-08-28 13:00:10,17750.0,200,Buy,235437122
2024-08-28 13:00:10,17750.0,200,Buy,235437121
2024-08-28 13:00:11,17750.0,100,Buy,235437273
2024-08-28 13:00:17,17700.0,1600,Sell,235438443
2024-08-28 13:00:17,17700.0,400,Sell,235438434
2024-08-28 13:00:28,17750.0,200,Buy,235439050
2024-08-28 13:00:57,17750.0,4200,Buy,235440591
2024-08-28 13:00:57,17750.0,1300,Buy,235440612
2024-08-28 13:01:06,17750.0,10000,Buy,235440880
2024-08-28 13:01:10,17750.0,1900,Buy,235440980
2024-08-28 13:01:10,17750.0,1300,Buy,235440981
2024-08-28 13:01:10,17750.0,1800,Buy,235440982
2024-08-28 13:01:10,17750.0,4000,Buy,235441033
2024-08-28 13:01:10,17750.0,1300,Buy,235441034
2024-08-28 13:01:10,17750.0,100,Buy,235441035
2024-08-28 13:01:10,17750.0,1400,Buy,235441036
2024-08-28 13:01:10,17750.0,3200,Buy,235441032
2024-08-28 13:02:11,17700.0,1000,Sell,235442645
2024-08-28 13:02:52,17700.0,100,Sell,235443781
2024-08-28 13:02:54,17700.0,600,Sell,235443864
2024-08-28 13:02:54,17700.0,200,Sell,235443862
2024-08-28 13:02:54,17700.0,100,Sell,235443861
2024-08-28 13:02:54,17700.0,100,Sell,235443863
2024-08-28 13:03:07,17700.0,400,Sell,235444337
2024-08-28 13:03:07,17700.0,100,Sell,235444338
2024-08-28 13:03:07,17700.0,200,Sell,235444339
2024-08-28 13:03:07,17700.0,100,Sell,235444340
2024-08-28 13:03:07,17700.0,200,Sell,235444341
2024-08-28 13:03:07,17700.0,100,Sell,235444342
2024-08-28 13:03:07,17700.0,2000,Sell,235444343
2024-08-28 13:03:07,17700.0,300,Sell,235444344
2024-08-28 13:03:07,17700.0,200,Sell,235444345
2024-08-28 13:03:07,17700.0,500,Sell,235444346
2024-08-28 13:03:07,17700.0,1000,Sell,235444347
2024-08-28 13:03:32,17700.0,3600,Sell,235445055
2024-08-28 13:03:32,17700.0,100,Sell,235445054
2024-08-28 13:03:32,17700.0,700,Sell,235445052
2024-08-28 13:03:32,17700.0,100,Sell,235445051
2024-08-28 13:03:32,17700.0,500,Sell,235445053
2024-08-28 13:03:50,17700.0,300,Sell,235445652
2024-08-28 13:04:09,17700.0,200,Sell,235446148
2024-08-28 13:05:05,17750.0,1000,Buy,235447641
2024-08-28 13:05:18,17750.0,500,Buy,235448138
2024-08-28 13:05:18,17750.0,300,Buy,235448159
2024-08-28 13:05:18,17750.0,500,Buy,235448160
2024-08-28 13:05:18,17750.0,200,Buy,235448161
2024-08-28 13:05:18,17750.0,500,Buy,235448162
2024-08-28 13:05:18,17750.0,7500,Buy,235448163
2024-08-28 13:05:18,17750.0,2000,Buy,235448164
2024-08-28 13:05:18,17750.0,300,Buy,235448165
2024-08-28 13:05:18,17750.0,3000,Buy,235448166
2024-08-28 13:05:18,17750.0,700,Buy,235448167
2024-08-28 13:05:24,17750.0,600,Buy,235448291
2024-08-28 13:05:27,17750.0,100,Buy,235448390
2024-08-28 13:05:38,17750.0,3100,Buy,235448686
2024-08-28 13:05:38,17750.0,1000,Buy,235448684
2024-08-28 13:05:38,17750.0,4500,Buy,235448685
2024-08-28 13:05:38,17750.0,1400,Buy,235448683
2024-08-28 13:05:40,17750.0,5000,Buy,235448758
2024-08-28 13:05:42,17750.0,1000,Buy,235448824
2024-08-28 13:05:54,17750.0,6400,Buy,235449137
2024-08-28 13:05:54,17750.0,12000,Buy,235449138
2024-08-28 13:06:27,17800.0,1700,Buy,235450077
2024-08-28 13:06:27,17800.0,300,Buy,235450078
2024-08-28 13:06:58,17750.0,3000,Sell,235450806
2024-08-28 13:07:17,17750.0,1000,Sell,235451275
2024-08-28 13:07:37,17750.0,5000,Sell,235451761
2024-08-28 13:07:55,17800.0,200,Buy,235452112
2024-08-28 13:07:55,17800.0,800,Buy,235452113
2024-08-28 13:08:05,17750.0,1000,Sell,235452419
2024-08-28 13:08:32,17750.0,2300,Sell,235453076
2024-08-28 13:08:34,17800.0,1800,Buy,235453143
2024-08-28 13:08:34,17800.0,200,Buy,235453142
2024-08-28 13:08:43,17750.0,1700,Sell,235453350
2024-08-28 13:09:00,17750.0,10000,Sell,235453852
2024-08-28 13:09:22,17750.0,500,Sell,235454389
2024-08-28 13:09:24,17800.0,1000,Buy,235454431
2024-08-28 13:09:36,17750.0,100,Sell,235454710
2024-08-28 13:10:01,17750.0,500,Sell,235455315
2024-08-28 13:10:18,17800.0,300,Buy,235455798
2024-08-28 13:10:31,17800.0,1000,Buy,235456166
2024-08-28 13:11:19,17750.0,100,Sell,235457316
2024-08-28 13:12:01,17750.0,300,Sell,235458280
2024-08-28 13:12:07,17750.0,5100,Sell,235458453
2024-08-28 13:12:07,17750.0,500,Sell,235458454
2024-08-28 13:12:07,17750.0,3000,Sell,235458455
2024-08-28 13:12:07,17750.0,11400,Sell,235458456
2024-08-28 13:12:08,17750.0,1000,Sell,235458463
2024-08-28 13:12:18,17750.0,1000,Sell,235458657
2024-08-28 13:12:18,17750.0,1000,Sell,235458658
2024-08-28 13:12:18,17750.0,2500,Sell,235458659
2024-08-28 13:12:18,17750.0,1000,Sell,235458660
2024-08-28 13:12:18,17750.0,4800,Sell,235458661
2024-08-28 13:12:18,17750.0,17600,Sell,235458656
2024-08-28 13:12:19,17750.0,1000,Sell,235458678
2024-08-28 13:12:35,17750.0,12000,Sell,235459023
2024-08-28 13:12:36,17750.0,10000,Sell,235459055
2024-08-28 13:12:37,17750.0,400,Sell,235459097
2024-08-28 13:12:37,17750.0,100,Sell,235459092
2024-08-28 13:12:37,17750.0,100,Sell,235459095
2024-08-28 13:12:37,17750.0,1000,Sell,235459094
2024-08-28 13:12:37,17750.0,1000,Sell,235459093
2024-08-28 13:12:37,17750.0,7800,Sell,235459091
2024-08-28 13:12:37,17750.0,500,Sell,235459096
2024-08-28 13:12:37,17750.0,100,Sell,235459089
2024-08-28 13:12:37,17750.0,2200,Sell,235459083
2024-08-28 13:12:37,17750.0,4200,Sell,235459084
2024-08-28 13:12:37,17750.0,1000,Sell,235459085
2024-08-28 13:12:37,17750.0,100,Sell,235459090
2024-08-28 13:12:37,17750.0,200,Sell,235459087
2024-08-28 13:12:37,17750.0,300,Sell,235459086
2024-08-28 13:12:37,17750.0,1000,Sell,235459088
2024-08-28 13:12:38,17750.0,100,Sell,235459105
2024-08-28 13:12:40,17750.0,300,Sell,235459156
2024-08-28 13:12:41,17750.0,1400,Sell,235459203
2024-08-28 13:12:41,17750.0,700,Sell,235459204
2024-08-28 13:12:41,17750.0,1000,Sell,235459205
2024-08-28 13:12:41,17750.0,700,Sell,235459206
2024-08-28 13:12:55,17750.0,1000,Buy,235459542
2024-08-28 13:12:57,17750.0,1200,Buy,235459577
2024-08-28 13:12:57,17750.0,3800,Buy,235459578
2024-08-28 13:13:14,17750.0,5000,Buy,235460044
2024-08-28 13:13:19,17750.0,600,Buy,235460182
2024-08-28 13:13:21,17750.0,5000,Buy,235460202
2024-08-28 13:13:21,17750.0,4500,Buy,235460203
2024-08-28 13:13:21,17750.0,12600,Buy,235460200
2024-08-28 13:13:21,17750.0,2700,Buy,235460201
2024-08-28 13:14:06,17750.0,3500,Sell,235461365
2024-08-28 13:14:13,17750.0,400,Sell,235461521
2024-08-28 13:14:13,17750.0,100,Sell,235461520
2024-08-28 13:14:13,17750.0,100,Sell,235461522
2024-08-28 13:14:13,17750.0,4000,Sell,235461518
2024-08-28 13:14:13,17750.0,1000,Sell,235461517
2024-08-28 13:14:13,17750.0,1700,Sell,235461516
2024-08-28 13:14:13,17750.0,500,Sell,235461519
2024-08-28 13:14:15,17750.0,600,Buy,235461543
2024-08-28 13:14:25,17750.0,3600,Buy,235461794
2024-08-28 13:14:25,17750.0,400,Buy,235461795
2024-08-28 13:14:27,17750.0,3600,Buy,235461829
2024-08-28 13:14:32,17750.0,3000,Sell,235462010
2024-08-28 13:14:51,17750.0,4000,Sell,235462491
2024-08-28 13:14:57,17750.0,3000,Sell,235462662
2024-08-28 13:15:05,17750.0,6000,Sell,235462893
2024-08-28 13:15:43,17750.0,100,Sell,235463827
2024-08-28 13:15:51,17750.0,1100,Sell,235464034
2024-08-28 13:16:13,17750.0,100,Sell,235464561
2024-08-28 13:16:57,17750.0,1000,Sell,235465557
2024-08-28 13:17:00,17750.0,1100,Sell,235465616
2024-08-28 13:17:44,17750.0,200,Sell,235466729
2024-08-28 13:17:45,17800.0,1000,Buy,235466755
2024-08-28 13:17:45,17800.0,1000,Buy,235466754
2024-08-28 13:17:45,17800.0,100,Buy,235466753
2024-08-28 13:17:45,17800.0,400,Buy,235466752
2024-08-28 13:17:45,17800.0,5500,Buy,235466751
2024-08-28 13:17:45,17800.0,13000,Buy,235466750
2024-08-28 13:17:45,17800.0,2400,Buy,235466756
2024-08-28 13:17:45,17800.0,1000,Buy,235466748
2024-08-28 13:17:45,17800.0,800,Buy,235466747
2024-08-28 13:17:45,17800.0,100,Buy,235466746
2024-08-28 13:17:45,17800.0,1000,Buy,235466745
2024-08-28 13:17:45,17800.0,800,Buy,235466744
2024-08-28 13:17:45,17800.0,300,Buy,235466743
2024-08-28 13:17:45,17800.0,1000,Buy,235466749
2024-08-28 13:17:45,17800.0,5900,Buy,235466742
2024-08-28 13:17:53,17750.0,1000,Sell,235466928
2024-08-28 13:17:53,17750.0,100,Sell,235466927
2024-08-28 13:17:53,17750.0,2600,Sell,235466929
2024-08-28 13:17:53,17750.0,300,Sell,235466924
2024-08-28 13:17:53,17750.0,500,Sell,235466926
2024-08-28 13:17:53,17750.0,500,Sell,235466925
2024-08-28 13:18:14,17750.0,400,Sell,235467498
2024-08-28 13:18:14,17750.0,600,Sell,235467499
2024-08-28 13:18:27,17750.0,5700,Sell,235467811
2024-08-28 13:18:37,17750.0,4000,Sell,235468024
2024-08-28 13:18:55,17750.0,3000,Sell,235468358
2024-08-28 13:19:05,17750.0,200,Sell,235468564
2024-08-28 13:19:27,17750.0,4300,Sell,235469015
2024-08-28 13:19:27,17750.0,500,Sell,235469016
2024-08-28 13:19:27,17750.0,3200,Sell,235469017
2024-08-28 13:19:30,17750.0,100,Sell,235469074
2024-08-28 13:19:37,17750.0,4300,Sell,235469182
2024-08-28 13:19:43,17750.0,100,Sell,235469318
2024-08-28 13:19:44,17750.0,5300,Sell,235469360
2024-08-28 13:19:44,17750.0,400,Sell,235469361
2024-08-28 13:19:53,17750.0,600,Sell,235469526
2024-08-28 13:19:53,17750.0,400,Sell,235469527
2024-08-28 13:19:55,17750.0,100,Sell,235469599
2024-08-28 13:19:56,17750.0,100,Sell,235469647
2024-08-28 13:19:56,17750.0,300,Sell,235469648
2024-08-28 13:19:56,17750.0,500,Sell,235469649
2024-08-28 13:19:56,17750.0,4500,Sell,235469646
2024-08-28 13:20:50,17750.0,300,Buy,235470647
2024-08-28 13:20:53,17750.0,4300,Buy,235470716
2024-08-28 13:20:53,17750.0,700,Buy,235470717
2024-08-28 13:21:02,17750.0,2000,Buy,235470926
2024-08-28 13:21:18,17750.0,200,Buy,235471290
2024-08-28 13:21:36,17750.0,100,Buy,235471692
2024-08-28 13:21:45,17750.0,700,Buy,235471860
2024-08-28 13:22:01,17750.0,100,Buy,235472229
2024-08-28 13:22:08,17750.0,1000,Buy,235472391
2024-08-28 13:22:15,17750.0,1000,Buy,235472543
2024-08-28 13:22:17,17750.0,1000,Buy,235472571
2024-08-28 13:22:22,17750.0,500,Buy,235472663
2024-08-28 13:22:30,17750.0,500,Buy,235472837
2024-08-28 13:22:37,17750.0,100,Buy,235472995
2024-08-28 13:22:42,17750.0,300,Buy,235473081
2024-08-28 13:22:46,17750.0,8000,Buy,235473190
2024-08-28 13:22:46,17750.0,11800,Buy,235473189
2024-08-28 13:22:47,17750.0,200,Buy,235473193
2024-08-28 13:22:47,17750.0,300,Buy,235473194
2024-08-28 13:22:49,17750.0,1900,Buy,235473222
2024-08-28 13:22:50,17750.0,600,Buy,235473226
2024-08-28 13:22:50,17750.0,5000,Buy,235473227
2024-08-28 13:22:50,17750.0,8200,Buy,235473229
2024-08-28 13:22:50,17750.0,100,Buy,235473230
2024-08-28 13:22:50,17750.0,4800,Buy,235473231
2024-08-28 13:22:50,17750.0,200,Buy,235473232
2024-08-28 13:22:50,17750.0,6000,Buy,235473233
2024-08-28 13:22:50,17750.0,1000,Buy,235473228
2024-08-28 13:23:47,17750.0,1000,Sell,235474487
2024-08-28 13:24:03,17750.0,1000,Sell,235474757
2024-08-28 13:24:05,17750.0,200,Sell,235474807
2024-08-28 13:24:31,17750.0,1000,Sell,235475457
2024-08-28 13:25:36,17750.0,1000,Sell,235477106
2024-08-28 13:25:52,17750.0,3000,Sell,235477540
2024-08-28 13:27:12,17750.0,7000,Sell,235480586
2024-08-28 13:27:41,17750.0,1000,Sell,235481913
2024-08-28 13:28:07,17750.0,8900,Sell,235483220
2024-08-28 13:28:07,17750.0,100,Sell,235483221
2024-08-28 13:28:07,17750.0,1000,Sell,235483222
2024-08-28 13:28:07,17750.0,400,Sell,235483223
2024-08-28 13:28:13,17750.0,100,Sell,235483508
2024-08-28 13:28:32,17800.0,1900,Buy,235484319
2024-08-28 13:29:05,17750.0,1000,Sell,235485969
2024-08-28 13:29:05,17750.0,100,Sell,235485967
2024-08-28 13:29:05,17750.0,2000,Sell,235485968
2024-08-28 13:29:05,17750.0,900,Sell,235485966
2024-08-28 13:29:11,17750.0,1300,Sell,235486259
2024-08-28 13:29:11,17750.0,3000,Sell,235486255
2024-08-28 13:29:11,17750.0,400,Sell,235486256
2024-08-28 13:29:11,17750.0,1000,Sell,235486257
2024-08-28 13:29:11,17750.0,300,Sell,235486258
2024-08-28 13:29:32,17800.0,200,Buy,235487400
2024-08-28 13:30:19,17800.0,100,Buy,235489858
2024-08-28 13:30:35,17800.0,200,Buy,235490567
2024-08-28 13:31:40,17800.0,1000,Buy,235492902
2024-08-28 13:31:45,17750.0,5700,Sell,235493201
2024-08-28 13:31:47,17800.0,1000,Buy,235493272
2024-08-28 13:32:40,17750.0,1800,Sell,235494991
2024-08-28 13:32:40,17750.0,1000,Sell,235494990
2024-08-28 13:32:40,17750.0,200,Sell,235494989
2024-08-28 13:32:40,17750.0,100,Sell,235494988
2024-08-28 13:32:40,17750.0,100,Sell,235494986
2024-08-28 13:32:40,17750.0,500,Sell,235494985
2024-08-28 13:32:40,17750.0,2000,Sell,235494984
2024-08-28 13:32:40,17750.0,1000,Sell,235494983
2024-08-28 13:32:40,17750.0,3000,Sell,235494982
2024-08-28 13:32:40,17750.0,300,Sell,235494987
2024-08-28 13:33:20,17750.0,3600,Sell,235496344
2024-08-28 13:33:20,17750.0,1500,Sell,235496343
2024-08-28 13:33:20,17750.0,200,Sell,235496339
2024-08-28 13:33:20,17750.0,1000,Sell,235496341
2024-08-28 13:33:20,17750.0,100,Sell,235496342
2024-08-28 13:33:20,17750.0,100,Sell,235496340
2024-08-28 13:33:22,17750.0,2000,Sell,235496400
2024-08-28 13:33:38,17750.0,8500,Sell,235497000
2024-08-28 13:34:02,17750.0,600,Sell,235497860
2024-08-28 13:34:09,17750.0,100,Sell,235498093
2024-08-28 13:34:15,17750.0,100,Sell,235498284
2024-08-28 13:34:55,17750.0,5000,Sell,235499506
2024-08-28 13:35:01,17750.0,100,Sell,235499632
2024-08-28 13:35:01,17750.0,600,Sell,235499633
2024-08-28 13:35:01,17750.0,200,Sell,235499634
2024-08-28 13:35:01,17750.0,1000,Sell,235499635
2024-08-28 13:35:01,17750.0,2000,Sell,235499636
2024-08-28 13:35:01,17750.0,100,Sell,235499637
2024-08-28 13:35:17,17750.0,900,Sell,235500110
2024-08-28 13:35:17,17750.0,600,Sell,235500111
2024-08-28 13:35:17,17750.0,1500,Sell,235500112
2024-08-28 13:35:29,17750.0,900,Sell,235500328
2024-08-28 13:35:29,17750.0,1600,Sell,235500327
2024-08-28 13:35:29,17750.0,1500,Sell,235500325
2024-08-28 13:35:29,17750.0,4000,Sell,235500326
2024-08-28 13:35:32,17750.0,100,Sell,235500406
2024-08-28 13:35:32,17750.0,800,Sell,235500407
2024-08-28 13:35:32,17750.0,100,Sell,235500408
2024-08-28 13:35:44,17750.0,900,Sell,235500665
2024-08-28 13:35:44,17750.0,100,Sell,235500666
2024-08-28 13:35:44,17750.0,19000,Sell,235500667
2024-08-28 13:35:59,17750.0,10000,Sell,235501153
2024-08-28 13:36:04,17750.0,1000,Sell,235501231
2024-08-28 13:36:04,17750.0,6000,Sell,235501241
2024-08-28 13:36:08,17750.0,14000,Sell,235501342
2024-08-28 13:36:08,17750.0,5000,Sell,235501343
2024-08-28 13:36:08,17750.0,1000,Sell,235501344
2024-08-28 13:36:14,17750.0,1500,Sell,235501491
2024-08-28 13:36:14,17750.0,1900,Sell,235501492
2024-08-28 13:36:25,17750.0,8000,Buy,235501837
2024-08-28 13:36:25,17750.0,14000,Buy,235501836
2024-08-28 13:36:25,17750.0,1100,Buy,235501835
2024-08-28 13:36:25,17750.0,2600,Buy,235501834
2024-08-28 13:36:31,17750.0,100,Buy,235502072
2024-08-28 13:36:51,17750.0,3500,Buy,235502572
2024-08-28 13:37:04,17750.0,2400,Buy,235502951
2024-08-28 13:37:04,17750.0,600,Buy,235502952
2024-08-28 13:37:05,17750.0,5000,Buy,235502994
2024-08-28 13:37:06,17750.0,1400,Buy,235502998
2024-08-28 13:37:06,17750.0,3000,Buy,235503000
2024-08-28 13:37:06,17750.0,2500,Buy,235503001
2024-08-28 13:37:06,17750.0,1700,Buy,235503002
2024-08-28 13:37:06,17750.0,13000,Buy,235502999
2024-08-28 13:37:11,17700.0,100,Sell,235503123
2024-08-28 13:37:20,17750.0,500,Buy,235503349
2024-08-28 13:38:06,17750.0,3200,Buy,235504283
2024-08-28 13:38:28,17750.0,1000,Buy,235504831
2024-08-28 13:38:48,17750.0,100,Buy,235505261
2024-08-28 13:38:57,17750.0,3700,Buy,235505444
2024-08-28 13:38:57,17750.0,300,Buy,235505443
2024-08-28 13:39:01,17750.0,3000,Buy,235505514
2024-08-28 13:39:09,17750.0,500,Buy,235505651
2024-08-28 13:39:14,17750.0,500,Buy,235505766
2024-08-28 13:39:27,17700.0,100,Sell,235506059
2024-08-28 13:40:07,17750.0,600,Buy,235506748
2024-08-28 13:40:16,17750.0,100,Buy,235506940
2024-08-28 13:40:25,17750.0,200,Buy,235507110
2024-08-28 13:40:39,17750.0,100,Buy,235507423
2024-08-28 13:40:49,17750.0,100,Buy,235507571
2024-08-28 13:41:00,17750.0,100,Buy,235507828
2024-08-28 13:41:08,17750.0,500,Buy,235508004
2024-08-28 13:41:08,17750.0,300,Buy,235508005
2024-08-28 13:41:08,17750.0,4200,Buy,235508003
2024-08-28 13:41:17,17750.0,2000,Buy,235508199
2024-08-28 13:41:18,17750.0,8200,Buy,235508223
2024-08-28 13:41:18,17750.0,1800,Buy,235508224
2024-08-28 13:41:20,17750.0,2000,Buy,235508256
2024-08-28 13:41:30,17750.0,100,Buy,235508428
2024-08-28 13:41:40,17750.0,200,Buy,235508612
2024-08-28 13:41:44,17750.0,200,Buy,235508719
2024-08-28 13:42:07,17750.0,200,Buy,235509230
2024-08-28 13:42:23,17750.0,600,Buy,235509580
2024-08-28 13:42:23,17750.0,400,Buy,235509579
2024-08-28 13:42:30,17750.0,2000,Buy,235509688
2024-08-28 13:42:45,17750.0,200,Buy,235509986
2024-08-28 13:42:58,17750.0,5000,Buy,235510183
2024-08-28 13:43:05,17750.0,1000,Buy,235510326
2024-08-28 13:43:07,17700.0,200,Sell,235510354
2024-08-28 13:43:09,17750.0,900,Buy,235510405
2024-08-28 13:43:22,17750.0,300,Buy,235510699
2024-08-28 13:43:22,17750.0,800,Buy,235510700
2024-08-28 13:43:46,17750.0,4700,Buy,235511237
2024-08-28 13:43:46,17750.0,300,Buy,235511238
2024-08-28 13:43:57,17750.0,4400,Buy,235511405
2024-08-28 13:43:57,17750.0,600,Buy,235511406
2024-08-28 13:44:03,17750.0,500,Buy,235511517
2024-08-28 13:44:04,17750.0,300,Buy,235511532
2024-08-28 13:44:04,17750.0,800,Buy,235511533
2024-08-28 13:44:04,17750.0,5000,Buy,235511531
2024-08-28 13:44:04,17750.0,1900,Buy,235511529
2024-08-28 13:44:04,17750.0,2000,Buy,235511530
2024-08-28 13:44:08,17750.0,100,Buy,235511631
2024-08-28 13:44:09,17750.0,2500,Buy,235511641
2024-08-28 13:44:10,17750.0,400,Buy,235511720
2024-08-28 13:44:14,17750.0,500,Buy,235511802
2024-08-28 13:44:24,17750.0,1000,Buy,235512028
2024-08-28 13:44:25,17750.0,100,Buy,235512034
2024-08-28 13:44:41,17750.0,1000,Buy,235512288
2024-08-28 13:44:48,17750.0,600,Buy,235512491
2024-08-28 13:44:48,17750.0,5000,Buy,235512492
2024-08-28 13:44:48,17750.0,300,Buy,235512493
2024-08-28 13:44:48,17750.0,5600,Buy,235512494
2024-08-28 13:44:48,17750.0,4900,Buy,235512495
2024-08-28 13:44:48,17750.0,2000,Buy,235512496
2024-08-28 13:44:48,17750.0,1600,Buy,235512497
2024-08-28 13:44:51,17750.0,200,Buy,235512539
2024-08-28 13:44:51,17750.0,900,Buy,235512538
2024-08-28 13:44:53,17750.0,5000,Buy,235512587
2024-08-28 13:45:03,17750.0,1000,Buy,235512891
2024-08-28 13:45:07,17750.0,5000,Buy,235513008
2024-08-28 13:45:14,17750.0,800,Buy,235513159
2024-08-28 13:45:14,17750.0,1000,Buy,235513160
2024-08-28 13:45:17,17800.0,12300,Buy,235513282
2024-08-28 13:45:17,17800.0,11000,Buy,235513281
2024-08-28 13:45:17,17800.0,2000,Buy,235513280
2024-08-28 13:45:17,17800.0,100,Buy,235513277
2024-08-28 13:45:17,17800.0,2000,Buy,235513276
2024-08-28 13:45:17,17800.0,13200,Buy,235513275
2024-08-28 13:45:17,17800.0,100,Buy,235513278
2024-08-28 13:45:17,17800.0,3500,Buy,235513279
2024-08-28 13:45:55,17750.0,8000,Sell,235514089
2024-08-28 13:45:55,17750.0,2000,Sell,235514090
2024-08-28 13:45:55,17750.0,1900,Sell,235514091
2024-08-28 13:45:55,17750.0,600,Sell,235514092
2024-08-28 13:46:16,17750.0,1800,Sell,235514576
2024-08-28 13:46:16,17750.0,1900,Sell,235514574
2024-08-28 13:46:16,17750.0,1300,Sell,235514573
2024-08-28 13:46:16,17750.0,1900,Sell,235514575
2024-08-28 13:46:26,17750.0,100,Sell,235514776
2024-08-28 13:46:26,17750.0,1900,Sell,235514777
2024-08-28 13:46:26,17750.0,100,Sell,235514778
2024-08-28 13:46:58,17800.0,100,Buy,235515585
2024-08-28 13:47:01,17750.0,200,Sell,235515622
2024-08-28 13:47:01,17750.0,600,Sell,235515617
2024-08-28 13:47:01,17750.0,1900,Sell,235515616
2024-08-28 13:47:01,17750.0,1900,Sell,235515615
2024-08-28 13:47:01,17750.0,1900,Sell,235515613
2024-08-28 13:47:01,17750.0,1800,Sell,235515612
2024-08-28 13:47:01,17750.0,1900,Sell,235515614
2024-08-28 13:47:10,17750.0,6200,Sell,235515813
2024-08-28 13:47:10,17750.0,100,Sell,235515812
2024-08-28 13:47:10,17750.0,500,Sell,235515811
2024-08-28 13:47:10,17750.0,1000,Sell,235515810
2024-08-28 13:47:10,17750.0,100,Sell,235515807
2024-08-28 13:47:10,17750.0,1000,Sell,235515808
2024-08-28 13:47:10,17750.0,1100,Sell,235515804
2024-08-28 13:47:10,17750.0,200,Sell,235515809
2024-08-28 13:47:10,17750.0,5000,Sell,235515806
2024-08-28 13:47:10,17750.0,800,Sell,235515805
2024-08-28 13:47:23,17750.0,100,Sell,235516111
2024-08-28 13:47:23,17750.0,9800,Sell,235516110
2024-08-28 13:47:23,17750.0,1000,Sell,235516112
2024-08-28 13:47:56,17750.0,9100,Buy,235517038
2024-08-28 13:47:56,17750.0,1000,Buy,235517039
2024-08-28 13:47:56,17750.0,15000,Buy,235517040
2024-08-28 13:48:25,17750.0,10000,Sell,235517651
2024-08-28 13:48:25,17750.0,2000,Sell,235517669
2024-08-28 13:48:34,17750.0,1000,Sell,235517915
2024-08-28 13:50:28,17750.0,1900,Sell,235520878
2024-08-28 13:50:28,17750.0,100,Sell,235520914
2024-08-28 13:50:28,17750.0,200,Sell,235520915
2024-08-28 13:50:28,17750.0,800,Sell,235520916
2024-08-28 13:50:40,17750.0,600,Sell,235521268
2024-08-28 13:50:40,17750.0,3000,Sell,235521266
2024-08-28 13:50:40,17750.0,200,Sell,235521267
2024-08-28 13:50:40,17750.0,200,Sell,235521265
2024-08-28 13:50:49,17750.0,5000,Sell,235521465
2024-08-28 13:50:49,17750.0,3000,Sell,235521467
2024-08-28 13:51:45,17800.0,100,Buy,235523563
2024-08-28 13:51:59,17800.0,1500,Buy,235524108
2024-08-28 13:51:59,17800.0,100,Buy,235524109
2024-08-28 13:51:59,17800.0,300,Buy,235524110
2024-08-28 13:51:59,17800.0,3800,Buy,235524111
2024-08-28 13:52:21,17800.0,100,Buy,235524954
2024-08-28 13:52:21,17800.0,1400,Buy,235524955
2024-08-28 13:52:21,17800.0,500,Buy,235524953
2024-08-28 13:52:21,17800.0,3200,Buy,235524951
2024-08-28 13:52:21,17800.0,500,Buy,235524952
2024-08-28 13:52:26,17800.0,500,Buy,235525173
2024-08-28 13:53:47,17750.0,1400,Sell,235527680
2024-08-28 13:53:47,17750.0,100,Sell,235527681
2024-08-28 13:53:47,17750.0,1000,Sell,235527682
2024-08-28 13:53:47,17750.0,2500,Sell,235527683
2024-08-28 13:54:59,17750.0,100,Sell,235529589
2024-08-28 13:55:58,17750.0,100,Sell,235531065
2024-08-28 13:56:22,17800.0,100,Buy,235531695
2024-08-28 13:56:22,17800.0,5700,Buy,235531696
2024-08-28 13:56:22,17800.0,3200,Buy,235531697
2024-08-28 13:56:39,17800.0,1500,Buy,235532160
2024-08-28 13:57:00,17800.0,1000,Buy,235532870
2024-08-28 13:57:05,17800.0,5700,Buy,235532993
2024-08-28 13:57:05,17800.0,500,Buy,235532994
2024-08-28 13:57:05,17800.0,10000,Buy,235532995
2024-08-28 13:57:05,17800.0,3800,Buy,235532992
2024-08-28 13:57:08,17750.0,200,Sell,235533130
2024-08-28 13:57:08,17750.0,5500,Sell,235533131
2024-08-28 13:57:15,17750.0,1900,Sell,235533351
2024-08-28 13:57:22,17750.0,2200,Sell,235533593
2024-08-28 13:57:24,17750.0,2900,Sell,235533712
2024-08-28 13:57:24,17750.0,1700,Sell,235533711
2024-08-28 13:57:24,17750.0,100,Sell,235533710
2024-08-28 13:57:24,17750.0,100,Sell,235533708
2024-08-28 13:57:24,17750.0,100,Sell,235533707
2024-08-28 13:57:24,17750.0,300,Sell,235533709
2024-08-28 13:57:24,17750.0,100,Sell,235533706
2024-08-28 13:57:24,17750.0,400,Sell,235533705
2024-08-28 13:57:26,17750.0,500,Sell,235533788
2024-08-28 13:57:27,17750.0,1600,Sell,235533797
2024-08-28 13:57:27,17750.0,1000,Sell,235533798
2024-08-28 13:57:27,17750.0,100,Sell,235533799
2024-08-28 13:57:27,17750.0,300,Sell,235533800
2024-08-28 13:57:34,17750.0,1900,Sell,235533999
2024-08-28 13:57:41,17750.0,500,Sell,235534217
2024-08-28 13:57:47,17750.0,100,Sell,235534389
2024-08-28 13:57:47,17750.0,500,Sell,235534390
2024-08-28 13:57:47,17750.0,1000,Sell,235534391
2024-08-28 13:57:47,17750.0,2500,Sell,235534392
2024-08-28 13:57:47,17750.0,5900,Sell,235534393
2024-08-28 13:57:51,17750.0,100,Sell,235534525
2024-08-28 13:57:59,17800.0,200,Buy,235534746
2024-08-28 13:58:22,17750.0,500,Sell,235535357
2024-08-28 13:58:39,17750.0,400,Sell,235535795
2024-08-28 13:58:48,17750.0,100,Sell,235536079
2024-08-28 13:59:10,17800.0,600,Buy,235536750
2024-08-28 13:59:10,17750.0,1000,Sell,235536758
2024-08-28 13:59:15,17750.0,2500,Sell,235536908
2024-08-28 13:59:17,17750.0,1000,Sell,235536969
2024-08-28 13:59:17,17750.0,5000,Sell,235536968
2024-08-28 13:59:17,17750.0,600,Sell,235536967
2024-08-28 13:59:17,17750.0,1000,Sell,235536966
2024-08-28 13:59:17,17750.0,400,Sell,235536965
2024-08-28 13:59:17,17750.0,600,Sell,235536963
2024-08-28 13:59:17,17750.0,1000,Sell,235536962
2024-08-28 13:59:17,17750.0,100,Sell,235536964
2024-08-28 13:59:17,17750.0,4500,Sell,235536959
2024-08-28 13:59:17,17750.0,2000,Sell,235536961
2024-08-28 13:59:17,17750.0,1200,Sell,235536960
2024-08-28 13:59:25,17750.0,300,Buy,235537129
2024-08-28 13:59:34,17750.0,1900,Buy,235537328
2024-08-28 13:59:37,17750.0,300,Buy,235537452
2024-08-28 13:59:58,17750.0,500,Buy,235537983
2024-08-28 13:59:58,17750.0,1000,Buy,235537990
2024-08-28 14:00:00,17750.0,100,Buy,235538014
2024-08-28 14:00:04,17750.0,100,Buy,235538172
2024-08-28 14:00:17,17700.0,200,Sell,235538581
2024-08-28 14:00:21,17750.0,100,Buy,235538730
2024-08-28 14:00:28,17750.0,1800,Buy,235539033
2024-08-28 14:00:31,17750.0,2100,Buy,235539166
2024-08-28 14:00:31,17750.0,1000,Buy,235539167
2024-08-28 14:00:31,17750.0,6900,Buy,235539168
2024-08-28 14:00:44,17750.0,3000,Buy,235539683
2024-08-28 14:00:49,17750.0,100,Buy,235539805
2024-08-28 14:00:49,17750.0,800,Buy,235539806
2024-08-28 14:01:04,17750.0,100,Buy,235540284
2024-08-28 14:01:12,17750.0,100,Buy,235540593
2024-08-28 14:01:27,17750.0,100,Buy,235541127
2024-08-28 14:01:27,17750.0,200,Buy,235541126
2024-08-28 14:01:45,17750.0,100,Sell,235541975
2024-08-28 14:01:45,17750.0,200,Sell,235541974
2024-08-28 14:02:01,17750.0,700,Buy,235542501
2024-08-28 14:02:01,17750.0,300,Buy,235542502
2024-08-28 14:02:25,17750.0,200,Buy,235543154
2024-08-28 14:02:25,17750.0,100,Buy,235543155
2024-08-28 14:02:28,17750.0,100,Buy,235543246
2024-08-28 14:02:47,17700.0,100,Sell,235543872
2024-08-28 14:03:46,17700.0,10000,Sell,235545518
2024-08-28 14:04:18,17750.0,700,Buy,235546648
2024-08-28 14:04:18,17750.0,1000,Buy,235546647
2024-08-28 14:04:18,17750.0,800,Buy,235546645
2024-08-28 14:04:18,17750.0,3000,Buy,235546646
2024-08-28 14:04:24,17700.0,7500,Sell,235546851
2024-08-28 14:04:52,17700.0,400,Sell,235547631
2024-08-28 14:04:58,17750.0,1900,Buy,235547923
2024-08-28 14:05:00,17750.0,400,Buy,235548015
2024-08-28 14:05:00,17750.0,1500,Buy,235548016
2024-08-28 14:05:00,17750.0,1900,Buy,235548025
2024-08-28 14:05:07,17700.0,100,Sell,235548240
2024-08-28 14:05:39,17700.0,2000,Sell,235548988
2024-08-28 14:06:16,17750.0,900,Buy,235550042
2024-08-28 14:06:16,17750.0,1600,Buy,235550040
2024-08-28 14:06:16,17750.0,500,Buy,235550041
2024-08-28 14:06:17,17700.0,2000,Sell,235550053
2024-08-28 14:07:10,17700.0,1000,Sell,235551369
2024-08-28 14:07:16,17700.0,7000,Sell,235551510
2024-08-28 14:07:22,17700.0,600,Sell,235551624
2024-08-28 14:07:44,17750.0,1000,Buy,235552083
2024-08-28 14:08:28,17750.0,300,Buy,235553385
2024-08-28 14:08:28,17700.0,8000,Sell,235553386
2024-08-28 14:08:40,17700.0,100,Sell,235553744
2024-08-28 14:08:40,17700.0,400,Sell,235553745
2024-08-28 14:08:40,17700.0,100,Sell,235553746
2024-08-28 14:08:40,17700.0,1000,Sell,235553747
2024-08-28 14:08:40,17700.0,300,Sell,235553748
2024-08-28 14:08:40,17700.0,1000,Sell,235553749
2024-08-28 14:08:40,17700.0,11000,Sell,235553750
2024-08-28 14:08:40,17700.0,1000,Sell,235553755
2024-08-28 14:08:40,17700.0,500,Sell,235553752
2024-08-28 14:08:40,17700.0,200,Sell,235553753
2024-08-28 14:08:40,17700.0,200,Sell,235553754
2024-08-28 14:08:40,17700.0,1000,Sell,235553756
2024-08-28 14:08:40,17700.0,3000,Sell,235553757
2024-08-28 14:08:40,17700.0,5000,Sell,235553758
2024-08-28 14:08:40,17700.0,100,Sell,235553759
2024-08-28 14:08:40,17700.0,1000,Sell,235553751
2024-08-28 14:08:40,17700.0,600,Sell,235553743
2024-08-28 14:08:40,17700.0,1100,Sell,235553727
2024-08-28 14:08:40,17700.0,100,Sell,235553741
2024-08-28 14:08:40,17700.0,1000,Sell,235553725
2024-08-28 14:08:40,17700.0,500,Sell,235553726
2024-08-28 14:08:40,17700.0,5000,Sell,235553760
2024-08-28 14:08:40,17700.0,1000,Sell,235553728
2024-08-28 14:08:40,17700.0,37000,Sell,235553729
2024-08-28 14:08:40,17700.0,30700,Sell,235553730
2024-08-28 14:08:40,17700.0,20000,Sell,235553731
2024-08-28 14:08:40,17700.0,500,Sell,235553742
2024-08-28 14:08:40,17700.0,1000,Sell,235553732
2024-08-28 14:08:40,17700.0,1000,Sell,235553734
2024-08-28 14:08:40,17700.0,100,Sell,235553735
2024-08-28 14:08:40,17700.0,300,Sell,235553736
2024-08-28 14:08:40,17700.0,500,Sell,235553737
2024-08-28 14:08:40,17700.0,1000,Sell,235553738
2024-08-28 14:08:40,17700.0,200,Sell,235553739
2024-08-28 14:08:40,17700.0,100,Sell,235553740
2024-08-28 14:08:40,17700.0,5000,Sell,235553733
2024-08-28 14:08:40,17700.0,100,Sell,235553761
2024-08-28 14:08:40,17700.0,5000,Sell,235553777
2024-08-28 14:08:40,17700.0,1000,Sell,235553763
2024-08-28 14:08:40,17700.0,100,Sell,235553785
2024-08-28 14:08:40,17700.0,1000,Sell,235553786
2024-08-28 14:08:40,17700.0,100,Sell,235553787
2024-08-28 14:08:40,17700.0,1000,Sell,235553788
2024-08-28 14:08:40,17700.0,100,Sell,235553789
2024-08-28 14:08:40,17700.0,2000,Sell,235553790
2024-08-28 14:08:40,17700.0,5000,Sell,235553791
2024-08-28 14:08:40,17700.0,10000,Sell,235553792
2024-08-28 14:08:40,17700.0,2000,Sell,235553793
2024-08-28 14:08:40,17700.0,1000,Sell,235553794
2024-08-28 14:08:40,17700.0,3000,Sell,235553795
2024-08-28 14:08:40,17700.0,5000,Sell,235553796
2024-08-28 14:08:40,17700.0,400,Sell,235553797
2024-08-28 14:08:40,17700.0,25300,Sell,235553798
2024-08-28 14:08:40,17700.0,10000,Sell,235553724
2024-08-28 14:08:40,17700.0,100,Sell,235553784
2024-08-28 14:08:40,17700.0,200,Sell,235553783
2024-08-28 14:08:40,17700.0,300,Sell,235553782
2024-08-28 14:08:40,17700.0,5000,Sell,235553781
2024-08-28 14:08:40,17700.0,500,Sell,235553764
2024-08-28 14:08:40,17700.0,100,Sell,235553765
2024-08-28 14:08:40,17700.0,100,Sell,235553766
2024-08-28 14:08:40,17700.0,100,Sell,235553767
2024-08-28 14:08:40,17700.0,5000,Sell,235553768
2024-08-28 14:08:40,17700.0,25000,Sell,235553769
2024-08-28 14:08:40,17700.0,500,Sell,235553770
2024-08-28 14:08:40,17700.0,2000,Sell,235553762
2024-08-28 14:08:40,17700.0,5000,Sell,235553771
2024-08-28 14:08:40,17700.0,500,Sell,235553773
2024-08-28 14:08:40,17700.0,500,Sell,235553774
2024-08-28 14:08:40,17700.0,5000,Sell,235553775
2024-08-28 14:08:40,17700.0,1000,Sell,235553776
2024-08-28 14:08:40,17700.0,200,Sell,235553778
2024-08-28 14:08:40,17700.0,300,Sell,235553779
2024-08-28 14:08:40,17700.0,100,Sell,235553780
2024-08-28 14:08:40,17700.0,1000,Sell,235553772
2024-08-28 14:08:40,17700.0,100,Sell,235553723
2024-08-28 14:08:40,17700.0,100,Sell,235553656
2024-08-28 14:08:40,17700.0,1000,Sell,235553721
2024-08-28 14:08:40,17700.0,100,Sell,235553667
2024-08-28 14:08:40,17700.0,500,Sell,235553668
2024-08-28 14:08:40,17700.0,100,Sell,235553669
2024-08-28 14:08:40,17700.0,10000,Sell,235553670
2024-08-28 14:08:40,17700.0,1000,Sell,235553671
2024-08-28 14:08:40,17700.0,500,Sell,235553672
2024-08-28 14:08:40,17700.0,1000,Sell,235553673
2024-08-28 14:08:40,17700.0,2000,Sell,235553674
2024-08-28 14:08:40,17700.0,500,Sell,235553675
2024-08-28 14:08:40,17700.0,1000,Sell,235553676
2024-08-28 14:08:40,17700.0,300,Sell,235553677
2024-08-28 14:08:40,17700.0,800,Sell,235553722
2024-08-28 14:08:40,17700.0,400,Sell,235553679
2024-08-28 14:08:40,17700.0,100,Sell,235553680
2024-08-28 14:08:40,17700.0,500,Sell,235553681
2024-08-28 14:08:40,17700.0,1000,Sell,235553666
2024-08-28 14:08:40,17700.0,500,Sell,235553665
2024-08-28 14:08:40,17700.0,100,Sell,235553664
2024-08-28 14:08:40,17700.0,100,Sell,235553663
2024-08-28 14:08:40,17700.0,6600,Sell,235553646
2024-08-28 14:08:40,17700.0,5000,Sell,235553647
2024-08-28 14:08:40,17700.0,5600,Sell,235553648
2024-08-28 14:08:40,17700.0,5000,Sell,235553649
2024-08-28 14:08:40,17700.0,5000,Sell,235553650
2024-08-28 14:08:40,17700.0,100,Sell,235553651
2024-08-28 14:08:40,17700.0,5000,Sell,235553652
2024-08-28 14:08:40,17700.0,1000,Sell,235553682
2024-08-28 14:08:40,17700.0,1000,Sell,235553653
2024-08-28 14:08:40,17700.0,500,Sell,235553655
2024-08-28 14:08:40,17700.0,5000,Sell,235553657
2024-08-28 14:08:40,17700.0,100,Sell,235553658
2024-08-28 14:08:40,17700.0,400,Sell,235553659
2024-08-28 14:08:40,17700.0,500,Sell,235553660
2024-08-28 14:08:40,17700.0,100,Sell,235553661
2024-08-28 14:08:40,17700.0,300,Sell,235553662
2024-08-28 14:08:40,17700.0,100,Sell,235553654
2024-08-28 14:08:40,17700.0,200,Sell,235553683
2024-08-28 14:08:40,17700.0,200,Sell,235553678
2024-08-28 14:08:40,17700.0,20000,Sell,235553685
2024-08-28 14:08:40,17700.0,1000,Sell,235553706
2024-08-28 14:08:40,17700.0,100,Sell,235553707
2024-08-28 14:08:40,17700.0,300,Sell,235553684
2024-08-28 14:08:40,17700.0,500,Sell,235553709
2024-08-28 14:08:40,17700.0,500,Sell,235553710
2024-08-28 14:08:40,17700.0,100,Sell,235553711
2024-08-28 14:08:40,17700.0,100,Sell,235553712
2024-08-28 14:08:40,17700.0,1000,Sell,235553713
2024-08-28 14:08:40,17700.0,5000,Sell,235553714
2024-08-28 14:08:40,17700.0,400,Sell,235553715
2024-08-28 14:08:40,17700.0,500,Sell,235553716
2024-08-28 14:08:40,17700.0,1100,Sell,235553717
2024-08-28 14:08:40,17700.0,1000,Sell,235553718
2024-08-28 14:08:40,17700.0,900,Sell,235553719
2024-08-28 14:08:40,17700.0,100,Sell,235553720
2024-08-28 14:08:40,17700.0,500,Sell,235553705
2024-08-28 14:08:40,17700.0,200,Sell,235553704
2024-08-28 14:08:40,17700.0,5000,Sell,235553708
2024-08-28 14:08:40,17700.0,8000,Sell,235553702
2024-08-28 14:08:40,17700.0,400,Sell,235553686
2024-08-28 14:08:40,17700.0,1000,Sell,235553687
2024-08-28 14:08:40,17700.0,1000,Sell,235553688
2024-08-28 14:08:40,17700.0,400,Sell,235553703
2024-08-28 14:08:40,17700.0,300,Sell,235553690
2024-08-28 14:08:40,17700.0,300,Sell,235553691
2024-08-28 14:08:40,17700.0,1000,Sell,235553692
2024-08-28 14:08:40,17700.0,4000,Sell,235553693
2024-08-28 14:08:40,17700.0,1500,Sell,235553689
2024-08-28 14:08:40,17700.0,10000,Sell,235553695
2024-08-28 14:08:40,17700.0,100,Sell,235553696
2024-08-28 14:08:40,17700.0,100,Sell,235553697
2024-08-28 14:08:40,17700.0,1000,Sell,235553698
2024-08-28 14:08:40,17700.0,500,Sell,235553699
2024-08-28 14:08:40,17700.0,300,Sell,235553700
2024-08-28 14:08:40,17700.0,1000,Sell,235553694
2024-08-28 14:08:40,17700.0,200,Sell,235553701
2024-08-28 14:08:49,17700.0,1000,Sell,235553969
2024-08-28 14:08:57,17700.0,1000,Sell,235554156
2024-08-28 14:09:15,17700.0,100,Sell,235554703
2024-08-28 14:09:15,17700.0,500,Sell,235554704
2024-08-28 14:09:15,17700.0,500,Sell,235554705
2024-08-28 14:09:15,17700.0,6300,Sell,235554709
2024-08-28 14:09:15,17700.0,100,Sell,235554707
2024-08-28 14:09:15,17700.0,100,Sell,235554708
2024-08-28 14:09:15,17700.0,500,Sell,235554702
2024-08-28 14:09:15,17700.0,500,Sell,235554706
2024-08-28 14:09:15,17700.0,100,Sell,235554701
2024-08-28 14:09:15,17700.0,1000,Sell,235554692
2024-08-28 14:09:15,17700.0,100,Sell,235554699
2024-08-28 14:09:15,17700.0,7700,Sell,235554691
2024-08-28 14:09:15,17700.0,100,Sell,235554693
