time,price,volume,match_type,id
2024-08-23 09:14:37,18000.0,33400,ATO/ATC,234119033
2024-08-23 09:16:01,17950.0,500,Sell,234120819
2024-08-23 09:16:01,17950.0,200,Sell,234120820
2024-08-23 09:16:07,17900.0,100,Sell,234120961
2024-08-23 09:16:07,17900.0,1800,Sell,234120962
2024-08-23 09:16:16,17900.0,8000,Sell,234121220
2024-08-23 09:16:16,17900.0,500,Sell,234121219
2024-08-23 09:16:16,17900.0,100,Sell,234121218
2024-08-23 09:16:16,17900.0,200,Sell,234121214
2024-08-23 09:16:16,17900.0,10000,Sell,234121216
2024-08-23 09:16:16,17900.0,100,Sell,234121217
2024-08-23 09:16:16,17900.0,1100,Sell,234121215
2024-08-23 09:16:20,17950.0,1200,Buy,234121321
2024-08-23 09:16:44,17950.0,500,Buy,234121893
2024-08-23 09:16:44,17950.0,400,Buy,234121894
2024-08-23 09:16:46,17950.0,1500,Buy,234121915
2024-08-23 09:17:26,17900.0,300,Sell,234123021
2024-08-23 09:17:34,17950.0,100,Buy,234123203
2024-08-23 09:17:48,17950.0,100,Buy,234123551
2024-08-23 09:17:48,17950.0,1000,Buy,234123552
2024-08-23 09:17:48,17950.0,500,Buy,234123553
2024-08-23 09:17:48,17950.0,1500,Buy,234123554
2024-08-23 09:17:48,17950.0,5000,Buy,234123555
2024-08-23 09:17:48,18000.0,1900,Buy,234123556
2024-08-23 09:18:04,17900.0,200,Sell,234124066
2024-08-23 09:18:39,17900.0,500,Sell,234125030
2024-08-23 09:18:53,17900.0,200,Sell,234125401
2024-08-23 09:19:16,17900.0,6200,Sell,234126038
2024-08-23 09:19:16,17900.0,800,Sell,234126037
2024-08-23 09:19:30,17900.0,800,Sell,234126391
2024-08-23 09:19:31,17900.0,100,Sell,234126419
2024-08-23 09:19:47,17900.0,400,Sell,234126772
2024-08-23 09:20:19,17900.0,1000,Sell,234127598
2024-08-23 09:20:20,17900.0,1000,Sell,234127609
2024-08-23 09:20:26,17900.0,200,Sell,234127732
2024-08-23 09:20:35,17900.0,300,Sell,234127940
2024-08-23 09:20:35,17900.0,100,Sell,234127941
2024-08-23 09:20:35,17900.0,500,Sell,234127943
2024-08-23 09:20:35,17900.0,100,Sell,234127942
2024-08-23 09:21:05,17900.0,500,Sell,234128731
2024-08-23 09:21:05,17900.0,400,Sell,234128732
2024-08-23 09:21:05,17900.0,100,Sell,234128733
2024-08-23 09:21:17,17900.0,500,Sell,234129100
2024-08-23 09:21:17,17900.0,900,Sell,234129096
2024-08-23 09:21:17,17900.0,100,Sell,234129098
2024-08-23 09:21:17,17900.0,500,Sell,234129099
2024-08-23 09:21:25,17900.0,200,Sell,234129283
2024-08-23 09:21:43,17900.0,200,Sell,234129760
2024-08-23 09:21:43,17900.0,500,Sell,234129761
2024-08-23 09:21:43,17900.0,1700,Sell,234129762
2024-08-23 09:21:43,17900.0,300,Sell,234129759
2024-08-23 09:21:50,17900.0,3300,Sell,234129939
2024-08-23 09:21:50,17900.0,100,Sell,234129940
2024-08-23 09:21:50,17900.0,100,Sell,234129941
2024-08-23 09:21:50,17900.0,1000,Sell,234129942
2024-08-23 09:21:50,17900.0,100,Sell,234129943
2024-08-23 09:21:55,17900.0,2000,Sell,234130067
2024-08-23 09:22:07,17900.0,1100,Sell,234130358
2024-08-23 09:22:11,17900.0,1000,Sell,234130463
2024-08-23 09:22:45,17950.0,500,Buy,234131306
2024-08-23 09:22:48,17900.0,1000,Sell,234131369
2024-08-23 09:22:48,17900.0,1000,Sell,234131368
2024-08-23 09:22:48,17900.0,2400,Sell,234131370
2024-08-23 09:22:48,17900.0,5500,Sell,234131366
2024-08-23 09:22:48,17900.0,300,Sell,234131353
2024-08-23 09:22:48,17900.0,100,Sell,234131367
2024-08-23 09:23:07,18000.0,300,Buy,234131819
2024-08-23 09:23:07,18000.0,800,Buy,234131820
2024-08-23 09:23:07,18000.0,300,Buy,234131821
2024-08-23 09:23:07,18000.0,500,Buy,234131822
2024-08-23 09:23:07,18000.0,900,Buy,234131824
2024-08-23 09:23:07,18000.0,100,Buy,234131825
2024-08-23 09:23:07,18000.0,3000,Buy,234131826
2024-08-23 09:23:07,18000.0,5000,Buy,234131828
2024-08-23 09:23:07,18000.0,1000,Buy,234131829
2024-08-23 09:23:07,18000.0,300,Buy,234131830
2024-08-23 09:23:07,18000.0,2300,Buy,234131831
2024-08-23 09:23:07,18000.0,200,Buy,234131832
2024-08-23 09:23:07,18000.0,100,Buy,234131833
2024-08-23 09:23:07,18000.0,900,Buy,234131835
2024-08-23 09:23:07,18000.0,2300,Buy,234131818
2024-08-23 09:23:07,18000.0,100,Buy,234131827
2024-08-23 09:23:07,18000.0,4000,Buy,234131817
2024-08-23 09:23:07,18000.0,10000,Buy,234131834
2024-08-23 09:23:07,18000.0,5800,Buy,234131815
2024-08-23 09:23:07,17950.0,1000,Buy,234131800
2024-08-23 09:23:07,17950.0,4500,Buy,234131799
2024-08-23 09:23:07,17950.0,10000,Buy,234131801
2024-08-23 09:23:07,17950.0,6000,Buy,234131803
2024-08-23 09:23:07,17950.0,300,Buy,234131804
2024-08-23 09:23:07,17950.0,1000,Buy,234131805
2024-08-23 09:23:07,17950.0,2000,Buy,234131806
2024-08-23 09:23:07,17950.0,1000,Buy,234131802
2024-08-23 09:23:07,18000.0,120700,Buy,234131808
2024-08-23 09:23:07,17950.0,500,Buy,234131807
2024-08-23 09:23:07,18000.0,1500,Buy,234131814
2024-08-23 09:23:07,18000.0,4500,Buy,234131813
2024-08-23 09:23:07,18000.0,200,Buy,234131812
2024-08-23 09:23:07,18000.0,100,Buy,234131816
2024-08-23 09:23:07,18000.0,2200,Buy,234131811
2024-08-23 09:23:07,18000.0,1600,Buy,234131810
2024-08-23 09:23:07,18000.0,5000,Buy,234131809
2024-08-23 09:23:54,18000.0,500,Buy,234133029
2024-08-23 09:23:56,18000.0,3000,Buy,234133075
2024-08-23 09:24:37,18000.0,400,Buy,234134029
2024-08-23 09:25:14,18000.0,100,Buy,234134949
2024-08-23 09:25:24,18000.0,100,Buy,234135171
2024-08-23 09:25:24,18000.0,900,Buy,234135172
2024-08-23 09:25:25,17950.0,100,Sell,234135236
2024-08-23 09:25:25,17950.0,1800,Sell,234135237
2024-08-23 09:25:39,17950.0,300,Sell,234135566
2024-08-23 09:25:49,18000.0,100,Buy,234135822
2024-08-23 09:26:18,18000.0,200,Buy,234136681
2024-08-23 09:26:18,18000.0,800,Buy,234136682
2024-08-23 09:26:26,17950.0,1000,Sell,234136880
2024-08-23 09:26:41,17950.0,2500,Sell,234137312
2024-08-23 09:26:42,17950.0,2000,Sell,234137327
2024-08-23 09:27:04,17950.0,2400,Sell,234137957
2024-08-23 09:27:04,17950.0,900,Sell,234137958
2024-08-23 09:27:04,17950.0,1000,Sell,234137959
2024-08-23 09:27:04,17950.0,200,Sell,234137960
2024-08-23 09:27:04,17950.0,500,Sell,234137961
2024-08-23 09:27:06,17950.0,500,Sell,234138024
2024-08-23 09:27:06,17950.0,100,Sell,234138025
2024-08-23 09:27:07,17950.0,100,Sell,234138072
2024-08-23 09:27:56,17950.0,6800,Sell,234139537
2024-08-23 09:27:56,17950.0,500,Sell,234139536
2024-08-23 09:27:56,17950.0,500,Sell,234139535
2024-08-23 09:28:09,17950.0,3200,Sell,234139927
2024-08-23 09:28:09,17950.0,1100,Sell,234139928
2024-08-23 09:28:09,17950.0,1000,Sell,234139932
2024-08-23 09:29:20,17950.0,500,Sell,234142021
2024-08-23 09:29:20,17950.0,400,Sell,234142029
2024-08-23 09:29:20,17950.0,100,Sell,234142030
2024-08-23 09:29:20,17950.0,300,Sell,234142031
2024-08-23 09:29:20,17950.0,100,Sell,234142032
2024-08-23 09:29:20,17950.0,100,Sell,234142033
2024-08-23 09:29:36,17950.0,200,Sell,234142529
2024-08-23 09:29:36,17950.0,500,Sell,234142528
2024-08-23 09:29:36,17950.0,700,Sell,234142525
2024-08-23 09:29:36,17950.0,100,Sell,234142526
2024-08-23 09:29:36,17950.0,1000,Sell,234142527
2024-08-23 09:29:38,17950.0,500,Buy,234142612
2024-08-23 09:29:45,17950.0,500,Buy,234142917
2024-08-23 09:29:46,17950.0,100,Buy,234142966
2024-08-23 09:29:53,17950.0,700,Buy,234143208
2024-08-23 09:29:55,17950.0,200,Buy,234143237
2024-08-23 09:30:00,17950.0,500,Buy,234143387
2024-08-23 09:30:00,17950.0,900,Buy,234143388
2024-08-23 09:30:00,17950.0,1900,Buy,234143389
2024-08-23 09:30:29,17950.0,6700,Sell,234144244
2024-08-23 09:30:29,17950.0,1000,Sell,234144245
2024-08-23 09:30:50,17950.0,500,Buy,234144859
2024-08-23 09:30:51,17950.0,100,Buy,234144869
2024-08-23 09:31:21,17950.0,3000,Buy,234145755
2024-08-23 09:31:21,17950.0,6700,Buy,234145756
2024-08-23 09:31:21,17950.0,1700,Buy,234145754
2024-08-23 09:31:23,17950.0,3000,Buy,234145811
2024-08-23 09:31:30,17950.0,100,Buy,234146015
2024-08-23 09:31:38,17950.0,200,Buy,234146219
2024-08-23 09:31:38,17950.0,800,Buy,234146220
2024-08-23 09:31:49,17950.0,900,Buy,234146575
2024-08-23 09:31:49,17950.0,1000,Buy,234146576
2024-08-23 09:32:09,17950.0,1000,Sell,234147118
2024-08-23 09:32:18,17950.0,1500,Sell,234147356
2024-08-23 09:32:19,17950.0,600,Sell,234147373
2024-08-23 09:32:19,17950.0,1400,Sell,234147374
2024-08-23 09:32:26,17950.0,600,Sell,234147580
2024-08-23 09:32:26,17950.0,400,Sell,234147581
2024-08-23 09:32:42,17950.0,1600,Sell,234147931
2024-08-23 09:32:42,17950.0,15000,Sell,234147932
2024-08-23 09:32:42,17950.0,300,Sell,234147933
2024-08-23 09:32:43,17950.0,300,Buy,234147957
2024-08-23 09:32:48,17950.0,5000,Buy,234148088
2024-08-23 09:33:01,17950.0,500,Buy,234148350
2024-08-23 09:33:16,17950.0,1000,Buy,234148723
2024-08-23 09:33:16,17950.0,7300,Buy,234148721
2024-08-23 09:33:16,17950.0,1500,Buy,234148722
2024-08-23 09:33:28,18000.0,100,Buy,234149047
2024-08-23 09:33:28,18000.0,200,Buy,234149044
2024-08-23 09:33:28,18000.0,3000,Buy,234149045
2024-08-23 09:33:28,18000.0,100,Buy,234149046
2024-08-23 09:33:28,18000.0,1000,Buy,234149048
2024-08-23 09:33:28,18000.0,1700,Buy,234149058
2024-08-23 09:33:28,18000.0,900,Buy,234149049
2024-08-23 09:33:28,18000.0,200,Buy,234149050
2024-08-23 09:33:28,18000.0,1000,Buy,234149051
2024-08-23 09:33:28,18000.0,1900,Buy,234149052
2024-08-23 09:33:28,18000.0,700,Buy,234149043
2024-08-23 09:33:28,18000.0,400,Buy,234149042
2024-08-23 09:33:28,18000.0,4000,Buy,234149034
2024-08-23 09:33:28,18000.0,500,Buy,234149040
2024-08-23 09:33:28,18000.0,200,Buy,234149041
2024-08-23 09:33:28,18000.0,1200,Buy,234149029
2024-08-23 09:33:28,18000.0,200,Buy,234149030
2024-08-23 09:33:28,18000.0,100,Buy,234149032
2024-08-23 09:33:28,18000.0,900,Buy,234149033
2024-08-23 09:33:28,18000.0,1000,Buy,234149031
2024-08-23 09:33:28,18000.0,500,Buy,234149036
2024-08-23 09:33:28,18000.0,200,Buy,234149038
2024-08-23 09:33:28,18000.0,500,Buy,234149039
2024-08-23 09:33:28,18000.0,2000,Buy,234149035
2024-08-23 09:33:28,18000.0,500,Buy,234149037
2024-08-23 09:33:33,17950.0,2000,Sell,234149131
2024-08-23 09:33:37,18000.0,200,Buy,234149277
2024-08-23 09:33:37,18000.0,8000,Buy,234149294
2024-08-23 09:33:37,18000.0,2500,Buy,234149291
2024-08-23 09:33:37,18000.0,1000,Buy,234149290
2024-08-23 09:33:37,18000.0,100,Buy,234149289
2024-08-23 09:33:37,18000.0,3400,Buy,234149288
2024-08-23 09:33:37,18000.0,1900,Buy,234149287
2024-08-23 09:33:37,18000.0,1900,Buy,234149286
2024-08-23 09:33:37,18000.0,1000,Buy,234149293
2024-08-23 09:33:37,18000.0,1900,Buy,234149284
2024-08-23 09:33:37,18000.0,1000,Buy,234149285
2024-08-23 09:33:37,18000.0,3100,Buy,234149278
2024-08-23 09:33:37,18000.0,600,Buy,234149279
2024-08-23 09:33:37,18000.0,1000,Buy,234149292
2024-08-23 09:33:37,18000.0,400,Buy,234149281
2024-08-23 09:33:37,18000.0,1900,Buy,234149282
2024-08-23 09:33:37,18000.0,3200,Buy,234149283
2024-08-23 09:33:37,18000.0,1900,Buy,234149280
2024-08-23 09:33:41,17950.0,800,Sell,234149369
2024-08-23 09:33:44,18000.0,40000,Buy,234149405
2024-08-23 09:33:46,18000.0,55000,Buy,234149468
2024-08-23 09:33:55,18000.0,56000,Buy,234149677
2024-08-23 09:33:57,17950.0,10000,Sell,234149716
2024-08-23 09:34:00,18000.0,30000,Buy,234149781
2024-08-23 09:34:06,18000.0,19000,Buy,234149899
2024-08-23 09:34:09,18000.0,100,Buy,234149965
2024-08-23 09:34:11,18000.0,19900,Buy,234150003
2024-08-23 09:34:12,18000.0,3000,Buy,234150027
2024-08-23 09:34:13,18000.0,19000,Buy,234150056
2024-08-23 09:34:13,18000.0,1000,Buy,234150057
2024-08-23 09:34:16,18000.0,32000,Buy,234150095
2024-08-23 09:34:23,18000.0,10000,Buy,234150238
2024-08-23 09:34:26,18000.0,300,Buy,234150310
2024-08-23 09:34:26,18000.0,42000,Buy,234150299
2024-08-23 09:34:33,18000.0,500,Buy,234150480
2024-08-23 09:34:34,18000.0,32000,Buy,234150530
2024-08-23 09:34:37,18000.0,3000,Buy,234150615
2024-08-23 09:34:40,18000.0,500,Buy,234150723
2024-08-23 09:34:42,18000.0,500,Buy,234150840
2024-08-23 09:34:45,18000.0,22000,Buy,234151044
2024-08-23 09:34:54,18000.0,65000,Buy,234151269
2024-08-23 09:34:55,18000.0,5000,Buy,234151293
2024-08-23 09:34:58,18000.0,2000,Buy,234151376
2024-08-23 09:34:59,18000.0,5000,Buy,234151390
2024-08-23 09:34:59,18000.0,10000,Buy,234151420
2024-08-23 09:34:59,18000.0,8000,Buy,234151421
2024-08-23 09:34:59,18000.0,1200,Buy,234151426
2024-08-23 09:34:59,18000.0,100,Buy,234151427
2024-08-23 09:34:59,18000.0,200,Buy,234151428
2024-08-23 09:34:59,18000.0,3500,Buy,234151429
2024-08-23 09:35:00,18000.0,500,Buy,234151453
2024-08-23 09:35:00,18000.0,6500,Buy,234151452
2024-08-23 09:35:04,18000.0,4900,Buy,234151555
2024-08-23 09:35:04,18000.0,100,Buy,234151536
2024-08-23 09:35:04,18000.0,100,Buy,234151554
2024-08-23 09:35:05,18000.0,20100,Buy,234151590
2024-08-23 09:35:05,18000.0,1000,Buy,234151591
2024-08-23 09:35:05,18000.0,800,Buy,234151592
2024-08-23 09:35:05,18000.0,1200,Buy,234151593
2024-08-23 09:35:05,18000.0,4900,Buy,234151594
2024-08-23 09:35:10,18000.0,500,Buy,234151689
2024-08-23 09:35:11,18000.0,1000,Buy,234151713
2024-08-23 09:35:14,18000.0,5600,Buy,234151806
2024-08-23 09:35:14,18000.0,5500,Buy,234151807
2024-08-23 09:35:14,18000.0,500,Buy,234151808
2024-08-23 09:35:14,18000.0,2000,Buy,234151809
2024-08-23 09:35:14,18000.0,22000,Buy,234151810
2024-08-23 09:35:21,18000.0,5000,Sell,234151984
2024-08-23 09:35:21,18000.0,300,Sell,234151985
2024-08-23 09:35:21,18000.0,100,Sell,234151983
2024-08-23 09:35:21,18000.0,9300,Sell,234151981
2024-08-23 09:35:21,18000.0,100,Sell,234151980
2024-08-23 09:35:21,18000.0,300,Sell,234151982
2024-08-23 09:35:35,18000.0,3000,Buy,234152229
2024-08-23 09:35:36,18000.0,3000,Buy,234152242
2024-08-23 09:35:58,18000.0,100,Buy,234152728
2024-08-23 09:36:06,18000.0,400,Buy,234152933
2024-08-23 09:36:09,17950.0,1900,Sell,234153142
2024-08-23 09:36:26,17950.0,1700,Sell,234153562
2024-08-23 09:36:26,17950.0,500,Sell,234153561
2024-08-23 09:36:45,17950.0,3700,Sell,234154094
2024-08-23 09:36:52,18000.0,1000,Buy,234154260
2024-08-23 09:37:16,17950.0,1900,Sell,234154853
2024-08-23 09:37:33,17950.0,100,Sell,234155320
2024-08-23 09:37:41,17950.0,2700,Sell,234155536
2024-08-23 09:38:21,18000.0,100,Buy,234156457
2024-08-23 09:38:39,17950.0,10000,Sell,234156831
2024-08-23 09:38:49,17950.0,1000,Sell,234156999
2024-08-23 09:39:00,17950.0,1200,Sell,234157199
2024-08-23 09:39:05,17950.0,4500,Sell,234157267
2024-08-23 09:39:06,17950.0,2000,Sell,234157333
2024-08-23 09:39:15,17950.0,10000,Sell,234157554
2024-08-23 09:39:50,17950.0,12000,Sell,234158168
2024-08-23 09:39:57,17950.0,5500,Sell,234158278
2024-08-23 09:39:57,18000.0,800,Buy,234158277
2024-08-23 09:40:02,18000.0,100,Buy,234158355
2024-08-23 09:40:09,18000.0,200,Buy,234158465
2024-08-23 09:40:20,17950.0,5400,Sell,234158651
2024-08-23 09:40:43,17950.0,100,Sell,234159137
2024-08-23 09:41:11,17950.0,3400,Sell,234159902
2024-08-23 09:41:20,17950.0,5600,Sell,234160029
2024-08-23 09:41:57,17950.0,10000,Sell,234160779
2024-08-23 09:42:39,17950.0,15000,Sell,234161460
2024-08-23 09:42:53,17950.0,1900,Sell,234161679
2024-08-23 09:43:00,17950.0,100,Sell,234161819
2024-08-23 09:43:30,17950.0,200,Sell,234162259
2024-08-23 09:43:30,17950.0,100,Sell,234162264
2024-08-23 09:43:30,17950.0,100,Sell,234162263
2024-08-23 09:43:30,17950.0,600,Sell,234162262
2024-08-23 09:43:30,17950.0,1100,Sell,234162261
2024-08-23 09:43:30,17950.0,1000,Sell,234162260
2024-08-23 09:43:30,17950.0,100,Sell,234162258
2024-08-23 09:43:30,17950.0,1000,Sell,234162256
2024-08-23 09:43:30,17950.0,102200,Sell,234162250
2024-08-23 09:43:30,17950.0,200,Sell,234162251
2024-08-23 09:43:30,17950.0,200000,Sell,234162252
2024-08-23 09:43:30,17950.0,300,Sell,234162257
2024-08-23 09:43:30,17950.0,800,Sell,234162254
2024-08-23 09:43:30,17950.0,100,Sell,234162255
2024-08-23 09:43:30,17950.0,100,Sell,234162253
2024-08-23 09:44:01,17900.0,100,Sell,234162940
2024-08-23 09:44:27,17900.0,600,Sell,234163345
2024-08-23 09:44:27,17900.0,400,Sell,234163346
2024-08-23 09:44:56,17900.0,2000,Sell,234163920
2024-08-23 09:45:06,17900.0,6000,Sell,234164072
2024-08-23 09:45:06,17900.0,100,Sell,234164097
2024-08-23 09:45:09,17900.0,1000,Sell,234164140
2024-08-23 09:45:19,17950.0,7800,Buy,234164338
2024-08-23 09:46:16,17950.0,100,Buy,234165277
2024-08-23 09:46:35,17950.0,100,Buy,234165598
2024-08-23 09:46:48,17950.0,300,Buy,234165833
2024-08-23 09:47:07,17950.0,100,Buy,234166121
2024-08-23 09:47:18,17900.0,5000,Sell,234166346
2024-08-23 09:47:32,17900.0,300,Sell,234166584
2024-08-23 09:47:32,17900.0,500,Sell,234166583
2024-08-23 09:47:43,17950.0,1000,Buy,234166812
2024-08-23 09:48:32,17950.0,1000,Buy,234167745
2024-08-23 09:48:33,17950.0,10000,Buy,234167759
2024-08-23 09:48:33,17950.0,500,Buy,234167760
2024-08-23 09:48:41,17950.0,10000,Buy,234167915
2024-08-23 09:48:43,17900.0,1200,Sell,234167955
2024-08-23 09:48:46,17950.0,400,Buy,234167995
2024-08-23 09:49:03,17950.0,2300,Buy,234168291
2024-08-23 09:49:35,17950.0,500,Buy,234168752
2024-08-23 09:50:32,17950.0,1000,Buy,234169858
2024-08-23 09:50:46,17900.0,2000,Sell,234170090
2024-08-23 09:50:46,17900.0,500,Sell,234170091
2024-08-23 09:50:46,17900.0,500,Sell,234170092
2024-08-23 09:50:46,17900.0,100,Sell,234170093
2024-08-23 09:50:46,17900.0,1900,Sell,234170094
2024-08-23 09:50:59,17900.0,2000,Sell,234170321
2024-08-23 09:51:34,17900.0,500,Sell,234170870
2024-08-23 09:52:19,17900.0,5000,Sell,234171587
2024-08-23 09:52:32,17900.0,400,Sell,234171891
2024-08-23 09:53:05,17900.0,2200,Sell,234172410
2024-08-23 09:53:05,17900.0,800,Sell,234172411
2024-08-23 09:53:15,17950.0,1500,Buy,234172570
2024-08-23 09:53:18,17950.0,5000,Buy,234172612
2024-08-23 09:55:52,17900.0,300,Sell,234175608
2024-08-23 09:56:53,17900.0,1500,Sell,234176674
2024-08-23 09:56:53,17900.0,900,Sell,234176680
2024-08-23 09:56:53,17900.0,1000,Sell,234176679
2024-08-23 09:56:53,17900.0,1000,Sell,234176678
2024-08-23 09:56:53,17900.0,3900,Sell,234176673
2024-08-23 09:56:53,17900.0,400,Sell,234176676
2024-08-23 09:56:53,17900.0,1000,Sell,234176675
2024-08-23 09:56:53,17900.0,300,Sell,234176677
2024-08-23 09:57:14,17950.0,100,Buy,234177208
2024-08-23 09:57:14,17900.0,100,Sell,234177224
2024-08-23 09:57:14,17900.0,500,Sell,234177225
2024-08-23 09:57:14,17900.0,100,Sell,234177226
2024-08-23 09:57:14,17900.0,100,Sell,234177227
2024-08-23 09:57:14,17900.0,2100,Sell,234177228
2024-08-23 09:57:16,17950.0,100,Buy,234177239
2024-08-23 09:57:17,17900.0,300,Sell,234177271
2024-08-23 09:58:10,17900.0,500,Sell,234178280
2024-08-23 09:58:15,17900.0,100,Sell,234178401
2024-08-23 09:58:15,17900.0,100,Sell,234178402
2024-08-23 09:58:20,17900.0,5000,Sell,234178472
2024-08-23 09:58:59,17900.0,200,Sell,234179281
2024-08-23 09:59:54,17900.0,100,Sell,234180649
2024-08-23 09:59:54,17900.0,4700,Sell,234180648
2024-08-23 09:59:54,17900.0,1000,Sell,234180655
2024-08-23 09:59:54,17900.0,100,Sell,234180654
2024-08-23 09:59:54,17900.0,1000,Sell,234180650
2024-08-23 09:59:54,17900.0,100,Sell,234180652
2024-08-23 09:59:54,17900.0,1000,Sell,234180651
2024-08-23 09:59:54,17900.0,2000,Sell,234180653
2024-08-23 09:59:57,17900.0,1000,Sell,234180720
2024-08-23 09:59:57,17900.0,900,Sell,234180721
2024-08-23 09:59:58,17900.0,1800,Sell,234180771
2024-08-23 09:59:58,17900.0,100,Sell,234180770
2024-08-23 09:59:59,17900.0,200,Sell,234180800
2024-08-23 09:59:59,17900.0,100,Sell,234180801
2024-08-23 09:59:59,17900.0,500,Sell,234180802
2024-08-23 09:59:59,17900.0,2200,Sell,234180803
2024-08-23 10:00:11,17900.0,1000,Sell,234181097
2024-08-23 10:00:20,17900.0,200,Sell,234181277
2024-08-23 10:00:24,17900.0,2000,Sell,234181368
2024-08-23 10:00:38,17900.0,1000,Sell,234181696
2024-08-23 10:01:06,17950.0,5000,Buy,234182320
2024-08-23 10:01:20,17900.0,100,Sell,234182584
2024-08-23 10:01:39,17900.0,10000,Sell,234183046
2024-08-23 10:01:50,17900.0,400,Sell,234183226
2024-08-23 10:02:01,17900.0,3400,Sell,234183578
2024-08-23 10:02:07,17900.0,300,Sell,234183664
2024-08-23 10:02:18,17900.0,500,Sell,234184124
2024-08-23 10:02:41,17950.0,1500,Buy,234184768
2024-08-23 10:02:41,17950.0,100,Buy,234184769
2024-08-23 10:02:41,17950.0,100,Buy,234184770
2024-08-23 10:02:41,17950.0,300,Buy,234184771
2024-08-23 10:02:42,17900.0,100,Sell,234184793
2024-08-23 10:03:25,17900.0,1000,Sell,234185991
2024-08-23 10:04:18,17900.0,1000,Sell,234187438
2024-08-23 10:04:46,17900.0,2000,Sell,234188084
2024-08-23 10:04:56,17900.0,300,Sell,234188259
2024-08-23 10:05:06,17900.0,1500,Sell,234188468
2024-08-23 10:05:13,17900.0,10000,Sell,234188860
2024-08-23 10:05:13,17900.0,5000,Sell,234188869
2024-08-23 10:05:14,17900.0,1000,Sell,234188890
2024-08-23 10:05:18,17900.0,500,Sell,234188979
2024-08-23 10:05:18,17900.0,600,Sell,234188976
2024-08-23 10:05:21,17950.0,500,Buy,234189045
2024-08-23 10:05:31,17900.0,7400,Sell,234189226
2024-08-23 10:06:12,17900.0,2000,Sell,234189987
2024-08-23 10:06:19,17900.0,200,Sell,234190160
2024-08-23 10:06:28,17900.0,100000,Sell,234190359
2024-08-23 10:06:31,17900.0,45200,Sell,234190407
2024-08-23 10:06:49,17900.0,1000,Sell,234190774
2024-08-23 10:06:53,17900.0,5000,Sell,234190885
2024-08-23 10:06:53,17900.0,400,Sell,234190886
2024-08-23 10:06:53,17900.0,1000,Sell,234190887
2024-08-23 10:06:53,17900.0,200,Sell,234190888
2024-08-23 10:06:53,17900.0,300,Sell,234190891
2024-08-23 10:06:53,17900.0,1000,Sell,234190890
2024-08-23 10:06:53,17900.0,1000,Sell,234190884
2024-08-23 10:06:53,17900.0,1000,Sell,234190893
2024-08-23 10:06:53,17900.0,8200,Sell,234190894
2024-08-23 10:06:53,17900.0,200,Sell,234190889
2024-08-23 10:06:53,17900.0,200,Sell,234190892
2024-08-23 10:06:53,17900.0,500,Sell,234190883
2024-08-23 10:06:53,17900.0,1000,Sell,234190882
2024-08-23 10:06:53,17900.0,100,Sell,234190869
2024-08-23 10:06:53,17900.0,5000,Sell,234190870
2024-08-23 10:06:53,17900.0,400,Sell,234190872
2024-08-23 10:06:53,17900.0,100,Sell,234190873
2024-08-23 10:06:53,17900.0,100,Sell,234190874
2024-08-23 10:06:53,17900.0,100,Sell,234190871
2024-08-23 10:06:53,17900.0,5500,Sell,234190876
2024-08-23 10:06:53,17900.0,1000,Sell,234190877
2024-08-23 10:06:53,17900.0,400,Sell,234190878
2024-08-23 10:06:53,17900.0,300,Sell,234190879
2024-08-23 10:06:53,17900.0,1000,Sell,234190880
2024-08-23 10:06:53,17900.0,2000,Sell,234190875
2024-08-23 10:06:53,17900.0,1000,Sell,234190881
2024-08-23 10:06:55,17900.0,500,Sell,234190909
2024-08-23 10:06:57,17900.0,1000,Sell,234190939
2024-08-23 10:07:00,17900.0,1000,Sell,234191049
2024-08-23 10:07:00,17900.0,800,Sell,234191053
2024-08-23 10:07:00,17900.0,1600,Sell,234191052
2024-08-23 10:07:00,17900.0,100,Sell,234191051
2024-08-23 10:07:00,17900.0,200,Sell,234191050
2024-08-23 10:07:00,17900.0,100,Sell,234191048
2024-08-23 10:07:00,17900.0,700,Sell,234191046
2024-08-23 10:07:00,17900.0,2000,Sell,234191045
2024-08-23 10:07:00,17900.0,1000,Sell,234191044
2024-08-23 10:07:00,17900.0,200,Sell,234191043
2024-08-23 10:07:00,17900.0,2000,Sell,234191042
2024-08-23 10:07:00,17900.0,300,Sell,234191041
2024-08-23 10:07:00,17900.0,10000,Sell,234191047
2024-08-23 10:07:01,17900.0,200,Sell,234191067
2024-08-23 10:07:03,17900.0,9000,Sell,234191120
2024-08-23 10:07:03,17900.0,4000,Sell,234191121
2024-08-23 10:07:03,17900.0,1000,Sell,234191122
2024-08-23 10:07:03,17900.0,4600,Sell,234191123
2024-08-23 10:07:07,17900.0,300,Sell,234191197
2024-08-23 10:07:07,17900.0,3000,Sell,234191198
2024-08-23 10:07:07,17900.0,500,Sell,234191199
2024-08-23 10:07:07,17900.0,300,Sell,234191200
2024-08-23 10:07:07,17900.0,2000,Sell,234191206
2024-08-23 10:07:07,17900.0,10000,Sell,234191202
2024-08-23 10:07:07,17900.0,5000,Sell,234191203
2024-08-23 10:07:07,17900.0,500,Sell,234191204
2024-08-23 10:07:07,17900.0,500,Sell,234191205
2024-08-23 10:07:07,17900.0,100,Sell,234191201
2024-08-23 10:07:07,17900.0,10000,Sell,234191196
2024-08-23 10:07:07,17900.0,500,Sell,234191193
2024-08-23 10:07:07,17900.0,10000,Sell,234191194
2024-08-23 10:07:07,17900.0,400,Sell,234191183
2024-08-23 10:07:07,17900.0,1000,Sell,234191185
2024-08-23 10:07:07,17900.0,500,Sell,234191186
2024-08-23 10:07:07,17900.0,200,Sell,234191187
2024-08-23 10:07:07,17900.0,500,Sell,234191184
2024-08-23 10:07:07,17900.0,100,Sell,234191189
2024-08-23 10:07:07,17900.0,2000,Sell,234191190
2024-08-23 10:07:07,17900.0,2000,Sell,234191191
2024-08-23 10:07:07,17900.0,200,Sell,234191192
2024-08-23 10:07:07,17900.0,3000,Sell,234191188
2024-08-23 10:07:07,17900.0,5000,Sell,234191195
2024-08-23 10:07:24,17900.0,2000,Buy,234191550
2024-08-23 10:07:27,17900.0,100,Buy,234191599
2024-08-23 10:07:29,17850.0,100,Sell,234191632
2024-08-23 10:07:29,17850.0,100,Sell,234191633
2024-08-23 10:07:29,17850.0,400,Sell,234191634
2024-08-23 10:07:30,17850.0,900,Sell,234191659
2024-08-23 10:07:30,17850.0,500,Sell,234191661
2024-08-23 10:07:30,17850.0,500,Sell,234191660
2024-08-23 10:07:30,17850.0,1100,Sell,234191658
2024-08-23 10:07:30,17850.0,500,Sell,234191648
2024-08-23 10:07:30,17850.0,200,Sell,234191647
2024-08-23 10:07:30,17850.0,600,Sell,234191646
2024-08-23 10:07:30,17850.0,1400,Sell,234191649
2024-08-23 10:07:31,17850.0,100,Sell,234191667
2024-08-23 10:07:31,17850.0,300,Sell,234191668
2024-08-23 10:07:38,17850.0,700,Sell,234191800
2024-08-23 10:07:38,17850.0,1800,Sell,234191801
2024-08-23 10:07:53,17850.0,800,Sell,234192123
2024-08-23 10:07:53,17850.0,300,Sell,234192122
2024-08-23 10:07:53,17850.0,200,Sell,234192121
2024-08-23 10:07:53,17850.0,200,Sell,234192119
2024-08-23 10:07:53,17900.0,1000,Buy,234192117
2024-08-23 10:07:53,17850.0,500,Sell,234192120
2024-08-23 10:08:18,17850.0,500,Sell,234192772
2024-08-23 10:08:21,17850.0,2000,Sell,234192829
2024-08-23 10:08:36,17850.0,1400,Sell,234193186
2024-08-23 10:08:36,17850.0,18500,Sell,234193187
2024-08-23 10:08:42,17850.0,10000,Sell,234193364
2024-08-23 10:08:45,17850.0,1900,Sell,234193436
2024-08-23 10:09:00,17850.0,4000,Sell,234193719
2024-08-23 10:09:18,17850.0,100,Sell,234194076
2024-08-23 10:09:40,17850.0,10000,Sell,234194628
2024-08-23 10:09:52,17850.0,500,Sell,234194850
2024-08-23 10:09:52,17850.0,5500,Sell,234194848
2024-08-23 10:09:52,17850.0,1000,Sell,234194849
2024-08-23 10:10:03,17850.0,900,Sell,234195035
2024-08-23 10:10:03,17850.0,100,Sell,234195034
2024-08-23 10:10:03,17850.0,1000,Sell,234195033
2024-08-23 10:10:03,17850.0,400,Sell,234195032
2024-08-23 10:10:03,17850.0,10300,Sell,234195026
2024-08-23 10:10:03,17850.0,200,Sell,234195030
2024-08-23 10:10:03,17850.0,100,Sell,234195027
2024-08-23 10:10:03,17850.0,600,Sell,234195031
2024-08-23 10:10:03,17850.0,2000,Sell,234195029
2024-08-23 10:10:03,17850.0,400,Sell,234195028
2024-08-23 10:10:21,17850.0,100,Sell,234195450
2024-08-23 10:10:21,17850.0,23800,Sell,234195451
2024-08-23 10:10:21,17850.0,9100,Sell,234195449
2024-08-23 10:10:28,17850.0,1000,Sell,234195682
2024-08-23 10:10:31,17850.0,1000,Sell,234195752
2024-08-23 10:10:42,17850.0,500,Sell,234196062
2024-08-23 10:11:05,17850.0,10000,Sell,234196650
2024-08-23 10:12:10,17850.0,100,Sell,234198218
2024-08-23 10:12:21,17850.0,900,Sell,234198559
2024-08-23 10:12:21,17850.0,1100,Sell,234198560
2024-08-23 10:12:23,17850.0,200,Sell,234198609
2024-08-23 10:12:24,17850.0,5000,Sell,234198692
2024-08-23 10:12:45,17850.0,200,Sell,234199228
2024-08-23 10:12:45,17850.0,3200,Sell,234199231
2024-08-23 10:12:45,17850.0,6000,Sell,234199230
2024-08-23 10:12:45,17850.0,500,Sell,234199229
2024-08-23 10:12:45,17850.0,1000,Sell,234199226
2024-08-23 10:12:45,17850.0,100,Sell,234199225
2024-08-23 10:12:45,17850.0,200,Sell,234199223
2024-08-23 10:12:45,17850.0,3700,Sell,234199222
2024-08-23 10:12:45,17850.0,5000,Sell,234199227
2024-08-23 10:12:45,17850.0,100,Sell,234199224
2024-08-23 10:12:56,17850.0,5000,Sell,234199612
2024-08-23 10:12:57,17850.0,400,Sell,234199634
2024-08-23 10:12:57,17850.0,100,Sell,234199652
2024-08-23 10:12:57,17850.0,400,Sell,234199651
2024-08-23 10:12:57,17850.0,600,Sell,234199641
2024-08-23 10:12:57,17850.0,500,Sell,234199640
2024-08-23 10:12:57,17850.0,1900,Sell,234199639
2024-08-23 10:12:57,17850.0,500,Sell,234199638
2024-08-23 10:12:57,17850.0,1900,Sell,234199637
2024-08-23 10:12:57,17850.0,200,Sell,234199636
2024-08-23 10:12:57,17850.0,300,Sell,234199635
2024-08-23 10:12:57,17850.0,200,Sell,234199633
2024-08-23 10:12:57,17850.0,100,Sell,234199631
2024-08-23 10:12:57,17850.0,100,Sell,234199632
2024-08-23 10:12:57,17850.0,1800,Sell,234199621
2024-08-23 10:12:57,17850.0,3000,Sell,234199622
2024-08-23 10:12:57,17850.0,200,Sell,234199623
2024-08-23 10:12:57,17850.0,1000,Sell,234199624
2024-08-23 10:12:57,17850.0,2000,Sell,234199630
2024-08-23 10:12:57,17850.0,100,Sell,234199626
2024-08-23 10:12:57,17850.0,200,Sell,234199627
2024-08-23 10:12:57,17850.0,3000,Sell,234199628
2024-08-23 10:12:57,17850.0,2000,Sell,234199629
2024-08-23 10:12:57,17850.0,5000,Sell,234199625
2024-08-23 10:13:00,17850.0,900,Sell,234199736
2024-08-23 10:13:00,17850.0,500,Sell,234199737
2024-08-23 10:13:00,17850.0,200,Sell,234199738
2024-08-23 10:13:00,17850.0,1000,Sell,234199739
2024-08-23 10:13:10,17850.0,500,Buy,234199992
2024-08-23 10:13:12,17850.0,1000,Buy,234200042
2024-08-23 10:13:31,17850.0,1000,Buy,234200434
2024-08-23 10:13:52,17850.0,400,Buy,234201010
2024-08-23 10:13:53,17850.0,100,Buy,234201015
2024-08-23 10:14:20,17800.0,900,Sell,234201575
2024-08-23 10:14:20,17800.0,400,Sell,234201577
2024-08-23 10:14:20,17800.0,200,Sell,234201562
2024-08-23 10:14:32,17800.0,300,Sell,234201809
2024-08-23 10:15:23,17800.0,100,Sell,234202851
2024-08-23 10:15:26,17850.0,1000,Buy,234202936
2024-08-23 10:15:35,17850.0,5000,Buy,234203236
2024-08-23 10:15:37,17850.0,5000,Buy,234203262
2024-08-23 10:15:45,17850.0,500,Buy,234203421
2024-08-23 10:16:08,17850.0,1000,Buy,234204143
2024-08-23 10:16:20,17850.0,500,Buy,234204345
2024-08-23 10:16:27,17800.0,1000,Sell,234204543
2024-08-23 10:16:53,17850.0,200,Buy,234205079
2024-08-23 10:17:09,17850.0,1000,Buy,234205499
2024-08-23 10:17:15,17850.0,10000,Buy,234205584
2024-08-23 10:17:18,17850.0,500,Buy,234205663
2024-08-23 10:17:23,17850.0,700,Buy,234205739
2024-08-23 10:18:03,17850.0,500,Buy,234206345
2024-08-23 10:18:21,17850.0,500,Buy,234206696
2024-08-23 10:18:40,17850.0,500,Buy,234207015
2024-08-23 10:19:10,17850.0,1000,Buy,234207565
2024-08-23 10:19:27,17800.0,300,Sell,234207920
2024-08-23 10:19:27,17800.0,100,Sell,234207918
2024-08-23 10:19:27,17800.0,200,Sell,234207919
2024-08-23 10:19:38,17850.0,500,Buy,234208107
2024-08-23 10:19:59,17850.0,500,Buy,234208431
2024-08-23 10:20:19,17850.0,100,Buy,234208717
2024-08-23 10:20:20,17800.0,200,Sell,234208726
2024-08-23 10:20:20,17850.0,100,Buy,234208728
2024-08-23 10:20:20,17850.0,15300,Buy,234208741
2024-08-23 10:20:20,17850.0,2200,Buy,234208742
2024-08-23 10:20:20,17850.0,1800,Buy,234208743
2024-08-23 10:20:20,17850.0,500,Buy,234208744
2024-08-23 10:20:20,17850.0,2500,Buy,234208746
2024-08-23 10:20:20,17850.0,300,Buy,234208747
2024-08-23 10:20:20,17850.0,1000,Buy,234208748
2024-08-23 10:20:20,17850.0,200,Buy,234208749
2024-08-23 10:20:20,17850.0,15000,Buy,234208750
2024-08-23 10:20:20,17850.0,1200,Buy,234208751
2024-08-23 10:20:20,17800.0,700,Sell,234208725
2024-08-23 10:20:20,17850.0,100,Buy,234208745
2024-08-23 10:20:29,17850.0,7100,Buy,234208897
2024-08-23 10:20:29,17850.0,11100,Buy,234208896
2024-08-23 10:20:32,17850.0,7000,Buy,234208965
2024-08-23 10:20:32,17850.0,2900,Buy,234208964
2024-08-23 10:20:59,17850.0,300,Sell,234209578
2024-08-23 10:20:59,17850.0,1000,Sell,234209576
2024-08-23 10:20:59,17850.0,3000,Sell,234209577
2024-08-23 10:21:11,17850.0,500,Buy,234209834
2024-08-23 10:21:14,17850.0,1500,Buy,234209915
2024-08-23 10:21:28,17850.0,200,Buy,234210230
2024-08-23 10:21:34,17850.0,1000,Buy,234210349
2024-08-23 10:21:40,17850.0,17500,Buy,234210480
2024-08-23 10:21:40,17850.0,4600,Buy,234210481
2024-08-23 10:21:43,17850.0,1900,Buy,234210532
2024-08-23 10:21:44,17850.0,1900,Buy,234210579
2024-08-23 10:21:45,17850.0,1900,Buy,234210636
2024-08-23 10:21:52,17850.0,500,Buy,234210830
2024-08-23 10:21:54,17850.0,300,Buy,234210871
2024-08-23 10:21:56,17850.0,8100,Buy,234210881
2024-08-23 10:21:56,17850.0,1900,Buy,234210882
2024-08-23 10:22:01,17850.0,900,Buy,234210976
2024-08-23 10:22:01,17850.0,100,Buy,234210975
2024-08-23 10:22:02,17850.0,3100,Buy,234211002
2024-08-23 10:22:02,17850.0,6900,Buy,234211003
2024-08-23 10:22:05,17850.0,500,Buy,234211055
2024-08-23 10:22:09,17850.0,1200,Buy,234211112
2024-08-23 10:22:35,17850.0,200,Sell,234211584
2024-08-23 10:22:58,17850.0,100,Sell,234211989
2024-08-23 10:22:58,17850.0,9900,Sell,234211990
2024-08-23 10:23:33,17850.0,100,Sell,234212556
2024-08-23 10:23:33,17850.0,200,Sell,234212557
2024-08-23 10:23:40,17850.0,500,Sell,234212658
2024-08-23 10:23:40,17850.0,1900,Sell,234212657
2024-08-23 10:23:40,17850.0,1800,Sell,234212656
2024-08-23 10:23:40,17850.0,500,Sell,234212655
2024-08-23 10:23:40,17850.0,500,Sell,234212654
2024-08-23 10:23:40,17850.0,2000,Sell,234212653
2024-08-23 10:23:40,17850.0,100,Sell,234212659
2024-08-23 10:23:40,17850.0,1500,Sell,234212651
2024-08-23 10:23:40,17850.0,400,Sell,234212650
2024-08-23 10:23:40,17850.0,100,Sell,234212649
2024-08-23 10:23:40,17850.0,100,Sell,234212648
2024-08-23 10:23:40,17850.0,100,Sell,234212647
2024-08-23 10:23:40,17850.0,300,Sell,234212646
2024-08-23 10:23:40,17850.0,2000,Sell,234212652
2024-08-23 10:23:47,17850.0,200,Buy,234212810
2024-08-23 10:23:48,17850.0,4800,Sell,234212835
2024-08-23 10:23:48,17850.0,2000,Buy,234212839
2024-08-23 10:24:06,17850.0,1500,Buy,234213144
2024-08-23 10:24:15,17850.0,5000,Buy,234213299
2024-08-23 10:24:16,17850.0,200,Buy,234213317
2024-08-23 10:24:20,17850.0,200,Sell,234213358
2024-08-23 10:24:23,17850.0,300,Buy,234213400
2024-08-23 10:24:27,17850.0,300,Buy,234213454
2024-08-23 10:24:36,17900.0,100,Buy,234213610
2024-08-23 10:24:36,17900.0,100,Buy,234213611
2024-08-23 10:24:36,17900.0,900,Buy,234213612
2024-08-23 10:24:59,17850.0,200,Sell,234213950
2024-08-23 10:24:59,17850.0,200,Sell,234213951
2024-08-23 10:26:33,17850.0,200,Sell,234215985
2024-08-23 10:26:33,17850.0,1000,Sell,234215984
2024-08-23 10:26:33,17850.0,100,Sell,234215983
2024-08-23 10:26:33,17850.0,200,Sell,234215982
2024-08-23 10:26:33,17850.0,1000,Sell,234215981
2024-08-23 10:26:33,17850.0,1000,Sell,234215980
2024-08-23 10:26:33,17850.0,1900,Sell,234215978
2024-08-23 10:26:33,17850.0,2000,Sell,234215977
2024-08-23 10:26:33,17850.0,1000,Sell,234215972
2024-08-23 10:26:33,17850.0,4100,Sell,234215973
2024-08-23 10:26:33,17850.0,6000,Sell,234215979
2024-08-23 10:26:33,17850.0,100,Sell,234215975
2024-08-23 10:26:33,17850.0,1900,Sell,234215974
2024-08-23 10:26:33,17850.0,500,Sell,234215976
2024-08-23 10:26:56,17850.0,1000,Buy,234216892
2024-08-23 10:26:56,17850.0,1000,Buy,234216893
2024-08-23 10:27:08,17850.0,2000,Buy,234217199
2024-08-23 10:27:11,17850.0,1000,Buy,234217265
2024-08-23 10:27:13,17800.0,1800,Sell,234217327
2024-08-23 10:27:13,17800.0,1400,Sell,234217328
2024-08-23 10:27:13,17800.0,500,Sell,234217329
2024-08-23 10:27:13,17800.0,200,Sell,234217330
2024-08-23 10:27:14,17850.0,500,Buy,234217379
2024-08-23 10:27:46,17850.0,2000,Buy,234218309
2024-08-23 10:27:48,17850.0,1800,Buy,234218370
2024-08-23 10:27:48,17850.0,4700,Buy,234218371
2024-08-23 10:27:48,17850.0,3500,Buy,234218369
2024-08-23 10:27:55,17850.0,500,Buy,234218519
2024-08-23 10:28:08,17850.0,100,Buy,234218803
2024-08-23 10:28:09,17850.0,500,Buy,234218816
2024-08-23 10:28:31,17850.0,500,Buy,234219351
2024-08-23 10:28:45,17850.0,200,Buy,234219613
2024-08-23 10:29:00,17850.0,100,Buy,234219892
2024-08-23 10:29:16,17850.0,2100,Buy,234220181
2024-08-23 10:29:16,17850.0,2900,Buy,234220180
2024-08-23 10:29:26,17850.0,1000,Buy,234220390
2024-08-23 10:29:32,17850.0,13100,Buy,234220478
2024-08-23 10:29:32,17850.0,6900,Buy,234220477
2024-08-23 10:29:37,17850.0,5000,Buy,234220546
2024-08-23 10:29:39,17800.0,1500,Sell,234220607
2024-08-23 10:29:40,17850.0,400,Buy,234220638
2024-08-23 10:29:40,17850.0,2600,Buy,234220639
2024-08-23 10:29:43,17850.0,2000,Buy,234220687
2024-08-23 10:29:50,17850.0,2000,Buy,234220824
2024-08-23 10:29:50,17850.0,500,Buy,234220841
2024-08-23 10:29:55,17850.0,900,Buy,234220921
2024-08-23 10:29:56,17850.0,4200,Buy,234220964
2024-08-23 10:29:56,17850.0,100,Buy,234220965
2024-08-23 10:29:56,17850.0,13700,Buy,234220966
2024-08-23 10:29:56,17850.0,2000,Buy,234220963
2024-08-23 10:29:58,17850.0,2100,Buy,234221005
2024-08-23 10:30:08,17850.0,1000,Sell,234221210
2024-08-23 10:31:04,17850.0,500,Sell,234222352
2024-08-23 10:31:04,17850.0,200,Sell,234222351
2024-08-23 10:31:04,17850.0,200,Sell,234222350
2024-08-23 10:31:04,17850.0,100,Sell,234222349
2024-08-23 10:31:04,17850.0,1900,Sell,234222348
2024-08-23 10:31:04,17850.0,100,Sell,234222346
2024-08-23 10:31:04,17850.0,1900,Sell,234222342
2024-08-23 10:31:04,17850.0,200,Sell,234222343
2024-08-23 10:31:04,17850.0,1500,Sell,234222347
2024-08-23 10:31:04,17850.0,1900,Sell,234222345
2024-08-23 10:31:04,17850.0,1900,Sell,234222344
2024-08-23 10:31:24,17850.0,100,Buy,234222732
2024-08-23 10:31:30,17850.0,100,Buy,234222885
2024-08-23 10:31:31,17850.0,100,Buy,234222893
2024-08-23 10:31:36,17850.0,3000,Buy,234222981
2024-08-23 10:31:40,17800.0,100,Sell,234223058
2024-08-23 10:31:45,17850.0,100,Buy,234223125
2024-08-23 10:32:10,17850.0,100,Buy,234223573
2024-08-23 10:32:12,17850.0,900,Buy,234223616
2024-08-23 10:32:13,17850.0,11300,Buy,234223636
2024-08-23 10:32:13,17850.0,1000,Buy,234223637
2024-08-23 10:32:13,17850.0,1000,Buy,234223638
2024-08-23 10:32:13,17850.0,5200,Buy,234223635
2024-08-23 10:32:27,17850.0,1500,Sell,234223820
2024-08-23 10:32:27,17850.0,5000,Sell,234223821
2024-08-23 10:32:27,17850.0,5000,Sell,234223822
2024-08-23 10:32:27,17850.0,1000,Sell,234223823
2024-08-23 10:32:37,17850.0,1000,Buy,234223985
2024-08-23 10:32:44,17850.0,200,Buy,234224121
2024-08-23 10:32:47,17850.0,300,Buy,234224165
2024-08-23 10:32:47,17850.0,1800,Buy,234224166
2024-08-23 10:32:51,17850.0,1000,Buy,234224278
2024-08-23 10:32:56,17850.0,100,Buy,234224346
2024-08-23 10:33:08,17850.0,11800,Buy,234224497
2024-08-23 10:33:31,17850.0,100,Buy,234224810
2024-08-23 10:33:32,17850.0,1200,Buy,234224832
2024-08-23 10:33:32,17850.0,1000,Buy,234224833
2024-08-23 10:33:52,17850.0,1000,Buy,234225118
2024-08-23 10:34:25,17850.0,2200,Buy,234225645
2024-08-23 10:34:48,17850.0,700,Buy,234225928
2024-08-23 10:34:57,17850.0,200,Buy,234226067
2024-08-23 10:35:31,17850.0,100,Buy,234226553
2024-08-23 10:35:36,17850.0,800,Buy,234226617
2024-08-23 10:35:42,17850.0,9200,Buy,234226699
2024-08-23 10:35:43,17850.0,2000,Buy,234226715
2024-08-23 10:35:44,17850.0,1000,Buy,234226737
2024-08-23 10:35:55,17850.0,1000,Buy,234226938
2024-08-23 10:36:05,17850.0,2000,Buy,234227087
2024-08-23 10:36:20,17850.0,400,Buy,234227327
2024-08-23 10:36:21,17850.0,10900,Buy,234227369
2024-08-23 10:36:28,17850.0,700,Buy,234227487
2024-08-23 10:36:39,17800.0,1000,Sell,234227658
2024-08-23 10:36:39,17800.0,100,Sell,234227659
2024-08-23 10:36:39,17800.0,400,Sell,234227656
2024-08-23 10:36:39,17800.0,100,Sell,234227657
2024-08-23 10:36:39,17800.0,1200,Sell,234227655
2024-08-23 10:36:49,17850.0,800,Buy,234227841
2024-08-23 10:36:55,17850.0,100,Buy,234227997
2024-08-23 10:37:40,17800.0,200,Sell,234228684
2024-08-23 10:37:40,17800.0,800,Sell,234228685
2024-08-23 10:37:46,17850.0,1900,Buy,234228774
2024-08-23 10:37:46,17850.0,100,Buy,234228775
2024-08-23 10:38:02,17850.0,100,Buy,234228983
2024-08-23 10:38:16,17850.0,100,Buy,234229173
2024-08-23 10:38:30,17850.0,100,Buy,234229407
2024-08-23 10:38:48,17850.0,4600,Buy,234229709
2024-08-23 10:38:48,17850.0,4000,Buy,234229708
2024-08-23 10:38:48,17850.0,500,Buy,234229707
2024-08-23 10:38:48,17850.0,100,Buy,234229706
2024-08-23 10:38:48,17850.0,1500,Buy,234229704
2024-08-23 10:38:48,17850.0,300,Buy,234229703
2024-08-23 10:38:48,17850.0,5000,Buy,234229702
2024-08-23 10:38:48,17850.0,14000,Buy,234229705
2024-08-23 10:39:03,17800.0,400,Sell,234229878
2024-08-23 10:39:18,17850.0,500,Buy,234230077
2024-08-23 10:39:18,17850.0,900,Buy,234230079
2024-08-23 10:39:18,17850.0,100,Buy,234230080
2024-08-23 10:39:25,17850.0,7900,Buy,234230151
2024-08-23 10:39:25,17850.0,10000,Buy,234230150
2024-08-23 10:39:25,17850.0,5000,Buy,234230149
2024-08-23 10:39:25,17850.0,5000,Buy,234230147
2024-08-23 10:39:25,17850.0,100,Buy,234230148
2024-08-23 10:39:25,17850.0,2900,Buy,234230146
2024-08-23 10:40:04,17850.0,100,Buy,234230607
2024-08-23 10:40:19,17850.0,300,Buy,234230861
2024-08-23 10:40:33,17800.0,8900,Sell,234231117
2024-08-23 10:40:33,17800.0,100,Sell,234231116
2024-08-23 10:40:33,17800.0,2000,Sell,234231115
2024-08-23 10:40:33,17800.0,200,Sell,234231112
2024-08-23 10:40:33,17800.0,200,Sell,234231114
2024-08-23 10:40:33,17800.0,1400,Sell,234231110
2024-08-23 10:40:33,17800.0,100,Sell,234231109
2024-08-23 10:40:33,17800.0,100,Sell,234231108
2024-08-23 10:40:33,17800.0,800,Sell,234231107
2024-08-23 10:40:33,17800.0,1000,Sell,234231111
2024-08-23 10:40:33,17800.0,200,Sell,234231113
2024-08-23 10:41:00,17850.0,700,Buy,234231590
2024-08-23 10:41:00,17850.0,200,Buy,234231591
2024-08-23 10:41:00,17850.0,900,Buy,234231592
2024-08-23 10:41:43,17850.0,1500,Buy,234232136
2024-08-23 10:41:45,17800.0,1000,Sell,234232159
2024-08-23 10:41:46,17850.0,100,Buy,234232172
2024-08-23 10:41:58,17850.0,100,Buy,234232289
2024-08-23 10:42:03,17850.0,7600,Buy,234232363
2024-08-23 10:42:03,17850.0,2400,Buy,234232362
2024-08-23 10:42:20,17850.0,100,Buy,234232566
2024-08-23 10:42:21,17850.0,2000,Buy,234232577
2024-08-23 10:42:38,17850.0,100,Buy,234232839
2024-08-23 10:42:44,17850.0,1000,Buy,234232911
2024-08-23 10:42:44,17850.0,200,Buy,234232914
2024-08-23 10:43:26,17850.0,600,Buy,234233459
2024-08-23 10:43:35,17850.0,200,Buy,234233595
2024-08-23 10:43:37,17800.0,100,Sell,234233619
2024-08-23 10:43:37,17800.0,100,Sell,234233620
2024-08-23 10:43:37,17800.0,1800,Sell,234233621
2024-08-23 10:43:42,17850.0,500,Buy,234233697
2024-08-23 10:43:44,17850.0,200,Buy,234233710
2024-08-23 10:44:11,17850.0,100,Buy,234234065
2024-08-23 10:44:12,17850.0,100,Buy,234234069
2024-08-23 10:44:39,17800.0,200,Sell,234234415
2024-08-23 10:44:39,17800.0,300,Sell,234234416
2024-08-23 10:45:46,17850.0,500,Buy,234235336
2024-08-23 10:47:35,17850.0,500,Buy,234237163
2024-08-23 10:47:35,17800.0,100,Sell,234237165
2024-08-23 10:47:49,17800.0,2600,Sell,234237441
2024-08-23 10:47:49,17800.0,3400,Sell,234237442
2024-08-23 10:48:06,17850.0,7800,Buy,234237738
2024-08-23 10:48:06,17850.0,800,Buy,234237737
2024-08-23 10:48:06,17850.0,4000,Buy,234237735
2024-08-23 10:48:06,17850.0,200,Buy,234237734
2024-08-23 10:48:06,17850.0,1300,Buy,234237733
2024-08-23 10:48:06,17850.0,5800,Buy,234237736
2024-08-23 10:48:36,17850.0,100,Buy,234238120
2024-08-23 10:50:32,17850.0,300,Buy,234239498
2024-08-23 10:50:56,17850.0,500,Buy,234239861
2024-08-23 10:51:17,17800.0,1000,Sell,234240101
2024-08-23 10:51:29,17800.0,200,Sell,234240216
2024-08-23 10:51:41,17850.0,1900,Buy,234240443
2024-08-23 10:52:21,17800.0,1000,Sell,234241012
2024-08-23 10:53:00,17800.0,2900,Sell,234241471
2024-08-23 10:53:19,17800.0,100,Sell,234241677
2024-08-23 10:53:41,17850.0,1000,Buy,234241922
2024-08-23 10:53:46,17800.0,200,Sell,234242013
2024-08-23 10:54:03,17800.0,100,Sell,234242186
2024-08-23 10:54:05,17800.0,1100,Sell,234242195
2024-08-23 10:54:05,17800.0,100,Sell,234242196
2024-08-23 10:54:05,17800.0,100,Sell,234242197
2024-08-23 10:54:05,17800.0,2000,Sell,234242198
2024-08-23 10:54:05,17800.0,500,Sell,234242199
2024-08-23 10:54:05,17800.0,500,Sell,234242200
2024-08-23 10:54:05,17800.0,700,Sell,234242201
2024-08-23 10:54:20,17800.0,300,Sell,234242360
2024-08-23 10:54:31,17800.0,1000,Sell,234242482
2024-08-23 10:54:57,17800.0,100,Sell,234242814
2024-08-23 10:55:06,17800.0,500,Sell,234242981
2024-08-23 10:55:28,17800.0,700,Sell,234243257
2024-08-23 10:55:28,17800.0,10000,Sell,234243258
2024-08-23 10:55:28,17800.0,2100,Sell,234243259
2024-08-23 10:56:33,17850.0,100,Buy,234244070
2024-08-23 10:57:16,17850.0,2000,Buy,234244586
2024-08-23 10:57:16,17850.0,1900,Buy,234244590
2024-08-23 10:57:23,17850.0,800,Buy,234244717
2024-08-23 10:57:23,17850.0,10000,Buy,234244716
2024-08-23 10:57:23,17850.0,5000,Buy,234244715
2024-08-23 10:57:23,17850.0,100,Buy,234244713
2024-08-23 10:57:23,17850.0,14400,Buy,234244711
2024-08-23 10:57:23,17850.0,300,Buy,234244714
2024-08-23 10:57:23,17850.0,400,Buy,234244712
2024-08-23 10:57:29,17850.0,200,Buy,234244791
2024-08-23 10:57:29,17850.0,4800,Buy,234244792
2024-08-23 10:57:56,17850.0,1100,Buy,234245131
2024-08-23 10:58:01,17850.0,500,Buy,234245207
2024-08-23 10:58:02,17850.0,1000,Buy,234245223
2024-08-23 10:58:14,17850.0,1200,Buy,234245447
2024-08-23 10:58:49,17850.0,1400,Buy,234245995
2024-08-23 10:58:49,17850.0,3600,Buy,234245996
2024-08-23 10:59:14,17850.0,1300,Buy,234246339
2024-08-23 10:59:24,17850.0,1100,Buy,234246460
2024-08-23 11:02:31,17800.0,500,Sell,234248874
2024-08-23 11:03:07,17800.0,200,Sell,234249406
2024-08-23 11:03:51,17800.0,500,Sell,234249930
2024-08-23 11:04:26,17850.0,100,Buy,234250525
2024-08-23 11:04:46,17850.0,500,Buy,234250910
2024-08-23 11:05:30,17850.0,100,Buy,234251398
2024-08-23 11:05:36,17800.0,2500,Sell,234251519
2024-08-23 11:06:24,17800.0,3000,Sell,234252291
2024-08-23 11:06:34,17800.0,1000,Sell,234252454
2024-08-23 11:06:53,17800.0,200,Sell,234252769
2024-08-23 11:06:53,17800.0,500,Sell,234252770
2024-08-23 11:06:53,17800.0,300,Sell,234252771
2024-08-23 11:07:08,17800.0,1000,Sell,234253058
2024-08-23 11:07:08,17800.0,200,Sell,234253057
2024-08-23 11:07:08,17800.0,600,Sell,234253059
2024-08-23 11:07:08,17800.0,500,Sell,234253055
2024-08-23 11:07:08,17800.0,1000,Sell,234253054
2024-08-23 11:07:08,17800.0,700,Sell,234253053
2024-08-23 11:07:08,17800.0,1000,Sell,234253056
2024-08-23 11:07:13,17800.0,2000,Sell,234253108
2024-08-23 11:07:29,17800.0,100,Sell,234253722
2024-08-23 11:07:56,17800.0,500,Sell,234254147
2024-08-23 11:08:33,17800.0,300,Sell,234254829
2024-08-23 11:08:55,17800.0,500,Sell,234255224
2024-08-23 11:08:55,17800.0,1000,Sell,234255225
2024-08-23 11:08:55,17800.0,1000,Sell,234255226
2024-08-23 11:09:32,17800.0,1500,Sell,234255904
2024-08-23 11:09:33,17800.0,100,Sell,234255912
2024-08-23 11:09:40,17800.0,3000,Sell,234256015
2024-08-23 11:09:50,17800.0,600,Sell,234256244
2024-08-23 11:09:50,17800.0,400,Sell,234256242
2024-08-23 11:09:50,17800.0,100,Sell,234256243
2024-08-23 11:10:37,17800.0,400,Sell,234257078
2024-08-23 11:10:37,17800.0,600,Sell,234257079
2024-08-23 11:11:05,17800.0,100,Sell,234257514
2024-08-23 11:12:32,17800.0,100,Sell,234259013
2024-08-23 11:12:32,17800.0,500,Sell,234259004
2024-08-23 11:12:32,17800.0,1000,Sell,234259005
2024-08-23 11:12:32,17800.0,100,Sell,234259006
2024-08-23 11:12:32,17800.0,100,Sell,234259007
2024-08-23 11:12:32,17800.0,1000,Sell,234259008
2024-08-23 11:12:32,17800.0,10000,Sell,234259009
2024-08-23 11:12:32,17800.0,500,Sell,234259010
2024-08-23 11:12:32,17800.0,1000,Sell,234259003
2024-08-23 11:12:32,17800.0,1200,Sell,234259012
2024-08-23 11:12:32,17800.0,500,Sell,234259014
2024-08-23 11:12:32,17800.0,100,Sell,234259024
2024-08-23 11:12:32,17800.0,2000,Sell,234259016
2024-08-23 11:12:32,17800.0,100,Sell,234259017
2024-08-23 11:12:32,17800.0,500,Sell,234259018
2024-08-23 11:12:32,17800.0,300,Sell,234259019
2024-08-23 11:12:32,17800.0,200,Sell,234259020
2024-08-23 11:12:32,17800.0,50000,Sell,234259021
2024-08-23 11:12:32,17800.0,800,Sell,234259022
2024-08-23 11:12:32,17800.0,100,Sell,234259023
2024-08-23 11:12:32,17800.0,1000,Sell,234259025
2024-08-23 11:12:32,17800.0,1000,Sell,234259026
2024-08-23 11:12:32,17800.0,200,Sell,234259027
2024-08-23 11:12:32,17800.0,300,Sell,234259002
2024-08-23 11:12:32,17800.0,200,Sell,234259015
2024-08-23 11:12:32,17800.0,1000,Sell,234259001
2024-08-23 11:12:32,17800.0,500,Sell,234259011
2024-08-23 11:12:32,17800.0,5000,Sell,234258999
2024-08-23 11:12:32,17800.0,300,Sell,234258974
2024-08-23 11:12:32,17800.0,500,Sell,234258975
2024-08-23 11:12:32,17800.0,1000,Sell,234258976
2024-08-23 11:12:32,17800.0,200,Sell,234258977
2024-08-23 11:12:32,17800.0,10000,Sell,234258978
2024-08-23 11:12:32,17800.0,200,Sell,234258979
2024-08-23 11:12:32,17800.0,900,Sell,234258980
2024-08-23 11:12:32,17800.0,200,Sell,234258981
2024-08-23 11:12:32,17800.0,1000,Sell,234258982
2024-08-23 11:12:32,17800.0,500,Sell,234258983
2024-08-23 11:12:32,17800.0,500,Sell,234258984
2024-08-23 11:12:32,17800.0,200,Sell,234258985
2024-08-23 11:12:32,17800.0,200,Sell,234259000
2024-08-23 11:12:32,17800.0,1000,Sell,234258987
2024-08-23 11:12:32,17800.0,200,Sell,234258988
2024-08-23 11:12:32,17800.0,100,Sell,234258989
2024-08-23 11:12:32,17800.0,10000,Sell,234258990
2024-08-23 11:12:32,17800.0,500,Sell,234258991
2024-08-23 11:12:32,17800.0,1000,Sell,234258992
2024-08-23 11:12:32,17800.0,100,Sell,234258993
2024-08-23 11:12:32,17800.0,800,Sell,234258994
2024-08-23 11:12:32,17800.0,1000,Sell,234258995
2024-08-23 11:12:32,17800.0,100,Sell,234258996
2024-08-23 11:12:32,17800.0,500,Sell,234258997
2024-08-23 11:12:32,17800.0,500,Sell,234258998
2024-08-23 11:12:32,17800.0,100,Sell,234258986
2024-08-23 11:12:51,17800.0,700,Sell,234259461
2024-08-23 11:12:51,17800.0,1000,Sell,234259460
2024-08-23 11:12:51,17800.0,300,Sell,234259457
2024-08-23 11:12:51,17800.0,300,Sell,234259458
2024-08-23 11:12:51,17800.0,500,Sell,234259459
2024-08-23 11:12:52,17800.0,300,Sell,234259474
2024-08-23 11:12:52,17800.0,1700,Sell,234259475
2024-08-23 11:13:54,17800.0,2700,Sell,234260739
2024-08-23 11:13:54,17800.0,3300,Sell,234260736
2024-08-23 11:13:54,17800.0,1000,Sell,234260737
2024-08-23 11:13:54,17800.0,4000,Sell,234260738
2024-08-23 11:14:01,17800.0,300,Sell,234260899
2024-08-23 11:14:03,17800.0,2000,Sell,234260969
2024-08-23 11:14:03,17800.0,100,Sell,234260970
2024-08-23 11:14:03,17800.0,1600,Sell,234260971
2024-08-23 11:14:05,17850.0,100,Buy,234260992
2024-08-23 11:14:08,17800.0,100,Sell,234261016
2024-08-23 11:14:08,17800.0,100,Sell,234261018
2024-08-23 11:14:08,17800.0,100,Sell,234261019
2024-08-23 11:14:08,17800.0,200,Sell,234261020
2024-08-23 11:14:08,17800.0,4400,Sell,234261015
2024-08-23 11:14:08,17800.0,100,Sell,234261017
2024-08-23 11:14:27,17800.0,200,Sell,234261498
2024-08-23 11:14:27,17800.0,800,Sell,234261501
2024-08-23 11:14:27,17800.0,100,Sell,234261500
2024-08-23 11:14:27,17800.0,100,Sell,234261499
2024-08-23 11:14:27,17800.0,1000,Sell,234261497
2024-08-23 11:14:27,17800.0,1400,Sell,234261495
2024-08-23 11:14:27,17800.0,100,Sell,234261494
2024-08-23 11:14:27,17800.0,500,Sell,234261493
2024-08-23 11:14:27,17800.0,300,Sell,234261492
2024-08-23 11:14:27,17800.0,500,Sell,234261496
2024-08-23 11:14:37,17800.0,4000,Sell,234261695
2024-08-23 11:15:20,17800.0,200,Sell,234262659
2024-08-23 11:15:20,17800.0,200,Sell,234262660
2024-08-23 11:16:01,17800.0,600,Sell,234263696
2024-08-23 11:16:01,17800.0,2000,Sell,234263695
2024-08-23 11:16:01,17800.0,500,Sell,234263693
2024-08-23 11:16:01,17800.0,1800,Sell,234263692
2024-08-23 11:16:01,17800.0,100,Sell,234263694
2024-08-23 11:16:02,17800.0,100,Sell,234263710
2024-08-23 11:16:20,17800.0,500,Sell,234264495
2024-08-23 11:16:20,17800.0,2000,Sell,234264502
2024-08-23 11:16:20,17800.0,300,Sell,234264501
2024-08-23 11:16:20,17800.0,100,Sell,234264500
2024-08-23 11:16:20,17800.0,500,Sell,234264499
2024-08-23 11:16:20,17800.0,500,Sell,234264496
2024-08-23 11:16:20,17800.0,1000,Sell,234264494
2024-08-23 11:16:20,17800.0,1000,Sell,234264487
2024-08-23 11:16:20,17800.0,100,Sell,234264492
2024-08-23 11:16:20,17800.0,1000,Sell,234264491
2024-08-23 11:16:20,17800.0,5000,Sell,234264490
2024-08-23 11:16:20,17800.0,34000,Sell,234264489
2024-08-23 11:16:20,17800.0,10000,Sell,234264488
2024-08-23 11:16:20,17800.0,100,Sell,234264503
2024-08-23 11:16:20,17800.0,100,Sell,234264486
2024-08-23 11:16:20,17800.0,1000,Sell,234264485
2024-08-23 11:16:20,17800.0,500,Sell,234264493
2024-08-23 11:16:20,17800.0,100,Sell,234264504
2024-08-23 11:16:20,17800.0,100,Sell,234264511
2024-08-23 11:16:20,17800.0,1900,Sell,234264506
2024-08-23 11:16:20,17800.0,2000,Sell,234264484
2024-08-23 11:16:20,17800.0,1000,Sell,234264523
2024-08-23 11:16:20,17800.0,1400,Sell,234264522
2024-08-23 11:16:20,17800.0,100,Sell,234264521
2024-08-23 11:16:20,17800.0,1500,Sell,234264520
2024-08-23 11:16:20,17800.0,1900,Sell,234264519
2024-08-23 11:16:20,17800.0,1400,Sell,234264518
2024-08-23 11:16:20,17800.0,1500,Sell,234264517
2024-08-23 11:16:20,17800.0,1900,Sell,234264516
2024-08-23 11:16:20,17800.0,100,Sell,234264515
2024-08-23 11:16:20,17800.0,1900,Sell,234264514
2024-08-23 11:16:20,17800.0,400,Sell,234264513
2024-08-23 11:16:20,17800.0,1400,Sell,234264512
2024-08-23 11:16:20,17800.0,1000,Sell,234264510
2024-08-23 11:16:20,17800.0,1900,Sell,234264509
2024-08-23 11:16:20,17800.0,300,Sell,234264508
2024-08-23 11:16:20,17800.0,400,Sell,234264507
2024-08-23 11:16:20,17800.0,100,Sell,234264505
2024-08-23 11:16:20,17800.0,100,Sell,234264483
2024-08-23 11:16:20,17800.0,600,Sell,234264439
2024-08-23 11:16:20,17800.0,100,Sell,234264481
2024-08-23 11:16:20,17800.0,1000,Sell,234264459
2024-08-23 11:16:20,17800.0,1000,Sell,234264458
2024-08-23 11:16:20,17800.0,100,Sell,234264457
2024-08-23 11:16:20,17800.0,2000,Sell,234264456
2024-08-23 11:16:20,17800.0,1000,Sell,234264455
2024-08-23 11:16:20,17800.0,100,Sell,234264454
2024-08-23 11:16:20,17800.0,5000,Sell,234264453
2024-08-23 11:16:20,17800.0,100,Sell,234264452
2024-08-23 11:16:20,17800.0,1000,Sell,234264451
2024-08-23 11:16:20,17800.0,200,Sell,234264447
2024-08-23 11:16:20,17800.0,2600,Sell,234264446
2024-08-23 11:16:20,17800.0,200,Sell,234264445
2024-08-23 11:16:20,17800.0,100,Sell,234264444
2024-08-23 11:16:20,17800.0,1000,Sell,234264443
2024-08-23 11:16:20,17800.0,1000,Sell,234264442
2024-08-23 11:16:20,17800.0,2000,Sell,234264441
2024-08-23 11:16:20,17800.0,2000,Sell,234264440
2024-08-23 11:16:20,17800.0,1500,Sell,234264460
2024-08-23 11:16:20,17800.0,200,Sell,234264461
2024-08-23 11:16:20,17800.0,1000,Sell,234264482
2024-08-23 11:16:20,17800.0,300,Sell,234264463
2024-08-23 11:16:20,17800.0,100,Sell,234264480
2024-08-23 11:16:20,17800.0,200,Sell,234264479
2024-08-23 11:16:20,17800.0,100,Sell,234264478
2024-08-23 11:16:20,17800.0,100,Sell,234264477
2024-08-23 11:16:20,17800.0,100,Sell,234264476
2024-08-23 11:16:20,17800.0,1000,Sell,234264475
2024-08-23 11:16:20,17800.0,1000,Sell,234264474
2024-08-23 11:16:20,17800.0,100,Sell,234264473
2024-08-23 11:16:20,17800.0,400,Sell,234264462
2024-08-23 11:16:20,17800.0,10000,Sell,234264471
2024-08-23 11:16:20,17800.0,100,Sell,234264464
2024-08-23 11:16:20,17800.0,100,Sell,234264465
2024-08-23 11:16:20,17800.0,200,Sell,234264466
2024-08-23 11:16:20,17800.0,1000,Sell,234264472
2024-08-23 11:16:20,17800.0,100,Sell,234264468
2024-08-23 11:16:20,17800.0,500,Sell,234264469
2024-08-23 11:16:20,17800.0,500,Sell,234264470
2024-08-23 11:16:20,17800.0,200,Sell,234264467
2024-08-23 11:16:23,17800.0,900,Sell,234264609
2024-08-23 11:16:23,17800.0,100,Sell,234264611
2024-08-23 11:16:23,17800.0,100,Sell,234264612
2024-08-23 11:16:23,17800.0,100,Sell,234264613
2024-08-23 11:16:23,17800.0,1000,Sell,234264614
2024-08-23 11:16:23,17800.0,1900,Sell,234264615
2024-08-23 11:16:23,17800.0,100,Sell,234264616
2024-08-23 11:16:23,17800.0,100,Sell,234264610
2024-08-23 11:16:56,17800.0,2000,Buy,234265413
2024-08-23 11:16:56,17800.0,200,Buy,234265412
2024-08-23 11:17:03,17800.0,800,Buy,234265538
2024-08-23 11:17:06,17800.0,4000,Buy,234265586
2024-08-23 11:17:22,17800.0,3000,Buy,234265909
2024-08-23 11:17:28,17750.0,400,Sell,234266076
2024-08-23 11:17:28,17750.0,100,Sell,234266063
2024-08-23 11:17:28,17750.0,900,Sell,234266064
2024-08-23 11:17:29,17800.0,5000,Buy,234266080
2024-08-23 11:17:31,17800.0,5000,Buy,234266105
2024-08-23 11:17:32,17800.0,200,Buy,234266182
2024-08-23 11:17:55,17800.0,500,Buy,234266599
2024-08-23 11:18:01,17800.0,2000,Buy,234266748
2024-08-23 11:18:30,17800.0,1000,Buy,234267315
2024-08-23 11:18:40,17800.0,100,Buy,234267613
2024-08-23 11:18:52,17800.0,1000,Buy,234267773
2024-08-23 11:18:55,17800.0,1000,Buy,234267858
2024-08-23 11:18:56,17800.0,5000,Buy,234267876
2024-08-23 11:18:57,17800.0,500,Buy,234267885
2024-08-23 11:19:10,17800.0,1000,Buy,234268213
2024-08-23 11:19:20,17800.0,1000,Buy,234268390
2024-08-23 11:19:30,17800.0,500,Buy,234268665
2024-08-23 11:19:32,17800.0,300,Buy,234268713
2024-08-23 11:19:39,17800.0,1000,Buy,234268848
2024-08-23 11:19:39,17800.0,500,Buy,234268850
2024-08-23 11:20:03,17800.0,700,Buy,234269158
2024-08-23 11:20:03,17800.0,1000,Buy,234269159
2024-08-23 11:20:03,17800.0,2000,Buy,234269160
2024-08-23 11:20:03,17800.0,1300,Buy,234269161
2024-08-23 11:20:19,17800.0,100,Buy,234269583
2024-08-23 11:20:55,17750.0,1000,Sell,234270387
2024-08-23 11:21:18,17750.0,200,Sell,234270927
2024-08-23 11:22:01,17750.0,7500,Sell,234272157
2024-08-23 11:22:01,17750.0,100,Sell,234272158
2024-08-23 11:22:01,17750.0,100,Sell,234272159
2024-08-23 11:22:01,17750.0,200,Sell,234272160
2024-08-23 11:22:01,17750.0,100,Sell,234272161
2024-08-23 11:22:01,17750.0,200,Sell,234272162
2024-08-23 11:22:01,17750.0,1000,Sell,234272163
2024-08-23 11:22:01,17750.0,500,Sell,234272164
2024-08-23 11:22:01,17750.0,300,Sell,234272165
2024-08-23 11:22:09,17750.0,9600,Sell,234272323
2024-08-23 11:22:09,17750.0,200,Sell,234272321
2024-08-23 11:22:09,17750.0,200,Sell,234272322
2024-08-23 11:22:44,17750.0,400,Sell,234273090
2024-08-23 11:22:44,17750.0,2000,Sell,234273091
2024-08-23 11:22:44,17750.0,100,Sell,234273092
2024-08-23 11:22:44,17750.0,1000,Sell,234273093
2024-08-23 11:22:44,17750.0,200,Sell,234273094
2024-08-23 11:22:44,17750.0,5000,Sell,234273095
2024-08-23 11:22:44,17750.0,1300,Sell,234273096
2024-08-23 11:23:12,17750.0,700,Sell,234273868
2024-08-23 11:23:12,17750.0,300,Sell,234273869
2024-08-23 11:23:15,17750.0,300,Sell,234273903
2024-08-23 11:23:33,17750.0,20000,Sell,234274583
2024-08-23 11:23:34,17750.0,300,Sell,234274624
2024-08-23 11:23:34,17750.0,1000,Sell,234274623
2024-08-23 11:23:34,17750.0,500,Sell,234274622
2024-08-23 11:23:34,17750.0,20000,Sell,234274621
2024-08-23 11:23:34,17750.0,3000,Sell,234274620
2024-08-23 11:23:34,17750.0,500,Sell,234274618
2024-08-23 11:23:34,17750.0,1000,Sell,234274617
2024-08-23 11:23:34,17750.0,300,Sell,234274616
2024-08-23 11:23:34,17750.0,100,Sell,234274615
2024-08-23 11:23:34,17750.0,38800,Sell,234274626
2024-08-23 11:23:34,17750.0,500,Sell,234274613
2024-08-23 11:23:34,17750.0,100,Sell,234274614
2024-08-23 11:23:34,17750.0,4600,Sell,234274604
2024-08-23 11:23:34,17750.0,300,Sell,234274605
2024-08-23 11:23:34,17750.0,500,Sell,234274606
2024-08-23 11:23:34,17750.0,500,Sell,234274607
2024-08-23 11:23:34,17750.0,100,Sell,234274619
2024-08-23 11:23:34,17750.0,5000,Sell,234274609
2024-08-23 11:23:34,17750.0,500,Sell,234274608
2024-08-23 11:23:34,17750.0,400,Sell,234274610
2024-08-23 11:23:34,17750.0,1000,Sell,234274611
2024-08-23 11:23:34,17750.0,1000,Sell,234274612
2024-08-23 11:23:51,17750.0,100,Sell,234275051
2024-08-23 11:23:52,17750.0,9000,Sell,234275067
2024-08-23 11:23:59,17750.0,1000,Sell,234275212
2024-08-23 11:24:35,17750.0,100,Sell,234276001
2024-08-23 11:25:03,17750.0,200,Sell,234276601
2024-08-23 11:25:03,17750.0,500,Sell,234276600
2024-08-23 11:25:03,17750.0,1800,Sell,234276598
2024-08-23 11:25:03,17750.0,100,Sell,234276599
2024-08-23 11:25:03,17750.0,5000,Sell,234276596
2024-08-23 11:25:03,17750.0,100,Sell,234276595
2024-08-23 11:25:03,17750.0,100,Sell,234276594
2024-08-23 11:25:03,17750.0,1000,Sell,234276593
2024-08-23 11:25:03,17750.0,200,Sell,234276597
2024-08-23 11:25:25,17750.0,500,Sell,234277083
2024-08-23 11:26:00,17750.0,100,Sell,234277761
2024-08-23 11:26:00,17750.0,600,Sell,234277762
2024-08-23 11:26:00,17750.0,300,Sell,234277760
2024-08-23 11:26:03,17750.0,200,Sell,234277814
2024-08-23 11:26:37,17750.0,100,Sell,234278717
2024-08-23 11:26:43,17750.0,2500,Sell,234278899
2024-08-23 11:26:52,17800.0,100,Buy,234279281
2024-08-23 11:27:26,17800.0,100,Buy,234279984
2024-08-23 11:27:27,17800.0,100,Buy,234280009
2024-08-23 11:27:52,17750.0,1000,Sell,234280495
2024-08-23 11:27:55,17800.0,200,Buy,234280555
2024-08-23 11:27:56,17800.0,1200,Buy,234280562
2024-08-23 11:27:57,17800.0,200,Buy,234280584
2024-08-23 11:28:30,17800.0,100,Buy,234281356
2024-08-23 11:28:45,17800.0,2000,Buy,234281577
2024-08-23 11:28:53,17800.0,1200,Buy,234281757
2024-08-23 11:29:19,17750.0,2000,Sell,234282559
2024-08-23 11:29:30,17800.0,100,Buy,234282764
2024-08-23 12:59:37,17750.0,400,Sell,234283396
2024-08-23 12:59:37,17750.0,3100,Sell,234283816
2024-08-23 12:59:37,17750.0,500,Sell,234283815
2024-08-23 12:59:37,17750.0,100,Sell,234283814
2024-08-23 12:59:37,17750.0,200,Sell,234283813
2024-08-23 12:59:37,17750.0,100,Sell,234283812
2024-08-23 12:59:37,17750.0,4900,Sell,234283811
2024-08-23 12:59:37,17750.0,5000,Sell,234283810
2024-08-23 12:59:37,17750.0,100,Sell,234283809
2024-08-23 12:59:37,17750.0,100,Sell,234283808
2024-08-23 12:59:37,17750.0,3000,Sell,234283807
2024-08-23 12:59:37,17800.0,1000,Buy,234283395
2024-08-23 12:59:37,17750.0,100,Sell,234283805
2024-08-23 12:59:37,17750.0,200,Sell,234283804
2024-08-23 12:59:37,17750.0,100,Sell,234283803
2024-08-23 12:59:37,17750.0,20000,Sell,234283802
2024-08-23 12:59:37,17750.0,1000,Sell,234283801
2024-08-23 12:59:37,17750.0,100,Sell,234283800
2024-08-23 12:59:37,17750.0,400,Sell,234283799
2024-08-23 12:59:37,17750.0,600,Sell,234283607
2024-08-23 12:59:37,17750.0,200,Sell,234283606
2024-08-23 12:59:37,17800.0,600,Buy,234283490
2024-08-23 12:59:37,17750.0,5000,Sell,234283806
2024-08-23 12:59:39,17750.0,500,Sell,234284539
2024-08-23 12:59:39,17750.0,1000,Sell,234284538
2024-08-23 12:59:39,17750.0,200,Sell,234284536
2024-08-23 12:59:39,17750.0,300,Sell,234284535
2024-08-23 12:59:39,17750.0,1900,Sell,234284534
2024-08-23 12:59:39,17750.0,100,Sell,234284537
2024-08-23 12:59:40,17750.0,100,Sell,234284725
2024-08-23 12:59:40,17750.0,400,Sell,234284726
2024-08-23 12:59:41,17800.0,1500,Buy,234284957
2024-08-23 12:59:41,17800.0,200,Buy,234284993
2024-08-23 12:59:41,17800.0,800,Buy,234284994
2024-08-23 12:59:41,17800.0,100,Buy,234284995
2024-08-23 12:59:42,17750.0,200,Sell,234285537
2024-08-23 12:59:42,17800.0,100,Buy,234285535
2024-08-23 12:59:42,17800.0,100,Buy,234285536
2024-08-23 12:59:42,17750.0,13600,Sell,234285331
2024-08-23 12:59:42,17750.0,2000,Sell,234285330
2024-08-23 12:59:42,17750.0,1400,Sell,234285329
2024-08-23 12:59:43,17750.0,2500,Sell,234285588
2024-08-23 12:59:46,17750.0,2000,Sell,234285968
2024-08-23 12:59:46,17800.0,2800,Buy,234285988
2024-08-23 12:59:49,17750.0,1100,Sell,234286689
2024-08-23 12:59:49,17750.0,1500,Sell,234286645
2024-08-23 12:59:49,17750.0,2100,Sell,234286575
2024-08-23 12:59:49,17750.0,4700,Sell,234286690
2024-08-23 12:59:51,17750.0,500,Sell,234286898
2024-08-23 12:59:52,17750.0,300,Sell,234286919
2024-08-23 12:59:52,17800.0,1000,Buy,234286924
2024-08-23 12:59:55,17750.0,100,Sell,234287255
2024-08-23 12:59:55,17750.0,6900,Sell,234287259
2024-08-23 12:59:55,17750.0,1000,Sell,234287258
2024-08-23 12:59:55,17750.0,3000,Sell,234287257
2024-08-23 12:59:55,17750.0,1900,Sell,234287256
2024-08-23 12:59:55,17750.0,1900,Sell,234287254
2024-08-23 12:59:55,17750.0,100,Sell,234287252
2024-08-23 12:59:55,17750.0,3200,Sell,234287251
2024-08-23 12:59:55,17750.0,2800,Sell,234287189
2024-08-23 12:59:55,17750.0,500,Sell,234287188
2024-08-23 12:59:55,17750.0,200,Sell,234287187
2024-08-23 12:59:55,17750.0,4500,Sell,234287186
2024-08-23 12:59:55,17750.0,1900,Sell,234287253
2024-08-23 13:00:01,17750.0,2800,Sell,234287532
2024-08-23 13:00:08,17750.0,200,Sell,234288370
2024-08-23 13:00:12,17750.0,2000,Sell,234288557
2024-08-23 13:00:13,17750.0,100,Sell,234288615
2024-08-23 13:00:15,17750.0,5000,Sell,234288657
2024-08-23 13:00:16,17800.0,100,Buy,234288682
2024-08-23 13:00:18,17750.0,100,Sell,234288855
2024-08-23 13:00:21,17800.0,3000,Buy,234288976
2024-08-23 13:00:34,17750.0,11000,Sell,234289466
2024-08-23 13:00:35,17800.0,3100,Buy,234289538
2024-08-23 13:00:38,17750.0,15400,Sell,234289683
2024-08-23 13:00:44,17750.0,6000,Sell,234289864
2024-08-23 13:01:00,17750.0,500,Sell,234290364
2024-08-23 13:01:00,17750.0,500,Sell,234290365
2024-08-23 13:01:01,17750.0,1000,Sell,234290385
2024-08-23 13:01:02,17750.0,500,Sell,234290404
2024-08-23 13:01:02,17750.0,400,Sell,234290403
2024-08-23 13:01:18,17750.0,400,Sell,234291083
2024-08-23 13:01:49,17750.0,200,Sell,234292020
2024-08-23 13:02:08,17750.0,100,Sell,234292503
2024-08-23 13:02:08,17750.0,200,Sell,234292502
2024-08-23 13:02:08,17750.0,1000,Sell,234292501
2024-08-23 13:02:08,17750.0,1900,Sell,234292500
2024-08-23 13:02:08,17750.0,100,Sell,234292499
2024-08-23 13:02:08,17750.0,500,Sell,234292498
2024-08-23 13:02:08,17750.0,700,Sell,234292505
2024-08-23 13:02:08,17750.0,2000,Sell,234292496
2024-08-23 13:02:08,17750.0,200,Sell,234292497
2024-08-23 13:02:08,17750.0,800,Sell,234292490
2024-08-23 13:02:08,17750.0,500,Sell,234292491
2024-08-23 13:02:08,17750.0,500,Sell,234292504
2024-08-23 13:02:08,17750.0,1000,Sell,234292493
2024-08-23 13:02:08,17750.0,200,Sell,234292492
2024-08-23 13:02:08,17750.0,200,Sell,234292494
2024-08-23 13:02:08,17750.0,100,Sell,234292495
2024-08-23 13:02:09,17750.0,4100,Sell,234292561
2024-08-23 13:02:14,17750.0,1000,Sell,234292703
2024-08-23 13:02:21,17750.0,40000,Sell,234292868
2024-08-23 13:02:31,17800.0,1500,Buy,234293141
2024-08-23 13:02:32,17750.0,4000,Sell,234293154
2024-08-23 13:02:35,17750.0,1900,Sell,234293233
2024-08-23 13:02:35,17750.0,300,Sell,234293234
2024-08-23 13:02:35,17750.0,600,Sell,234293235
2024-08-23 13:02:35,17750.0,1900,Sell,234293236
2024-08-23 13:02:35,17750.0,1000,Sell,234293237
2024-08-23 13:02:35,17750.0,1100,Sell,234293238
2024-08-23 13:02:35,17750.0,200,Sell,234293231
2024-08-23 13:02:35,17750.0,3000,Sell,234293232
2024-08-23 13:02:36,17750.0,800,Sell,234293273
2024-08-23 13:02:36,17750.0,200,Sell,234293274
2024-08-23 13:02:43,17750.0,800,Sell,234293416
2024-08-23 13:02:43,17750.0,10600,Sell,234293415
2024-08-23 13:02:43,17750.0,1900,Sell,234293413
2024-08-23 13:02:43,17750.0,1900,Sell,234293414
2024-08-23 13:02:43,17750.0,4800,Sell,234293412
2024-08-23 13:02:46,17750.0,200,Sell,234293507
2024-08-23 13:02:46,17750.0,800,Sell,234293508
2024-08-23 13:02:47,17750.0,300,Sell,234293527
2024-08-23 13:02:47,17750.0,500,Sell,234293526
2024-08-23 13:02:47,17750.0,1600,Sell,234293523
2024-08-23 13:02:47,17750.0,5000,Sell,234293525
2024-08-23 13:02:47,17750.0,2000,Sell,234293521
2024-08-23 13:02:47,17750.0,100,Sell,234293520
2024-08-23 13:02:47,17750.0,200,Sell,234293519
2024-08-23 13:02:47,17750.0,100,Sell,234293522
2024-08-23 13:02:47,17750.0,200,Sell,234293524
2024-08-23 13:02:48,17750.0,200,Sell,234293552
2024-08-23 13:02:48,17750.0,300,Sell,234293553
2024-08-23 13:02:53,17750.0,3100,Sell,234293699
2024-08-23 13:02:53,17750.0,600,Sell,234293702
2024-08-23 13:02:53,17750.0,1300,Sell,234293701
2024-08-23 13:02:53,17750.0,1300,Sell,234293700
2024-08-23 13:02:53,17750.0,3100,Sell,234293697
2024-08-23 13:02:53,17750.0,3100,Sell,234293696
2024-08-23 13:02:53,17750.0,100,Sell,234293695
2024-08-23 13:02:53,17750.0,2200,Sell,234293694
2024-08-23 13:02:53,17750.0,600,Sell,234293693
2024-08-23 13:02:53,17750.0,100,Sell,234293698
2024-08-23 13:02:55,17750.0,1300,Sell,234293746
2024-08-23 13:02:55,17750.0,700,Sell,234293747
2024-08-23 13:02:55,17750.0,500,Sell,234293748
2024-08-23 13:02:58,17750.0,100,Sell,234293832
2024-08-23 13:02:59,17800.0,300,Buy,234293867
2024-08-23 13:03:06,17750.0,100,Sell,234294021
2024-08-23 13:03:06,17750.0,1900,Sell,234294022
2024-08-23 13:03:06,17750.0,400,Sell,234294023
2024-08-23 13:03:06,17750.0,2000,Sell,234294020
2024-08-23 13:03:07,17750.0,600,Sell,234294116
2024-08-23 13:03:07,17750.0,500,Sell,234294117
2024-08-23 13:03:07,17750.0,500,Sell,234294118
2024-08-23 13:03:07,17750.0,500,Sell,234294119
2024-08-23 13:03:07,17750.0,200,Sell,234294120
2024-08-23 13:03:07,17750.0,1900,Sell,234294122
2024-08-23 13:03:07,17750.0,100,Sell,234294121
2024-08-23 13:03:12,17750.0,100,Buy,234294273
2024-08-23 13:03:12,17750.0,10000,Buy,234294257
2024-08-23 13:03:13,17750.0,200,Buy,234294292
2024-08-23 13:03:22,17750.0,15400,Buy,234294617
2024-08-23 13:03:22,17750.0,200,Buy,234294618
2024-08-23 13:03:34,17750.0,100,Sell,234294884
2024-08-23 13:03:48,17800.0,1000,Buy,234295310
2024-08-23 13:04:11,17800.0,500,Buy,234295959
2024-08-23 13:04:20,17800.0,200,Buy,234296321
2024-08-23 13:04:29,17750.0,300,Sell,234296697
2024-08-23 13:04:31,17750.0,1000,Sell,234296817
2024-08-23 13:04:31,17750.0,5000,Sell,234296816
2024-08-23 13:04:31,17750.0,34000,Sell,234296815
2024-08-23 13:04:34,17750.0,500,Sell,234296901
2024-08-23 13:05:50,17750.0,500,Sell,234299819
2024-08-23 13:06:01,17750.0,1700,Sell,234300253
2024-08-23 13:06:01,17750.0,2000,Sell,234300252
2024-08-23 13:06:01,17750.0,100,Sell,234300251
2024-08-23 13:06:01,17750.0,5000,Sell,234300250
2024-08-23 13:06:01,17750.0,1000,Sell,234300249
2024-08-23 13:06:01,17750.0,300,Sell,234300248
2024-08-23 13:06:01,17750.0,1000,Sell,234300244
2024-08-23 13:06:01,17750.0,1000,Sell,234300246
2024-08-23 13:06:01,17750.0,1900,Sell,234300245
2024-08-23 13:06:01,17750.0,100,Sell,234300243
2024-08-23 13:06:01,17750.0,1000,Sell,234300242
2024-08-23 13:06:01,17750.0,300,Sell,234300241
2024-08-23 13:06:01,17750.0,8000,Sell,234300231
2024-08-23 13:06:01,17750.0,100,Sell,234300247
2024-08-23 13:06:03,17750.0,1000,Sell,234300292
2024-08-23 13:06:06,17750.0,1000,Sell,234300412
2024-08-23 13:06:06,17800.0,100,Buy,234300413
2024-08-23 13:06:09,17750.0,1000,Sell,234300533
2024-08-23 13:06:20,17750.0,1000,Sell,234300857
2024-08-23 13:06:47,17750.0,100,Sell,234301756
2024-08-23 13:06:47,17750.0,1800,Sell,234301757
2024-08-23 13:06:47,17750.0,100,Sell,234301755
2024-08-23 13:06:47,17750.0,100,Sell,234301752
2024-08-23 13:06:47,17750.0,500,Sell,234301753
2024-08-23 13:06:47,17750.0,100,Sell,234301754
2024-08-23 13:06:47,17750.0,300,Sell,234301751
2024-08-23 13:07:01,17750.0,300,Sell,234302204
2024-08-23 13:07:05,17750.0,2900,Sell,234302335
2024-08-23 13:07:05,17750.0,100,Sell,234302336
2024-08-23 13:07:15,17750.0,100,Sell,234302570
2024-08-23 13:07:28,17750.0,200,Sell,234302972
2024-08-23 13:07:51,17750.0,200,Sell,234303677
2024-08-23 13:08:11,17750.0,3000,Sell,234304249
2024-08-23 13:08:33,17750.0,300,Sell,234305263
2024-08-23 13:08:51,17750.0,500,Sell,234306071
2024-08-23 13:08:51,17750.0,500,Sell,234306072
2024-08-23 13:08:51,17750.0,1000,Sell,234306073
2024-08-23 13:08:51,17750.0,100,Sell,234306074
2024-08-23 13:08:51,17750.0,100,Sell,234306070
2024-08-23 13:08:51,17750.0,5000,Sell,234306075
2024-08-23 13:08:51,17750.0,1900,Sell,234306076
2024-08-23 13:08:51,17750.0,1400,Sell,234306077
2024-08-23 13:08:51,17750.0,100,Sell,234306078
2024-08-23 13:08:51,17700.0,200,Sell,234306084
2024-08-23 13:08:51,17750.0,400,Sell,234306080
2024-08-23 13:08:51,17750.0,500,Sell,234306081
2024-08-23 13:08:51,17750.0,5700,Sell,234306082
2024-08-23 13:08:51,17750.0,100,Sell,234306083
2024-08-23 13:08:51,17700.0,5000,Sell,234306085
2024-08-23 13:08:51,17700.0,20000,Sell,234306087
2024-08-23 13:08:51,17700.0,4000,Sell,234306088
2024-08-23 13:08:51,17700.0,8000,Sell,234306089
2024-08-23 13:08:51,17750.0,300,Sell,234306069
2024-08-23 13:08:51,17750.0,100,Sell,234306079
2024-08-23 13:08:51,17750.0,100,Sell,234306068
2024-08-23 13:08:51,17700.0,10000,Sell,234306086
2024-08-23 13:08:51,17750.0,3000,Sell,234306066
2024-08-23 13:08:51,17750.0,500,Sell,234306046
2024-08-23 13:08:51,17750.0,1000,Sell,234306047
2024-08-23 13:08:51,17750.0,100,Sell,234306048
2024-08-23 13:08:51,17750.0,6100,Sell,234306045
2024-08-23 13:08:51,17750.0,1000,Sell,234306049
2024-08-23 13:08:51,17750.0,500,Sell,234306050
2024-08-23 13:08:51,17750.0,100,Sell,234306051
2024-08-23 13:08:51,17750.0,1000,Sell,234306052
2024-08-23 13:08:51,17750.0,5700,Sell,234306053
2024-08-23 13:08:51,17750.0,1500,Sell,234306054
2024-08-23 13:08:51,17750.0,100,Sell,234306067
2024-08-23 13:08:51,17750.0,100,Sell,234306056
2024-08-23 13:08:51,17750.0,10000,Sell,234306055
2024-08-23 13:08:51,17750.0,500,Sell,234306065
2024-08-23 13:08:51,17750.0,500,Sell,234306063
2024-08-23 13:08:51,17750.0,300,Sell,234306062
2024-08-23 13:08:51,17750.0,100,Sell,234306064
2024-08-23 13:08:51,17750.0,5000,Sell,234306060
2024-08-23 13:08:51,17750.0,100,Sell,234306059
2024-08-23 13:08:51,17750.0,1900,Sell,234306058
2024-08-23 13:08:51,17750.0,10000,Sell,234306057
2024-08-23 13:08:51,17750.0,1000,Sell,234306061
2024-08-23 13:08:52,17700.0,7100,Sell,234306093
2024-08-23 13:08:53,17700.0,500,Sell,234306216
2024-08-23 13:09:13,17800.0,5000,Buy,234306908
2024-08-23 13:09:30,17750.0,100,Sell,234307707
2024-08-23 13:09:30,17750.0,2900,Sell,234307708
2024-08-23 13:09:57,17750.0,700,Sell,234308682
2024-08-23 13:09:57,17750.0,100,Sell,234308681
2024-08-23 13:09:57,17750.0,7100,Sell,234308677
2024-08-23 13:09:57,17750.0,300,Sell,234308679
2024-08-23 13:09:57,17750.0,800,Sell,234308678
2024-08-23 13:09:57,17750.0,1000,Sell,234308680
2024-08-23 13:10:24,17750.0,500,Sell,234310113
2024-08-23 13:10:25,17750.0,300,Sell,234310147
2024-08-23 13:10:35,17750.0,6000,Sell,234310534
2024-08-23 13:10:42,17750.0,900,Sell,234310870
2024-08-23 13:10:42,17750.0,1600,Sell,234310871
2024-08-23 13:11:01,17750.0,3400,Sell,234311883
2024-08-23 13:11:01,17750.0,300,Sell,234311884
2024-08-23 13:11:01,17750.0,200,Sell,234311885
2024-08-23 13:11:01,17750.0,9900,Sell,234311886
2024-08-23 13:11:06,17750.0,16200,Sell,234312022
2024-08-23 13:11:11,17750.0,8000,Sell,234312285
2024-08-23 13:11:13,17750.0,300,Sell,234312375
2024-08-23 13:11:20,17750.0,200,Sell,234312650
2024-08-23 13:11:28,17750.0,200,Sell,234312901
2024-08-23 13:11:47,17750.0,600,Sell,234313596
2024-08-23 13:11:49,17800.0,500,Buy,234313673
2024-08-23 13:11:54,17750.0,4900,Sell,234313876
2024-08-23 13:11:54,17750.0,100,Sell,234313877
2024-08-23 13:11:54,17750.0,1900,Sell,234313878
2024-08-23 13:11:54,17750.0,200,Sell,234313879
2024-08-23 13:12:00,17800.0,100,Buy,234314083
2024-08-23 13:12:40,17750.0,100,Sell,234315416
2024-08-23 13:12:40,17750.0,100,Sell,234315417
2024-08-23 13:12:44,17800.0,100,Buy,234315510
2024-08-23 13:13:12,17800.0,5000,Buy,234316312
2024-08-23 13:13:20,17800.0,500,Buy,234316550
2024-08-23 13:13:57,17800.0,600,Buy,234317811
2024-08-23 13:14:04,17750.0,4900,Sell,234318051
2024-08-23 13:14:04,17750.0,400,Sell,234318052
2024-08-23 13:14:04,17750.0,1800,Sell,234318053
2024-08-23 13:14:04,17750.0,100,Sell,234318054
2024-08-23 13:14:04,17750.0,400,Sell,234318055
2024-08-23 13:14:04,17750.0,100,Sell,234318056
2024-08-23 13:14:04,17750.0,200,Sell,234318057
2024-08-23 13:14:04,17750.0,100,Sell,234318058
2024-08-23 13:14:04,17750.0,5000,Sell,234318059
2024-08-23 13:14:29,17750.0,600,Sell,234319161
2024-08-23 13:14:29,17750.0,1000,Sell,234319160
2024-08-23 13:14:29,17750.0,100,Sell,234319157
2024-08-23 13:14:29,17750.0,100,Sell,234319158
2024-08-23 13:14:29,17750.0,100,Sell,234319159
2024-08-23 13:14:29,17750.0,100,Sell,234319156
2024-08-23 13:14:30,17750.0,4000,Sell,234319211
2024-08-23 13:14:35,17800.0,3600,Buy,234319309
2024-08-23 13:14:40,17800.0,4900,Buy,234319497
2024-08-23 13:14:40,17800.0,800,Buy,234319498
2024-08-23 13:14:46,17750.0,100,Sell,234319731
2024-08-23 13:14:51,17800.0,100,Buy,234319880
2024-08-23 13:14:54,17800.0,100,Buy,234319989
2024-08-23 13:15:33,17800.0,100,Buy,234321168
2024-08-23 13:15:34,17800.0,1500,Buy,234321243
2024-08-23 13:15:40,17800.0,100,Buy,234321379
2024-08-23 13:15:43,17750.0,500,Sell,234321461
2024-08-23 13:15:44,17800.0,100,Buy,234321473
2024-08-23 13:16:07,17800.0,3200,Buy,234322167
2024-08-23 13:16:07,17800.0,2000,Buy,234322168
2024-08-23 13:16:07,17800.0,200,Buy,234322169
2024-08-23 13:16:07,17800.0,300,Buy,234322170
2024-08-23 13:16:15,17750.0,3000,Sell,234322421
2024-08-23 13:16:21,17800.0,200,Buy,234322542
2024-08-23 13:16:21,17800.0,4800,Buy,234322543
2024-08-23 13:16:48,17800.0,500,Buy,234323341
2024-08-23 13:16:56,17750.0,100,Sell,234323574
2024-08-23 13:16:57,17750.0,1000,Sell,234323618
2024-08-23 13:16:59,17800.0,100,Buy,234323679
2024-08-23 13:17:09,17750.0,100,Sell,234323970
2024-08-23 13:17:33,17750.0,2000,Sell,234324491
2024-08-23 13:17:39,17750.0,200,Sell,234324624
2024-08-23 13:18:20,17750.0,300,Sell,234325722
2024-08-23 13:18:20,17750.0,10000,Sell,234325721
2024-08-23 13:18:20,17750.0,1000,Sell,234325717
2024-08-23 13:18:20,17750.0,100,Sell,234325720
2024-08-23 13:18:20,17750.0,1000,Sell,234325719
2024-08-23 13:18:20,17750.0,3900,Sell,234325718
2024-08-23 13:18:20,17750.0,100,Sell,234325716
2024-08-23 13:18:20,17750.0,100,Sell,234325709
2024-08-23 13:18:20,17750.0,500,Sell,234325714
2024-08-23 13:18:20,17750.0,8400,Sell,234325707
2024-08-23 13:18:20,17750.0,500,Sell,234325708
2024-08-23 13:18:20,17750.0,400,Sell,234325710
2024-08-23 13:18:20,17750.0,100,Sell,234325715
2024-08-23 13:18:20,17750.0,500,Sell,234325712
2024-08-23 13:18:20,17750.0,1500,Sell,234325713
2024-08-23 13:18:20,17750.0,300,Sell,234325711
2024-08-23 13:18:21,17750.0,2500,Sell,234325773
2024-08-23 13:18:21,17750.0,1000,Sell,234325774
2024-08-23 13:18:21,17750.0,2500,Sell,234325775
2024-08-23 13:18:21,17750.0,44000,Sell,234325776
2024-08-23 13:18:28,17750.0,200,Sell,234325954
2024-08-23 13:18:53,17750.0,300,Sell,234326670
2024-08-23 13:18:53,17750.0,100,Sell,234326668
2024-08-23 13:18:53,17750.0,200,Sell,234326667
2024-08-23 13:18:53,17750.0,1000,Sell,234326666
2024-08-23 13:18:53,17750.0,1000,Sell,234326669
2024-08-23 13:18:53,17750.0,100,Sell,234326664
2024-08-23 13:18:53,17750.0,900,Sell,234326663
2024-08-23 13:18:53,17750.0,5800,Sell,234326661
2024-08-23 13:18:53,17750.0,500,Sell,234326662
2024-08-23 13:18:53,17750.0,100,Sell,234326665
2024-08-23 13:18:54,17750.0,200,Sell,234326694
2024-08-23 13:19:01,17800.0,100,Buy,234326901
2024-08-23 13:19:04,17750.0,300,Sell,234327011
2024-08-23 13:19:11,17750.0,1000,Sell,234327190
2024-08-23 13:19:16,17800.0,1500,Buy,234327349
2024-08-23 13:19:16,17800.0,600,Buy,234327347
2024-08-23 13:19:16,17800.0,5000,Buy,234327346
2024-08-23 13:19:16,17800.0,400,Buy,234327348
2024-08-23 13:19:38,17800.0,500,Buy,234327993
2024-08-23 13:19:42,17800.0,200,Buy,234328156
2024-08-23 13:21:24,17800.0,500,Buy,234331013
2024-08-23 13:21:24,17800.0,1000,Buy,234331015
2024-08-23 13:21:24,17800.0,100,Buy,234331014
2024-08-23 13:21:24,17800.0,100,Buy,234331012
2024-08-23 13:21:24,17800.0,500,Buy,234331016
2024-08-23 13:21:24,17800.0,100,Buy,234331002
2024-08-23 13:21:24,17800.0,1000,Buy,234331001
2024-08-23 13:21:24,17800.0,1000,Buy,234331000
2024-08-23 13:21:24,17800.0,100,Buy,234331003
2024-08-23 13:21:24,17800.0,600,Buy,234330999
2024-08-23 13:21:31,17800.0,1300,Buy,234331276
2024-08-23 13:21:31,17800.0,1000,Buy,234331275
2024-08-23 13:21:31,17800.0,200,Buy,234331273
2024-08-23 13:21:31,17800.0,1500,Buy,234331272
2024-08-23 13:21:31,17800.0,500,Buy,234331271
2024-08-23 13:21:31,17800.0,500,Buy,234331274
2024-08-23 13:21:37,17800.0,100,Buy,234331451
2024-08-23 13:21:45,17800.0,2600,Buy,234331772
2024-08-23 13:21:45,17800.0,2000,Buy,234331773
2024-08-23 13:21:45,17800.0,1100,Buy,234331774
2024-08-23 13:22:15,17800.0,5000,Buy,234332449
2024-08-23 13:22:18,17800.0,5000,Buy,234332517
2024-08-23 13:22:20,17800.0,1900,Buy,234332586
2024-08-23 13:22:21,17800.0,1900,Buy,234332617
2024-08-23 13:22:22,17800.0,1900,Buy,234332656
2024-08-23 13:22:22,17800.0,1900,Buy,234332679
2024-08-23 13:22:22,17800.0,1900,Buy,234332703
2024-08-23 13:22:25,17800.0,1900,Buy,234332801
2024-08-23 13:22:28,17800.0,200,Buy,234332892
2024-08-23 13:22:28,17750.0,500,Sell,234332883
2024-08-23 13:22:28,17750.0,700,Sell,234332884
2024-08-23 13:22:28,17750.0,5000,Sell,234332881
2024-08-23 13:22:28,17750.0,100,Sell,234332882
2024-08-23 13:22:28,17750.0,3700,Sell,234332880
2024-08-23 13:22:29,17800.0,10000,Buy,234332916
2024-08-23 13:22:30,17800.0,100,Buy,234332928
2024-08-23 13:22:50,17800.0,1000,Buy,234333508
2024-08-23 13:23:15,17800.0,5000,Buy,234334152
2024-08-23 13:23:18,17800.0,2400,Buy,234334213
2024-08-23 13:23:18,17800.0,100,Buy,234334214
2024-08-23 13:23:18,17800.0,2500,Buy,234334215
2024-08-23 13:23:25,17800.0,100,Buy,234334408
2024-08-23 13:23:35,17800.0,5000,Buy,234334890
2024-08-23 13:23:37,17800.0,100,Buy,234334925
2024-08-23 13:23:37,17800.0,500,Buy,234334926
2024-08-23 13:23:37,17800.0,400,Buy,234334924
2024-08-23 13:23:38,17750.0,2500,Sell,234334954
2024-08-23 13:23:38,17750.0,2300,Sell,234334958
2024-08-23 13:23:38,17750.0,3700,Sell,234334957
2024-08-23 13:23:38,17750.0,100,Sell,234334956
2024-08-23 13:23:38,17750.0,100,Sell,234334955
2024-08-23 13:23:38,17750.0,500,Sell,234334953
2024-08-23 13:23:38,17750.0,300,Sell,234334951
2024-08-23 13:23:38,17750.0,100,Sell,234334950
2024-08-23 13:23:38,17750.0,500,Sell,234334949
2024-08-23 13:23:38,17750.0,1000,Sell,234334948
2024-08-23 13:23:38,17750.0,1300,Sell,234334947
2024-08-23 13:23:38,17750.0,100,Sell,234334952
2024-08-23 13:23:54,17800.0,200,Buy,234335534
2024-08-23 13:23:54,17800.0,3000,Buy,234335535
2024-08-23 13:23:54,17800.0,200,Buy,234335536
2024-08-23 13:23:54,17800.0,100,Buy,234335537
2024-08-23 13:23:54,17800.0,1900,Buy,234335538
2024-08-23 13:23:54,17800.0,500,Buy,234335539
2024-08-23 13:23:54,17800.0,400,Buy,234335540
2024-08-23 13:23:54,17800.0,13700,Buy,234335541
2024-08-23 13:23:59,17800.0,200,Buy,234335700
2024-08-23 13:24:32,17800.0,11400,Buy,234336707
2024-08-23 13:24:32,17800.0,10000,Buy,234336706
2024-08-23 13:24:32,17800.0,8600,Buy,234336705
2024-08-23 13:24:39,17800.0,6600,Buy,234336946
2024-08-23 13:24:39,17800.0,400,Buy,234336947
2024-08-23 13:24:39,17800.0,400,Buy,234336948
2024-08-23 13:24:39,17800.0,2000,Buy,234336949
2024-08-23 13:24:39,17800.0,600,Buy,234336950
2024-08-23 13:24:41,17800.0,100,Buy,234337015
2024-08-23 13:24:41,17800.0,7500,Buy,234337010
2024-08-23 13:24:41,17800.0,7500,Buy,234337009
2024-08-23 13:24:41,17800.0,20000,Buy,234337008
2024-08-23 13:24:41,17800.0,1500,Buy,234337007
2024-08-23 13:24:41,17800.0,5000,Buy,234337006
2024-08-23 13:24:41,17800.0,10000,Buy,234337005
2024-08-23 13:24:41,17800.0,10000,Buy,234337004
2024-08-23 13:24:41,17800.0,10000,Buy,234337003
2024-08-23 13:24:41,17800.0,9500,Buy,234337014
2024-08-23 13:24:41,17800.0,1000,Buy,234337001
2024-08-23 13:24:41,17800.0,2000,Buy,234337000
2024-08-23 13:24:41,17800.0,100,Buy,234336999
2024-08-23 13:24:41,17800.0,300,Buy,234336998
2024-08-23 13:24:41,17800.0,3000,Buy,234336997
2024-08-23 13:24:41,17800.0,400,Buy,234336996
2024-08-23 13:24:41,17800.0,2500,Buy,234336995
2024-08-23 13:24:41,17800.0,3000,Buy,234336994
2024-08-23 13:24:41,17800.0,300,Buy,234336993
2024-08-23 13:24:41,17800.0,5400,Buy,234336992
2024-08-23 13:24:41,17800.0,1000,Buy,234337002
2024-08-23 13:24:44,17800.0,5000,Buy,234337119
2024-08-23 13:24:44,17800.0,100,Buy,234337115
2024-08-23 13:24:44,17800.0,3000,Buy,234337114
2024-08-23 13:24:44,17800.0,500,Buy,234337113
2024-08-23 13:24:44,17800.0,1000,Buy,234337112
2024-08-23 13:24:44,17800.0,400,Buy,234337111
2024-08-23 13:24:45,17800.0,1000,Buy,234337141
2024-08-23 13:24:45,17800.0,500,Buy,234337151
2024-08-23 13:24:57,17800.0,300,Buy,234337470
2024-08-23 13:25:13,17800.0,100,Sell,234337876
2024-08-23 13:25:13,17800.0,400,Sell,234337877
2024-08-23 13:25:22,17800.0,200,Sell,234338123
2024-08-23 13:25:23,17800.0,400,Sell,234338157
2024-08-23 13:25:23,17800.0,1000,Sell,234338158
2024-08-23 13:25:23,17800.0,600,Sell,234338159
2024-08-23 13:25:36,17800.0,500,Sell,234338535
2024-08-23 13:25:36,17800.0,9300,Sell,234338534
2024-08-23 13:25:36,17800.0,2400,Sell,234338530
2024-08-23 13:25:36,17800.0,1000,Sell,234338532
2024-08-23 13:25:36,17800.0,500,Sell,234338531
2024-08-23 13:25:36,17800.0,1900,Sell,234338533
2024-08-23 13:25:37,17800.0,100,Buy,234338560
2024-08-23 13:25:39,17800.0,3000,Buy,234338595
2024-08-23 13:25:45,17800.0,500,Buy,234338740
2024-08-23 13:25:55,17800.0,2500,Buy,234339043
2024-08-23 13:25:56,17800.0,3300,Buy,234339064
2024-08-23 13:25:56,17800.0,3000,Buy,234339065
2024-08-23 13:25:56,17800.0,3000,Buy,234339066
2024-08-23 13:26:01,17800.0,10000,Sell,234339189
2024-08-23 13:26:07,17800.0,1000,Sell,234339351
2024-08-23 13:26:07,17800.0,700,Sell,234339349
2024-08-23 13:26:07,17800.0,1000,Sell,234339350
2024-08-23 13:26:08,17800.0,100,Buy,234339355
2024-08-23 13:26:19,17800.0,200,Buy,234339687
2024-08-23 13:26:46,17800.0,600,Sell,234340314
2024-08-23 13:27:18,17800.0,200,Sell,234341081
2024-08-23 13:27:18,17800.0,100,Sell,234341082
2024-08-23 13:27:18,17800.0,100,Sell,234341083
2024-08-23 13:27:18,17800.0,600,Sell,234341084
2024-08-23 13:27:31,17800.0,1000,Sell,234341430
2024-08-23 13:27:31,17800.0,600,Sell,234341431
2024-08-23 13:27:31,17800.0,1000,Sell,234341429
2024-08-23 13:27:31,17800.0,2400,Sell,234341428
2024-08-23 13:27:38,17800.0,400,Sell,234341599
2024-08-23 13:27:38,17800.0,600,Sell,234341600
2024-08-23 13:27:47,17800.0,1000,Sell,234341776
2024-08-23 13:27:59,17800.0,200,Sell,234342069
2024-08-23 13:28:06,17800.0,1200,Sell,234342236
2024-08-23 13:28:06,17800.0,1000,Sell,234342240
2024-08-23 13:28:06,17800.0,1900,Sell,234342241
2024-08-23 13:28:06,17800.0,100,Sell,234342242
2024-08-23 13:28:06,17800.0,800,Sell,234342243
2024-08-23 13:28:11,17800.0,200,Sell,234342443
2024-08-23 13:28:11,17800.0,200,Sell,234342444
2024-08-23 13:28:14,17800.0,100,Sell,234342555
2024-08-23 13:28:14,17800.0,500,Sell,234342554
2024-08-23 13:28:32,17800.0,900,Buy,234342941
2024-08-23 13:28:39,17750.0,4500,Sell,234343080
2024-08-23 13:28:39,17750.0,500,Sell,234343081
2024-08-23 13:28:39,17750.0,200,Sell,234343082
2024-08-23 13:28:39,17750.0,4800,Sell,234343083
2024-08-23 13:28:54,17800.0,1600,Buy,234343534
2024-08-23 13:28:56,17800.0,6000,Buy,234343590
2024-08-23 13:29:41,17750.0,1000,Sell,234345153
2024-08-23 13:29:41,17750.0,6100,Sell,234345154
2024-08-23 13:29:41,17750.0,200,Sell,234345151
2024-08-23 13:29:41,17750.0,700,Sell,234345152
2024-08-23 13:29:48,17750.0,500,Sell,234345471
2024-08-23 13:29:50,17750.0,2000,Sell,234345564
2024-08-23 13:29:50,17750.0,10000,Sell,234345563
2024-08-23 13:29:50,17750.0,800,Sell,234345562
2024-08-23 13:29:50,17750.0,500,Sell,234345561
2024-08-23 13:29:50,17750.0,2000,Sell,234345560
2024-08-23 13:29:50,17750.0,100,Sell,234345558
2024-08-23 13:29:50,17750.0,1100,Sell,234345559
2024-08-23 13:29:50,17750.0,500,Sell,234345556
2024-08-23 13:29:50,17750.0,5000,Sell,234345555
2024-08-23 13:29:50,17750.0,100,Sell,234345554
2024-08-23 13:29:50,17750.0,300,Sell,234345553
2024-08-23 13:29:50,17750.0,2000,Sell,234345552
2024-08-23 13:29:50,17750.0,1600,Sell,234345551
2024-08-23 13:29:50,17750.0,5000,Sell,234345557
2024-08-23 13:29:52,17800.0,900,Buy,234345696
2024-08-23 13:29:52,17800.0,1100,Buy,234345697
2024-08-23 13:30:24,17800.0,100,Buy,234346847
2024-08-23 13:30:37,17800.0,500,Buy,234347461
2024-08-23 13:30:57,17800.0,300,Buy,234348351
2024-08-23 13:31:05,17800.0,2000,Buy,234348676
2024-08-23 13:31:32,17800.0,500,Buy,234350314
2024-08-23 13:31:36,17800.0,200,Buy,234350507
2024-08-23 13:31:36,17800.0,5500,Buy,234350505
2024-08-23 13:31:36,17800.0,300,Buy,234350506
2024-08-23 13:31:50,17800.0,5000,Buy,234351442
2024-08-23 13:31:54,17800.0,2000,Buy,234351811
2024-08-23 13:32:00,17800.0,500,Buy,234352089
2024-08-23 13:32:00,17800.0,8500,Buy,234352087
2024-08-23 13:32:00,17800.0,5000,Buy,234352086
2024-08-23 13:32:00,17800.0,1000,Buy,234352088
2024-08-23 13:32:00,17800.0,1200,Buy,234352084
2024-08-23 13:32:00,17800.0,5000,Buy,234352083
2024-08-23 13:32:00,17800.0,18100,Buy,234352082
2024-08-23 13:32:00,17800.0,1000,Buy,234352085
2024-08-23 13:32:12,17800.0,7100,Sell,234352860
2024-08-23 13:32:28,17850.0,2200,Buy,234353913
2024-08-23 13:32:28,17850.0,2800,Buy,234353914
2024-08-23 13:32:31,17800.0,2600,Sell,234354114
2024-08-23 13:32:31,17800.0,1000,Sell,234354115
2024-08-23 13:32:31,17800.0,400,Sell,234354116
2024-08-23 13:32:39,17800.0,100,Sell,234354631
2024-08-23 13:32:39,17800.0,500,Sell,234354630
2024-08-23 13:32:39,17800.0,2400,Sell,234354629
2024-08-23 13:32:39,17800.0,100,Sell,234354628
2024-08-23 13:32:45,17800.0,800,Buy,234354965
2024-08-23 13:32:49,17850.0,2000,Buy,234355314
2024-08-23 13:33:07,17850.0,1700,Buy,234356434
2024-08-23 13:33:07,17850.0,4000,Buy,234356435
2024-08-23 13:33:15,17800.0,300,Sell,234357074
2024-08-23 13:33:15,17800.0,5000,Sell,234357075
2024-08-23 13:33:15,17800.0,100,Sell,234357076
2024-08-23 13:33:15,17800.0,100,Sell,234357077
2024-08-23 13:33:15,17800.0,500,Sell,234357078
2024-08-23 13:33:16,17800.0,10000,Buy,234357141
2024-08-23 13:33:18,17800.0,9200,Buy,234357316
2024-08-23 13:33:21,17800.0,1600,Sell,234357610
2024-08-23 13:33:23,17800.0,8200,Sell,234357739
2024-08-23 13:33:23,17800.0,900,Sell,234357740
2024-08-23 13:33:29,17800.0,4000,Buy,234358118
2024-08-23 13:33:36,17800.0,300,Buy,234358652
2024-08-23 13:33:36,17800.0,2000,Buy,234358698
2024-08-23 13:33:42,17800.0,500,Buy,234359113
2024-08-23 13:33:44,17800.0,1000,Buy,234359281
2024-08-23 13:33:45,17800.0,1000,Buy,234359353
2024-08-23 13:33:46,17800.0,2100,Buy,234359369
2024-08-23 13:33:46,17800.0,7900,Buy,234359370
2024-08-23 13:33:51,17800.0,100,Buy,234359742
2024-08-23 13:33:53,17800.0,500,Buy,234359808
2024-08-23 13:33:53,17800.0,100,Buy,234359807
2024-08-23 13:34:00,17800.0,5700,Buy,234360324
2024-08-23 13:34:02,17800.0,200,Buy,234360439
2024-08-23 13:34:03,17800.0,500,Buy,234360522
2024-08-23 13:34:08,17800.0,2000,Buy,234360694
2024-08-23 13:34:08,17800.0,500,Sell,234360720
2024-08-23 13:34:19,17800.0,500,Sell,234361409
2024-08-23 13:34:19,17800.0,100,Sell,234361411
2024-08-23 13:34:19,17800.0,2500,Sell,234361407
2024-08-23 13:34:19,17800.0,1700,Sell,234361408
2024-08-23 13:34:19,17800.0,5000,Sell,234361410
2024-08-23 13:34:21,17800.0,5000,Buy,234361651
2024-08-23 13:34:23,17800.0,900,Buy,234361817
2024-08-23 13:34:34,17800.0,9100,Sell,234362442
2024-08-23 13:34:34,17800.0,100,Sell,234362443
2024-08-23 13:34:34,17800.0,200,Sell,234362444
2024-08-23 13:34:34,17800.0,2000,Sell,234362445
2024-08-23 13:34:34,17800.0,3600,Sell,234362446
2024-08-23 13:34:37,17800.0,43100,Sell,234362556
2024-08-23 13:34:37,17800.0,6400,Sell,234362554
2024-08-23 13:34:37,17800.0,500,Sell,234362555
2024-08-23 13:34:42,17800.0,5600,Sell,234362818
2024-08-23 13:34:47,17800.0,200,Sell,234363075
2024-08-23 13:34:55,17800.0,50000,Sell,234363378
2024-08-23 13:34:59,17800.0,100,Sell,234363517
2024-08-23 13:34:59,17800.0,100,Sell,234363528
2024-08-23 13:35:22,17850.0,1000,Buy,234364750
2024-08-23 13:35:26,17800.0,900,Sell,234365053
2024-08-23 13:35:26,17800.0,2000,Sell,234365054
2024-08-23 13:35:26,17800.0,1000,Sell,234365055
2024-08-23 13:35:26,17800.0,5000,Sell,234365056
2024-08-23 13:35:26,17800.0,1000,Sell,234365057
2024-08-23 13:35:26,17800.0,100,Sell,234365058
2024-08-23 13:35:46,17800.0,4100,Sell,234366125
2024-08-23 13:35:46,17800.0,5000,Sell,234366124
2024-08-23 13:35:46,17800.0,900,Sell,234366123
2024-08-23 13:35:56,17800.0,5500,Sell,234366770
2024-08-23 13:35:56,17800.0,1000,Sell,234366769
2024-08-23 13:35:56,17800.0,10000,Sell,234366768
2024-08-23 13:35:56,17800.0,1500,Sell,234366767
2024-08-23 13:35:56,17800.0,100,Sell,234366766
2024-08-23 13:35:56,17800.0,3100,Sell,234366765
2024-08-23 13:35:56,17800.0,3100,Sell,234366763
2024-08-23 13:35:56,17800.0,300,Sell,234366764
2024-08-23 13:35:56,17800.0,200,Sell,234366762
2024-08-23 13:35:56,17800.0,3000,Sell,234366757
2024-08-23 13:35:56,17800.0,9000,Sell,234366760
2024-08-23 13:35:56,17800.0,900,Sell,234366751
2024-08-23 13:35:56,17800.0,2000,Sell,234366752
2024-08-23 13:35:56,17800.0,100,Sell,234366753
2024-08-23 13:35:56,17800.0,100,Sell,234366754
2024-08-23 13:35:56,17800.0,2500,Sell,234366761
2024-08-23 13:35:56,17800.0,300,Sell,234366756
2024-08-23 13:35:56,17800.0,5000,Sell,234366758
2024-08-23 13:35:56,17800.0,100,Sell,234366759
2024-08-23 13:35:56,17800.0,2200,Sell,234366755
2024-08-23 13:36:03,17850.0,100,Buy,234367188
2024-08-23 13:36:09,17800.0,4500,Sell,234367479
2024-08-23 13:36:09,17800.0,100,Sell,234367480
2024-08-23 13:36:09,17800.0,300,Sell,234367481
2024-08-23 13:36:09,17800.0,5000,Sell,234367482
2024-08-23 13:36:09,17800.0,100,Sell,234367483
2024-08-23 13:36:11,17800.0,2000,Sell,234367624
2024-08-23 13:36:16,17800.0,100,Sell,234367807
2024-08-23 13:36:19,17800.0,200,Buy,234367921
2024-08-23 13:36:27,17800.0,500,Buy,234368296
2024-08-23 13:36:29,17800.0,100,Buy,234368454
2024-08-23 13:36:47,17800.0,300,Buy,234369254
2024-08-23 13:36:47,17800.0,2600,Buy,234369255
2024-08-23 13:36:47,17800.0,200,Buy,234369256
2024-08-23 13:36:47,17800.0,6900,Buy,234369253
2024-08-23 13:36:53,17800.0,400,Buy,234369528
2024-08-23 13:36:54,17800.0,2000,Buy,234369575
2024-08-23 13:36:59,17800.0,100,Buy,234369763
2024-08-23 13:37:02,17800.0,300,Buy,234369970
2024-08-23 13:37:02,17800.0,2700,Buy,234369974
2024-08-23 13:37:07,17800.0,1700,Buy,234370301
2024-08-23 13:37:07,17800.0,100,Buy,234370300
2024-08-23 13:37:11,17800.0,500,Buy,234370461
2024-08-23 13:37:21,17800.0,400,Sell,234371126
2024-08-23 13:37:38,17800.0,10000,Sell,234372040
2024-08-23 13:37:44,17800.0,500,Sell,234372439
2024-08-23 13:37:44,17800.0,10000,Sell,234372435
2024-08-23 13:37:44,17800.0,500,Sell,234372438
2024-08-23 13:37:44,17800.0,2000,Sell,234372436
2024-08-23 13:37:44,17800.0,1000,Sell,234372434
2024-08-23 13:37:44,17800.0,2000,Sell,234372429
2024-08-23 13:37:44,17800.0,500,Sell,234372432
2024-08-23 13:37:44,17800.0,100,Sell,234372428
2024-08-23 13:37:44,17800.0,3000,Sell,234372433
2024-08-23 13:37:44,17800.0,500,Sell,234372431
2024-08-23 13:37:44,17800.0,2500,Sell,234372430
2024-08-23 13:37:57,17800.0,3300,Buy,234373124
2024-08-23 13:37:58,17800.0,500,Buy,234373159
2024-08-23 13:38:08,17800.0,2000,Buy,234373647
2024-08-23 13:38:10,17800.0,1600,Buy,234373681
2024-08-23 13:38:10,17800.0,400,Buy,234373682
2024-08-23 13:38:20,17800.0,400,Buy,234374082
2024-08-23 13:38:21,17800.0,10000,Buy,234374136
2024-08-23 13:38:23,17800.0,100,Buy,234374204
2024-08-23 13:38:24,17800.0,1900,Buy,234374266
2024-08-23 13:38:24,17800.0,11500,Buy,234374267
2024-08-23 13:38:24,17800.0,100,Buy,234374268
2024-08-23 13:38:24,17800.0,25400,Buy,234374269
2024-08-23 13:38:24,17800.0,4100,Buy,234374265
2024-08-23 13:38:29,17800.0,100,Sell,234374508
2024-08-23 13:38:35,17800.0,100,Sell,234374708
2024-08-23 13:38:35,17800.0,1800,Sell,234374707
2024-08-23 13:38:35,17800.0,6900,Sell,234374706
2024-08-23 13:38:40,17800.0,6000,Buy,234374871
2024-08-23 13:38:51,17800.0,100,Buy,234375332
2024-08-23 13:38:52,17800.0,500,Buy,234375426
2024-08-23 13:38:55,17850.0,20600,Buy,234375528
2024-08-23 13:38:55,17850.0,1000,Buy,234375527
2024-08-23 13:38:55,17850.0,1000,Buy,234375526
2024-08-23 13:38:55,17850.0,1000,Buy,234375525
2024-08-23 13:38:55,17850.0,4200,Buy,234375523
2024-08-23 13:38:55,17850.0,100,Buy,234375521
2024-08-23 13:38:55,17850.0,2500,Buy,234375520
2024-08-23 13:38:55,17850.0,5000,Buy,234375519
2024-08-23 13:38:55,17850.0,10000,Buy,234375518
2024-08-23 13:38:55,17850.0,1000,Buy,234375517
2024-08-23 13:38:55,17850.0,500,Buy,234375516
2024-08-23 13:38:55,17850.0,200,Buy,234375524
2024-08-23 13:38:55,17850.0,100,Buy,234375514
2024-08-23 13:38:55,17850.0,1400,Buy,234375515
2024-08-23 13:38:55,17800.0,3100,Buy,234375501
2024-08-23 13:38:55,17800.0,500,Buy,234375505
2024-08-23 13:38:55,17800.0,10000,Buy,234375506
2024-08-23 13:38:55,17850.0,1900,Buy,234375507
2024-08-23 13:38:55,17850.0,9500,Buy,234375508
2024-08-23 13:38:55,17850.0,400,Buy,234375522
2024-08-23 13:38:55,17850.0,10000,Buy,234375509
2024-08-23 13:38:55,17850.0,500,Buy,234375510
2024-08-23 13:38:55,17850.0,3000,Buy,234375511
2024-08-23 13:38:55,17850.0,500,Buy,234375512
2024-08-23 13:38:55,17850.0,12000,Buy,234375513
2024-08-23 13:38:57,17800.0,2400,Sell,234375596
2024-08-23 13:39:02,17800.0,7700,Buy,234375876
2024-08-23 13:39:05,17800.0,5000,Buy,234375951
2024-08-23 13:39:05,17800.0,100,Buy,234375959
2024-08-23 13:39:06,17800.0,1000,Buy,234375973
2024-08-23 13:39:11,17800.0,1000,Sell,234376230
2024-08-23 13:39:11,17800.0,200,Sell,234376229
2024-08-23 13:39:11,17800.0,5700,Sell,234376227
2024-08-23 13:39:11,17800.0,1800,Sell,234376226
2024-08-23 13:39:11,17800.0,1000,Sell,234376228
2024-08-23 13:39:12,17800.0,3000,Buy,234376288
2024-08-23 13:39:15,17800.0,1100,Buy,234376391
2024-08-23 13:39:18,17800.0,100,Sell,234376491
2024-08-23 13:39:20,17800.0,4900,Sell,234376530
2024-08-23 13:39:20,17800.0,100,Sell,234376531
2024-08-23 13:39:22,17800.0,8100,Sell,234376644
2024-08-23 13:39:22,17800.0,2000,Sell,234376642
2024-08-23 13:39:22,17800.0,900,Sell,234376641
2024-08-23 13:39:22,17800.0,10000,Sell,234376643
2024-08-23 13:39:27,17800.0,1900,Sell,234376847
2024-08-23 13:39:27,17800.0,1000,Sell,234376848
2024-08-23 13:39:27,17800.0,500,Sell,234376849
2024-08-23 13:39:27,17800.0,300,Sell,234376850
2024-08-23 13:39:27,17800.0,300,Sell,234376851
2024-08-23 13:39:27,17800.0,700,Sell,234376860
2024-08-23 13:39:35,17800.0,5000,Buy,234377082
2024-08-23 13:39:38,17800.0,500,Buy,234377197
2024-08-23 13:39:44,17800.0,200,Buy,234377447
2024-08-23 13:39:50,17800.0,400,Buy,234377720
2024-08-23 13:39:55,17800.0,100,Buy,234377895
2024-08-23 13:40:00,17800.0,1000,Buy,234378233
2024-08-23 13:40:03,17800.0,1100,Buy,234378364
2024-08-23 13:40:03,17800.0,3900,Buy,234378365
2024-08-23 13:40:05,17800.0,500,Buy,234378411
2024-08-23 13:40:09,17800.0,600,Buy,234378589
2024-08-23 13:40:09,17800.0,1400,Buy,234378590
2024-08-23 13:40:12,17800.0,100,Buy,234378720
2024-08-23 13:40:13,17800.0,200,Buy,234378776
2024-08-23 13:40:19,17800.0,2000,Buy,234379050
2024-08-23 13:40:22,17800.0,6500,Buy,234379158
2024-08-23 13:40:22,17800.0,600,Buy,234379159
2024-08-23 13:40:22,17800.0,6300,Buy,234379157
2024-08-23 13:40:25,17800.0,3000,Buy,234379302
2024-08-23 13:40:29,17800.0,100,Buy,234379434
2024-08-23 13:40:34,17800.0,4700,Buy,234379643
2024-08-23 13:40:37,17800.0,5000,Buy,234379735
2024-08-23 13:40:37,17800.0,800,Buy,234379736
2024-08-23 13:40:37,17800.0,2600,Buy,234379733
2024-08-23 13:40:37,17800.0,1300,Buy,234379734
2024-08-23 13:41:15,17800.0,9100,Sell,234381166
2024-08-23 13:41:24,17800.0,20000,Sell,234381614
2024-08-23 13:41:45,17800.0,12500,Sell,234382351
2024-08-23 13:41:58,17800.0,1000,Sell,234382710
2024-08-23 13:41:58,17800.0,800,Sell,234382714
2024-08-23 13:41:58,17800.0,100,Sell,234382713
2024-08-23 13:41:58,17800.0,500,Sell,234382709
2024-08-23 13:41:58,17800.0,5000,Sell,234382712
2024-08-23 13:41:58,17800.0,2000,Sell,234382707
2024-08-23 13:41:58,17800.0,300,Sell,234382708
2024-08-23 13:41:58,17800.0,8700,Sell,234382704
2024-08-23 13:41:58,17800.0,3000,Sell,234382711
2024-08-23 13:41:58,17800.0,3000,Sell,234382706
2024-08-23 13:41:58,17800.0,600,Sell,234382705
2024-08-23 13:42:03,17800.0,500,Sell,234382843
2024-08-23 13:42:06,17800.0,2000,Sell,234382957
2024-08-23 13:42:12,17800.0,1700,Sell,234383171
2024-08-23 13:42:12,17800.0,100,Sell,234383172
2024-08-23 13:42:12,17800.0,100,Sell,234383173
2024-08-23 13:42:19,17800.0,100,Buy,234383319
2024-08-23 13:42:23,17800.0,500,Buy,234383435
2024-08-23 13:42:26,17800.0,100,Buy,234383546
2024-08-23 13:42:29,17800.0,900,Buy,234383651
2024-08-23 13:42:33,17800.0,600,Buy,234383775
2024-08-23 13:42:36,17800.0,900,Buy,234383881
2024-08-23 13:42:36,17800.0,10000,Buy,234383882
2024-08-23 13:42:36,17800.0,3100,Buy,234383883
2024-08-23 13:42:39,17800.0,300,Buy,234383977
2024-08-23 13:42:42,17800.0,100,Buy,234384018
2024-08-23 13:42:46,17800.0,2000,Buy,234384179
2024-08-23 13:42:51,17800.0,1000,Buy,234384350
2024-08-23 13:43:06,17800.0,1000,Buy,234384975
2024-08-23 13:43:12,17800.0,500,Buy,234385150
2024-08-23 13:43:13,17800.0,200,Buy,234385175
2024-08-23 13:43:15,17800.0,3100,Buy,234385256
2024-08-23 13:43:15,17800.0,1800,Buy,234385255
2024-08-23 13:43:19,17800.0,300,Buy,234385400
2024-08-23 13:43:24,17800.0,1000,Buy,234385548
2024-08-23 13:43:49,17800.0,100,Buy,234386357
2024-08-23 13:43:53,17800.0,500,Buy,234386456
2024-08-23 13:43:53,17800.0,600,Buy,234386457
2024-08-23 13:43:53,17800.0,400,Buy,234386458
2024-08-23 13:43:53,17800.0,8500,Buy,234386459
2024-08-23 13:44:07,17800.0,2500,Buy,234386908
2024-08-23 13:44:07,17800.0,600,Buy,234386906
2024-08-23 13:44:07,17800.0,1500,Buy,234386907
2024-08-23 13:44:07,17800.0,11500,Buy,234386905
2024-08-23 13:44:13,17800.0,15900,Sell,234387106
2024-08-23 13:44:33,17800.0,1000,Sell,234387694
2024-08-23 13:44:49,17800.0,10200,Sell,234388195
2024-08-23 13:44:59,17800.0,8000,Sell,234388492
2024-08-23 13:45:06,17800.0,900,Sell,234388789
2024-08-23 13:45:10,17800.0,3000,Sell,234388913
2024-08-23 13:45:12,17800.0,5000,Sell,234388976
2024-08-23 13:45:14,17800.0,6100,Sell,234389028
2024-08-23 13:45:22,17800.0,100,Sell,234389324
2024-08-23 13:45:41,17800.0,1500,Sell,234390098
2024-08-23 13:46:10,17850.0,300,Buy,234390990
2024-08-23 13:46:26,17850.0,5000,Buy,234391493
2024-08-23 13:46:32,17800.0,100,Sell,234391652
2024-08-23 13:47:12,17800.0,500,Sell,234392943
2024-08-23 13:47:13,17800.0,100,Sell,234392984
2024-08-23 13:47:32,17800.0,100,Sell,234393478
2024-08-23 13:47:42,17800.0,300,Sell,234393774
2024-08-23 13:48:49,17800.0,2000,Sell,234395824
2024-08-23 13:48:52,17800.0,500,Sell,234395896
2024-08-23 13:48:54,17800.0,8000,Sell,234395940
2024-08-23 13:49:00,17800.0,2000,Sell,234396116
2024-08-23 13:49:57,17800.0,500,Sell,234398038
