time,price,volume,match_type,id
2024-08-16 09:14:37,17150.0,8100,ATO/ATC,231987709
2024-08-16 09:14:42,17150.0,4000,Sell,231987950
2024-08-16 09:15:14,17150.0,200,Sell,231988350
2024-08-16 09:16:48,17150.0,2000,Sell,231990214
2024-08-16 09:17:40,17150.0,500,Sell,231991394
2024-08-16 09:18:13,17150.0,200,Sell,231992232
2024-08-16 09:18:13,17150.0,1500,Sell,231992230
2024-08-16 09:18:13,17150.0,300,Sell,231992231
2024-08-16 09:19:50,17150.0,8900,Sell,231994101
2024-08-16 09:19:50,17150.0,800,Sell,231994098
2024-08-16 09:19:50,17150.0,10000,Sell,231994099
2024-08-16 09:19:50,17150.0,300,Sell,231994100
2024-08-16 09:20:35,17150.0,800,Sell,231995138
2024-08-16 09:20:35,17150.0,300,Sell,231995148
2024-08-16 09:20:35,17150.0,1100,Sell,231995137
2024-08-16 09:20:35,17150.0,200,Sell,231995146
2024-08-16 09:20:35,17150.0,2000,Sell,231995145
2024-08-16 09:20:35,17150.0,2600,Sell,231995144
2024-08-16 09:20:35,17150.0,500,Sell,231995147
2024-08-16 09:20:35,17150.0,1000,Sell,231995142
2024-08-16 09:20:35,17150.0,200,Sell,231995141
2024-08-16 09:20:35,17150.0,2000,Sell,231995140
2024-08-16 09:20:35,17150.0,1000,Sell,231995139
2024-08-16 09:20:35,17150.0,100,Sell,231995143
2024-08-16 09:20:38,17150.0,1000,Buy,231995229
2024-08-16 09:21:01,17150.0,7200,Buy,231995655
2024-08-16 09:21:18,17150.0,2000,Sell,231995979
2024-08-16 09:21:38,17150.0,800,Sell,231996294
2024-08-16 09:21:38,17150.0,200,Sell,231996295
2024-08-16 09:22:52,17150.0,100,Sell,231997562
2024-08-16 09:23:29,17150.0,100,Sell,231998127
2024-08-16 09:23:29,17150.0,8200,Sell,231998128
2024-08-16 09:23:29,17150.0,100,Sell,231998125
2024-08-16 09:23:29,17150.0,7900,Sell,231998126
2024-08-16 09:23:29,17150.0,3700,Sell,231998124
2024-08-16 09:23:37,17150.0,5000,Sell,231998322
2024-08-16 09:23:38,17150.0,100,Sell,231998351
2024-08-16 09:23:38,17150.0,2000,Sell,231998352
2024-08-16 09:23:38,17150.0,500,Sell,231998353
2024-08-16 09:23:38,17150.0,600,Sell,231998354
2024-08-16 09:23:38,17150.0,1800,Sell,231998350
2024-08-16 09:23:52,17150.0,1000,Sell,231998615
2024-08-16 09:24:11,17150.0,5000,Sell,231998976
2024-08-16 09:24:11,17150.0,500,Sell,231998977
2024-08-16 09:24:11,17150.0,400,Sell,231998974
2024-08-16 09:24:11,17150.0,100,Sell,231998975
2024-08-16 09:25:06,17150.0,4300,Buy,231999987
2024-08-16 09:25:07,17150.0,100,Buy,232000005
2024-08-16 09:25:10,17150.0,300,Buy,232000079
2024-08-16 09:25:13,17150.0,300,Buy,232000109
2024-08-16 09:25:32,17150.0,9000,Buy,232000455
2024-08-16 09:25:32,17150.0,600,Buy,232000456
2024-08-16 09:25:32,17150.0,400,Buy,232000457
2024-08-16 09:26:36,17150.0,1800,Buy,232001529
2024-08-16 09:26:36,17150.0,2000,Buy,232001530
2024-08-16 09:27:09,17150.0,300,Sell,232002027
2024-08-16 09:27:15,17150.0,100,Sell,232002083
2024-08-16 09:27:15,17150.0,5900,Sell,232002082
2024-08-16 09:27:54,17150.0,900,Buy,232002832
2024-08-16 09:27:54,17150.0,100,Buy,232002833
2024-08-16 09:28:26,17150.0,300,Buy,232003384
2024-08-16 09:28:52,17150.0,100,Sell,232003849
2024-08-16 09:29:03,17150.0,600,Sell,232004080
2024-08-16 09:29:03,17150.0,300,Sell,232004081
2024-08-16 09:30:23,17150.0,300,Sell,232005408
2024-08-16 09:31:23,17200.0,1000,Buy,232006329
2024-08-16 09:31:43,17200.0,1000,Buy,232006629
2024-08-16 09:32:24,17200.0,500,Buy,232007365
2024-08-16 09:33:15,17200.0,200,Buy,232008346
2024-08-16 09:34:29,17200.0,100,Buy,232009864
2024-08-16 09:34:57,17150.0,200,Sell,232010549
2024-08-16 09:36:51,17150.0,2000,Sell,232013307
2024-08-16 09:37:08,17150.0,25000,Sell,232013851
2024-08-16 09:37:43,17150.0,300,Sell,232014840
2024-08-16 09:38:09,17150.0,2000,Sell,232015716
2024-08-16 09:39:51,17200.0,9200,Buy,232019914
2024-08-16 09:39:51,17200.0,500,Buy,232019915
2024-08-16 09:39:51,17200.0,100,Buy,232019916
2024-08-16 09:39:51,17200.0,200,Buy,232019917
2024-08-16 09:40:02,17200.0,400,Buy,232020396
2024-08-16 09:40:02,17200.0,200,Buy,232020395
2024-08-16 09:40:02,17200.0,100,Buy,232020394
2024-08-16 09:40:02,17200.0,700,Buy,232020393
2024-08-16 09:40:02,17200.0,2000,Buy,232020391
2024-08-16 09:40:02,17200.0,200,Buy,232020390
2024-08-16 09:40:02,17200.0,1000,Buy,232020389
2024-08-16 09:40:02,17200.0,4800,Buy,232020388
2024-08-16 09:40:02,17200.0,600,Buy,232020392
2024-08-16 09:40:04,17200.0,200,Buy,232020459
2024-08-16 09:40:04,17200.0,500,Buy,232020460
2024-08-16 09:40:04,17200.0,600,Buy,232020461
2024-08-16 09:40:04,17200.0,200,Buy,232020462
2024-08-16 09:40:14,17200.0,6000,Buy,232020992
2024-08-16 09:40:32,17200.0,200,Buy,232021957
2024-08-16 09:41:12,17150.0,100,Sell,232023875
2024-08-16 09:41:30,17200.0,2000,Buy,232024587
2024-08-16 09:41:34,17150.0,400,Sell,232024765
2024-08-16 09:41:34,17150.0,14000,Sell,232024764
2024-08-16 09:41:34,17150.0,200,Sell,232024763
2024-08-16 09:41:34,17150.0,500,Sell,232024762
2024-08-16 09:41:34,17150.0,100,Sell,232024761
2024-08-16 09:41:34,17150.0,1100,Sell,232024760
2024-08-16 09:41:34,17150.0,100,Sell,232024759
2024-08-16 09:41:34,17150.0,300,Sell,232024766
2024-08-16 09:41:34,17150.0,1000,Sell,232024758
2024-08-16 09:41:34,17150.0,800,Sell,232024755
2024-08-16 09:41:34,17150.0,100,Sell,232024756
2024-08-16 09:41:34,17150.0,500,Sell,232024757
2024-08-16 09:41:34,17150.0,400,Sell,232024748
2024-08-16 09:41:34,17150.0,10000,Sell,232024749
2024-08-16 09:41:34,17150.0,400,Sell,232024750
2024-08-16 09:41:34,17150.0,2000,Sell,232024754
2024-08-16 09:41:34,17150.0,100,Sell,232024752
2024-08-16 09:41:34,17150.0,100,Sell,232024751
2024-08-16 09:41:34,17150.0,1600,Sell,232024753
2024-08-16 09:42:38,17150.0,3700,Sell,232027664
2024-08-16 09:42:49,17200.0,1000,Buy,232028131
2024-08-16 09:42:49,17200.0,2000,Buy,232028132
2024-08-16 09:42:49,17200.0,400,Buy,232028133
2024-08-16 09:42:49,17200.0,1000,Buy,232028134
2024-08-16 09:42:49,17200.0,1500,Buy,232028135
2024-08-16 09:42:49,17200.0,1100,Buy,232028136
2024-08-16 09:42:49,17200.0,10000,Buy,232028138
2024-08-16 09:42:49,17200.0,1600,Buy,232028130
2024-08-16 09:42:49,17200.0,100,Buy,232028137
2024-08-16 09:43:25,17200.0,800,Sell,232029531
2024-08-16 09:43:43,17250.0,1000,Buy,232030387
2024-08-16 09:44:08,17200.0,300,Sell,232031273
2024-08-16 09:44:24,17250.0,200,Buy,232031926
2024-08-16 09:44:25,17250.0,1400,Buy,232031946
2024-08-16 09:44:36,17250.0,1500,Buy,232032324
2024-08-16 09:44:43,17200.0,10000,Sell,232032602
2024-08-16 09:46:12,17200.0,1000,Sell,232035080
2024-08-16 09:46:34,17200.0,100,Sell,232035644
2024-08-16 09:46:42,17200.0,10000,Sell,232035894
2024-08-16 09:46:53,17200.0,300,Sell,232036165
2024-08-16 09:47:35,17200.0,5300,Sell,232037135
2024-08-16 09:48:21,17200.0,3300,Sell,232038287
2024-08-16 09:48:21,17200.0,200,Sell,232038288
2024-08-16 09:48:21,17200.0,500,Sell,232038289
2024-08-16 09:48:21,17200.0,200,Sell,232038290
2024-08-16 09:48:21,17200.0,100,Sell,232038291
2024-08-16 09:48:21,17200.0,700,Sell,232038292
2024-08-16 09:48:25,17200.0,99300,Sell,232038399
2024-08-16 09:48:25,17200.0,700,Sell,232038400
2024-08-16 09:48:34,17200.0,300,Sell,232038609
2024-08-16 09:48:34,17200.0,1500,Sell,232038610
2024-08-16 09:48:47,17200.0,500,Buy,232038934
2024-08-16 09:49:00,17200.0,100,Buy,232039227
2024-08-16 09:49:30,17200.0,1000,Buy,232040034
2024-08-16 09:50:16,17200.0,1000,Buy,232041190
2024-08-16 09:52:40,17200.0,600,Buy,232044705
2024-08-16 09:52:40,17200.0,400,Buy,232044706
2024-08-16 09:53:02,17200.0,900,Buy,232045266
2024-08-16 09:53:02,17200.0,1100,Buy,232045267
2024-08-16 09:53:41,17200.0,200,Buy,232046251
2024-08-16 09:53:41,17200.0,800,Buy,232046250
2024-08-16 09:53:41,17200.0,200,Buy,232046252
2024-08-16 09:53:55,17200.0,300,Sell,232046596
2024-08-16 09:53:55,17150.0,200,Sell,232046597
2024-08-16 09:54:27,17200.0,100,Sell,232047479
2024-08-16 09:54:39,17200.0,900,Buy,232047766
2024-08-16 09:56:49,17200.0,1000,Buy,232050372
2024-08-16 09:57:24,17200.0,1000,Buy,232051069
2024-08-16 09:57:24,17200.0,2100,Buy,232051070
2024-08-16 09:57:25,17200.0,100,Buy,232051137
2024-08-16 09:57:25,17200.0,5000,Buy,232051136
2024-08-16 09:57:25,17200.0,7900,Buy,232051135
2024-08-16 09:57:40,17200.0,900,Buy,232051461
2024-08-16 09:57:40,17200.0,2100,Buy,232051462
2024-08-16 09:57:49,17150.0,2000,Sell,232051574
2024-08-16 09:57:50,17200.0,2000,Buy,232051587
2024-08-16 09:57:58,17200.0,1000,Buy,232051715
2024-08-16 09:58:05,17200.0,1000,Buy,232051836
2024-08-16 09:58:07,17200.0,300,Buy,232051846
2024-08-16 09:58:10,17200.0,500,Buy,232051899
2024-08-16 09:58:22,17200.0,1000,Buy,232052134
2024-08-16 09:59:29,17200.0,100,Buy,232053528
2024-08-16 09:59:29,17200.0,1000,Buy,232053529
2024-08-16 09:59:29,17200.0,200,Buy,232053530
2024-08-16 09:59:29,17200.0,1700,Buy,232053531
2024-08-16 10:00:41,17200.0,1000,Buy,232055189
2024-08-16 10:00:50,17200.0,200,Buy,232055474
2024-08-16 10:01:01,17200.0,500,Buy,232055682
2024-08-16 10:01:44,17200.0,3700,Buy,232056553
2024-08-16 10:01:44,17200.0,1000,Buy,232056552
2024-08-16 10:01:44,17200.0,1300,Buy,232056551
2024-08-16 10:01:44,17200.0,3500,Buy,232056549
2024-08-16 10:01:44,17200.0,500,Buy,232056550
2024-08-16 10:02:55,17200.0,300,Buy,232058694
2024-08-16 10:02:59,17200.0,100,Buy,232058777
2024-08-16 10:02:59,17200.0,100,Buy,232058778
2024-08-16 10:02:59,17200.0,1900,Buy,232058779
2024-08-16 10:03:21,17200.0,400,Sell,232059219
2024-08-16 10:04:19,17250.0,1000,Buy,232060487
2024-08-16 10:04:30,17200.0,2000,Sell,232060746
2024-08-16 10:06:59,17200.0,900,Sell,232064562
2024-08-16 10:09:33,17250.0,500,Buy,232068928
2024-08-16 10:09:33,17250.0,2700,Buy,232068931
2024-08-16 10:09:33,17250.0,900,Buy,232068927
2024-08-16 10:09:33,17250.0,400,Buy,232068929
2024-08-16 10:09:33,17250.0,500,Buy,232068930
2024-08-16 10:09:43,17250.0,2700,Buy,232069187
2024-08-16 10:09:43,17250.0,2300,Buy,232069186
2024-08-16 10:09:49,17250.0,100,Buy,232069387
2024-08-16 10:09:51,17250.0,2200,Buy,232069443
2024-08-16 10:09:51,17250.0,2000,Buy,232069444
2024-08-16 10:09:51,17250.0,100,Buy,232069445
2024-08-16 10:09:51,17250.0,100,Buy,232069446
2024-08-16 10:09:51,17250.0,100,Buy,232069447
2024-08-16 10:09:51,17250.0,200,Buy,232069448
2024-08-16 10:09:51,17250.0,300,Buy,232069449
2024-08-16 10:09:55,17250.0,2000,Buy,232069606
2024-08-16 10:10:21,17250.0,1500,Buy,232070422
2024-08-16 10:10:21,17250.0,500,Buy,232070421
2024-08-16 10:10:21,17250.0,2700,Buy,232070419
2024-08-16 10:10:21,17250.0,300,Buy,232070420
2024-08-16 10:10:39,17250.0,600,Buy,232071003
2024-08-16 10:10:41,17200.0,2200,Sell,232071083
2024-08-16 10:10:43,17250.0,100,Buy,232071161
2024-08-16 10:10:54,17250.0,100,Buy,232071588
2024-08-16 10:11:19,17250.0,100,Buy,232072380
2024-08-16 10:11:46,17200.0,2200,Sell,232073373
2024-08-16 10:11:50,17250.0,200,Buy,232073512
2024-08-16 10:11:50,17250.0,300,Buy,232073511
2024-08-16 10:11:50,17250.0,200,Buy,232073510
2024-08-16 10:11:50,17250.0,200,Buy,232073508
2024-08-16 10:11:50,17250.0,400,Buy,232073507
2024-08-16 10:11:50,17250.0,600,Buy,232073506
2024-08-16 10:11:50,17250.0,100,Buy,232073509
2024-08-16 10:11:59,17250.0,800,Buy,232073878
2024-08-16 10:11:59,17250.0,100,Buy,232073886
2024-08-16 10:11:59,17250.0,1000,Buy,232073887
2024-08-16 10:11:59,17250.0,100,Buy,232073888
2024-08-16 10:11:59,17250.0,1500,Buy,232073889
2024-08-16 10:11:59,17250.0,1500,Buy,232073890
2024-08-16 10:12:02,17250.0,200,Buy,232073982
2024-08-16 10:12:09,17250.0,500,Buy,232074175
2024-08-16 10:12:09,17250.0,200,Buy,232074176
2024-08-16 10:12:09,17250.0,10000,Buy,232074177
2024-08-16 10:12:09,17250.0,3000,Buy,232074178
2024-08-16 10:12:09,17250.0,3200,Buy,232074179
2024-08-16 10:12:09,17250.0,1800,Buy,232074180
2024-08-16 10:12:09,17250.0,3300,Buy,232074174
2024-08-16 10:12:09,17250.0,2200,Buy,232074181
2024-08-16 10:12:14,17250.0,9200,Buy,232074329
2024-08-16 10:12:14,17250.0,800,Buy,232074328
2024-08-16 10:12:22,17250.0,500,Buy,232074573
2024-08-16 10:12:22,17250.0,1900,Buy,232074570
2024-08-16 10:12:22,17250.0,200,Buy,232074571
2024-08-16 10:12:22,17250.0,500,Buy,232074572
2024-08-16 10:12:30,17250.0,3000,Sell,232074782
2024-08-16 10:12:51,17250.0,3400,Sell,232075408
2024-08-16 10:13:06,17250.0,500,Sell,232075885
2024-08-16 10:13:06,17250.0,1000,Sell,232075886
2024-08-16 10:13:06,17250.0,1900,Sell,232075887
2024-08-16 10:13:06,17250.0,600,Sell,232075888
2024-08-16 10:13:42,17250.0,1900,Sell,232077570
2024-08-16 10:13:42,17250.0,100,Sell,232077571
2024-08-16 10:14:40,17250.0,100,Sell,232080004
2024-08-16 10:14:45,17300.0,100,Buy,232080217
2024-08-16 10:14:45,17300.0,800,Buy,232080218
2024-08-16 10:14:45,17300.0,2000,Buy,232080215
2024-08-16 10:14:45,17300.0,100,Buy,232080216
2024-08-16 10:14:58,17250.0,300,Sell,232080906
2024-08-16 10:15:19,17300.0,1900,Buy,232082061
2024-08-16 10:15:24,17250.0,1000,Sell,232082415
2024-08-16 10:15:53,17300.0,200,Buy,232083953
2024-08-16 10:16:05,17300.0,5000,Buy,232084465
2024-08-16 10:16:07,17300.0,1500,Buy,232084575
2024-08-16 10:16:07,17300.0,2900,Buy,232084581
2024-08-16 10:16:07,17300.0,500,Buy,232084580
2024-08-16 10:16:07,17300.0,1000,Buy,232084579
2024-08-16 10:16:07,17300.0,300,Buy,232084578
2024-08-16 10:16:07,17300.0,200,Buy,232084577
2024-08-16 10:16:07,17300.0,100,Buy,232084576
2024-08-16 10:16:07,17300.0,500,Buy,232084574
2024-08-16 10:16:07,17300.0,200,Buy,232084565
2024-08-16 10:16:07,17300.0,500,Buy,232084572
2024-08-16 10:16:07,17300.0,5000,Buy,232084571
2024-08-16 10:16:07,17300.0,5000,Buy,232084570
2024-08-16 10:16:07,17300.0,1000,Buy,232084569
2024-08-16 10:16:07,17300.0,1000,Buy,232084568
2024-08-16 10:16:07,17300.0,1000,Buy,232084567
2024-08-16 10:16:07,17300.0,1000,Buy,232084566
2024-08-16 10:16:07,17300.0,200,Buy,232084573
2024-08-16 10:16:07,17300.0,8100,Buy,232084563
2024-08-16 10:16:08,17300.0,2100,Buy,232084593
2024-08-16 10:16:08,17300.0,7900,Buy,232084594
2024-08-16 10:16:08,17300.0,1000,Buy,232084605
2024-08-16 10:16:09,17300.0,1000,Buy,232084685
2024-08-16 10:16:12,17300.0,100,Buy,232084840
2024-08-16 10:16:12,17300.0,100,Buy,232084839
2024-08-16 10:16:14,17300.0,900,Buy,232084927
2024-08-16 10:16:14,17300.0,400,Buy,232084928
2024-08-16 10:16:14,17300.0,700,Buy,232084929
2024-08-16 10:16:19,17300.0,1300,Buy,232085191
2024-08-16 10:16:19,17300.0,200,Buy,232085190
2024-08-16 10:16:19,17300.0,1100,Buy,232085186
2024-08-16 10:16:19,17300.0,1000,Buy,232085188
2024-08-16 10:16:19,17300.0,400,Buy,232085187
2024-08-16 10:16:19,17300.0,1000,Buy,232085189
2024-08-16 10:16:23,17300.0,4000,Buy,232085466
2024-08-16 10:16:23,17300.0,1100,Buy,232085467
2024-08-16 10:16:23,17300.0,700,Buy,232085468
2024-08-16 10:16:23,17300.0,200,Buy,232085469
2024-08-16 10:16:27,17300.0,100,Buy,232085665
2024-08-16 10:16:27,17300.0,4400,Buy,232085663
2024-08-16 10:16:27,17300.0,600,Buy,232085662
2024-08-16 10:16:27,17300.0,500,Buy,232085661
2024-08-16 10:16:27,17300.0,200,Buy,232085660
2024-08-16 10:16:27,17300.0,500,Buy,232085659
2024-08-16 10:16:27,17300.0,1000,Buy,232085666
2024-08-16 10:16:27,17300.0,100,Buy,232085657
2024-08-16 10:16:27,17300.0,500,Buy,232085658
2024-08-16 10:16:27,17300.0,100,Buy,232085611
2024-08-16 10:16:27,17300.0,700,Buy,232085653
2024-08-16 10:16:27,17300.0,200,Buy,232085664
2024-08-16 10:16:27,17300.0,100,Buy,232085654
2024-08-16 10:16:27,17300.0,600,Buy,232085655
2024-08-16 10:16:27,17300.0,500,Buy,232085656
2024-08-16 10:16:28,17300.0,1000,Buy,232085678
2024-08-16 10:16:31,17300.0,300,Buy,232085849
2024-08-16 10:16:31,17300.0,100,Buy,232085850
2024-08-16 10:16:34,17350.0,500,Buy,232086115
2024-08-16 10:16:34,17350.0,600,Buy,232086116
2024-08-16 10:16:34,17350.0,36000,Buy,232086112
2024-08-16 10:16:34,17350.0,2000,Buy,232086111
2024-08-16 10:16:34,17350.0,600,Buy,232086113
2024-08-16 10:16:34,17350.0,400,Buy,232086114
2024-08-16 10:16:50,17350.0,2000,Buy,232086955
2024-08-16 10:16:56,17300.0,600,Sell,232087239
2024-08-16 10:16:56,17300.0,100,Sell,232087240
2024-08-16 10:16:56,17300.0,300,Sell,232087241
2024-08-16 10:17:16,17350.0,1900,Buy,232088438
2024-08-16 10:17:34,17300.0,2200,Sell,232089624
2024-08-16 10:17:55,17300.0,500,Sell,232090845
2024-08-16 10:17:55,17300.0,1700,Sell,232090846
2024-08-16 10:18:10,17350.0,200,Buy,232091859
2024-08-16 10:18:10,17350.0,1500,Buy,232091830
2024-08-16 10:18:17,17300.0,2200,Sell,232092382
2024-08-16 10:18:28,17350.0,300,Buy,232093140
2024-08-16 10:18:46,17300.0,1100,Sell,232094374
2024-08-16 10:18:46,17300.0,900,Sell,232094375
2024-08-16 10:18:55,17300.0,200,Sell,232094991
2024-08-16 10:18:55,17300.0,1100,Sell,232094988
2024-08-16 10:18:55,17300.0,100,Sell,232094989
2024-08-16 10:18:55,17300.0,800,Sell,232094990
2024-08-16 10:19:05,17300.0,200,Sell,232095607
2024-08-16 10:19:06,17300.0,2600,Sell,232095613
2024-08-16 10:19:06,17300.0,400,Sell,232095614
2024-08-16 10:19:09,17300.0,1000,Sell,232095782
2024-08-16 10:19:16,17300.0,2200,Sell,232096282
2024-08-16 10:19:46,17350.0,400,Buy,232098262
2024-08-16 10:20:09,17350.0,3100,Buy,232100006
2024-08-16 10:20:09,17350.0,1700,Buy,232100007
2024-08-16 10:20:24,17300.0,200,Sell,232100953
2024-08-16 10:20:24,17300.0,1000,Sell,232100954
2024-08-16 10:20:24,17300.0,1000,Sell,232100955
2024-08-16 10:20:34,17300.0,200,Sell,232101515
2024-08-16 10:20:46,17300.0,2200,Sell,232102376
2024-08-16 10:20:55,17300.0,100,Sell,232102969
2024-08-16 10:21:08,17300.0,1000,Sell,232104045
2024-08-16 10:21:32,17300.0,5100,Sell,232105748
2024-08-16 10:21:32,17300.0,500,Sell,232105746
2024-08-16 10:21:32,17300.0,100,Sell,232105747
2024-08-16 10:21:45,17350.0,800,Buy,232106668
2024-08-16 10:21:56,17350.0,3100,Buy,232107496
2024-08-16 10:21:56,17350.0,200,Buy,232107497
2024-08-16 10:21:56,17350.0,400,Buy,232107498
2024-08-16 10:21:56,17350.0,1400,Buy,232107499
2024-08-16 10:22:06,17350.0,1000,Buy,232108330
2024-08-16 10:22:09,17350.0,2600,Buy,232108626
2024-08-16 10:22:09,17350.0,200,Buy,232108627
2024-08-16 10:22:13,17350.0,6500,Buy,232108872
2024-08-16 10:22:13,17350.0,100,Buy,232108871
2024-08-16 10:22:13,17350.0,700,Buy,232108870
2024-08-16 10:22:13,17350.0,1000,Buy,232108869
2024-08-16 10:22:13,17350.0,400,Buy,232108867
2024-08-16 10:22:13,17350.0,300,Buy,232108866
2024-08-16 10:22:13,17350.0,1000,Buy,232108868
2024-08-16 10:22:14,17350.0,6000,Buy,232108986
2024-08-16 10:22:28,17350.0,17500,Buy,232109865
2024-08-16 10:22:28,17350.0,200,Buy,232109866
2024-08-16 10:22:28,17350.0,300,Buy,232109867
2024-08-16 10:22:28,17350.0,12000,Buy,232109868
2024-08-16 10:22:34,17350.0,5000,Buy,232110229
2024-08-16 10:22:35,17350.0,1700,Buy,232110263
2024-08-16 10:22:43,17350.0,700,Buy,232110816
2024-08-16 10:22:54,17350.0,300,Buy,232111620
2024-08-16 10:22:54,17350.0,1000,Buy,232111619
2024-08-16 10:22:54,17350.0,400,Buy,232111618
2024-08-16 10:22:54,17350.0,1000,Buy,232111617
2024-08-16 10:22:54,17350.0,400,Buy,232111616
2024-08-16 10:22:54,17350.0,600,Buy,232111610
2024-08-16 10:22:54,17350.0,1000,Buy,232111614
2024-08-16 10:22:54,17350.0,2200,Buy,232111611
2024-08-16 10:22:54,17350.0,100,Buy,232111615
2024-08-16 10:22:54,17350.0,2900,Buy,232111613
2024-08-16 10:22:54,17350.0,100,Buy,232111612
2024-08-16 10:23:01,17300.0,500,Sell,232112178
2024-08-16 10:23:02,17350.0,200,Buy,232112287
2024-08-16 10:23:02,17350.0,100,Buy,232112288
2024-08-16 10:23:08,17300.0,2200,Sell,232112725
2024-08-16 10:23:13,17350.0,1000,Buy,232113153
2024-08-16 10:23:13,17350.0,4900,Buy,232113152
2024-08-16 10:23:13,17350.0,1000,Buy,232113160
2024-08-16 10:23:13,17350.0,700,Buy,232113159
2024-08-16 10:23:13,17350.0,3000,Buy,232113158
2024-08-16 10:23:13,17350.0,6800,Buy,232113161
2024-08-16 10:23:13,17350.0,1000,Buy,232113156
2024-08-16 10:23:13,17350.0,100,Buy,232113155
2024-08-16 10:23:13,17350.0,500,Buy,232113154
2024-08-16 10:23:13,17350.0,1000,Buy,232113157
2024-08-16 10:23:18,17350.0,3000,Buy,232113697
2024-08-16 10:23:55,17350.0,1000,Buy,232116287
2024-08-16 10:23:59,17350.0,500,Buy,232116538
2024-08-16 10:24:01,17300.0,2200,Sell,232116681
2024-08-16 10:24:01,17300.0,400,Sell,232116682
2024-08-16 10:24:11,17350.0,1000,Buy,232117313
2024-08-16 10:24:13,17350.0,300,Buy,232117405
2024-08-16 10:24:20,17350.0,300,Buy,232117908
2024-08-16 10:24:24,17350.0,400,Buy,232118132
2024-08-16 10:24:24,17350.0,2500,Buy,232118131
2024-08-16 10:24:24,17350.0,2100,Buy,232118130
2024-08-16 10:24:27,17350.0,100,Buy,232118310
2024-08-16 10:24:28,17350.0,3000,Buy,232118442
2024-08-16 10:24:32,17350.0,4700,Buy,232118644
2024-08-16 10:24:32,17350.0,300,Buy,232118645
2024-08-16 10:24:34,17350.0,100,Buy,232118712
2024-08-16 10:24:34,17350.0,1000,Buy,232118713
2024-08-16 10:24:34,17350.0,100,Buy,232118714
2024-08-16 10:24:35,17300.0,400,Sell,232118859
2024-08-16 10:24:35,17300.0,800,Sell,232118857
2024-08-16 10:24:35,17300.0,1000,Sell,232118858
2024-08-16 10:24:39,17350.0,500,Buy,232119127
2024-08-16 10:24:39,17350.0,500,Buy,232119126
2024-08-16 10:24:42,17350.0,200,Buy,232119338
2024-08-16 10:24:44,17350.0,4300,Buy,232119518
2024-08-16 10:24:44,17350.0,700,Buy,232119519
2024-08-16 10:24:53,17350.0,1300,Buy,232120145
2024-08-16 10:24:54,17350.0,100,Sell,232120230
2024-08-16 10:24:59,17350.0,700,Sell,232120730
2024-08-16 10:25:14,17350.0,1100,Sell,232121875
2024-08-16 10:25:14,17350.0,1000,Sell,232121874
2024-08-16 10:25:14,17350.0,2900,Sell,232121873
2024-08-16 10:25:37,17350.0,100,Sell,232123503
2024-08-16 10:25:41,17350.0,4200,Sell,232123938
2024-08-16 10:25:41,17350.0,800,Sell,232123937
2024-08-16 10:25:45,17350.0,4900,Sell,232124423
2024-08-16 10:25:45,17350.0,800,Sell,232124422
2024-08-16 10:25:49,17350.0,2400,Sell,232124779
2024-08-16 10:25:49,17350.0,500,Sell,232124780
2024-08-16 10:25:51,17350.0,100,Buy,232125033
2024-08-16 10:26:05,17300.0,8600,Sell,232125992
2024-08-16 10:26:05,17300.0,1000,Sell,232125993
2024-08-16 10:26:05,17300.0,7400,Sell,232125994
2024-08-16 10:26:09,17350.0,800,Buy,232126278
2024-08-16 10:26:09,17350.0,1000,Buy,232126277
2024-08-16 10:26:17,17350.0,1200,Sell,232127014
2024-08-16 10:26:20,17300.0,1600,Sell,232127275
2024-08-16 10:26:20,17300.0,300,Sell,232127276
2024-08-16 10:26:22,17350.0,2000,Buy,232127459
2024-08-16 10:26:26,17300.0,2700,Sell,232127654
2024-08-16 10:26:26,17300.0,900,Sell,232127655
2024-08-16 10:26:30,17350.0,500,Buy,232128031
2024-08-16 10:26:48,17350.0,3700,Buy,232129218
2024-08-16 10:26:48,17350.0,1000,Buy,232129217
2024-08-16 10:26:48,17350.0,300,Buy,232129216
2024-08-16 10:26:48,17350.0,1300,Buy,232129214
2024-08-16 10:26:48,17350.0,700,Buy,232129215
2024-08-16 10:26:53,17350.0,200,Buy,232129505
2024-08-16 10:26:53,17350.0,800,Buy,232129506
2024-08-16 10:26:53,17350.0,2000,Buy,232129504
2024-08-16 10:27:02,17350.0,500,Buy,232130114
2024-08-16 10:27:14,17350.0,1000,Buy,232130912
2024-08-16 10:27:26,17350.0,1700,Buy,232131728
2024-08-16 10:27:26,17350.0,1600,Buy,232131729
2024-08-16 10:27:29,17350.0,300,Buy,232131875
2024-08-16 10:27:30,17350.0,100,Buy,232131900
2024-08-16 10:27:30,17350.0,100,Buy,232131899
2024-08-16 10:27:30,17350.0,100,Buy,232131898
2024-08-16 10:27:32,17350.0,300,Buy,232132005
2024-08-16 10:27:32,17350.0,600,Buy,232132019
2024-08-16 10:27:32,17350.0,400,Buy,232132020
2024-08-16 10:27:34,17350.0,300,Buy,232132117
2024-08-16 10:27:34,17350.0,3000,Buy,232132123
2024-08-16 10:27:38,17350.0,300,Buy,232132438
2024-08-16 10:27:42,17350.0,300,Buy,232132687
2024-08-16 10:27:43,17350.0,600,Buy,232132700
2024-08-16 10:27:43,17350.0,1400,Buy,232132699
2024-08-16 10:27:43,17350.0,100,Buy,232132701
2024-08-16 10:27:45,17350.0,200,Buy,232132864
2024-08-16 10:27:48,17300.0,1000,Sell,232133057
2024-08-16 10:27:48,17300.0,2400,Sell,232133058
2024-08-16 10:27:48,17300.0,100,Sell,232133056
2024-08-16 10:27:53,17350.0,1000,Buy,232133525
2024-08-16 10:27:54,17350.0,1700,Buy,232133554
2024-08-16 10:28:00,17350.0,100,Buy,232133867
2024-08-16 10:28:01,17300.0,2200,Sell,232133963
2024-08-16 10:28:04,17300.0,3800,Sell,232134307
2024-08-16 10:28:04,17350.0,1000,Buy,232134180
2024-08-16 10:28:10,17350.0,600,Buy,232134851
2024-08-16 10:28:12,17300.0,600,Sell,232134983
2024-08-16 10:28:12,17300.0,5100,Sell,232134990
2024-08-16 10:28:19,17350.0,2000,Buy,232135443
2024-08-16 10:28:22,17300.0,2200,Sell,232135540
2024-08-16 10:28:32,17350.0,500,Buy,232136145
2024-08-16 10:28:33,17300.0,2000,Sell,232136162
2024-08-16 10:28:36,17350.0,20000,Buy,232136334
2024-08-16 10:28:40,17350.0,5000,Buy,232136585
2024-08-16 10:28:56,17350.0,500,Buy,232137437
2024-08-16 10:28:56,17350.0,10000,Buy,232137464
2024-08-16 10:29:02,17350.0,6700,Buy,232137810
2024-08-16 10:29:02,17350.0,2500,Buy,232137811
2024-08-16 10:29:02,17350.0,800,Buy,232137812
2024-08-16 10:29:12,17350.0,4900,Buy,232138281
2024-08-16 10:29:12,17350.0,5100,Buy,232138282
2024-08-16 10:29:16,17350.0,600,Buy,232138512
2024-08-16 10:29:22,17350.0,7800,Buy,232138809
2024-08-16 10:29:23,17300.0,2200,Sell,232138868
2024-08-16 10:29:36,17350.0,1400,Buy,232139535
2024-08-16 10:29:36,17350.0,100,Buy,232139534
2024-08-16 10:29:36,17350.0,16500,Buy,232139531
2024-08-16 10:29:36,17350.0,1000,Buy,232139532
2024-08-16 10:29:36,17350.0,1000,Buy,232139533
2024-08-16 10:29:39,17350.0,3000,Buy,232139702
2024-08-16 10:29:40,17350.0,500,Buy,232139746
2024-08-16 10:29:40,17350.0,1000,Buy,232139747
2024-08-16 10:29:40,17350.0,1200,Buy,232139745
2024-08-16 10:29:40,17350.0,42100,Sell,232139776
2024-08-16 10:29:40,17350.0,400,Buy,232139743
2024-08-16 10:29:40,17350.0,6000,Buy,232139742
2024-08-16 10:29:40,17350.0,5700,Buy,232139741
2024-08-16 10:29:40,17350.0,2000,Buy,232139744
2024-08-16 10:29:40,17350.0,3100,Buy,232139740
2024-08-16 10:29:48,17350.0,100,Buy,232140209
2024-08-16 10:29:50,17300.0,2200,Sell,232140345
2024-08-16 10:30:05,17300.0,20000,Sell,232141090
2024-08-16 10:30:12,17350.0,13000,Buy,232141463
2024-08-16 10:30:21,17350.0,1000,Buy,232142021
2024-08-16 10:30:21,17300.0,2200,Sell,232142022
2024-08-16 10:30:29,17350.0,5700,Buy,232142557
2024-08-16 10:30:34,17350.0,300,Buy,232142770
2024-08-16 10:30:41,17300.0,2200,Sell,232143120
2024-08-16 10:30:47,17350.0,9200,Buy,232143462
2024-08-16 10:30:47,17350.0,2900,Buy,232143463
2024-08-16 10:30:53,17350.0,2000,Buy,232143872
2024-08-16 10:31:08,17350.0,900,Buy,232144835
2024-08-16 10:31:08,17350.0,100,Buy,232144834
2024-08-16 10:31:10,17300.0,2200,Sell,232144954
2024-08-16 10:31:36,17300.0,200,Sell,232146648
2024-08-16 10:31:36,17300.0,5000,Sell,232146649
2024-08-16 10:31:36,17300.0,200,Sell,232146650
2024-08-16 10:31:36,17300.0,1000,Sell,232146651
2024-08-16 10:31:36,17300.0,100,Sell,232146652
2024-08-16 10:31:36,17300.0,1000,Sell,232146658
2024-08-16 10:31:36,17300.0,1000,Sell,232146654
2024-08-16 10:31:36,17300.0,5600,Sell,232146655
2024-08-16 10:31:36,17300.0,1000,Sell,232146656
2024-08-16 10:31:36,17300.0,400,Sell,232146657
2024-08-16 10:31:36,17300.0,200,Sell,232146647
2024-08-16 10:31:36,17300.0,300,Sell,232146653
2024-08-16 10:31:36,17300.0,200,Sell,232146646
2024-08-16 10:31:36,17300.0,300,Sell,232146635
2024-08-16 10:31:36,17300.0,100,Sell,232146644
2024-08-16 10:31:36,17300.0,200,Sell,232146643
2024-08-16 10:31:36,17300.0,1800,Sell,232146642
2024-08-16 10:31:36,17300.0,500,Sell,232146641
2024-08-16 10:31:36,17300.0,4000,Sell,232146636
2024-08-16 10:31:36,17300.0,500,Sell,232146634
2024-08-16 10:31:36,17300.0,400000,Sell,232146633
2024-08-16 10:31:36,17300.0,1000,Sell,232146659
2024-08-16 10:31:36,17300.0,1000,Sell,232146631
2024-08-16 10:31:36,17300.0,100,Sell,232146630
2024-08-16 10:31:36,17300.0,2000,Sell,232146629
2024-08-16 10:31:36,17300.0,1000,Sell,232146628
2024-08-16 10:31:36,17300.0,59700,Sell,232146627
2024-08-16 10:31:36,17300.0,1000,Sell,232146645
2024-08-16 10:31:36,17300.0,300,Sell,232146632
2024-08-16 10:31:37,17250.0,200,Sell,232146719
2024-08-16 10:31:37,17250.0,1400,Sell,232146722
2024-08-16 10:31:48,17300.0,1000,Buy,232147323
2024-08-16 10:31:55,17250.0,2200,Sell,232147880
2024-08-16 10:31:56,17300.0,3000,Buy,232147894
2024-08-16 10:31:57,17300.0,3700,Buy,232147987
2024-08-16 10:31:57,17300.0,6300,Buy,232147986
2024-08-16 10:32:01,17300.0,10000,Buy,232148156
2024-08-16 10:32:02,17300.0,200,Buy,232148202
2024-08-16 10:32:10,17300.0,100,Buy,232148640
2024-08-16 10:32:22,17300.0,200,Buy,232149228
2024-08-16 10:32:47,17300.0,5000,Buy,232150331
2024-08-16 10:33:02,17250.0,2200,Sell,232151005
2024-08-16 10:33:10,17250.0,5700,Sell,232151462
2024-08-16 10:33:24,17250.0,1100,Sell,232152126
2024-08-16 10:33:24,17250.0,1100,Sell,232152127
2024-08-16 10:33:44,17250.0,2200,Sell,232153042
2024-08-16 10:33:53,17250.0,700,Sell,232153494
2024-08-16 10:33:53,17250.0,5000,Sell,232153495
2024-08-16 10:33:57,17250.0,1000,Sell,232153672
2024-08-16 10:34:04,17250.0,200,Sell,232153946
2024-08-16 10:34:04,17250.0,2000,Sell,232153945
2024-08-16 10:34:13,17250.0,800,Sell,232154370
2024-08-16 10:34:13,17250.0,1000,Sell,232154371
2024-08-16 10:34:13,17250.0,1000,Sell,232154372
2024-08-16 10:34:13,17250.0,100,Sell,232154373
2024-08-16 10:34:13,17250.0,100,Sell,232154374
2024-08-16 10:34:13,17250.0,2700,Sell,232154375
2024-08-16 10:34:21,17300.0,3700,Buy,232154740
2024-08-16 10:34:21,17300.0,800,Buy,232154738
2024-08-16 10:34:21,17300.0,500,Buy,232154739
2024-08-16 10:34:24,17250.0,2200,Sell,232154915
2024-08-16 10:34:34,17250.0,100,Sell,232155473
2024-08-16 10:34:34,17250.0,5000,Sell,232155474
2024-08-16 10:34:34,17250.0,600,Sell,232155475
2024-08-16 10:34:44,17300.0,2000,Buy,232155903
2024-08-16 10:34:58,17250.0,3000,Sell,232156483
2024-08-16 10:35:01,17250.0,200,Sell,232156596
2024-08-16 10:35:01,17250.0,100,Sell,232156597
2024-08-16 10:35:26,17300.0,100,Buy,232157579
2024-08-16 10:35:33,17300.0,100,Buy,232157854
2024-08-16 10:35:38,17300.0,700,Buy,232158048
2024-08-16 10:35:38,17300.0,300,Buy,232158047
2024-08-16 10:35:58,17300.0,300,Buy,232158697
2024-08-16 10:35:58,17250.0,200,Sell,232158707
2024-08-16 10:35:58,17250.0,3800,Sell,232158708
2024-08-16 10:36:16,17250.0,10000,Sell,232159335
2024-08-16 10:36:20,17250.0,800,Sell,232159471
2024-08-16 10:36:44,17250.0,5700,Sell,232160381
2024-08-16 10:36:55,17250.0,1000,Sell,232160746
2024-08-16 10:37:19,17250.0,2500,Sell,232161473
2024-08-16 10:37:23,17250.0,3900,Sell,232161608
2024-08-16 10:37:26,17250.0,5700,Sell,232161740
2024-08-16 10:38:01,17250.0,5700,Sell,232162987
2024-08-16 10:38:28,17300.0,4300,Buy,232163775
2024-08-16 10:38:48,17250.0,100,Sell,232164349
2024-08-16 10:39:22,17250.0,1300,Sell,232165346
2024-08-16 10:39:22,17250.0,100,Sell,232165345
2024-08-16 10:39:22,17250.0,100,Sell,232165344
2024-08-16 10:39:22,17250.0,1200,Sell,232165343
2024-08-16 10:39:22,17250.0,500,Sell,232165342
2024-08-16 10:39:22,17250.0,200,Sell,232165339
2024-08-16 10:39:22,17250.0,200,Sell,232165338
2024-08-16 10:39:22,17250.0,6000,Sell,232165337
2024-08-16 10:39:22,17250.0,100,Sell,232165336
2024-08-16 10:39:22,17250.0,1000,Sell,232165335
2024-08-16 10:39:22,17250.0,100,Sell,232165341
2024-08-16 10:39:22,17250.0,1000,Sell,232165333
2024-08-16 10:39:22,17250.0,300,Sell,232165334
2024-08-16 10:39:22,17250.0,800,Sell,232165323
2024-08-16 10:39:22,17250.0,100,Sell,232165324
2024-08-16 10:39:22,17250.0,2000,Sell,232165325
2024-08-16 10:39:22,17250.0,100,Sell,232165326
2024-08-16 10:39:22,17250.0,500,Sell,232165327
2024-08-16 10:39:22,17250.0,100,Sell,232165340
2024-08-16 10:39:22,17250.0,200,Sell,232165329
2024-08-16 10:39:22,17250.0,100,Sell,232165330
2024-08-16 10:39:22,17250.0,2000,Sell,232165331
2024-08-16 10:39:22,17250.0,1000,Sell,232165332
2024-08-16 10:39:22,17250.0,1000,Sell,232165328
2024-08-16 10:39:31,17250.0,200,Sell,232165537
2024-08-16 10:39:31,17250.0,100,Sell,232165536
2024-08-16 10:39:31,17250.0,1700,Sell,232165538
2024-08-16 10:39:33,17250.0,5700,Sell,232165712
2024-08-16 10:39:38,17300.0,1000,Buy,232165861
2024-08-16 10:39:40,17250.0,2000,Sell,232165904
2024-08-16 10:39:47,17250.0,1000,Sell,232166090
2024-08-16 10:39:52,17250.0,5700,Sell,232166256
2024-08-16 10:40:12,17250.0,100,Sell,232166879
2024-08-16 10:41:03,17250.0,3800,Sell,232168539
2024-08-16 10:41:03,17250.0,3000,Sell,232168540
2024-08-16 10:41:03,17250.0,4000,Sell,232168541
2024-08-16 10:41:03,17250.0,800,Sell,232168542
2024-08-16 10:41:03,17250.0,2100,Sell,232168543
2024-08-16 10:41:05,17250.0,2000,Sell,232168645
2024-08-16 10:41:27,17250.0,1000,Sell,232169260
2024-08-16 10:41:27,17250.0,100,Sell,232169259
2024-08-16 10:41:27,17250.0,900,Sell,232169256
2024-08-16 10:41:48,17250.0,1400,Sell,232169744
2024-08-16 10:41:48,17250.0,300,Sell,232169743
2024-08-16 10:41:48,17250.0,200,Sell,232169741
2024-08-16 10:41:48,17250.0,2000,Sell,232169740
2024-08-16 10:41:48,17250.0,1900,Sell,232169735
2024-08-16 10:41:48,17250.0,600,Sell,232169738
2024-08-16 10:41:48,17250.0,5000,Sell,232169734
2024-08-16 10:41:48,17250.0,100,Sell,232169739
2024-08-16 10:41:48,17250.0,2000,Sell,232169737
2024-08-16 10:41:48,17250.0,500,Sell,232169736
2024-08-16 10:41:59,17250.0,500,Sell,232170029
2024-08-16 10:41:59,17250.0,3000,Sell,232170030
2024-08-16 10:42:00,17250.0,500,Buy,232170105
2024-08-16 10:42:04,17250.0,200,Sell,232170299
2024-08-16 10:42:27,17250.0,400,Buy,232170834
2024-08-16 10:42:27,17250.0,100,Buy,232170833
2024-08-16 10:42:28,17250.0,100,Buy,232170864
2024-08-16 10:42:58,17250.0,500,Buy,232171590
2024-08-16 10:43:00,17250.0,500,Buy,232171637
2024-08-16 10:43:01,17250.0,3000,Buy,232171657
2024-08-16 10:43:22,17250.0,1000,Sell,232172124
2024-08-16 10:43:51,17300.0,200,Buy,232172780
2024-08-16 10:43:56,17250.0,200,Sell,232172945
2024-08-16 10:44:27,17300.0,1400,Buy,232173618
2024-08-16 10:44:27,17300.0,500,Buy,232173617
2024-08-16 10:44:28,17300.0,1900,Buy,232173633
2024-08-16 10:46:04,17300.0,500,Buy,232176020
2024-08-16 10:46:41,17300.0,600,Buy,232176817
2024-08-16 10:47:32,17300.0,600,Buy,232177892
2024-08-16 10:47:32,17300.0,500,Buy,232177893
2024-08-16 10:47:32,17300.0,500,Buy,232177894
2024-08-16 10:47:32,17300.0,400,Buy,232177895
2024-08-16 10:49:04,17300.0,100,Buy,232180103
2024-08-16 10:49:21,17300.0,100,Buy,232180577
2024-08-16 10:50:30,17300.0,1500,Buy,232183366
2024-08-16 10:50:30,17300.0,100,Buy,232183365
2024-08-16 10:50:30,17300.0,1400,Buy,232183364
2024-08-16 10:51:05,17300.0,2000,Buy,232184890
2024-08-16 10:51:12,17300.0,200,Buy,232185127
2024-08-16 10:51:22,17300.0,500,Buy,232185878
2024-08-16 10:51:27,17250.0,200,Sell,232186028
2024-08-16 10:51:27,17250.0,800,Sell,232186024
2024-08-16 10:51:27,17250.0,1000,Sell,232186025
2024-08-16 10:51:27,17250.0,1000,Sell,232186026
2024-08-16 10:51:27,17250.0,2000,Sell,232186027
2024-08-16 10:52:30,17250.0,700,Sell,232188909
2024-08-16 10:52:30,17250.0,300,Sell,232188908
2024-08-16 10:53:01,17300.0,1500,Buy,232190614
2024-08-16 10:53:01,17300.0,100,Buy,232190615
2024-08-16 10:53:01,17300.0,1000,Buy,232190616
2024-08-16 10:53:01,17300.0,1800,Buy,232190617
2024-08-16 10:53:01,17300.0,1000,Buy,232190618
2024-08-16 10:53:01,17300.0,4600,Buy,232190619
2024-08-16 10:53:15,17250.0,2200,Sell,232191204
2024-08-16 10:53:16,17300.0,600,Buy,232191267
2024-08-16 10:53:16,17300.0,400,Buy,232191266
2024-08-16 10:53:16,17300.0,1000,Buy,232191265
2024-08-16 10:53:16,17300.0,300,Buy,232191263
2024-08-16 10:53:16,17300.0,100,Buy,232191262
2024-08-16 10:53:16,17300.0,200,Buy,232191261
2024-08-16 10:53:16,17300.0,400,Buy,232191260
2024-08-16 10:53:16,17300.0,2000,Buy,232191264
2024-08-16 10:53:28,17300.0,500,Buy,232191730
2024-08-16 10:53:31,17300.0,1000,Buy,232191829
2024-08-16 10:53:32,17300.0,700,Buy,232191858
2024-08-16 10:53:32,17300.0,100,Buy,232191857
2024-08-16 10:53:32,17300.0,300,Buy,232191856
2024-08-16 10:53:32,17300.0,1000,Buy,232191854
2024-08-16 10:53:32,17300.0,2000,Buy,232191855
2024-08-16 10:53:32,17300.0,700,Buy,232191852
2024-08-16 10:53:32,17300.0,300,Buy,232191851
2024-08-16 10:53:32,17300.0,1000,Buy,232191850
2024-08-16 10:53:32,17300.0,2900,Buy,232191849
2024-08-16 10:53:32,17300.0,1000,Buy,232191853
2024-08-16 10:53:37,17300.0,9300,Buy,232192030
2024-08-16 10:53:37,17300.0,500,Buy,232192031
2024-08-16 10:53:37,17300.0,1200,Buy,232192032
2024-08-16 10:53:38,17300.0,1500,Buy,232192084
2024-08-16 10:53:48,17300.0,200,Buy,232192682
2024-08-16 10:53:52,17300.0,5000,Buy,232192877
2024-08-16 10:53:54,17300.0,3000,Buy,232192987
2024-08-16 10:53:54,17300.0,400,Buy,232192981
2024-08-16 10:53:54,17300.0,4500,Buy,232192980
2024-08-16 10:53:54,17300.0,5000,Buy,232192978
2024-08-16 10:53:54,17300.0,3600,Buy,232192977
2024-08-16 10:53:54,17300.0,2100,Buy,232192976
2024-08-16 10:53:54,17300.0,1000,Buy,232192979
2024-08-16 10:53:59,17300.0,1500,Buy,232193277
2024-08-16 10:53:59,17300.0,100,Buy,232193330
2024-08-16 10:54:00,17300.0,1000,Buy,232193355
2024-08-16 10:54:00,17300.0,1300,Buy,232193386
2024-08-16 10:54:00,17300.0,200,Buy,232193387
2024-08-16 10:54:01,17300.0,5800,Buy,232193398
2024-08-16 10:54:01,17300.0,200,Buy,232193397
2024-08-16 10:54:01,17300.0,200,Buy,232193396
2024-08-16 10:54:01,17300.0,1800,Buy,232193394
2024-08-16 10:54:01,17300.0,2000,Buy,232193395
2024-08-16 10:54:02,17300.0,1000,Buy,232193496
2024-08-16 10:54:04,17300.0,1000,Buy,232193606
2024-08-16 10:54:14,17300.0,500,Buy,232194230
2024-08-16 10:54:20,17300.0,100,Buy,232194511
2024-08-16 10:54:20,17300.0,1700,Buy,232194509
2024-08-16 10:54:20,17300.0,100,Buy,232194510
2024-08-16 10:54:44,17350.0,2000,Buy,232195799
2024-08-16 10:54:50,17300.0,100,Sell,232196109
2024-08-16 10:55:21,17300.0,4400,Sell,232197984
2024-08-16 10:55:21,17300.0,800,Sell,232197985
2024-08-16 10:55:21,17300.0,4800,Sell,232197986
2024-08-16 10:55:36,17300.0,200,Sell,232198799
2024-08-16 10:55:37,17300.0,3000,Sell,232198857
2024-08-16 10:55:37,17300.0,900,Sell,232198858
2024-08-16 10:55:37,17300.0,2100,Sell,232198859
2024-08-16 10:55:48,17300.0,1200,Sell,232199397
2024-08-16 10:55:48,17300.0,1000,Sell,232199396
2024-08-16 10:56:13,17300.0,3300,Sell,232201127
2024-08-16 10:56:24,17300.0,500,Sell,232201819
2024-08-16 10:56:24,17300.0,1100,Sell,232201820
2024-08-16 10:56:43,17300.0,900,Sell,232202974
2024-08-16 10:56:43,17300.0,200,Sell,232202975
2024-08-16 10:56:43,17300.0,2000,Sell,232202976
2024-08-16 10:56:43,17300.0,100,Sell,232202977
2024-08-16 10:56:43,17300.0,16800,Sell,232202978
2024-08-16 10:57:00,17350.0,100,Buy,232203957
2024-08-16 10:57:00,17350.0,1000,Buy,232203956
2024-08-16 10:57:00,17350.0,5000,Buy,232203954
2024-08-16 10:57:00,17350.0,100,Buy,232203955
2024-08-16 10:57:00,17350.0,2800,Buy,232203953
2024-08-16 10:57:17,17300.0,3200,Sell,232205020
2024-08-16 10:57:17,17300.0,1000,Sell,232205021
2024-08-16 10:57:17,17300.0,3000,Sell,232205022
2024-08-16 10:57:17,17300.0,300,Sell,232205023
2024-08-16 10:57:17,17300.0,500,Sell,232205024
2024-08-16 10:57:17,17300.0,1500,Sell,232205025
2024-08-16 10:57:17,17300.0,300,Sell,232205026
2024-08-16 10:57:34,17350.0,1900,Buy,232205919
2024-08-16 10:57:34,17350.0,100,Buy,232205920
2024-08-16 10:58:02,17300.0,8000,Sell,232207468
2024-08-16 10:58:27,17350.0,1300,Buy,232208767
2024-08-16 10:58:29,17350.0,3600,Buy,232208843
2024-08-16 10:58:29,17350.0,100,Buy,232208844
2024-08-16 10:58:29,17350.0,300,Buy,232208845
2024-08-16 10:58:37,17350.0,1000,Buy,232209245
2024-08-16 10:58:37,17350.0,300,Buy,232209243
2024-08-16 10:58:37,17350.0,500,Buy,232209244
2024-08-16 10:58:37,17350.0,500,Buy,232209242
2024-08-16 10:58:37,17350.0,5000,Buy,232209241
2024-08-16 10:58:37,17350.0,1700,Buy,232209240
2024-08-16 10:58:41,17350.0,1000,Buy,232209444
2024-08-16 10:58:45,17350.0,200,Buy,232209665
2024-08-16 10:59:07,17350.0,1200,Buy,232210841
2024-08-16 10:59:10,17350.0,15000,Buy,232211006
2024-08-16 10:59:31,17350.0,4000,Buy,232212078
2024-08-16 10:59:41,17350.0,16000,Buy,232212603
2024-08-16 10:59:57,17300.0,700,Sell,232213752
2024-08-16 10:59:57,17300.0,1500,Sell,232213753
2024-08-16 10:59:59,17350.0,100,Buy,232213908
2024-08-16 11:00:21,17350.0,6500,Buy,232215128
2024-08-16 11:00:28,17300.0,200,Sell,232215580
2024-08-16 11:00:28,17300.0,500,Sell,232215581
2024-08-16 11:00:28,17300.0,500,Sell,232215578
2024-08-16 11:00:28,17300.0,1000,Sell,232215579
2024-08-16 11:00:29,17350.0,3900,Buy,232215641
2024-08-16 11:00:30,17350.0,100,Buy,232215694
2024-08-16 11:00:32,17350.0,100,Buy,232215811
2024-08-16 11:00:41,17350.0,3000,Buy,232216189
2024-08-16 11:00:49,17300.0,4500,Sell,232216607
2024-08-16 11:00:49,17300.0,1200,Sell,232216608
2024-08-16 11:00:52,17350.0,200,Buy,232216801
2024-08-16 11:01:11,17300.0,1800,Sell,232217673
2024-08-16 11:01:11,17300.0,400,Sell,232217674
2024-08-16 11:01:33,17300.0,300,Sell,232218672
2024-08-16 11:01:40,17350.0,2600,Buy,232219036
2024-08-16 11:01:40,17350.0,200,Buy,232219035
2024-08-16 11:01:40,17350.0,100,Buy,232219034
2024-08-16 11:01:40,17350.0,2000,Buy,232219033
2024-08-16 11:01:40,17350.0,400,Buy,232219032
2024-08-16 11:01:40,17350.0,1000,Buy,232219031
2024-08-16 11:01:40,17350.0,500,Buy,232219030
2024-08-16 11:01:40,17350.0,200,Buy,232219029
2024-08-16 11:01:40,17350.0,1500,Buy,232219028
2024-08-16 11:01:40,17350.0,5000,Buy,232219027
2024-08-16 11:01:40,17350.0,5000,Buy,232219025
2024-08-16 11:01:40,17350.0,300,Buy,232219024
2024-08-16 11:01:40,17350.0,1000,Buy,232219023
2024-08-16 11:01:40,17350.0,2200,Buy,232219022
2024-08-16 11:01:40,17350.0,200,Buy,232219021
2024-08-16 11:01:40,17350.0,100,Buy,232219020
2024-08-16 11:01:40,17350.0,4000,Buy,232219019
2024-08-16 11:01:40,17350.0,7700,Buy,232219018
2024-08-16 11:01:40,17350.0,5000,Buy,232219026
2024-08-16 11:01:53,17350.0,100,Buy,232219526
2024-08-16 11:01:53,17350.0,1400,Buy,232219525
2024-08-16 11:01:53,17350.0,2400,Buy,232219523
2024-08-16 11:01:53,17350.0,100,Buy,232219524
2024-08-16 11:01:58,17300.0,2200,Sell,232219988
2024-08-16 11:01:59,17300.0,5700,Sell,232220112
2024-08-16 11:02:02,17350.0,5200,Buy,232220310
2024-08-16 11:02:02,17350.0,600,Buy,232220309
2024-08-16 11:02:07,17350.0,1000,Buy,232220494
2024-08-16 11:02:15,17350.0,3300,Buy,232220910
2024-08-16 11:02:15,17350.0,2000,Buy,232220911
2024-08-16 11:02:15,17350.0,100,Buy,232220912
2024-08-16 11:02:15,17350.0,4600,Buy,232220913
2024-08-16 11:02:26,17350.0,200,Buy,232221417
2024-08-16 11:02:27,17300.0,1400,Sell,232221475
2024-08-16 11:02:27,17300.0,3000,Sell,232221476
2024-08-16 11:02:27,17300.0,1300,Sell,232221477
2024-08-16 11:02:44,17350.0,900,Buy,232222447
2024-08-16 11:02:44,17350.0,9100,Buy,232222448
2024-08-16 11:02:51,17350.0,400,Buy,232222703
2024-08-16 11:02:51,17350.0,7600,Buy,232222704
2024-08-16 11:03:03,17350.0,100,Buy,232223242
2024-08-16 11:03:04,17350.0,8200,Buy,232223386
2024-08-16 11:03:04,17350.0,2300,Buy,232223384
2024-08-16 11:03:04,17350.0,9500,Buy,232223385
2024-08-16 11:03:10,17350.0,5000,Buy,232223668
2024-08-16 11:03:14,17350.0,100,Buy,232223854
2024-08-16 11:03:30,17350.0,100,Buy,232224495
2024-08-16 11:05:14,17300.0,3700,Sell,232228427
2024-08-16 11:05:14,17300.0,100,Sell,232228428
2024-08-16 11:05:14,17300.0,1200,Sell,232228429
2024-08-16 11:05:43,17350.0,1000,Buy,232229430
2024-08-16 11:05:49,17300.0,100,Sell,232229678
2024-08-16 11:06:23,17300.0,500,Sell,232230961
2024-08-16 11:07:13,17350.0,200,Buy,232232858
2024-08-16 11:07:23,17350.0,1000,Buy,232233169
2024-08-16 11:07:43,17350.0,4400,Buy,232233798
2024-08-16 11:07:43,17350.0,7300,Buy,232233799
2024-08-16 11:07:56,17350.0,200,Buy,232234312
2024-08-16 11:07:56,17350.0,5700,Buy,232234311
2024-08-16 11:07:56,17350.0,100,Buy,232234310
2024-08-16 11:07:56,17350.0,4800,Buy,232234316
2024-08-16 11:07:56,17350.0,500,Buy,232234315
2024-08-16 11:07:56,17350.0,200,Buy,232234309
2024-08-16 11:07:56,17350.0,300,Buy,232234314
2024-08-16 11:07:56,17350.0,100,Buy,232234307
2024-08-16 11:07:56,17350.0,900,Buy,232234308
2024-08-16 11:07:56,17350.0,31400,Buy,232234302
2024-08-16 11:07:56,17350.0,3800,Buy,232234303
2024-08-16 11:07:56,17350.0,100,Buy,232234313
2024-08-16 11:07:56,17350.0,300,Buy,232234304
2024-08-16 11:07:56,17350.0,700,Buy,232234305
2024-08-16 11:07:56,17350.0,900,Buy,232234306
2024-08-16 11:08:06,17350.0,100,Buy,232234630
2024-08-16 11:08:09,17350.0,100,Buy,232234727
2024-08-16 11:08:15,17350.0,400,Buy,232234888
2024-08-16 11:08:22,17350.0,300,Buy,232235191
2024-08-16 11:08:22,17350.0,500,Buy,232235192
2024-08-16 11:08:22,17350.0,100,Buy,232235193
2024-08-16 11:08:22,17350.0,1000,Buy,232235194
2024-08-16 11:08:22,17350.0,100,Buy,232235195
2024-08-16 11:08:29,17350.0,300,Buy,232235355
2024-08-16 11:08:44,17350.0,200,Buy,232235968
2024-08-16 11:08:49,17300.0,200,Sell,232236067
2024-08-16 11:08:55,17300.0,5700,Sell,232236298
2024-08-16 11:09:04,17350.0,100,Buy,232236609
2024-08-16 11:09:05,17350.0,1300,Buy,232236658
2024-08-16 11:09:05,17350.0,300,Buy,232236659
2024-08-16 11:09:05,17350.0,500,Buy,232236660
2024-08-16 11:09:05,17350.0,1000,Buy,232236661
2024-08-16 11:09:05,17350.0,700,Buy,232236663
2024-08-16 11:09:05,17350.0,200,Buy,232236662
2024-08-16 11:09:11,17350.0,1500,Buy,232236799
2024-08-16 11:09:17,17350.0,2000,Buy,232236941
2024-08-16 11:09:22,17350.0,2000,Buy,232237078
2024-08-16 11:09:32,17350.0,100,Buy,232237391
2024-08-16 11:09:42,17350.0,1500,Buy,232237688
2024-08-16 11:10:04,17350.0,1000,Buy,232238358
2024-08-16 11:10:04,17350.0,1200,Buy,232238359
2024-08-16 11:10:04,17350.0,100,Buy,232238360
2024-08-16 11:10:04,17350.0,100,Buy,232238361
2024-08-16 11:10:04,17350.0,5700,Buy,232238362
2024-08-16 11:10:04,17350.0,100,Buy,232238363
2024-08-16 11:10:04,17350.0,2800,Buy,232238364
2024-08-16 11:10:10,17350.0,400,Buy,232238609
2024-08-16 11:10:10,17350.0,200,Buy,232238608
2024-08-16 11:10:10,17350.0,200,Buy,232238606
2024-08-16 11:10:10,17350.0,9200,Buy,232238605
2024-08-16 11:10:10,17350.0,3000,Buy,232238607
2024-08-16 11:10:17,17350.0,6000,Buy,232238809
2024-08-16 11:10:27,17350.0,20000,Buy,232239224
2024-08-16 11:10:31,17300.0,100,Sell,232239374
2024-08-16 11:10:36,17350.0,100,Buy,232239586
2024-08-16 11:10:40,17300.0,100,Sell,232239693
2024-08-16 11:10:41,17350.0,3000,Buy,232239752
2024-08-16 11:10:43,17350.0,1000,Buy,232239815
2024-08-16 11:10:57,17300.0,100,Sell,232240219
2024-08-16 11:11:00,17350.0,1000,Buy,232240280
2024-08-16 11:11:07,17350.0,5000,Buy,232240447
2024-08-16 11:11:25,17350.0,500,Buy,232240950
2024-08-16 11:11:29,17350.0,2000,Buy,232241054
2024-08-16 11:11:36,17350.0,100,Buy,232241277
2024-08-16 11:11:39,17350.0,500,Buy,232241359
2024-08-16 11:11:47,17350.0,4000,Buy,232241591
2024-08-16 11:11:47,17350.0,5700,Buy,232241592
2024-08-16 11:11:47,17350.0,300,Buy,232241593
2024-08-16 11:11:55,17350.0,200,Buy,232241809
2024-08-16 11:11:55,17350.0,500,Buy,232241810
2024-08-16 11:11:55,17350.0,300,Buy,232241811
2024-08-16 11:11:56,17350.0,100,Buy,232241824
2024-08-16 11:12:00,17350.0,900,Buy,232241937
2024-08-16 11:12:00,17350.0,900,Buy,232241936
2024-08-16 11:12:00,17350.0,100,Buy,232241934
2024-08-16 11:12:00,17350.0,100,Buy,232241933
2024-08-16 11:12:00,17350.0,1000,Buy,232241935
2024-08-16 11:12:02,17350.0,100,Buy,232242009
2024-08-16 11:12:07,17350.0,2000,Buy,232242255
2024-08-16 11:12:07,17350.0,200,Buy,232242279
2024-08-16 11:12:08,17350.0,1000,Sell,232242307
2024-08-16 11:12:56,17350.0,1000,Sell,232243635
2024-08-16 11:13:01,17350.0,500,Sell,232243726
2024-08-16 11:13:01,17350.0,100,Sell,232243727
2024-08-16 11:13:01,17350.0,100,Sell,232243725
2024-08-16 11:13:01,17350.0,5000,Sell,232243721
2024-08-16 11:13:01,17350.0,100,Sell,232243723
2024-08-16 11:13:01,17350.0,500,Sell,232243724
2024-08-16 11:13:01,17350.0,800,Sell,232243720
2024-08-16 11:13:01,17350.0,5400,Sell,232243722
2024-08-16 11:13:03,17350.0,15000,Buy,232243814
2024-08-16 11:13:11,17350.0,1000,Buy,232244068
2024-08-16 11:13:14,17350.0,500,Buy,232244199
2024-08-16 11:13:17,17350.0,1000,Buy,232244265
2024-08-16 11:13:55,17350.0,5000,Buy,232245509
2024-08-16 11:14:10,17350.0,2000,Buy,232245917
2024-08-16 11:14:37,17350.0,1000,Buy,232246766
2024-08-16 11:15:08,17350.0,600,Buy,232247558
2024-08-16 11:15:08,17350.0,400,Buy,232247559
2024-08-16 11:15:08,17350.0,2000,Buy,232247560
2024-08-16 11:15:08,17350.0,5500,Buy,232247561
2024-08-16 11:15:08,17350.0,12000,Buy,232247556
2024-08-16 11:15:08,17350.0,9500,Buy,232247557
2024-08-16 11:15:17,17350.0,1500,Buy,232247795
2024-08-16 11:15:28,17350.0,2100,Buy,232248128
2024-08-16 11:15:30,17350.0,100,Buy,232248157
2024-08-16 11:15:34,17350.0,2200,Buy,232248254
2024-08-16 11:15:34,17350.0,800,Buy,232248253
2024-08-16 11:15:35,17300.0,5700,Sell,232248347
2024-08-16 11:15:37,17350.0,1000,Buy,232248412
2024-08-16 11:15:42,17350.0,900,Buy,232248536
2024-08-16 11:15:47,17350.0,3000,Buy,232248672
2024-08-16 11:15:59,17350.0,500,Buy,232249070
2024-08-16 11:16:09,17300.0,4300,Sell,232249446
2024-08-16 11:16:09,17300.0,1400,Sell,232249447
2024-08-16 11:16:17,17350.0,200,Buy,232249689
2024-08-16 11:16:30,17350.0,2200,Buy,232250068
2024-08-16 11:16:30,17350.0,2800,Buy,232250069
2024-08-16 11:16:41,17300.0,1600,Sell,232250602
2024-08-16 11:16:42,17300.0,100,Sell,232250617
2024-08-16 11:16:42,17300.0,400,Sell,232250616
2024-08-16 11:16:42,17300.0,100,Sell,232250615
2024-08-16 11:16:42,17300.0,100,Sell,232250614
2024-08-16 11:16:42,17300.0,100,Sell,232250609
2024-08-16 11:16:42,17300.0,100,Sell,232250612
2024-08-16 11:16:42,17300.0,200,Sell,232250611
2024-08-16 11:16:42,17300.0,2000,Sell,232250610
2024-08-16 11:16:42,17300.0,1000,Sell,232250613
2024-08-16 11:17:14,17300.0,3700,Sell,232251595
2024-08-16 11:17:14,17300.0,500,Sell,232251594
2024-08-16 11:17:14,17300.0,200,Sell,232251593
2024-08-16 11:17:14,17300.0,1000,Sell,232251592
2024-08-16 11:17:14,17300.0,100,Sell,232251591
2024-08-16 11:17:14,17300.0,200,Sell,232251590
2024-08-16 11:19:05,17350.0,1000,Buy,232254487
2024-08-16 11:19:09,17300.0,500,Sell,232254573
2024-08-16 11:19:56,17300.0,2000,Sell,232255657
2024-08-16 11:20:31,17350.0,1000,Buy,232256522
2024-08-16 11:21:53,17350.0,200,Buy,232258360
2024-08-16 11:22:13,17350.0,100,Buy,232258813
2024-08-16 11:22:28,17350.0,600,Buy,232259132
2024-08-16 11:22:28,17350.0,1100,Buy,232259133
2024-08-16 11:22:32,17350.0,100,Buy,232259230
2024-08-16 11:22:32,17350.0,100,Buy,232259229
2024-08-16 11:22:54,17350.0,400,Buy,232259815
2024-08-16 11:23:08,17350.0,1000,Buy,232260195
2024-08-16 11:23:10,17350.0,5000,Buy,232260255
2024-08-16 11:23:10,17350.0,5400,Buy,232260254
2024-08-16 11:23:10,17350.0,5000,Buy,232260253
2024-08-16 11:23:10,17350.0,100,Buy,232260252
2024-08-16 11:23:10,17350.0,500,Buy,232260251
2024-08-16 11:23:10,17350.0,200,Buy,232260250
2024-08-16 11:23:10,17350.0,500,Buy,232260249
2024-08-16 11:23:10,17350.0,3000,Buy,232260248
2024-08-16 11:23:10,17350.0,2000,Buy,232260247
2024-08-16 11:23:10,17350.0,400,Buy,232260241
2024-08-16 11:23:10,17350.0,100,Buy,232260245
2024-08-16 11:23:10,17350.0,800,Buy,232260236
2024-08-16 11:23:10,17350.0,200,Buy,232260237
2024-08-16 11:23:10,17350.0,1000,Buy,232260238
2024-08-16 11:23:10,17350.0,500,Buy,232260239
2024-08-16 11:23:10,17350.0,19000,Buy,232260246
2024-08-16 11:23:10,17350.0,500,Buy,232260242
2024-08-16 11:23:10,17350.0,1000,Buy,232260243
2024-08-16 11:23:10,17350.0,100,Buy,232260244
2024-08-16 11:23:10,17350.0,1000,Buy,232260240
2024-08-16 11:23:11,17350.0,3700,Sell,232260263
2024-08-16 11:23:23,17350.0,200,Buy,232260591
2024-08-16 11:23:26,17350.0,1000,Buy,232260674
2024-08-16 11:23:54,17350.0,5000,Buy,232261261
2024-08-16 11:25:23,17350.0,1000,Buy,232263284
2024-08-16 11:25:33,17300.0,100,Sell,232263486
2024-08-16 11:26:26,17300.0,200,Sell,232264545
2024-08-16 11:26:39,17350.0,100,Buy,232264782
2024-08-16 11:27:02,17350.0,1000,Buy,232265309
2024-08-16 11:27:51,17300.0,500,Sell,232266513
2024-08-16 11:27:56,17350.0,200,Buy,232266607
2024-08-16 11:27:57,17350.0,2000,Buy,232266632
2024-08-16 11:28:07,17350.0,400,Buy,232266853
2024-08-16 11:28:39,17350.0,1000,Buy,232267536
2024-08-16 11:28:46,17300.0,3000,Sell,232267647
2024-08-16 11:28:57,17350.0,2000,Buy,232267824
2024-08-16 11:29:06,17350.0,300,Buy,232267958
2024-08-16 11:29:28,17350.0,2000,Buy,232268391
2024-08-16 12:59:36,17300.0,100,Sell,232268592
2024-08-16 12:59:38,17350.0,1000,Buy,232269259
2024-08-16 12:59:39,17350.0,100,Buy,232269687
2024-08-16 12:59:39,17350.0,10000,Buy,232270016
2024-08-16 12:59:39,17350.0,10000,Buy,232270017
2024-08-16 12:59:39,17350.0,100,Buy,232270174
2024-08-16 12:59:39,17350.0,300,Buy,232270175
2024-08-16 12:59:40,17300.0,100,Sell,232270552
2024-08-16 12:59:44,17350.0,3000,Buy,232271676
2024-08-16 12:59:45,17350.0,100,Buy,232271911
2024-08-16 12:59:45,17350.0,200,Buy,232272008
2024-08-16 12:59:45,17350.0,100,Buy,232272009
2024-08-16 12:59:47,17350.0,100,Buy,232272318
2024-08-16 12:59:48,17350.0,100,Buy,232272598
2024-08-16 12:59:49,17350.0,100,Buy,232272721
2024-08-16 12:59:51,17350.0,100,Buy,232273007
2024-08-16 12:59:52,17350.0,2500,Buy,232273159
2024-08-16 12:59:52,17350.0,11500,Buy,232273157
2024-08-16 12:59:52,17350.0,1000,Buy,232273158
2024-08-16 12:59:54,17350.0,1000,Buy,232273383
2024-08-16 12:59:56,17350.0,200,Buy,232273794
2024-08-16 12:59:56,17350.0,300,Buy,232273773
2024-08-16 12:59:59,17350.0,100,Buy,232273948
2024-08-16 12:59:59,17350.0,3000,Buy,232274019
2024-08-16 12:59:59,17350.0,800,Buy,232274029
2024-08-16 13:00:00,17350.0,1000,Buy,232274161
2024-08-16 13:00:00,17350.0,700,Buy,232274209
2024-08-16 13:00:03,17350.0,7000,Buy,232274536
2024-08-16 13:00:03,17350.0,100,Buy,232274535
2024-08-16 13:00:03,17350.0,900,Buy,232274534
2024-08-16 13:00:03,17350.0,100,Buy,232274488
2024-08-16 13:00:03,17350.0,1000,Buy,232274486
2024-08-16 13:00:03,17350.0,5400,Buy,232274485
2024-08-16 13:00:03,17350.0,1100,Buy,232274489
2024-08-16 13:00:03,17350.0,400,Buy,232274487
2024-08-16 13:00:04,17350.0,100,Buy,232274579
2024-08-16 13:00:06,17350.0,2000,Buy,232274749
2024-08-16 13:00:06,17350.0,200,Buy,232274810
2024-08-16 13:00:09,17300.0,200,Sell,232275000
2024-08-16 13:00:12,17350.0,1000,Buy,232275424
2024-08-16 13:00:20,17350.0,100,Buy,232276036
2024-08-16 13:00:23,17350.0,7600,Buy,232276222
2024-08-16 13:00:23,17350.0,3100,Buy,232276233
2024-08-16 13:00:23,17350.0,1000,Buy,232276232
2024-08-16 13:00:23,17350.0,100,Buy,232276230
2024-08-16 13:00:23,17350.0,500,Buy,232276229
2024-08-16 13:00:23,17350.0,300,Buy,232276231
2024-08-16 13:00:23,17350.0,200,Buy,232276227
2024-08-16 13:00:23,17350.0,1000,Buy,232276226
2024-08-16 13:00:23,17350.0,3000,Buy,232276225
2024-08-16 13:00:23,17350.0,3000,Buy,232276224
2024-08-16 13:00:23,17350.0,100,Buy,232276223
2024-08-16 13:00:23,17350.0,100,Buy,232276228
2024-08-16 13:00:28,17300.0,3000,Sell,232276567
2024-08-16 13:00:29,17350.0,100,Buy,232276588
2024-08-16 13:00:29,17350.0,300,Buy,232276592
2024-08-16 13:00:29,17350.0,4000,Buy,232276591
2024-08-16 13:00:29,17350.0,400,Buy,232276590
2024-08-16 13:00:29,17350.0,1500,Buy,232276589
2024-08-16 13:00:29,17350.0,1500,Buy,232276587
2024-08-16 13:00:29,17350.0,200,Buy,232276594
2024-08-16 13:00:29,17350.0,2000,Buy,232276585
2024-08-16 13:00:29,17350.0,10000,Buy,232276586
2024-08-16 13:00:29,17350.0,100,Buy,232276573
2024-08-16 13:00:29,17350.0,800,Buy,232276580
2024-08-16 13:00:29,17350.0,200,Buy,232276593
2024-08-16 13:00:29,17350.0,200,Buy,232276582
2024-08-16 13:00:29,17350.0,2000,Buy,232276583
2024-08-16 13:00:29,17350.0,50000,Buy,232276584
2024-08-16 13:00:29,17350.0,8000,Buy,232276581
2024-08-16 13:00:51,17400.0,3600,Buy,232277488
2024-08-16 13:01:28,17350.0,50000,Sell,232279330
2024-08-16 13:01:29,17400.0,10000,Buy,232279338
2024-08-16 13:01:36,17400.0,4000,Buy,232279616
2024-08-16 13:01:43,17350.0,2200,Sell,232279847
2024-08-16 13:01:46,17400.0,500,Buy,232280058
2024-08-16 13:02:02,17400.0,1900,Buy,232280719
2024-08-16 13:02:14,17400.0,1900,Buy,232281190
2024-08-16 13:02:40,17350.0,200,Sell,232282178
2024-08-16 13:02:47,17400.0,2000,Buy,232282722
2024-08-16 13:02:55,17400.0,100,Buy,232283116
2024-08-16 13:03:18,17400.0,100,Buy,232284177
2024-08-16 13:03:21,17400.0,10000,Buy,232284288
2024-08-16 13:03:28,17350.0,100,Sell,232284555
2024-08-16 13:03:29,17400.0,1900,Buy,232284567
2024-08-16 13:03:29,17400.0,200,Buy,232284568
2024-08-16 13:03:29,17400.0,400,Buy,232284569
2024-08-16 13:03:29,17400.0,2500,Buy,232284570
2024-08-16 13:04:01,17400.0,5000,Buy,232286004
2024-08-16 13:04:10,17350.0,2200,Sell,232286445
2024-08-16 13:04:11,17400.0,1000,Buy,232286493
2024-08-16 13:04:18,17400.0,500,Buy,232286978
2024-08-16 13:04:18,17400.0,500,Buy,232286977
2024-08-16 13:04:18,17400.0,300,Buy,232286979
2024-08-16 13:04:18,17400.0,200,Buy,232286975
2024-08-16 13:04:18,17400.0,1500,Buy,232286974
2024-08-16 13:04:18,17400.0,2000,Buy,232286976
2024-08-16 13:05:17,17350.0,100,Sell,232289938
2024-08-16 13:05:23,17400.0,100,Buy,232290223
2024-08-16 13:05:23,17400.0,200,Buy,232290224
2024-08-16 13:05:23,17400.0,100,Buy,232290225
2024-08-16 13:05:23,17400.0,100,Buy,232290226
2024-08-16 13:05:23,17400.0,1500,Buy,232290227
2024-08-16 13:05:37,17400.0,2500,Buy,232290936
2024-08-16 13:05:37,17400.0,24500,Buy,232290937
2024-08-16 13:05:47,17400.0,500,Buy,232291390
2024-08-16 13:05:48,17400.0,500,Buy,232291392
2024-08-16 13:06:47,17400.0,400,Buy,232294577
2024-08-16 13:06:47,17400.0,500,Buy,232294576
2024-08-16 13:06:47,17400.0,200,Buy,232294574
2024-08-16 13:06:47,17400.0,100,Buy,232294573
2024-08-16 13:06:47,17400.0,200,Buy,232294575
2024-08-16 13:07:01,17400.0,2000,Buy,232295281
2024-08-16 13:07:01,17400.0,5800,Buy,232295289
2024-08-16 13:07:01,17400.0,500,Buy,232295288
2024-08-16 13:07:01,17400.0,7000,Buy,232295287
2024-08-16 13:07:01,17400.0,5000,Buy,232295286
2024-08-16 13:07:01,17400.0,1000,Buy,232295285
2024-08-16 13:07:01,17400.0,100,Buy,232295284
2024-08-16 13:07:01,17400.0,100,Buy,232295283
2024-08-16 13:07:01,17400.0,1000,Buy,232295282
2024-08-16 13:07:01,17400.0,2000,Buy,232295280
2024-08-16 13:07:01,17400.0,500,Buy,232295270
2024-08-16 13:07:01,17400.0,100,Buy,232295278
2024-08-16 13:07:01,17400.0,2000,Buy,232295279
2024-08-16 13:07:01,17400.0,9600,Buy,232295268
2024-08-16 13:07:01,17400.0,100,Buy,232295271
2024-08-16 13:07:01,17400.0,1000,Buy,232295272
2024-08-16 13:07:01,17400.0,100,Buy,232295269
2024-08-16 13:07:01,17400.0,2000,Buy,232295274
2024-08-16 13:07:01,17400.0,5000,Buy,232295275
2024-08-16 13:07:01,17400.0,300,Buy,232295276
2024-08-16 13:07:01,17400.0,1000,Buy,232295277
2024-08-16 13:07:01,17400.0,3800,Buy,232295273
2024-08-16 13:07:04,17400.0,200,Buy,232295451
2024-08-16 13:07:10,17400.0,5000,Buy,232295630
2024-08-16 13:07:12,17400.0,300,Buy,232295717
2024-08-16 13:07:12,17400.0,2300,Buy,232295722
2024-08-16 13:07:12,17400.0,500,Buy,232295721
2024-08-16 13:07:12,17400.0,100,Buy,232295720
2024-08-16 13:07:12,17400.0,1000,Buy,232295719
2024-08-16 13:07:12,17400.0,1000,Buy,232295718
2024-08-16 13:07:12,17400.0,1000,Buy,232295716
2024-08-16 13:07:12,17400.0,100,Buy,232295713
2024-08-16 13:07:12,17400.0,500,Buy,232295714
2024-08-16 13:07:12,17400.0,300,Buy,232295712
2024-08-16 13:07:12,17400.0,100,Buy,232295711
2024-08-16 13:07:12,17400.0,200,Buy,232295710
2024-08-16 13:07:12,17400.0,500,Buy,232295709
2024-08-16 13:07:12,17400.0,3000,Buy,232295707
2024-08-16 13:07:12,17400.0,100,Buy,232295715
2024-08-16 13:07:13,17400.0,100,Buy,232295766
2024-08-16 13:07:13,17400.0,500,Buy,232295765
2024-08-16 13:07:13,17400.0,700,Buy,232295764
2024-08-16 13:07:13,17400.0,100,Buy,232295763
2024-08-16 13:07:13,17400.0,100,Buy,232295759
2024-08-16 13:07:13,17400.0,8100,Buy,232295760
2024-08-16 13:07:13,17400.0,300,Buy,232295758
2024-08-16 13:07:13,17400.0,500,Buy,232295762
2024-08-16 13:07:13,17400.0,400,Buy,232295756
2024-08-16 13:07:13,17400.0,300,Buy,232295757
2024-08-16 13:07:13,17400.0,9000,Buy,232295750
2024-08-16 13:07:13,17400.0,1000,Buy,232295751
2024-08-16 13:07:13,17400.0,500,Buy,232295752
2024-08-16 13:07:13,17400.0,300,Buy,232295761
2024-08-16 13:07:13,17400.0,2000,Buy,232295754
2024-08-16 13:07:13,17400.0,200,Buy,232295755
2024-08-16 13:07:13,17400.0,4000,Buy,232295753
2024-08-16 13:07:14,17400.0,100,Buy,232295808
2024-08-16 13:07:14,17400.0,1000,Buy,232295807
2024-08-16 13:07:14,17400.0,100,Buy,232295806
2024-08-16 13:07:14,17400.0,800,Buy,232295805
2024-08-16 13:07:14,17400.0,4900,Buy,232295800
2024-08-16 13:07:14,17400.0,300,Buy,232295803
2024-08-16 13:07:14,17400.0,200,Buy,232295802
2024-08-16 13:07:14,17400.0,1500,Buy,232295801
2024-08-16 13:07:14,17400.0,200,Buy,232295804
2024-08-16 13:07:14,17400.0,700,Buy,232295809
2024-08-16 13:07:17,17400.0,1000,Sell,232295943
2024-08-16 13:07:18,17400.0,31700,Buy,232295960
2024-08-16 13:07:22,17400.0,5000,Sell,232296158
2024-08-16 13:07:48,17400.0,1500,Sell,232297491
2024-08-16 13:07:54,17400.0,100,Sell,232297948
2024-08-16 13:08:01,17400.0,3000,Sell,232298327
2024-08-16 13:08:03,17400.0,2200,Sell,232298602
2024-08-16 13:08:15,17400.0,100,Sell,232299562
2024-08-16 13:08:24,17400.0,1000,Sell,232300160
2024-08-16 13:08:29,17400.0,300,Sell,232300593
2024-08-16 13:08:29,17400.0,5400,Sell,232300592
2024-08-16 13:08:46,17400.0,1000,Sell,232301512
2024-08-16 13:08:48,17400.0,200,Sell,232301650
2024-08-16 13:09:01,17400.0,500,Sell,232302389
2024-08-16 13:09:01,17400.0,100,Sell,232302390
2024-08-16 13:09:01,17400.0,5000,Sell,232302391
2024-08-16 13:09:01,17400.0,3900,Sell,232302392
2024-08-16 13:09:04,17400.0,500,Sell,232302587
2024-08-16 13:09:07,17400.0,100,Sell,232302879
2024-08-16 13:09:07,17400.0,5600,Sell,232302778
2024-08-16 13:09:07,17400.0,100,Sell,232302779
2024-08-16 13:09:07,17400.0,2200,Sell,232302808
2024-08-16 13:09:13,17400.0,100,Sell,232303212
2024-08-16 13:09:29,17400.0,500,Sell,232304209
2024-08-16 13:09:31,17400.0,200,Sell,232304334
2024-08-16 13:09:31,17400.0,600,Sell,232304335
2024-08-16 13:09:31,17400.0,1000,Sell,232304336
2024-08-16 13:09:31,17400.0,200,Sell,232304337
2024-08-16 13:09:32,17450.0,100,Buy,232304356
2024-08-16 13:09:33,17400.0,100,Sell,232304402
2024-08-16 13:09:35,17400.0,1000,Sell,232304559
2024-08-16 13:09:38,17400.0,2000,Sell,232304814
2024-08-16 13:09:38,17400.0,200,Sell,232304813
2024-08-16 13:09:38,17400.0,200,Sell,232304815
2024-08-16 13:09:38,17400.0,2400,Sell,232304816
2024-08-16 13:09:42,17400.0,400,Sell,232305063
2024-08-16 13:09:57,17400.0,1000,Sell,232305935
2024-08-16 13:09:57,17400.0,100,Sell,232305936
2024-08-16 13:09:57,17400.0,3000,Sell,232305937
2024-08-16 13:09:57,17400.0,600,Sell,232305938
2024-08-16 13:09:57,17400.0,1000,Sell,232305934
2024-08-16 13:10:01,17400.0,200,Sell,232306255
2024-08-16 13:10:01,17400.0,900,Sell,232306257
2024-08-16 13:10:01,17400.0,500,Sell,232306253
2024-08-16 13:10:01,17400.0,4400,Sell,232306252
2024-08-16 13:10:01,17400.0,2000,Sell,232306254
2024-08-16 13:10:01,17400.0,2000,Sell,232306256
2024-08-16 13:10:03,17400.0,100,Sell,232306472
2024-08-16 13:10:03,17400.0,200,Sell,232306473
2024-08-16 13:10:08,17400.0,800,Sell,232306752
2024-08-16 13:10:08,17400.0,100,Sell,232306753
2024-08-16 13:10:08,17400.0,500,Sell,232306754
2024-08-16 13:10:08,17400.0,800,Sell,232306755
2024-08-16 13:10:09,17400.0,500,Sell,232306893
2024-08-16 13:10:19,17400.0,100,Sell,232307393
2024-08-16 13:10:21,17400.0,8600,Sell,232307458
2024-08-16 13:10:21,17400.0,1400,Sell,232307459
2024-08-16 13:10:24,17400.0,500,Sell,232307657
2024-08-16 13:10:25,17400.0,4900,Sell,232307765
2024-08-16 13:10:25,17400.0,500,Sell,232307766
2024-08-16 13:10:25,17400.0,6100,Sell,232307767
2024-08-16 13:10:30,17400.0,1000,Sell,232308140
2024-08-16 13:10:31,17400.0,700,Sell,232308169
2024-08-16 13:10:31,17400.0,1000,Sell,232308170
2024-08-16 13:10:34,17350.0,5700,Sell,232308399
2024-08-16 13:11:04,17350.0,5700,Sell,232310287
2024-08-16 13:11:08,17400.0,100,Buy,232310527
2024-08-16 13:11:09,17400.0,5000,Buy,232310624
2024-08-16 13:11:09,17400.0,100,Buy,232310611
2024-08-16 13:11:16,17400.0,2000,Buy,232310976
2024-08-16 13:11:22,17400.0,1100,Buy,232311331
2024-08-16 13:11:22,17400.0,500,Buy,232311332
2024-08-16 13:11:22,17400.0,200,Buy,232311333
2024-08-16 13:11:23,17400.0,100,Buy,232311380
2024-08-16 13:11:25,17350.0,2200,Sell,232311487
2024-08-16 13:11:31,17350.0,5700,Sell,232311910
2024-08-16 13:11:45,17350.0,2200,Sell,232312748
2024-08-16 13:12:01,17350.0,5700,Sell,232313858
2024-08-16 13:12:27,17350.0,5700,Sell,232315276
2024-08-16 13:12:35,17400.0,3000,Buy,232315846
2024-08-16 13:12:37,17350.0,1400,Sell,232315923
2024-08-16 13:12:38,17400.0,500,Buy,232315935
2024-08-16 13:12:38,17400.0,1600,Buy,232315934
2024-08-16 13:12:38,17400.0,1700,Buy,232315930
2024-08-16 13:12:38,17400.0,2000,Buy,232315932
2024-08-16 13:12:38,17400.0,4000,Buy,232315933
2024-08-16 13:12:38,17400.0,200,Buy,232315931
2024-08-16 13:12:51,17350.0,5700,Sell,232316621
2024-08-16 13:13:11,17400.0,2700,Buy,232317889
2024-08-16 13:13:11,17400.0,2000,Buy,232317890
2024-08-16 13:13:11,17400.0,300,Buy,232317891
2024-08-16 13:13:11,17350.0,5700,Sell,232317837
2024-08-16 13:13:15,17400.0,500,Buy,232318011
2024-08-16 13:13:22,17400.0,300,Buy,232318313
2024-08-16 13:13:28,17400.0,800,Buy,232318591
2024-08-16 13:13:31,17350.0,5700,Sell,232318795
2024-08-16 13:13:40,17400.0,500,Buy,232319311
2024-08-16 13:13:40,17400.0,500,Buy,232319310
2024-08-16 13:13:40,17400.0,100,Buy,232319309
2024-08-16 13:13:40,17400.0,800,Buy,232319308
2024-08-16 13:13:40,17400.0,500,Buy,232319304
2024-08-16 13:13:40,17400.0,100,Buy,232319306
2024-08-16 13:13:40,17400.0,42000,Buy,232319305
2024-08-16 13:13:40,17400.0,100,Buy,232319302
2024-08-16 13:13:40,17400.0,500,Buy,232319307
2024-08-16 13:13:40,17400.0,5500,Buy,232319303
2024-08-16 13:13:56,17400.0,2000,Sell,232320268
2024-08-16 13:13:57,17400.0,5400,Sell,232320400
2024-08-16 13:13:57,17400.0,5700,Sell,232320357
2024-08-16 13:14:06,17400.0,3000,Sell,232320919
2024-08-16 13:14:20,17400.0,5700,Sell,232321712
2024-08-16 13:14:25,17400.0,5000,Sell,232321950
2024-08-16 13:14:26,17400.0,5000,Sell,232321978
2024-08-16 13:14:42,17400.0,5700,Sell,232322759
2024-08-16 13:15:05,17400.0,200,Sell,232323929
2024-08-16 13:15:08,17400.0,100,Sell,232324034
2024-08-16 13:15:13,17400.0,5000,Sell,232324221
2024-08-16 13:15:20,17400.0,5700,Sell,232324606
2024-08-16 13:15:34,17400.0,200,Sell,232325261
2024-08-16 13:15:43,17400.0,200,Sell,232325764
2024-08-16 13:15:43,17400.0,700,Sell,232325763
2024-08-16 13:15:54,17400.0,100,Sell,232326309
2024-08-16 13:15:56,17400.0,1000,Sell,232326446
2024-08-16 13:16:01,17400.0,100,Sell,232326654
2024-08-16 13:16:09,17400.0,1000,Sell,232327054
2024-08-16 13:16:09,17400.0,10000,Sell,232327053
2024-08-16 13:16:09,17400.0,5000,Sell,232327052
2024-08-16 13:16:09,17400.0,200,Sell,232327051
2024-08-16 13:16:09,17400.0,1000,Sell,232327050
2024-08-16 13:16:09,17400.0,200,Sell,232327049
2024-08-16 13:16:09,17400.0,1000,Sell,232327048
2024-08-16 13:16:09,17400.0,5000,Sell,232327047
2024-08-16 13:16:09,17400.0,1500,Sell,232327045
2024-08-16 13:16:09,17400.0,500,Sell,232327044
2024-08-16 13:16:09,17400.0,500,Sell,232327043
2024-08-16 13:16:09,17400.0,1300,Sell,232327042
2024-08-16 13:16:09,17400.0,200,Sell,232327041
2024-08-16 13:16:09,17400.0,3600,Sell,232327040
2024-08-16 13:16:09,17400.0,4000,Sell,232327046
2024-08-16 13:16:12,17450.0,100,Buy,232327146
2024-08-16 13:16:14,17400.0,600,Sell,232327298
2024-08-16 13:16:16,17400.0,5000,Sell,232327386
2024-08-16 13:16:24,17400.0,16900,Sell,232327678
2024-08-16 13:16:24,17400.0,200,Sell,232327677
2024-08-16 13:16:24,17400.0,2000,Sell,232327676
2024-08-16 13:16:24,17400.0,500,Sell,232327674
2024-08-16 13:16:24,17400.0,5000,Sell,232327673
2024-08-16 13:16:24,17400.0,5000,Sell,232327672
2024-08-16 13:16:24,17400.0,3400,Sell,232327671
2024-08-16 13:16:24,17400.0,2000,Sell,232327675
2024-08-16 13:16:26,17400.0,100,Sell,232327767
2024-08-16 13:16:39,17450.0,300,Buy,232328532
2024-08-16 13:16:39,17450.0,100,Buy,232328533
2024-08-16 13:16:42,17400.0,3000,Sell,232328671
2024-08-16 13:16:44,17450.0,200,Buy,232328802
2024-08-16 13:16:44,17450.0,100,Buy,232328809
2024-08-16 13:16:44,17450.0,100,Buy,232328801
2024-08-16 13:16:44,17450.0,400,Buy,232328797
2024-08-16 13:16:44,17450.0,100,Buy,232328799
2024-08-16 13:16:44,17450.0,1000,Buy,232328798
2024-08-16 13:16:44,17450.0,100,Buy,232328796
2024-08-16 13:16:44,17450.0,1000,Buy,232328800
2024-08-16 13:16:54,17450.0,2900,Buy,232329364
2024-08-16 13:16:54,17450.0,100,Buy,232329365
2024-08-16 13:16:54,17450.0,200,Buy,232329366
2024-08-16 13:16:54,17450.0,1800,Buy,232329367
2024-08-16 13:17:05,17400.0,200,Sell,232329809
2024-08-16 13:17:05,17450.0,1000,Buy,232329827
2024-08-16 13:17:08,17450.0,1000,Buy,232329979
2024-08-16 13:17:09,17400.0,5000,Sell,232330009
2024-08-16 13:17:09,17400.0,100,Sell,232330010
2024-08-16 13:17:09,17400.0,500,Sell,232330011
2024-08-16 13:17:09,17400.0,1000,Sell,232330012
2024-08-16 13:17:09,17400.0,100,Sell,232330013
2024-08-16 13:17:09,17400.0,3000,Sell,232330014
2024-08-16 13:17:09,17400.0,79800,Sell,232330008
2024-08-16 13:17:10,17400.0,10500,Buy,232330062
2024-08-16 13:17:25,17400.0,200,Sell,232330658
2024-08-16 13:17:25,17400.0,100,Sell,232330659
2024-08-16 13:17:26,17400.0,24700,Buy,232330711
2024-08-16 13:17:28,17400.0,5000,Buy,232330763
2024-08-16 13:17:30,17400.0,10000,Buy,232330977
2024-08-16 13:17:32,17400.0,85000,Buy,232331065
2024-08-16 13:17:46,17400.0,1000,Buy,232331705
2024-08-16 13:17:46,17400.0,200,Buy,232331732
2024-08-16 13:17:46,17400.0,1800,Buy,232331733
2024-08-16 13:17:51,17400.0,300,Buy,232331857
2024-08-16 13:17:53,17350.0,2000,Sell,232331908
2024-08-16 13:18:05,17350.0,10600,Sell,232332572
2024-08-16 13:18:05,17350.0,4900,Sell,232332573
2024-08-16 13:18:11,17400.0,4500,Buy,232332911
2024-08-16 13:18:17,17400.0,20000,Buy,232333208
2024-08-16 13:18:20,17400.0,10000,Sell,232333314
2024-08-16 13:18:20,17400.0,2000,Buy,232333313
2024-08-16 13:18:20,17400.0,2000,Buy,232333312
2024-08-16 13:18:20,17400.0,18400,Buy,232333308
2024-08-16 13:18:20,17400.0,3000,Buy,232333310
2024-08-16 13:18:20,17400.0,2300,Buy,232333309
2024-08-16 13:18:20,17400.0,1000,Buy,232333311
2024-08-16 13:18:25,17400.0,5700,Sell,232333658
2024-08-16 13:18:31,17400.0,100,Sell,232333960
2024-08-16 13:18:46,17400.0,1000,Sell,232334660
2024-08-16 13:18:50,17400.0,1000,Sell,232334937
2024-08-16 13:18:50,17400.0,100,Sell,232334936
2024-08-16 13:18:50,17400.0,200,Sell,232334934
2024-08-16 13:18:50,17400.0,4500,Sell,232334933
2024-08-16 13:18:50,17400.0,2000,Sell,232334935
2024-08-16 13:18:53,17350.0,4100,Sell,232335213
2024-08-16 13:18:53,17350.0,1600,Sell,232335214
2024-08-16 13:18:59,17400.0,1400,Buy,232335516
2024-08-16 13:19:03,17400.0,1000,Buy,232335718
2024-08-16 13:19:04,17400.0,5000,Buy,232335737
2024-08-16 13:19:06,17400.0,100,Buy,232335799
2024-08-16 13:19:08,17400.0,500,Buy,232335878
2024-08-16 13:19:11,17350.0,1400,Sell,232336034
2024-08-16 13:19:11,17350.0,400,Sell,232336032
2024-08-16 13:19:11,17350.0,200,Sell,232336033
2024-08-16 13:19:19,17350.0,5600,Sell,232336398
2024-08-16 13:19:19,17350.0,100,Sell,232336399
2024-08-16 13:19:27,17400.0,2000,Buy,232336801
2024-08-16 13:19:41,17400.0,200,Buy,232337445
2024-08-16 13:19:41,17400.0,800,Buy,232337446
2024-08-16 13:19:49,17350.0,1900,Sell,232337896
2024-08-16 13:19:49,17350.0,1000,Sell,232337897
2024-08-16 13:19:49,17350.0,2800,Sell,232337898
2024-08-16 13:19:53,17350.0,100,Sell,232338164
2024-08-16 13:19:55,17400.0,500,Buy,232338288
2024-08-16 13:20:06,17400.0,5000,Buy,232338822
2024-08-16 13:20:20,17400.0,9900,Buy,232339311
2024-08-16 13:20:22,17400.0,5000,Buy,232339355
2024-08-16 13:20:24,17350.0,2100,Sell,232339499
2024-08-16 13:20:24,17350.0,500,Sell,232339500
2024-08-16 13:20:24,17350.0,200,Sell,232339501
2024-08-16 13:20:24,17350.0,2900,Sell,232339502
2024-08-16 13:20:25,17400.0,1000,Buy,232339549
2024-08-16 13:20:25,17400.0,300,Buy,232339550
2024-08-16 13:20:25,17400.0,2800,Buy,232339547
2024-08-16 13:20:25,17400.0,1000,Buy,232339528
2024-08-16 13:20:25,17400.0,400,Buy,232339548
2024-08-16 13:20:30,17400.0,500,Sell,232339807
2024-08-16 13:20:40,17400.0,2000,Buy,232340467
2024-08-16 13:20:41,17400.0,1000,Buy,232340477
2024-08-16 13:20:42,17400.0,55600,Buy,232340512
2024-08-16 13:20:45,17400.0,100,Buy,232340650
2024-08-16 13:20:46,17400.0,40800,Buy,232340700
2024-08-16 13:20:52,17400.0,100,Buy,232341010
2024-08-16 13:20:57,17400.0,200,Sell,232341288
2024-08-16 13:21:04,17400.0,900,Sell,232341675
2024-08-16 13:21:04,17400.0,100,Sell,232341674
2024-08-16 13:21:06,17400.0,1000,Sell,232341778
2024-08-16 13:21:06,17400.0,2100,Sell,232341776
2024-08-16 13:21:06,17400.0,3000,Sell,232341777
2024-08-16 13:21:07,17400.0,27700,Buy,232341801
2024-08-16 13:21:16,17400.0,200,Sell,232342196
2024-08-16 13:21:16,17400.0,5500,Sell,232342197
2024-08-16 13:21:28,17400.0,100,Sell,232342884
2024-08-16 13:21:33,17400.0,100,Sell,232343089
2024-08-16 13:21:33,17400.0,200,Sell,232343088
2024-08-16 13:21:33,17400.0,2000,Sell,232343087
2024-08-16 13:21:33,17400.0,3000,Sell,232343086
2024-08-16 13:21:33,17400.0,1000,Sell,232343085
2024-08-16 13:21:33,17400.0,1000,Sell,232343084
2024-08-16 13:21:33,17400.0,400,Sell,232343082
2024-08-16 13:21:33,17400.0,100,Sell,232343081
2024-08-16 13:21:33,17400.0,1000,Sell,232343080
2024-08-16 13:21:33,17400.0,500,Sell,232343079
2024-08-16 13:21:33,17400.0,14400,Sell,232343078
2024-08-16 13:21:33,17400.0,20000,Sell,232343083
2024-08-16 13:21:34,17400.0,100,Buy,232343098
2024-08-16 13:21:36,17400.0,2500,Buy,232343211
2024-08-16 13:21:46,17400.0,500,Buy,232343580
2024-08-16 13:21:48,17350.0,2100,Sell,232343690
2024-08-16 13:21:48,17350.0,200,Sell,232343691
2024-08-16 13:21:48,17350.0,200,Sell,232343692
2024-08-16 13:21:48,17350.0,1000,Sell,232343693
2024-08-16 13:21:48,17350.0,100,Sell,232343695
2024-08-16 13:21:48,17350.0,900,Sell,232343698
2024-08-16 13:21:48,17350.0,500,Sell,232343694
2024-08-16 13:21:48,17350.0,500,Sell,232343696
2024-08-16 13:21:48,17350.0,200,Sell,232343697
2024-08-16 13:22:03,17350.0,100,Sell,232344398
2024-08-16 13:22:05,17400.0,200,Buy,232344444
2024-08-16 13:22:15,17400.0,600,Buy,232344856
2024-08-16 13:22:15,17400.0,5000,Buy,232344906
2024-08-16 13:22:22,17350.0,5700,Sell,232345293
2024-08-16 13:22:33,17400.0,2400,Buy,232345751
2024-08-16 13:22:33,17400.0,2600,Buy,232345755
2024-08-16 13:22:35,17400.0,1000,Buy,232345792
2024-08-16 13:22:39,17350.0,3600,Sell,232346044
2024-08-16 13:22:41,17400.0,100,Buy,232346188
2024-08-16 13:22:50,17350.0,4700,Sell,232346675
2024-08-16 13:22:50,17350.0,1000,Sell,232346676
2024-08-16 13:23:08,17400.0,100,Buy,232347496
2024-08-16 13:23:13,17400.0,1000,Buy,232347790
2024-08-16 13:23:24,17350.0,100,Sell,232348317
2024-08-16 13:23:24,17350.0,1800,Sell,232348318
2024-08-16 13:23:24,17350.0,800,Sell,232348315
2024-08-16 13:23:24,17350.0,1000,Sell,232348314
2024-08-16 13:23:24,17350.0,2000,Sell,232348316
2024-08-16 13:23:55,17350.0,3200,Sell,232349762
2024-08-16 13:23:55,17350.0,1000,Sell,232349763
2024-08-16 13:23:55,17350.0,200,Sell,232349764
2024-08-16 13:23:55,17350.0,500,Sell,232349765
2024-08-16 13:23:55,17350.0,100,Sell,232349766
2024-08-16 13:23:55,17350.0,1000,Sell,232349767
2024-08-16 13:23:55,17350.0,100,Sell,232349768
2024-08-16 13:23:55,17350.0,3900,Sell,232349769
2024-08-16 13:24:00,17350.0,5700,Sell,232350046
2024-08-16 13:24:38,17400.0,1000,Buy,232351627
2024-08-16 13:25:00,17400.0,5000,Buy,232352492
2024-08-16 13:25:12,17400.0,500,Buy,232353013
2024-08-16 13:25:14,17350.0,400,Sell,232353061
2024-08-16 13:25:14,17350.0,600,Sell,232353062
2024-08-16 13:25:43,17400.0,300,Buy,232354226
2024-08-16 13:25:51,17350.0,700,Sell,232354605
2024-08-16 13:25:51,17350.0,600,Sell,232354606
2024-08-16 13:25:51,17350.0,900,Sell,232354604
2024-08-16 13:25:51,17350.0,100,Sell,232354603
2024-08-16 13:25:51,17350.0,100,Sell,232354602
2024-08-16 13:25:51,17350.0,2000,Sell,232354600
2024-08-16 13:25:51,17350.0,400,Sell,232354599
2024-08-16 13:25:51,17350.0,10000,Sell,232354601
2024-08-16 13:26:05,17400.0,1000,Buy,232355209
2024-08-16 13:26:06,17400.0,2700,Buy,232355235
2024-08-16 13:26:12,17400.0,5000,Buy,232355455
2024-08-16 13:26:29,17400.0,200,Buy,232356024
2024-08-16 13:26:43,17400.0,1000,Buy,232356604
2024-08-16 13:26:48,17350.0,3500,Sell,232356733
2024-08-16 13:26:48,17350.0,1500,Sell,232356732
2024-08-16 13:26:49,17400.0,1000,Buy,232356743
2024-08-16 13:26:55,17400.0,5000,Buy,232357034
2024-08-16 13:27:01,17350.0,500,Sell,232357367
2024-08-16 13:27:01,17350.0,500,Sell,232357368
2024-08-16 13:27:25,17400.0,200,Buy,232358400
2024-08-16 13:27:47,17400.0,100,Buy,232359372
2024-08-16 13:27:49,17400.0,2000,Buy,232359433
2024-08-16 13:27:51,17400.0,300,Buy,232359493
2024-08-16 13:27:58,17350.0,600,Sell,232359795
2024-08-16 13:27:59,17400.0,1000,Buy,232359812
2024-08-16 13:28:13,17400.0,1000,Buy,232360309
2024-08-16 13:28:23,17400.0,1000,Buy,232360757
2024-08-16 13:28:28,17400.0,100,Buy,232360951
2024-08-16 13:28:47,17400.0,5000,Buy,232361906
2024-08-16 13:28:58,17400.0,300,Buy,232362380
2024-08-16 13:29:02,17400.0,5000,Buy,232362565
2024-08-16 13:29:02,17400.0,400,Buy,232362566
2024-08-16 13:29:02,17400.0,100,Buy,232362567
2024-08-16 13:29:02,17400.0,15600,Buy,232362568
2024-08-16 13:29:02,17400.0,5000,Buy,232362569
2024-08-16 13:29:02,17400.0,100,Buy,232362572
2024-08-16 13:29:02,17400.0,200,Buy,232362571
2024-08-16 13:29:02,17400.0,600,Buy,232362579
2024-08-16 13:29:02,17400.0,100,Buy,232362580
2024-08-16 13:29:02,17400.0,500,Buy,232362581
2024-08-16 13:29:02,17400.0,100,Buy,232362564
2024-08-16 13:29:02,17400.0,11200,Buy,232362570
2024-08-16 13:29:02,17400.0,100,Buy,232362563
2024-08-16 13:29:02,17450.0,5900,Buy,232362583
2024-08-16 13:29:02,17400.0,10000,Buy,232362561
2024-08-16 13:29:02,17400.0,100,Buy,232362562
2024-08-16 13:29:02,17400.0,61500,Buy,232362549
2024-08-16 13:29:02,17400.0,100,Buy,232362550
2024-08-16 13:29:02,17400.0,5000,Buy,232362551
2024-08-16 13:29:02,17400.0,1000,Buy,232362552
2024-08-16 13:29:02,17400.0,1000,Buy,232362553
2024-08-16 13:29:02,17450.0,1200,Buy,232362582
2024-08-16 13:29:02,17400.0,300,Buy,232362555
2024-08-16 13:29:02,17400.0,1000,Buy,232362559
2024-08-16 13:29:02,17400.0,1000,Buy,232362554
2024-08-16 13:29:02,17400.0,800,Buy,232362560
2024-08-16 13:29:02,17400.0,100,Buy,232362557
2024-08-16 13:29:02,17400.0,20000,Buy,232362558
2024-08-16 13:29:02,17400.0,2000,Buy,232362556
2024-08-16 13:29:03,17450.0,200,Buy,232362602
2024-08-16 13:29:08,17350.0,900,Sell,232362843
2024-08-16 13:29:24,17400.0,300,Buy,232363469
2024-08-16 13:29:30,17400.0,7900,Buy,232363648
2024-08-16 13:29:45,17400.0,500,Buy,232364361
2024-08-16 13:29:45,17400.0,3700,Buy,232364362
2024-08-16 13:29:45,17400.0,5000,Buy,232364222
2024-08-16 13:29:45,17400.0,5800,Buy,232364360
2024-08-16 13:29:49,17400.0,3000,Buy,232364510
2024-08-16 13:30:02,17400.0,10000,Buy,232365167
2024-08-16 13:30:03,17400.0,300,Buy,232365306
2024-08-16 13:30:04,17400.0,500,Buy,232365361
2024-08-16 13:30:06,17400.0,5000,Buy,232365467
2024-08-16 13:30:10,17400.0,1700,Buy,232365709
2024-08-16 13:30:11,17400.0,500,Buy,232365760
2024-08-16 13:30:11,17400.0,7800,Buy,232365759
2024-08-16 13:30:15,17400.0,1000,Sell,232366036
2024-08-16 13:30:33,17400.0,2000,Sell,232366991
2024-08-16 13:30:38,17400.0,2000,Sell,232367354
2024-08-16 13:30:38,17400.0,500,Sell,232367355
2024-08-16 13:30:38,17400.0,2500,Sell,232367356
2024-08-16 13:30:44,17400.0,5000,Sell,232367587
2024-08-16 13:30:44,17450.0,300,Buy,232367590
2024-08-16 13:30:53,17400.0,100,Sell,232367918
2024-08-16 13:30:55,17400.0,200,Sell,232367997
2024-08-16 13:30:56,17400.0,10000,Sell,232368002
2024-08-16 13:31:02,17400.0,100,Sell,232368279
2024-08-16 13:31:16,17400.0,5800,Sell,232368830
2024-08-16 13:31:19,17400.0,600,Sell,232368908
2024-08-16 13:31:20,17400.0,500,Sell,232368952
2024-08-16 13:31:38,17400.0,1000,Sell,232369858
2024-08-16 13:31:47,17400.0,100,Sell,232370265
2024-08-16 13:32:12,17400.0,1000,Sell,232371605
2024-08-16 13:32:20,17450.0,200,Buy,232372013
2024-08-16 13:32:28,17400.0,13500,Sell,232372424
2024-08-16 13:32:28,17400.0,3300,Sell,232372490
2024-08-16 13:32:32,17450.0,1500,Buy,232372666
2024-08-16 13:32:39,17400.0,2000,Sell,232372902
2024-08-16 13:32:39,17450.0,5000,Buy,232372915
2024-08-16 13:32:45,17400.0,300,Sell,232373222
2024-08-16 13:32:58,17400.0,5000,Sell,232373893
2024-08-16 13:33:00,17450.0,5000,Buy,232374001
2024-08-16 13:33:03,17450.0,100,Buy,232374152
2024-08-16 13:33:06,17400.0,2000,Sell,232374295
2024-08-16 13:33:12,17450.0,5000,Buy,232374600
2024-08-16 13:33:29,17450.0,3800,Buy,232375326
2024-08-16 13:33:31,17400.0,200,Sell,232375453
2024-08-16 13:33:31,17450.0,100,Buy,232375420
2024-08-16 13:33:32,17450.0,1000,Buy,232375466
2024-08-16 13:33:37,17400.0,3000,Sell,232375714
2024-08-16 13:33:57,17400.0,5000,Sell,232376659
2024-08-16 13:34:03,17450.0,100,Buy,232376879
2024-08-16 13:34:06,17450.0,5000,Buy,232376998
2024-08-16 13:34:13,17450.0,10000,Buy,232377264
2024-08-16 13:34:24,17450.0,200,Buy,232377654
2024-08-16 13:34:42,17450.0,2000,Buy,232378266
2024-08-16 13:34:50,17450.0,3000,Buy,232378645
2024-08-16 13:34:51,17450.0,100,Buy,232378730
2024-08-16 13:34:52,17450.0,1500,Buy,232378771
2024-08-16 13:34:52,17450.0,500,Buy,232378772
2024-08-16 13:34:52,17450.0,500,Buy,232378773
2024-08-16 13:34:52,17450.0,500,Buy,232378774
2024-08-16 13:34:54,17450.0,400,Buy,232378875
2024-08-16 13:34:54,17450.0,200,Buy,232378876
2024-08-16 13:34:54,17450.0,200,Buy,232378877
2024-08-16 13:34:54,17450.0,9200,Buy,232378878
2024-08-16 13:34:56,17450.0,7800,Buy,232378954
2024-08-16 13:34:56,17450.0,400,Buy,232378942
2024-08-16 13:34:58,17450.0,2000,Buy,232379047
2024-08-16 13:34:59,17450.0,5000,Buy,232379107
2024-08-16 13:35:04,17400.0,4000,Sell,232379281
2024-08-16 13:35:07,17450.0,5600,Buy,232379421
2024-08-16 13:35:07,17450.0,400,Buy,232379422
2024-08-16 13:35:07,17450.0,500,Buy,232379423
2024-08-16 13:35:07,17450.0,3500,Buy,232379424
2024-08-16 13:35:11,17450.0,1500,Buy,232379683
2024-08-16 13:35:11,17450.0,500,Buy,232379684
2024-08-16 13:35:40,17400.0,1000,Sell,232380834
2024-08-16 13:37:01,17400.0,100,Sell,232383952
2024-08-16 13:37:02,17450.0,100,Buy,232384028
2024-08-16 13:37:02,17450.0,500,Buy,232384027
2024-08-16 13:37:03,17450.0,1000,Buy,232384052
2024-08-16 13:37:04,17400.0,500,Sell,232384098
2024-08-16 13:37:17,17450.0,900,Buy,232384545
2024-08-16 13:37:17,17450.0,100,Buy,232384546
2024-08-16 13:37:17,17450.0,1000,Buy,232384547
2024-08-16 13:37:17,17450.0,100,Buy,232384548
2024-08-16 13:37:17,17450.0,500,Buy,232384549
2024-08-16 13:37:17,17450.0,500,Buy,232384550
2024-08-16 13:37:17,17450.0,300,Buy,232384551
2024-08-16 13:37:17,17450.0,500,Buy,232384552
2024-08-16 13:37:17,17450.0,100,Buy,232384553
2024-08-16 13:37:17,17450.0,1000,Buy,232384554
2024-08-16 13:37:22,17450.0,300,Buy,232384731
2024-08-16 13:37:22,17450.0,100,Buy,232384730
2024-08-16 13:37:30,17450.0,500,Buy,232384970
2024-08-16 13:37:32,17450.0,100,Buy,232385036
2024-08-16 13:37:32,17450.0,300,Buy,232385037
2024-08-16 13:37:32,17450.0,2400,Buy,232385038
2024-08-16 13:37:32,17450.0,200,Buy,232385035
2024-08-16 13:37:45,17450.0,200,Buy,232385515
2024-08-16 13:38:02,17450.0,1000,Buy,232386177
2024-08-16 13:38:05,17450.0,300,Buy,232386245
2024-08-16 13:38:05,17450.0,4700,Buy,232386246
2024-08-16 13:38:10,17450.0,1000,Buy,232386420
2024-08-16 13:38:11,17450.0,500,Buy,232386440
2024-08-16 13:38:12,17450.0,5000,Buy,232386480
2024-08-16 13:38:22,17450.0,200,Buy,232386805
2024-08-16 13:38:28,17450.0,1000,Buy,232387034
2024-08-16 13:38:29,17450.0,200,Buy,232387114
2024-08-16 13:38:29,17450.0,2000,Buy,232387117
2024-08-16 13:38:29,17450.0,100,Buy,232387116
2024-08-16 13:38:29,17450.0,100,Buy,232387115
2024-08-16 13:38:29,17450.0,1000,Buy,232387113
2024-08-16 13:38:29,17450.0,3200,Buy,232387118
2024-08-16 13:38:29,17450.0,100,Buy,232387111
2024-08-16 13:38:29,17450.0,200,Buy,232387110
2024-08-16 13:38:29,17450.0,200,Buy,232387109
2024-08-16 13:38:29,17450.0,100,Buy,232387108
2024-08-16 13:38:29,17450.0,500,Buy,232387107
2024-08-16 13:38:29,17450.0,100,Buy,232387112
2024-08-16 13:38:29,17450.0,2200,Buy,232387106
2024-08-16 13:38:32,17450.0,1500,Buy,232387215
2024-08-16 13:38:33,17450.0,200,Buy,232387262
2024-08-16 13:38:33,17450.0,300,Buy,232387261
2024-08-16 13:38:37,17450.0,500,Buy,232387425
2024-08-16 13:38:37,17450.0,500,Buy,232387424
2024-08-16 13:38:37,17450.0,400,Buy,232387426
2024-08-16 13:38:37,17450.0,200,Buy,232387422
2024-08-16 13:38:37,17450.0,500,Buy,232387421
2024-08-16 13:38:37,17450.0,100,Buy,232387423
2024-08-16 13:38:37,17450.0,800,Buy,232387420
2024-08-16 13:38:39,17450.0,200,Buy,232387476
2024-08-16 13:38:43,17450.0,1000,Buy,232387705
2024-08-16 13:38:50,17450.0,200,Buy,232387923
2024-08-16 13:38:52,17450.0,200,Buy,232387992
2024-08-16 13:38:52,17450.0,300,Buy,232387993
2024-08-16 13:38:54,17450.0,100,Buy,232388028
2024-08-16 13:38:56,17450.0,1300,Buy,232388112
2024-08-16 13:39:06,17400.0,5700,Sell,232388540
2024-08-16 13:39:06,17400.0,100,Sell,232388547
2024-08-16 13:39:23,17450.0,500,Buy,232389335
2024-08-16 13:39:37,17450.0,800,Buy,232389792
2024-08-16 13:39:37,17450.0,200,Buy,232389793
2024-08-16 13:39:39,17400.0,5700,Sell,232389941
2024-08-16 13:39:48,17450.0,100,Buy,232390359
2024-08-16 13:39:49,17400.0,300,Sell,232390396
2024-08-16 13:39:51,17450.0,3300,Buy,232390459
2024-08-16 13:39:51,17450.0,1700,Buy,232390458
2024-08-16 13:40:04,17400.0,5700,Sell,232391103
2024-08-16 13:40:34,17400.0,5700,Sell,232392460
2024-08-16 13:40:56,17400.0,34700,Sell,232393351
2024-08-16 13:40:56,17400.0,2000,Sell,232393350
2024-08-16 13:40:56,17400.0,5000,Sell,232393349
2024-08-16 13:40:56,17400.0,1000,Sell,232393348
2024-08-16 13:40:56,17400.0,122600,Sell,232393347
2024-08-16 13:40:56,17400.0,100,Sell,232393346
2024-08-16 13:40:56,17400.0,100,Sell,232393345
2024-08-16 13:40:56,17400.0,7000,Sell,232393344
2024-08-16 13:40:56,17400.0,200,Sell,232393342
2024-08-16 13:40:56,17400.0,2500,Sell,232393341
2024-08-16 13:40:56,17400.0,300,Sell,232393340
2024-08-16 13:40:56,17400.0,100,Sell,232393339
2024-08-16 13:40:56,17400.0,5000,Sell,232393338
2024-08-16 13:40:56,17400.0,100,Sell,232393337
2024-08-16 13:40:56,17400.0,300,Sell,232393336
2024-08-16 13:40:56,17400.0,18800,Sell,232393335
2024-08-16 13:40:56,17400.0,200,Sell,232393343
2024-08-16 13:40:59,17450.0,600,Buy,232393502
2024-08-16 13:41:02,17400.0,200,Sell,232393635
2024-08-16 13:41:04,17400.0,3400,Sell,232393723
2024-08-16 13:41:04,17400.0,1000,Sell,232393721
2024-08-16 13:41:04,17400.0,100,Sell,232393722
2024-08-16 13:41:04,17400.0,1000,Sell,232393719
2024-08-16 13:41:04,17400.0,18700,Sell,232393717
2024-08-16 13:41:04,17400.0,700,Sell,232393718
2024-08-16 13:41:04,17400.0,100,Sell,232393720
2024-08-16 13:41:07,17400.0,400,Sell,232393844
2024-08-16 13:41:07,17400.0,1000,Sell,232393842
2024-08-16 13:41:07,17400.0,100,Sell,232393841
2024-08-16 13:41:07,17400.0,100,Sell,232393840
2024-08-16 13:41:07,17400.0,1000,Sell,232393839
2024-08-16 13:41:07,17400.0,1000,Sell,232393843
2024-08-16 13:41:07,17400.0,500,Sell,232393837
2024-08-16 13:41:07,17400.0,2000,Sell,232393836
2024-08-16 13:41:07,17400.0,4000,Sell,232393835
2024-08-16 13:41:07,17400.0,500,Sell,232393834
2024-08-16 13:41:07,17400.0,500,Sell,232393833
2024-08-16 13:41:07,17400.0,16600,Sell,232393832
2024-08-16 13:41:07,17400.0,1000,Sell,232393838
2024-08-16 13:41:08,17400.0,600,Sell,232393863
2024-08-16 13:41:08,17400.0,2000,Sell,232393864
2024-08-16 13:41:08,17400.0,3000,Sell,232393865
2024-08-16 13:41:08,17400.0,100,Sell,232393866
2024-08-16 13:41:08,17400.0,500,Sell,232393867
2024-08-16 13:41:08,17400.0,5600,Sell,232393870
2024-08-16 13:41:08,17400.0,900,Sell,232393869
2024-08-16 13:41:08,17400.0,500,Sell,232393871
2024-08-16 13:41:08,17400.0,10000,Sell,232393872
2024-08-16 13:41:08,17400.0,200,Sell,232393862
2024-08-16 13:41:08,17400.0,100,Sell,232393868
2024-08-16 13:41:08,17400.0,100,Sell,232393861
2024-08-16 13:41:08,17400.0,100,Sell,232393848
2024-08-16 13:41:08,17400.0,4000,Sell,232393859
2024-08-16 13:41:08,17400.0,800,Sell,232393849
2024-08-16 13:41:08,17400.0,1000,Sell,232393850
2024-08-16 13:41:08,17400.0,100,Sell,232393851
2024-08-16 13:41:08,17400.0,100,Sell,232393852
2024-08-16 13:41:08,17400.0,5000,Sell,232393853
2024-08-16 13:41:08,17400.0,100,Sell,232393860
2024-08-16 13:41:08,17400.0,2000,Sell,232393855
2024-08-16 13:41:08,17400.0,10000,Sell,232393856
2024-08-16 13:41:08,17400.0,10000,Sell,232393857
2024-08-16 13:41:08,17400.0,500,Sell,232393858
2024-08-16 13:41:08,17400.0,4000,Sell,232393854
2024-08-16 13:41:09,17400.0,1000,Buy,232393974
2024-08-16 13:41:28,17400.0,1100,Buy,232394654
2024-08-16 13:41:53,17400.0,500,Buy,232395571
2024-08-16 13:42:03,17400.0,400,Buy,232395920
2024-08-16 13:42:04,17400.0,5000,Buy,232395960
2024-08-16 13:42:06,17400.0,100,Buy,232396042
2024-08-16 13:42:12,17350.0,200,Sell,232396416
2024-08-16 13:42:19,17400.0,500,Buy,232396811
2024-08-16 13:42:52,17400.0,100,Buy,232398054
2024-08-16 13:43:09,17400.0,3100,Buy,232398654
2024-08-16 13:43:09,17400.0,1300,Buy,232398652
2024-08-16 13:43:09,17400.0,600,Buy,232398653
2024-08-16 13:43:26,17400.0,100,Buy,232399399
2024-08-16 13:43:28,17400.0,200,Buy,232399445
2024-08-16 13:43:46,17400.0,3000,Buy,232400044
2024-08-16 13:43:57,17400.0,300,Buy,232400372
2024-08-16 13:44:19,17400.0,3000,Buy,232401091
2024-08-16 13:44:29,17400.0,200,Buy,232401360
2024-08-16 13:45:13,17400.0,100,Buy,232402835
2024-08-16 13:45:13,17400.0,4900,Buy,232402836
2024-08-16 13:45:17,17400.0,200,Buy,232402957
2024-08-16 13:45:33,17400.0,800,Buy,232403748
2024-08-16 13:45:34,17400.0,2000,Buy,232403801
2024-08-16 13:46:18,17400.0,400,Buy,232405502
2024-08-16 13:46:20,17400.0,400,Buy,232405573
2024-08-16 13:46:29,17400.0,2000,Buy,232405885
2024-08-16 13:46:50,17400.0,10000,Buy,232406745
2024-08-16 13:46:51,17350.0,6200,Sell,232406793
2024-08-16 13:46:51,17350.0,2800,Sell,232406791
2024-08-16 13:46:51,17350.0,1000,Sell,232406792
2024-08-16 13:46:53,17400.0,5000,Buy,232406849
2024-08-16 13:46:59,17400.0,500,Buy,232407036
2024-08-16 13:47:00,17400.0,1000,Buy,232407053
2024-08-16 13:47:03,17400.0,5000,Buy,232407152
2024-08-16 13:47:05,17350.0,3000,Sell,232407228
2024-08-16 13:47:09,17350.0,5000,Sell,232407383
2024-08-16 13:47:13,17400.0,1900,Buy,232407539
2024-08-16 13:47:21,17400.0,10000,Buy,232407966
2024-08-16 13:47:23,17400.0,100,Buy,232408041
2024-08-16 13:47:26,17400.0,100,Buy,232408142
2024-08-16 13:47:31,17400.0,100,Buy,232408325
2024-08-16 13:47:31,17400.0,1000,Buy,232408324
2024-08-16 13:47:48,17400.0,400,Buy,232409060
2024-08-16 13:47:48,17400.0,9600,Buy,232409059
2024-08-16 13:47:57,17400.0,100,Buy,232409395
2024-08-16 13:47:57,17400.0,100,Buy,232409450
2024-08-16 13:47:59,17400.0,2000,Buy,232409524
2024-08-16 13:48:07,17400.0,200,Buy,232409819
2024-08-16 13:48:07,17400.0,1000,Buy,232409820
2024-08-16 13:48:07,17400.0,300,Buy,232409821
2024-08-16 13:48:10,17400.0,14300,Buy,232410005
2024-08-16 13:48:10,17400.0,10000,Buy,232410004
2024-08-16 13:48:10,17400.0,3800,Buy,232410003
2024-08-16 13:48:14,17400.0,10000,Buy,232410141
2024-08-16 13:48:14,17400.0,1000,Buy,232410151
2024-08-16 13:48:16,17400.0,2000,Buy,232410207
2024-08-16 13:48:19,17400.0,1200,Buy,232410323
2024-08-16 13:48:19,17400.0,2500,Buy,232410329
2024-08-16 13:48:19,17400.0,11700,Buy,232410330
2024-08-16 13:48:22,17400.0,500,Buy,232410426
2024-08-16 13:48:33,17400.0,300,Buy,232410784
2024-08-16 13:48:34,17400.0,500,Buy,232410823
2024-08-16 13:48:34,17400.0,2000,Buy,232410824
2024-08-16 13:48:34,17400.0,100,Buy,232410825
2024-08-16 13:48:34,17400.0,800,Buy,232410826
2024-08-16 13:48:34,17400.0,200,Buy,232410830
2024-08-16 13:48:34,17400.0,2000,Buy,232410828
2024-08-16 13:48:34,17400.0,100,Buy,232410829
2024-08-16 13:48:34,17400.0,100,Buy,232410822
2024-08-16 13:48:34,17400.0,2000,Buy,232410827
2024-08-16 13:48:34,17400.0,100,Buy,232410821
2024-08-16 13:48:34,17400.0,6500,Buy,232410810
2024-08-16 13:48:34,17400.0,1000,Buy,232410819
2024-08-16 13:48:34,17400.0,1000,Buy,232410792
2024-08-16 13:48:34,17400.0,1000,Buy,232410811
2024-08-16 13:48:34,17400.0,1500,Buy,232410812
2024-08-16 13:48:34,17400.0,1000,Buy,232410813
2024-08-16 13:48:34,17400.0,100,Buy,232410820
2024-08-16 13:48:34,17400.0,20000,Buy,232410815
2024-08-16 13:48:34,17400.0,500,Buy,232410816
2024-08-16 13:48:34,17400.0,1000,Buy,232410817
2024-08-16 13:48:34,17400.0,4000,Buy,232410818
2024-08-16 13:48:34,17400.0,100,Buy,232410814
2024-08-16 13:48:55,17400.0,100,Sell,232411564
2024-08-16 13:48:55,17400.0,5000,Sell,232411562
2024-08-16 13:48:55,17400.0,5400,Sell,232411561
2024-08-16 13:48:55,17400.0,2000,Sell,232411563
2024-08-16 13:49:08,17400.0,1000,Buy,232411979
2024-08-16 13:49:09,17400.0,200,Buy,232411997
2024-08-16 13:49:24,17400.0,5000,Buy,232412767
2024-08-16 13:49:31,17400.0,200,Buy,232413056
2024-08-16 13:49:32,17400.0,300,Buy,232413089
2024-08-16 13:49:37,17400.0,900,Buy,232413319
2024-08-16 13:49:43,17400.0,1000,Buy,232413481
2024-08-16 13:49:47,17400.0,5000,Buy,232413614
2024-08-16 13:49:51,17400.0,1000,Buy,232413772
2024-08-16 13:49:52,17400.0,2000,Buy,232413810
2024-08-16 13:49:57,17400.0,5000,Buy,232413987
2024-08-16 13:50:00,17400.0,1000,Buy,232414074
2024-08-16 13:50:02,17400.0,500,Buy,232414104
2024-08-16 13:50:02,17400.0,1500,Buy,232414120
2024-08-16 13:50:05,17400.0,2000,Buy,232414184
2024-08-16 13:50:06,17400.0,4400,Buy,232414247
2024-08-16 13:50:12,17400.0,300,Buy,232414477
2024-08-16 13:50:12,17400.0,1000,Buy,232414476
2024-08-16 13:50:12,17400.0,9000,Buy,232414475
2024-08-16 13:50:12,17400.0,500,Buy,232414474
2024-08-16 13:50:12,17400.0,3200,Buy,232414473
2024-08-16 13:50:12,17400.0,2000,Buy,232414471
2024-08-16 13:50:12,17400.0,500,Buy,232414470
2024-08-16 13:50:12,17400.0,1000,Buy,232414469
2024-08-16 13:50:12,17400.0,5000,Buy,232414468
2024-08-16 13:50:12,17400.0,2700,Buy,232414466
2024-08-16 13:50:12,17400.0,100,Buy,232414472
2024-08-16 13:50:26,17400.0,2500,Sell,232414914
2024-08-16 13:50:28,17400.0,2200,Sell,232414997
2024-08-16 13:50:28,17400.0,1000,Sell,232414996
2024-08-16 13:50:28,17400.0,1000,Sell,232414994
2024-08-16 13:50:28,17400.0,44400,Sell,232414993
2024-08-16 13:50:28,17400.0,10000,Sell,232414995
2024-08-16 13:50:34,17400.0,1000,Buy,232415175
2024-08-16 13:50:39,17400.0,400,Buy,232415813
2024-08-16 13:50:39,17400.0,2000,Buy,232415814
2024-08-16 13:50:42,17400.0,600,Sell,232415925
2024-08-16 13:50:42,17400.0,200,Sell,232415926
2024-08-16 13:50:44,17400.0,5000,Buy,232415996
2024-08-16 13:50:55,17400.0,3000,Buy,232416321
2024-08-16 13:51:01,17400.0,700,Buy,232416652
2024-08-16 13:51:01,17400.0,1200,Buy,232416650
2024-08-16 13:51:01,17400.0,500,Buy,232416651
2024-08-16 13:51:02,17400.0,100,Buy,232416681
2024-08-16 13:51:02,17400.0,4200,Buy,232416682
2024-08-16 13:51:02,17400.0,800,Buy,232416683
2024-08-16 13:51:07,17400.0,300,Buy,232416906
2024-08-16 13:51:07,17400.0,300,Buy,232416907
2024-08-16 13:51:28,17400.0,500,Sell,232417675
2024-08-16 13:51:32,17400.0,100,Sell,232417805
2024-08-16 13:51:32,17400.0,2000,Sell,232417804
2024-08-16 13:51:32,17400.0,300,Sell,232417803
2024-08-16 13:51:32,17400.0,5000,Sell,232417801
2024-08-16 13:51:32,17400.0,200,Sell,232417800
2024-08-16 13:51:32,17400.0,400,Sell,232417802
2024-08-16 13:51:45,17400.0,2900,Sell,232418413
2024-08-16 13:51:45,17400.0,1100,Sell,232418414
2024-08-16 13:51:47,17400.0,1000,Sell,232418504
2024-08-16 13:51:53,17400.0,300,Sell,232418675
2024-08-16 13:51:56,17400.0,100,Sell,232418789
2024-08-16 13:52:08,17400.0,1000,Sell,232419178
2024-08-16 13:52:14,17400.0,200,Sell,232419712
2024-08-16 13:52:41,17400.0,200,Sell,232420655
2024-08-16 13:52:56,17400.0,800,Sell,232421381
2024-08-16 13:53:05,17450.0,100,Buy,232421782
2024-08-16 13:53:16,17400.0,200,Sell,232422117
2024-08-16 13:53:52,17450.0,500,Buy,232423292
2024-08-16 13:54:22,17450.0,100,Buy,232424628
2024-08-16 13:54:24,17450.0,400,Buy,232424900
2024-08-16 13:54:24,17450.0,200,Buy,232424901
2024-08-16 13:54:24,17450.0,400,Buy,232424902
2024-08-16 13:54:28,17450.0,100,Buy,232425043
2024-08-16 13:54:36,17450.0,800,Buy,232425764
2024-08-16 13:54:36,17450.0,1000,Buy,232425763
2024-08-16 13:54:36,17450.0,1300,Buy,232425762
2024-08-16 13:54:36,17450.0,1500,Buy,232425761
2024-08-16 13:54:41,17450.0,1000,Buy,232425932
2024-08-16 13:54:46,17450.0,700,Buy,232426293
2024-08-16 13:54:49,17450.0,20000,Buy,232426359
2024-08-16 13:54:56,17450.0,2000,Buy,232426692
2024-08-16 13:54:58,17450.0,1000,Buy,232426810
2024-08-16 13:54:58,17450.0,100,Buy,232426809
2024-08-16 13:54:58,17450.0,500,Buy,232426808
2024-08-16 13:54:58,17450.0,900,Buy,232426807
2024-08-16 13:54:58,17450.0,2200,Buy,232426806
2024-08-16 13:54:58,17450.0,1000,Buy,232426805
2024-08-16 13:54:58,17450.0,1000,Buy,232426804
2024-08-16 13:54:58,17450.0,200,Buy,232426803
2024-08-16 13:54:58,17450.0,500,Buy,232426801
2024-08-16 13:54:58,17450.0,1000,Buy,232426800
2024-08-16 13:54:58,17450.0,900,Buy,232426799
2024-08-16 13:54:58,17450.0,300,Buy,232426798
2024-08-16 13:54:58,17450.0,100,Buy,232426797
2024-08-16 13:54:58,17450.0,500,Buy,232426796
2024-08-16 13:54:58,17450.0,10500,Buy,232426795
2024-08-16 13:54:58,17450.0,9200,Buy,232426811
2024-08-16 13:54:58,17450.0,100,Buy,232426802
2024-08-16 13:55:02,17450.0,500,Buy,232427037
2024-08-16 13:55:04,17400.0,100,Sell,232427185
2024-08-16 13:55:04,17400.0,4100,Sell,232427188
2024-08-16 13:55:04,17450.0,2000,Buy,232427083
2024-08-16 13:55:04,17400.0,1300,Sell,232427186
2024-08-16 13:55:04,17400.0,200,Sell,232427187
2024-08-16 13:55:06,17450.0,35000,Buy,232427248
2024-08-16 13:55:14,17450.0,50000,Buy,232427551
2024-08-16 13:55:15,17450.0,8000,Buy,232427641
2024-08-16 13:55:15,17450.0,15500,Buy,232427640
2024-08-16 13:55:15,17450.0,100,Buy,232427639
2024-08-16 13:55:15,17450.0,200,Buy,232427638
2024-08-16 13:55:15,17450.0,100,Buy,232427637
2024-08-16 13:55:15,17450.0,200,Buy,232427636
2024-08-16 13:55:15,17450.0,500,Buy,232427634
2024-08-16 13:55:15,17450.0,1000,Buy,232427633
2024-08-16 13:55:15,17450.0,100,Buy,232427632
2024-08-16 13:55:15,17450.0,3300,Buy,232427631
2024-08-16 13:55:15,17450.0,1000,Buy,232427635
2024-08-16 13:55:16,17450.0,3000,Buy,232427692
2024-08-16 13:55:18,17450.0,2000,Buy,232427784
2024-08-16 13:55:19,17450.0,1000,Buy,232427847
2024-08-16 13:55:20,17450.0,5000,Buy,232427890
2024-08-16 13:55:22,17450.0,2100,Buy,232427929
2024-08-16 13:55:22,17450.0,800,Buy,232427970
2024-08-16 13:55:22,17450.0,2000,Buy,232427928
2024-08-16 13:55:22,17450.0,700,Buy,232427972
2024-08-16 13:55:22,17450.0,400,Buy,232427973
2024-08-16 13:55:22,17450.0,100,Buy,232427974
2024-08-16 13:55:22,17450.0,10000,Buy,232427975
2024-08-16 13:55:22,17450.0,5200,Buy,232427958
2024-08-16 13:55:22,17450.0,2000,Buy,232427976
2024-08-16 13:55:22,17450.0,5000,Buy,232427978
2024-08-16 13:55:22,17450.0,100,Buy,232427979
2024-08-16 13:55:22,17450.0,10000,Buy,232427980
2024-08-16 13:55:22,17450.0,10000,Buy,232427981
2024-08-16 13:55:22,17450.0,100,Buy,232427982
2024-08-16 13:55:22,17450.0,500,Buy,232427983
2024-08-16 13:55:22,17450.0,100,Buy,232427977
2024-08-16 13:55:22,17450.0,5000,Buy,232427957
2024-08-16 13:55:22,17450.0,200,Buy,232427971
2024-08-16 13:55:22,17450.0,200,Buy,232427955
2024-08-16 13:55:22,17450.0,500,Buy,232427930
2024-08-16 13:55:22,17450.0,1700,Buy,232427931
2024-08-16 13:55:22,17450.0,100,Buy,232427932
2024-08-16 13:55:22,17450.0,1600,Buy,232427956
2024-08-16 13:55:22,17450.0,700,Buy,232427934
2024-08-16 13:55:22,17450.0,200,Buy,232427935
2024-08-16 13:55:22,17450.0,2000,Buy,232427936
2024-08-16 13:55:22,17450.0,2000,Buy,232427933
2024-08-16 13:55:22,17450.0,200,Buy,232427938
2024-08-16 13:55:22,17450.0,300,Buy,232427939
2024-08-16 13:55:22,17450.0,1600,Buy,232427948
2024-08-16 13:55:22,17450.0,1900,Buy,232427951
2024-08-16 13:55:22,17450.0,500,Buy,232427952
2024-08-16 13:55:22,17450.0,500,Buy,232427953
2024-08-16 13:55:22,17450.0,100,Buy,232427954
2024-08-16 13:55:22,17450.0,100,Buy,232427937
2024-08-16 13:55:33,17450.0,43000,Sell,232428574
2024-08-16 13:55:33,17450.0,1500,Sell,232428587
2024-08-16 13:55:36,17450.0,5700,Sell,232428758
2024-08-16 13:55:40,17500.0,12200,Buy,232428995
2024-08-16 13:55:40,17500.0,5000,Buy,232428994
2024-08-16 13:55:40,17500.0,7000,Buy,232428991
2024-08-16 13:55:40,17500.0,5000,Buy,232428992
2024-08-16 13:55:40,17500.0,2000,Buy,232428990
2024-08-16 13:55:40,17500.0,200,Buy,232428993
2024-08-16 13:55:40,17500.0,200,Buy,232428988
2024-08-16 13:55:40,17500.0,16200,Buy,232428987
2024-08-16 13:55:40,17500.0,500,Buy,232428986
2024-08-16 13:55:40,17500.0,500,Buy,232428985
2024-08-16 13:55:40,17500.0,500,Buy,232428984
2024-08-16 13:55:40,17500.0,600,Buy,232428982
2024-08-16 13:55:40,17500.0,100,Buy,232428989
2024-08-16 13:55:42,17500.0,35000,Buy,232429085
2024-08-16 13:55:47,17500.0,100,Buy,232429291
2024-08-16 13:55:52,17450.0,100,Sell,232429469
2024-08-16 13:56:00,17450.0,200,Sell,232429855
2024-08-16 13:56:04,17450.0,5700,Sell,232430090
2024-08-16 13:56:21,17500.0,20300,Buy,232430720
2024-08-16 13:56:21,17500.0,600,Buy,232430719
2024-08-16 13:56:21,17500.0,100,Buy,232430718
2024-08-16 13:56:21,17500.0,1000,Buy,232430716
2024-08-16 13:56:21,17500.0,5000,Buy,232430715
2024-08-16 13:56:21,17500.0,2700,Buy,232430714
2024-08-16 13:56:21,17500.0,300,Buy,232430717
2024-08-16 13:56:28,17500.0,3000,Buy,232430945
2024-08-16 13:56:28,17500.0,3700,Buy,232430952
2024-08-16 13:56:28,17500.0,1000,Buy,232430951
2024-08-16 13:56:28,17500.0,1900,Buy,232430950
2024-08-16 13:56:28,17500.0,500,Buy,232430949
