time,price,volume,match_type,id
2024-08-19 09:14:36,17500.0,30100,ATO/ATC,232510174
2024-08-19 09:14:40,17550.0,1000,Buy,232510624
2024-08-19 09:14:40,17550.0,100,Buy,232510623
2024-08-19 09:14:40,17550.0,1100,Buy,232510622
2024-08-19 09:14:40,17550.0,200,Buy,232510621
2024-08-19 09:14:40,17550.0,100,Buy,232510616
2024-08-19 09:14:40,17550.0,500,Buy,232510619
2024-08-19 09:14:40,17550.0,1000,Buy,232510617
2024-08-19 09:14:40,17550.0,100,Buy,232510620
2024-08-19 09:14:40,17550.0,100,Buy,232510618
2024-08-19 09:14:42,17550.0,8300,Buy,232510777
2024-08-19 09:14:42,17550.0,100,Buy,232510778
2024-08-19 09:15:06,17550.0,700,Sell,232511543
2024-08-19 09:15:06,17550.0,6600,Sell,232511541
2024-08-19 09:15:06,17550.0,2800,Sell,232511542
2024-08-19 09:15:11,17550.0,5000,Sell,232511726
2024-08-19 09:15:15,17550.0,4300,Sell,232511892
2024-08-19 09:15:19,17550.0,3700,Buy,232512047
2024-08-19 09:15:25,17550.0,5600,Sell,232512288
2024-08-19 09:15:31,17550.0,4300,Sell,232512576
2024-08-19 09:15:38,17550.0,6700,Sell,232512894
2024-08-19 09:15:38,17550.0,2800,Sell,232512895
2024-08-19 09:15:39,17550.0,200,Sell,232512944
2024-08-19 09:15:49,17550.0,7000,Sell,232513388
2024-08-19 09:15:50,17550.0,3600,Buy,232513511
2024-08-19 09:15:50,17550.0,1200,Buy,232513512
2024-08-19 09:15:56,17550.0,5200,Sell,232513853
2024-08-19 09:15:57,17550.0,100,Buy,232513897
2024-08-19 09:15:59,17550.0,10000,Buy,232514010
2024-08-19 09:16:10,17550.0,9700,Buy,232514612
2024-08-19 09:16:10,17550.0,5300,Buy,232514613
2024-08-19 09:16:11,17500.0,200,Sell,232514641
2024-08-19 09:16:11,17500.0,100,Sell,232514642
2024-08-19 09:16:11,17500.0,3100,Sell,232514643
2024-08-19 09:16:16,17550.0,1000,Buy,232515011
2024-08-19 09:16:19,17550.0,5000,Buy,232515171
2024-08-19 09:16:26,17500.0,2600,Sell,232515503
2024-08-19 09:16:26,17500.0,100,Sell,232515504
2024-08-19 09:16:26,17500.0,200,Sell,232515505
2024-08-19 09:16:26,17500.0,1200,Sell,232515506
2024-08-19 09:16:35,17550.0,1700,Buy,232515984
2024-08-19 09:16:35,17550.0,4000,Buy,232515985
2024-08-19 09:16:35,17550.0,200,Buy,232515986
2024-08-19 09:16:35,17550.0,4100,Buy,232515987
2024-08-19 09:16:37,17550.0,500,Buy,232516150
2024-08-19 09:16:38,17550.0,9500,Buy,232516168
2024-08-19 09:16:38,17550.0,5400,Buy,232516167
2024-08-19 09:16:42,17550.0,1400,Sell,232516433
2024-08-19 09:16:43,17550.0,3700,Sell,232516461
2024-08-19 09:16:45,17500.0,600,Sell,232516609
2024-08-19 09:16:47,17500.0,200,Sell,232516726
2024-08-19 09:16:58,17500.0,300,Sell,232517316
2024-08-19 09:16:58,17500.0,3300,Sell,232517317
2024-08-19 09:17:01,17550.0,2000,Buy,232517532
2024-08-19 09:17:07,17550.0,1000,Buy,232517894
2024-08-19 09:17:17,17550.0,300,Buy,232518320
2024-08-19 09:17:24,17550.0,1900,Buy,232518785
2024-08-19 09:17:25,17550.0,900,Buy,232518837
2024-08-19 09:17:25,17550.0,1600,Buy,232518836
2024-08-19 09:17:29,17550.0,1000,Buy,232519029
2024-08-19 09:17:42,17550.0,1000,Buy,232519668
2024-08-19 09:17:49,17550.0,2000,Buy,232520049
2024-08-19 09:17:54,17550.0,1900,Buy,232520261
2024-08-19 09:17:54,17550.0,2000,Buy,232520262
2024-08-19 09:18:04,17550.0,200,Buy,232520835
2024-08-19 09:18:04,17550.0,5000,Buy,232520834
2024-08-19 09:18:04,17550.0,500,Buy,232520833
2024-08-19 09:18:04,17550.0,500,Buy,232520829
2024-08-19 09:18:04,17550.0,100,Buy,232520831
2024-08-19 09:18:04,17550.0,10000,Buy,232520830
2024-08-19 09:18:04,17550.0,500,Buy,232520832
2024-08-19 09:18:04,17550.0,11200,Buy,232520828
2024-08-19 09:18:16,17550.0,3700,Sell,232521532
2024-08-19 09:18:16,17550.0,2000,Sell,232521533
2024-08-19 09:18:17,17550.0,1300,Buy,232521573
2024-08-19 09:18:27,17550.0,100,Buy,232522084
2024-08-19 09:18:28,17500.0,3900,Sell,232522177
2024-08-19 09:18:30,17550.0,500,Buy,232522408
2024-08-19 09:18:37,17550.0,100,Buy,232522772
2024-08-19 09:18:40,17500.0,1200,Sell,232522875
2024-08-19 09:18:47,17500.0,2700,Sell,232523269
2024-08-19 09:18:49,17550.0,1000,Buy,232523454
2024-08-19 09:18:50,17550.0,400,Buy,232523486
2024-08-19 09:18:52,17550.0,100,Buy,232523616
2024-08-19 09:18:54,17550.0,200,Buy,232523703
2024-08-19 09:18:59,17500.0,500,Sell,232523914
2024-08-19 09:19:35,17550.0,25600,Buy,232525525
2024-08-19 09:19:35,17550.0,1400,Buy,232525526
2024-08-19 09:19:35,17550.0,500,Buy,232525527
2024-08-19 09:19:35,17550.0,12000,Buy,232525528
2024-08-19 09:19:35,17550.0,6200,Buy,232525529
2024-08-19 09:19:35,17550.0,4300,Buy,232525530
2024-08-19 09:19:36,17550.0,200,Buy,232525578
2024-08-19 09:19:37,17500.0,100,Sell,232525619
2024-08-19 09:19:48,17500.0,100,Sell,232526072
2024-08-19 09:19:58,17550.0,700,Buy,232526518
2024-08-19 09:20:00,17500.0,100,Sell,232526632
2024-08-19 09:20:05,17550.0,300,Buy,232526793
2024-08-19 09:20:06,17500.0,100,Sell,232526856
2024-08-19 09:20:11,17550.0,100,Buy,232526990
2024-08-19 09:20:15,17500.0,100,Sell,232527192
2024-08-19 09:20:16,17550.0,200,Buy,232527309
2024-08-19 09:20:16,17550.0,400,Buy,232527308
2024-08-19 09:20:20,17550.0,400,Buy,232527462
2024-08-19 09:20:32,17550.0,500,Buy,232528047
2024-08-19 09:20:47,17500.0,4000,Sell,232528672
2024-08-19 09:21:04,17550.0,900,Buy,232529340
2024-08-19 09:21:04,17550.0,1000,Buy,232529341
2024-08-19 09:21:04,17550.0,500,Buy,232529342
2024-08-19 09:21:04,17550.0,1400,Buy,232529343
2024-08-19 09:21:07,17500.0,2000,Sell,232529455
2024-08-19 09:21:18,17500.0,5700,Sell,232529950
2024-08-19 09:21:49,17500.0,300,Sell,232531141
2024-08-19 09:21:50,17500.0,5900,Sell,232531178
2024-08-19 09:21:50,17500.0,600,Sell,232531179
2024-08-19 09:21:51,17500.0,400,Sell,232531199
2024-08-19 09:21:51,17500.0,600,Sell,232531200
2024-08-19 09:22:41,17500.0,900,Sell,232532928
2024-08-19 09:23:01,17500.0,6500,Sell,232533711
2024-08-19 09:23:06,17500.0,500,Sell,232534017
2024-08-19 09:23:11,17500.0,5700,Sell,232534236
2024-08-19 09:23:13,17500.0,3700,Sell,232534381
2024-08-19 09:23:13,17500.0,5800,Sell,232534380
2024-08-19 09:23:25,17550.0,5000,Buy,232534813
2024-08-19 09:23:35,17550.0,3600,Buy,232535211
2024-08-19 09:23:35,17550.0,1400,Buy,232535212
2024-08-19 09:23:51,17550.0,100,Buy,232535909
2024-08-19 09:24:18,17500.0,500,Sell,232536954
2024-08-19 09:24:21,17550.0,100,Buy,232537098
2024-08-19 09:24:29,17500.0,1000,Sell,232537364
2024-08-19 09:25:05,17500.0,4800,Sell,232538808
2024-08-19 09:25:05,17500.0,1000,Sell,232538809
2024-08-19 09:25:05,17500.0,100,Sell,232538810
2024-08-19 09:25:05,17500.0,9600,Sell,232538811
2024-08-19 09:25:17,17500.0,15500,Sell,232539327
2024-08-19 09:25:26,17500.0,1000,Sell,232539648
2024-08-19 09:25:31,17500.0,1000,Sell,232539810
2024-08-19 09:25:37,17500.0,500,Sell,232540013
2024-08-19 09:25:42,17500.0,2000,Sell,232540328
2024-08-19 09:25:45,17500.0,200,Sell,232540468
2024-08-19 09:25:45,17500.0,17200,Sell,232540482
2024-08-19 09:25:45,17500.0,500,Sell,232540481
2024-08-19 09:25:45,17500.0,100,Sell,232540480
2024-08-19 09:25:45,17500.0,200,Sell,232540479
2024-08-19 09:25:45,17500.0,1000,Sell,232540478
2024-08-19 09:25:45,17500.0,100,Sell,232540477
2024-08-19 09:25:45,17500.0,1000,Sell,232540476
2024-08-19 09:25:45,17500.0,300,Sell,232540475
2024-08-19 09:25:45,17500.0,10000,Sell,232540474
2024-08-19 09:25:45,17500.0,2000,Sell,232540471
2024-08-19 09:25:45,17500.0,1000,Sell,232540470
2024-08-19 09:25:45,17500.0,900,Sell,232540469
2024-08-19 09:25:45,17500.0,200,Sell,232540467
2024-08-19 09:25:45,17500.0,100,Sell,232540461
2024-08-19 09:25:45,17500.0,1900,Sell,232540465
2024-08-19 09:25:45,17500.0,11400,Sell,232540453
2024-08-19 09:25:45,17500.0,200,Sell,232540454
2024-08-19 09:25:45,17500.0,200,Sell,232540455
2024-08-19 09:25:45,17500.0,1500,Sell,232540456
2024-08-19 09:25:45,17500.0,500,Sell,232540457
2024-08-19 09:25:45,17500.0,100,Sell,232540458
2024-08-19 09:25:45,17500.0,200,Sell,232540466
2024-08-19 09:25:45,17500.0,3500,Sell,232540460
2024-08-19 09:25:45,17500.0,8500,Sell,232540452
2024-08-19 09:25:45,17500.0,5000,Sell,232540462
2024-08-19 09:25:45,17500.0,100,Sell,232540463
2024-08-19 09:25:45,17500.0,1100,Sell,232540464
2024-08-19 09:25:45,17500.0,5000,Sell,232540459
2024-08-19 09:25:56,17500.0,200,Sell,232540842
2024-08-19 09:26:01,17500.0,5000,Sell,232541084
2024-08-19 09:26:06,17500.0,2600,Sell,232541302
2024-08-19 09:26:10,17500.0,100,Sell,232541471
2024-08-19 09:26:10,17500.0,100,Sell,232541472
2024-08-19 09:26:10,17500.0,300,Sell,232541473
2024-08-19 09:26:12,17500.0,1500,Sell,232541559
2024-08-19 09:26:12,17500.0,700,Sell,232541557
2024-08-19 09:26:12,17500.0,200,Sell,232541558
2024-08-19 09:26:14,17500.0,2000,Sell,232541655
2024-08-19 09:26:16,17500.0,1500,Sell,232541731
2024-08-19 09:26:16,17500.0,1500,Sell,232541732
2024-08-19 09:26:18,17500.0,400,Sell,232541812
2024-08-19 09:26:20,17500.0,100,Sell,232541839
2024-08-19 09:26:20,17500.0,1000,Sell,232541840
2024-08-19 09:26:20,17500.0,300,Sell,232541841
2024-08-19 09:26:23,17500.0,100,Sell,232541946
2024-08-19 09:26:23,17500.0,3900,Sell,232541947
2024-08-19 09:26:23,17500.0,500,Sell,232541948
2024-08-19 09:26:24,17500.0,100,Sell,232541974
2024-08-19 09:26:24,17500.0,100,Sell,232541972
2024-08-19 09:26:24,17500.0,100,Sell,232541973
2024-08-19 09:26:24,17500.0,1000,Sell,232541970
2024-08-19 09:26:24,17500.0,100,Sell,232541971
2024-08-19 09:26:24,17500.0,600,Sell,232541969
2024-08-19 09:26:25,17500.0,500,Sell,232542016
2024-08-19 09:26:25,17500.0,400,Sell,232542017
2024-08-19 09:26:25,17500.0,100,Sell,232542015
2024-08-19 09:26:26,17500.0,600,Sell,232542030
2024-08-19 09:26:40,17500.0,1600,Buy,232542600
2024-08-19 09:26:40,17500.0,200,Buy,232542601
2024-08-19 09:26:40,17500.0,3200,Buy,232542602
2024-08-19 09:26:41,17500.0,200,Buy,232542634
2024-08-19 09:27:01,17500.0,1600,Buy,232543581
2024-08-19 09:27:01,17500.0,2000,Buy,232543582
2024-08-19 09:27:01,17500.0,1400,Buy,232543583
2024-08-19 09:27:18,17500.0,1400,Buy,232544349
2024-08-19 09:27:18,17500.0,1000,Buy,232544348
2024-08-19 09:27:18,17500.0,2600,Buy,232544347
2024-08-19 09:27:29,17500.0,500,Buy,232544752
2024-08-19 09:27:55,17450.0,500,Sell,232545779
2024-08-19 09:28:00,17500.0,5000,Buy,232545984
2024-08-19 09:28:24,17500.0,100,Buy,232546858
2024-08-19 09:28:24,17500.0,400,Buy,232546859
2024-08-19 09:28:25,17500.0,5000,Buy,232546923
2024-08-19 09:28:29,17500.0,5000,Buy,232547110
2024-08-19 09:29:11,17500.0,100,Buy,232548456
2024-08-19 09:29:15,17500.0,1000,Buy,232548582
2024-08-19 09:29:31,17500.0,1000,Buy,232549178
2024-08-19 09:29:45,17500.0,1000,Buy,232549697
2024-08-19 09:29:49,17500.0,4500,Buy,232549843
2024-08-19 09:29:49,17500.0,500,Buy,232549844
2024-08-19 09:29:50,17500.0,200,Buy,232549889
2024-08-19 09:29:57,17500.0,500,Buy,232550153
2024-08-19 09:29:57,17500.0,1300,Buy,232550155
2024-08-19 09:29:57,17500.0,300,Buy,232550152
2024-08-19 09:29:57,17500.0,4000,Buy,232550154
2024-08-19 09:30:12,17500.0,100,Buy,232550621
2024-08-19 09:30:34,17450.0,200,Sell,232551462
2024-08-19 09:30:34,17450.0,1800,Sell,232551463
2024-08-19 09:30:46,17500.0,3000,Buy,232551819
2024-08-19 09:30:46,17500.0,500,Buy,232551820
2024-08-19 09:30:46,17500.0,1400,Buy,232551821
2024-08-19 09:30:46,17450.0,200,Sell,232551822
2024-08-19 09:30:56,17450.0,100,Sell,232552253
2024-08-19 09:30:57,17450.0,2000,Sell,232552350
2024-08-19 09:31:11,17450.0,4600,Sell,232552869
2024-08-19 09:31:14,17450.0,28100,Sell,232552968
2024-08-19 09:31:14,17450.0,1000,Sell,232552967
2024-08-19 09:31:14,17450.0,1000,Sell,232552966
2024-08-19 09:31:14,17450.0,100,Sell,232552965
2024-08-19 09:31:14,17450.0,800,Sell,232552964
2024-08-19 09:31:14,17450.0,9500,Sell,232552961
2024-08-19 09:31:14,17450.0,5300,Sell,232552960
2024-08-19 09:31:14,17450.0,100,Sell,232552963
2024-08-19 09:31:14,17450.0,1000,Sell,232552962
2024-08-19 09:31:28,17450.0,4000,Sell,232553407
2024-08-19 09:31:29,17450.0,1000,Sell,232553439
2024-08-19 09:31:39,17450.0,2000,Sell,232553686
2024-08-19 09:31:47,17450.0,5000,Sell,232553914
2024-08-19 09:31:47,17450.0,300,Sell,232553919
2024-08-19 09:31:47,17450.0,2000,Sell,232553918
2024-08-19 09:31:47,17450.0,500,Sell,232553917
2024-08-19 09:31:47,17450.0,100,Sell,232553916
2024-08-19 09:31:47,17450.0,5000,Sell,232553915
2024-08-19 09:31:47,17450.0,500,Sell,232553913
2024-08-19 09:31:47,17450.0,400,Sell,232553911
2024-08-19 09:31:47,17450.0,12400,Sell,232553910
2024-08-19 09:31:47,17450.0,200,Sell,232553909
2024-08-19 09:31:47,17450.0,1000,Sell,232553908
2024-08-19 09:31:47,17450.0,25000,Sell,232553907
2024-08-19 09:31:47,17450.0,114900,Sell,232553906
2024-08-19 09:31:47,17450.0,1000,Sell,232553912
2024-08-19 09:31:56,17450.0,15000,Buy,232554219
2024-08-19 09:32:03,17450.0,200,Buy,232554398
2024-08-19 09:32:07,17400.0,500,Sell,232554517
2024-08-19 09:32:07,17400.0,2000,Sell,232554518
2024-08-19 09:32:07,17400.0,100,Sell,232554519
2024-08-19 09:32:07,17400.0,13700,Sell,232554523
2024-08-19 09:32:07,17400.0,100,Sell,232554521
2024-08-19 09:32:07,17400.0,1000,Sell,232554522
2024-08-19 09:32:07,17400.0,2000,Sell,232554516
2024-08-19 09:32:07,17400.0,700,Sell,232554520
2024-08-19 09:32:07,17400.0,1000,Sell,232554515
2024-08-19 09:32:07,17400.0,1000,Sell,232554511
2024-08-19 09:32:07,17400.0,6000,Sell,232554513
2024-08-19 09:32:07,17400.0,400,Sell,232554512
2024-08-19 09:32:07,17400.0,13000,Sell,232554510
2024-08-19 09:32:07,17400.0,200,Sell,232554509
2024-08-19 09:32:07,17400.0,500,Sell,232554508
2024-08-19 09:32:07,17400.0,200,Sell,232554507
2024-08-19 09:32:07,17400.0,100,Sell,232554506
2024-08-19 09:32:07,17400.0,200,Sell,232554505
2024-08-19 09:32:07,17400.0,3000,Sell,232554504
2024-08-19 09:32:07,17400.0,400,Sell,232554514
2024-08-19 09:32:24,17400.0,500,Sell,232555104
2024-08-19 09:32:24,17400.0,5000,Sell,232555102
2024-08-19 09:32:24,17400.0,1000,Sell,232555100
2024-08-19 09:32:24,17400.0,1000,Sell,232555103
2024-08-19 09:32:24,17400.0,500,Sell,232555098
2024-08-19 09:32:24,17400.0,1000,Sell,232555099
2024-08-19 09:32:24,17400.0,191300,Sell,232555095
2024-08-19 09:32:24,17400.0,3000,Sell,232555101
2024-08-19 09:32:24,17400.0,100,Sell,232555097
2024-08-19 09:32:24,17400.0,400,Sell,232555096
2024-08-19 09:32:35,17400.0,800,Buy,232555412
2024-08-19 09:32:36,17400.0,500,Buy,232555414
2024-08-19 09:32:40,17350.0,900,Sell,232555552
2024-08-19 09:32:40,17400.0,5000,Buy,232555555
2024-08-19 09:32:46,17400.0,100,Buy,232555784
2024-08-19 09:32:48,17400.0,5000,Buy,232555854
2024-08-19 09:32:50,17400.0,100,Buy,232555947
2024-08-19 09:32:51,17400.0,16000,Buy,232555976
2024-08-19 09:32:56,17400.0,1000,Buy,232556123
2024-08-19 09:32:58,17400.0,5000,Buy,232556186
2024-08-19 09:32:59,17400.0,10000,Buy,232556203
2024-08-19 09:33:02,17400.0,2000,Buy,232556300
2024-08-19 09:33:03,17400.0,700,Buy,232556347
2024-08-19 09:33:03,17400.0,1300,Buy,232556348
2024-08-19 09:33:04,17400.0,600,Buy,232556431
2024-08-19 09:33:05,17400.0,3800,Sell,232556452
2024-08-19 09:33:07,17400.0,10000,Buy,232556543
2024-08-19 09:33:07,17400.0,1000,Buy,232556552
2024-08-19 09:33:10,17400.0,100,Buy,232556658
2024-08-19 09:33:14,17400.0,200,Buy,232556764
2024-08-19 09:33:18,17400.0,1000,Buy,232556844
2024-08-19 09:33:20,17400.0,100,Buy,232556881
2024-08-19 09:33:20,17400.0,300,Buy,232556895
2024-08-19 09:33:22,17400.0,1000,Buy,232556966
2024-08-19 09:33:25,17400.0,500,Buy,232557034
2024-08-19 09:33:27,17400.0,200,Buy,232557105
2024-08-19 09:33:30,17400.0,1000,Buy,232557167
2024-08-19 09:33:31,17400.0,3000,Buy,232557197
2024-08-19 09:33:34,17400.0,2000,Buy,232557237
2024-08-19 09:33:37,17400.0,1500,Buy,232557323
2024-08-19 09:33:37,17400.0,800,Buy,232557320
2024-08-19 09:33:37,17400.0,300,Buy,232557321
2024-08-19 09:33:37,17400.0,300,Buy,232557322
2024-08-19 09:33:54,17400.0,200,Sell,232557871
2024-08-19 09:34:00,17400.0,5000,Sell,232558086
2024-08-19 09:34:00,17400.0,5000,Sell,232558088
2024-08-19 09:34:00,17400.0,800,Sell,232558087
2024-08-19 09:34:00,17400.0,300,Sell,232558085
2024-08-19 09:34:00,17400.0,100,Sell,232558083
2024-08-19 09:34:00,17400.0,10000,Sell,232558084
2024-08-19 09:34:00,17400.0,300,Sell,232558082
2024-08-19 09:34:00,17400.0,1000,Sell,232558081
2024-08-19 09:34:00,17400.0,1900,Sell,232558080
2024-08-19 09:34:02,17400.0,600,Buy,232558138
2024-08-19 09:34:02,17450.0,29400,Buy,232558139
2024-08-19 09:34:14,17400.0,20000,Sell,232558489
2024-08-19 09:34:26,17400.0,5000,Buy,232558790
2024-08-19 09:34:26,17400.0,500,Buy,232558808
2024-08-19 09:34:30,17400.0,5000,Buy,232558924
2024-08-19 09:34:33,17400.0,100,Buy,232558974
2024-08-19 09:34:38,17400.0,500,Buy,232559223
2024-08-19 09:34:48,17400.0,500,Buy,232559544
2024-08-19 09:34:53,17400.0,100,Buy,232559701
2024-08-19 09:34:56,17400.0,100,Buy,232559818
2024-08-19 09:35:02,17400.0,3000,Buy,232559932
2024-08-19 09:35:07,17400.0,100,Buy,232560014
2024-08-19 09:35:18,17400.0,100,Buy,232560264
2024-08-19 09:35:22,17400.0,200,Buy,232560398
2024-08-19 09:35:33,17350.0,1200,Sell,232560776
2024-08-19 09:35:36,17400.0,30000,Buy,232560823
2024-08-19 09:35:42,17400.0,10000,Buy,232560943
2024-08-19 09:35:47,17400.0,100,Buy,232561128
2024-08-19 09:35:48,17400.0,100,Buy,232561167
2024-08-19 09:35:50,17400.0,100,Buy,232561273
2024-08-19 09:35:50,17400.0,23500,Buy,232561288
2024-08-19 09:35:50,17400.0,100,Buy,232561289
2024-08-19 09:35:50,17400.0,200,Buy,232561290
2024-08-19 09:36:11,17400.0,4000,Sell,232562155
2024-08-19 09:36:34,17450.0,100,Buy,232563034
2024-08-19 09:36:57,17400.0,102000,Sell,232563809
2024-08-19 09:36:59,17400.0,200,Sell,232563888
2024-08-19 09:36:59,17400.0,5700,Sell,232563889
2024-08-19 09:36:59,17400.0,5000,Sell,232563887
2024-08-19 09:36:59,17400.0,100,Sell,232563891
2024-08-19 09:36:59,17400.0,1000,Sell,232563890
2024-08-19 09:36:59,17400.0,5000,Sell,232563886
2024-08-19 09:36:59,17400.0,70200,Sell,232563878
2024-08-19 09:36:59,17400.0,500,Sell,232563884
2024-08-19 09:36:59,17400.0,5000,Sell,232563883
2024-08-19 09:36:59,17400.0,400,Sell,232563882
2024-08-19 09:36:59,17400.0,500,Sell,232563881
2024-08-19 09:36:59,17400.0,5000,Sell,232563880
2024-08-19 09:36:59,17400.0,100,Sell,232563879
2024-08-19 09:36:59,17400.0,100,Sell,232563885
2024-08-19 09:37:08,17400.0,400,Buy,232564282
2024-08-19 09:37:10,17400.0,100,Buy,232564358
2024-08-19 09:37:11,17350.0,2900,Sell,232564394
2024-08-19 09:37:11,17350.0,100,Sell,232564395
2024-08-19 09:37:17,17400.0,700,Buy,232564661
2024-08-19 09:37:17,17400.0,300,Buy,232564662
2024-08-19 09:37:20,17400.0,200,Buy,232564807
2024-08-19 09:37:26,17400.0,500,Sell,232565094
2024-08-19 09:37:28,17450.0,1000,Buy,232565176
2024-08-19 09:37:28,17450.0,500,Buy,232565177
2024-08-19 09:37:28,17450.0,7000,Buy,232565175
2024-08-19 09:37:28,17450.0,87000,Buy,232565171
2024-08-19 09:37:28,17450.0,100,Buy,232565173
2024-08-19 09:37:28,17450.0,1000,Buy,232565172
2024-08-19 09:37:28,17450.0,200,Buy,232565174
2024-08-19 09:37:40,17450.0,100,Sell,232565712
2024-08-19 09:37:51,17450.0,300,Sell,232566074
2024-08-19 09:38:03,17450.0,1000,Sell,232566511
2024-08-19 09:38:08,17450.0,1000,Sell,232566725
2024-08-19 09:38:12,17450.0,100,Sell,232566880
2024-08-19 09:38:55,17450.0,3000,Sell,232568581
2024-08-19 09:38:55,17450.0,500,Sell,232568580
2024-08-19 09:38:55,17450.0,100,Sell,232568578
2024-08-19 09:38:55,17450.0,100,Sell,232568579
2024-08-19 09:38:55,17450.0,1900,Sell,232568576
2024-08-19 09:38:55,17450.0,700,Sell,232568574
2024-08-19 09:38:55,17450.0,1000,Sell,232568577
2024-08-19 09:38:55,17450.0,100,Sell,232568575
2024-08-19 09:39:03,17450.0,200,Buy,232569009
2024-08-19 09:39:08,17450.0,27400,Buy,232569228
2024-08-19 09:39:26,17500.0,100,Buy,232569959
2024-08-19 09:39:26,17450.0,34000,Sell,232569963
2024-08-19 09:39:26,17450.0,1000,Sell,232569964
2024-08-19 09:39:26,17450.0,5000,Sell,232569965
2024-08-19 09:39:32,17450.0,100,Buy,232570183
2024-08-19 09:39:44,17400.0,700,Sell,232570661
2024-08-19 09:39:44,17400.0,300,Sell,232570666
2024-08-19 09:39:51,17450.0,1100,Buy,232571004
2024-08-19 09:39:58,17450.0,3000,Buy,232571256
2024-08-19 09:39:59,17450.0,1000,Buy,232571278
2024-08-19 09:40:00,17450.0,200,Buy,232571312
2024-08-19 09:40:01,17450.0,600,Buy,232571358
2024-08-19 09:40:03,17450.0,1000,Buy,232571431
2024-08-19 09:40:05,17450.0,500,Buy,232571489
2024-08-19 09:40:10,17450.0,800,Buy,232571682
2024-08-19 09:40:12,17450.0,5000,Buy,232571749
2024-08-19 09:40:17,17450.0,500,Buy,232571990
2024-08-19 09:40:22,17450.0,100,Buy,232572304
2024-08-19 09:40:22,17450.0,1000,Buy,232572309
2024-08-19 09:40:24,17450.0,1000,Buy,232572347
2024-08-19 09:40:29,17450.0,4100,Buy,232572603
2024-08-19 09:40:29,17450.0,1000,Buy,232572604
2024-08-19 09:40:29,17450.0,300,Buy,232572605
2024-08-19 09:40:57,17450.0,10300,Sell,232573899
2024-08-19 09:40:57,17450.0,200,Sell,232573898
2024-08-19 09:40:57,17450.0,5000,Sell,232573897
2024-08-19 09:40:57,17450.0,28000,Sell,232573896
2024-08-19 09:40:57,17450.0,800,Sell,232573892
2024-08-19 09:40:57,17450.0,5000,Sell,232573894
2024-08-19 09:40:57,17450.0,200,Sell,232573895
2024-08-19 09:40:57,17450.0,4600,Sell,232573890
2024-08-19 09:40:57,17450.0,500,Sell,232573891
2024-08-19 09:40:57,17450.0,400,Sell,232573893
2024-08-19 09:41:08,17450.0,2000,Sell,232574464
2024-08-19 09:41:08,17450.0,3000,Sell,232574465
2024-08-19 09:41:08,17450.0,5000,Sell,232574466
2024-08-19 09:41:08,17450.0,1000,Sell,232574467
2024-08-19 09:41:08,17450.0,3300,Sell,232574468
2024-08-19 09:41:08,17450.0,200,Sell,232574463
2024-08-19 09:41:18,17450.0,2000,Buy,232574860
2024-08-19 09:41:23,17450.0,300,Buy,232575008
2024-08-19 09:41:29,17450.0,5000,Buy,232575219
2024-08-19 09:41:35,17450.0,1000,Buy,232575419
2024-08-19 09:41:38,17450.0,200,Buy,232575512
2024-08-19 09:41:54,17400.0,100,Sell,232576090
2024-08-19 09:41:58,17450.0,400,Buy,232576236
2024-08-19 09:42:00,17450.0,100,Buy,232576298
2024-08-19 09:42:10,17450.0,5000,Buy,232576524
2024-08-19 09:42:12,17450.0,200,Buy,232576629
2024-08-19 09:42:12,17450.0,100,Buy,232576608
2024-08-19 09:42:14,17450.0,100,Buy,232576674
2024-08-19 09:42:22,17450.0,1000,Buy,232576916
2024-08-19 09:42:22,17450.0,100,Buy,232576929
2024-08-19 09:42:28,17450.0,500,Buy,232577060
2024-08-19 09:42:43,17450.0,100,Buy,232577621
2024-08-19 09:42:50,17450.0,100,Buy,232577862
2024-08-19 09:42:50,17450.0,200,Buy,232577886
2024-08-19 09:42:54,17450.0,1000,Buy,232577998
2024-08-19 09:43:01,17450.0,100,Buy,232578214
2024-08-19 09:43:03,17450.0,1000,Buy,232578308
2024-08-19 09:43:04,17450.0,20000,Buy,232578330
2024-08-19 09:43:06,17450.0,200,Buy,232578522
2024-08-19 09:43:08,17450.0,1000,Buy,232578565
2024-08-19 09:43:10,17450.0,100,Buy,232578734
2024-08-19 09:43:13,17450.0,100,Buy,232578828
2024-08-19 09:43:14,17450.0,100,Buy,232578863
2024-08-19 09:43:14,17450.0,100,Buy,232578846
2024-08-19 09:43:14,17450.0,500,Buy,232578861
2024-08-19 09:43:14,17450.0,1900,Buy,232578862
2024-08-19 09:43:15,17450.0,300,Buy,232578903
2024-08-19 09:43:16,17450.0,100,Buy,232579008
2024-08-19 09:43:16,17450.0,3600,Buy,232579011
2024-08-19 09:43:16,17450.0,100,Buy,232579030
2024-08-19 09:43:17,17450.0,400,Buy,232579056
2024-08-19 09:43:17,17450.0,400,Buy,232579057
2024-08-19 09:43:17,17450.0,500,Buy,232579058
2024-08-19 09:43:28,17450.0,500,Sell,232579482
2024-08-19 09:43:29,17450.0,300,Sell,232579512
2024-08-19 09:43:29,17450.0,100,Sell,232579513
2024-08-19 09:43:29,17450.0,100,Sell,232579514
2024-08-19 09:43:29,17450.0,5000,Sell,232579515
2024-08-19 09:43:29,17450.0,1000,Sell,232579516
2024-08-19 09:43:29,17450.0,1000,Buy,232579517
2024-08-19 09:43:32,17450.0,100,Buy,232579640
2024-08-19 09:43:34,17450.0,27600,Buy,232579719
2024-08-19 09:43:34,17450.0,2400,Buy,232579718
2024-08-19 09:43:36,17450.0,100,Buy,232579777
2024-08-19 09:43:36,17450.0,500,Buy,232579779
2024-08-19 09:43:39,17450.0,5000,Buy,232579910
2024-08-19 09:43:39,17450.0,1700,Buy,232579913
2024-08-19 09:43:39,17450.0,100,Buy,232579919
2024-08-19 09:43:42,17450.0,100,Sell,232580010
2024-08-19 09:43:43,17450.0,500,Buy,232580053
2024-08-19 09:43:46,17450.0,100,Buy,232580204
2024-08-19 09:43:55,17450.0,200,Buy,232580509
2024-08-19 09:43:55,17450.0,500,Buy,232580535
2024-08-19 09:43:56,17450.0,300,Buy,232580572
2024-08-19 09:43:59,17450.0,200,Buy,232580707
2024-08-19 09:44:00,17450.0,1000,Buy,232580765
2024-08-19 09:44:00,17450.0,100,Buy,232580767
2024-08-19 09:44:04,17450.0,1000,Sell,232580951
2024-08-19 09:44:05,17450.0,2000,Buy,232580960
2024-08-19 09:44:06,17450.0,1000,Buy,232580984
2024-08-19 09:44:09,17450.0,4500,Buy,232581102
2024-08-19 09:44:10,17450.0,1500,Buy,232581133
2024-08-19 09:44:10,17450.0,3500,Buy,232581134
2024-08-19 09:44:16,17450.0,5900,Buy,232581290
2024-08-19 09:44:17,17450.0,300,Buy,232581299
2024-08-19 09:44:19,17450.0,5000,Buy,232581364
2024-08-19 09:44:21,17450.0,10000,Buy,232581407
2024-08-19 09:44:22,17450.0,100,Buy,232581447
2024-08-19 09:44:24,17450.0,200,Buy,232581479
2024-08-19 09:44:29,17450.0,200,Sell,232581690
2024-08-19 09:44:30,17450.0,100,Sell,232581705
2024-08-19 09:44:30,17450.0,1000,Sell,232581706
2024-08-19 09:44:30,17450.0,100,Sell,232581703
2024-08-19 09:44:30,17450.0,2000,Sell,232581704
2024-08-19 09:44:38,17450.0,41800,Buy,232581917
2024-08-19 09:44:54,17450.0,5700,Sell,232582560
2024-08-19 09:45:00,17500.0,1000,Buy,232582733
2024-08-19 09:45:10,17450.0,35000,Sell,232583129
2024-08-19 09:45:14,17450.0,3600,Sell,232583220
2024-08-19 09:45:14,17450.0,1000,Sell,232583219
2024-08-19 09:45:14,17450.0,400,Sell,232583218
2024-08-19 09:45:14,17450.0,2900,Sell,232583217
2024-08-19 09:45:14,17450.0,100,Sell,232583214
2024-08-19 09:45:14,17450.0,200,Sell,232583215
2024-08-19 09:45:14,17450.0,5000,Sell,232583213
2024-08-19 09:45:14,17450.0,1900,Sell,232583212
2024-08-19 09:45:14,17450.0,17500,Sell,232583211
2024-08-19 09:45:14,17450.0,2400,Sell,232583216
2024-08-19 09:45:24,17450.0,300,Sell,232583497
2024-08-19 09:45:24,17450.0,200,Sell,232583496
2024-08-19 09:45:24,17450.0,5000,Sell,232583494
2024-08-19 09:45:24,17450.0,19400,Sell,232583493
2024-08-19 09:45:24,17450.0,200,Sell,232583495
2024-08-19 09:45:27,17450.0,1000,Buy,232583573
2024-08-19 09:45:32,17450.0,5000,Buy,232583770
2024-08-19 09:45:35,17450.0,1000,Buy,232583882
2024-08-19 09:45:35,17450.0,5000,Buy,232583883
2024-08-19 09:45:35,17450.0,500,Buy,232583892
2024-08-19 09:45:38,17450.0,1000,Buy,232583937
2024-08-19 09:45:40,17450.0,500,Buy,232583978
2024-08-19 09:45:43,17450.0,2000,Buy,232584051
2024-08-19 09:45:43,17450.0,1400,Buy,232584052
2024-08-19 09:45:45,17450.0,500,Buy,232584086
2024-08-19 09:45:45,17450.0,100,Buy,232584095
2024-08-19 09:45:53,17450.0,500,Buy,232584358
2024-08-19 09:45:59,17450.0,2600,Buy,232584587
2024-08-19 09:46:00,17450.0,1800,Buy,232584647
2024-08-19 09:46:04,17450.0,7000,Buy,232584717
2024-08-19 09:46:21,17450.0,2000,Sell,232585137
2024-08-19 09:46:24,17450.0,1000,Sell,232585182
2024-08-19 09:46:28,17450.0,400,Sell,232585367
2024-08-19 09:46:47,17500.0,200,Buy,232586341
2024-08-19 09:46:52,17450.0,100,Sell,232586710
2024-08-19 09:47:02,17450.0,100,Sell,232586957
2024-08-19 09:47:15,17450.0,600,Sell,232587453
2024-08-19 09:47:15,17450.0,400,Sell,232587454
2024-08-19 09:47:24,17450.0,200,Sell,232587840
2024-08-19 09:47:24,17450.0,100,Sell,232587839
2024-08-19 09:47:24,17450.0,100,Sell,232587838
2024-08-19 09:47:24,17450.0,1000,Sell,232587837
2024-08-19 09:47:24,17450.0,3000,Sell,232587836
2024-08-19 09:47:24,17450.0,500,Sell,232587835
2024-08-19 09:47:24,17450.0,200000,Sell,232587834
2024-08-19 09:47:24,17450.0,100,Sell,232587832
2024-08-19 09:47:24,17450.0,5000,Sell,232587833
2024-08-19 09:47:24,17500.0,300,Buy,232587814
2024-08-19 09:47:24,17450.0,65000,Sell,232587831
2024-08-19 09:47:24,17450.0,1000,Sell,232587830
2024-08-19 09:47:24,17450.0,600,Sell,232587829
2024-08-19 09:47:31,17450.0,20000,Buy,232588117
2024-08-19 09:47:35,17450.0,600,Buy,232588295
2024-08-19 09:47:35,17450.0,500,Buy,232588287
2024-08-19 09:47:35,17450.0,2900,Buy,232588293
2024-08-19 09:47:35,17450.0,600,Buy,232588294
2024-08-19 09:47:37,17450.0,1200,Sell,232588370
2024-08-19 09:47:53,17450.0,3200,Sell,232588976
2024-08-19 09:47:53,17450.0,600,Sell,232588977
2024-08-19 09:48:04,17450.0,4400,Sell,232589327
2024-08-19 09:48:04,17450.0,4000,Sell,232589328
2024-08-19 09:48:14,17500.0,11400,Buy,232589688
2024-08-19 09:48:14,17500.0,100,Buy,232589687
2024-08-19 09:48:14,17500.0,200,Buy,232589685
2024-08-19 09:48:14,17500.0,500,Buy,232589684
2024-08-19 09:48:14,17500.0,1900,Buy,232589683
2024-08-19 09:48:14,17500.0,2000,Buy,232589686
2024-08-19 09:48:14,17500.0,300,Buy,232589681
2024-08-19 09:48:14,17500.0,500,Buy,232589680
2024-08-19 09:48:14,17500.0,500,Buy,232589677
2024-08-19 09:48:14,17500.0,1000,Buy,232589679
2024-08-19 09:48:14,17500.0,1500,Buy,232589678
2024-08-19 09:48:14,17500.0,100,Buy,232589682
2024-08-19 09:48:17,17500.0,35000,Buy,232589761
2024-08-19 09:48:23,17500.0,20000,Buy,232589929
2024-08-19 09:48:24,17500.0,45000,Buy,232589961
2024-08-19 09:48:27,17500.0,2700,Buy,232590048
2024-08-19 09:48:31,17500.0,32000,Buy,232590150
2024-08-19 09:48:32,17500.0,30000,Buy,232590164
2024-08-19 09:48:38,17500.0,22000,Buy,232590488
2024-08-19 09:48:44,17500.0,30000,Buy,232590790
2024-08-19 09:48:46,17500.0,200,Buy,232590877
2024-08-19 09:48:46,17500.0,10500,Buy,232590880
2024-08-19 09:48:46,17500.0,100,Buy,232590879
2024-08-19 09:48:46,17500.0,1900,Buy,232590878
2024-08-19 09:48:46,17500.0,500,Buy,232590875
2024-08-19 09:48:46,17500.0,1000,Buy,232590876
2024-08-19 09:48:46,17500.0,1000,Buy,232590873
2024-08-19 09:48:46,17500.0,27900,Buy,232590868
2024-08-19 09:48:46,17500.0,600,Buy,232590872
2024-08-19 09:48:46,17500.0,1900,Buy,232590871
2024-08-19 09:48:46,17500.0,100,Buy,232590870
2024-08-19 09:48:46,17500.0,100,Buy,232590869
2024-08-19 09:48:46,17500.0,200,Buy,232590874
2024-08-19 09:48:48,17500.0,90000,Buy,232590915
2024-08-19 09:48:52,17450.0,300,Sell,232591059
2024-08-19 09:48:53,17500.0,105000,Buy,232591126
2024-08-19 09:48:53,17500.0,20000,Buy,232591125
2024-08-19 09:48:53,17500.0,8600,Buy,232591097
2024-08-19 09:48:54,17500.0,30000,Buy,232591174
2024-08-19 09:48:57,17500.0,1000,Buy,232591288
2024-08-19 09:48:57,17500.0,2300,Buy,232591310
2024-08-19 09:49:04,17500.0,100,Buy,232591486
2024-08-19 09:49:04,17500.0,2800,Buy,232591485
2024-08-19 09:49:04,17500.0,4700,Buy,232591484
2024-08-19 09:49:04,17500.0,600,Buy,232591483
2024-08-19 09:49:04,17500.0,1300,Buy,232591481
2024-08-19 09:49:04,17500.0,100,Buy,232591479
2024-08-19 09:49:04,17500.0,1000,Buy,232591478
2024-08-19 09:49:04,17500.0,1000,Buy,232591477
2024-08-19 09:49:04,17500.0,2000,Buy,232591476
2024-08-19 09:49:04,17500.0,32600,Buy,232591475
2024-08-19 09:49:04,17500.0,2000,Buy,232591480
2024-08-19 09:49:10,17500.0,1000,Sell,232591734
2024-08-19 09:49:34,17550.0,14400,Buy,232592631
2024-08-19 09:49:34,17550.0,600,Buy,232592632
2024-08-19 09:49:34,17550.0,5000,Buy,232592633
2024-08-19 09:49:34,17550.0,300,Buy,232592637
2024-08-19 09:49:39,17500.0,900,Sell,232592870
2024-08-19 09:49:40,17550.0,3400,Buy,232592897
2024-08-19 09:49:40,17550.0,500,Buy,232592896
2024-08-19 09:49:40,17550.0,500,Buy,232592894
2024-08-19 09:49:40,17550.0,100,Buy,232592895
2024-08-19 09:49:40,17550.0,200,Buy,232592893
2024-08-19 09:49:40,17550.0,100,Buy,232592889
2024-08-19 09:49:40,17550.0,9500,Buy,232592891
2024-08-19 09:49:40,17550.0,1000,Buy,232592892
2024-08-19 09:49:40,17550.0,3700,Buy,232592887
2024-08-19 09:49:40,17550.0,2000,Buy,232592888
2024-08-19 09:49:40,17550.0,7000,Buy,232592890
2024-08-19 09:49:46,17550.0,100,Buy,232593134
2024-08-19 09:49:46,17550.0,11600,Buy,232593125
2024-08-19 09:49:46,17550.0,500,Buy,232593126
2024-08-19 09:49:46,17550.0,1000,Buy,232593127
2024-08-19 09:49:46,17550.0,5000,Buy,232593128
2024-08-19 09:49:46,17550.0,1000,Buy,232593129
2024-08-19 09:49:46,17550.0,1000,Buy,232593130
2024-08-19 09:49:46,17550.0,2000,Buy,232593131
2024-08-19 09:49:46,17550.0,500,Buy,232593132
2024-08-19 09:49:46,17550.0,100,Buy,232593133
2024-08-19 09:49:46,17550.0,200,Buy,232593135
2024-08-19 09:49:46,17550.0,1000,Buy,232593136
2024-08-19 09:49:47,17550.0,200,Buy,232593150
2024-08-19 09:49:47,17550.0,100,Buy,232593151
2024-08-19 09:49:47,17550.0,500,Buy,232593155
2024-08-19 09:49:47,17550.0,500,Buy,232593154
2024-08-19 09:49:47,17550.0,2000,Buy,232593149
2024-08-19 09:49:47,17550.0,700,Buy,232593152
2024-08-19 09:49:47,17550.0,300,Buy,232593148
2024-08-19 09:49:47,17550.0,30000,Buy,232593153
2024-08-19 09:49:47,17550.0,100,Buy,232593146
2024-08-19 09:49:47,17550.0,100,Buy,232593139
2024-08-19 09:49:47,17550.0,2000,Buy,232593140
2024-08-19 09:49:47,17550.0,500,Buy,232593141
2024-08-19 09:49:47,17550.0,5000,Buy,232593147
2024-08-19 09:49:47,17550.0,100,Buy,232593143
2024-08-19 09:49:47,17550.0,400,Buy,232593144
2024-08-19 09:49:47,17550.0,2000,Buy,232593145
2024-08-19 09:49:47,17550.0,500,Buy,232593142
2024-08-19 09:50:02,17600.0,5200,Buy,232593616
2024-08-19 09:50:02,17600.0,200,Buy,232593605
2024-08-19 09:50:02,17600.0,100,Buy,232593614
2024-08-19 09:50:02,17600.0,100,Buy,232593613
2024-08-19 09:50:02,17600.0,3000,Buy,232593612
2024-08-19 09:50:02,17600.0,200,Buy,232593611
2024-08-19 09:50:02,17600.0,100,Buy,232593610
2024-08-19 09:50:02,17600.0,100,Buy,232593607
2024-08-19 09:50:02,17600.0,1000,Buy,232593606
2024-08-19 09:50:02,17600.0,100,Buy,232593615
2024-08-19 09:50:02,17600.0,100,Buy,232593603
2024-08-19 09:50:02,17600.0,100,Buy,232593602
2024-08-19 09:50:02,17600.0,500,Buy,232593593
2024-08-19 09:50:02,17600.0,1000,Buy,232593604
2024-08-19 09:50:02,17600.0,20000,Buy,232593595
2024-08-19 09:50:02,17600.0,1000,Buy,232593596
2024-08-19 09:50:02,17600.0,200,Buy,232593594
2024-08-19 09:50:02,17600.0,1400,Buy,232593598
2024-08-19 09:50:02,17600.0,8000,Buy,232593599
2024-08-19 09:50:02,17600.0,1000,Buy,232593600
2024-08-19 09:50:02,17600.0,1100,Buy,232593601
2024-08-19 09:50:02,17600.0,500,Buy,232593597
2024-08-19 09:50:03,17600.0,200,Buy,232593652
2024-08-19 09:50:20,17600.0,40000,Buy,232594249
2024-08-19 09:50:22,17600.0,150000,Buy,232594289
2024-08-19 09:50:27,17600.0,20000,Buy,232594425
2024-08-19 09:50:33,17600.0,2200,Buy,232594612
2024-08-19 09:50:33,17600.0,500,Buy,232594611
2024-08-19 09:50:33,17600.0,200,Buy,232594610
2024-08-19 09:50:33,17600.0,100,Buy,232594609
2024-08-19 09:50:33,17600.0,40600,Buy,232594605
2024-08-19 09:50:33,17600.0,800,Buy,232594608
2024-08-19 09:50:33,17600.0,100,Buy,232594607
2024-08-19 09:50:33,17600.0,500,Buy,232594606
2024-08-19 09:50:34,17600.0,2800,Buy,232594647
2024-08-19 09:50:34,17600.0,100,Buy,232594648
2024-08-19 09:50:34,17600.0,5600,Buy,232594649
2024-08-19 09:50:34,17600.0,200,Buy,232594650
2024-08-19 09:50:34,17600.0,100,Buy,232594651
2024-08-19 09:50:34,17600.0,1200,Buy,232594652
2024-08-19 09:50:37,17600.0,3700,Buy,232594756
2024-08-19 09:50:37,17600.0,100,Buy,232594757
2024-08-19 09:50:37,17600.0,100,Buy,232594758
2024-08-19 09:50:37,17600.0,100,Buy,232594759
2024-08-19 09:50:37,17600.0,2200,Buy,232594760
2024-08-19 09:50:37,17600.0,3800,Buy,232594761
2024-08-19 09:50:42,17600.0,1000,Buy,232594900
2024-08-19 09:50:45,17600.0,10000,Buy,232594979
2024-08-19 09:50:46,17600.0,2000,Buy,232595008
2024-08-19 09:50:48,17600.0,2000,Buy,232595114
2024-08-19 09:50:48,17600.0,59300,Buy,232595117
2024-08-19 09:50:48,17600.0,1000,Buy,232595116
2024-08-19 09:50:48,17600.0,100,Buy,232595115
2024-08-19 09:50:48,17600.0,1000,Buy,232595113
2024-08-19 09:50:48,17600.0,233200,Buy,232595106
2024-08-19 09:50:48,17600.0,4100,Buy,232595111
2024-08-19 09:50:48,17600.0,1800,Buy,232595110
2024-08-19 09:50:48,17600.0,400,Buy,232595109
2024-08-19 09:50:48,17600.0,100,Buy,232595108
2024-08-19 09:50:48,17600.0,1000,Buy,232595107
2024-08-19 09:50:48,17600.0,1000,Buy,232595112
2024-08-19 09:50:50,17600.0,100,Buy,232595155
2024-08-19 09:50:53,17600.0,2900,Buy,232595226
2024-08-19 09:50:53,17600.0,10000,Buy,232595230
2024-08-19 09:50:57,17600.0,10000,Buy,232595426
2024-08-19 09:51:00,17600.0,1800,Buy,232595499
2024-08-19 09:51:02,17600.0,10000,Buy,232595573
2024-08-19 09:51:02,17600.0,2000,Buy,232595562
2024-08-19 09:51:03,17600.0,56000,Buy,232595596
2024-08-19 09:51:06,17600.0,100,Buy,232595733
2024-08-19 09:51:07,17600.0,10000,Buy,232595734
2024-08-19 09:51:07,17600.0,1000,Buy,232595743
2024-08-19 09:51:07,17600.0,10000,Buy,232595779
2024-08-19 09:51:14,17600.0,110000,Buy,232596075
2024-08-19 09:51:17,17600.0,10000,Buy,232596191
2024-08-19 09:51:20,17600.0,200,Buy,232596284
2024-08-19 09:51:22,17550.0,100,Sell,232596356
2024-08-19 09:51:23,17600.0,7500,Buy,232596388
2024-08-19 09:51:23,17600.0,60000,Buy,232596400
2024-08-19 09:51:24,17600.0,3000,Buy,232596412
2024-08-19 09:51:28,17600.0,2300,Buy,232596602
2024-08-19 09:51:28,17600.0,7500,Buy,232596607
2024-08-19 09:51:33,17600.0,50000,Buy,232596825
2024-08-19 09:51:34,17600.0,7500,Buy,232596852
2024-08-19 09:51:35,17600.0,5000,Buy,232596895
2024-08-19 09:51:35,17600.0,50000,Buy,232596873
2024-08-19 09:51:36,17600.0,100,Buy,232596917
2024-08-19 09:51:38,17550.0,4300,Sell,232596956
2024-08-19 09:51:38,17600.0,100,Buy,232596957
2024-08-19 09:51:38,17600.0,13600,Buy,232596964
2024-08-19 09:51:38,17600.0,26400,Buy,232596965
2024-08-19 09:51:39,17600.0,1000,Buy,232596989
2024-08-19 09:51:39,17600.0,3000,Buy,232597010
2024-08-19 09:51:41,17600.0,20000,Buy,232597054
2024-08-19 09:51:41,17600.0,1000,Buy,232597068
2024-08-19 09:51:41,17600.0,7500,Buy,232597073
2024-08-19 09:51:41,17600.0,34000,Buy,232597074
2024-08-19 09:51:43,17600.0,10000,Buy,232597124
2024-08-19 09:51:43,17600.0,30000,Buy,232597125
2024-08-19 09:51:45,17600.0,7000,Buy,232597206
2024-08-19 09:51:45,17600.0,1000,Buy,232597170
2024-08-19 09:51:45,17600.0,5000,Buy,232597171
2024-08-19 09:51:45,17600.0,900,Buy,232597199
2024-08-19 09:51:46,17600.0,3000,Buy,232597271
2024-08-19 09:51:47,17600.0,10000,Buy,232597285
2024-08-19 09:51:47,17600.0,1000,Buy,232597292
2024-08-19 09:51:48,17600.0,80000,Buy,232597361
2024-08-19 09:51:50,17600.0,9200,Buy,232597434
2024-08-19 09:51:50,17600.0,40800,Buy,232597435
2024-08-19 09:51:50,17600.0,2000,Buy,232597448
2024-08-19 09:51:51,17600.0,30000,Buy,232597488
2024-08-19 09:51:52,17600.0,1000,Buy,232597516
2024-08-19 09:51:54,17600.0,300,Buy,232597603
2024-08-19 09:51:54,17600.0,200,Buy,232597606
2024-08-19 09:51:54,17600.0,800,Buy,232597611
2024-08-19 09:51:54,17600.0,1000,Buy,232597587
2024-08-19 09:51:55,17600.0,5000,Buy,232597620
2024-08-19 09:51:59,17600.0,3000,Buy,232597744
2024-08-19 09:52:03,17600.0,5000,Buy,232597835
2024-08-19 09:52:05,17600.0,7500,Buy,232597923
2024-08-19 09:52:08,17600.0,5000,Buy,232598080
2024-08-19 09:52:08,17600.0,300,Buy,232598071
2024-08-19 09:52:10,17600.0,1000,Buy,232598173
2024-08-19 09:52:11,17600.0,50000,Buy,232598239
2024-08-19 09:52:12,17600.0,10000,Buy,232598263
2024-08-19 09:52:13,17600.0,4400,Buy,232598286
2024-08-19 09:52:14,17600.0,15000,Buy,232598302
2024-08-19 09:52:14,17600.0,200,Buy,232598312
2024-08-19 09:52:15,17600.0,400,Buy,232598323
2024-08-19 09:52:15,17600.0,25000,Buy,232598325
2024-08-19 09:52:15,17600.0,18000,Buy,232598326
2024-08-19 09:52:16,17600.0,500,Buy,232598348
2024-08-19 09:52:16,17600.0,600,Buy,232598351
2024-08-19 09:52:17,17600.0,20000,Buy,232598411
2024-08-19 09:52:21,17600.0,300,Buy,232598509
2024-08-19 09:52:24,17600.0,500,Buy,232598599
2024-08-19 09:52:24,17600.0,15100,Buy,232598603
2024-08-19 09:52:24,17600.0,4000,Buy,232598602
2024-08-19 09:52:24,17600.0,500,Buy,232598601
2024-08-19 09:52:24,17600.0,100,Buy,232598600
2024-08-19 09:52:24,17600.0,500,Buy,232598598
2024-08-19 09:52:24,17600.0,2700,Buy,232598591
2024-08-19 09:52:24,17600.0,4000,Buy,232598596
2024-08-19 09:52:24,17600.0,300,Buy,232598595
2024-08-19 09:52:24,17600.0,100,Buy,232598594
2024-08-19 09:52:24,17600.0,2000,Buy,232598593
2024-08-19 09:52:24,17600.0,100,Buy,232598592
2024-08-19 09:52:24,17600.0,100,Buy,232598597
2024-08-19 09:52:26,17600.0,1000,Buy,232598672
2024-08-19 09:52:27,17600.0,100,Buy,232598717
2024-08-19 09:52:27,17600.0,2700,Buy,232598718
2024-08-19 09:52:27,17600.0,200,Buy,232598719
2024-08-19 09:52:27,17600.0,100,Buy,232598720
2024-08-19 09:52:27,17600.0,1000,Buy,232598721
2024-08-19 09:52:27,17600.0,2000,Buy,232598723
2024-08-19 09:52:38,17600.0,5700,Sell,232599161
2024-08-19 09:52:39,17650.0,200,Buy,232599239
2024-08-19 09:52:39,17650.0,1000,Buy,232599240
2024-08-19 09:52:45,17600.0,500,Sell,232599447
2024-08-19 09:52:52,17600.0,6800,Sell,232599692
2024-08-19 09:52:52,17600.0,100,Sell,232599693
2024-08-19 09:52:52,17600.0,100,Sell,232599694
2024-08-19 09:52:52,17600.0,1000,Sell,232599695
2024-08-19 09:52:52,17600.0,300,Sell,232599696
2024-08-19 09:52:52,17600.0,10000,Sell,232599697
2024-08-19 09:52:52,17600.0,5000,Sell,232599698
2024-08-19 09:52:52,17600.0,100,Sell,232599699
2024-08-19 09:53:01,17600.0,900,Buy,232599986
2024-08-19 09:53:10,17600.0,500,Buy,232600203
2024-08-19 09:53:12,17600.0,100,Buy,232600261
2024-08-19 09:53:19,17600.0,600,Buy,232600530
2024-08-19 09:53:26,17600.0,100,Buy,232600686
2024-08-19 09:53:59,17600.0,1000,Buy,232601794
2024-08-19 09:54:04,17600.0,200,Buy,232601945
2024-08-19 09:54:09,17600.0,1200,Buy,232602113
2024-08-19 09:54:17,17550.0,200000,Sell,232602491
2024-08-19 09:54:27,17550.0,1000,Sell,232602813
2024-08-19 09:54:31,17550.0,2000,Sell,232602942
2024-08-19 09:54:35,17550.0,2000,Sell,232603075
2024-08-19 09:54:36,17600.0,500,Buy,232603112
2024-08-19 09:54:40,17550.0,500,Sell,232603237
2024-08-19 09:54:40,17550.0,17000,Sell,232603236
2024-08-19 09:54:40,17550.0,500,Sell,232603239
2024-08-19 09:54:40,17550.0,50000,Sell,232603234
2024-08-19 09:54:40,17550.0,300,Sell,232603235
2024-08-19 09:54:40,17550.0,1600,Sell,232603232
2024-08-19 09:54:40,17550.0,25000,Sell,232603238
2024-08-19 09:54:40,17550.0,3000,Sell,232603233
2024-08-19 09:54:56,17550.0,1000,Buy,232603720
2024-08-19 09:55:12,17500.0,500,Sell,232604155
2024-08-19 09:55:12,17500.0,100,Sell,232604156
2024-08-19 09:55:23,17550.0,5000,Buy,232604490
2024-08-19 09:55:32,17550.0,500,Buy,232604816
2024-08-19 09:55:33,17550.0,300,Buy,232604830
2024-08-19 09:55:43,17550.0,600,Buy,232605257
2024-08-19 09:56:32,17550.0,5000,Buy,232606735
2024-08-19 09:56:42,17500.0,500,Sell,232607057
2024-08-19 09:56:46,17500.0,1500,Sell,232607220
2024-08-19 09:56:46,17500.0,200,Sell,232607221
2024-08-19 09:57:12,17500.0,10000,Sell,232608060
2024-08-19 09:57:22,17500.0,200,Sell,232608426
2024-08-19 09:57:26,17500.0,15500,Sell,232608586
2024-08-19 09:57:45,17550.0,300,Buy,232609023
2024-08-19 09:58:04,17550.0,300,Buy,232609658
2024-08-19 09:58:06,17550.0,3000,Buy,232609698
2024-08-19 09:58:08,17500.0,1000,Sell,232609789
2024-08-19 09:58:15,17550.0,2000,Buy,232609946
2024-08-19 09:58:28,17550.0,200,Buy,232610405
2024-08-19 09:59:07,17550.0,1700,Buy,232611482
2024-08-19 09:59:26,17550.0,100,Buy,232611997
2024-08-19 09:59:32,17550.0,400,Buy,232612290
2024-08-19 09:59:38,17550.0,6700,Buy,232612441
2024-08-19 09:59:38,17550.0,10000,Buy,232612442
2024-08-19 09:59:38,17550.0,2000,Buy,232612443
2024-08-19 09:59:38,17550.0,1000,Buy,232612444
2024-08-19 09:59:38,17550.0,300,Buy,232612445
2024-08-19 09:59:38,17550.0,4000,Buy,232612446
2024-08-19 09:59:38,17550.0,8000,Buy,232612447
2024-08-19 09:59:54,17550.0,1000,Buy,232612992
2024-08-19 09:59:55,17550.0,100,Buy,232612996
2024-08-19 10:00:12,17550.0,2000,Buy,232613574
2024-08-19 10:00:16,17500.0,300,Sell,232613709
2024-08-19 10:00:47,17550.0,200,Buy,232614656
2024-08-19 10:00:52,17500.0,100,Sell,232614807
2024-08-19 10:01:11,17550.0,800,Buy,232615243
2024-08-19 10:01:19,17550.0,200,Buy,232615440
2024-08-19 10:01:23,17500.0,10000,Sell,232615577
2024-08-19 10:01:56,17500.0,600,Sell,232616364
2024-08-19 10:01:56,17500.0,22400,Sell,232616368
2024-08-19 10:01:56,17500.0,300,Sell,232616367
2024-08-19 10:01:56,17500.0,100,Sell,232616366
2024-08-19 10:01:56,17500.0,500,Sell,232616365
2024-08-19 10:01:56,17500.0,100,Sell,232616362
2024-08-19 10:01:56,17500.0,10000,Sell,232616363
2024-08-19 10:01:56,17500.0,300,Sell,232616361
2024-08-19 10:01:56,17500.0,400,Sell,232616360
2024-08-19 10:01:56,17500.0,500,Sell,232616359
2024-08-19 10:01:56,17500.0,1000,Sell,232616358
2024-08-19 10:01:56,17500.0,100,Sell,232616357
2024-08-19 10:01:56,17500.0,1000,Sell,232616356
2024-08-19 10:01:56,17500.0,162700,Sell,232616355
2024-08-19 10:02:05,17500.0,2600,Sell,232616533
2024-08-19 10:02:05,17500.0,2400,Sell,232616534
2024-08-19 10:02:17,17500.0,2900,Sell,232616742
2024-08-19 10:02:17,17500.0,1000,Sell,232616740
2024-08-19 10:02:17,17500.0,100,Sell,232616741
2024-08-19 10:02:18,17500.0,1000,Sell,232616758
2024-08-19 10:02:21,17500.0,100,Sell,232616844
2024-08-19 10:02:21,17500.0,500,Sell,232616850
2024-08-19 10:02:21,17500.0,10000,Sell,232616849
2024-08-19 10:02:21,17500.0,1000,Sell,232616848
2024-08-19 10:02:21,17500.0,800,Sell,232616847
2024-08-19 10:02:21,17500.0,300,Sell,232616846
2024-08-19 10:02:21,17500.0,100,Sell,232616845
2024-08-19 10:02:21,17500.0,100,Sell,232616843
2024-08-19 10:02:21,17500.0,1500,Sell,232616851
2024-08-19 10:02:21,17500.0,500,Sell,232616841
2024-08-19 10:02:21,17500.0,100,Sell,232616840
2024-08-19 10:02:21,17500.0,1000,Sell,232616839
2024-08-19 10:02:21,17500.0,1000,Sell,232616837
2024-08-19 10:02:21,17500.0,500,Sell,232616836
2024-08-19 10:02:21,17500.0,2000,Sell,232616835
2024-08-19 10:02:21,17500.0,1100,Sell,232616834
2024-08-19 10:02:21,17500.0,500,Sell,232616842
2024-08-19 10:02:21,17500.0,300,Sell,232616838
2024-08-19 10:02:23,17500.0,1000,Buy,232616944
2024-08-19 10:02:40,17500.0,100,Buy,232617495
2024-08-19 10:02:44,17500.0,1000,Buy,232617594
2024-08-19 10:02:53,17500.0,600,Buy,232617813
2024-08-19 10:02:58,17500.0,20000,Buy,232617914
2024-08-19 10:03:02,17500.0,500,Buy,232617987
2024-08-19 10:03:06,17500.0,400,Buy,232618071
2024-08-19 10:03:53,17500.0,4600,Sell,232618976
2024-08-19 10:03:53,17500.0,100,Sell,232618977
2024-08-19 10:03:53,17500.0,5000,Sell,232618978
2024-08-19 10:03:53,17500.0,300,Sell,232618979
2024-08-19 10:04:06,17500.0,200,Sell,232619342
2024-08-19 10:04:30,17500.0,2000,Sell,232620054
2024-08-19 10:04:38,17500.0,500,Sell,232620241
2024-08-19 10:05:15,17500.0,5000,Sell,232621146
2024-08-19 10:05:15,17500.0,5300,Sell,232621145
2024-08-19 10:05:15,17500.0,1000,Sell,232621144
2024-08-19 10:05:15,17500.0,800,Sell,232621142
2024-08-19 10:05:15,17500.0,200,Sell,232621141
2024-08-19 10:05:15,17500.0,2000,Sell,232621140
2024-08-19 10:05:15,17500.0,100,Sell,232621143
2024-08-19 10:05:41,17500.0,5000,Buy,232621701
2024-08-19 10:05:54,17500.0,10000,Buy,232622003
2024-08-19 10:06:14,17500.0,200,Buy,232622390
2024-08-19 10:06:16,17450.0,2000,Sell,232622448
2024-08-19 10:06:16,17450.0,1000,Sell,232622449
2024-08-19 10:06:16,17450.0,100,Sell,232622450
2024-08-19 10:06:16,17450.0,100,Sell,232622451
2024-08-19 10:06:16,17450.0,300,Sell,232622447
2024-08-19 10:06:16,17450.0,1000,Sell,232622453
2024-08-19 10:06:16,17450.0,100,Sell,232622454
2024-08-19 10:06:16,17450.0,200,Sell,232622456
2024-08-19 10:06:16,17450.0,500,Sell,232622457
2024-08-19 10:06:16,17450.0,500,Sell,232622452
2024-08-19 10:06:16,17450.0,400,Sell,232622446
2024-08-19 10:06:16,17450.0,1000,Sell,232622455
2024-08-19 10:06:16,17450.0,1000,Sell,232622444
2024-08-19 10:06:16,17450.0,5700,Sell,232622433
2024-08-19 10:06:16,17450.0,100,Sell,232622434
2024-08-19 10:06:16,17450.0,5000,Sell,232622435
2024-08-19 10:06:16,17450.0,100,Sell,232622436
2024-08-19 10:06:16,17450.0,2000,Sell,232622437
2024-08-19 10:06:16,17450.0,5000,Sell,232622445
2024-08-19 10:06:16,17450.0,2000,Sell,232622439
2024-08-19 10:06:16,17450.0,200,Sell,232622443
2024-08-19 10:06:16,17450.0,1900,Sell,232622442
2024-08-19 10:06:16,17450.0,500,Sell,232622438
2024-08-19 10:06:16,17450.0,500,Sell,232622440
2024-08-19 10:06:16,17450.0,2000,Sell,232622441
2024-08-19 10:06:31,17450.0,100,Buy,232622727
2024-08-19 10:06:34,17450.0,1000,Buy,232622759
2024-08-19 10:06:37,17450.0,5000,Buy,232622850
2024-08-19 10:06:54,17450.0,1000,Buy,232623259
2024-08-19 10:06:55,17450.0,5000,Buy,232623284
2024-08-19 10:07:03,17450.0,200,Buy,232623405
2024-08-19 10:07:11,17450.0,9500,Buy,232623533
2024-08-19 10:07:11,17450.0,6000,Buy,232623534
2024-08-19 10:07:16,17450.0,4500,Sell,232623630
2024-08-19 10:07:42,17450.0,20500,Buy,232624271
2024-08-19 10:09:21,17450.0,2500,Sell,232626268
2024-08-19 10:09:21,17450.0,3000,Sell,232626267
2024-08-19 10:09:21,17450.0,29500,Sell,232626266
2024-08-19 10:09:27,17450.0,2500,Sell,232626436
2024-08-19 10:09:27,17450.0,100,Sell,232626437
2024-08-19 10:09:27,17450.0,1900,Sell,232626438
2024-08-19 10:09:27,17450.0,30000,Sell,232626439
2024-08-19 10:09:27,17450.0,5000,Sell,232626440
2024-08-19 10:09:27,17450.0,1600,Sell,232626441
2024-08-19 10:09:27,17450.0,400,Sell,232626442
2024-08-19 10:09:27,17450.0,100,Sell,232626443
2024-08-19 10:09:27,17450.0,100,Sell,232626444
2024-08-19 10:09:27,17450.0,500,Sell,232626445
2024-08-19 10:09:33,17450.0,5000,Buy,232626548
2024-08-19 10:09:35,17450.0,700,Buy,232626575
2024-08-19 10:09:36,17450.0,1000,Buy,232626596
2024-08-19 10:09:51,17450.0,300,Buy,232626817
2024-08-19 10:09:55,17450.0,700,Buy,232626885
2024-08-19 10:10:13,17450.0,100,Buy,232627182
2024-08-19 10:10:13,17400.0,100,Sell,232627183
2024-08-19 10:10:19,17450.0,100,Buy,232627295
2024-08-19 10:10:26,17450.0,1000,Buy,232627417
2024-08-19 10:10:31,17450.0,100,Buy,232627492
2024-08-19 10:10:37,17450.0,300,Buy,232627620
2024-08-19 10:10:44,17450.0,1400,Buy,232627819
2024-08-19 10:10:51,17450.0,2100,Buy,232627936
2024-08-19 10:10:51,17450.0,500,Buy,232627937
2024-08-19 10:10:51,17450.0,1700,Buy,232627938
2024-08-19 10:10:54,17400.0,4500,Sell,232627978
2024-08-19 10:10:54,17400.0,600,Sell,232627979
2024-08-19 10:10:59,17450.0,2000,Buy,232628065
2024-08-19 10:11:03,17450.0,3000,Buy,232628141
2024-08-19 10:12:00,17450.0,400,Buy,232629179
2024-08-19 10:12:46,17450.0,500,Buy,232629982
2024-08-19 10:12:56,17450.0,11000,Buy,232630144
2024-08-19 10:13:06,17450.0,10000,Buy,232630260
2024-08-19 10:13:11,17450.0,4600,Buy,232630349
2024-08-19 10:13:20,17450.0,1800,Buy,232630480
2024-08-19 10:13:20,17450.0,3200,Buy,232630481
2024-08-19 10:13:30,17450.0,1000,Buy,232630677
2024-08-19 10:13:35,17450.0,800,Buy,232630729
2024-08-19 10:13:52,17450.0,2200,Sell,232630975
2024-08-19 10:13:52,17450.0,300,Sell,232630976
2024-08-19 10:13:52,17450.0,1000,Sell,232630977
2024-08-19 10:13:54,17450.0,100,Buy,232630994
2024-08-19 10:14:19,17450.0,500,Buy,232631424
2024-08-19 10:14:27,17450.0,500,Buy,232631561
2024-08-19 10:14:54,17450.0,10000,Buy,232632126
2024-08-19 10:14:58,17450.0,1400,Buy,232632202
2024-08-19 10:15:06,17450.0,1900,Buy,232632376
2024-08-19 10:15:07,17450.0,100,Buy,232632393
2024-08-19 10:15:16,17450.0,1800,Sell,232632567
2024-08-19 10:15:44,17450.0,100,Buy,232633133
2024-08-19 10:16:18,17450.0,26000,Buy,232633923
2024-08-19 10:16:38,17450.0,200,Buy,232634144
2024-08-19 10:17:11,17450.0,2300,Buy,232634772
2024-08-19 10:17:15,17450.0,10000,Buy,232634817
2024-08-19 10:17:28,17450.0,6400,Buy,232635014
2024-08-19 10:17:28,17450.0,4600,Buy,232635013
2024-08-19 10:17:30,17450.0,5000,Buy,232635036
2024-08-19 10:17:40,17450.0,3000,Buy,232635211
2024-08-19 10:17:44,17450.0,5000,Buy,232635264
2024-08-19 10:17:49,17450.0,500,Buy,232635364
2024-08-19 10:17:53,17450.0,6100,Buy,232635445
2024-08-19 10:17:58,17450.0,1900,Sell,232635528
2024-08-19 10:18:03,17450.0,100,Buy,232635747
2024-08-19 10:18:04,17450.0,1000,Buy,232635833
2024-08-19 10:18:10,17450.0,500,Buy,232636053
2024-08-19 10:18:23,17450.0,200,Buy,232636271
2024-08-19 10:18:28,17450.0,500,Buy,232636365
2024-08-19 10:18:47,17450.0,5000,Buy,232636796
2024-08-19 10:18:57,17450.0,1000,Buy,232637048
2024-08-19 10:19:00,17450.0,200,Buy,232637114
2024-08-19 10:19:13,17450.0,2000,Buy,232637447
2024-08-19 10:19:29,17450.0,400,Buy,232637775
2024-08-19 10:19:47,17450.0,10000,Buy,232638096
2024-08-19 10:19:47,17450.0,6500,Buy,232638095
2024-08-19 10:19:53,17450.0,200,Buy,232638252
2024-08-19 10:19:54,17450.0,100,Buy,232638290
2024-08-19 10:20:02,17450.0,3000,Buy,232638494
2024-08-19 10:20:11,17450.0,500,Buy,232638679
2024-08-19 10:20:16,17450.0,100,Buy,232638768
2024-08-19 10:20:18,17450.0,1000,Buy,232638795
2024-08-19 10:20:18,17450.0,100,Buy,232638796
2024-08-19 10:20:18,17450.0,35100,Buy,232638797
2024-08-19 10:20:18,17450.0,2800,Buy,232638794
2024-08-19 10:20:32,17450.0,200,Buy,232639047
2024-08-19 10:20:40,17450.0,500,Buy,232639193
2024-08-19 10:20:46,17450.0,400,Buy,232639279
2024-08-19 10:21:17,17450.0,300,Buy,232639871
2024-08-19 10:21:45,17450.0,300,Buy,232640522
2024-08-19 10:22:08,17450.0,200,Buy,232641059
2024-08-19 10:22:19,17450.0,100,Buy,232641253
2024-08-19 10:23:01,17450.0,400,Buy,232642390
2024-08-19 10:23:01,17450.0,3700,Buy,232642391
2024-08-19 10:23:01,17450.0,900,Buy,232642389
2024-08-19 10:23:04,17400.0,400,Sell,232642453
2024-08-19 10:23:18,17450.0,600,Buy,232642760
2024-08-19 10:23:39,17450.0,100,Buy,232643307
2024-08-19 10:23:40,17450.0,200,Buy,232643329
2024-08-19 10:23:59,17450.0,1000,Buy,232643736
2024-08-19 10:24:05,17450.0,16400,Buy,232644045
2024-08-19 10:24:05,17450.0,6200,Buy,232644046
2024-08-19 10:24:05,17450.0,600,Buy,232644047
2024-08-19 10:24:05,17450.0,300,Buy,232644048
2024-08-19 10:24:15,17450.0,100,Buy,232644202
2024-08-19 10:24:17,17450.0,100,Buy,232644291
2024-08-19 10:24:18,17450.0,10000,Buy,232644302
2024-08-19 10:24:23,17450.0,400,Buy,232644400
2024-08-19 10:24:32,17450.0,500,Buy,232644586
2024-08-19 10:24:34,17450.0,100,Buy,232644633
2024-08-19 10:25:27,17450.0,5000,Buy,232645882
2024-08-19 10:25:28,17450.0,1000,Buy,232645913
2024-08-19 10:25:35,17450.0,2500,Buy,232646053
2024-08-19 10:25:35,17450.0,6200,Buy,232646054
2024-08-19 10:25:35,17450.0,1300,Buy,232646055
2024-08-19 10:25:39,17450.0,100,Buy,232646114
2024-08-19 10:26:33,17450.0,400,Buy,232647158
2024-08-19 10:26:48,17400.0,1800,Sell,232647436
2024-08-19 10:26:52,17450.0,1000,Buy,232647512
2024-08-19 10:26:52,17450.0,100,Buy,232647511
2024-08-19 10:26:52,17450.0,1300,Buy,232647507
2024-08-19 10:26:52,17450.0,500,Buy,232647509
2024-08-19 10:26:52,17450.0,200,Buy,232647508
2024-08-19 10:26:52,17450.0,1000,Buy,232647510
2024-08-19 10:27:11,17450.0,200,Sell,232648022
2024-08-19 10:27:55,17450.0,500,Sell,232648849
2024-08-19 10:27:58,17500.0,1000,Buy,232648896
2024-08-19 10:27:58,17500.0,1900,Buy,232648931
2024-08-19 10:27:58,17500.0,500,Buy,232648897
2024-08-19 10:27:59,17500.0,1900,Buy,232648962
2024-08-19 10:27:59,17500.0,1900,Buy,232648977
2024-08-19 10:28:01,17500.0,1900,Buy,232649010
2024-08-19 10:28:25,17500.0,2000,Buy,232649484
2024-08-19 10:28:53,17500.0,100,Buy,232650272
2024-08-19 10:29:25,17450.0,200,Sell,232650790
2024-08-19 10:29:25,17450.0,700,Sell,232650791
2024-08-19 10:30:00,17450.0,800,Sell,232651516
2024-08-19 10:30:00,17450.0,1500,Sell,232651515
2024-08-19 10:30:00,17450.0,1900,Sell,232651517
2024-08-19 10:30:00,17450.0,1900,Sell,232651513
2024-08-19 10:30:00,17450.0,4300,Sell,232651512
2024-08-19 10:30:00,17450.0,100,Sell,232651514
2024-08-19 10:30:32,17450.0,1000,Buy,232652094
2024-08-19 10:30:37,17450.0,500,Buy,232652182
2024-08-19 10:30:38,17450.0,3000,Buy,232652197
2024-08-19 10:30:42,17450.0,1000,Buy,232652244
2024-08-19 10:30:47,17450.0,4000,Buy,232652302
2024-08-19 10:31:49,17450.0,300,Sell,232653530
2024-08-19 10:31:49,17450.0,1000,Sell,232653531
2024-08-19 10:31:49,17450.0,1000,Sell,232653532
2024-08-19 10:31:49,17450.0,1100,Sell,232653533
2024-08-19 10:32:40,17450.0,2900,Sell,232654511
2024-08-19 10:32:40,17450.0,52200,Sell,232654513
2024-08-19 10:32:40,17450.0,300,Sell,232654510
2024-08-19 10:32:40,17450.0,2600,Sell,232654512
2024-08-19 10:32:40,17450.0,2600,Sell,232654508
2024-08-19 10:32:40,17450.0,400,Sell,232654506
2024-08-19 10:32:40,17450.0,5000,Sell,232654509
2024-08-19 10:32:40,17450.0,100,Sell,232654507
2024-08-19 10:32:40,17450.0,3900,Sell,232654505
2024-08-19 10:32:52,17450.0,1000,Sell,232654690
2024-08-19 10:33:02,17450.0,2000,Sell,232654849
2024-08-19 10:33:21,17450.0,100,Sell,232655125
2024-08-19 10:34:21,17450.0,800,Sell,232656235
2024-08-19 10:34:30,17450.0,1000,Sell,232656444
2024-08-19 10:34:37,17450.0,100,Sell,232656588
2024-08-19 10:35:21,17450.0,2800,Sell,232657286
2024-08-19 10:35:21,17450.0,1500,Sell,232657287
2024-08-19 10:35:21,17450.0,500,Sell,232657288
2024-08-19 10:35:21,17450.0,1000,Sell,232657289
2024-08-19 10:35:21,17450.0,4200,Sell,232657290
2024-08-19 10:36:22,17500.0,3800,Buy,232658330
2024-08-19 10:36:23,17500.0,100,Buy,232658367
2024-08-19 10:36:39,17450.0,1200,Sell,232658600
2024-08-19 10:36:39,17450.0,800,Sell,232658599
2024-08-19 10:37:41,17450.0,500,Sell,232659800
2024-08-19 10:38:23,17450.0,100,Sell,232660680
2024-08-19 10:38:31,17500.0,100,Buy,232660813
2024-08-19 10:38:51,17500.0,1900,Buy,232661391
2024-08-19 10:38:56,17500.0,100,Buy,232661531
2024-08-19 10:39:29,17450.0,300,Sell,232662144
2024-08-19 10:39:29,17450.0,3800,Sell,232662151
2024-08-19 10:39:29,17450.0,1000,Sell,232662150
2024-08-19 10:39:29,17450.0,200,Sell,232662149
2024-08-19 10:39:29,17450.0,500,Sell,232662148
2024-08-19 10:39:29,17450.0,5000,Sell,232662146
2024-08-19 10:39:29,17450.0,200,Sell,232662145
2024-08-19 10:39:29,17450.0,300,Sell,232662143
2024-08-19 10:39:29,17450.0,5000,Sell,232662147
2024-08-19 10:39:29,17450.0,3000,Sell,232662141
2024-08-19 10:39:29,17450.0,1900,Sell,232662134
2024-08-19 10:39:29,17450.0,1100,Sell,232662135
2024-08-19 10:39:29,17450.0,20000,Sell,232662136
2024-08-19 10:39:29,17450.0,200,Sell,232662137
2024-08-19 10:39:29,17450.0,1000,Sell,232662142
2024-08-19 10:39:29,17450.0,100,Sell,232662138
2024-08-19 10:39:29,17450.0,500,Sell,232662139
2024-08-19 10:39:29,17450.0,200,Sell,232662140
2024-08-19 10:39:29,17450.0,1200,Sell,232662133
2024-08-19 10:39:30,17450.0,100,Buy,232662164
2024-08-19 10:39:32,17450.0,5000,Buy,232662213
2024-08-19 10:40:08,17450.0,600,Buy,232662887
2024-08-19 10:40:15,17450.0,100,Buy,232663064
2024-08-19 10:40:17,17450.0,1000,Buy,232663127
2024-08-19 10:40:20,17450.0,500,Buy,232663198
2024-08-19 10:40:28,17450.0,1000,Buy,232663322
2024-08-19 10:40:43,17450.0,300,Buy,232663552
2024-08-19 10:40:53,17450.0,100,Buy,232663716
2024-08-19 10:41:05,17450.0,400,Buy,232663987
2024-08-19 10:41:08,17450.0,400,Buy,232664029
2024-08-19 10:41:08,17450.0,300,Buy,232664030
2024-08-19 10:41:47,17500.0,100,Buy,232664931
2024-08-19 10:41:55,17450.0,200,Sell,232665103
2024-08-19 10:42:23,17450.0,100,Sell,232665696
2024-08-19 10:43:06,17450.0,2000,Sell,232666440
2024-08-19 10:43:06,17450.0,200,Sell,232666441
2024-08-19 10:43:06,17450.0,2800,Sell,232666442
2024-08-19 10:43:17,17450.0,2000,Sell,232666615
2024-08-19 10:45:14,17450.0,200,Sell,232668584
2024-08-19 10:45:14,17450.0,3800,Sell,232668585
2024-08-19 10:48:12,17500.0,3700,Buy,232671835
2024-08-19 10:48:12,17500.0,100,Buy,232671836
2024-08-19 10:50:35,17500.0,100,Buy,232674918
2024-08-19 10:50:42,17500.0,1900,Buy,232675109
2024-08-19 10:50:42,17500.0,1000,Buy,232675108
2024-08-19 10:50:42,17500.0,800,Buy,232675106
2024-08-19 10:50:42,17500.0,100,Buy,232675107
2024-08-19 10:50:52,17500.0,1900,Buy,232675363
2024-08-19 10:50:52,17500.0,8100,Buy,232675362
2024-08-19 10:51:20,17500.0,2000,Buy,232675945
2024-08-19 10:52:23,17500.0,300,Buy,232677420
2024-08-19 10:52:23,17500.0,2000,Buy,232677421
2024-08-19 10:52:23,17500.0,100,Buy,232677422
2024-08-19 10:52:23,17500.0,2600,Buy,232677423
2024-08-19 10:52:48,17500.0,2000,Buy,232677862
2024-08-19 10:53:32,17500.0,3400,Buy,232678818
2024-08-19 10:53:50,17500.0,1900,Buy,232679083
2024-08-19 10:54:18,17500.0,100,Buy,232679629
2024-08-19 10:54:45,17500.0,200,Buy,232680038
2024-08-19 10:54:51,17500.0,4000,Buy,232680133
2024-08-19 10:54:52,17450.0,100,Sell,232680146
2024-08-19 10:54:59,17500.0,100,Buy,232680241
2024-08-19 10:55:35,17500.0,2000,Buy,232680768
2024-08-19 10:55:50,17500.0,3700,Buy,232681040
2024-08-19 10:55:50,17500.0,1300,Buy,232681041
2024-08-19 10:56:15,17500.0,400,Buy,232681481
2024-08-19 10:57:12,17500.0,300,Buy,232682697
2024-08-19 10:57:40,17450.0,1000,Sell,232683171
2024-08-19 10:58:12,17500.0,1500,Buy,232683895
2024-08-19 10:58:24,17500.0,100,Buy,232684036
2024-08-19 10:59:56,17500.0,300,Buy,232685502
2024-08-19 11:01:21,17500.0,200,Buy,232686848
2024-08-19 11:01:21,17500.0,500,Buy,232686849
2024-08-19 11:01:21,17500.0,200,Buy,232686850
2024-08-19 11:01:21,17500.0,5000,Buy,232686851
2024-08-19 11:01:21,17500.0,20000,Buy,232686854
2024-08-19 11:01:21,17500.0,100,Buy,232686853
2024-08-19 11:01:21,17500.0,20000,Buy,232686855
2024-08-19 11:01:21,17500.0,500,Buy,232686847
2024-08-19 11:01:21,17500.0,4000,Buy,232686852
2024-08-19 11:01:21,17500.0,100,Buy,232686846
2024-08-19 11:01:21,17500.0,2000,Buy,232686856
2024-08-19 11:01:21,17500.0,400,Buy,232686844
2024-08-19 11:01:21,17500.0,4700,Buy,232686835
2024-08-19 11:01:21,17500.0,100,Buy,232686836
2024-08-19 11:01:21,17500.0,100,Buy,232686837
2024-08-19 11:01:21,17500.0,100,Buy,232686838
2024-08-19 11:01:21,17500.0,2000,Buy,232686845
2024-08-19 11:01:21,17500.0,2000,Buy,232686840
2024-08-19 11:01:21,17500.0,1500,Buy,232686843
2024-08-19 11:01:21,17500.0,5000,Buy,232686839
2024-08-19 11:01:21,17500.0,300,Buy,232686841
2024-08-19 11:01:21,17500.0,600,Buy,232686842
2024-08-19 11:02:37,17500.0,2000,Sell,232688110
2024-08-19 11:02:49,17500.0,500,Sell,232688325
2024-08-19 11:02:57,17500.0,500,Sell,232688440
2024-08-19 11:03:01,17500.0,27600,Sell,232688498
2024-08-19 11:03:01,17500.0,300,Sell,232688499
2024-08-19 11:03:01,17500.0,2800,Sell,232688500
2024-08-19 11:03:01,17500.0,300,Sell,232688501
2024-08-19 11:03:01,17500.0,1900,Sell,232688502
2024-08-19 11:03:59,17500.0,1000,Buy,232689576
2024-08-19 11:04:03,17500.0,1100,Buy,232689611
2024-08-19 11:04:03,17500.0,400,Buy,232689612
2024-08-19 11:04:03,17500.0,3500,Buy,232689613
2024-08-19 11:04:30,17500.0,100,Buy,232690152
2024-08-19 11:04:33,17500.0,1000,Buy,232690196
2024-08-19 11:04:34,17500.0,5000,Buy,232690215
2024-08-19 11:04:46,17500.0,5000,Buy,232690394
2024-08-19 11:04:48,17500.0,2000,Buy,232690412
2024-08-19 11:05:00,17450.0,100,Sell,232690616
2024-08-19 11:05:00,17450.0,200,Sell,232690617
2024-08-19 11:05:31,17500.0,1800,Buy,232691139
2024-08-19 11:05:48,17500.0,5000,Buy,232691336
2024-08-19 11:07:03,17500.0,400,Buy,232692219
2024-08-19 11:07:40,17500.0,1200,Buy,232692780
2024-08-19 11:07:40,17500.0,700,Buy,232692781
2024-08-19 11:08:04,17500.0,100,Buy,232693198
2024-08-19 11:08:19,17450.0,2500,Sell,232693412
2024-08-19 11:08:31,17450.0,100,Sell,232693616
2024-08-19 11:08:34,17500.0,100,Buy,232693651
2024-08-19 11:09:26,17500.0,5700,Buy,232694375
2024-08-19 11:09:36,17500.0,1000,Buy,232694517
2024-08-19 11:09:48,17500.0,15000,Buy,232694651
2024-08-19 11:11:11,17500.0,5000,Buy,232695783
2024-08-19 11:11:19,17500.0,500,Buy,232695846
2024-08-19 11:11:19,17500.0,200,Buy,232695847
2024-08-19 11:11:19,17500.0,6900,Buy,232695848
2024-08-19 11:11:19,17500.0,2400,Buy,232695845
2024-08-19 11:11:24,17500.0,10000,Buy,232695936
2024-08-19 11:13:41,17500.0,2000,Buy,232697876
2024-08-19 11:14:56,17500.0,200,Buy,232698843
2024-08-19 11:14:59,17500.0,600,Buy,232698887
2024-08-19 11:14:59,17500.0,200,Buy,232698886
2024-08-19 11:14:59,17500.0,500,Buy,232698885
2024-08-19 11:14:59,17500.0,5000,Buy,232698884
2024-08-19 11:14:59,17500.0,300,Buy,232698888
2024-08-19 11:14:59,17500.0,1000,Buy,232698882
2024-08-19 11:14:59,17500.0,200,Buy,232698881
2024-08-19 11:14:59,17500.0,2000,Buy,232698880
2024-08-19 11:14:59,17500.0,300,Buy,232698883
2024-08-19 11:14:59,17500.0,9900,Buy,232698879
2024-08-19 11:15:18,17500.0,200,Buy,232699171
2024-08-19 11:15:19,17500.0,300,Buy,232699178
2024-08-19 11:15:19,17500.0,100,Buy,232699179
2024-08-19 11:15:19,17500.0,500,Buy,232699180
2024-08-19 11:15:19,17500.0,500,Buy,232699181
2024-08-19 11:15:19,17500.0,49500,Buy,232699177
2024-08-19 11:15:19,17500.0,1000,Buy,232699182
2024-08-19 11:16:27,17500.0,3000,Sell,232700202
2024-08-19 11:16:28,17500.0,1000,Sell,232700209
2024-08-19 11:17:55,17550.0,5000,Buy,232701211
2024-08-19 11:18:20,17550.0,400,Buy,232701545
2024-08-19 11:18:20,17550.0,100,Buy,232701546
2024-08-19 11:18:29,17550.0,400,Buy,232701682
2024-08-19 11:18:52,17500.0,200,Sell,232701945
2024-08-19 11:19:01,17550.0,5000,Buy,232702055
2024-08-19 11:19:17,17550.0,900,Buy,232702353
2024-08-19 11:19:17,17550.0,1000,Buy,232702352
2024-08-19 11:20:05,17550.0,100,Buy,232702958
2024-08-19 11:20:05,17550.0,1800,Buy,232702959
2024-08-19 11:20:15,17550.0,100,Buy,232703098
2024-08-19 11:20:15,17550.0,500,Buy,232703097
2024-08-19 11:20:15,17550.0,3800,Buy,232703091
2024-08-19 11:20:15,17550.0,300,Buy,232703095
2024-08-19 11:20:15,17550.0,1000,Buy,232703096
2024-08-19 11:20:43,17550.0,1900,Buy,232703473
2024-08-19 11:20:43,17550.0,1900,Buy,232703416
2024-08-19 11:21:37,17550.0,3000,Buy,232704064
2024-08-19 11:22:01,17550.0,1000,Buy,232704427
2024-08-19 11:22:04,17550.0,100,Buy,232704504
2024-08-19 11:22:24,17550.0,200,Buy,232704743
2024-08-19 11:22:34,17500.0,14200,Sell,232704841
2024-08-19 11:22:34,17500.0,5000,Sell,232704843
2024-08-19 11:22:34,17500.0,200,Sell,232704844
2024-08-19 11:22:34,17500.0,5000,Sell,232704845
2024-08-19 11:22:34,17500.0,5600,Sell,232704846
2024-08-19 11:22:34,17500.0,20000,Sell,232704842
2024-08-19 11:23:21,17500.0,200,Sell,232705365
2024-08-19 11:24:28,17500.0,500,Sell,232706144
2024-08-19 11:24:28,17500.0,400,Sell,232706145
2024-08-19 11:24:28,17500.0,5700,Sell,232706142
2024-08-19 11:24:28,17500.0,100,Sell,232706141
2024-08-19 11:24:28,17500.0,100,Sell,232706143
2024-08-19 11:24:28,17500.0,200,Sell,232706140
2024-08-19 11:24:43,17500.0,500,Sell,232706290
2024-08-19 11:25:31,17500.0,100,Sell,232706892
2024-08-19 11:25:57,17500.0,100,Sell,232707295
2024-08-19 11:27:40,17550.0,800,Buy,232708780
2024-08-19 11:27:40,17550.0,400,Buy,232708781
2024-08-19 11:27:40,17550.0,100,Buy,232708782
2024-08-19 11:27:40,17550.0,2000,Buy,232708783
2024-08-19 11:27:40,17550.0,1000,Buy,232708784
2024-08-19 11:27:40,17550.0,700,Buy,232708785
2024-08-19 11:27:52,17550.0,2300,Buy,232708991
2024-08-19 11:27:52,17550.0,300,Buy,232708992
2024-08-19 11:27:52,17550.0,2400,Buy,232708993
2024-08-19 11:28:19,17550.0,300,Buy,232709343
2024-08-19 11:28:35,17500.0,500,Sell,232709513
2024-08-19 11:28:39,17500.0,400,Sell,232709572
2024-08-19 11:28:52,17550.0,2300,Buy,232709767
2024-08-19 11:28:52,17550.0,200,Buy,232709768
2024-08-19 11:29:03,17500.0,200,Sell,232709921
2024-08-19 11:29:03,17500.0,100,Sell,232709922
2024-08-19 12:59:40,17500.0,100,Sell,232711231
2024-08-19 12:59:40,17500.0,4800,Sell,232711016
2024-08-19 12:59:40,17500.0,100,Sell,232711015
2024-08-19 12:59:40,17500.0,100,Sell,232711014
2024-08-19 12:59:40,17500.0,300,Sell,232711013
2024-08-19 12:59:40,17500.0,100,Sell,232711011
2024-08-19 12:59:40,17500.0,100,Sell,232711010
2024-08-19 12:59:40,17550.0,400,Buy,232711009
2024-08-19 12:59:40,17550.0,300,Buy,232711008
2024-08-19 12:59:40,17500.0,500,Sell,232711012
2024-08-19 12:59:40,17500.0,200,Sell,232710521
2024-08-19 12:59:40,17500.0,200,Sell,232710520
2024-08-19 12:59:40,17500.0,100,Sell,232710519
2024-08-19 12:59:40,17500.0,200,Sell,232710518
2024-08-19 12:59:40,17500.0,4000,Sell,232710517
2024-08-19 12:59:40,17500.0,500,Sell,232710516
2024-08-19 12:59:40,17500.0,500,Sell,232710515
2024-08-19 12:59:40,17500.0,100,Sell,232710514
2024-08-19 12:59:40,17500.0,400,Sell,232710513
2024-08-19 12:59:40,17550.0,100,Buy,232711007
2024-08-19 12:59:41,17500.0,2000,Sell,232711746
2024-08-19 12:59:41,17500.0,300,Sell,232711745
2024-08-19 12:59:41,17500.0,100,Sell,232711744
2024-08-19 12:59:42,17500.0,100,Sell,232712017
2024-08-19 12:59:43,17500.0,3000,Sell,232712320
2024-08-19 12:59:45,17500.0,3000,Sell,232712766
2024-08-19 12:59:45,17500.0,300,Sell,232712767
2024-08-19 12:59:47,17500.0,500,Sell,232713698
2024-08-19 12:59:47,17500.0,100,Sell,232713695
2024-08-19 12:59:47,17500.0,900,Sell,232713697
2024-08-19 12:59:47,17500.0,200,Sell,232713696
2024-08-19 12:59:47,17500.0,1000,Sell,232713694
2024-08-19 12:59:47,17550.0,100,Buy,232713571
2024-08-19 12:59:47,17500.0,1000,Sell,232713692
2024-08-19 12:59:47,17500.0,100,Sell,232713570
2024-08-19 12:59:47,17500.0,1000,Sell,232713693
2024-08-19 12:59:47,17500.0,200,Sell,232713691
2024-08-19 12:59:47,17500.0,1500,Sell,232713690
2024-08-19 12:59:48,17500.0,100,Sell,232714063
2024-08-19 12:59:50,17550.0,100,Buy,232714382
2024-08-19 12:59:50,17550.0,200,Buy,232714383
2024-08-19 12:59:50,17550.0,100,Buy,232714384
2024-08-19 12:59:50,17550.0,200,Buy,232714385
2024-08-19 12:59:51,17500.0,300,Sell,232714543
2024-08-19 12:59:52,17500.0,100,Sell,232714609
2024-08-19 12:59:52,17500.0,100,Sell,232714611
2024-08-19 12:59:52,17500.0,1000,Sell,232714612
2024-08-19 12:59:52,17500.0,15000,Sell,232714613
2024-08-19 12:59:52,17500.0,300,Sell,232714614
2024-08-19 12:59:52,17500.0,500,Sell,232714615
2024-08-19 12:59:52,17500.0,2900,Sell,232714616
2024-08-19 12:59:52,17500.0,100,Sell,232714610
2024-08-19 13:00:01,17500.0,400,Sell,232715320
2024-08-19 13:00:17,17500.0,11300,Sell,232716050
2024-08-19 13:00:22,17500.0,500,Sell,232716165
2024-08-19 13:00:32,17500.0,200,Sell,232716358
2024-08-19 13:00:48,17500.0,3000,Sell,232716715
2024-08-19 13:00:55,17500.0,900,Sell,232716972
2024-08-19 13:01:08,17500.0,100,Sell,232717281
2024-08-19 13:01:16,17500.0,100,Sell,232717467
2024-08-19 13:01:36,17500.0,300,Sell,232717973
2024-08-19 13:01:49,17500.0,300,Sell,232718271
2024-08-19 13:01:49,17500.0,100,Sell,232718272
2024-08-19 13:01:49,17500.0,100,Sell,232718273
2024-08-19 13:01:49,17500.0,100,Sell,232718274
2024-08-19 13:01:49,17500.0,500,Sell,232718275
2024-08-19 13:01:49,17500.0,100,Sell,232718276
2024-08-19 13:01:57,17500.0,200,Sell,232718471
2024-08-19 13:02:00,17500.0,200,Sell,232718554
2024-08-19 13:02:00,17500.0,700,Sell,232718551
2024-08-19 13:02:00,17500.0,200,Sell,232718552
2024-08-19 13:02:00,17500.0,100,Sell,232718553
2024-08-19 13:02:04,17500.0,200,Sell,232718716
2024-08-19 13:02:14,17500.0,600,Sell,232719144
2024-08-19 13:02:14,17500.0,600,Sell,232719145
2024-08-19 13:02:14,17500.0,400,Sell,232719160
2024-08-19 13:02:14,17500.0,500,Sell,232719161
2024-08-19 13:02:14,17500.0,100,Sell,232719162
2024-08-19 13:02:14,17500.0,1000,Sell,232719163
2024-08-19 13:02:14,17500.0,400,Sell,232719164
2024-08-19 13:02:14,17500.0,100,Sell,232719165
2024-08-19 13:02:14,17500.0,5100,Sell,232719166
2024-08-19 13:02:14,17500.0,100,Sell,232719167
2024-08-19 13:02:14,17500.0,100,Sell,232719168
2024-08-19 13:02:14,17500.0,1200,Sell,232719169
2024-08-19 13:03:20,17500.0,500,Buy,232721069
2024-08-19 13:04:26,17500.0,1900,Buy,232722885
2024-08-19 13:05:04,17450.0,100,Sell,232724084
2024-08-19 13:05:05,17500.0,8600,Buy,232724107
2024-08-19 13:05:05,17500.0,200,Buy,232724108
2024-08-19 13:05:05,17500.0,1200,Buy,232724109
2024-08-19 13:05:08,17500.0,200,Buy,232724152
2024-08-19 13:05:43,17500.0,600,Buy,232725086
2024-08-19 13:05:43,17500.0,100,Buy,232725087
2024-08-19 13:05:43,17500.0,200,Buy,232725088
2024-08-19 13:05:43,17500.0,4000,Buy,232725089
2024-08-19 13:05:43,17500.0,100,Buy,232725090
2024-08-19 13:06:02,17500.0,100,Buy,232725709
2024-08-19 13:07:16,17500.0,300,Buy,232727865
2024-08-19 13:07:16,17500.0,5000,Buy,232727864
2024-08-19 13:07:16,17500.0,800,Buy,232727866
2024-08-19 13:07:16,17500.0,100,Buy,232727862
2024-08-19 13:07:16,17500.0,1000,Buy,232727863
2024-08-19 13:07:16,17500.0,2800,Buy,232727861
2024-08-19 13:07:23,17500.0,500,Buy,232728128
2024-08-19 13:07:27,17500.0,200,Buy,232728228
2024-08-19 13:07:27,17500.0,700,Buy,232728226
2024-08-19 13:07:27,17500.0,100,Buy,232728227
2024-08-19 13:07:48,17500.0,2000,Buy,232728893
2024-08-19 13:08:12,17500.0,500,Buy,232729778
2024-08-19 13:08:12,17500.0,1500,Buy,232729777
2024-08-19 13:08:34,17500.0,5000,Buy,232730340
2024-08-19 13:08:51,17500.0,5700,Buy,232730789
2024-08-19 13:09:33,17500.0,900,Buy,232731856
2024-08-19 13:10:16,17500.0,500,Buy,232732910
2024-08-19 13:10:20,17500.0,5700,Buy,232733022
2024-08-19 13:10:23,17500.0,100,Buy,232733140
2024-08-19 13:10:23,17450.0,100,Sell,232733156
2024-08-19 13:10:23,17450.0,400,Sell,232733157
2024-08-19 13:10:23,17450.0,200,Sell,232733158
2024-08-19 13:10:23,17450.0,500,Sell,232733159
2024-08-19 13:10:43,17450.0,1300,Sell,232733750
2024-08-19 13:10:43,17450.0,1500,Sell,232733748
2024-08-19 13:10:43,17450.0,300,Sell,232733749
2024-08-19 13:10:48,17450.0,1200,Sell,232733907
2024-08-19 13:11:07,17450.0,1200,Sell,232734476
2024-08-19 13:11:10,17450.0,400,Sell,232734557
2024-08-19 13:11:17,17450.0,1200,Sell,232734733
2024-08-19 13:11:28,17450.0,1200,Sell,232735006
2024-08-19 13:11:39,17450.0,1200,Sell,232735282
2024-08-19 13:11:48,17450.0,1200,Sell,232735565
2024-08-19 13:11:56,17450.0,100,Sell,232735868
2024-08-19 13:11:58,17450.0,1200,Sell,232735921
2024-08-19 13:12:11,17450.0,1200,Sell,232736301
2024-08-19 13:12:17,17450.0,200,Sell,232736580
2024-08-19 13:12:26,17450.0,1200,Sell,232736815
2024-08-19 13:12:56,17450.0,800,Sell,232737616
2024-08-19 13:12:56,17450.0,800,Sell,232737612
2024-08-19 13:13:10,17450.0,100,Sell,232738055
2024-08-19 13:13:25,17450.0,600,Sell,232738490
2024-08-19 13:13:25,17450.0,500,Sell,232738489
2024-08-19 13:13:25,17450.0,1000,Sell,232738487
2024-08-19 13:13:25,17450.0,8500,Sell,232738486
2024-08-19 13:13:25,17450.0,1000,Sell,232738488
2024-08-19 13:14:04,17500.0,500,Buy,232739536
2024-08-19 13:14:04,17500.0,2500,Buy,232739537
2024-08-19 13:14:04,17500.0,1000,Buy,232739538
2024-08-19 13:14:04,17500.0,5000,Buy,232739539
2024-08-19 13:14:04,17500.0,100,Buy,232739540
2024-08-19 13:14:04,17500.0,900,Buy,232739541
2024-08-19 13:14:14,17450.0,400,Sell,232739889
2024-08-19 13:14:42,17450.0,2400,Sell,232740496
2024-08-19 13:14:42,17450.0,1000,Sell,232740493
2024-08-19 13:14:42,17450.0,200,Sell,232740494
2024-08-19 13:14:42,17450.0,500,Sell,232740495
2024-08-19 13:15:16,17450.0,100,Sell,232741438
2024-08-19 13:15:16,17450.0,200,Sell,232741401
2024-08-19 13:15:16,17450.0,1000,Sell,232741400
2024-08-19 13:15:16,17450.0,1000,Sell,232741399
2024-08-19 13:15:16,17450.0,100,Sell,232741398
2024-08-19 13:15:16,17450.0,100,Sell,232741395
2024-08-19 13:15:16,17450.0,100,Sell,232741396
2024-08-19 13:15:16,17450.0,200,Sell,232741394
2024-08-19 13:15:16,17450.0,1000,Sell,232741393
2024-08-19 13:15:16,17450.0,1200,Sell,232741397
2024-08-19 13:15:16,17450.0,600,Sell,232741392
2024-08-19 13:15:19,17500.0,2500,Buy,232741496
2024-08-19 13:15:19,17500.0,1300,Buy,232741497
2024-08-19 13:15:19,17500.0,200,Buy,232741498
2024-08-19 13:15:19,17500.0,1000,Buy,232741499
2024-08-19 13:15:24,17450.0,1200,Sell,232741618
2024-08-19 13:15:34,17450.0,700,Sell,232741916
2024-08-19 13:15:34,17450.0,500,Sell,232741915
2024-08-19 13:15:45,17450.0,300,Sell,232742337
2024-08-19 13:15:45,17450.0,900,Sell,232742338
2024-08-19 13:15:55,17450.0,1100,Sell,232742666
2024-08-19 13:15:55,17450.0,100,Sell,232742667
2024-08-19 13:16:05,17450.0,900,Sell,232742874
2024-08-19 13:16:05,17450.0,100,Sell,232742872
2024-08-19 13:16:05,17450.0,200,Sell,232742873
2024-08-19 13:16:14,17450.0,1200,Sell,232743211
2024-08-19 13:16:33,17450.0,200,Sell,232743646
2024-08-19 13:16:38,17450.0,1500,Sell,232743774
2024-08-19 13:16:38,17450.0,100,Sell,232743773
2024-08-19 13:16:38,17450.0,200,Sell,232743772
2024-08-19 13:16:38,17450.0,500,Sell,232743771
2024-08-19 13:16:38,17450.0,1000,Sell,232743768
2024-08-19 13:16:38,17450.0,2000,Sell,232743767
2024-08-19 13:16:38,17450.0,2000,Sell,232743770
2024-08-19 13:16:38,17450.0,1000,Sell,232743765
2024-08-19 13:16:38,17450.0,1000,Sell,232743766
2024-08-19 13:16:38,17450.0,1600,Sell,232743759
2024-08-19 13:16:38,17450.0,100,Sell,232743760
2024-08-19 13:16:38,17450.0,500,Sell,232743761
2024-08-19 13:16:38,17450.0,800,Sell,232743769
2024-08-19 13:16:38,17450.0,1000,Sell,232743763
2024-08-19 13:16:38,17450.0,5700,Sell,232743764
2024-08-19 13:16:38,17450.0,1000,Sell,232743762
2024-08-19 13:17:03,17450.0,2000,Sell,232744472
2024-08-19 13:17:15,17450.0,1500,Sell,232744738
2024-08-19 13:17:15,17450.0,200,Sell,232744739
2024-08-19 13:17:15,17450.0,1400,Sell,232744740
2024-08-19 13:17:53,17450.0,2500,Sell,232745605
2024-08-19 13:18:06,17450.0,300,Sell,232745996
2024-08-19 13:18:13,17500.0,900,Buy,232746181
2024-08-19 13:18:13,17500.0,900,Buy,232746179
2024-08-19 13:18:13,17500.0,100,Buy,232746180
2024-08-19 13:18:20,17500.0,500,Buy,232746363
2024-08-19 13:18:20,17500.0,400,Buy,232746362
2024-08-19 13:18:20,17500.0,600,Buy,232746361
2024-08-19 13:18:26,17450.0,200,Sell,232746485
2024-08-19 13:18:30,17500.0,1900,Buy,232746584
2024-08-19 13:18:31,17450.0,2000,Sell,232746613
2024-08-19 13:18:35,17500.0,1900,Buy,232746740
2024-08-19 13:18:51,17500.0,700,Buy,232747166
2024-08-19 13:18:51,17500.0,200,Buy,232747167
2024-08-19 13:18:51,17500.0,300,Buy,232747168
2024-08-19 13:18:51,17500.0,500,Buy,232747170
2024-08-19 13:18:51,17500.0,300,Buy,232747171
2024-08-19 13:18:51,17500.0,5000,Buy,232747172
2024-08-19 13:18:51,17500.0,1000,Buy,232747173
2024-08-19 13:18:51,17500.0,5000,Buy,232747174
2024-08-19 13:18:51,17500.0,1200,Buy,232747175
2024-08-19 13:18:51,17500.0,900,Buy,232747176
2024-08-19 13:18:51,17500.0,20000,Buy,232747169
2024-08-19 13:19:17,17500.0,100,Buy,232748076
2024-08-19 13:19:17,17500.0,100,Buy,232748075
2024-08-19 13:19:17,17500.0,2100,Buy,232748074
2024-08-19 13:19:19,17500.0,500,Sell,232748129
2024-08-19 13:20:10,17500.0,1300,Buy,232749162
2024-08-19 13:20:11,17500.0,500,Buy,232749171
2024-08-19 13:20:24,17500.0,700,Buy,232749507
2024-08-19 13:20:24,17500.0,300,Buy,232749508
2024-08-19 13:20:24,17500.0,1000,Buy,232749509
2024-08-19 13:20:26,17500.0,200,Buy,232749557
2024-08-19 13:20:37,17500.0,300,Buy,232749916
2024-08-19 13:22:31,17550.0,100,Buy,232753026
2024-08-19 13:22:31,17550.0,2800,Buy,232753027
2024-08-19 13:22:37,17550.0,200,Buy,232753190
2024-08-19 13:22:37,17550.0,400,Buy,232753191
2024-08-19 13:24:08,17550.0,1000,Buy,232755644
2024-08-19 13:24:08,17550.0,200,Buy,232755645
2024-08-19 13:24:08,17550.0,1800,Buy,232755646
2024-08-19 13:24:15,17550.0,200,Buy,232755878
2024-08-19 13:24:15,17550.0,100,Buy,232755877
2024-08-19 13:24:15,17550.0,3200,Buy,232755876
2024-08-19 13:25:21,17550.0,5900,Buy,232758044
2024-08-19 13:25:21,17550.0,500,Buy,232758043
2024-08-19 13:25:21,17550.0,500,Buy,232758042
2024-08-19 13:25:21,17550.0,1800,Buy,232758038
2024-08-19 13:25:21,17550.0,500,Buy,232758040
2024-08-19 13:25:21,17550.0,300,Buy,232758039
2024-08-19 13:25:21,17550.0,500,Buy,232758041
2024-08-19 13:25:44,17550.0,100,Buy,232758741
2024-08-19 13:26:26,17500.0,200,Sell,232759724
2024-08-19 13:26:26,17500.0,300,Sell,232759727
2024-08-19 13:26:29,17500.0,2500,Sell,232759805
2024-08-19 13:26:38,17500.0,2500,Sell,232760014
2024-08-19 13:27:21,17500.0,400,Sell,232760875
2024-08-19 13:27:41,17500.0,200,Sell,232761362
2024-08-19 13:27:41,17500.0,1000,Sell,232761363
2024-08-19 13:28:11,17500.0,100,Sell,232762101
2024-08-19 13:28:19,17500.0,1200,Sell,232762329
2024-08-19 13:29:11,17500.0,1200,Sell,232763448
2024-08-19 13:30:02,17500.0,1200,Sell,232764627
2024-08-19 13:30:21,17550.0,100,Buy,232765065
2024-08-19 13:30:42,17500.0,1000,Sell,232765530
2024-08-19 13:31:41,17500.0,100,Sell,232766723
2024-08-19 13:31:42,17500.0,1900,Sell,232766749
2024-08-19 13:31:54,17500.0,300,Sell,232767008
2024-08-19 13:31:58,17500.0,3000,Sell,232767120
2024-08-19 13:32:00,17500.0,1500,Sell,232767159
2024-08-19 13:32:11,17500.0,20000,Sell,232767395
2024-08-19 13:32:16,17500.0,200,Sell,232767634
2024-08-19 13:32:30,17500.0,13600,Sell,232767880
2024-08-19 13:32:47,17500.0,600,Sell,232768331
2024-08-19 13:32:55,17500.0,3100,Sell,232768548
2024-08-19 13:32:55,17500.0,2900,Sell,232768549
2024-08-19 13:33:03,17500.0,500,Sell,232768858
2024-08-19 13:33:06,17500.0,200,Sell,232768918
2024-08-19 13:33:08,17500.0,20000,Sell,232769009
2024-08-19 13:33:13,17500.0,1000,Sell,232769183
2024-08-19 13:33:18,17500.0,2000,Sell,232769257
2024-08-19 13:33:19,17500.0,1000,Sell,232769271
2024-08-19 13:33:23,17500.0,5000,Sell,232769337
2024-08-19 13:33:28,17500.0,5000,Sell,232769452
2024-08-19 13:33:28,17500.0,800,Sell,232769460
2024-08-19 13:33:36,17500.0,5000,Sell,232769650
2024-08-19 13:33:40,17500.0,4000,Sell,232769745
2024-08-19 13:33:51,17500.0,900,Sell,232770007
2024-08-19 13:34:20,17500.0,300,Sell,232770718
2024-08-19 13:34:22,17500.0,700,Sell,232770763
2024-08-19 13:34:22,17500.0,300,Sell,232770762
2024-08-19 13:34:22,17500.0,400,Sell,232770764
2024-08-19 13:34:22,17500.0,200,Sell,232770760
2024-08-19 13:34:22,17500.0,1000,Sell,232770759
2024-08-19 13:34:22,17500.0,1400,Sell,232770758
2024-08-19 13:34:22,17500.0,1000,Sell,232770761
2024-08-19 13:34:25,17550.0,100,Buy,232770872
2024-08-19 13:34:27,17500.0,100,Sell,232770924
2024-08-19 13:34:27,17500.0,100,Sell,232770925
2024-08-19 13:34:27,17500.0,500,Sell,232770926
2024-08-19 13:34:27,17500.0,3500,Sell,232770927
2024-08-19 13:34:35,17500.0,2000,Sell,232771123
2024-08-19 13:34:38,17500.0,1500,Sell,232771195
2024-08-19 13:34:44,17500.0,16000,Sell,232771385
2024-08-19 13:34:55,17500.0,100,Sell,232771624
2024-08-19 13:35:04,17500.0,3900,Sell,232771779
2024-08-19 13:35:04,17500.0,200,Sell,232771782
2024-08-19 13:35:04,17500.0,200,Sell,232771783
2024-08-19 13:35:04,17500.0,2200,Sell,232771784
2024-08-19 13:35:11,17500.0,2000,Sell,232771964
2024-08-19 13:35:33,17500.0,100,Sell,232772726
2024-08-19 13:35:33,17500.0,1800,Sell,232772723
2024-08-19 13:35:33,17500.0,3000,Sell,232772724
2024-08-19 13:35:33,17500.0,100,Sell,232772725
2024-08-19 13:35:45,17500.0,100,Sell,232773066
2024-08-19 13:35:45,17500.0,100,Sell,232773065
2024-08-19 13:35:45,17500.0,800,Sell,232773067
2024-08-19 13:36:48,17500.0,200,Sell,232775023
2024-08-19 13:37:05,17500.0,500,Sell,232775384
2024-08-19 13:38:15,17500.0,600,Sell,232777050
2024-08-19 13:38:15,17500.0,1400,Sell,232777051
2024-08-19 13:38:26,17500.0,4300,Sell,232777329
2024-08-19 13:38:26,17500.0,100,Sell,232777330
2024-08-19 13:38:26,17500.0,1900,Sell,232777331
2024-08-19 13:38:26,17500.0,1000,Sell,232777332
2024-08-19 13:38:26,17500.0,3600,Sell,232777333
2024-08-19 13:38:26,17500.0,100,Sell,232777334
2024-08-19 13:38:26,17500.0,9000,Sell,232777335
2024-08-19 13:38:29,17500.0,1000,Sell,232777442
2024-08-19 13:38:52,17500.0,20000,Sell,232778116
2024-08-19 13:39:01,17500.0,1500,Sell,232778349
2024-08-19 13:39:11,17500.0,21200,Sell,232778622
2024-08-19 13:39:15,17500.0,2400,Sell,232778718
2024-08-19 13:39:19,17500.0,4000,Sell,232778796
2024-08-19 13:39:20,17500.0,100,Sell,232778871
2024-08-19 13:39:27,17500.0,1000,Sell,232778997
2024-08-19 13:39:37,17500.0,5000,Sell,232779298
2024-08-19 13:39:44,17500.0,34800,Sell,232779482
2024-08-19 13:39:44,17500.0,2000,Sell,232779483
2024-08-19 13:39:44,17500.0,200,Sell,232779484
2024-08-19 13:39:44,17500.0,4000,Sell,232779485
2024-08-19 13:39:44,17500.0,1900,Sell,232779486
2024-08-19 13:39:44,17500.0,1900,Sell,232779487
2024-08-19 13:39:44,17500.0,2000,Sell,232779488
2024-08-19 13:39:44,17500.0,1900,Sell,232779489
2024-08-19 13:39:44,17500.0,1000,Sell,232779490
2024-08-19 13:39:45,17500.0,5700,Buy,232779587
2024-08-19 13:40:07,17500.0,2900,Buy,232780198
2024-08-19 13:40:10,17500.0,200,Buy,232780250
2024-08-19 13:40:34,17450.0,3000,Sell,232780668
2024-08-19 13:40:35,17500.0,5000,Buy,232780682
2024-08-19 13:40:41,17500.0,200,Buy,232780823
2024-08-19 13:40:44,17500.0,500,Buy,232780865
2024-08-19 13:40:48,17500.0,3000,Buy,232780950
2024-08-19 13:40:53,17450.0,500,Sell,232781092
2024-08-19 13:41:37,17500.0,200,Buy,232782096
2024-08-19 13:41:38,17450.0,4000,Sell,232782116
2024-08-19 13:41:51,17500.0,400,Buy,232782454
2024-08-19 13:41:51,17500.0,100,Buy,232782455
2024-08-19 13:41:51,17500.0,100,Buy,232782456
2024-08-19 13:42:06,17450.0,5000,Sell,232782893
2024-08-19 13:42:51,17500.0,12100,Buy,232784436
2024-08-19 13:42:51,17500.0,100,Buy,232784433
2024-08-19 13:42:51,17500.0,5000,Buy,232784432
2024-08-19 13:42:51,17500.0,10800,Buy,232784435
2024-08-19 13:42:51,17500.0,300,Buy,232784430
2024-08-19 13:42:51,17500.0,5000,Buy,232784431
2024-08-19 13:42:51,17500.0,1000,Buy,232784427
2024-08-19 13:42:51,17500.0,500,Buy,232784434
2024-08-19 13:42:51,17500.0,100,Buy,232784429
2024-08-19 13:42:51,17500.0,300,Buy,232784428
2024-08-19 13:43:17,17450.0,1000,Sell,232785032
2024-08-19 13:43:22,17500.0,700,Buy,232785197
2024-08-19 13:43:29,17500.0,3000,Buy,232785360
2024-08-19 13:43:46,17500.0,200,Buy,232785799
2024-08-19 13:43:46,17500.0,9800,Buy,232785800
2024-08-19 13:43:54,17500.0,200,Buy,232785989
2024-08-19 13:44:08,17500.0,5700,Buy,232786326
2024-08-19 13:44:16,17500.0,1000,Buy,232786492
2024-08-19 13:44:19,17500.0,13300,Buy,232786612
2024-08-19 13:44:19,17500.0,500,Buy,232786613
2024-08-19 13:44:19,17500.0,2600,Buy,232786614
2024-08-19 13:44:19,17500.0,3600,Buy,232786615
2024-08-19 13:44:22,17500.0,100,Buy,232786673
2024-08-19 13:44:22,17500.0,100,Buy,232786672
2024-08-19 13:44:22,17500.0,1400,Buy,232786670
2024-08-19 13:44:22,17500.0,100,Buy,232786671
2024-08-19 13:44:52,17550.0,1200,Buy,232787546
2024-08-19 13:44:57,17500.0,3100,Sell,232787760
2024-08-19 13:44:57,17500.0,900,Sell,232787761
2024-08-19 13:45:04,17550.0,1200,Buy,232788001
2024-08-19 13:45:22,17550.0,100,Buy,232788652
2024-08-19 13:45:29,17550.0,11300,Buy,232788880
2024-08-19 13:45:29,17550.0,900,Buy,232788881
2024-08-19 13:45:30,17550.0,4100,Buy,232788921
2024-08-19 13:45:30,17550.0,100,Buy,232788922
2024-08-19 13:45:30,17550.0,1000,Buy,232788923
2024-08-19 13:45:30,17550.0,500,Buy,232788924
2024-08-19 13:46:09,17500.0,500,Sell,232790198
2024-08-19 13:46:36,17550.0,1500,Buy,232790943
2024-08-19 13:46:37,17500.0,500,Sell,232791018
2024-08-19 13:46:45,17550.0,200,Buy,232791523
2024-08-19 13:46:45,17550.0,1700,Buy,232791524
2024-08-19 13:46:45,17550.0,1900,Buy,232791552
2024-08-19 13:46:56,17500.0,100,Sell,232791863
2024-08-19 13:47:38,17500.0,1000,Sell,232793430
2024-08-19 13:47:52,17500.0,10000,Sell,232793794
2024-08-19 13:48:40,17500.0,400,Sell,232795222
2024-08-19 13:49:16,17500.0,7000,Sell,232796482
2024-08-19 13:49:28,17500.0,600,Sell,232796809
2024-08-19 13:49:35,17500.0,500,Sell,232797144
2024-08-19 13:50:08,17500.0,600,Sell,232798160
2024-08-19 13:51:42,17550.0,100,Buy,232801372
2024-08-19 13:51:43,17500.0,500,Sell,232801418
2024-08-19 13:52:02,17550.0,5000,Buy,232802158
2024-08-19 13:52:18,17550.0,300,Buy,232802669
2024-08-19 13:52:39,17550.0,1000,Buy,232803402
2024-08-19 13:52:50,17550.0,2000,Buy,232803900
2024-08-19 13:52:52,17500.0,200,Sell,232803962
2024-08-19 13:52:53,17550.0,100,Buy,232803993
2024-08-19 13:52:59,17550.0,1000,Buy,232804216
2024-08-19 13:53:00,17550.0,100,Buy,232804238
2024-08-19 13:53:00,17550.0,17500,Buy,232804260
2024-08-19 13:53:00,17550.0,500,Buy,232804259
2024-08-19 13:53:00,17550.0,2500,Buy,232804258
2024-08-19 13:53:00,17550.0,200,Buy,232804257
2024-08-19 13:53:00,17550.0,200,Buy,232804256
2024-08-19 13:53:00,17550.0,200,Buy,232804254
2024-08-19 13:53:00,17550.0,2000,Buy,232804253
2024-08-19 13:53:00,17550.0,100,Buy,232804252
2024-08-19 13:53:00,17550.0,100,Buy,232804251
2024-08-19 13:53:00,17550.0,100,Buy,232804250
2024-08-19 13:53:00,17550.0,10000,Buy,232804255
2024-08-19 13:53:00,17550.0,3000,Buy,232804248
2024-08-19 13:53:00,17550.0,100,Buy,232804249
2024-08-19 13:53:00,17550.0,100,Buy,232804239
2024-08-19 13:53:00,17550.0,100,Buy,232804240
2024-08-19 13:53:00,17550.0,500,Buy,232804241
2024-08-19 13:53:00,17550.0,100,Buy,232804242
2024-08-19 13:53:00,17550.0,6900,Buy,232804237
2024-08-19 13:53:00,17550.0,300,Buy,232804244
2024-08-19 13:53:00,17550.0,100,Buy,232804245
2024-08-19 13:53:00,17550.0,5000,Buy,232804246
2024-08-19 13:53:00,17550.0,300,Buy,232804243
2024-08-19 13:53:04,17550.0,200,Buy,232804403
2024-08-19 13:53:04,17550.0,200,Buy,232804404
2024-08-19 13:53:04,17550.0,1000,Buy,232804405
2024-08-19 13:53:04,17550.0,100,Buy,232804406
2024-08-19 13:53:04,17550.0,10000,Buy,232804407
2024-08-19 13:53:04,17550.0,3800,Buy,232804408
2024-08-19 13:53:04,17550.0,2500,Buy,232804402
2024-08-19 13:53:05,17550.0,1200,Buy,232804422
2024-08-19 13:53:05,17550.0,1800,Buy,232804423
2024-08-19 13:53:10,17550.0,200,Buy,232804599
2024-08-19 13:53:13,17550.0,5000,Buy,232804719
2024-08-19 13:53:15,17550.0,800,Buy,232804810
2024-08-19 13:53:17,17550.0,1000,Buy,232804897
2024-08-19 13:53:20,17550.0,1600,Buy,232804964
2024-08-19 13:53:21,17550.0,1000,Buy,232805005
2024-08-19 13:53:25,17550.0,100,Buy,232805238
2024-08-19 13:53:28,17550.0,500,Buy,232805363
2024-08-19 13:53:30,17550.0,200,Buy,232805552
2024-08-19 13:53:43,17550.0,100,Buy,232806103
2024-08-19 13:53:50,17550.0,100,Buy,232806321
2024-08-19 13:53:53,17550.0,8400,Buy,232806433
2024-08-19 13:53:53,17550.0,1000,Buy,232806430
2024-08-19 13:53:53,17550.0,500,Buy,232806429
2024-08-19 13:53:53,17550.0,500,Buy,232806428
2024-08-19 13:53:53,17550.0,1000,Buy,232806427
2024-08-19 13:53:53,17550.0,11000,Buy,232806426
2024-08-19 13:53:53,17550.0,2600,Buy,232806432
2024-08-19 13:53:53,17550.0,400,Buy,232806424
2024-08-19 13:53:53,17550.0,500,Buy,232806425
2024-08-19 13:53:53,17550.0,21400,Buy,232806419
2024-08-19 13:53:53,17550.0,1000,Buy,232806420
2024-08-19 13:53:53,17550.0,1000,Buy,232806431
2024-08-19 13:53:53,17550.0,100,Buy,232806421
2024-08-19 13:53:53,17550.0,100,Buy,232806422
2024-08-19 13:53:53,17550.0,500,Buy,232806423
2024-08-19 13:53:59,17500.0,500,Sell,232806788
2024-08-19 13:54:04,17550.0,41600,Buy,232806966
2024-08-19 13:54:04,17550.0,1000,Buy,232806967
2024-08-19 13:54:04,17550.0,100,Buy,232806969
2024-08-19 13:54:04,17550.0,5000,Buy,232806970
2024-08-19 13:54:04,17550.0,100,Buy,232806971
2024-08-19 13:54:04,17550.0,1100,Buy,232806972
2024-08-19 13:54:04,17550.0,600,Buy,232806973
2024-08-19 13:54:04,17550.0,500,Buy,232806968
2024-08-19 13:54:05,17550.0,1400,Buy,232807010
2024-08-19 13:54:05,17550.0,500,Buy,232807011
2024-08-19 13:54:05,17550.0,100,Buy,232807012
2024-08-19 13:54:05,17550.0,100,Buy,232807013
2024-08-19 13:54:30,17550.0,3300,Sell,232808096
2024-08-19 13:54:55,17550.0,5000,Sell,232808953
2024-08-19 13:54:55,17550.0,100,Sell,232808959
2024-08-19 13:54:55,17550.0,100,Sell,232808958
2024-08-19 13:54:55,17550.0,200,Sell,232808957
2024-08-19 13:54:55,17550.0,25400,Sell,232808952
2024-08-19 13:54:55,17550.0,10000,Sell,232808955
2024-08-19 13:54:55,17550.0,700,Sell,232808954
2024-08-19 13:54:55,17550.0,3000,Sell,232808956
2024-08-19 13:54:58,17550.0,3000,Buy,232809060
2024-08-19 13:55:15,17550.0,2000,Buy,232809596
2024-08-19 13:55:23,17550.0,200,Buy,232809787
2024-08-19 13:55:26,17550.0,200,Buy,232809892
2024-08-19 13:55:30,17550.0,100,Buy,232810031
2024-08-19 13:55:34,17550.0,200,Buy,232810245
2024-08-19 13:55:42,17550.0,100,Buy,232810502
2024-08-19 13:55:51,17550.0,2000,Buy,232810698
2024-08-19 13:55:53,17550.0,200,Buy,232810762
2024-08-19 13:56:01,17550.0,100,Buy,232811008
2024-08-19 13:56:09,17550.0,100,Buy,232811209
2024-08-19 13:56:13,17550.0,300,Buy,232811309
2024-08-19 13:56:23,17550.0,5000,Buy,232811649
2024-08-19 13:56:24,17550.0,1000,Buy,232811680
2024-08-19 13:56:26,17550.0,10000,Buy,232811720
2024-08-19 13:56:28,17550.0,500,Buy,232811761
2024-08-19 13:56:31,17550.0,1900,Buy,232811870
2024-08-19 13:56:39,17550.0,1000,Buy,232812149
2024-08-19 13:56:43,17550.0,10000,Buy,232812266
2024-08-19 13:56:50,17550.0,3000,Buy,232812432
2024-08-19 13:56:52,17550.0,100,Buy,232812486
2024-08-19 13:57:05,17550.0,200,Buy,232812982
2024-08-19 13:57:10,17550.0,2000,Buy,232813130
2024-08-19 13:57:18,17550.0,100,Buy,232813425
2024-08-19 13:57:23,17550.0,5000,Buy,232813595
2024-08-19 13:57:32,17550.0,500,Buy,232813790
2024-08-19 13:57:37,17550.0,2000,Buy,232813911
2024-08-19 13:57:44,17550.0,3000,Buy,232814084
2024-08-19 13:57:46,17550.0,100,Buy,232814116
2024-08-19 13:57:48,17550.0,100,Buy,232814172
2024-08-19 13:57:48,17550.0,100,Buy,232814175
2024-08-19 13:57:49,17550.0,1000,Buy,232814202
2024-08-19 13:58:07,17550.0,400,Buy,232814851
2024-08-19 13:58:07,17550.0,3000,Buy,232814852
2024-08-19 13:58:07,17550.0,6600,Buy,232814853
2024-08-19 13:58:07,17550.0,100,Buy,232814854
2024-08-19 13:58:24,17550.0,10000,Buy,232815381
2024-08-19 13:58:30,17550.0,10000,Buy,232815596
2024-08-19 13:58:34,17550.0,500,Buy,232815753
2024-08-19 13:58:38,17550.0,500,Buy,232815871
2024-08-19 13:58:38,17550.0,2000,Buy,232815868
2024-08-19 13:58:38,17550.0,1000,Buy,232815867
2024-08-19 13:58:38,17550.0,2600,Buy,232815870
2024-08-19 13:58:38,17550.0,500,Buy,232815865
2024-08-19 13:58:38,17550.0,100,Buy,232815866
2024-08-19 13:58:38,17550.0,12800,Buy,232815863
2024-08-19 13:58:38,17550.0,400,Buy,232815869
2024-08-19 13:58:38,17550.0,100,Buy,232815864
2024-08-19 13:58:42,17550.0,2100,Buy,232816005
2024-08-19 13:58:42,17550.0,500,Buy,232816006
2024-08-19 13:58:42,17550.0,100,Buy,232816007
2024-08-19 13:58:42,17550.0,200,Buy,232816008
2024-08-19 13:58:42,17550.0,1000,Buy,232816010
2024-08-19 13:58:42,17550.0,200,Buy,232816011
2024-08-19 13:58:42,17550.0,2800,Buy,232816009
2024-08-19 13:58:44,17550.0,500,Buy,232816049
2024-08-19 13:58:49,17550.0,300,Buy,232816138
2024-08-19 13:58:49,17550.0,200,Buy,232816139
2024-08-19 13:58:49,17550.0,1000,Buy,232816140
2024-08-19 13:58:49,17550.0,500,Buy,232816141
2024-08-19 13:59:12,17550.0,1000,Sell,232816700
2024-08-19 13:59:31,17550.0,800,Sell,232817097
2024-08-19 13:59:49,17550.0,100,Sell,232817701
2024-08-19 13:59:56,17550.0,100,Sell,232817911
2024-08-19 14:00:07,17550.0,100,Buy,232818132
2024-08-19 14:00:21,17550.0,300,Buy,232818480
2024-08-19 14:00:21,17550.0,200,Buy,232818481
2024-08-19 14:00:28,17550.0,1300,Buy,232818680
2024-08-19 14:00:28,17550.0,1000,Buy,232818681
2024-08-19 14:00:45,17550.0,700,Sell,232819182
2024-08-19 14:00:45,17550.0,400,Sell,232819183
2024-08-19 14:01:01,17550.0,1500,Buy,232819641
2024-08-19 14:01:26,17550.0,100,Buy,232820292
2024-08-19 14:01:28,17550.0,4200,Buy,232820336
2024-08-19 14:01:28,17550.0,1500,Buy,232820337
2024-08-19 14:01:28,17550.0,100,Buy,232820338
2024-08-19 14:01:28,17550.0,4200,Buy,232820339
2024-08-19 14:02:04,17550.0,100,Buy,232821158
2024-08-19 14:02:10,17550.0,1400,Buy,232821336
2024-08-19 14:02:10,17550.0,1000,Buy,232821335
2024-08-19 14:02:10,17550.0,100,Buy,232821334
2024-08-19 14:02:10,17550.0,2500,Buy,232821329
2024-08-19 14:02:10,17550.0,3200,Buy,232821333
2024-08-19 14:02:12,17550.0,600,Buy,232821399
2024-08-19 14:02:12,17550.0,300,Buy,232821400
2024-08-19 14:02:16,17550.0,300,Buy,232821516
2024-08-19 14:02:16,17550.0,2100,Buy,232821524
2024-08-19 14:02:26,17550.0,1000,Buy,232821754
2024-08-19 14:03:02,17550.0,1000,Buy,232822521
2024-08-19 14:03:03,17550.0,300,Buy,232822547
2024-08-19 14:03:03,17550.0,1200,Buy,232822548
2024-08-19 14:03:11,17550.0,1300,Buy,232822741
2024-08-19 14:03:37,17550.0,2500,Buy,232823256
2024-08-19 14:03:37,17550.0,3200,Buy,232823257
2024-08-19 14:03:46,17550.0,1000,Buy,232823438
2024-08-19 14:03:50,17550.0,800,Buy,232823484
2024-08-19 14:03:50,17550.0,200,Buy,232823485
2024-08-19 14:03:51,17550.0,10000,Buy,232823536
2024-08-19 14:03:51,17550.0,11800,Buy,232823533
2024-08-19 14:03:51,17550.0,100,Buy,232823534
2024-08-19 14:03:51,17550.0,9000,Buy,232823535
2024-08-19 14:03:52,17550.0,1100,Buy,232823542
2024-08-19 14:03:52,17550.0,100,Buy,232823541
2024-08-19 14:04:16,17550.0,100,Buy,232824042
2024-08-19 14:04:22,17550.0,1000,Buy,232824251
2024-08-19 14:04:32,17550.0,300,Buy,232824481
2024-08-19 14:04:32,17550.0,100,Buy,232824482
2024-08-19 14:04:32,17550.0,1000,Buy,232824483
2024-08-19 14:04:32,17550.0,100,Buy,232824485
2024-08-19 14:04:32,17550.0,1000,Buy,232824484
2024-08-19 14:04:45,17550.0,900,Sell,232824796
2024-08-19 14:05:40,17550.0,100,Sell,232826372
2024-08-19 14:06:07,17550.0,2000,Sell,232826995
2024-08-19 14:06:18,17550.0,200,Sell,232827219
2024-08-19 14:06:32,17550.0,100,Sell,232827601
2024-08-19 14:06:43,17550.0,500,Sell,232827850
2024-08-19 14:06:54,17550.0,100,Sell,232828176
2024-08-19 14:06:55,17600.0,100,Buy,232828210
2024-08-19 14:07:26,17600.0,500,Buy,232829088
2024-08-19 14:07:26,17600.0,900,Buy,232829086
2024-08-19 14:07:26,17600.0,500,Buy,232829087
2024-08-19 14:07:27,17600.0,500,Buy,232829106
2024-08-19 14:07:27,17600.0,100,Buy,232829107
2024-08-19 14:07:27,17600.0,1300,Buy,232829108
2024-08-19 14:07:27,17600.0,1900,Buy,232829125
2024-08-19 14:07:29,17550.0,500,Sell,232829185
2024-08-19 14:07:41,17600.0,700,Buy,232829540
2024-08-19 14:08:22,17600.0,200,Buy,232830542
2024-08-19 14:08:27,17600.0,900,Buy,232830684
2024-08-19 14:08:27,17600.0,100,Buy,232830685
2024-08-19 14:08:27,17600.0,600,Buy,232830686
2024-08-19 14:08:33,17600.0,1000,Buy,232830873
2024-08-19 14:08:38,17600.0,200,Buy,232831006
2024-08-19 14:08:57,17550.0,1000,Sell,232831416
2024-08-19 14:09:14,17550.0,1000,Sell,232831782
2024-08-19 14:09:22,17550.0,300,Sell,232832047
2024-08-19 14:09:27,17550.0,300,Sell,232832106
2024-08-19 14:09:30,17550.0,100,Sell,232832182
2024-08-19 14:09:35,17550.0,1000,Sell,232832307
2024-08-19 14:09:37,17550.0,5000,Sell,232832366
2024-08-19 14:09:41,17600.0,1500,Buy,232832435
2024-08-19 14:09:44,17550.0,1000,Sell,232832508
2024-08-19 14:09:52,17550.0,500,Sell,232832807
2024-08-19 14:09:52,17550.0,5000,Sell,232832818
2024-08-19 14:09:55,17600.0,300,Buy,232832877
2024-08-19 14:10:12,17550.0,1000,Sell,232833348
2024-08-19 14:10:12,17550.0,2500,Sell,232833347
2024-08-19 14:10:12,17550.0,100,Sell,232833346
2024-08-19 14:10:12,17550.0,1000,Sell,232833344
2024-08-19 14:10:12,17550.0,1000,Sell,232833343
2024-08-19 14:10:12,17550.0,500,Sell,232833342
2024-08-19 14:10:12,17550.0,500,Sell,232833345
2024-08-19 14:10:12,17550.0,200,Sell,232833340
2024-08-19 14:10:12,17550.0,6000,Sell,232833339
2024-08-19 14:10:12,17550.0,10000,Sell,232833338
2024-08-19 14:10:12,17550.0,1000,Sell,232833337
2024-08-19 14:10:12,17550.0,400,Sell,232833336
2024-08-19 14:10:12,17550.0,300,Sell,232833335
2024-08-19 14:10:12,17550.0,100,Sell,232833341
2024-08-19 14:10:25,17550.0,3000,Buy,232833751
2024-08-19 14:10:53,17550.0,2000,Buy,232834657
2024-08-19 14:10:58,17550.0,200,Buy,232834793
2024-08-19 14:10:59,17550.0,600,Buy,232834810
2024-08-19 14:11:09,17550.0,1000,Buy,232835065
2024-08-19 14:11:18,17500.0,1100,Sell,232835309
2024-08-19 14:11:20,17550.0,1400,Buy,232835390
2024-08-19 14:11:29,17550.0,2000,Buy,232835723
2024-08-19 14:11:38,17550.0,1000,Buy,232836024
2024-08-19 14:11:46,17550.0,700,Buy,232836230
2024-08-19 14:11:47,17550.0,200,Buy,232836275
2024-08-19 14:12:06,17550.0,2000,Buy,232836803
2024-08-19 14:12:12,17550.0,200,Buy,232837039
2024-08-19 14:12:12,17550.0,2500,Buy,232837038
2024-08-19 14:12:12,17550.0,1300,Buy,232837024
2024-08-19 14:12:12,17550.0,200,Buy,232837036
2024-08-19 14:12:12,17550.0,1000,Buy,232837035
2024-08-19 14:12:12,17550.0,500,Buy,232837037
2024-08-19 14:12:32,17500.0,20000,Sell,232837868
2024-08-19 14:12:43,17500.0,1000,Sell,232838134
2024-08-19 14:12:54,17500.0,100,Sell,232838428
2024-08-19 14:13:12,17500.0,100,Sell,232839111
2024-08-19 14:13:21,17500.0,4400,Sell,232839360
2024-08-19 14:13:21,17500.0,5600,Sell,232839361
2024-08-19 14:13:31,17500.0,500,Sell,232839595
2024-08-19 14:13:54,17500.0,1000,Sell,232840080
2024-08-19 14:14:41,17500.0,1000,Sell,232841307
2024-08-19 14:14:42,17550.0,400,Buy,232841343
2024-08-19 14:14:49,17500.0,2000,Sell,232841541
2024-08-19 14:15:03,17500.0,800,Sell,232841946
2024-08-19 14:16:00,17500.0,6000,Sell,232843884
2024-08-19 14:16:23,17500.0,1000,Sell,232844691
2024-08-19 14:16:23,17500.0,2700,Sell,232844697
2024-08-19 14:16:23,17500.0,2000,Sell,232844694
2024-08-19 14:16:23,17500.0,500,Sell,232844693
2024-08-19 14:16:23,17500.0,5700,Sell,232844692
2024-08-19 14:16:23,17500.0,1000,Sell,232844690
2024-08-19 14:16:23,17500.0,1000,Sell,232844688
2024-08-19 14:16:23,17500.0,1000,Sell,232844687
2024-08-19 14:16:23,17500.0,800,Sell,232844686
2024-08-19 14:16:23,17500.0,700,Sell,232844685
2024-08-19 14:16:23,17500.0,200,Sell,232844684
2024-08-19 14:16:23,17500.0,300,Sell,232844689
2024-08-19 14:16:23,17500.0,33100,Sell,232844683
2024-08-19 14:16:32,17500.0,400,Sell,232844927
2024-08-19 14:16:32,17500.0,100,Sell,232844928
2024-08-19 14:16:32,17500.0,1000,Sell,232844929
2024-08-19 14:16:32,17500.0,1000,Sell,232844930
2024-08-19 14:16:32,17500.0,1000,Sell,232844931
2024-08-19 14:16:32,17500.0,200,Sell,232844934
2024-08-19 14:16:32,17500.0,200,Sell,232844933
2024-08-19 14:16:32,17500.0,10000,Sell,232844935
2024-08-19 14:16:32,17500.0,200,Sell,232844936
2024-08-19 14:16:32,17500.0,5100,Sell,232844937
2024-08-19 14:16:32,17500.0,1700,Sell,232844932
2024-08-19 14:16:32,17500.0,10000,Sell,232844926
2024-08-19 14:16:32,17500.0,2000,Sell,232844919
2024-08-19 14:16:32,17500.0,1200,Sell,232844924
2024-08-19 14:16:32,17500.0,3000,Sell,232844925
2024-08-19 14:16:32,17500.0,3000,Sell,232844912
2024-08-19 14:16:32,17500.0,5000,Sell,232844913
2024-08-19 14:16:32,17500.0,100,Sell,232844915
2024-08-19 14:16:32,17500.0,200,Sell,232844916
2024-08-19 14:16:32,17500.0,1000,Sell,232844914
2024-08-19 14:16:32,17500.0,300,Sell,232844918
2024-08-19 14:16:32,17500.0,500,Sell,232844920
2024-08-19 14:16:32,17500.0,200,Sell,232844921
2024-08-19 14:16:32,17500.0,100,Sell,232844922
