time,price,volume,match_type,id
2024-08-14 09:14:38,17350.0,21400,ATO/ATC,231401100
2024-08-14 09:16:48,17300.0,2000,Sell,231403942
2024-08-14 09:16:48,17300.0,3700,Sell,231403943
2024-08-14 09:16:50,17300.0,8400,Sell,231403994
2024-08-14 09:16:50,17300.0,100,Sell,231403993
2024-08-14 09:16:50,17300.0,5000,Sell,231403992
2024-08-14 09:16:50,17300.0,1300,Sell,231403988
2024-08-14 09:16:50,17300.0,1100,Sell,231403990
2024-08-14 09:16:50,17300.0,200,Sell,231403991
2024-08-14 09:16:50,17300.0,100,Sell,231403989
2024-08-14 09:17:06,17300.0,2200,Sell,231404397
2024-08-14 09:17:09,17300.0,6000,Sell,231404438
2024-08-14 09:17:11,17300.0,1200,Sell,231404497
2024-08-14 09:17:13,17300.0,4400,Sell,231404536
2024-08-14 09:17:13,17300.0,2000,Sell,231404537
2024-08-14 09:17:13,17300.0,100,Sell,231404538
2024-08-14 09:17:13,17300.0,13500,Sell,231404539
2024-08-14 09:17:21,17300.0,500,Sell,231404692
2024-08-14 09:17:36,17300.0,2000,Sell,231405073
2024-08-14 09:17:36,17300.0,1000,Sell,231405072
2024-08-14 09:19:27,17300.0,500,Sell,231407353
2024-08-14 09:22:01,17300.0,5700,Sell,231410551
2024-08-14 09:22:17,17300.0,1800,Sell,231410950
2024-08-14 09:22:17,17300.0,300,Sell,231410954
2024-08-14 09:22:17,17300.0,3600,Sell,231410955
2024-08-14 09:22:45,17300.0,200,Sell,231411533
2024-08-14 09:22:49,17300.0,5700,Sell,231411621
2024-08-14 09:23:09,17350.0,1600,Buy,231411985
2024-08-14 09:23:09,17350.0,2300,Buy,231411982
2024-08-14 09:23:09,17350.0,100,Buy,231411983
2024-08-14 09:23:09,17350.0,1000,Buy,231411984
2024-08-14 09:23:52,17300.0,500,Sell,231412986
2024-08-14 09:23:52,17300.0,5500,Sell,231412987
2024-08-14 09:23:56,17300.0,3000,Sell,231413055
2024-08-14 09:24:04,17350.0,200,Buy,231413202
2024-08-14 09:24:34,17300.0,5000,Sell,231413958
2024-08-14 09:24:51,17300.0,5700,Sell,231414451
2024-08-14 09:24:56,17350.0,10000,Buy,231414666
2024-08-14 09:24:57,17300.0,3100,Sell,231414674
2024-08-14 09:24:57,17300.0,1900,Sell,231414675
2024-08-14 09:25:04,17300.0,3100,Sell,231414867
2024-08-14 09:25:04,17300.0,300,Sell,231414868
2024-08-14 09:25:04,17300.0,1600,Sell,231414869
2024-08-14 09:25:20,17300.0,200,Sell,231415291
2024-08-14 09:25:20,17300.0,3200,Sell,231415292
2024-08-14 09:25:20,17300.0,1000,Sell,231415289
2024-08-14 09:25:20,17300.0,200,Sell,231415290
2024-08-14 09:25:20,17300.0,400,Sell,231415288
2024-08-14 09:25:27,17300.0,5000,Sell,231415438
2024-08-14 09:25:31,17300.0,5000,Sell,231415497
2024-08-14 09:25:31,17300.0,200,Sell,231415498
2024-08-14 09:25:31,17300.0,300,Sell,231415499
2024-08-14 09:25:31,17300.0,4000,Sell,231415500
2024-08-14 09:25:31,17300.0,300,Sell,231415501
2024-08-14 09:25:31,17300.0,5000,Sell,231415502
2024-08-14 09:25:31,17300.0,10000,Sell,231415503
2024-08-14 09:25:31,17300.0,3000,Sell,231415504
2024-08-14 09:25:31,17300.0,200,Sell,231415505
2024-08-14 09:25:31,17300.0,100,Sell,231415506
2024-08-14 09:25:31,17300.0,2000,Sell,231415507
2024-08-14 09:25:31,17300.0,300,Sell,231415508
2024-08-14 09:25:31,17300.0,10200,Sell,231415496
2024-08-14 09:26:11,17300.0,6400,Buy,231416574
2024-08-14 09:26:11,17300.0,1500,Buy,231416575
2024-08-14 09:26:25,17300.0,200,Sell,231416852
2024-08-14 09:26:25,17300.0,2100,Sell,231416850
2024-08-14 09:26:25,17300.0,1400,Sell,231416851
2024-08-14 09:26:51,17250.0,200,Sell,231417573
2024-08-14 09:26:51,17250.0,100,Sell,231417572
2024-08-14 09:26:51,17250.0,100,Sell,231417574
2024-08-14 09:27:18,17250.0,2900,Sell,231418445
2024-08-14 09:27:18,17250.0,100,Sell,231418449
2024-08-14 09:27:18,17250.0,300,Sell,231418450
2024-08-14 09:27:18,17250.0,100,Sell,231418451
2024-08-14 09:27:18,17250.0,100,Sell,231418452
2024-08-14 09:27:18,17250.0,1500,Sell,231418453
2024-08-14 09:28:09,17250.0,2500,Sell,231419709
2024-08-14 09:28:17,17250.0,1900,Sell,231419923
2024-08-14 09:28:17,17250.0,100,Sell,231419922
2024-08-14 09:28:33,17250.0,100,Sell,231420419
2024-08-14 09:28:33,17250.0,100,Sell,231420420
2024-08-14 09:28:33,17250.0,100,Sell,231420421
2024-08-14 09:28:33,17250.0,200,Sell,231420422
2024-08-14 09:28:33,17250.0,1500,Sell,231420423
2024-08-14 09:28:55,17250.0,1000,Sell,231420966
2024-08-14 09:29:23,17300.0,800,Buy,231421593
2024-08-14 09:29:53,17250.0,3000,Sell,231422323
2024-08-14 09:29:53,17250.0,200,Sell,231422322
2024-08-14 09:29:53,17250.0,2500,Sell,231422321
2024-08-14 09:30:07,17250.0,5700,Sell,231422622
2024-08-14 09:30:09,17300.0,8100,Buy,231422696
2024-08-14 09:30:23,17300.0,7400,Buy,231423058
2024-08-14 09:30:23,17300.0,2600,Buy,231423059
2024-08-14 09:30:27,17300.0,100,Buy,231423123
2024-08-14 09:30:33,17250.0,5700,Sell,231423306
2024-08-14 09:30:36,17300.0,1000,Buy,231423366
2024-08-14 09:30:36,17300.0,100,Buy,231423370
2024-08-14 09:30:43,17300.0,6200,Buy,231423563
2024-08-14 09:30:43,17300.0,3800,Buy,231423564
2024-08-14 09:30:53,17300.0,1000,Buy,231423885
2024-08-14 09:30:56,17300.0,3000,Buy,231423975
2024-08-14 09:31:02,17250.0,5600,Sell,231424155
2024-08-14 09:31:02,17250.0,100,Sell,231424156
2024-08-14 09:31:03,17300.0,200,Buy,231424189
2024-08-14 09:31:24,17300.0,1000,Buy,231424611
2024-08-14 09:31:59,17300.0,1000,Buy,231425424
2024-08-14 09:31:59,17300.0,1000,Buy,231425423
2024-08-14 09:32:03,17300.0,2200,Buy,231425489
2024-08-14 09:32:03,17300.0,5400,Buy,231425488
2024-08-14 09:32:40,17300.0,100,Buy,231426373
2024-08-14 09:33:18,17250.0,200,Sell,231427240
2024-08-14 09:33:20,17300.0,700,Buy,231427289
2024-08-14 09:33:20,17300.0,300,Buy,231427290
2024-08-14 09:34:12,17250.0,1000,Sell,231428456
2024-08-14 09:34:14,17250.0,1800,Sell,231428507
2024-08-14 09:35:00,17300.0,300,Buy,231429611
2024-08-14 09:35:53,17250.0,300,Sell,231430653
2024-08-14 09:35:53,17250.0,600,Sell,231430652
2024-08-14 09:35:53,17250.0,100,Sell,231430650
2024-08-14 09:35:53,17250.0,1900,Sell,231430649
2024-08-14 09:35:53,17250.0,100,Sell,231430651
2024-08-14 09:36:06,17300.0,300,Buy,231430931
2024-08-14 09:36:17,17300.0,500,Buy,231431203
2024-08-14 09:36:59,17250.0,600,Sell,231432159
2024-08-14 09:36:59,17250.0,2400,Sell,231432160
2024-08-14 09:37:50,17300.0,100,Buy,231433328
2024-08-14 09:38:26,17300.0,600,Buy,231434080
2024-08-14 09:38:40,17300.0,2000,Buy,231434386
2024-08-14 09:40:06,17250.0,200,Sell,231436358
2024-08-14 09:40:06,17250.0,600,Sell,231436357
2024-08-14 09:40:06,17250.0,200,Sell,231436359
2024-08-14 09:40:18,17250.0,100,Sell,231436637
2024-08-14 09:40:27,17300.0,400,Buy,231437091
2024-08-14 09:43:00,17300.0,1200,Buy,231440980
2024-08-14 09:43:00,17300.0,100,Buy,231440981
2024-08-14 09:43:00,17300.0,2700,Buy,231440982
2024-08-14 09:43:15,17300.0,1000,Buy,231441251
2024-08-14 09:44:11,17250.0,200,Sell,231442458
2024-08-14 09:44:15,17300.0,1300,Buy,231442522
2024-08-14 09:44:15,17300.0,5700,Buy,231442523
2024-08-14 09:44:15,17300.0,10000,Buy,231442524
2024-08-14 09:44:15,17300.0,3000,Buy,231442525
2024-08-14 09:44:25,17300.0,1000,Buy,231442751
2024-08-14 09:44:37,17300.0,1000,Buy,231443016
2024-08-14 09:44:39,17300.0,2000,Buy,231443074
2024-08-14 09:44:39,17300.0,38400,Buy,231443075
2024-08-14 09:44:39,17300.0,6900,Buy,231443073
2024-08-14 09:44:39,17300.0,1000,Buy,231443071
2024-08-14 09:44:39,17300.0,700,Buy,231443070
2024-08-14 09:44:39,17300.0,1000,Buy,231443072
2024-08-14 09:44:46,17300.0,7800,Buy,231443189
2024-08-14 09:44:48,17300.0,2200,Buy,231443257
2024-08-14 09:44:49,17300.0,300,Buy,231443266
2024-08-14 09:44:50,17300.0,1000,Buy,231443285
2024-08-14 09:44:57,17300.0,5000,Buy,231443437
2024-08-14 09:45:05,17300.0,100,Buy,231443588
2024-08-14 09:45:10,17300.0,3200,Buy,231443661
2024-08-14 09:45:10,17300.0,100,Buy,231443660
2024-08-14 09:45:10,17300.0,200,Buy,231443659
2024-08-14 09:45:10,17300.0,100,Buy,231443658
2024-08-14 09:45:10,17300.0,5000,Buy,231443654
2024-08-14 09:45:10,17300.0,3000,Buy,231443656
2024-08-14 09:45:10,17300.0,1000,Buy,231443655
2024-08-14 09:45:10,17300.0,5200,Buy,231443653
2024-08-14 09:45:10,17300.0,2000,Buy,231443657
2024-08-14 09:45:12,17300.0,100,Buy,231443712
2024-08-14 09:45:12,17300.0,2000,Buy,231443711
2024-08-14 09:45:12,17300.0,1800,Buy,231443710
2024-08-14 09:45:35,17300.0,100,Sell,231444154
2024-08-14 09:45:37,17350.0,500,Buy,231444223
2024-08-14 09:45:37,17350.0,500,Buy,231444222
2024-08-14 09:46:01,17350.0,100,Buy,231444691
2024-08-14 09:47:33,17300.0,100,Sell,231446776
2024-08-14 09:47:34,17300.0,100,Sell,231446806
2024-08-14 09:47:54,17300.0,800,Sell,231447129
2024-08-14 09:47:54,17300.0,2000,Sell,231447130
2024-08-14 09:47:54,17300.0,5000,Sell,231447131
2024-08-14 09:47:54,17300.0,500,Sell,231447132
2024-08-14 09:47:54,17300.0,1700,Sell,231447133
2024-08-14 09:48:23,17300.0,800,Sell,231447673
2024-08-14 09:48:32,17300.0,500,Sell,231447841
2024-08-14 09:48:32,17300.0,1500,Sell,231447842
2024-08-14 09:48:34,17300.0,5700,Sell,231447951
2024-08-14 09:48:53,17300.0,2800,Sell,231448417
2024-08-14 09:48:53,17300.0,100,Sell,231448419
2024-08-14 09:48:53,17300.0,500,Sell,231448420
2024-08-14 09:48:53,17250.0,2300,Sell,231448421
2024-08-14 09:49:00,17250.0,100,Sell,231448566
2024-08-14 09:49:00,17250.0,1400,Sell,231448568
2024-08-14 09:49:00,17250.0,5000,Sell,231448567
2024-08-14 09:49:00,17250.0,500,Sell,231448564
2024-08-14 09:49:00,17250.0,3000,Sell,231448565
2024-08-14 09:49:11,17250.0,3600,Sell,231448969
2024-08-14 09:49:11,17250.0,2100,Sell,231448970
2024-08-14 09:50:02,17300.0,1000,Sell,231450213
2024-08-14 09:50:19,17300.0,5000,Buy,231450485
2024-08-14 09:50:19,17300.0,2000,Buy,231450486
2024-08-14 09:50:19,17300.0,5000,Buy,231450487
2024-08-14 09:50:42,17300.0,700,Sell,231450942
2024-08-14 09:50:42,17300.0,300,Sell,231450941
2024-08-14 09:50:54,17300.0,500,Sell,231451179
2024-08-14 09:51:25,17300.0,7800,Sell,231451658
2024-08-14 09:51:25,17300.0,2200,Sell,231451659
2024-08-14 09:52:39,17300.0,1000,Sell,231452857
2024-08-14 09:53:05,17300.0,6700,Sell,231453416
2024-08-14 09:53:05,17300.0,200,Sell,231453417
2024-08-14 09:53:05,17300.0,5300,Sell,231453418
2024-08-14 09:53:34,17300.0,100,Buy,231454133
2024-08-14 09:53:59,17300.0,3000,Buy,231454654
2024-08-14 09:54:20,17300.0,200,Buy,231454963
2024-08-14 09:54:34,17250.0,1000,Sell,231455179
2024-08-14 09:54:35,17250.0,1000,Sell,231455188
2024-08-14 09:55:00,17250.0,5900,Sell,231455625
2024-08-14 09:55:00,17250.0,100,Sell,231455626
2024-08-14 09:55:00,17250.0,500,Sell,231455627
2024-08-14 09:55:00,17250.0,100,Sell,231455628
2024-08-14 09:55:00,17250.0,400,Sell,231455629
2024-08-14 09:55:23,17250.0,5600,Sell,231456176
2024-08-14 09:55:23,17250.0,100,Sell,231456177
2024-08-14 09:55:51,17250.0,100,Sell,231456809
2024-08-14 09:57:12,17300.0,200,Buy,231458303
2024-08-14 09:57:45,17300.0,100,Buy,231458830
2024-08-14 09:57:54,17250.0,1000,Sell,231458992
2024-08-14 09:57:54,17250.0,2000,Sell,231458993
2024-08-14 09:57:54,17250.0,1000,Sell,231458991
2024-08-14 09:58:07,17250.0,700,Sell,231459211
2024-08-14 09:58:07,17250.0,5000,Sell,231459210
2024-08-14 09:58:07,17250.0,100,Sell,231459209
2024-08-14 09:58:07,17250.0,100,Sell,231459208
2024-08-14 09:58:07,17250.0,1000,Sell,231459207
2024-08-14 09:58:07,17250.0,200,Sell,231459205
2024-08-14 09:58:07,17250.0,100,Sell,231459203
2024-08-14 09:58:07,17250.0,4000,Sell,231459202
2024-08-14 09:58:07,17250.0,500,Sell,231459201
2024-08-14 09:58:07,17250.0,1000,Sell,231459206
2024-08-14 09:58:07,17250.0,100,Sell,231459204
2024-08-14 09:59:20,17250.0,100,Sell,231460470
2024-08-14 10:00:15,17300.0,5000,Buy,231461399
2024-08-14 10:01:40,17300.0,900,Buy,231462906
2024-08-14 10:01:49,17250.0,2200,Sell,231463093
2024-08-14 10:01:49,17250.0,800,Sell,231463094
2024-08-14 10:02:19,17250.0,200,Sell,231463521
2024-08-14 10:02:19,17250.0,100,Sell,231463522
2024-08-14 10:02:53,17250.0,400,Sell,231463973
2024-08-14 10:02:53,17250.0,3100,Sell,231463975
2024-08-14 10:02:53,17250.0,300,Sell,231463974
2024-08-14 10:02:53,17250.0,1700,Sell,231463972
2024-08-14 10:02:53,17250.0,100,Sell,231463971
2024-08-14 10:02:53,17250.0,100,Sell,231463966
2024-08-14 10:02:53,17250.0,300,Sell,231463967
2024-08-14 10:02:53,17250.0,2000,Sell,231463970
2024-08-14 10:02:53,17250.0,1000,Sell,231463969
2024-08-14 10:02:53,17250.0,2000,Sell,231463968
2024-08-14 10:03:32,17250.0,400,Sell,231464578
2024-08-14 10:04:05,17250.0,100,Sell,231465120
2024-08-14 10:04:22,17250.0,1000,Sell,231465458
2024-08-14 10:04:38,17250.0,200,Sell,231465675
2024-08-14 10:04:38,17250.0,100,Sell,231465676
2024-08-14 10:04:38,17250.0,100,Sell,231465673
2024-08-14 10:04:38,17250.0,400,Sell,231465672
2024-08-14 10:04:38,17250.0,200,Sell,231465674
2024-08-14 10:04:49,17300.0,200,Buy,231465863
2024-08-14 10:05:08,17300.0,100,Buy,231466144
2024-08-14 10:05:33,17300.0,2000,Buy,231466635
2024-08-14 10:07:01,17300.0,700,Buy,231468399
2024-08-14 10:08:16,17300.0,1000,Buy,231469591
2024-08-14 10:09:58,17300.0,100,Buy,231471092
2024-08-14 10:11:07,17250.0,1000,Sell,231472326
2024-08-14 10:11:17,17300.0,2100,Buy,231472461
2024-08-14 10:12:44,17300.0,1500,Buy,231473883
2024-08-14 10:13:00,17250.0,100,Sell,231474127
2024-08-14 10:13:35,17250.0,400,Sell,231474609
2024-08-14 10:13:57,17250.0,6000,Sell,231474876
2024-08-14 10:14:15,17300.0,600,Buy,231475249
2024-08-14 10:14:15,17300.0,400,Buy,231475250
2024-08-14 10:16:25,17300.0,1000,Buy,231477206
2024-08-14 10:16:25,17300.0,100,Buy,231477205
2024-08-14 10:16:25,17300.0,7900,Buy,231477207
2024-08-14 10:16:25,17300.0,500,Buy,231477203
2024-08-14 10:16:25,17300.0,5300,Buy,231477202
2024-08-14 10:16:25,17300.0,200,Buy,231477204
2024-08-14 10:16:36,17300.0,2100,Buy,231477407
2024-08-14 10:16:36,17300.0,500,Buy,231477408
2024-08-14 10:16:36,17300.0,100,Buy,231477409
2024-08-14 10:16:40,17300.0,1900,Buy,231477498
2024-08-14 10:16:40,17300.0,100,Buy,231477497
2024-08-14 10:16:40,17300.0,400,Buy,231477496
2024-08-14 10:16:40,17300.0,300,Buy,231477495
2024-08-14 10:16:40,17300.0,200,Buy,231477494
2024-08-14 10:16:40,17300.0,3000,Buy,231477493
2024-08-14 10:16:40,17300.0,500,Buy,231477489
2024-08-14 10:16:40,17300.0,1000,Buy,231477491
2024-08-14 10:16:40,17300.0,2400,Buy,231477490
2024-08-14 10:16:40,17300.0,1000,Buy,231477488
2024-08-14 10:16:40,17300.0,100,Buy,231477487
2024-08-14 10:16:40,17300.0,100,Buy,231477486
2024-08-14 10:16:40,17300.0,1000,Buy,231477485
2024-08-14 10:16:40,17300.0,3000,Buy,231477492
2024-08-14 10:17:20,17300.0,3000,Buy,231478077
2024-08-14 10:17:34,17300.0,100,Buy,231478275
2024-08-14 10:17:34,17300.0,100,Buy,231478276
2024-08-14 10:17:34,17300.0,7000,Buy,231478277
2024-08-14 10:17:34,17300.0,200,Buy,231478278
2024-08-14 10:17:34,17300.0,2600,Buy,231478279
2024-08-14 10:19:05,17300.0,500,Buy,231479750
2024-08-14 10:19:05,17300.0,300,Buy,231479749
2024-08-14 10:19:05,17300.0,1900,Buy,231479751
2024-08-14 10:19:05,17300.0,500,Buy,231479747
2024-08-14 10:19:05,17300.0,300,Buy,231479746
2024-08-14 10:19:05,17300.0,2400,Buy,231479745
2024-08-14 10:19:05,17300.0,2000,Buy,231479748
2024-08-14 10:20:05,17300.0,600,Buy,231480709
2024-08-14 10:20:05,17300.0,400,Buy,231480710
2024-08-14 10:20:23,17300.0,9600,Buy,231481000
2024-08-14 10:20:47,17300.0,300,Sell,231481480
2024-08-14 10:20:56,17300.0,100,Sell,231481648
2024-08-14 10:21:38,17300.0,100,Buy,231482271
2024-08-14 10:21:38,17300.0,900,Buy,231482272
2024-08-14 10:22:53,17300.0,300,Buy,231483284
2024-08-14 10:23:05,17300.0,100,Buy,231483529
2024-08-14 10:23:30,17300.0,500,Buy,231483883
2024-08-14 10:23:52,17300.0,100,Buy,231484223
2024-08-14 10:23:55,17300.0,500,Buy,231484257
2024-08-14 10:25:26,17300.0,100,Buy,231485383
2024-08-14 10:25:48,17300.0,500,Buy,231485726
2024-08-14 10:26:38,17300.0,200,Buy,231486572
2024-08-14 10:26:51,17300.0,300,Buy,231486754
2024-08-14 10:26:51,17300.0,900,Buy,231486755
2024-08-14 10:26:56,17300.0,1000,Buy,231486837
2024-08-14 10:26:56,17300.0,1000,Buy,231486836
2024-08-14 10:26:56,17300.0,100,Buy,231486835
2024-08-14 10:27:31,17300.0,3100,Buy,231487382
2024-08-14 10:27:31,17300.0,600,Buy,231487379
2024-08-14 10:27:31,17300.0,1000,Buy,231487380
2024-08-14 10:27:31,17300.0,1000,Buy,231487381
2024-08-14 10:27:48,17300.0,500,Buy,231487552
2024-08-14 10:27:54,17300.0,100,Buy,231487646
2024-08-14 10:30:00,17300.0,3000,Buy,231489270
2024-08-14 10:30:37,17300.0,200,Buy,231489684
2024-08-14 10:31:45,17300.0,1700,Buy,231490665
2024-08-14 10:31:52,17300.0,1400,Buy,231490878
2024-08-14 10:31:52,17300.0,200,Buy,231490879
2024-08-14 10:31:52,17300.0,400,Buy,231490880
2024-08-14 10:31:52,17300.0,1000,Buy,231490881
2024-08-14 10:31:52,17300.0,1000,Buy,231490882
2024-08-14 10:31:52,17300.0,500,Buy,231490883
2024-08-14 10:31:52,17300.0,500,Buy,231490884
2024-08-14 10:32:12,17300.0,500,Buy,231491091
2024-08-14 10:32:42,17300.0,500,Buy,231491460
2024-08-14 10:32:42,17300.0,4000,Buy,231491458
2024-08-14 10:32:42,17300.0,500,Buy,231491459
2024-08-14 10:32:43,17300.0,900,Sell,231491475
2024-08-14 10:32:51,17300.0,1100,Sell,231491562
2024-08-14 10:33:02,17300.0,2000,Sell,231491716
2024-08-14 10:33:29,17300.0,200,Sell,231491984
2024-08-14 10:33:31,17300.0,100,Sell,231492011
2024-08-14 10:33:40,17300.0,2000,Sell,231492122
2024-08-14 10:33:40,17300.0,200,Sell,231492123
2024-08-14 10:34:40,17300.0,500,Buy,231492818
2024-08-14 10:34:44,17300.0,1000,Buy,231492858
2024-08-14 10:36:14,17250.0,200,Sell,231494081
2024-08-14 10:36:24,17300.0,1000,Buy,231494215
2024-08-14 10:37:22,17250.0,2000,Sell,231495277
2024-08-14 10:38:50,17300.0,300,Buy,231496781
2024-08-14 10:38:50,17300.0,1000,Buy,231496782
2024-08-14 10:41:17,17300.0,500,Buy,231499206
2024-08-14 10:41:18,17250.0,500,Sell,231499252
2024-08-14 10:41:18,17250.0,1500,Sell,231499253
2024-08-14 10:41:18,17250.0,900,Sell,231499254
2024-08-14 10:41:18,17250.0,100,Sell,231499257
2024-08-14 10:41:18,17250.0,8000,Sell,231499258
2024-08-14 10:41:18,17250.0,1000,Sell,231499259
2024-08-14 10:41:18,17250.0,100,Sell,231499260
2024-08-14 10:41:18,17250.0,500,Sell,231499261
2024-08-14 10:41:18,17250.0,3000,Sell,231499262
2024-08-14 10:41:18,17250.0,500,Sell,231499263
2024-08-14 10:41:18,17250.0,200,Sell,231499264
2024-08-14 10:41:18,17250.0,100,Sell,231499265
2024-08-14 10:41:18,17250.0,1000,Sell,231499267
2024-08-14 10:41:18,17250.0,100,Sell,231499268
2024-08-14 10:41:18,17250.0,10000,Sell,231499269
2024-08-14 10:41:18,17250.0,100,Sell,231499270
2024-08-14 10:41:18,17250.0,100,Sell,231499271
2024-08-14 10:41:18,17250.0,3000,Sell,231499251
2024-08-14 10:41:18,17250.0,5000,Sell,231499274
2024-08-14 10:41:18,17250.0,1500,Sell,231499275
2024-08-14 10:41:18,17250.0,500,Sell,231499276
2024-08-14 10:41:18,17250.0,400,Sell,231499277
2024-08-14 10:41:18,17250.0,200,Sell,231499266
2024-08-14 10:41:18,17250.0,2000,Sell,231499250
2024-08-14 10:41:18,17250.0,3000,Sell,231499273
2024-08-14 10:41:18,17250.0,100,Sell,231499248
2024-08-14 10:41:18,17250.0,5100,Sell,231499249
2024-08-14 10:41:18,17250.0,200,Sell,231499224
2024-08-14 10:41:18,17250.0,300,Sell,231499225
2024-08-14 10:41:18,17250.0,5000,Sell,231499226
2024-08-14 10:41:18,17250.0,3000,Sell,231499227
2024-08-14 10:41:18,17250.0,30000,Sell,231499228
2024-08-14 10:41:18,17250.0,100,Sell,231499229
2024-08-14 10:41:18,17250.0,200,Sell,231499230
2024-08-14 10:41:18,17250.0,700,Sell,231499231
2024-08-14 10:41:18,17250.0,500,Sell,231499232
2024-08-14 10:41:18,17250.0,500,Sell,231499233
2024-08-14 10:41:18,17250.0,200,Sell,231499234
2024-08-14 10:41:18,17250.0,1000,Sell,231499272
2024-08-14 10:41:18,17250.0,600,Sell,231499236
2024-08-14 10:41:18,17250.0,200,Sell,231499246
2024-08-14 10:41:18,17250.0,100,Sell,231499245
2024-08-14 10:41:18,17250.0,100,Sell,231499244
2024-08-14 10:41:18,17250.0,100,Sell,231499243
2024-08-14 10:41:18,17250.0,5000,Sell,231499242
2024-08-14 10:41:18,17250.0,100,Sell,231499247
2024-08-14 10:41:18,17250.0,800,Sell,231499241
2024-08-14 10:41:18,17250.0,100,Sell,231499240
2024-08-14 10:41:18,17250.0,2000,Sell,231499239
2024-08-14 10:41:18,17250.0,200,Sell,231499238
2024-08-14 10:41:18,17250.0,300,Sell,231499237
2024-08-14 10:41:18,17250.0,200,Sell,231499235
2024-08-14 10:41:20,17300.0,100,Buy,231499312
2024-08-14 10:41:22,17250.0,600,Sell,231499381
2024-08-14 10:41:22,17250.0,100,Sell,231499382
2024-08-14 10:41:22,17250.0,100,Sell,231499383
2024-08-14 10:42:11,17250.0,100,Buy,231500104
2024-08-14 10:43:00,17250.0,800,Buy,231501243
2024-08-14 10:43:31,17200.0,1900,Sell,231501615
2024-08-14 10:43:31,17200.0,100,Sell,231501614
2024-08-14 10:43:40,17250.0,200,Buy,231501715
2024-08-14 10:43:40,17250.0,1800,Buy,231501714
2024-08-14 10:44:23,17250.0,100,Buy,231502254
2024-08-14 10:44:44,17250.0,100,Buy,231502522
2024-08-14 10:45:16,17250.0,500,Buy,231502890
2024-08-14 10:46:42,17200.0,3100,Sell,231504331
2024-08-14 10:46:42,17200.0,100,Sell,231504332
2024-08-14 10:46:42,17200.0,300,Sell,231504333
2024-08-14 10:46:45,17250.0,100,Buy,231504372
2024-08-14 10:46:55,17250.0,100,Buy,231504515
2024-08-14 10:47:01,17250.0,200,Buy,231504595
2024-08-14 10:47:23,17250.0,100,Buy,231504931
2024-08-14 10:48:21,17250.0,100,Buy,231505962
2024-08-14 10:48:43,17250.0,1000,Buy,231506301
2024-08-14 10:52:22,17200.0,1000,Sell,231510098
2024-08-14 10:52:40,17200.0,700,Sell,231510390
2024-08-14 10:53:08,17200.0,100,Sell,231510789
2024-08-14 10:53:56,17200.0,1600,Sell,231511349
2024-08-14 10:53:59,17200.0,200,Sell,231511383
2024-08-14 10:54:14,17200.0,500,Sell,231511558
2024-08-14 10:54:30,17200.0,800,Sell,231511792
2024-08-14 10:54:30,17200.0,600,Sell,231511790
2024-08-14 10:54:30,17200.0,100,Sell,231511791
2024-08-14 10:54:40,17250.0,100,Buy,231511909
2024-08-14 10:56:07,17250.0,100,Buy,231513089
2024-08-14 10:57:17,17250.0,100,Buy,231514019
2024-08-14 10:58:07,17250.0,1900,Buy,231514727
2024-08-14 10:58:09,17250.0,300,Buy,231514781
2024-08-14 10:58:09,17250.0,1600,Buy,231514782
2024-08-14 10:58:09,17250.0,1900,Buy,231514816
2024-08-14 10:58:52,17250.0,300,Buy,231515520
2024-08-14 10:59:04,17250.0,100,Buy,231515706
2024-08-14 10:59:06,17250.0,100,Buy,231515742
2024-08-14 10:59:15,17250.0,100,Buy,231515880
2024-08-14 10:59:26,17200.0,200,Sell,231515989
2024-08-14 10:59:26,17200.0,1000,Sell,231515990
2024-08-14 10:59:26,17200.0,100,Sell,231515991
2024-08-14 10:59:26,17200.0,100,Sell,231515992
2024-08-14 10:59:26,17200.0,100,Sell,231515993
2024-08-14 10:59:26,17200.0,100,Sell,231515994
2024-08-14 11:00:32,17200.0,1100,Sell,231516790
2024-08-14 11:00:32,17200.0,100,Sell,231516788
2024-08-14 11:00:32,17200.0,100,Sell,231516787
2024-08-14 11:00:32,17200.0,2700,Sell,231516789
2024-08-14 11:00:47,17250.0,2000,Buy,231517111
2024-08-14 11:00:51,17250.0,1900,Buy,231517177
2024-08-14 11:00:52,17250.0,1900,Buy,231517230
2024-08-14 11:01:25,17250.0,100,Buy,231517818
2024-08-14 11:01:25,17250.0,100,Buy,231517819
2024-08-14 11:01:25,17250.0,300,Buy,231517820
2024-08-14 11:01:27,17250.0,1800,Buy,231517884
2024-08-14 11:01:27,17250.0,4000,Buy,231517883
2024-08-14 11:01:27,17250.0,200,Buy,231517882
2024-08-14 11:01:27,17250.0,5000,Buy,231517881
2024-08-14 11:01:27,17250.0,200,Buy,231517879
2024-08-14 11:01:27,17250.0,100,Buy,231517878
2024-08-14 11:01:27,17250.0,700,Buy,231517877
2024-08-14 11:01:27,17250.0,8000,Buy,231517880
2024-08-14 11:01:39,17250.0,200,Buy,231518037
2024-08-14 11:01:40,17250.0,2500,Buy,231518041
2024-08-14 11:01:41,17250.0,1000,Sell,231518058
2024-08-14 11:01:44,17250.0,2200,Sell,231518083
2024-08-14 11:01:44,17250.0,200,Sell,231518084
2024-08-14 11:01:49,17250.0,10000,Buy,231518180
2024-08-14 11:01:59,17250.0,3000,Buy,231518492
2024-08-14 11:02:12,17250.0,3000,Buy,231518743
2024-08-14 11:02:12,17250.0,1000,Buy,231518742
2024-08-14 11:02:12,17250.0,2100,Buy,231518741
2024-08-14 11:02:22,17250.0,5000,Sell,231518922
2024-08-14 11:02:54,17250.0,2000,Sell,231519396
2024-08-14 11:02:54,17250.0,1900,Sell,231519397
2024-08-14 11:02:54,17250.0,1000,Sell,231519398
2024-08-14 11:02:54,17250.0,900,Sell,231519399
2024-08-14 11:02:54,17250.0,15500,Sell,231519395
2024-08-14 11:03:03,17250.0,1000,Buy,231519522
2024-08-14 11:03:11,17250.0,1900,Buy,231519633
2024-08-14 11:03:25,17250.0,300,Buy,231519924
2024-08-14 11:03:31,17250.0,5000,Buy,231520056
2024-08-14 11:03:31,17250.0,100,Buy,231520057
2024-08-14 11:04:33,17250.0,700,Sell,231521227
2024-08-14 11:06:05,17250.0,1500,Sell,231522799
2024-08-14 11:06:52,17300.0,1700,Buy,231523301
2024-08-14 11:06:52,17300.0,100,Buy,231523299
2024-08-14 11:06:52,17300.0,100,Buy,231523300
2024-08-14 11:07:10,17300.0,300,Buy,231523593
2024-08-14 11:07:10,17300.0,2200,Buy,231523594
2024-08-14 11:08:08,17250.0,1600,Sell,231524424
2024-08-14 11:08:19,17250.0,1100,Sell,231524562
2024-08-14 11:08:19,17250.0,300,Sell,231524563
2024-08-14 11:08:19,17250.0,600,Sell,231524564
2024-08-14 11:08:24,17250.0,800,Sell,231524655
2024-08-14 11:08:24,17250.0,400,Sell,231524654
2024-08-14 11:08:24,17250.0,400,Sell,231524651
2024-08-14 11:08:24,17250.0,300,Sell,231524652
2024-08-14 11:08:24,17250.0,100,Sell,231524653
2024-08-14 11:09:05,17250.0,200,Sell,231525436
2024-08-14 11:09:05,17250.0,800,Sell,231525437
2024-08-14 11:09:53,17250.0,100,Sell,231526093
2024-08-14 11:09:53,17250.0,600,Sell,231526094
2024-08-14 11:10:39,17250.0,500,Sell,231526767
2024-08-14 11:12:07,17250.0,500,Sell,231527878
2024-08-14 11:14:39,17250.0,100,Sell,231530945
2024-08-14 11:15:01,17250.0,1300,Sell,231531270
2024-08-14 11:15:01,17250.0,200,Sell,231531269
2024-08-14 11:15:01,17250.0,2400,Sell,231531266
2024-08-14 11:15:01,17250.0,700,Sell,231531267
2024-08-14 11:15:01,17250.0,400,Sell,231531268
2024-08-14 11:15:19,17250.0,500,Sell,231531531
2024-08-14 11:15:19,17250.0,500,Sell,231531530
2024-08-14 11:15:19,17250.0,200,Sell,231531529
2024-08-14 11:15:19,17250.0,1000,Sell,231531527
2024-08-14 11:15:19,17250.0,100,Sell,231531526
2024-08-14 11:15:19,17250.0,1000,Sell,231531528
2024-08-14 11:15:19,17250.0,3700,Sell,231531525
2024-08-14 11:15:26,17250.0,100,Buy,231531629
2024-08-14 11:15:56,17250.0,500,Buy,231532126
2024-08-14 11:16:07,17250.0,100,Buy,231532296
2024-08-14 11:16:42,17250.0,500,Buy,231532883
2024-08-14 11:17:07,17250.0,1500,Buy,231533174
2024-08-14 11:17:09,17250.0,300,Buy,231533218
2024-08-14 11:18:55,17250.0,1000,Sell,231534852
2024-08-14 11:19:59,17250.0,500,Sell,231535723
2024-08-14 11:19:59,17250.0,100,Sell,231535724
2024-08-14 11:19:59,17250.0,300,Sell,231535725
2024-08-14 11:19:59,17250.0,100,Sell,231535726
2024-08-14 11:20:25,17250.0,100,Sell,231536053
2024-08-14 11:21:59,17200.0,400,Sell,231537316
2024-08-14 11:21:59,17200.0,1000,Sell,231537317
2024-08-14 11:21:59,17200.0,500,Sell,231537318
2024-08-14 11:22:19,17200.0,1800,Sell,231537626
2024-08-14 11:23:04,17200.0,1000,Sell,231538296
2024-08-14 11:23:38,17200.0,1200,Sell,231538686
2024-08-14 11:24:49,17250.0,41300,Buy,231539607
2024-08-14 11:24:49,17250.0,5000,Buy,231539605
2024-08-14 11:24:49,17250.0,3700,Buy,231539606
2024-08-14 11:26:49,17250.0,1000,Buy,231541094
2024-08-14 11:27:23,17200.0,500,Sell,231541515
2024-08-14 11:27:23,17200.0,200,Sell,231541516
2024-08-14 11:27:23,17200.0,1000,Sell,231541517
2024-08-14 11:27:23,17200.0,500,Sell,231541518
2024-08-14 11:27:23,17200.0,1300,Sell,231541520
2024-08-14 11:27:23,17200.0,500,Sell,231541521
2024-08-14 11:27:23,17200.0,100,Sell,231541522
2024-08-14 11:27:23,17200.0,5800,Sell,231541523
2024-08-14 11:27:23,17200.0,100,Sell,231541519
2024-08-14 11:27:25,17250.0,1000,Buy,231541557
2024-08-14 11:27:50,17250.0,4000,Buy,231541893
2024-08-14 11:28:24,17250.0,300,Buy,231542293
2024-08-14 12:59:41,17250.0,100,Buy,231543128
2024-08-14 12:59:44,17250.0,1900,Buy,231544305
2024-08-14 12:59:44,17250.0,2600,Buy,231544309
2024-08-14 12:59:44,17250.0,300,Buy,231544308
2024-08-14 12:59:44,17250.0,2300,Buy,231544304
2024-08-14 12:59:44,17250.0,100,Buy,231544306
2024-08-14 12:59:44,17250.0,100,Buy,231544307
2024-08-14 12:59:46,17250.0,300,Buy,231545140
2024-08-14 12:59:46,17250.0,100,Buy,231545141
2024-08-14 12:59:47,17250.0,200,Buy,231545235
2024-08-14 12:59:47,17250.0,100,Buy,231545238
2024-08-14 12:59:51,17250.0,100,Buy,231545919
2024-08-14 13:00:21,17250.0,100,Buy,231546848
2024-08-14 13:00:55,17250.0,600,Buy,231547414
2024-08-14 13:00:58,17250.0,100,Buy,231547485
2024-08-14 13:02:38,17250.0,200,Buy,231549207
2024-08-14 13:02:44,17200.0,3700,Sell,231549287
2024-08-14 13:03:07,17200.0,6000,Sell,231549667
2024-08-14 13:03:31,17200.0,10000,Sell,231550081
2024-08-14 13:04:31,17200.0,200,Sell,231551304
2024-08-14 13:04:32,17200.0,10000,Sell,231551343
2024-08-14 13:05:13,17200.0,5000,Sell,231552126
2024-08-14 13:05:33,17200.0,5300,Sell,231552484
2024-08-14 13:05:59,17200.0,100,Sell,231553007
2024-08-14 13:07:16,17200.0,2000,Sell,231554744
2024-08-14 13:08:14,17250.0,400,Buy,231555906
2024-08-14 13:08:51,17250.0,300,Buy,231556919
2024-08-14 13:09:20,17250.0,100,Buy,231557347
2024-08-14 13:09:23,17250.0,200,Buy,231557405
2024-08-14 13:09:23,17250.0,100,Buy,231557404
2024-08-14 13:09:23,17250.0,100,Buy,231557408
2024-08-14 13:09:23,17250.0,100,Buy,231557412
2024-08-14 13:09:23,17250.0,5000,Buy,231557410
2024-08-14 13:09:23,17250.0,100,Buy,231557411
2024-08-14 13:09:23,17250.0,7700,Buy,231557413
2024-08-14 13:09:23,17250.0,100,Buy,231557409
2024-08-14 13:09:23,17250.0,1000,Buy,231557403
2024-08-14 13:09:23,17250.0,200,Buy,231557407
2024-08-14 13:09:23,17250.0,100,Buy,231557401
2024-08-14 13:09:23,17250.0,200,Buy,231557393
2024-08-14 13:09:23,17250.0,500,Buy,231557394
2024-08-14 13:09:23,17250.0,300,Buy,231557395
2024-08-14 13:09:23,17250.0,200,Buy,231557396
2024-08-14 13:09:23,17250.0,600,Buy,231557402
2024-08-14 13:09:23,17250.0,2000,Buy,231557398
2024-08-14 13:09:23,17250.0,200,Buy,231557399
2024-08-14 13:09:23,17250.0,200,Buy,231557400
2024-08-14 13:09:23,17250.0,100,Buy,231557397
2024-08-14 13:10:54,17200.0,200,Sell,231559204
2024-08-14 13:10:59,17200.0,1200,Sell,231559312
2024-08-14 13:11:08,17200.0,500,Sell,231559477
2024-08-14 13:11:08,17200.0,100,Sell,231559478
2024-08-14 13:11:08,17200.0,600,Sell,231559479
2024-08-14 13:11:17,17250.0,2300,Buy,231559636
2024-08-14 13:11:17,17250.0,400,Buy,231559637
2024-08-14 13:11:17,17250.0,500,Buy,231559638
2024-08-14 13:11:17,17250.0,300,Buy,231559639
2024-08-14 13:11:17,17250.0,46500,Buy,231559640
2024-08-14 13:11:22,17250.0,2500,Buy,231559746
2024-08-14 13:12:08,17250.0,600,Buy,231560697
2024-08-14 13:12:08,17250.0,200,Buy,231560695
2024-08-14 13:12:08,17250.0,1100,Buy,231560694
2024-08-14 13:12:08,17250.0,100,Buy,231560696
2024-08-14 13:12:10,17250.0,1000,Buy,231560757
2024-08-14 13:12:10,17250.0,1400,Buy,231560774
2024-08-14 13:12:11,17250.0,200,Sell,231560777
2024-08-14 13:12:20,17250.0,100,Sell,231560985
2024-08-14 13:12:27,17250.0,1000,Sell,231561106
2024-08-14 13:12:42,17250.0,2300,Sell,231561347
2024-08-14 13:12:42,17250.0,500,Sell,231561348
2024-08-14 13:13:16,17250.0,500,Buy,231561915
2024-08-14 13:13:34,17250.0,300,Buy,231562317
2024-08-14 13:14:05,17250.0,1000,Buy,231563017
2024-08-14 13:14:05,17250.0,900,Buy,231563018
2024-08-14 13:14:05,17250.0,200,Buy,231563019
2024-08-14 13:14:05,17250.0,1400,Buy,231563016
2024-08-14 13:14:06,17250.0,500,Buy,231563027
2024-08-14 13:14:10,17250.0,1500,Buy,231563085
2024-08-14 13:14:14,17250.0,3000,Buy,231563233
2024-08-14 13:14:15,17250.0,4800,Buy,231563240
2024-08-14 13:14:15,17250.0,200,Buy,231563241
2024-08-14 13:14:15,17250.0,800,Buy,231563251
2024-08-14 13:14:23,17250.0,100,Buy,231563394
2024-08-14 13:14:25,17250.0,500,Buy,231563412
2024-08-14 13:14:27,17250.0,500,Buy,231563591
2024-08-14 13:14:50,17250.0,500,Buy,231564335
2024-08-14 13:14:53,17250.0,2600,Buy,231564454
2024-08-14 13:14:53,17250.0,400,Buy,231564453
2024-08-14 13:15:01,17250.0,100,Buy,231564643
2024-08-14 13:15:27,17250.0,200,Buy,231565527
2024-08-14 13:15:27,17250.0,9800,Buy,231565528
2024-08-14 13:15:44,17250.0,200,Buy,231565894
2024-08-14 13:15:55,17250.0,100,Buy,231566147
2024-08-14 13:16:07,17250.0,200,Buy,231566373
2024-08-14 13:17:08,17250.0,700,Buy,231567837
2024-08-14 13:17:12,17250.0,100,Buy,231567949
2024-08-14 13:17:24,17250.0,3200,Buy,231568226
2024-08-14 13:17:26,17250.0,1000,Buy,231568339
2024-08-14 13:17:45,17250.0,1000,Buy,231569133
2024-08-14 13:17:53,17250.0,100,Buy,231569373
2024-08-14 13:17:59,17250.0,500,Buy,231569547
2024-08-14 13:17:59,17250.0,9500,Buy,231569581
2024-08-14 13:17:59,17250.0,100,Buy,231569582
2024-08-14 13:17:59,17250.0,300,Buy,231569583
2024-08-14 13:18:26,17250.0,9700,Sell,231570262
2024-08-14 13:18:26,17250.0,100,Sell,231570260
2024-08-14 13:18:26,17250.0,200,Sell,231570261
2024-08-14 13:18:33,17300.0,200,Buy,231570404
2024-08-14 13:18:50,17250.0,300,Sell,231570796
2024-08-14 13:18:50,17250.0,100,Sell,231570797
2024-08-14 13:18:50,17250.0,2000,Sell,231570798
2024-08-14 13:18:56,17250.0,2600,Buy,231570909
2024-08-14 13:19:33,17250.0,100,Sell,231572102
2024-08-14 13:19:38,17250.0,47300,Sell,231572219
2024-08-14 13:19:38,17250.0,400,Sell,231572221
2024-08-14 13:19:38,17250.0,100,Sell,231572222
2024-08-14 13:19:38,17250.0,2000,Sell,231572223
2024-08-14 13:19:38,17250.0,100,Sell,231572224
2024-08-14 13:19:38,17250.0,300,Sell,231572225
2024-08-14 13:19:38,17250.0,1000,Sell,231572226
2024-08-14 13:19:38,17250.0,3000,Sell,231572227
2024-08-14 13:19:38,17250.0,300,Sell,231572220
2024-08-14 13:19:58,17250.0,200,Buy,231572801
2024-08-14 13:20:01,17250.0,1000,Buy,231572888
2024-08-14 13:20:13,17250.0,1900,Buy,231573213
2024-08-14 13:20:13,17250.0,6100,Buy,231573212
2024-08-14 13:20:40,17300.0,200,Buy,231573999
2024-08-14 13:21:20,17250.0,2000,Sell,231575285
2024-08-14 13:21:20,17250.0,100,Sell,231575286
2024-08-14 13:21:20,17250.0,8400,Sell,231575287
2024-08-14 13:21:23,17300.0,400,Buy,231575350
2024-08-14 13:21:23,17300.0,100,Buy,231575351
2024-08-14 13:22:09,17300.0,200,Buy,231576204
2024-08-14 13:22:38,17250.0,300,Sell,231576927
2024-08-14 13:22:38,17250.0,4100,Sell,231576928
2024-08-14 13:22:38,17250.0,1000,Sell,231576925
2024-08-14 13:22:38,17250.0,1600,Sell,231576924
2024-08-14 13:22:38,17250.0,3000,Sell,231576926
2024-08-14 13:22:55,17250.0,3000,Sell,231577323
2024-08-14 13:23:25,17250.0,200,Sell,231577907
2024-08-14 13:23:57,17250.0,100,Sell,231578644
2024-08-14 13:24:10,17250.0,2000,Sell,231578920
2024-08-14 13:24:10,17250.0,1500,Sell,231578925
2024-08-14 13:24:10,17250.0,300,Sell,231578924
2024-08-14 13:24:10,17250.0,1000,Sell,231578923
2024-08-14 13:24:10,17250.0,500,Sell,231578922
2024-08-14 13:24:10,17250.0,1000,Sell,231578921
2024-08-14 13:24:10,17250.0,1000,Sell,231578919
2024-08-14 13:24:10,17250.0,5600,Sell,231578913
2024-08-14 13:24:10,17250.0,1000,Sell,231578917
2024-08-14 13:24:10,17250.0,200,Sell,231578916
2024-08-14 13:24:10,17250.0,1000,Sell,231578915
2024-08-14 13:24:10,17250.0,200,Sell,231578914
2024-08-14 13:24:10,17250.0,100,Sell,231578911
2024-08-14 13:24:10,17250.0,2600,Sell,231578910
2024-08-14 13:24:10,17250.0,5000,Sell,231578918
2024-08-14 13:24:10,17250.0,2000,Sell,231578912
2024-08-14 13:24:23,17250.0,3300,Sell,231579159
2024-08-14 13:24:23,17250.0,1700,Sell,231579160
2024-08-14 13:24:31,17250.0,300,Sell,231579323
2024-08-14 13:25:22,17200.0,900,Sell,231580278
2024-08-14 13:26:09,17250.0,200,Buy,231581194
2024-08-14 13:26:09,17250.0,500,Buy,231581193
2024-08-14 13:26:09,17250.0,9700,Buy,231581192
2024-08-14 13:26:17,17250.0,5700,Sell,231581418
2024-08-14 13:26:26,17250.0,20900,Sell,231581793
2024-08-14 13:26:26,17250.0,2000,Sell,231581794
2024-08-14 13:26:26,17250.0,300,Sell,231581795
2024-08-14 13:26:26,17250.0,3000,Sell,231581788
2024-08-14 13:26:48,17250.0,1800,Buy,231582370
2024-08-14 13:26:48,17250.0,5700,Buy,231582371
2024-08-14 13:26:53,17250.0,5700,Sell,231582509
2024-08-14 13:27:09,17250.0,5000,Sell,231582837
2024-08-14 13:27:11,17250.0,5700,Sell,231583014
2024-08-14 13:27:22,17250.0,3500,Sell,231583252
2024-08-14 13:27:22,17250.0,1500,Sell,231583253
2024-08-14 13:27:34,17250.0,700,Sell,231583614
2024-08-14 13:27:40,17250.0,200,Sell,231583790
2024-08-14 13:27:40,17250.0,200,Sell,231583789
2024-08-14 13:27:49,17250.0,800,Buy,231584134
2024-08-14 13:27:49,17200.0,800,Sell,231584105
2024-08-14 13:27:49,17200.0,500,Sell,231584104
2024-08-14 13:27:49,17200.0,100,Sell,231584103
2024-08-14 13:27:49,17200.0,500,Sell,231584102
2024-08-14 13:27:49,17200.0,100,Sell,231584100
2024-08-14 13:27:49,17200.0,100,Sell,231584101
2024-08-14 13:27:49,17200.0,100,Sell,231584099
2024-08-14 13:27:49,17200.0,500,Sell,231584094
2024-08-14 13:27:49,17200.0,300,Sell,231584097
2024-08-14 13:27:49,17200.0,200,Sell,231584096
2024-08-14 13:27:49,17200.0,1000,Sell,231584095
2024-08-14 13:27:49,17200.0,100,Sell,231584092
2024-08-14 13:27:49,17200.0,100,Sell,231584091
2024-08-14 13:27:49,17200.0,1000,Sell,231584090
2024-08-14 13:27:49,17250.0,100,Buy,231584082
2024-08-14 13:27:49,17200.0,100,Sell,231584098
2024-08-14 13:27:49,17200.0,200,Sell,231584093
2024-08-14 13:28:16,17200.0,400,Sell,231584864
2024-08-14 13:28:16,17200.0,1000,Sell,231584869
2024-08-14 13:28:16,17200.0,200,Sell,231584868
2024-08-14 13:28:16,17200.0,100,Sell,231584867
2024-08-14 13:28:16,17200.0,500,Sell,231584866
2024-08-14 13:28:16,17200.0,100,Sell,231584865
2024-08-14 13:28:16,17200.0,200,Sell,231584862
2024-08-14 13:28:16,17200.0,1000,Sell,231584861
2024-08-14 13:28:16,17200.0,200,Sell,231584860
2024-08-14 13:28:16,17200.0,100,Sell,231584859
2024-08-14 13:28:16,17200.0,100,Sell,231584858
2024-08-14 13:28:16,17200.0,100,Sell,231584857
2024-08-14 13:28:16,17200.0,1200,Sell,231584856
2024-08-14 13:28:16,17200.0,500,Sell,231584863
2024-08-14 13:28:20,17250.0,500,Buy,231584948
2024-08-14 13:28:46,17250.0,100,Buy,231585592
2024-08-14 13:28:49,17250.0,400,Buy,231585646
2024-08-14 13:28:51,17250.0,2000,Buy,231585726
2024-08-14 13:28:51,17250.0,200,Buy,231585710
2024-08-14 13:29:10,17250.0,300,Buy,231586134
2024-08-14 13:29:20,17250.0,500,Buy,231586363
2024-08-14 13:29:21,17250.0,500,Buy,231586406
2024-08-14 13:29:45,17250.0,1900,Buy,231587209
2024-08-14 13:30:23,17250.0,1900,Buy,231588176
2024-08-14 13:30:40,17250.0,5000,Buy,231588645
2024-08-14 13:30:40,17250.0,3400,Buy,231588646
2024-08-14 13:30:40,17250.0,1300,Buy,231588643
2024-08-14 13:30:40,17250.0,300,Buy,231588644
2024-08-14 13:30:59,17250.0,100,Buy,231589152
2024-08-14 13:31:00,17250.0,6500,Buy,231589172
2024-08-14 13:31:00,17250.0,500,Buy,231589173
2024-08-14 13:31:00,17250.0,100,Buy,231589174
2024-08-14 13:31:00,17250.0,2900,Buy,231589175
2024-08-14 13:32:17,17200.0,1000,Sell,231591097
2024-08-14 13:32:17,17200.0,500,Sell,231591098
2024-08-14 13:32:17,17200.0,3500,Sell,231591099
2024-08-14 13:32:24,17250.0,300,Buy,231591328
2024-08-14 13:32:24,17250.0,100,Buy,231591327
2024-08-14 13:34:46,17250.0,200,Buy,231595253
2024-08-14 13:34:46,17250.0,1800,Buy,231595254
2024-08-14 13:35:09,17250.0,200,Buy,231595755
2024-08-14 13:35:09,17250.0,200,Buy,231595756
2024-08-14 13:35:09,17250.0,500,Buy,231595757
2024-08-14 13:35:09,17250.0,600,Buy,231595758
2024-08-14 13:35:50,17250.0,100,Buy,231596989
2024-08-14 13:36:44,17250.0,900,Buy,231598834
2024-08-14 13:37:47,17250.0,1900,Buy,231600743
2024-08-14 13:38:31,17250.0,1500,Buy,231601872
2024-08-14 13:38:31,17250.0,1500,Buy,231601870
2024-08-14 13:38:31,17250.0,2000,Buy,231601871
2024-08-14 13:39:48,17200.0,1000,Sell,231603820
2024-08-14 13:39:58,17250.0,8500,Buy,231604056
2024-08-14 13:39:58,17250.0,1500,Buy,231604057
2024-08-14 13:40:29,17250.0,1000,Buy,231604741
2024-08-14 13:40:54,17250.0,2500,Buy,231605445
2024-08-14 13:40:54,17250.0,500,Buy,231605446
2024-08-14 13:41:47,17250.0,200,Buy,231606567
2024-08-14 13:42:04,17200.0,200,Sell,231607038
2024-08-14 13:42:24,17200.0,300,Sell,231607564
2024-08-14 13:42:24,17200.0,1700,Sell,231607565
2024-08-14 13:42:26,17200.0,100,Sell,231607637
2024-08-14 13:42:26,17200.0,100,Sell,231607638
2024-08-14 13:42:26,17200.0,500,Sell,231607639
2024-08-14 13:42:26,17200.0,200,Sell,231607642
2024-08-14 13:42:26,17200.0,5400,Sell,231607643
2024-08-14 13:42:26,17200.0,2000,Sell,231607644
2024-08-14 13:42:26,17200.0,100,Sell,231607649
2024-08-14 13:42:26,17200.0,4000,Sell,231607646
2024-08-14 13:42:26,17200.0,100,Sell,231607647
2024-08-14 13:42:26,17200.0,500,Sell,231607648
2024-08-14 13:42:26,17200.0,1000,Sell,231607636
2024-08-14 13:42:26,17200.0,200,Sell,231607652
2024-08-14 13:42:26,17200.0,1000,Sell,231607645
2024-08-14 13:42:26,17200.0,1000,Sell,231607635
2024-08-14 13:42:26,17200.0,200,Sell,231607654
2024-08-14 13:42:26,17200.0,100,Sell,231607633
2024-08-14 13:42:26,17200.0,300,Sell,231607634
2024-08-14 13:42:26,17200.0,100,Sell,231607619
2024-08-14 13:42:26,17200.0,2000,Sell,231607620
2024-08-14 13:42:26,17200.0,500,Sell,231607621
2024-08-14 13:42:26,17200.0,500,Sell,231607622
2024-08-14 13:42:26,17200.0,100,Sell,231607623
2024-08-14 13:42:26,17200.0,500,Sell,231607624
2024-08-14 13:42:26,17200.0,1000,Sell,231607653
2024-08-14 13:42:26,17200.0,100,Sell,231607626
2024-08-14 13:42:26,17200.0,100,Sell,231607631
2024-08-14 13:42:26,17200.0,500,Sell,231607625
2024-08-14 13:42:26,17200.0,200,Sell,231607630
2024-08-14 13:42:26,17200.0,1200,Sell,231607632
2024-08-14 13:42:26,17200.0,200,Sell,231607628
2024-08-14 13:42:26,17200.0,200,Sell,231607627
2024-08-14 13:42:26,17200.0,1000,Sell,231607629
2024-08-14 13:42:32,17200.0,100,Sell,231607755
2024-08-14 13:42:32,17200.0,1000,Sell,231607756
2024-08-14 13:42:32,17200.0,4500,Sell,231607758
2024-08-14 13:42:32,17200.0,100,Sell,231607757
2024-08-14 13:42:47,17200.0,500,Sell,231608093
2024-08-14 13:42:47,17200.0,500,Sell,231608094
2024-08-14 13:43:34,17200.0,500,Sell,231609154
2024-08-14 13:43:34,17200.0,300,Sell,231609155
2024-08-14 13:43:34,17200.0,100,Sell,231609156
2024-08-14 13:43:34,17200.0,100,Sell,231609157
2024-08-14 13:43:49,17200.0,500,Sell,231609550
2024-08-14 13:44:33,17200.0,1000,Sell,231610511
2024-08-14 13:44:40,17200.0,100,Sell,231610609
2024-08-14 13:44:48,17200.0,200,Sell,231610770
2024-08-14 13:44:49,17200.0,100,Sell,231610795
2024-08-14 13:45:12,17200.0,4000,Sell,231611315
2024-08-14 13:45:12,17200.0,2000,Sell,231611314
2024-08-14 13:45:12,17200.0,1000,Sell,231611313
2024-08-14 13:45:53,17200.0,2700,Sell,231612441
2024-08-14 13:45:54,17200.0,3000,Sell,231612510
2024-08-14 13:46:00,17200.0,1000,Sell,231612713
2024-08-14 13:46:42,17200.0,1200,Sell,231614277
2024-08-14 13:47:18,17200.0,200,Sell,231615690
2024-08-14 13:47:25,17200.0,2800,Sell,231616117
2024-08-14 13:47:25,17200.0,100,Sell,231616116
2024-08-14 13:47:25,17200.0,100,Sell,231616114
2024-08-14 13:47:25,17200.0,6800,Sell,231616113
2024-08-14 13:47:25,17200.0,200,Sell,231616115
2024-08-14 13:47:40,17200.0,5700,Sell,231616627
2024-08-14 13:47:40,17200.0,1000,Sell,231616628
2024-08-14 13:47:40,17200.0,100,Sell,231616629
2024-08-14 13:47:40,17200.0,10300,Sell,231616630
2024-08-14 13:47:40,17200.0,2900,Sell,231616626
2024-08-14 13:47:44,17200.0,50000,Sell,231616783
2024-08-14 13:47:44,17200.0,40000,Sell,231616801
2024-08-14 13:47:47,17200.0,3000,Sell,231616903
2024-08-14 13:47:50,17200.0,3000,Sell,231616979
2024-08-14 13:47:55,17200.0,300,Sell,231617168
2024-08-14 13:47:59,17200.0,1000,Sell,231617294
2024-08-14 13:48:00,17200.0,2000,Sell,231617371
2024-08-14 13:48:02,17200.0,500,Sell,231617484
2024-08-14 13:48:03,17200.0,89900,Sell,231617519
2024-08-14 13:48:03,17200.0,2000,Sell,231617540
2024-08-14 13:48:03,17200.0,1500,Sell,231617539
2024-08-14 13:48:03,17200.0,1000,Sell,231617529
2024-08-14 13:48:03,17200.0,100,Sell,231617528
2024-08-14 13:48:03,17200.0,100,Sell,231617527
2024-08-14 13:48:03,17200.0,100,Sell,231617530
2024-08-14 13:48:03,17200.0,200,Sell,231617525
2024-08-14 13:48:03,17200.0,400,Sell,231617524
2024-08-14 13:48:03,17200.0,3000,Sell,231617523
2024-08-14 13:48:03,17200.0,500,Sell,231617522
2024-08-14 13:48:03,17200.0,500,Sell,231617521
2024-08-14 13:48:03,17200.0,500,Sell,231617520
2024-08-14 13:48:03,17200.0,200,Sell,231617526
2024-08-14 13:48:05,17200.0,100,Sell,231617602
2024-08-14 13:48:12,17200.0,500,Sell,231617884
2024-08-14 13:48:12,17200.0,100,Sell,231617890
2024-08-14 13:48:12,17200.0,100,Sell,231617889
2024-08-14 13:48:12,17200.0,1000,Sell,231617888
2024-08-14 13:48:12,17200.0,1000,Sell,231617887
2024-08-14 13:48:12,17200.0,200,Sell,231617886
2024-08-14 13:48:12,17200.0,100,Sell,231617885
2024-08-14 13:48:12,17200.0,200,Sell,231617883
2024-08-14 13:48:12,17200.0,100,Sell,231617880
2024-08-14 13:48:12,17200.0,900,Sell,231617881
2024-08-14 13:48:12,17200.0,1000,Sell,231617874
2024-08-14 13:48:12,17200.0,9000,Sell,231617879
2024-08-14 13:48:12,17200.0,100,Sell,231617878
2024-08-14 13:48:12,17200.0,200,Sell,231617877
2024-08-14 13:48:12,17200.0,2000,Sell,231617876
2024-08-14 13:48:12,17200.0,100,Sell,231617875
2024-08-14 13:48:12,17200.0,1900,Sell,231617882
2024-08-14 13:48:23,17200.0,1500,Buy,231618201
2024-08-14 13:48:23,17200.0,5000,Buy,231618202
2024-08-14 13:48:31,17200.0,1000,Sell,231618369
2024-08-14 13:48:39,17200.0,700,Sell,231618565
2024-08-14 13:48:40,17200.0,400,Sell,231618573
2024-08-14 13:48:40,17200.0,2600,Sell,231618574
2024-08-14 13:48:54,17200.0,1700,Sell,231618953
2024-08-14 13:48:58,17200.0,1200,Sell,231619045
2024-08-14 13:49:08,17200.0,1000,Sell,231619307
2024-08-14 13:49:08,17200.0,1000,Sell,231619308
2024-08-14 13:49:08,17200.0,2100,Sell,231619306
2024-08-14 13:49:08,17200.0,200,Sell,231619302
2024-08-14 13:49:08,17200.0,100,Sell,231619304
2024-08-14 13:49:08,17200.0,100,Sell,231619305
2024-08-14 13:49:08,17200.0,500,Sell,231619303
2024-08-14 13:49:14,17200.0,5000,Sell,231619463
2024-08-14 13:49:35,17200.0,4000,Sell,231620085
2024-08-14 13:50:03,17200.0,2500,Sell,231620902
2024-08-14 13:50:03,17200.0,700,Sell,231620903
2024-08-14 13:50:03,17200.0,900,Sell,231620904
2024-08-14 13:50:31,17200.0,1200,Sell,231621462
2024-08-14 13:51:22,17200.0,3000,Sell,231622691
2024-08-14 13:51:22,17200.0,3000,Sell,231622692
2024-08-14 13:51:22,17200.0,1100,Sell,231622693
2024-08-14 13:51:22,17200.0,2900,Sell,231622690
2024-08-14 13:51:30,17200.0,100,Sell,231622928
2024-08-14 13:51:32,17200.0,100,Sell,231622974
2024-08-14 13:51:32,17200.0,800,Sell,231622971
2024-08-14 13:51:32,17200.0,2000,Sell,231622972
2024-08-14 13:51:32,17200.0,1900,Sell,231622973
2024-08-14 13:51:41,17200.0,900,Buy,231623259
2024-08-14 13:51:45,17200.0,4300,Buy,231623334
2024-08-14 13:52:35,17200.0,200,Sell,231624805
2024-08-14 13:52:50,17250.0,1000,Buy,231625154
2024-08-14 13:53:12,17250.0,3000,Buy,231625692
2024-08-14 13:53:12,17250.0,1000,Buy,231625693
2024-08-14 13:53:12,17250.0,4200,Buy,231625694
2024-08-14 13:53:12,17250.0,1800,Buy,231625695
2024-08-14 13:53:14,17250.0,100,Buy,231625725
2024-08-14 13:53:27,17250.0,3900,Buy,231626020
2024-08-14 13:53:55,17250.0,1100,Buy,231626796
2024-08-14 13:54:22,17200.0,100,Sell,231627552
2024-08-14 13:54:30,17200.0,200,Sell,231627697
2024-08-14 13:55:27,17200.0,100,Sell,231629175
2024-08-14 13:55:45,17200.0,1700,Sell,231629629
2024-08-14 13:56:01,17200.0,100,Sell,231630053
2024-08-14 13:56:25,17250.0,1200,Buy,231630785
2024-08-14 13:56:25,17250.0,100,Buy,231630784
2024-08-14 13:56:25,17250.0,100,Buy,231630781
2024-08-14 13:56:25,17250.0,300,Buy,231630782
2024-08-14 13:56:25,17250.0,200,Buy,231630783
2024-08-14 13:56:25,17250.0,3100,Buy,231630780
2024-08-14 13:56:37,17250.0,3800,Buy,231631082
2024-08-14 13:56:37,17250.0,500,Buy,231631083
2024-08-14 13:56:37,17250.0,700,Buy,231631084
2024-08-14 13:56:44,17250.0,700,Buy,231631272
2024-08-14 13:56:44,17250.0,1000,Buy,231631281
2024-08-14 13:56:59,17250.0,4000,Buy,231631678
2024-08-14 13:56:59,17250.0,600,Buy,231631676
2024-08-14 13:56:59,17250.0,400,Buy,231631677
2024-08-14 13:57:01,17250.0,1000,Buy,231631728
2024-08-14 13:57:29,17250.0,200,Buy,231632400
2024-08-14 13:57:43,17250.0,4800,Buy,231632731
2024-08-14 13:57:43,17250.0,100,Buy,231632732
2024-08-14 13:57:43,17250.0,500,Buy,231632733
2024-08-14 13:57:55,17250.0,1000,Buy,231633013
2024-08-14 13:58:06,17250.0,500,Buy,231633440
2024-08-14 13:58:17,17250.0,100,Buy,231633736
2024-08-14 13:58:21,17250.0,900,Buy,231633891
2024-08-14 13:58:44,17200.0,200,Sell,231634383
2024-08-14 13:58:45,17250.0,6700,Buy,231634393
2024-08-14 13:58:45,17250.0,2000,Buy,231634392
2024-08-14 13:58:45,17250.0,1600,Buy,231634400
2024-08-14 13:58:45,17250.0,200,Buy,231634399
2024-08-14 13:58:45,17250.0,1000,Buy,231634398
2024-08-14 13:58:45,17250.0,400,Buy,231634401
2024-08-14 13:58:45,17250.0,600,Buy,231634396
2024-08-14 13:58:45,17250.0,5000,Buy,231634395
2024-08-14 13:58:45,17250.0,1500,Buy,231634394
2024-08-14 13:58:45,17250.0,1000,Buy,231634397
2024-08-14 13:59:12,17250.0,2500,Buy,231634978
2024-08-14 13:59:12,17250.0,300,Buy,231634977
2024-08-14 13:59:12,17250.0,200,Buy,231634976
2024-08-14 13:59:12,17250.0,1500,Buy,231634975
2024-08-14 13:59:12,17250.0,5200,Buy,231634974
2024-08-14 13:59:12,17250.0,200,Buy,231634971
2024-08-14 13:59:12,17250.0,3900,Buy,231634972
2024-08-14 13:59:12,17250.0,5000,Buy,231634970
2024-08-14 13:59:12,17250.0,2000,Buy,231634973
2024-08-14 13:59:12,17250.0,200,Buy,231634968
2024-08-14 13:59:12,17250.0,900,Buy,231634967
2024-08-14 13:59:12,17250.0,5000,Buy,231634966
2024-08-14 13:59:12,17250.0,100,Buy,231634965
2024-08-14 13:59:12,17250.0,9000,Buy,231634964
2024-08-14 13:59:12,17250.0,100,Buy,231634963
2024-08-14 13:59:12,17250.0,100,Buy,231634962
2024-08-14 13:59:12,17250.0,200,Buy,231634961
2024-08-14 13:59:12,17250.0,1400,Buy,231634960
2024-08-14 13:59:12,17250.0,6600,Buy,231634969
2024-08-14 13:59:13,17250.0,2900,Sell,231635010
2024-08-14 13:59:34,17250.0,100,Sell,231635400
2024-08-14 14:00:39,17250.0,4000,Sell,231636548
2024-08-14 14:00:39,17250.0,6000,Sell,231636549
2024-08-14 14:00:41,17300.0,500,Buy,231636625
2024-08-14 14:00:41,17300.0,5000,Buy,231636622
2024-08-14 14:00:41,17300.0,100,Buy,231636623
2024-08-14 14:00:41,17300.0,100,Buy,231636624
2024-08-14 14:01:09,17300.0,1000,Buy,231637241
2024-08-14 14:01:11,17300.0,5700,Buy,231637322
2024-08-14 14:01:15,17300.0,300,Buy,231637423
2024-08-14 14:01:16,17300.0,600,Buy,231637467
2024-08-14 14:01:24,17250.0,5000,Sell,231637629
2024-08-14 14:02:20,17250.0,1000,Sell,231638779
2024-08-14 14:02:23,17250.0,5700,Sell,231638843
2024-08-14 14:02:23,17250.0,100,Sell,231638844
2024-08-14 14:02:23,17250.0,800,Sell,231638842
2024-08-14 14:02:23,17250.0,4200,Sell,231638834
2024-08-14 14:02:23,17250.0,200,Sell,231638840
2024-08-14 14:02:23,17250.0,1200,Sell,231638839
2024-08-14 14:02:23,17250.0,800,Sell,231638838
2024-08-14 14:02:23,17250.0,300,Sell,231638841
2024-08-14 14:02:25,17250.0,100,Buy,231638859
2024-08-14 14:02:32,17250.0,5700,Buy,231639024
2024-08-14 14:03:05,17250.0,5700,Buy,231639805
2024-08-14 14:03:12,17200.0,100,Sell,231639945
2024-08-14 14:03:16,17250.0,3600,Buy,231640045
2024-08-14 14:03:16,17250.0,5000,Buy,231640054
2024-08-14 14:03:23,17250.0,1000,Buy,231640272
2024-08-14 14:03:34,17250.0,200,Buy,231640538
2024-08-14 14:03:39,17250.0,900,Buy,231640619
2024-08-14 14:03:39,17250.0,100,Buy,231640620
2024-08-14 14:03:39,17250.0,1000,Buy,231640621
2024-08-14 14:03:43,17250.0,7000,Buy,231640696
2024-08-14 14:03:43,17250.0,500,Buy,231640697
2024-08-14 14:03:51,17250.0,1000,Sell,231640901
2024-08-14 14:04:01,17300.0,100,Buy,231641100
2024-08-14 14:04:01,17300.0,300,Buy,231641098
2024-08-14 14:04:01,17300.0,200,Buy,231641099
2024-08-14 14:04:01,17300.0,1900,Buy,231641097
2024-08-14 14:04:18,17300.0,4800,Buy,231641483
2024-08-14 14:04:18,17300.0,900,Buy,231641482
2024-08-14 14:04:33,17250.0,1000,Sell,231641789
2024-08-14 14:05:22,17250.0,500,Sell,231642812
2024-08-14 14:05:22,17250.0,1000,Sell,231642813
2024-08-14 14:05:22,17250.0,500,Sell,231642814
2024-08-14 14:05:37,17250.0,300,Sell,231643130
2024-08-14 14:05:37,17250.0,1700,Sell,231643131
2024-08-14 14:05:45,17250.0,7200,Sell,231643304
2024-08-14 14:05:45,17250.0,1000,Sell,231643302
2024-08-14 14:05:45,17250.0,4100,Sell,231643303
2024-08-14 14:06:20,17250.0,300,Sell,231643997
2024-08-14 14:06:25,17250.0,2500,Sell,231644109
2024-08-14 14:06:25,17250.0,500,Sell,231644110
2024-08-14 14:06:25,17250.0,4000,Sell,231644111
2024-08-14 14:06:45,17250.0,500,Sell,231644543
2024-08-14 14:06:50,17250.0,1900,Sell,231644610
2024-08-14 14:06:51,17250.0,3000,Sell,231644670
2024-08-14 14:06:52,17250.0,2000,Sell,231644683
2024-08-14 14:07:06,17250.0,5000,Sell,231645065
2024-08-14 14:07:09,17250.0,4100,Sell,231645115
2024-08-14 14:07:13,17250.0,100,Sell,231645190
2024-08-14 14:07:13,17250.0,500,Sell,231645189
2024-08-14 14:07:44,17200.0,3000,Sell,231646013
2024-08-14 14:07:44,17200.0,600,Sell,231646014
2024-08-14 14:07:52,17200.0,400,Sell,231646171
2024-08-14 14:07:52,17200.0,2100,Sell,231646172
2024-08-14 14:07:55,17250.0,100,Buy,231646245
2024-08-14 14:08:18,17250.0,1000,Buy,231646763
2024-08-14 14:08:46,17250.0,1000,Buy,231647338
2024-08-14 14:09:11,17250.0,100,Buy,231647956
2024-08-14 14:09:14,17250.0,400,Buy,231648015
2024-08-14 14:09:43,17250.0,3000,Buy,231648646
2024-08-14 14:11:31,17250.0,1000,Buy,231651447
2024-08-14 14:12:21,17200.0,2500,Sell,231652998
2024-08-14 14:12:55,17200.0,5000,Sell,231654246
2024-08-14 14:13:28,17200.0,100,Sell,231655606
2024-08-14 14:13:33,17200.0,2000,Sell,231655770
2024-08-14 14:13:44,17200.0,500,Sell,231656117
2024-08-14 14:13:45,17200.0,100,Sell,231656159
2024-08-14 14:13:57,17200.0,1000,Sell,231656630
2024-08-14 14:14:03,17200.0,200,Sell,231656903
2024-08-14 14:14:03,17200.0,30000,Sell,231656921
2024-08-14 14:14:13,17200.0,5000,Sell,231657264
2024-08-14 14:14:19,17200.0,9000,Sell,231657432
2024-08-14 14:14:23,17200.0,1000,Sell,231657591
2024-08-14 14:14:48,17200.0,2000,Sell,231658433
2024-08-14 14:14:52,17200.0,200,Sell,231658557
2024-08-14 14:15:01,17200.0,6200,Sell,231658907
2024-08-14 14:15:03,17200.0,1000,Sell,231658962
2024-08-14 14:15:14,17200.0,32100,Sell,231659389
2024-08-14 14:15:14,17200.0,5000,Sell,231659391
2024-08-14 14:15:14,17200.0,200,Sell,231659392
2024-08-14 14:15:14,17200.0,200,Sell,231659393
2024-08-14 14:15:14,17200.0,5000,Sell,231659394
2024-08-14 14:15:14,17200.0,2000,Sell,231659395
2024-08-14 14:15:14,17200.0,4500,Sell,231659396
2024-08-14 14:15:14,17200.0,1000,Sell,231659390
2024-08-14 14:15:20,17200.0,400,Sell,231659637
2024-08-14 14:15:24,17200.0,300,Sell,231659722
2024-08-14 14:15:26,17200.0,10000,Sell,231659800
2024-08-14 14:15:30,17200.0,50000,Sell,231659912
2024-08-14 14:15:48,17200.0,1000,Sell,231660636
2024-08-14 14:16:21,17250.0,1900,Buy,231661665
2024-08-14 14:16:22,17250.0,900,Buy,231661698
2024-08-14 14:16:22,17250.0,1000,Buy,231661699
2024-08-14 14:16:22,17200.0,3800,Sell,231661703
2024-08-14 14:16:22,17200.0,10000,Sell,231661704
2024-08-14 14:16:22,17200.0,500,Sell,231661705
2024-08-14 14:16:22,17200.0,100,Sell,231661706
2024-08-14 14:16:22,17200.0,100,Sell,231661707
2024-08-14 14:16:22,17200.0,900,Sell,231661708
2024-08-14 14:16:27,17200.0,100,Sell,231661897
2024-08-14 14:16:27,17200.0,2000,Sell,231661899
2024-08-14 14:16:27,17200.0,500,Sell,231661898
2024-08-14 14:16:27,17200.0,200,Sell,231661900
2024-08-14 14:16:27,17200.0,2000,Sell,231661896
2024-08-14 14:16:27,17200.0,400,Sell,231661902
2024-08-14 14:16:27,17200.0,500,Sell,231661903
2024-08-14 14:16:27,17200.0,500,Sell,231661904
2024-08-14 14:16:27,17200.0,30000,Sell,231661905
2024-08-14 14:16:27,17200.0,100,Sell,231661901
2024-08-14 14:16:27,17200.0,300,Sell,231661895
2024-08-14 14:16:27,17200.0,200,Sell,231661883
2024-08-14 14:16:27,17200.0,300,Sell,231661893
2024-08-14 14:16:27,17200.0,100,Sell,231661882
2024-08-14 14:16:27,17200.0,500,Sell,231661884
2024-08-14 14:16:27,17200.0,100,Sell,231661885
2024-08-14 14:16:27,17200.0,1000,Sell,231661886
2024-08-14 14:16:27,17200.0,100,Sell,231661887
2024-08-14 14:16:27,17200.0,2000,Sell,231661894
2024-08-14 14:16:27,17200.0,1500,Sell,231661889
2024-08-14 14:16:27,17200.0,2000,Sell,231661890
2024-08-14 14:16:27,17200.0,500,Sell,231661891
2024-08-14 14:16:27,17200.0,10000,Sell,231661892
2024-08-14 14:16:27,17200.0,1000,Sell,231661888
2024-08-14 14:16:32,17200.0,10000,Sell,231662081
2024-08-14 14:16:35,17200.0,5000,Sell,231662229
2024-08-14 14:16:40,17200.0,2000,Sell,231662349
2024-08-14 14:16:49,17250.0,1500,Buy,231662646
2024-08-14 14:16:49,17250.0,400,Buy,231662647
2024-08-14 14:16:50,17200.0,100,Sell,231662670
2024-08-14 14:17:08,17200.0,2500,Sell,231663239
2024-08-14 14:17:33,17250.0,1900,Buy,231664042
2024-08-14 14:17:39,17200.0,1500,Sell,231664260
2024-08-14 14:18:02,17200.0,3000,Sell,231664916
2024-08-14 14:18:38,17200.0,1000,Sell,231666069
2024-08-14 14:18:40,17200.0,1300,Sell,231666113
2024-08-14 14:19:01,17250.0,1900,Buy,231666689
2024-08-14 14:19:06,17200.0,1000,Sell,231666844
2024-08-14 14:19:09,17200.0,300,Sell,231666910
2024-08-14 14:19:20,17250.0,100,Buy,231667196
2024-08-14 14:19:31,17250.0,700,Buy,231667476
2024-08-14 14:19:31,17250.0,1000,Buy,231667477
2024-08-14 14:19:31,17250.0,100,Buy,231667478
2024-08-14 14:19:31,17250.0,100,Buy,231667479
2024-08-14 14:20:01,17250.0,1900,Buy,231668265
2024-08-14 14:20:14,17250.0,600,Buy,231668705
2024-08-14 14:20:15,17250.0,500,Buy,231668711
2024-08-14 14:20:19,17200.0,5000,Sell,231668818
2024-08-14 14:20:38,17250.0,500,Buy,231669479
2024-08-14 14:20:38,17250.0,1400,Buy,231669480
2024-08-14 14:20:50,17200.0,5000,Sell,231669988
2024-08-14 14:21:48,17200.0,1300,Sell,231671485
2024-08-14 14:21:54,17250.0,100,Buy,231671672
2024-08-14 14:23:12,17200.0,200,Sell,231673758
2024-08-14 14:23:28,17250.0,1900,Buy,231674081
2024-08-14 14:24:15,17250.0,600,Buy,231675334
2024-08-14 14:24:15,17250.0,1300,Buy,231675335
2024-08-14 14:24:16,17250.0,1000,Buy,231675357
2024-08-14 14:24:22,17250.0,100,Buy,231675533
2024-08-14 14:24:44,17250.0,1000,Buy,231676150
2024-08-14 14:24:51,17250.0,100,Buy,231676319
2024-08-14 14:24:56,17200.0,300,Sell,231676481
2024-08-14 14:25:20,17250.0,2700,Buy,231677201
2024-08-14 14:25:20,17250.0,2300,Buy,231677202
2024-08-14 14:25:31,17250.0,1800,Buy,231677581
2024-08-14 14:25:31,17250.0,3900,Buy,231677580
2024-08-14 14:25:38,17250.0,2300,Buy,231677815
2024-08-14 14:25:48,17250.0,100,Buy,231678184
2024-08-14 14:25:49,17250.0,2000,Buy,231678287
2024-08-14 14:25:49,17250.0,200,Buy,231678288
2024-08-14 14:25:49,17250.0,1500,Buy,231678289
2024-08-14 14:25:49,17250.0,1000,Buy,231678290
2024-08-14 14:25:49,17250.0,1000,Buy,231678291
2024-08-14 14:25:59,17200.0,2800,Sell,231678690
2024-08-14 14:26:00,17200.0,6000,Sell,231678735
2024-08-14 14:26:05,17250.0,5700,Buy,231678956
2024-08-14 14:26:07,17200.0,48900,Sell,231679068
2024-08-14 14:26:07,17200.0,100,Sell,231679053
2024-08-14 14:26:07,17200.0,1000,Sell,231679054
2024-08-14 14:26:07,17200.0,500,Sell,231679055
2024-08-14 14:26:07,17200.0,100,Sell,231679056
2024-08-14 14:26:07,17200.0,10000,Sell,231679052
2024-08-14 14:26:07,17200.0,2900,Sell,231679057
2024-08-14 14:26:07,17200.0,500,Sell,231679058
2024-08-14 14:26:07,17200.0,100,Sell,231679059
2024-08-14 14:26:07,17200.0,100,Sell,231679061
2024-08-14 14:26:07,17200.0,5000,Sell,231679062
2024-08-14 14:26:07,17200.0,1000,Sell,231679063
2024-08-14 14:26:07,17200.0,2000,Sell,231679064
2024-08-14 14:26:07,17200.0,1000,Sell,231679065
2024-08-14 14:26:07,17200.0,1000,Sell,231679066
2024-08-14 14:26:07,17200.0,1000,Sell,231679067
2024-08-14 14:26:07,17200.0,200,Sell,231679060
2024-08-14 14:26:07,17200.0,2000,Sell,231679051
2024-08-14 14:26:07,17200.0,1000,Sell,231679041
2024-08-14 14:26:07,17200.0,1000,Sell,231679049
2024-08-14 14:26:07,17200.0,1000,Sell,231679050
2024-08-14 14:26:07,17200.0,1000,Sell,231679030
2024-08-14 14:26:07,17200.0,100,Sell,231679031
2024-08-14 14:26:07,17200.0,1000,Sell,231679032
2024-08-14 14:26:07,17200.0,100,Sell,231679033
2024-08-14 14:26:07,17200.0,200,Sell,231679034
2024-08-14 14:26:07,17200.0,200,Sell,231679035
2024-08-14 14:26:07,17200.0,100,Sell,231679036
2024-08-14 14:26:07,17200.0,21700,Sell,231679029
2024-08-14 14:26:07,17200.0,1000,Sell,231679038
2024-08-14 14:26:07,17200.0,700,Sell,231679039
2024-08-14 14:26:07,17200.0,100,Sell,231679040
2024-08-14 14:26:07,17200.0,5000,Sell,231679044
2024-08-14 14:26:07,17200.0,2000,Sell,231679045
2024-08-14 14:26:07,17200.0,300,Sell,231679046
2024-08-14 14:26:07,17200.0,5000,Sell,231679047
2024-08-14 14:26:07,17200.0,100,Sell,231679048
2024-08-14 14:26:07,17200.0,1000,Sell,231679037
2024-08-14 14:26:11,17250.0,300,Buy,231679214
2024-08-14 14:26:20,17250.0,5700,Buy,231679642
2024-08-14 14:26:25,17250.0,200,Buy,231679764
2024-08-14 14:26:36,17250.0,2400,Buy,231680207
2024-08-14 14:26:36,17250.0,800,Buy,231680205
2024-08-14 14:26:36,17250.0,2100,Buy,231680204
2024-08-14 14:26:36,17250.0,400,Buy,231680206
2024-08-14 14:26:43,17200.0,500,Sell,231680502
2024-08-14 14:26:45,17200.0,500,Sell,231680556
2024-08-14 14:26:51,17250.0,500,Buy,231680849
2024-08-14 14:26:51,17250.0,2000,Buy,231680850
2024-08-14 14:26:51,17250.0,500,Buy,231680851
2024-08-14 14:26:51,17250.0,500,Buy,231680852
2024-08-14 14:26:51,17250.0,200,Buy,231680853
2024-08-14 14:26:51,17250.0,2000,Buy,231680854
2024-08-14 14:27:11,17250.0,3800,Buy,231681656
2024-08-14 14:27:11,17250.0,1000,Buy,231681653
2024-08-14 14:27:11,17250.0,700,Buy,231681654
2024-08-14 14:27:11,17250.0,200,Buy,231681655
2024-08-14 14:27:16,17250.0,100,Buy,231681890
2024-08-14 14:27:19,17250.0,100,Buy,231682073
2024-08-14 14:27:26,17250.0,1000,Buy,231682356
2024-08-14 14:27:27,17250.0,5000,Buy,231682422
2024-08-14 14:27:27,17250.0,700,Buy,231682423
2024-08-14 14:27:32,17250.0,600,Buy,231682694
2024-08-14 14:27:34,17250.0,200,Buy,231682750
2024-08-14 14:27:36,17250.0,300,Buy,231682842
2024-08-14 14:27:56,17250.0,500,Buy,231683639
2024-08-14 14:27:56,17250.0,1800,Buy,231683638
2024-08-14 14:27:56,17250.0,1800,Buy,231683640
2024-08-14 14:27:56,17250.0,500,Buy,231683636
2024-08-14 14:27:56,17250.0,300,Buy,231683635
2024-08-14 14:27:56,17250.0,100,Buy,231683634
2024-08-14 14:27:56,17250.0,700,Buy,231683637
2024-08-14 14:28:20,17250.0,500,Buy,231684533
2024-08-14 14:28:48,17250.0,400,Buy,231685410
2024-08-14 14:28:55,17200.0,200,Sell,231685788
2024-08-14 14:28:55,17200.0,200,Sell,231685786
2024-08-14 14:28:55,17200.0,1000,Sell,231685787
2024-08-14 14:28:55,17200.0,100,Sell,231685784
2024-08-14 14:28:55,17200.0,100,Sell,231685783
2024-08-14 14:28:55,17200.0,300,Sell,231685785
2024-08-14 14:29:08,17250.0,2000,Buy,231686365
2024-08-14 14:29:19,17250.0,200,Buy,231686758
2024-08-14 14:29:28,17250.0,15000,Buy,231687086
2024-08-14 14:29:32,17250.0,1000,Buy,231687239
2024-08-14 14:29:33,17250.0,2000,Buy,231687319
2024-08-14 14:29:36,17200.0,1000,Sell,231687463
2024-08-14 14:44:38,17200.0,136300,ATO/ATC,231688236
