time,price,volume,match_type,id
2024-08-29 09:14:58,17750.0,53400,ATO/ATC,235599628
2024-08-29 09:16:53,17800.0,2000,Buy,235601513
2024-08-29 09:18:17,17800.0,300,Buy,235603097
2024-08-29 09:18:17,17800.0,5800,Buy,235603101
2024-08-29 09:18:17,17800.0,23700,Buy,235603100
2024-08-29 09:18:17,17800.0,100,Buy,235603096
2024-08-29 09:18:17,17800.0,100,Buy,235603098
2024-08-29 09:18:17,17800.0,20000,Buy,235603099
2024-08-29 09:18:26,17800.0,100,Buy,235603282
2024-08-29 09:18:27,17800.0,400,Buy,235603321
2024-08-29 09:18:40,17750.0,200,Sell,235603566
2024-08-29 09:18:46,17800.0,100,Buy,235603688
2024-08-29 09:18:48,17800.0,200,Buy,235603702
2024-08-29 09:18:48,17800.0,100,Buy,235603703
2024-08-29 09:18:48,17800.0,500,Buy,235603704
2024-08-29 09:18:48,17800.0,500,Buy,235603705
2024-08-29 09:18:48,17800.0,1000,Buy,235603706
2024-08-29 09:18:48,17800.0,4100,Buy,235603707
2024-08-29 09:18:48,17800.0,3600,Buy,235603701
2024-08-29 09:18:48,17800.0,2000,Buy,235603714
2024-08-29 09:18:49,17800.0,1000,Buy,235603727
2024-08-29 09:18:51,17800.0,3000,Buy,235603767
2024-08-29 09:18:58,17800.0,2300,Buy,235603883
2024-08-29 09:18:58,17800.0,1700,Buy,235603884
2024-08-29 09:19:00,17800.0,200,Buy,235603911
2024-08-29 09:19:01,17800.0,1000,Buy,235603973
2024-08-29 09:19:04,17800.0,1000,Buy,235604040
2024-08-29 09:19:05,17800.0,1000,Buy,235604062
2024-08-29 09:19:05,17800.0,5000,Buy,235604054
2024-08-29 09:19:10,17800.0,3300,Buy,235604216
2024-08-29 09:19:10,17800.0,6700,Buy,235604217
2024-08-29 09:19:11,17800.0,3000,Buy,235604228
2024-08-29 09:19:13,17800.0,1200,Buy,235604259
2024-08-29 09:19:13,17800.0,1000,Buy,235604260
2024-08-29 09:19:14,17750.0,100,Sell,235604271
2024-08-29 09:19:14,17800.0,600,Buy,235604285
2024-08-29 09:19:14,17800.0,3000,Buy,235604288
2024-08-29 09:19:22,17800.0,300,Sell,235604441
2024-08-29 09:19:23,17800.0,500,Sell,235604478
2024-08-29 09:19:23,17800.0,6700,Sell,235604477
2024-08-29 09:19:29,17800.0,500,Buy,235604607
2024-08-29 09:19:31,17800.0,1000,Buy,235604643
2024-08-29 09:19:34,17800.0,1000,Buy,235604699
2024-08-29 09:19:35,17800.0,1000,Buy,235604728
2024-08-29 09:19:36,17800.0,1000,Buy,235604731
2024-08-29 09:19:40,17800.0,1900,Buy,235604855
2024-08-29 09:19:55,17800.0,18900,Buy,235605241
2024-08-29 09:19:55,17800.0,1100,Buy,235605242
2024-08-29 09:20:02,17800.0,41300,Buy,235605386
2024-08-29 09:20:02,17800.0,8700,Buy,235605385
2024-08-29 09:20:05,17800.0,8700,Buy,235605452
2024-08-29 09:20:05,17800.0,20900,Sell,235605469
2024-08-29 09:20:07,17800.0,100,Sell,235605562
2024-08-29 09:20:19,17850.0,100,Buy,235605795
2024-08-29 09:20:19,17850.0,400,Buy,235605796
2024-08-29 09:20:30,17800.0,200,Sell,235606056
2024-08-29 09:20:30,17800.0,9400,Sell,235606057
2024-08-29 09:20:30,17800.0,400,Sell,235606054
2024-08-29 09:20:30,17800.0,300,Sell,235606053
2024-08-29 09:20:30,17800.0,1000,Sell,235606055
2024-08-29 09:20:53,17800.0,1000,Sell,235606543
2024-08-29 09:20:55,17800.0,9600,Sell,235606596
2024-08-29 09:20:55,17800.0,2600,Sell,235606597
2024-08-29 09:20:55,17800.0,2000,Sell,235606598
2024-08-29 09:20:55,17800.0,5000,Sell,235606599
2024-08-29 09:20:55,17800.0,100,Sell,235606600
2024-08-29 09:20:55,17800.0,600,Sell,235606601
2024-08-29 09:20:55,17800.0,3000,Sell,235606602
2024-08-29 09:21:00,17800.0,100,Buy,235606687
2024-08-29 09:21:04,17800.0,16200,Buy,235606798
2024-08-29 09:21:04,17800.0,9500,Buy,235606797
2024-08-29 09:21:09,17800.0,2000,Sell,235606845
2024-08-29 09:21:15,17800.0,1300,Sell,235606980
2024-08-29 09:21:15,17800.0,8700,Sell,235606981
2024-08-29 09:21:25,17800.0,15400,Sell,235607152
2024-08-29 09:21:46,17800.0,900,Sell,235607632
2024-08-29 09:21:46,17800.0,2000,Sell,235607633
2024-08-29 09:21:46,17800.0,5000,Sell,235607634
2024-08-29 09:21:46,17800.0,2400,Sell,235607635
2024-08-29 09:21:52,17800.0,1000,Sell,235607751
2024-08-29 09:22:14,17800.0,4000,Sell,235608307
2024-08-29 09:22:29,17800.0,600,Sell,235608620
2024-08-29 09:22:29,17800.0,7800,Sell,235608632
2024-08-29 09:22:29,17800.0,5100,Sell,235608619
2024-08-29 09:22:36,17800.0,1600,Sell,235608796
2024-08-29 09:22:36,17800.0,500,Sell,235608797
2024-08-29 09:22:36,17800.0,900,Sell,235608798
2024-08-29 09:22:50,17800.0,5700,Sell,235609054
2024-08-29 09:22:58,17800.0,900,Sell,235609364
2024-08-29 09:23:15,17800.0,2600,Sell,235609800
2024-08-29 09:23:15,17800.0,500,Sell,235609798
2024-08-29 09:23:15,17800.0,100,Sell,235609799
2024-08-29 09:23:15,17800.0,2500,Sell,235609797
2024-08-29 09:23:43,17800.0,1600,Sell,235610449
2024-08-29 09:23:43,17800.0,400,Sell,235610448
2024-08-29 09:23:58,17850.0,2000,Buy,235610848
2024-08-29 09:24:07,17850.0,100,Buy,235611139
2024-08-29 09:24:10,17850.0,500,Buy,235611249
2024-08-29 09:24:10,17850.0,1000,Buy,235611248
2024-08-29 09:24:10,17850.0,1500,Buy,235611250
2024-08-29 09:24:10,17850.0,500,Buy,235611246
2024-08-29 09:24:10,17850.0,500,Buy,235611245
2024-08-29 09:24:10,17850.0,1000,Buy,235611247
2024-08-29 09:24:21,17850.0,100,Buy,235611629
2024-08-29 09:24:28,17850.0,11600,Buy,235611828
2024-08-29 09:24:28,17850.0,3400,Buy,235611821
2024-08-29 09:24:28,17850.0,1000,Buy,235611822
2024-08-29 09:24:28,17850.0,1000,Buy,235611823
2024-08-29 09:24:28,17850.0,1000,Buy,235611824
2024-08-29 09:24:28,17850.0,1000,Buy,235611825
2024-08-29 09:24:28,17850.0,10000,Buy,235611826
2024-08-29 09:24:28,17850.0,1000,Buy,235611827
2024-08-29 09:24:29,17850.0,1000,Buy,235611921
2024-08-29 09:24:30,17850.0,5000,Buy,235611937
2024-08-29 09:24:32,17850.0,400,Buy,235611977
2024-08-29 09:24:32,17850.0,1300,Buy,235611978
2024-08-29 09:24:33,17850.0,100,Buy,235612015
2024-08-29 09:24:36,17850.0,3600,Buy,235612097
2024-08-29 09:24:36,17850.0,1900,Buy,235612098
2024-08-29 09:24:36,17850.0,1900,Buy,235612099
2024-08-29 09:24:36,17850.0,1900,Buy,235612100
2024-08-29 09:24:36,17850.0,5000,Buy,235612101
2024-08-29 09:24:36,17850.0,2700,Buy,235612102
2024-08-29 09:24:42,17850.0,5700,Buy,235612269
2024-08-29 09:24:42,17850.0,1000,Buy,235612266
2024-08-29 09:24:42,17850.0,2000,Buy,235612267
2024-08-29 09:24:42,17850.0,1900,Buy,235612268
2024-08-29 09:24:49,17850.0,10400,Sell,235612515
2024-08-29 09:24:49,17850.0,2000,Sell,235612516
2024-08-29 09:24:56,17850.0,100,Buy,235612706
2024-08-29 09:25:00,17850.0,500,Buy,235612859
2024-08-29 09:25:04,17850.0,1000,Buy,235613116
2024-08-29 09:25:06,17850.0,4000,Buy,235613159
2024-08-29 09:25:07,17850.0,500,Buy,235613175
2024-08-29 09:25:08,17850.0,500,Buy,235613207
2024-08-29 09:25:09,17850.0,1100,Buy,235613212
2024-08-29 09:25:09,17850.0,700,Buy,235613213
2024-08-29 09:25:10,17850.0,5000,Buy,235613243
2024-08-29 09:25:10,17850.0,5000,Buy,235613244
2024-08-29 09:25:12,17850.0,100,Buy,235613287
2024-08-29 09:25:12,17850.0,4900,Buy,235613288
2024-08-29 09:25:15,17850.0,800,Buy,235613342
2024-08-29 09:25:15,17850.0,3200,Buy,235613343
2024-08-29 09:25:15,17850.0,300,Buy,235613345
2024-08-29 09:25:16,17850.0,5000,Buy,235613398
2024-08-29 09:25:18,17850.0,500,Buy,235613465
2024-08-29 09:25:18,17850.0,4500,Buy,235613466
2024-08-29 09:25:19,17850.0,4900,Buy,235613499
2024-08-29 09:25:22,17850.0,7000,Sell,235613557
2024-08-29 09:25:31,17850.0,3400,Sell,235613823
2024-08-29 09:25:31,17850.0,3100,Sell,235613822
2024-08-29 09:25:39,17850.0,2600,Sell,235614136
2024-08-29 09:25:39,17850.0,400,Sell,235614137
2024-08-29 09:25:39,17850.0,2700,Sell,235614138
2024-08-29 09:25:40,17850.0,2300,Sell,235614149
2024-08-29 09:25:40,17850.0,1100,Sell,235614150
2024-08-29 09:25:40,17850.0,600,Sell,235614151
2024-08-29 09:25:45,17850.0,100,Sell,235614336
2024-08-29 09:25:48,17850.0,3200,Sell,235614394
2024-08-29 09:26:06,17850.0,100,Sell,235614908
2024-08-29 09:26:06,17850.0,1100,Sell,235614906
2024-08-29 09:26:06,17850.0,2000,Sell,235614907
2024-08-29 09:26:17,17850.0,900,Sell,235615243
2024-08-29 09:26:17,17850.0,4500,Sell,235615244
2024-08-29 09:26:26,17900.0,100,Buy,235615465
2024-08-29 09:26:26,17900.0,100,Buy,235615466
2024-08-29 09:26:26,17900.0,1000,Buy,235615467
2024-08-29 09:26:26,17900.0,100,Buy,235615464
2024-08-29 09:26:26,17900.0,1000,Buy,235615469
2024-08-29 09:26:26,17900.0,2700,Buy,235615470
2024-08-29 09:26:26,17900.0,16000,Buy,235615468
2024-08-29 09:26:26,17900.0,100,Buy,235615463
2024-08-29 09:26:26,17900.0,200,Buy,235615455
2024-08-29 09:26:26,17900.0,2000,Buy,235615461
2024-08-29 09:26:26,17900.0,14300,Buy,235615462
2024-08-29 09:26:26,17900.0,100,Buy,235615453
2024-08-29 09:26:26,17900.0,600,Buy,235615456
2024-08-29 09:26:26,17900.0,5000,Buy,235615454
2024-08-29 09:26:26,17900.0,2200,Buy,235615458
2024-08-29 09:26:26,17900.0,1000,Buy,235615459
2024-08-29 09:26:26,17900.0,100,Buy,235615460
2024-08-29 09:26:26,17900.0,200,Buy,235615457
2024-08-29 09:26:27,17850.0,3000,Sell,235615543
2024-08-29 09:26:27,17850.0,5500,Sell,235615537
2024-08-29 09:26:27,17850.0,200,Sell,235615538
2024-08-29 09:26:35,17900.0,2300,Buy,235615703
2024-08-29 09:26:35,17900.0,2300,Buy,235615704
2024-08-29 09:26:36,17900.0,2000,Buy,235615749
2024-08-29 09:26:36,17850.0,1800,Sell,235615750
2024-08-29 09:26:36,17850.0,4900,Sell,235615751
2024-08-29 09:26:38,17900.0,100,Buy,235615830
2024-08-29 09:26:42,17900.0,500,Buy,235615909
2024-08-29 09:26:44,17900.0,500,Buy,235615946
2024-08-29 09:26:44,17900.0,5000,Buy,235615949
2024-08-29 09:26:44,17900.0,600,Buy,235615950
2024-08-29 09:26:44,17900.0,1900,Buy,235615951
2024-08-29 09:26:44,17900.0,14000,Sell,235615959
2024-08-29 09:26:47,17900.0,5700,Sell,235616061
2024-08-29 09:26:50,17900.0,1800,Sell,235616124
2024-08-29 09:26:56,17900.0,1000,Sell,235616234
2024-08-29 09:26:56,17900.0,200,Sell,235616235
2024-08-29 09:26:56,17900.0,12400,Sell,235616233
2024-08-29 09:26:57,17900.0,200,Buy,235616256
2024-08-29 09:27:01,17900.0,100,Buy,235616319
2024-08-29 09:27:06,17900.0,3000,Buy,235616451
2024-08-29 09:27:25,17900.0,1600,Buy,235616906
2024-08-29 09:27:25,17900.0,200,Buy,235616907
2024-08-29 09:27:27,17900.0,4800,Buy,235616939
2024-08-29 09:27:27,17900.0,5200,Buy,235616940
2024-08-29 09:27:27,17900.0,2000,Buy,235616942
2024-08-29 09:27:31,17850.0,300,Sell,235617036
2024-08-29 09:27:34,17900.0,2800,Buy,235617087
2024-08-29 09:27:37,17900.0,2000,Buy,235617175
2024-08-29 09:27:37,17900.0,3000,Buy,235617176
2024-08-29 09:27:40,17900.0,600,Buy,235617292
2024-08-29 09:27:41,17900.0,1600,Buy,235617305
2024-08-29 09:27:41,17900.0,1400,Buy,235617304
2024-08-29 09:27:44,17900.0,100,Buy,235617369
2024-08-29 09:27:44,17900.0,6500,Buy,235617370
2024-08-29 09:27:44,17900.0,3400,Buy,235617368
2024-08-29 09:27:46,17900.0,500,Buy,235617407
2024-08-29 09:27:46,17900.0,4000,Buy,235617408
2024-08-29 09:27:46,17900.0,4000,Buy,235617409
2024-08-29 09:27:46,17900.0,3200,Buy,235617410
2024-08-29 09:27:46,17900.0,6200,Buy,235617411
2024-08-29 09:27:50,17900.0,5700,Sell,235617547
2024-08-29 09:27:50,17900.0,7500,Sell,235617563
2024-08-29 09:27:52,17900.0,100,Sell,235617603
2024-08-29 09:27:57,17900.0,3000,Sell,235617704
2024-08-29 09:27:57,17900.0,3600,Sell,235617705
2024-08-29 09:27:57,17900.0,300,Sell,235617702
2024-08-29 09:27:57,17900.0,4800,Sell,235617703
2024-08-29 09:27:57,17900.0,4800,Sell,235617701
2024-08-29 09:28:01,17950.0,3000,Buy,235617776
2024-08-29 09:28:01,17950.0,400,Buy,235617777
2024-08-29 09:28:05,17900.0,200,Sell,235617852
2024-08-29 09:28:06,17900.0,8200,Sell,235617872
2024-08-29 09:28:06,17900.0,100,Sell,235617873
2024-08-29 09:28:06,17900.0,300,Sell,235617874
2024-08-29 09:28:08,17900.0,1400,Buy,235617913
2024-08-29 09:28:08,17950.0,4600,Buy,235617914
2024-08-29 09:28:16,17900.0,2000,Sell,235618081
2024-08-29 09:28:20,17900.0,2000,Buy,235618153
2024-08-29 09:28:20,17900.0,2700,Buy,235618154
2024-08-29 09:28:23,17900.0,1300,Buy,235618186
2024-08-29 09:28:24,17900.0,6600,Sell,235618277
2024-08-29 09:28:25,17900.0,1000,Buy,235618286
2024-08-29 09:28:26,17850.0,1000,Sell,235618303
2024-08-29 09:28:26,17900.0,1900,Buy,235618302
2024-08-29 09:28:27,17900.0,7000,Buy,235618320
2024-08-29 09:28:34,17900.0,2000,Buy,235618538
2024-08-29 09:28:34,17900.0,6500,Buy,235618537
2024-08-29 09:28:34,17900.0,1500,Buy,235618539
2024-08-29 09:28:35,17900.0,9600,Buy,235618556
2024-08-29 09:28:35,17900.0,100,Buy,235618557
2024-08-29 09:28:37,17900.0,1000,Sell,235618610
2024-08-29 09:28:39,17900.0,100,Sell,235618644
2024-08-29 09:28:41,17900.0,500,Sell,235618691
2024-08-29 09:28:41,17900.0,500,Sell,235618752
2024-08-29 09:28:43,17900.0,8200,Sell,235618815
2024-08-29 09:28:43,17900.0,500,Sell,235618816
2024-08-29 09:28:43,17900.0,1900,Sell,235618817
2024-08-29 09:28:44,17900.0,1400,Buy,235618829
2024-08-29 09:28:52,17900.0,1600,Sell,235618996
2024-08-29 09:28:52,17900.0,8400,Sell,235618997
2024-08-29 09:28:58,17900.0,500,Sell,235619081
2024-08-29 09:28:58,17900.0,500,Sell,235619083
2024-08-29 09:28:58,17900.0,100,Sell,235619079
2024-08-29 09:28:58,17900.0,10000,Sell,235619080
2024-08-29 09:28:58,17900.0,1100,Sell,235619082
2024-08-29 09:28:58,17900.0,1600,Sell,235619078
2024-08-29 09:28:59,17900.0,100,Buy,235619113
2024-08-29 09:29:00,17900.0,1000,Buy,235619122
2024-08-29 09:29:04,17900.0,100,Buy,235619242
2024-08-29 09:29:05,17900.0,1000,Buy,235619246
2024-08-29 09:29:18,17900.0,1000,Buy,235619589
2024-08-29 09:29:19,17900.0,2300,Buy,235619606
2024-08-29 09:29:19,17900.0,1000,Buy,235619605
2024-08-29 09:29:19,17900.0,14700,Buy,235619604
2024-08-29 09:29:31,17900.0,500,Buy,235619944
2024-08-29 09:29:42,17900.0,400,Buy,235620162
2024-08-29 09:29:45,17900.0,3000,Buy,235620261
2024-08-29 09:29:49,17900.0,100,Buy,235620325
2024-08-29 09:29:50,17900.0,2000,Buy,235620329
2024-08-29 09:30:13,17850.0,2000,Sell,235620730
2024-08-29 09:30:28,17850.0,6100,Sell,235621002
2024-08-29 09:30:28,17850.0,1100,Sell,235621003
2024-08-29 09:30:29,17850.0,100,Sell,235621014
2024-08-29 09:30:57,17850.0,4000,Sell,235621698
2024-08-29 09:30:57,17850.0,1800,Sell,235621697
2024-08-29 09:30:57,17850.0,500,Sell,235621699
2024-08-29 09:31:06,17900.0,1200,Buy,235621913
2024-08-29 09:31:06,17900.0,5700,Buy,235621914
2024-08-29 09:31:06,17900.0,16400,Buy,235621915
2024-08-29 09:31:06,17900.0,4600,Buy,235621916
2024-08-29 09:31:07,17850.0,400,Sell,235621928
2024-08-29 09:31:07,17850.0,3100,Sell,235621930
2024-08-29 09:31:15,17850.0,100,Sell,235622143
2024-08-29 09:31:15,17850.0,1000,Sell,235622144
2024-08-29 09:31:15,17850.0,400,Sell,235622145
2024-08-29 09:31:15,17850.0,1900,Sell,235622142
2024-08-29 09:31:41,17900.0,400,Buy,235622874
2024-08-29 09:31:41,17900.0,600,Buy,235622875
2024-08-29 09:31:50,17850.0,2000,Sell,235623161
2024-08-29 09:31:58,17850.0,1000,Sell,235623307
2024-08-29 09:32:34,17850.0,6500,Sell,235624267
2024-08-29 09:32:37,17900.0,3000,Buy,235624324
2024-08-29 09:32:43,17850.0,100,Sell,235624474
2024-08-29 09:33:25,17900.0,500,Buy,235625472
2024-08-29 09:33:30,17900.0,2900,Buy,235625578
2024-08-29 09:33:30,17900.0,700,Buy,235625579
2024-08-29 09:33:54,17850.0,10000,Sell,235626131
2024-08-29 09:33:54,17850.0,100,Sell,235626133
2024-08-29 09:33:54,17850.0,9900,Sell,235626134
2024-08-29 09:33:57,17900.0,100,Buy,235626225
2024-08-29 09:33:57,17900.0,1900,Buy,235626226
2024-08-29 09:34:09,17900.0,100,Buy,235626508
2024-08-29 09:34:18,17900.0,5000,Buy,235626724
2024-08-29 09:34:30,17900.0,300,Buy,235626990
2024-08-29 09:34:36,17900.0,100,Buy,235627104
2024-08-29 09:34:42,17900.0,800,Buy,235627228
2024-08-29 09:35:02,17900.0,1800,Buy,235627821
2024-08-29 09:35:02,17900.0,200,Buy,235627822
2024-08-29 09:35:36,17900.0,600,Buy,235628607
2024-08-29 09:35:40,17900.0,200,Buy,235628687
2024-08-29 09:35:50,17900.0,200,Buy,235628918
2024-08-29 09:36:00,17900.0,2000,Buy,235629101
2024-08-29 09:36:03,17900.0,6800,Buy,235629156
2024-08-29 09:36:03,17900.0,200,Buy,235629157
2024-08-29 09:36:04,17900.0,300,Buy,235629172
2024-08-29 09:36:13,17900.0,300,Buy,235629463
2024-08-29 09:36:16,17900.0,2000,Buy,235629528
2024-08-29 09:36:27,17900.0,100,Buy,235629720
2024-08-29 09:36:27,17850.0,100,Sell,235629727
2024-08-29 09:36:27,17850.0,2100,Sell,235629728
2024-08-29 09:36:29,17900.0,300,Buy,235629735
2024-08-29 09:36:32,17900.0,800,Buy,235629793
2024-08-29 09:36:32,17900.0,4200,Buy,235629794
2024-08-29 09:36:39,17900.0,200,Buy,235630010
2024-08-29 09:36:40,17900.0,1400,Buy,235630023
2024-08-29 09:36:40,17900.0,1000,Buy,235630022
2024-08-29 09:36:48,17900.0,3600,Buy,235630226
2024-08-29 09:36:48,17900.0,2400,Buy,235630227
2024-08-29 09:36:50,17900.0,500,Buy,235630249
2024-08-29 09:36:51,17900.0,1000,Buy,235630285
2024-08-29 09:37:11,17900.0,1100,Buy,235630697
2024-08-29 09:37:11,17900.0,100,Buy,235630698
2024-08-29 09:37:11,17900.0,100,Buy,235630699
2024-08-29 09:37:11,17900.0,6700,Buy,235630700
2024-08-29 09:37:14,17900.0,7300,Buy,235630763
2024-08-29 09:37:14,17900.0,800,Buy,235630762
2024-08-29 09:37:14,17900.0,100,Buy,235630761
2024-08-29 09:37:14,17900.0,500,Buy,235630760
2024-08-29 09:37:14,17900.0,3300,Buy,235630759
2024-08-29 09:37:21,17900.0,2000,Buy,235630901
2024-08-29 09:37:22,17900.0,200,Buy,235630913
2024-08-29 09:37:32,17900.0,500,Buy,235631169
2024-08-29 09:37:32,17900.0,1500,Buy,235631170
2024-08-29 09:37:37,17900.0,100,Buy,235631266
2024-08-29 09:37:46,17900.0,4900,Buy,235631421
2024-08-29 09:37:46,17900.0,100,Buy,235631422
2024-08-29 09:37:47,17900.0,900,Buy,235631426
2024-08-29 09:37:47,17900.0,8600,Buy,235631427
2024-08-29 09:37:47,17900.0,2500,Buy,235631428
2024-08-29 09:37:50,17900.0,1200,Buy,235631495
2024-08-29 09:37:50,17900.0,5000,Buy,235631494
2024-08-29 09:37:50,17900.0,200,Buy,235631492
2024-08-29 09:37:50,17900.0,3500,Buy,235631491
2024-08-29 09:37:50,17900.0,1300,Buy,235631493
2024-08-29 09:37:51,17900.0,600,Buy,235631507
2024-08-29 09:37:51,17900.0,400,Buy,235631508
2024-08-29 09:37:52,17850.0,500,Sell,235631519
2024-08-29 09:37:58,17850.0,1300,Sell,235631670
2024-08-29 09:38:23,17900.0,1600,Buy,235632081
2024-08-29 09:38:23,17900.0,3400,Buy,235632082
2024-08-29 09:38:27,17900.0,1300,Buy,235632128
2024-08-29 09:38:27,17900.0,100,Buy,235632127
2024-08-29 09:38:27,17900.0,1000,Buy,235632124
2024-08-29 09:38:27,17900.0,5000,Buy,235632125
2024-08-29 09:38:27,17900.0,2500,Buy,235632123
2024-08-29 09:38:27,17900.0,100,Buy,235632126
2024-08-29 09:38:29,17900.0,2000,Buy,235632159
2024-08-29 09:38:30,17900.0,1700,Buy,235632178
2024-08-29 09:38:30,17900.0,300,Buy,235632179
2024-08-29 09:38:35,17900.0,1000,Buy,235632306
2024-08-29 09:38:35,17900.0,500,Buy,235632307
2024-08-29 09:39:12,17900.0,400,Sell,235633100
2024-08-29 09:39:19,17900.0,100,Sell,235633221
2024-08-29 09:39:33,17900.0,2600,Sell,235633457
2024-08-29 09:39:36,17900.0,100,Sell,235633559
2024-08-29 09:39:44,17900.0,1000,Sell,235633731
2024-08-29 09:40:04,17900.0,200,Sell,235634137
2024-08-29 09:40:07,17900.0,1500,Sell,235634207
2024-08-29 09:40:10,17950.0,100,Buy,235634275
2024-08-29 09:41:09,17950.0,4900,Buy,235635853
2024-08-29 09:41:09,17950.0,2000,Buy,235635854
2024-08-29 09:41:09,17950.0,5000,Buy,235635855
2024-08-29 09:41:09,17950.0,500,Buy,235635856
2024-08-29 09:41:09,17950.0,400,Buy,235635857
2024-08-29 09:41:09,17950.0,1000,Buy,235635858
2024-08-29 09:41:09,17950.0,1200,Buy,235635859
2024-08-29 09:41:14,17950.0,1900,Buy,235636023
2024-08-29 09:41:14,17950.0,2200,Buy,235636021
2024-08-29 09:41:14,17950.0,1000,Buy,235636022
2024-08-29 09:41:14,17950.0,2000,Buy,235636020
2024-08-29 09:41:14,17950.0,2400,Buy,235636015
2024-08-29 09:41:14,17950.0,1700,Buy,235636018
2024-08-29 09:41:14,17950.0,3000,Buy,235636017
2024-08-29 09:41:14,17950.0,700,Buy,235636016
2024-08-29 09:41:14,17950.0,800,Buy,235636014
2024-08-29 09:41:14,17950.0,300,Buy,235636019
2024-08-29 09:41:15,17950.0,3000,Buy,235636039
2024-08-29 09:41:15,17900.0,200,Sell,235636042
2024-08-29 09:41:39,17950.0,100,Buy,235636720
2024-08-29 09:41:49,17900.0,100,Sell,235636951
2024-08-29 09:42:00,17950.0,100,Buy,235637208
2024-08-29 09:42:00,17950.0,200,Buy,235637209
2024-08-29 09:42:00,17950.0,4000,Buy,235637210
2024-08-29 09:42:00,17950.0,200,Buy,235637211
2024-08-29 09:42:00,17950.0,2400,Buy,235637216
2024-08-29 09:42:00,17950.0,1000,Buy,235637213
2024-08-29 09:42:00,17950.0,300,Buy,235637214
2024-08-29 09:42:00,17950.0,500,Buy,235637215
2024-08-29 09:42:00,17950.0,1000,Buy,235637207
2024-08-29 09:42:00,17950.0,500,Buy,235637212
2024-08-29 09:42:00,17950.0,5000,Buy,235637206
2024-08-29 09:42:00,17950.0,2000,Buy,235637204
2024-08-29 09:42:00,17950.0,7000,Buy,235637193
2024-08-29 09:42:00,17950.0,1800,Buy,235637205
2024-08-29 09:42:00,17950.0,10000,Buy,235637194
2024-08-29 09:42:00,17950.0,200,Buy,235637195
2024-08-29 09:42:00,17950.0,8000,Buy,235637197
2024-08-29 09:42:00,17950.0,1800,Buy,235637198
2024-08-29 09:42:00,17950.0,600,Buy,235637196
2024-08-29 09:42:00,17950.0,100,Buy,235637200
2024-08-29 09:42:00,17950.0,1000,Buy,235637201
2024-08-29 09:42:00,17950.0,1000,Buy,235637202
2024-08-29 09:42:00,17950.0,300,Buy,235637203
2024-08-29 09:42:00,17950.0,1000,Buy,235637199
2024-08-29 09:42:03,17950.0,200,Buy,235637281
2024-08-29 09:42:03,17950.0,3300,Buy,235637285
2024-08-29 09:42:03,17950.0,1100,Buy,235637284
2024-08-29 09:42:03,17950.0,100,Buy,235637283
2024-08-29 09:42:03,17950.0,1000,Buy,235637282
2024-08-29 09:42:03,17950.0,100,Buy,235637280
2024-08-29 09:42:03,17950.0,200,Buy,235637275
2024-08-29 09:42:03,17950.0,100,Buy,235637277
2024-08-29 09:42:03,17950.0,200,Buy,235637276
2024-08-29 09:42:03,17950.0,1100,Buy,235637274
2024-08-29 09:42:03,17950.0,200,Buy,235637272
2024-08-29 09:42:03,17950.0,600,Buy,235637271
2024-08-29 09:42:03,17950.0,100,Buy,235637278
2024-08-29 09:42:03,17950.0,300,Buy,235637273
2024-08-29 09:42:07,17950.0,100,Buy,235637350
2024-08-29 09:42:07,17950.0,3000,Buy,235637349
2024-08-29 09:42:07,17950.0,3000,Buy,235637348
2024-08-29 09:42:07,17950.0,100,Buy,235637351
2024-08-29 09:42:07,17950.0,300,Buy,235637347
2024-08-29 09:42:07,17950.0,100,Buy,235637341
2024-08-29 09:42:07,17950.0,5000,Buy,235637345
2024-08-29 09:42:07,17950.0,100,Buy,235637344
2024-08-29 09:42:07,17950.0,500,Buy,235637343
2024-08-29 09:42:07,17950.0,2000,Buy,235637342
2024-08-29 09:42:07,17950.0,2700,Buy,235637340
2024-08-29 09:42:07,17950.0,100,Buy,235637346
2024-08-29 09:42:38,17950.0,1900,Sell,235638030
2024-08-29 09:42:48,17950.0,50000,Sell,235638280
2024-08-29 09:42:52,18000.0,1100,Buy,235638610
2024-08-29 09:42:52,18000.0,700,Buy,235638611
2024-08-29 09:42:52,18000.0,1000,Buy,235638609
2024-08-29 09:42:52,18000.0,500,Buy,235638612
2024-08-29 09:42:52,18000.0,1000,Buy,235638613
2024-08-29 09:42:52,18000.0,100,Buy,235638616
2024-08-29 09:42:52,18000.0,100,Buy,235638615
2024-08-29 09:42:52,18000.0,1000,Buy,235638617
2024-08-29 09:42:52,18000.0,200,Buy,235638618
2024-08-29 09:42:52,18000.0,2000,Buy,235638619
2024-08-29 09:42:52,18000.0,5100,Buy,235638620
2024-08-29 09:42:52,18000.0,100,Buy,235638614
2024-08-29 09:42:52,18000.0,200,Buy,235638608
2024-08-29 09:42:52,18000.0,1000,Buy,235638594
2024-08-29 09:42:52,18000.0,500,Buy,235638606
2024-08-29 09:42:52,18000.0,600,Buy,235638605
2024-08-29 09:42:52,18000.0,1100,Buy,235638604
2024-08-29 09:42:52,18000.0,1000,Buy,235638603
2024-08-29 09:42:52,18000.0,1000,Buy,235638602
2024-08-29 09:42:52,18000.0,500,Buy,235638601
2024-08-29 09:42:52,18000.0,400,Buy,235638600
2024-08-29 09:42:52,18000.0,300,Buy,235638599
2024-08-29 09:42:52,18000.0,100,Buy,235638598
2024-08-29 09:42:52,18000.0,1000,Buy,235638597
2024-08-29 09:42:52,18000.0,100,Buy,235638596
2024-08-29 09:42:52,18000.0,200,Buy,235638595
2024-08-29 09:42:52,18000.0,1200,Buy,235638621
2024-08-29 09:42:52,18000.0,1500,Buy,235638607
2024-08-29 09:42:52,18000.0,1100,Buy,235638622
2024-08-29 09:42:52,18000.0,1000,Buy,235638642
2024-08-29 09:42:52,18000.0,200,Buy,235638624
2024-08-29 09:42:52,18000.0,2900,Buy,235638652
2024-08-29 09:42:52,18000.0,500,Buy,235638651
2024-08-29 09:42:52,18000.0,2000,Buy,235638650
2024-08-29 09:42:52,18000.0,500,Buy,235638649
2024-08-29 09:42:52,18000.0,100,Buy,235638648
2024-08-29 09:42:52,18000.0,100,Buy,235638647
2024-08-29 09:42:52,18000.0,100,Buy,235638646
2024-08-29 09:42:52,18000.0,100,Buy,235638645
2024-08-29 09:42:52,18000.0,300,Buy,235638644
2024-08-29 09:42:52,18000.0,100,Buy,235638643
2024-08-29 09:42:52,18000.0,1000,Buy,235638641
2024-08-29 09:42:52,18000.0,100,Buy,235638640
2024-08-29 09:42:52,18000.0,100,Buy,235638639
2024-08-29 09:42:52,18000.0,2000,Buy,235638638
2024-08-29 09:42:52,18000.0,30000,Buy,235638637
2024-08-29 09:42:52,18000.0,200,Buy,235638636
2024-08-29 09:42:52,18000.0,7100,Buy,235638635
2024-08-29 09:42:52,18000.0,100,Buy,235638634
2024-08-29 09:42:52,18000.0,2000,Buy,235638633
2024-08-29 09:42:52,18000.0,500,Buy,235638632
2024-08-29 09:42:52,18000.0,900,Buy,235638631
2024-08-29 09:42:52,18000.0,200,Buy,235638630
2024-08-29 09:42:52,18000.0,2000,Buy,235638629
2024-08-29 09:42:52,18000.0,200,Buy,235638628
2024-08-29 09:42:52,18000.0,100,Buy,235638627
2024-08-29 09:42:52,18000.0,100,Buy,235638626
2024-08-29 09:42:52,18000.0,200,Buy,235638625
2024-08-29 09:42:52,18000.0,200,Buy,235638623
2024-08-29 09:42:52,18000.0,1000,Buy,235638593
2024-08-29 09:42:52,18000.0,1000,Buy,235638549
2024-08-29 09:42:52,18000.0,2000,Buy,235638591
2024-08-29 09:42:52,18000.0,2000,Buy,235638558
2024-08-29 09:42:52,18000.0,100,Buy,235638557
2024-08-29 09:42:52,18000.0,100,Buy,235638556
2024-08-29 09:42:52,18000.0,10000,Buy,235638555
2024-08-29 09:42:52,18000.0,100,Buy,235638554
2024-08-29 09:42:52,18000.0,200,Buy,235638553
2024-08-29 09:42:52,18000.0,200,Buy,235638552
2024-08-29 09:42:52,18000.0,1000,Buy,235638551
2024-08-29 09:42:52,18000.0,200,Buy,235638550
2024-08-29 09:42:52,18000.0,10000,Buy,235638548
2024-08-29 09:42:52,18000.0,5000,Buy,235638547
2024-08-29 09:42:52,18000.0,100,Buy,235638546
2024-08-29 09:42:52,18000.0,700,Buy,235638545
2024-08-29 09:42:52,18000.0,10000,Buy,235638537
2024-08-29 09:42:52,18000.0,5000,Buy,235638536
2024-08-29 09:42:52,18000.0,10000,Buy,235638535
2024-08-29 09:42:52,18000.0,1000,Buy,235638534
2024-08-29 09:42:52,18000.0,100,Buy,235638533
2024-08-29 09:42:52,18000.0,800,Buy,235638532
2024-08-29 09:42:52,18000.0,10000,Buy,235638531
2024-08-29 09:42:52,18000.0,200,Buy,235638528
2024-08-29 09:42:52,18000.0,2000,Buy,235638527
2024-08-29 09:42:52,18000.0,100,Buy,235638526
2024-08-29 09:42:52,18000.0,6100,Buy,235638525
2024-08-29 09:42:52,18000.0,400,Buy,235638524
2024-08-29 09:42:52,18000.0,500,Buy,235638592
2024-08-29 09:42:52,18000.0,400,Buy,235638522
2024-08-29 09:42:52,18000.0,1000,Buy,235638559
2024-08-29 09:42:52,18000.0,100,Buy,235638560
2024-08-29 09:42:52,18000.0,500,Buy,235638523
2024-08-29 09:42:52,18000.0,1400,Buy,235638562
2024-08-29 09:42:52,18000.0,500,Buy,235638561
2024-08-29 09:42:52,18000.0,400,Buy,235638590
2024-08-29 09:42:52,18000.0,100,Buy,235638589
2024-08-29 09:42:52,18000.0,100,Buy,235638588
2024-08-29 09:42:52,18000.0,300,Buy,235638587
2024-08-29 09:42:52,18000.0,500,Buy,235638586
2024-08-29 09:42:52,18000.0,100,Buy,235638584
2024-08-29 09:42:52,18000.0,1000,Buy,235638583
2024-08-29 09:42:52,18000.0,300,Buy,235638582
2024-08-29 09:42:52,18000.0,4500,Buy,235638581
2024-08-29 09:42:52,18000.0,1600,Buy,235638580
2024-08-29 09:42:52,18000.0,100,Buy,235638579
2024-08-29 09:42:52,18000.0,500,Buy,235638578
2024-08-29 09:42:52,18000.0,400,Buy,235638577
2024-08-29 09:42:52,18000.0,700,Buy,235638585
2024-08-29 09:42:52,18000.0,1000,Buy,235638575
2024-08-29 09:42:52,18000.0,200,Buy,235638574
2024-08-29 09:42:52,18000.0,1000,Buy,235638573
2024-08-29 09:42:52,18000.0,500,Buy,235638572
2024-08-29 09:42:52,18000.0,300,Buy,235638571
2024-08-29 09:42:52,18000.0,500,Buy,235638570
2024-08-29 09:42:52,18000.0,10000,Buy,235638569
2024-08-29 09:42:52,18000.0,100,Buy,235638563
2024-08-29 09:42:52,18000.0,100,Buy,235638568
2024-08-29 09:42:52,18000.0,200,Buy,235638567
2024-08-29 09:42:52,18000.0,100,Buy,235638566
2024-08-29 09:42:52,18000.0,1000,Buy,235638565
2024-08-29 09:42:52,18000.0,1000,Buy,235638564
2024-08-29 09:42:52,18000.0,10000,Buy,235638576
2024-08-29 09:42:53,17950.0,5000,Sell,235638690
2024-08-29 09:42:57,18000.0,4200,Buy,235638850
2024-08-29 09:43:00,17950.0,500,Sell,235639006
2024-08-29 09:43:12,18000.0,2000,Buy,235639400
2024-08-29 09:43:13,18000.0,100,Buy,235639439
2024-08-29 09:43:17,18000.0,2000,Buy,235639575
2024-08-29 09:43:21,18000.0,400,Buy,235639635
2024-08-29 09:43:33,18000.0,200,Buy,235640082
2024-08-29 09:43:34,18000.0,5000,Buy,235640151
2024-08-29 09:43:39,18000.0,14200,Buy,235640405
2024-08-29 09:43:39,18000.0,800,Buy,235640406
2024-08-29 09:43:40,18000.0,200,Buy,235640435
2024-08-29 09:43:40,18000.0,800,Buy,235640436
2024-08-29 09:43:42,18000.0,400,Buy,235640489
2024-08-29 09:43:42,18000.0,2000,Buy,235640492
2024-08-29 09:43:42,18000.0,32700,Buy,235640491
2024-08-29 09:43:42,18000.0,2000,Buy,235640490
2024-08-29 09:43:42,18000.0,200,Buy,235640488
2024-08-29 09:43:42,18000.0,700,Buy,235640482
2024-08-29 09:43:42,18000.0,500,Buy,235640486
2024-08-29 09:43:42,18000.0,1000,Buy,235640483
2024-08-29 09:43:42,18000.0,10000,Buy,235640487
2024-08-29 09:43:42,18000.0,2000,Buy,235640485
2024-08-29 09:43:42,18000.0,500,Buy,235640484
2024-08-29 09:43:44,18000.0,1500,Buy,235640550
2024-08-29 09:43:44,18000.0,100,Buy,235640572
2024-08-29 09:43:45,18000.0,3000,Buy,235640582
2024-08-29 09:43:45,18000.0,10700,Buy,235640585
2024-08-29 09:43:45,18000.0,100,Buy,235640587
2024-08-29 09:43:45,18000.0,100,Buy,235640588
2024-08-29 09:43:45,18000.0,500,Buy,235640589
2024-08-29 09:43:45,18000.0,1000,Buy,235640590
2024-08-29 09:43:45,18000.0,3000,Buy,235640591
2024-08-29 09:43:45,18000.0,100,Buy,235640592
2024-08-29 09:43:45,18000.0,4000,Buy,235640586
2024-08-29 09:43:50,18000.0,7000,Sell,235640761
2024-08-29 09:43:50,18000.0,500,Sell,235640760
2024-08-29 09:43:50,18000.0,5000,Sell,235640758
2024-08-29 09:43:50,18000.0,500,Sell,235640757
2024-08-29 09:43:50,18000.0,200,Sell,235640759
2024-08-29 09:43:51,18000.0,6800,Buy,235640774
2024-08-29 09:43:55,18000.0,300,Sell,235640889
2024-08-29 09:43:55,18000.0,300,Sell,235640906
2024-08-29 09:43:59,18000.0,200,Sell,235641015
2024-08-29 09:44:00,18000.0,100,Sell,235641058
2024-08-29 09:44:03,18000.0,500,Sell,235641142
2024-08-29 09:44:03,18000.0,100,Sell,235641141
2024-08-29 09:44:03,18000.0,2000,Sell,235641140
2024-08-29 09:44:03,18000.0,200,Sell,235641137
2024-08-29 09:44:03,18000.0,500,Sell,235641138
2024-08-29 09:44:03,18000.0,11300,Sell,235641136
2024-08-29 09:44:03,18000.0,1000,Sell,235641127
2024-08-29 09:44:03,18000.0,8000,Sell,235641139
2024-08-29 09:44:06,18000.0,300,Sell,235641235
2024-08-29 09:44:07,18050.0,7000,Buy,235641245
2024-08-29 09:44:09,18050.0,29900,Buy,235641320
2024-08-29 09:44:15,18000.0,15600,Sell,235641458
2024-08-29 09:44:18,18000.0,5000,Sell,235641513
2024-08-29 09:44:26,18050.0,1000,Buy,235641761
2024-08-29 09:44:29,18050.0,1500,Buy,235641829
2024-08-29 09:44:32,18050.0,200,Buy,235641889
2024-08-29 09:44:34,18050.0,2000,Buy,235641924
2024-08-29 09:44:36,18050.0,200,Buy,235641957
2024-08-29 09:44:44,18000.0,4100,Sell,235642266
2024-08-29 09:44:44,18000.0,500,Sell,235642267
2024-08-29 09:44:44,18000.0,3500,Sell,235642268
2024-08-29 09:44:44,18000.0,1900,Sell,235642269
2024-08-29 09:44:44,18000.0,3100,Sell,235642278
2024-08-29 09:44:44,18000.0,5000,Sell,235642279
2024-08-29 09:44:44,18000.0,1000,Sell,235642280
2024-08-29 09:44:44,18000.0,300,Sell,235642281
2024-08-29 09:44:44,18000.0,1000,Sell,235642282
2024-08-29 09:44:58,18050.0,300,Buy,235642779
2024-08-29 09:44:58,18050.0,20000,Buy,235642778
2024-08-29 09:44:58,18050.0,300,Buy,235642777
2024-08-29 09:44:58,18050.0,1000,Buy,235642763
2024-08-29 09:44:58,18050.0,2000,Buy,235642775
2024-08-29 09:44:58,18050.0,200,Buy,235642774
2024-08-29 09:44:58,18050.0,7200,Buy,235642773
2024-08-29 09:44:58,18050.0,20000,Buy,235642776
2024-08-29 09:45:05,18050.0,1000,Buy,235642961
2024-08-29 09:45:10,18050.0,2900,Buy,235643137
2024-08-29 09:45:10,18050.0,500,Buy,235643139
2024-08-29 09:45:10,18050.0,100,Buy,235643138
2024-08-29 09:45:10,18050.0,1100,Buy,235643136
2024-08-29 09:45:10,18050.0,1000,Buy,235643134
2024-08-29 09:45:10,18050.0,500,Buy,235643133
2024-08-29 09:45:10,18050.0,100,Buy,235643132
2024-08-29 09:45:10,18050.0,3700,Buy,235643131
2024-08-29 09:45:10,18050.0,100,Buy,235643135
2024-08-29 09:45:19,18050.0,1300,Buy,235643348
2024-08-29 09:45:20,18050.0,1700,Buy,235643383
2024-08-29 09:45:20,18050.0,500,Buy,235643384
2024-08-29 09:45:20,18050.0,200,Buy,235643385
2024-08-29 09:45:20,18050.0,300,Buy,235643386
2024-08-29 09:45:22,18050.0,100,Buy,235643447
2024-08-29 09:45:26,18050.0,4600,Buy,235643568
2024-08-29 09:45:26,18050.0,600,Buy,235643567
2024-08-29 09:45:26,18050.0,1000,Buy,235643564
2024-08-29 09:45:26,18050.0,100,Buy,235643565
2024-08-29 09:45:26,18050.0,1600,Buy,235643563
2024-08-29 09:45:26,18050.0,100,Buy,235643566
2024-08-29 09:45:29,18050.0,300,Buy,235643625
2024-08-29 09:45:29,18050.0,1000,Buy,235643626
2024-08-29 09:45:29,18050.0,3500,Buy,235643624
2024-08-29 09:45:29,18050.0,15500,Buy,235643628
2024-08-29 09:45:29,18050.0,500,Buy,235643627
2024-08-29 09:45:29,18050.0,1000,Buy,235643623
2024-08-29 09:45:29,18050.0,500,Buy,235643619
2024-08-29 09:45:29,18050.0,1000,Buy,235643621
2024-08-29 09:45:29,18050.0,200,Buy,235643620
2024-08-29 09:45:29,18050.0,400,Buy,235643616
2024-08-29 09:45:29,18050.0,500,Buy,235643618
2024-08-29 09:45:29,18050.0,500,Buy,235643617
2024-08-29 09:45:29,18050.0,100,Buy,235643622
2024-08-29 09:45:31,18050.0,200,Buy,235643692
2024-08-29 09:45:34,18000.0,3500,Sell,235643778
2024-08-29 09:45:34,18000.0,400,Sell,235643779
2024-08-29 09:45:34,18000.0,300,Sell,235643780
2024-08-29 09:45:34,18000.0,3800,Sell,235643781
2024-08-29 09:45:35,18050.0,2700,Buy,235643804
2024-08-29 09:45:35,18050.0,700,Buy,235643803
2024-08-29 09:45:35,18050.0,1000,Buy,235643802
2024-08-29 09:45:35,18050.0,500,Buy,235643801
2024-08-29 09:45:35,18050.0,4300,Buy,235643795
2024-08-29 09:45:35,18050.0,500,Buy,235643799
2024-08-29 09:45:35,18050.0,100,Buy,235643798
2024-08-29 09:45:35,18050.0,5000,Buy,235643797
2024-08-29 09:45:35,18050.0,100,Buy,235643796
2024-08-29 09:45:35,18050.0,100,Buy,235643800
2024-08-29 09:45:39,18050.0,3800,Buy,235643942
2024-08-29 09:45:39,18050.0,2000,Buy,235643930
2024-08-29 09:45:39,18050.0,100,Buy,235643938
2024-08-29 09:45:42,18050.0,400,Buy,235644004
2024-08-29 09:45:44,18050.0,1000,Buy,235644097
2024-08-29 09:45:45,18050.0,200,Buy,235644105
2024-08-29 09:45:45,18050.0,3000,Buy,235644106
2024-08-29 09:45:45,18050.0,4800,Buy,235644107
2024-08-29 09:45:46,18050.0,100,Buy,235644151
2024-08-29 09:45:49,18000.0,1000,Sell,235644224
2024-08-29 09:45:54,18000.0,400,Sell,235644367
2024-08-29 09:45:54,18000.0,5200,Sell,235644365
2024-08-29 09:45:54,18000.0,100,Sell,235644366
2024-08-29 09:45:56,18000.0,5000,Sell,235644417
2024-08-29 09:45:58,18050.0,5100,Buy,235644477
2024-08-29 09:45:58,18050.0,100,Buy,235644478
2024-08-29 09:45:58,18050.0,300,Buy,235644479
2024-08-29 09:46:06,18050.0,500,Buy,235644690
2024-08-29 09:46:06,18000.0,100,Sell,235644700
2024-08-29 09:46:06,18050.0,500,Buy,235644691
2024-08-29 09:46:06,18050.0,2000,Buy,235644689
2024-08-29 09:46:06,18050.0,200,Buy,235644683
2024-08-29 09:46:06,18050.0,200,Buy,235644687
2024-08-29 09:46:06,18050.0,200,Buy,235644684
2024-08-29 09:46:06,18050.0,1000,Buy,235644688
2024-08-29 09:46:06,18050.0,200,Buy,235644686
2024-08-29 09:46:06,18050.0,200,Buy,235644685
2024-08-29 09:46:09,18050.0,2600,Buy,235644764
2024-08-29 09:46:12,18050.0,1900,Buy,235644811
2024-08-29 09:46:12,18050.0,200,Buy,235644812
2024-08-29 09:46:12,18050.0,100,Buy,235644813
2024-08-29 09:46:12,18050.0,300,Buy,235644814
2024-08-29 09:46:12,18050.0,1000,Buy,235644815
2024-08-29 09:46:12,18050.0,200,Buy,235644816
2024-08-29 09:46:12,18050.0,200,Buy,235644817
2024-08-29 09:46:12,18050.0,6100,Buy,235644818
2024-08-29 09:46:15,18050.0,2000,Buy,235644921
2024-08-29 09:46:15,18050.0,500,Buy,235644922
2024-08-29 09:46:15,18050.0,12500,Buy,235644923
2024-08-29 09:46:15,18050.0,500,Buy,235644924
2024-08-29 09:46:15,18050.0,1000,Sell,235644934
2024-08-29 09:46:15,18050.0,100,Buy,235644926
2024-08-29 09:46:15,18050.0,5700,Buy,235644927
2024-08-29 09:46:15,18050.0,8000,Buy,235644928
2024-08-29 09:46:15,18050.0,500,Buy,235644920
2024-08-29 09:46:15,18050.0,1000,Buy,235644925
2024-08-29 09:46:15,18050.0,1000,Buy,235644919
2024-08-29 09:46:15,18050.0,200,Buy,235644915
2024-08-29 09:46:15,18050.0,1000,Buy,235644917
2024-08-29 09:46:15,18050.0,10000,Buy,235644916
2024-08-29 09:46:15,18050.0,100,Buy,235644914
2024-08-29 09:46:15,18050.0,3000,Buy,235644912
2024-08-29 09:46:15,18050.0,200,Buy,235644911
2024-08-29 09:46:15,18050.0,29000,Buy,235644910
2024-08-29 09:46:15,18050.0,2000,Buy,235644909
2024-08-29 09:46:15,18050.0,1000,Buy,235644908
2024-08-29 09:46:15,18050.0,15900,Buy,235644907
2024-08-29 09:46:15,18050.0,100,Buy,235644918
2024-08-29 09:46:15,18050.0,100,Buy,235644913
2024-08-29 09:46:18,18050.0,1000,Sell,235644997
2024-08-29 09:46:18,18050.0,300,Sell,235645004
2024-08-29 09:46:19,18050.0,500,Sell,235645015
2024-08-29 09:46:21,18050.0,100,Sell,235645069
2024-08-29 09:46:21,18050.0,2800,Sell,235645068
2024-08-29 09:46:24,18000.0,400,Sell,235645143
2024-08-29 09:46:32,18050.0,1000,Buy,235645315
2024-08-29 09:46:41,18050.0,14000,Buy,235645513
2024-08-29 09:46:44,18050.0,2500,Buy,235645550
2024-08-29 09:46:52,18050.0,5000,Buy,235645765
2024-08-29 09:46:52,18050.0,1000,Buy,235645764
2024-08-29 09:46:52,18050.0,1000,Buy,235645766
2024-08-29 09:46:52,18050.0,200,Buy,235645762
2024-08-29 09:46:52,18050.0,2600,Buy,235645761
2024-08-29 09:46:52,18050.0,200,Buy,235645763
2024-08-29 09:47:01,18050.0,2000,Buy,235645939
2024-08-29 09:47:21,18000.0,4100,Sell,235646407
2024-08-29 09:47:21,18000.0,45000,Sell,235646408
2024-08-29 09:47:25,18050.0,100,Buy,235646504
2024-08-29 09:47:37,18000.0,1000,Sell,235646793
2024-08-29 09:47:40,18000.0,100,Sell,235646859
2024-08-29 09:47:40,18000.0,1000,Sell,235646855
2024-08-29 09:47:40,18000.0,1100,Sell,235646856
2024-08-29 09:47:41,18050.0,1900,Buy,235646874
2024-08-29 09:47:41,18050.0,400,Buy,235646872
2024-08-29 09:47:41,18050.0,500,Buy,235646873
2024-08-29 09:47:46,18000.0,2000,Sell,235647007
2024-08-29 09:47:50,18050.0,100,Buy,235647090
2024-08-29 09:47:54,18000.0,1300,Sell,235647156
2024-08-29 09:47:54,18000.0,1000,Sell,235647155
2024-08-29 09:47:54,18000.0,2500,Sell,235647154
2024-08-29 09:47:54,18000.0,4000,Sell,235647158
2024-08-29 09:47:54,18000.0,100,Sell,235647152
2024-08-29 09:47:54,18000.0,4000,Sell,235647151
2024-08-29 09:47:54,18000.0,100,Sell,235647150
2024-08-29 09:47:54,18000.0,1000,Sell,235647153
2024-08-29 09:47:55,18000.0,500,Sell,235647187
2024-08-29 09:47:55,18000.0,100,Sell,235647194
2024-08-29 09:47:55,18000.0,500,Sell,235647193
2024-08-29 09:47:55,18000.0,2600,Sell,235647192
2024-08-29 09:47:55,18000.0,1000,Sell,235647191
2024-08-29 09:47:55,18000.0,3000,Sell,235647190
2024-08-29 09:47:55,18000.0,1000,Sell,235647189
2024-08-29 09:47:55,18000.0,1000,Sell,235647188
2024-08-29 09:47:55,18000.0,1600,Sell,235647186
2024-08-29 09:47:55,18000.0,5000,Sell,235647169
2024-08-29 09:47:55,18000.0,1000,Sell,235647184
2024-08-29 09:47:55,18000.0,4700,Sell,235647168
2024-08-29 09:47:55,18000.0,300,Sell,235647170
2024-08-29 09:47:55,18000.0,3700,Sell,235647179
2024-08-29 09:47:55,18000.0,600,Sell,235647185
2024-08-29 09:47:55,18000.0,1000,Sell,235647181
2024-08-29 09:47:55,18000.0,200,Sell,235647182
2024-08-29 09:47:55,18000.0,1000,Sell,235647183
2024-08-29 09:47:55,18000.0,100,Sell,235647180
2024-08-29 09:48:00,18000.0,30000,Buy,235647317
2024-08-29 09:48:02,18000.0,1000,Buy,235647352
2024-08-29 09:48:08,18000.0,100,Buy,235647476
2024-08-29 09:48:08,18000.0,100,Buy,235647477
2024-08-29 09:48:09,18000.0,1600,Buy,235647527
2024-08-29 09:48:09,18000.0,3400,Buy,235647525
2024-08-29 09:48:09,18000.0,1600,Buy,235647500
2024-08-29 09:48:09,18000.0,5000,Buy,235647526
2024-08-29 09:48:09,18000.0,5000,Buy,235647498
2024-08-29 09:48:09,18000.0,2000,Buy,235647499
2024-08-29 09:48:09,18000.0,3500,Buy,235647497
2024-08-29 09:48:09,18000.0,9900,Buy,235647496
2024-08-29 09:48:16,18000.0,500,Buy,235647648
2024-08-29 09:48:20,18000.0,1000,Buy,235647755
2024-08-29 09:48:21,18000.0,1000,Buy,235647773
2024-08-29 09:48:23,18000.0,2000,Buy,235647817
2024-08-29 09:48:28,17950.0,4000,Sell,235647902
2024-08-29 09:48:34,17950.0,2000,Sell,235648051
2024-08-29 09:48:35,17950.0,1300,Sell,235648074
2024-08-29 09:48:37,18000.0,600,Buy,235648150
2024-08-29 09:48:44,17950.0,41900,Sell,235648402
2024-08-29 09:48:44,17950.0,2700,Sell,235648395
2024-08-29 09:48:44,17950.0,500,Sell,235648396
2024-08-29 09:48:44,17950.0,500,Sell,235648397
2024-08-29 09:48:44,17950.0,1400,Sell,235648398
2024-08-29 09:48:44,17950.0,5000,Sell,235648399
2024-08-29 09:48:44,17950.0,5000,Sell,235648400
2024-08-29 09:48:44,17950.0,1000,Sell,235648401
2024-08-29 09:48:59,17950.0,500,Sell,235648705
2024-08-29 09:49:12,18000.0,300,Buy,235648990
2024-08-29 09:49:13,17950.0,2000,Sell,235649019
2024-08-29 09:49:14,18000.0,2000,Buy,235649054
2024-08-29 09:49:16,18000.0,100,Buy,235649146
2024-08-29 09:49:36,17950.0,3000,Sell,235649685
2024-08-29 09:49:39,17950.0,2000,Sell,235649772
2024-08-29 09:49:41,18000.0,1000,Buy,235649792
2024-08-29 09:49:46,17950.0,4000,Sell,235649876
2024-08-29 09:49:49,18000.0,2400,Buy,235649921
2024-08-29 09:49:49,18000.0,600,Buy,235649922
2024-08-29 09:50:06,18000.0,5000,Buy,235650295
2024-08-29 09:50:14,18000.0,200,Buy,235650543
2024-08-29 09:50:23,17950.0,4800,Sell,235650732
2024-08-29 09:50:29,17950.0,3300,Sell,235650907
2024-08-29 09:50:33,17950.0,100,Sell,235651017
2024-08-29 09:50:38,17950.0,5000,Sell,235651170
2024-08-29 09:50:40,17950.0,100,Sell,235651211
2024-08-29 09:50:50,18000.0,300,Buy,235651369
2024-08-29 09:50:51,17950.0,5700,Sell,235651428
2024-08-29 09:50:52,17950.0,5900,Sell,235651468
2024-08-29 09:50:53,17950.0,200,Sell,235651477
2024-08-29 09:51:01,17950.0,4400,Sell,235651593
2024-08-29 09:51:02,17950.0,1000,Sell,235651599
2024-08-29 09:51:14,17950.0,600,Sell,235651835
2024-08-29 09:51:18,17950.0,200,Sell,235651897
2024-08-29 09:51:18,17950.0,300,Sell,235651898
2024-08-29 09:51:23,17950.0,1000,Sell,235652057
2024-08-29 09:51:23,17950.0,100,Sell,235652056
2024-08-29 09:51:23,17950.0,2000,Sell,235652059
2024-08-29 09:51:23,17950.0,1000,Sell,235652060
2024-08-29 09:51:23,17950.0,6000,Sell,235652063
2024-08-29 09:51:23,17950.0,900,Sell,235652062
2024-08-29 09:51:23,17950.0,500,Sell,235652064
2024-08-29 09:51:23,17950.0,200,Sell,235652065
2024-08-29 09:51:23,17950.0,600,Sell,235652061
2024-08-29 09:51:23,17950.0,200,Sell,235652055
2024-08-29 09:51:23,17950.0,9500,Sell,235652058
2024-08-29 09:51:23,17950.0,500,Sell,235652053
2024-08-29 09:51:23,17950.0,700,Sell,235652043
2024-08-29 09:51:23,17950.0,4000,Sell,235652044
2024-08-29 09:51:23,17950.0,10000,Sell,235652045
2024-08-29 09:51:23,17950.0,500,Sell,235652046
2024-08-29 09:51:23,17950.0,2000,Sell,235652047
2024-08-29 09:51:23,17950.0,100,Sell,235652054
2024-08-29 09:51:23,17950.0,1000,Sell,235652049
2024-08-29 09:51:23,17950.0,800,Sell,235652050
2024-08-29 09:51:23,17950.0,200,Sell,235652051
2024-08-29 09:51:23,17950.0,800,Sell,235652052
2024-08-29 09:51:23,17950.0,1000,Sell,235652048
2024-08-29 09:51:25,17900.0,19300,Sell,235652094
2024-08-29 09:51:25,17900.0,6000,Sell,235652095
2024-08-29 09:51:25,17900.0,100,Sell,235652096
2024-08-29 09:51:25,17900.0,12000,Sell,235652097
2024-08-29 09:51:25,17900.0,500,Sell,235652098
2024-08-29 09:51:25,17900.0,9400,Sell,235652099
2024-08-29 09:51:26,17950.0,400,Buy,235652125
2024-08-29 09:51:55,17950.0,100,Buy,235652686
2024-08-29 09:51:59,17950.0,100,Buy,235652756
2024-08-29 09:52:29,17900.0,4500,Sell,235653304
2024-08-29 09:52:37,17900.0,3700,Sell,235653490
2024-08-29 09:52:47,17900.0,14000,Sell,235653661
2024-08-29 09:52:55,17900.0,3000,Sell,235653840
2024-08-29 09:52:58,17900.0,100,Sell,235653956
2024-08-29 09:52:58,17900.0,100,Sell,235653957
2024-08-29 09:52:58,17900.0,1000,Sell,235653958
2024-08-29 09:52:58,17900.0,4400,Sell,235653955
2024-08-29 09:53:02,17900.0,4000,Sell,235654035
2024-08-29 09:53:02,17900.0,1000,Sell,235654036
2024-08-29 09:53:02,17950.0,800,Buy,235654040
2024-08-29 09:53:05,17950.0,5000,Buy,235654161
2024-08-29 09:53:06,17900.0,1000,Sell,235654199
2024-08-29 09:53:18,17900.0,100,Sell,235654408
2024-08-29 09:53:44,17900.0,8000,Sell,235655031
2024-08-29 09:53:55,17900.0,4900,Sell,235655249
2024-08-29 09:53:56,17900.0,1000,Sell,235655281
2024-08-29 09:54:03,17900.0,7000,Sell,235655426
2024-08-29 09:54:07,17900.0,600,Sell,235655498
2024-08-29 09:54:20,17900.0,8200,Sell,235655758
2024-08-29 09:54:28,17950.0,5000,Buy,235655971
2024-08-29 09:54:31,17900.0,10000,Sell,235656011
2024-08-29 09:54:43,17900.0,10000,Sell,235656283
2024-08-29 09:54:43,17900.0,5000,Sell,235656285
2024-08-29 09:54:53,17950.0,200,Buy,235656584
2024-08-29 09:55:02,17950.0,2500,Buy,235656766
2024-08-29 09:55:14,17950.0,2300,Buy,235656993
2024-08-29 09:55:14,17950.0,7700,Buy,235656994
2024-08-29 09:55:25,17900.0,7400,Sell,235657160
2024-08-29 09:55:46,17900.0,3000,Sell,235657583
2024-08-29 09:55:53,17900.0,2500,Sell,235657759
2024-08-29 09:56:20,17900.0,900,Sell,235658229
2024-08-29 09:56:20,17900.0,100,Sell,235658228
2024-08-29 09:56:20,17900.0,200,Sell,235658226
2024-08-29 09:56:20,17900.0,1500,Sell,235658227
2024-08-29 09:56:20,17900.0,17300,Sell,235658225
2024-08-29 09:56:22,17900.0,200,Sell,235658268
2024-08-29 09:56:24,17900.0,2600,Sell,235658310
2024-08-29 09:56:24,17900.0,900,Sell,235658307
2024-08-29 09:56:24,17900.0,200,Sell,235658308
2024-08-29 09:56:24,17900.0,300,Sell,235658309
2024-08-29 09:56:35,17900.0,8000,Sell,235658525
2024-08-29 09:56:42,17900.0,1500,Sell,235658664
2024-08-29 09:56:45,17900.0,2000,Sell,235658697
2024-08-29 09:56:58,17900.0,5900,Sell,235658914
2024-08-29 09:56:58,17900.0,5000,Sell,235658915
2024-08-29 09:56:58,17900.0,1100,Sell,235658916
2024-08-29 09:57:12,17900.0,1300,Sell,235659171
2024-08-29 09:57:12,17900.0,2000,Sell,235659172
2024-08-29 09:57:12,17900.0,10000,Sell,235659173
2024-08-29 09:57:12,17900.0,1700,Sell,235659174
2024-08-29 09:57:12,17900.0,1300,Sell,235659175
2024-08-29 09:57:12,17900.0,300,Sell,235659176
2024-08-29 09:57:12,17900.0,200,Sell,235659178
2024-08-29 09:57:12,17900.0,8000,Sell,235659179
2024-08-29 09:57:12,17900.0,2000,Sell,235659180
2024-08-29 09:57:12,17900.0,100,Sell,235659170
2024-08-29 09:57:12,17900.0,1300,Sell,235659181
2024-08-29 09:57:12,17900.0,10000,Sell,235659182
2024-08-29 09:57:12,17900.0,1000,Sell,235659177
2024-08-29 09:57:12,17900.0,300,Sell,235659169
2024-08-29 09:57:12,17900.0,9000,Sell,235659155
2024-08-29 09:57:12,17900.0,100,Sell,235659167
2024-08-29 09:57:12,17900.0,20000,Sell,235659168
2024-08-29 09:57:12,17900.0,2900,Sell,235659153
2024-08-29 09:57:12,17900.0,500,Sell,235659156
2024-08-29 09:57:12,17900.0,1000,Sell,235659157
2024-08-29 09:57:12,17900.0,400,Sell,235659158
2024-08-29 09:57:12,17900.0,200,Sell,235659159
2024-08-29 09:57:12,17900.0,2000,Sell,235659154
2024-08-29 09:57:12,17900.0,2600,Sell,235659161
2024-08-29 09:57:12,17900.0,100,Sell,235659165
2024-08-29 09:57:12,17900.0,100,Sell,235659160
2024-08-29 09:57:12,17900.0,10000,Sell,235659166
2024-08-29 09:57:12,17900.0,500,Sell,235659163
2024-08-29 09:57:12,17900.0,100,Sell,235659164
2024-08-29 09:57:12,17900.0,1000,Sell,235659162
2024-08-29 09:57:21,17900.0,400,Buy,235659388
2024-08-29 09:57:23,17900.0,300,Buy,235659430
2024-08-29 09:57:31,17900.0,1000,Buy,235659565
2024-08-29 09:57:31,17900.0,100,Buy,235659568
2024-08-29 09:58:32,17900.0,1000,Buy,235660538
2024-08-29 09:59:05,17850.0,2100,Sell,235661100
2024-08-29 09:59:28,17850.0,2000,Sell,235661490
2024-08-29 10:00:06,17900.0,10000,Buy,235662167
2024-08-29 10:00:08,17900.0,4400,Buy,235662179
2024-08-29 10:00:42,17850.0,200,Sell,235662763
2024-08-29 10:00:56,17850.0,1000,Sell,235662988
2024-08-29 10:02:09,17900.0,100,Buy,235664116
2024-08-29 10:02:25,17900.0,2000,Buy,235664422
2024-08-29 10:02:56,17850.0,7200,Sell,235664981
2024-08-29 10:02:56,17850.0,800,Sell,235664979
2024-08-29 10:03:32,17850.0,100,Sell,235665474
2024-08-29 10:03:49,17900.0,600,Buy,235665842
2024-08-29 10:04:03,17900.0,2800,Buy,235666100
2024-08-29 10:04:12,17900.0,4000,Buy,235666317
2024-08-29 10:04:17,17900.0,800,Buy,235666391
2024-08-29 10:04:20,17900.0,100,Buy,235666421
2024-08-29 10:04:28,17900.0,600,Buy,235666564
2024-08-29 10:04:28,17900.0,400,Buy,235666565
2024-08-29 10:04:35,17900.0,100,Buy,235666739
2024-08-29 10:04:35,17900.0,1400,Buy,235666740
2024-08-29 10:04:35,17850.0,100,Sell,235666691
2024-08-29 10:04:40,17900.0,13600,Buy,235666812
2024-08-29 10:04:40,17900.0,36400,Buy,235666813
2024-08-29 10:04:42,17900.0,200,Buy,235666851
2024-08-29 10:04:44,17900.0,1000,Buy,235666911
2024-08-29 10:04:48,17900.0,300,Buy,235666950
2024-08-29 10:04:52,17900.0,5000,Buy,235667019
2024-08-29 10:04:55,17900.0,8900,Buy,235667084
2024-08-29 10:04:55,17900.0,2000,Buy,235667085
2024-08-29 10:04:55,17900.0,1000,Buy,235667086
2024-08-29 10:04:55,17900.0,1000,Buy,235667087
2024-08-29 10:04:55,17900.0,500,Buy,235667088
2024-08-29 10:04:55,17900.0,7600,Buy,235667089
2024-08-29 10:04:55,17900.0,19000,Buy,235667083
2024-08-29 10:04:58,17900.0,3000,Buy,235667164
2024-08-29 10:04:58,17900.0,200,Buy,235667165
2024-08-29 10:04:58,17900.0,1900,Buy,235667162
2024-08-29 10:04:58,17900.0,3000,Buy,235667163
2024-08-29 10:05:00,17900.0,200,Buy,235667208
2024-08-29 10:05:00,17900.0,100,Buy,235667209
2024-08-29 10:05:00,17900.0,100,Buy,235667210
2024-08-29 10:05:00,17900.0,400,Buy,235667211
2024-08-29 10:05:00,17900.0,100,Buy,235667212
2024-08-29 10:05:00,17900.0,19300,Buy,235667213
2024-08-29 10:05:04,17900.0,100,Buy,235667286
2024-08-29 10:05:04,17900.0,900,Buy,235667287
2024-08-29 10:05:04,17900.0,200,Buy,235667285
2024-08-29 10:05:04,17900.0,700,Buy,235667275
2024-08-29 10:05:04,17900.0,300,Buy,235667277
2024-08-29 10:05:04,17900.0,1000,Buy,235667276
2024-08-29 10:05:04,17900.0,1800,Buy,235667284
2024-08-29 10:05:05,17900.0,1000,Buy,235667318
2024-08-29 10:05:05,17900.0,1000,Buy,235667319
2024-08-29 10:05:05,17900.0,300,Buy,235667320
2024-08-29 10:05:05,17900.0,600,Buy,235667321
2024-08-29 10:05:06,17900.0,5000,Buy,235667332
2024-08-29 10:05:07,17900.0,2000,Buy,235667343
2024-08-29 10:05:09,17900.0,800,Buy,235667397
2024-08-29 10:05:10,17900.0,500,Buy,235667412
2024-08-29 10:05:18,17900.0,200,Buy,235667557
2024-08-29 10:05:18,17900.0,400,Buy,235667556
2024-08-29 10:05:18,17900.0,900,Buy,235667555
2024-08-29 10:05:18,17900.0,1100,Buy,235667554
2024-08-29 10:05:33,17900.0,400,Sell,235667959
2024-08-29 10:05:33,17900.0,100,Sell,235667960
2024-08-29 10:05:42,17900.0,6400,Sell,235668079
2024-08-29 10:05:42,17900.0,900,Sell,235668071
2024-08-29 10:05:42,17900.0,3200,Sell,235668072
2024-08-29 10:05:43,17900.0,5200,Buy,235668091
2024-08-29 10:05:49,17900.0,6800,Sell,235668221
2024-08-29 10:06:03,17900.0,1000,Buy,235668505
2024-08-29 10:06:34,17900.0,500,Buy,235669060
2024-08-29 10:06:42,17900.0,500,Buy,235669403
2024-08-29 10:06:52,17900.0,300,Buy,235669719
2024-08-29 10:07:00,17900.0,300,Buy,235669838
2024-08-29 10:07:19,17900.0,600,Buy,235670156
2024-08-29 10:07:19,17900.0,4400,Buy,235670157
2024-08-29 10:07:22,17900.0,100,Buy,235670234
2024-08-29 10:07:29,17900.0,200,Buy,235670331
2024-08-29 10:07:35,17900.0,200,Buy,235670468
2024-08-29 10:08:04,17900.0,1000,Buy,235670987
2024-08-29 10:08:33,17900.0,100,Buy,235671512
2024-08-29 10:08:38,17900.0,100,Buy,235671567
2024-08-29 10:08:39,17900.0,300,Buy,235671582
2024-08-29 10:08:48,17900.0,100,Buy,235671749
2024-08-29 10:08:49,17850.0,100,Sell,235671770
2024-08-29 10:08:56,17850.0,100,Sell,235671921
2024-08-29 10:09:02,17900.0,7800,Buy,235672056
2024-08-29 10:09:02,17900.0,1000,Buy,235672057
2024-08-29 10:09:02,17900.0,1200,Buy,235672058
2024-08-29 10:09:14,17900.0,100,Buy,235672256
2024-08-29 10:09:15,17900.0,3700,Buy,235672276
2024-08-29 10:09:15,17900.0,100,Buy,235672277
2024-08-29 10:09:15,17900.0,3200,Buy,235672278
2024-08-29 10:09:23,17900.0,3300,Buy,235672444
2024-08-29 10:09:23,17900.0,6700,Buy,235672445
2024-08-29 10:09:37,17900.0,1100,Buy,235672821
2024-08-29 10:09:37,17900.0,3300,Buy,235672820
2024-08-29 10:09:54,17900.0,4000,Buy,235673170
2024-08-29 10:10:04,17900.0,600,Buy,235673441
2024-08-29 10:10:56,17850.0,2000,Sell,235674782
2024-08-29 10:10:59,17850.0,1900,Sell,235674849
2024-08-29 10:11:02,17900.0,3000,Buy,235674914
2024-08-29 10:11:02,17900.0,4000,Buy,235674915
2024-08-29 10:11:02,17900.0,2000,Buy,235674916
2024-08-29 10:11:02,17900.0,1000,Buy,235674917
2024-08-29 10:11:15,17900.0,600,Buy,235675295
2024-08-29 10:11:44,17850.0,8500,Sell,235675784
2024-08-29 10:11:44,17850.0,200,Sell,235675785
2024-08-29 10:11:44,17850.0,100,Sell,235675786
2024-08-29 10:12:04,17850.0,2000,Sell,235676188
2024-08-29 10:12:15,17850.0,900,Sell,235676379
2024-08-29 10:12:15,17850.0,400,Sell,235676380
2024-08-29 10:12:34,17850.0,600,Sell,235676781
2024-08-29 10:12:34,17850.0,2000,Sell,235676782
2024-08-29 10:12:34,17850.0,3000,Sell,235676783
2024-08-29 10:12:34,17850.0,4400,Sell,235676784
2024-08-29 10:12:45,17850.0,1300,Sell,235677024
2024-08-29 10:12:45,17850.0,600,Sell,235677023
2024-08-29 10:12:56,17900.0,100,Buy,235677259
2024-08-29 10:13:04,17850.0,500,Sell,235677365
2024-08-29 10:13:24,17850.0,3200,Sell,235677743
2024-08-29 10:13:24,17850.0,400,Sell,235677744
2024-08-29 10:13:24,17850.0,100,Sell,235677745
2024-08-29 10:13:24,17850.0,1700,Sell,235677746
2024-08-29 10:13:46,17900.0,7800,Buy,235678152
2024-08-29 10:13:46,17900.0,2200,Buy,235678153
2024-08-29 10:13:51,17900.0,400,Buy,235678221
2024-08-29 10:14:02,17900.0,7000,Buy,235678392
2024-08-29 10:14:16,17850.0,5800,Sell,235678596
2024-08-29 10:14:25,17850.0,2500,Sell,235678748
2024-08-29 10:14:25,17850.0,200,Sell,235678749
2024-08-29 10:14:39,17850.0,7300,Sell,235679032
2024-08-29 10:15:19,17900.0,100,Buy,235679669
2024-08-29 10:15:45,17850.0,200,Sell,235680051
2024-08-29 10:15:47,17900.0,2700,Buy,235680074
2024-08-29 10:15:47,17900.0,2300,Buy,235680073
2024-08-29 10:16:04,17850.0,1900,Sell,235680354
2024-08-29 10:16:18,17900.0,1000,Buy,235680610
2024-08-29 10:16:56,17850.0,500,Sell,235681133
2024-08-29 10:16:56,17850.0,600,Sell,235681135
2024-08-29 10:16:56,17850.0,400,Sell,235681132
2024-08-29 10:16:56,17850.0,500,Sell,235681134
2024-08-29 10:17:43,17850.0,4400,Sell,235681878
2024-08-29 10:17:43,17850.0,100,Sell,235681879
2024-08-29 10:17:43,17850.0,500,Sell,235681880
2024-08-29 10:17:43,17850.0,300,Sell,235681881
2024-08-29 10:17:43,17850.0,100,Sell,235681882
2024-08-29 10:17:43,17850.0,100,Sell,235681883
2024-08-29 10:18:22,17850.0,900,Sell,235682591
2024-08-29 10:18:22,17850.0,600,Sell,235682592
2024-08-29 10:18:53,17850.0,100,Sell,235683155
2024-08-29 10:18:55,17850.0,300,Sell,235683195
2024-08-29 10:18:55,17850.0,100,Sell,235683196
2024-08-29 10:18:55,17850.0,200,Sell,235683197
2024-08-29 10:18:55,17850.0,400,Sell,235683198
2024-08-29 10:19:04,17850.0,200,Sell,235683335
2024-08-29 10:19:04,17850.0,200,Sell,235683334
2024-08-29 10:19:04,17850.0,2600,Sell,235683333
2024-08-29 10:19:26,17850.0,100,Sell,235683779
2024-08-29 10:19:26,17850.0,100,Sell,235683780
2024-08-29 10:19:26,17850.0,800,Sell,235683781
2024-08-29 10:19:29,17850.0,200,Sell,235683819
2024-08-29 10:19:29,17850.0,300,Sell,235683820
2024-08-29 10:19:29,17850.0,800,Sell,235683821
2024-08-29 10:19:29,17850.0,1700,Sell,235683822
2024-08-29 10:19:51,17850.0,500,Sell,235684144
2024-08-29 10:20:13,17850.0,1000,Sell,235684553
2024-08-29 10:20:58,17850.0,1000,Sell,235685344
2024-08-29 10:21:06,17850.0,800,Sell,235685558
2024-08-29 10:21:06,17850.0,1000,Sell,235685559
2024-08-29 10:21:06,17850.0,200,Sell,235685560
2024-08-29 10:21:14,17850.0,200,Sell,235685677
2024-08-29 10:21:14,17850.0,1000,Sell,235685675
2024-08-29 10:21:14,17850.0,2000,Sell,235685676
2024-08-29 10:21:14,17850.0,1000,Sell,235685673
2024-08-29 10:21:14,17850.0,4800,Sell,235685672
2024-08-29 10:21:14,17850.0,1000,Sell,235685674
2024-08-29 10:21:39,17850.0,2200,Sell,235686101
2024-08-29 10:21:39,17850.0,1000,Sell,235686102
2024-08-29 10:21:39,17850.0,900,Sell,235686103
2024-08-29 10:21:39,17850.0,5000,Sell,235686104
2024-08-29 10:21:39,17850.0,900,Sell,235686105
2024-08-29 10:21:47,17850.0,100,Sell,235686243
2024-08-29 10:21:47,17850.0,1000,Sell,235686244
2024-08-29 10:21:47,17850.0,1600,Sell,235686245
2024-08-29 10:22:02,17850.0,200,Sell,235686484
2024-08-29 10:22:24,17850.0,100,Sell,235686877
2024-08-29 10:22:24,17850.0,200,Sell,235686875
2024-08-29 10:22:24,17850.0,1000,Sell,235686874
2024-08-29 10:22:24,17850.0,400,Sell,235686876
2024-08-29 10:22:24,17850.0,4000,Sell,235686872
2024-08-29 10:22:24,17850.0,500,Sell,235686871
2024-08-29 10:22:24,17850.0,3000,Sell,235686870
2024-08-29 10:22:24,17850.0,300,Sell,235686869
2024-08-29 10:22:24,17850.0,500,Sell,235686873
2024-08-29 10:22:40,17850.0,100,Sell,235687122
2024-08-29 10:23:01,17900.0,100,Buy,235687591
2024-08-29 10:23:01,17900.0,100,Buy,235687592
2024-08-29 10:23:01,17900.0,200,Buy,235687593
2024-08-29 10:23:01,17900.0,2600,Buy,235687594
2024-08-29 10:24:08,17900.0,100,Buy,235688433
2024-08-29 10:24:08,17900.0,400,Buy,235688432
2024-08-29 10:24:58,17900.0,500,Buy,235689270
2024-08-29 10:25:09,17900.0,100,Buy,235689419
2024-08-29 10:25:28,17850.0,100,Sell,235689701
2024-08-29 10:25:28,17850.0,1000,Sell,235689702
2024-08-29 10:25:28,17850.0,100,Sell,235689703
2024-08-29 10:25:28,17850.0,2000,Sell,235689704
2024-08-29 10:25:28,17850.0,1000,Sell,235689705
2024-08-29 10:25:35,17850.0,1000,Sell,235689807
2024-08-29 10:25:35,17850.0,400,Sell,235689805
2024-08-29 10:25:35,17850.0,200,Sell,235689806
2024-08-29 10:25:35,17850.0,3000,Sell,235689803
2024-08-29 10:25:35,17850.0,200,Sell,235689804
2024-08-29 10:25:35,17850.0,1000,Sell,235689802
2024-08-29 10:25:41,17900.0,10800,Buy,235689911
2024-08-29 10:25:41,17900.0,3100,Buy,235689908
2024-08-29 10:25:41,17900.0,4000,Buy,235689909
2024-08-29 10:25:41,17900.0,100,Buy,235689910
2024-08-29 10:25:51,17850.0,1300,Sell,235690021
2024-08-29 10:25:51,17850.0,1000,Sell,235690022
2024-08-29 10:25:51,17850.0,100,Sell,235690023
2024-08-29 10:25:51,17850.0,3000,Sell,235690024
2024-08-29 10:25:51,17850.0,100,Sell,235690025
2024-08-29 10:25:51,17850.0,500,Sell,235690026
2024-08-29 10:25:51,17850.0,1000,Sell,235690027
2024-08-29 10:27:05,17850.0,100,Sell,235691173
2024-08-29 10:27:26,17900.0,1900,Buy,235691546
2024-08-29 10:28:14,17900.0,11500,Buy,235692345
2024-08-29 10:28:14,17900.0,1900,Buy,235692342
2024-08-29 10:28:14,17900.0,4300,Buy,235692344
2024-08-29 10:28:14,17900.0,100,Buy,235692340
2024-08-29 10:28:14,17900.0,400,Buy,235692341
2024-08-29 10:28:14,17900.0,2300,Buy,235692338
2024-08-29 10:28:14,17900.0,5000,Buy,235692343
2024-08-29 10:28:14,17900.0,4500,Buy,235692339
2024-08-29 10:30:10,17850.0,1000,Sell,235693881
2024-08-29 10:31:13,17850.0,100,Sell,235694783
2024-08-29 10:31:13,17850.0,400,Sell,235694784
2024-08-29 10:31:13,17850.0,1000,Sell,235694785
2024-08-29 10:31:13,17850.0,1000,Sell,235694786
2024-08-29 10:31:13,17850.0,100,Sell,235694788
2024-08-29 10:31:13,17850.0,400,Sell,235694787
2024-08-29 10:31:20,17850.0,100,Sell,235694878
2024-08-29 10:31:20,17850.0,400,Sell,235694879
2024-08-29 10:31:20,17850.0,500,Sell,235694880
2024-08-29 10:31:20,17850.0,2900,Sell,235694881
2024-08-29 10:31:20,17850.0,1700,Sell,235694882
2024-08-29 10:31:20,17850.0,900,Sell,235694883
2024-08-29 10:32:30,17850.0,200,Sell,235695847
2024-08-29 10:32:30,17850.0,1800,Sell,235695848
2024-08-29 10:32:30,17850.0,1000,Sell,235695846
2024-08-29 10:32:30,17850.0,200,Sell,235695844
2024-08-29 10:32:30,17850.0,300,Sell,235695845
2024-08-29 10:33:57,17850.0,2000,Sell,235697112
2024-08-29 10:34:18,17850.0,2000,Sell,235697383
2024-08-29 10:34:19,17850.0,1000,Sell,235697406
2024-08-29 10:35:19,17850.0,1000,Sell,235698088
2024-08-29 10:36:10,17900.0,31400,Buy,235698669
2024-08-29 10:36:38,17900.0,1400,Buy,235698940
2024-08-29 10:36:56,17900.0,5700,Buy,235699114
2024-08-29 10:36:56,17900.0,100,Buy,235699115
2024-08-29 10:36:56,17900.0,100,Buy,235699116
2024-08-29 10:36:56,17900.0,2500,Buy,235699117
2024-08-29 10:36:56,17900.0,2000,Buy,235699118
2024-08-29 10:36:56,17900.0,600,Buy,235699119
2024-08-29 10:36:59,17850.0,200,Sell,235699150
2024-08-29 10:37:17,17900.0,600,Buy,235699318
2024-08-29 10:38:09,17850.0,2000,Sell,235699856
2024-08-29 10:38:09,17850.0,3000,Sell,235699857
2024-08-29 10:38:14,17900.0,1300,Buy,235699952
2024-08-29 10:38:14,17900.0,600,Buy,235699951
2024-08-29 10:38:42,17900.0,800,Buy,235700228
2024-08-29 10:38:49,17900.0,3000,Buy,235700324
2024-08-29 10:38:53,17900.0,900,Buy,235700366
2024-08-29 10:38:53,17900.0,1000,Buy,235700367
2024-08-29 10:38:53,17900.0,20000,Buy,235700368
2024-08-29 10:38:53,17900.0,5000,Buy,235700369
2024-08-29 10:38:53,17900.0,900,Buy,235700370
2024-08-29 10:38:56,17900.0,600,Buy,235700399
2024-08-29 10:38:56,17900.0,200,Buy,235700400
2024-08-29 10:39:27,17900.0,2900,Buy,235700789
2024-08-29 10:40:48,17850.0,100,Sell,235702059
2024-08-29 10:40:48,17850.0,1600,Sell,235702060
2024-08-29 10:40:48,17850.0,3000,Sell,235702061
2024-08-29 10:40:48,17850.0,2300,Sell,235702062
2024-08-29 10:40:51,17900.0,1000,Buy,235702098
2024-08-29 10:40:59,17850.0,3000,Sell,235702180
2024-08-29 10:41:31,17850.0,1000,Sell,235702527
2024-08-29 10:43:03,17900.0,2300,Buy,235703595
2024-08-29 10:43:26,17900.0,500,Buy,235703829
2024-08-29 10:44:13,17850.0,1000,Sell,235704353
2024-08-29 10:44:14,17900.0,2000,Buy,235704364
2024-08-29 10:44:28,17850.0,200,Sell,235704571
2024-08-29 10:45:08,17850.0,14000,Sell,235704994
2024-08-29 10:45:08,17850.0,500,Sell,235705019
2024-08-29 10:45:08,17850.0,100,Sell,235705018
2024-08-29 10:45:08,17850.0,200,Sell,235705017
2024-08-29 10:45:08,17850.0,1000,Sell,235705016
2024-08-29 10:45:08,17850.0,200,Sell,235705015
2024-08-29 10:45:08,17850.0,5000,Sell,235705014
2024-08-29 10:45:08,17850.0,500,Sell,235705013
2024-08-29 10:45:08,17850.0,5000,Sell,235705012
2024-08-29 10:45:08,17850.0,22500,Sell,235704993
2024-08-29 10:45:08,17850.0,100,Sell,235705009
2024-08-29 10:45:08,17850.0,500,Sell,235705008
2024-08-29 10:45:08,17850.0,5000,Sell,235705007
2024-08-29 10:45:08,17850.0,200,Sell,235705011
2024-08-29 10:45:08,17850.0,100,Sell,235705005
2024-08-29 10:45:08,17850.0,33000,Sell,235704995
2024-08-29 10:45:08,17850.0,300,Sell,235705006
2024-08-29 10:45:08,17850.0,1000,Sell,235704997
2024-08-29 10:45:08,17850.0,100,Sell,235704998
2024-08-29 10:45:08,17850.0,100,Sell,235704999
2024-08-29 10:45:08,17850.0,10000,Sell,235704996
2024-08-29 10:45:08,17850.0,200,Sell,235705001
2024-08-29 10:45:08,17850.0,13400,Sell,235705002
2024-08-29 10:45:08,17850.0,5000,Sell,235705003
2024-08-29 10:45:08,17850.0,1000,Sell,235705004
2024-08-29 10:45:08,17850.0,1800,Sell,235705000
2024-08-29 10:45:08,17850.0,100,Sell,235705010
2024-08-29 10:45:38,17800.0,100,Sell,235705320
2024-08-29 10:45:39,17800.0,1800,Sell,235705341
2024-08-29 10:45:46,17850.0,100,Buy,235705408
2024-08-29 10:46:07,17800.0,100,Sell,235705633
2024-08-29 10:46:36,17850.0,1400,Buy,235705946
2024-08-29 10:46:50,17850.0,2000,Buy,235706048
2024-08-29 10:47:31,17850.0,100,Buy,235706513
2024-08-29 10:47:35,17850.0,1600,Buy,235706548
2024-08-29 10:47:39,17850.0,2000,Buy,235706590
2024-08-29 10:47:40,17850.0,100,Buy,235706597
2024-08-29 10:47:52,17850.0,500,Buy,235706728
2024-08-29 10:47:52,17850.0,100,Buy,235706730
2024-08-29 10:47:52,17850.0,1800,Buy,235706727
2024-08-29 10:47:52,17850.0,500,Buy,235706729
2024-08-29 10:47:54,17800.0,2000,Sell,235706748
2024-08-29 10:48:12,17800.0,4400,Sell,235706923
2024-08-29 10:48:12,17800.0,200,Sell,235706924
2024-08-29 10:48:47,17850.0,500,Buy,235707501
2024-08-29 10:49:15,17850.0,7100,Buy,235707955
2024-08-29 10:49:18,17850.0,500,Buy,235707994
2024-08-29 10:49:29,17850.0,5900,Buy,235708125
2024-08-29 10:49:29,17850.0,800,Buy,235708126
2024-08-29 10:49:41,17850.0,3000,Buy,235708266
2024-08-29 10:49:43,17850.0,5700,Buy,235708305
2024-08-29 10:49:43,17850.0,300,Buy,235708306
2024-08-29 10:49:54,17850.0,1000,Buy,235708475
2024-08-29 10:50:03,17850.0,1000,Buy,235708644
2024-08-29 10:50:03,17850.0,3100,Buy,235708645
2024-08-29 10:50:11,17850.0,500,Buy,235708721
2024-08-29 10:50:12,17850.0,1000,Buy,235708750
2024-08-29 10:50:15,17850.0,2000,Buy,235708779
2024-08-29 10:50:19,17850.0,2900,Buy,235708826
2024-08-29 10:50:19,17850.0,7100,Buy,235708827
2024-08-29 10:50:29,17850.0,100,Buy,235708992
2024-08-29 10:50:30,17850.0,1900,Buy,235709028
2024-08-29 10:50:30,17850.0,400,Buy,235709062
2024-08-29 10:50:30,17850.0,1500,Buy,235709063
2024-08-29 10:50:31,17850.0,600,Buy,235709102
2024-08-29 10:50:32,17850.0,5100,Buy,235709116
2024-08-29 10:50:32,17850.0,4900,Buy,235709115
2024-08-29 10:50:32,17850.0,2500,Buy,235709114
2024-08-29 10:50:40,17850.0,3000,Buy,235709274
2024-08-29 10:50:44,17850.0,7200,Buy,235709305
2024-08-29 10:50:46,17850.0,2700,Buy,235709335
2024-08-29 10:50:56,17900.0,1900,Buy,235709468
2024-08-29 10:51:18,17850.0,2300,Sell,235709762
2024-08-29 10:51:18,17850.0,2700,Sell,235709763
2024-08-29 10:51:45,17850.0,1800,Sell,235710166
2024-08-29 10:52:33,17850.0,400,Sell,235710906
2024-08-29 10:53:05,17850.0,2000,Sell,235711337
2024-08-29 10:53:05,17850.0,100,Sell,235711343
2024-08-29 10:53:05,17850.0,2000,Sell,235711342
2024-08-29 10:53:05,17850.0,1000,Sell,235711341
2024-08-29 10:53:05,17850.0,6100,Sell,235711336
2024-08-29 10:53:05,17850.0,2000,Sell,235711339
2024-08-29 10:53:05,17850.0,3700,Sell,235711340
2024-08-29 10:53:05,17850.0,2000,Sell,235711338
2024-08-29 10:53:36,17850.0,1100,Buy,235711773
2024-08-29 10:53:36,17850.0,6100,Buy,235711774
2024-08-29 10:53:48,17850.0,500,Buy,235711909
2024-08-29 10:53:56,17850.0,4400,Buy,235712028
2024-08-29 10:53:56,17850.0,600,Buy,235712029
2024-08-29 10:54:07,17850.0,1000,Buy,235712233
2024-08-29 10:54:35,17850.0,7200,Buy,235712620
2024-08-29 10:54:46,17850.0,700,Buy,235712750
2024-08-29 10:54:46,17850.0,300,Buy,235712751
2024-08-29 10:55:04,17850.0,700,Buy,235712958
2024-08-29 10:55:04,17850.0,100,Buy,235712959
2024-08-29 10:55:04,17850.0,4800,Buy,235712960
2024-08-29 10:55:25,17850.0,300,Buy,235713209
2024-08-29 10:55:58,17850.0,1000,Buy,235713685
2024-08-29 10:55:59,17850.0,2000,Buy,235713770
2024-08-29 10:56:00,17850.0,2400,Buy,235713777
2024-08-29 10:56:00,17850.0,500,Buy,235713775
2024-08-29 10:56:00,17850.0,200,Buy,235713776
2024-08-29 10:56:00,17850.0,1900,Buy,235713774
2024-08-29 10:56:12,17850.0,200,Buy,235713856
2024-08-29 10:57:53,17850.0,500,Buy,235715017
2024-08-29 10:58:12,17850.0,400,Buy,235715260
2024-08-29 10:58:45,17850.0,2700,Buy,235715627
2024-08-29 10:58:45,17850.0,13800,Buy,235715628
2024-08-29 10:58:45,17850.0,3000,Buy,235715629
2024-08-29 10:58:45,17850.0,5000,Buy,235715630
2024-08-29 10:58:45,17850.0,100,Buy,235715631
2024-08-29 10:58:45,17850.0,3000,Buy,235715632
2024-08-29 10:58:45,17850.0,6500,Buy,235715633
2024-08-29 10:58:45,17850.0,400,Buy,235715634
2024-08-29 10:58:45,17850.0,100,Buy,235715635
2024-08-29 10:59:00,17850.0,15400,Sell,235715816
2024-08-29 10:59:09,17850.0,4800,Buy,235715971
2024-08-29 10:59:09,17850.0,1200,Sell,235715975
2024-08-29 10:59:15,17850.0,2000,Buy,235716101
2024-08-29 11:00:04,17850.0,7800,Buy,235716872
2024-08-29 11:00:04,17850.0,6000,Buy,235716873
2024-08-29 11:00:04,17850.0,2900,Buy,235716874
2024-08-29 11:00:04,17850.0,3300,Buy,235716871
2024-08-29 11:00:35,17850.0,1000,Buy,235717216
2024-08-29 11:01:04,17850.0,3100,Buy,235717583
2024-08-29 11:01:04,17850.0,5600,Buy,235717584
2024-08-29 11:01:04,17850.0,4500,Buy,235717586
2024-08-29 11:01:04,17850.0,9000,Buy,235717585
2024-08-29 11:01:14,17850.0,7800,Sell,235717699
2024-08-29 11:01:20,17850.0,2200,Buy,235717770
2024-08-29 11:01:22,17850.0,4000,Sell,235717784
2024-08-29 11:01:52,17850.0,11900,Sell,235718099
2024-08-29 11:02:10,17850.0,7000,Sell,235718255
2024-08-29 11:02:18,17850.0,3800,Sell,235718386
2024-08-29 11:02:21,17850.0,1000,Sell,235718417
2024-08-29 11:02:21,17850.0,1000,Sell,235718416
2024-08-29 11:02:21,17850.0,1100,Sell,235718414
2024-08-29 11:02:21,17850.0,1000,Sell,235718415
2024-08-29 11:02:52,17850.0,900,Buy,235718815
2024-08-29 11:02:52,17850.0,200,Buy,235718816
2024-08-29 11:02:52,17850.0,7000,Buy,235718817
2024-08-29 11:02:52,17850.0,3000,Buy,235718818
2024-08-29 11:02:52,17850.0,5000,Buy,235718819
2024-08-29 11:02:52,17850.0,1900,Buy,235718820
2024-08-29 11:02:58,17850.0,2000,Sell,235718902
2024-08-29 11:03:25,17850.0,1000,Buy,235719221
2024-08-29 11:03:25,17850.0,1000,Buy,235719220
2024-08-29 11:03:29,17850.0,4000,Buy,235719281
2024-08-29 11:03:48,17850.0,2000,Buy,235719500
2024-08-29 11:04:39,17850.0,2500,Buy,235720041
2024-08-29 11:04:44,17850.0,100,Buy,235720093
2024-08-29 11:04:47,17850.0,100,Buy,235720121
2024-08-29 11:04:56,17850.0,500,Buy,235720221
2024-08-29 11:05:07,17850.0,700,Buy,235720383
2024-08-29 11:05:16,17850.0,1600,Buy,235720520
2024-08-29 11:05:19,17850.0,1000,Buy,235720578
2024-08-29 11:05:27,17850.0,2000,Buy,235720660
2024-08-29 11:05:47,17850.0,1000,Buy,235720924
2024-08-29 11:05:48,17850.0,700,Buy,235720929
2024-08-29 11:05:48,17850.0,300,Buy,235720928
2024-08-29 11:06:09,17800.0,900,Sell,235721150
2024-08-29 11:06:19,17850.0,1000,Buy,235721257
2024-08-29 11:06:30,17850.0,500,Buy,235721408
2024-08-29 11:06:54,17850.0,100,Buy,235721659
2024-08-29 11:07:13,17850.0,2000,Buy,235721876
2024-08-29 11:07:56,17850.0,300,Buy,235722392
2024-08-29 11:08:02,17850.0,1000,Buy,235722457
2024-08-29 11:08:19,17850.0,2000,Buy,235722690
2024-08-29 11:08:40,17850.0,200,Buy,235722907
2024-08-29 11:08:40,17850.0,9800,Buy,235722908
2024-08-29 11:08:43,17850.0,800,Buy,235722945
2024-08-29 11:08:43,17850.0,200,Buy,235722943
2024-08-29 11:08:43,17850.0,5000,Buy,235722944
2024-08-29 11:08:48,17850.0,2000,Buy,235723007
2024-08-29 11:09:15,17850.0,7200,Buy,235723281
2024-08-29 11:09:15,17850.0,8500,Sell,235723282
2024-08-29 11:09:16,17850.0,200,Sell,235723296
2024-08-29 11:09:24,17850.0,4100,Sell,235723376
2024-08-29 11:09:24,17850.0,600,Sell,235723377
2024-08-29 11:09:32,17850.0,1900,Buy,235723513
2024-08-29 11:09:32,17850.0,2000,Sell,235723474
2024-08-29 11:09:32,17850.0,3700,Sell,235723473
2024-08-29 11:09:32,17850.0,1000,Sell,235723475
2024-08-29 11:09:43,17850.0,1200,Buy,235723652
2024-08-29 11:09:43,17850.0,1000,Buy,235723653
2024-08-29 11:09:43,17850.0,1000,Buy,235723663
2024-08-29 11:09:55,17850.0,500,Buy,235723884
2024-08-29 11:09:59,17850.0,100,Buy,235723959
2024-08-29 11:10:01,17850.0,2400,Buy,235723973
2024-08-29 11:10:01,17850.0,7600,Buy,235723972
2024-08-29 11:10:15,17850.0,3100,Buy,235724119
2024-08-29 11:10:15,17850.0,4500,Buy,235724120
2024-08-29 11:10:15,17850.0,6700,Buy,235724121
2024-08-29 11:10:15,17850.0,1000,Buy,235724122
2024-08-29 11:10:16,17850.0,4800,Sell,235724125
2024-08-29 11:10:20,17900.0,1900,Buy,235724183
2024-08-29 11:10:28,17850.0,6300,Sell,235724288
2024-08-29 11:10:41,17900.0,1100,Buy,235724594
2024-08-29 11:10:44,17850.0,1000,Sell,235724627
2024-08-29 11:10:44,17850.0,900,Sell,235724628
2024-08-29 11:10:44,17850.0,3600,Sell,235724625
2024-08-29 11:10:44,17850.0,1800,Sell,235724626
2024-08-29 11:11:04,17850.0,2000,Sell,235724888
2024-08-29 11:13:08,17900.0,100,Buy,235726313
2024-08-29 11:13:14,17900.0,500,Buy,235726404
2024-08-29 11:13:21,17900.0,5000,Buy,235726501
2024-08-29 11:13:21,17900.0,2000,Buy,235726496
2024-08-29 11:13:21,17900.0,1000,Buy,235726497
2024-08-29 11:13:21,17900.0,15000,Buy,235726498
2024-08-29 11:13:21,17900.0,6800,Buy,235726499
2024-08-29 11:13:21,17900.0,4000,Buy,235726500
2024-08-29 11:13:21,17900.0,100,Buy,235726502
2024-08-29 11:13:21,17900.0,2000,Buy,235726510
2024-08-29 11:13:21,17900.0,100,Buy,235726504
2024-08-29 11:13:21,17900.0,100,Buy,235726505
2024-08-29 11:13:21,17900.0,8000,Buy,235726506
2024-08-29 11:13:21,17900.0,100,Buy,235726507
2024-08-29 11:13:21,17900.0,500,Buy,235726509
2024-08-29 11:13:21,17900.0,500,Buy,235726495
2024-08-29 11:13:21,17900.0,500,Buy,235726503
2024-08-29 11:13:21,17900.0,6500,Buy,235726494
2024-08-29 11:13:21,17900.0,1000,Buy,235726508
2024-08-29 11:13:21,17900.0,400,Buy,235726492
2024-08-29 11:13:21,17900.0,51800,Buy,235726477
2024-08-29 11:13:21,17900.0,1000,Buy,235726478
2024-08-29 11:13:21,17900.0,2000,Buy,235726479
2024-08-29 11:13:21,17900.0,100,Buy,235726480
2024-08-29 11:13:21,17900.0,8000,Buy,235726481
2024-08-29 11:13:21,17900.0,300,Buy,235726482
2024-08-29 11:13:21,17900.0,1000,Buy,235726483
2024-08-29 11:13:21,17900.0,1000,Buy,235726493
2024-08-29 11:13:21,17900.0,1000,Buy,235726485
2024-08-29 11:13:21,17900.0,200,Buy,235726486
2024-08-29 11:13:21,17900.0,100,Buy,235726487
2024-08-29 11:13:21,17900.0,10000,Buy,235726488
2024-08-29 11:13:21,17900.0,100,Buy,235726489
2024-08-29 11:13:21,17900.0,500,Buy,235726490
2024-08-29 11:13:21,17900.0,11500,Buy,235726491
2024-08-29 11:13:21,17900.0,100,Buy,235726484
2024-08-29 11:14:22,17900.0,7300,Sell,235727288
2024-08-29 11:14:24,17900.0,400,Sell,235727319
2024-08-29 11:14:24,17900.0,900,Sell,235727320
2024-08-29 11:14:24,17900.0,500,Sell,235727321
2024-08-29 11:14:24,17900.0,1000,Sell,235727322
2024-08-29 11:14:24,17900.0,7200,Sell,235727323
2024-08-29 11:14:29,17900.0,6200,Sell,235727362
2024-08-29 11:14:52,17900.0,700,Sell,235727677
2024-08-29 11:14:52,17900.0,100,Sell,235727675
2024-08-29 11:14:52,17900.0,200,Sell,235727676
2024-08-29 11:15:05,17900.0,300,Sell,235727940
2024-08-29 11:15:05,17900.0,300,Sell,235727941
2024-08-29 11:15:05,17900.0,1000,Sell,235727942
2024-08-29 11:15:28,17900.0,2000,Buy,235728348
2024-08-29 11:15:42,17900.0,100,Buy,235728507
2024-08-29 11:15:53,17900.0,2000,Buy,235728665
2024-08-29 11:15:58,17900.0,500,Buy,235728724
2024-08-29 11:15:59,17900.0,200,Buy,235728730
2024-08-29 11:16:07,17900.0,100,Buy,235728917
2024-08-29 11:16:18,17900.0,300,Buy,235729079
2024-08-29 11:16:22,17900.0,1000,Buy,235729124
2024-08-29 11:16:28,17900.0,500,Buy,235729201
2024-08-29 11:16:40,17900.0,1000,Buy,235729368
2024-08-29 11:16:40,17850.0,300,Sell,235729383
2024-08-29 11:16:45,17900.0,1000,Buy,235729510
2024-08-29 11:16:51,17900.0,1000,Buy,235729603
2024-08-29 11:16:58,17900.0,6900,Buy,235729701
2024-08-29 11:16:58,17900.0,100,Buy,235729702
2024-08-29 11:16:58,17900.0,500,Buy,235729703
2024-08-29 11:16:58,17900.0,2500,Buy,235729704
2024-08-29 11:17:01,17900.0,100,Buy,235729721
2024-08-29 11:17:05,17900.0,4000,Buy,235729773
2024-08-29 11:17:05,17900.0,14600,Buy,235729775
2024-08-29 11:17:05,17900.0,900,Buy,235729772
2024-08-29 11:17:05,17900.0,10500,Buy,235729774
2024-08-29 11:17:06,17900.0,400,Buy,235729783
2024-08-29 11:17:19,17900.0,1200,Sell,235729963
2024-08-29 11:17:47,17900.0,200,Sell,235730368
2024-08-29 11:18:20,17900.0,2000,Sell,235731103
2024-08-29 11:18:23,17900.0,5500,Sell,235731225
2024-08-29 11:18:26,17900.0,100,Sell,235731310
2024-08-29 11:18:29,17900.0,500,Sell,235731338
2024-08-29 11:18:30,17900.0,3000,Sell,235731352
2024-08-29 11:18:46,17900.0,200,Sell,235731601
2024-08-29 11:18:54,17900.0,1000,Sell,235731739
2024-08-29 11:19:12,17900.0,700,Sell,235731994
2024-08-29 11:19:12,17900.0,5600,Sell,235731995
2024-08-29 11:19:12,17900.0,3700,Sell,235731996
2024-08-29 11:19:16,17900.0,1100,Sell,235732071
2024-08-29 11:19:35,17900.0,15200,Sell,235732515
2024-08-29 11:19:35,17900.0,4800,Sell,235732516
2024-08-29 11:19:39,17900.0,700,Sell,235732636
2024-08-29 11:20:09,17900.0,4500,Sell,235733608
2024-08-29 11:20:09,17900.0,1000,Sell,235733607
2024-08-29 11:20:09,17900.0,2000,Sell,235733605
2024-08-29 11:20:09,17900.0,200,Sell,235733604
2024-08-29 11:20:09,17950.0,1900,Buy,235733540
2024-08-29 11:20:09,17900.0,300,Sell,235733606
2024-08-29 11:20:19,17900.0,1500,Sell,235733833
2024-08-29 11:20:52,17900.0,100,Sell,235734359
2024-08-29 11:20:52,17900.0,1000,Sell,235734358
2024-08-29 11:20:52,17900.0,2000,Sell,235734357
2024-08-29 11:20:52,17900.0,1900,Sell,235734360
2024-08-29 11:20:52,17900.0,5000,Sell,235734355
2024-08-29 11:20:52,17900.0,1000,Sell,235734354
2024-08-29 11:20:52,17900.0,500,Sell,235734353
2024-08-29 11:20:52,17900.0,200,Sell,235734356
2024-08-29 11:21:09,17900.0,1000,Sell,235734818
2024-08-29 11:21:14,17900.0,1500,Sell,235735024
2024-08-29 11:22:08,17950.0,500,Buy,235736087
2024-08-29 11:22:20,17950.0,100,Buy,235736341
2024-08-29 11:22:29,17950.0,100,Buy,235736499
2024-08-29 11:22:38,17950.0,1900,Buy,235736693
2024-08-29 11:22:38,17950.0,8100,Buy,235736694
2024-08-29 11:22:51,17950.0,3900,Buy,235736863
2024-08-29 11:22:51,17950.0,6100,Buy,235736864
2024-08-29 11:22:54,17950.0,1300,Buy,235736914
2024-08-29 11:22:54,17950.0,4500,Buy,235736915
2024-08-29 11:22:54,17950.0,3900,Buy,235736912
2024-08-29 11:22:54,17950.0,300,Buy,235736913
2024-08-29 11:22:59,17950.0,600,Buy,235737003
2024-08-29 11:23:08,17950.0,1700,Buy,235737127
2024-08-29 11:23:08,17950.0,300,Buy,235737128
2024-08-29 11:23:14,17950.0,1000,Buy,235737192
2024-08-29 11:23:16,17950.0,300,Buy,235737229
2024-08-29 11:23:16,17950.0,700,Buy,235737228
2024-08-29 11:23:26,17900.0,1000,Sell,235737373
2024-08-29 11:23:26,17900.0,500,Sell,235737374
2024-08-29 11:23:26,17900.0,1400,Sell,235737375
2024-08-29 11:23:26,17900.0,8900,Sell,235737376
2024-08-29 11:23:26,17900.0,3600,Sell,235737372
2024-08-29 11:23:27,17950.0,100,Buy,235737384
2024-08-29 11:23:47,17950.0,2200,Buy,235737682
2024-08-29 11:24:16,17950.0,300,Buy,235738128
2024-08-29 11:24:40,17950.0,300,Buy,235738457
2024-08-29 11:25:00,17950.0,1800,Buy,235738684
2024-08-29 11:25:00,17950.0,3200,Buy,235738685
2024-08-29 11:25:20,17900.0,3500,Sell,235738962
2024-08-29 11:25:21,17950.0,100,Buy,235738965
2024-08-29 11:25:28,17950.0,100,Buy,235739020
2024-08-29 11:25:43,17950.0,2400,Buy,235739192
2024-08-29 11:26:15,17950.0,1100,Buy,235739604
2024-08-29 11:26:15,17950.0,1900,Buy,235739600
2024-08-29 11:26:20,17900.0,1900,Sell,235739664
2024-08-29 11:27:41,17900.0,400,Sell,235740641
2024-08-29 11:27:47,17900.0,300,Sell,235740753
2024-08-29 11:27:53,17900.0,1900,Sell,235740838
2024-08-29 11:27:54,17900.0,1000,Sell,235740874
2024-08-29 11:29:18,17950.0,5300,Buy,235741970
2024-08-29 11:29:18,17950.0,100,Buy,235741971
2024-08-29 11:29:18,17950.0,100,Buy,235741972
2024-08-29 11:29:18,17950.0,200,Buy,235741974
2024-08-29 11:29:18,17950.0,1800,Buy,235741975
2024-08-29 11:29:18,17950.0,1000,Buy,235741976
2024-08-29 11:29:18,17950.0,100,Buy,235741977
2024-08-29 11:29:18,17950.0,500,Buy,235741978
2024-08-29 11:29:18,17950.0,200,Buy,235741979
2024-08-29 11:29:18,17950.0,500,Buy,235741980
2024-08-29 11:29:18,17950.0,200,Buy,235741973
2024-08-29 11:29:37,17950.0,100,Buy,235742230
2024-08-29 11:29:37,17950.0,500,Buy,235742228
2024-08-29 11:29:37,17950.0,1500,Buy,235742227
2024-08-29 11:29:37,17950.0,500,Buy,235742229
2024-08-29 12:59:57,17900.0,100,Sell,235742743
2024-08-29 12:59:57,17900.0,700,Sell,235742744
2024-08-29 12:59:57,17950.0,1100,Buy,235742552
2024-08-29 12:59:58,17950.0,200,Buy,235743246
2024-08-29 13:00:01,17950.0,1000,Buy,235743826
2024-08-29 13:00:01,17950.0,100,Buy,235743899
2024-08-29 13:00:02,17900.0,100,Sell,235744060
2024-08-29 13:00:02,17950.0,500,Buy,235744157
2024-08-29 13:00:02,17950.0,2500,Buy,235744156
2024-08-29 13:00:04,17900.0,1700,Sell,235744351
2024-08-29 13:00:05,17950.0,800,Buy,235744411
2024-08-29 13:00:06,17900.0,1000,Sell,235744586
2024-08-29 13:00:07,17950.0,2700,Buy,235744648
2024-08-29 13:00:07,17950.0,7300,Buy,235744649
2024-08-29 13:00:12,17900.0,100,Sell,235745116
2024-08-29 13:00:16,17950.0,10000,Buy,235745358
2024-08-29 13:00:17,17950.0,1300,Buy,235745410
2024-08-29 13:00:17,17950.0,1000,Buy,235745383
2024-08-29 13:00:25,17950.0,2000,Buy,235745665
2024-08-29 13:00:34,17950.0,2700,Buy,235745849
2024-08-29 13:00:57,17900.0,300,Sell,235746232
2024-08-29 13:01:07,17950.0,8000,Buy,235746345
2024-08-29 13:01:10,17950.0,500,Buy,235746378
2024-08-29 13:01:22,17900.0,400,Sell,235746612
2024-08-29 13:01:29,17950.0,700,Buy,235746702
2024-08-29 13:02:50,17900.0,500,Sell,235748542
2024-08-29 13:03:05,17900.0,100,Sell,235748866
2024-08-29 13:03:08,17900.0,400,Sell,235748948
2024-08-29 13:03:34,17900.0,2000,Sell,235749371
2024-08-29 13:03:41,17900.0,5000,Sell,235749532
2024-08-29 13:03:51,17900.0,1000,Sell,235749730
2024-08-29 13:03:52,17950.0,5000,Buy,235749740
2024-08-29 13:03:53,17900.0,3000,Sell,235749756
2024-08-29 13:04:07,17900.0,500,Sell,235750088
2024-08-29 13:04:14,17950.0,5000,Buy,235750186
2024-08-29 13:04:36,17950.0,5000,Buy,235750594
2024-08-29 13:04:40,17900.0,2000,Sell,235750733
2024-08-29 13:05:05,17900.0,400,Sell,235751222
2024-08-29 13:06:02,17900.0,100,Sell,235752392
2024-08-29 13:07:03,17900.0,15700,Sell,235753665
2024-08-29 13:08:11,17900.0,4500,Sell,235755176
2024-08-29 13:08:41,17900.0,100,Sell,235755870
2024-08-29 13:09:06,17900.0,8700,Sell,235756401
2024-08-29 13:09:14,17900.0,100,Sell,235756659
2024-08-29 13:09:17,17900.0,145000,Sell,235756694
2024-08-29 13:09:22,17900.0,2000,Sell,235756799
2024-08-29 13:09:22,17900.0,1000,Sell,235756800
2024-08-29 13:09:22,17900.0,100,Sell,235756801
2024-08-29 13:09:22,17900.0,1000,Sell,235756802
2024-08-29 13:09:22,17900.0,1100,Sell,235756803
2024-08-29 13:09:22,17900.0,100,Sell,235756804
2024-08-29 13:09:22,17900.0,1000,Sell,235756805
2024-08-29 13:09:22,17900.0,1400,Sell,235756806
2024-08-29 13:09:22,17900.0,1000,Sell,235756811
2024-08-29 13:09:22,17900.0,100,Sell,235756810
2024-08-29 13:09:22,17900.0,800,Sell,235756798
2024-08-29 13:09:22,17900.0,200,Sell,235756812
2024-08-29 13:09:22,17900.0,1900,Sell,235756813
2024-08-29 13:09:22,17900.0,5000,Sell,235756814
2024-08-29 13:09:22,17900.0,100,Sell,235756815
2024-08-29 13:09:22,17900.0,200,Sell,235756816
2024-08-29 13:09:22,17900.0,5000,Sell,235756817
2024-08-29 13:09:22,17900.0,500,Sell,235756807
2024-08-29 13:09:22,17900.0,1500,Sell,235756797
2024-08-29 13:09:22,17900.0,1900,Sell,235756809
2024-08-29 13:09:22,17900.0,1000,Sell,235756795
2024-08-29 13:09:22,17900.0,200,Sell,235756796
2024-08-29 13:09:22,17900.0,288600,Sell,235756777
2024-08-29 13:09:22,17900.0,100,Sell,235756778
2024-08-29 13:09:22,17900.0,1000,Sell,235756779
2024-08-29 13:09:22,17900.0,1500,Sell,235756780
2024-08-29 13:09:22,17900.0,200,Sell,235756781
2024-08-29 13:09:22,17900.0,100,Sell,235756782
2024-08-29 13:09:22,17900.0,3000,Sell,235756783
2024-08-29 13:09:22,17900.0,500,Sell,235756784
2024-08-29 13:09:22,17900.0,5000,Sell,235756785
2024-08-29 13:09:22,17900.0,500,Sell,235756808
2024-08-29 13:09:22,17900.0,3000,Sell,235756786
2024-08-29 13:09:22,17900.0,100,Sell,235756787
2024-08-29 13:09:22,17900.0,1000,Sell,235756788
2024-08-29 13:09:22,17900.0,3000,Sell,235756789
2024-08-29 13:09:22,17900.0,6000,Sell,235756790
2024-08-29 13:09:22,17900.0,500,Sell,235756791
2024-08-29 13:09:22,17900.0,2000,Sell,235756792
2024-08-29 13:09:22,17900.0,500,Sell,235756793
2024-08-29 13:09:22,17900.0,200,Sell,235756794
2024-08-29 13:09:53,17900.0,600,Buy,235757484
2024-08-29 13:10:01,17900.0,400,Buy,235757708
2024-08-29 13:10:05,17900.0,1000,Buy,235757781
2024-08-29 13:10:33,17900.0,8900,Buy,235758503
2024-08-29 13:10:33,17900.0,100,Buy,235758509
2024-08-29 13:10:33,17900.0,1000,Buy,235758508
2024-08-29 13:10:33,17900.0,11300,Buy,235758507
2024-08-29 13:10:33,17900.0,500,Buy,235758506
2024-08-29 13:10:33,17900.0,1100,Buy,235758505
2024-08-29 13:10:33,17900.0,6800,Buy,235758504
2024-08-29 13:10:33,17900.0,1000,Buy,235758510
2024-08-29 13:10:33,17900.0,30000,Buy,235758502
2024-08-29 13:10:33,17900.0,15000,Buy,235758499
2024-08-29 13:10:33,17900.0,100,Buy,235758500
2024-08-29 13:10:33,17900.0,200,Buy,235758498
2024-08-29 13:10:33,17900.0,500,Buy,235758497
2024-08-29 13:10:33,17900.0,4000,Buy,235758496
2024-08-29 13:10:33,17900.0,200,Buy,235758495
2024-08-29 13:10:33,17900.0,500,Buy,235758494
2024-08-29 13:10:33,17900.0,24100,Buy,235758492
2024-08-29 13:10:33,17900.0,20000,Buy,235758501
2024-08-29 13:10:33,17900.0,300,Buy,235758493
2024-08-29 13:10:35,17900.0,24400,Sell,235758553
2024-08-29 13:10:46,17900.0,1000,Buy,235758803
2024-08-29 13:10:48,17900.0,2800,Buy,235758830
2024-08-29 13:10:53,17900.0,1800,Buy,235758982
2024-08-29 13:10:53,17900.0,10000,Buy,235758983
2024-08-29 13:10:53,17900.0,8200,Buy,235758984
2024-08-29 13:10:55,17900.0,100,Sell,235759010
2024-08-29 13:10:59,17900.0,100,Sell,235759100
2024-08-29 13:10:59,17900.0,500,Sell,235759097
2024-08-29 13:11:01,17900.0,29300,Sell,235759170
2024-08-29 13:11:01,17900.0,1900,Sell,235759171
2024-08-29 13:11:32,17900.0,500,Buy,235759952
2024-08-29 13:11:43,17900.0,100,Buy,235760172
2024-08-29 13:11:44,17900.0,5500,Buy,235760196
2024-08-29 13:11:44,17900.0,200,Buy,235760195
2024-08-29 13:11:46,17900.0,1000,Buy,235760253
2024-08-29 13:12:02,17900.0,3500,Buy,235760948
2024-08-29 13:12:02,17900.0,2200,Buy,235760949
2024-08-29 13:12:17,17900.0,500,Buy,235761373
2024-08-29 13:12:24,17850.0,400,Sell,235761557
2024-08-29 13:12:32,17850.0,2000,Sell,235761820
2024-08-29 13:12:39,17850.0,200,Sell,235761932
2024-08-29 13:12:47,17850.0,9700,Sell,235762214
2024-08-29 13:12:47,17850.0,300,Sell,235762215
2024-08-29 13:12:50,17900.0,100,Buy,235762271
2024-08-29 13:13:17,17850.0,6000,Sell,235762981
2024-08-29 13:13:17,17850.0,3600,Sell,235762980
2024-08-29 13:13:17,17850.0,7200,Sell,235762982
2024-08-29 13:13:17,17850.0,10000,Sell,235762978
2024-08-29 13:13:17,17850.0,1700,Sell,235762977
2024-08-29 13:13:17,17850.0,500,Sell,235762979
2024-08-29 13:15:03,17900.0,100,Buy,235766148
2024-08-29 13:15:08,17850.0,3800,Sell,235766358
2024-08-29 13:15:08,17850.0,200,Sell,235766359
2024-08-29 13:15:08,17850.0,1000,Sell,235766360
2024-08-29 13:15:08,17850.0,400,Sell,235766361
2024-08-29 13:15:08,17850.0,1000,Sell,235766362
2024-08-29 13:15:08,17850.0,63600,Sell,235766363
2024-08-29 13:15:45,17850.0,200,Sell,235767494
2024-08-29 13:15:45,17850.0,200,Sell,235767495
2024-08-29 13:15:45,17850.0,2000,Sell,235767496
2024-08-29 13:15:45,17850.0,3800,Sell,235767500
2024-08-29 13:15:45,17850.0,1900,Sell,235767498
2024-08-29 13:15:45,17850.0,500,Sell,235767499
2024-08-29 13:15:45,17850.0,500,Sell,235767491
2024-08-29 13:15:45,17850.0,100,Sell,235767497
2024-08-29 13:15:45,17850.0,200,Sell,235767490
2024-08-29 13:15:45,17850.0,500,Sell,235767493
2024-08-29 13:15:45,17850.0,1000,Sell,235767488
2024-08-29 13:15:45,17850.0,100,Sell,235767489
2024-08-29 13:15:45,17850.0,10000,Sell,235767480
2024-08-29 13:15:45,17850.0,900,Sell,235767481
2024-08-29 13:15:45,17850.0,100,Sell,235767482
2024-08-29 13:15:45,17850.0,1000,Sell,235767483
2024-08-29 13:15:45,17850.0,2100,Sell,235767492
2024-08-29 13:15:45,17850.0,500,Sell,235767485
2024-08-29 13:15:45,17850.0,1500,Sell,235767486
2024-08-29 13:15:45,17850.0,17400,Sell,235767487
2024-08-29 13:15:45,17850.0,5500,Sell,235767484
2024-08-29 13:15:59,17850.0,6200,Sell,235767808
2024-08-29 13:15:59,17850.0,3000,Sell,235767809
2024-08-29 13:15:59,17850.0,100,Sell,235767810
2024-08-29 13:15:59,17850.0,10000,Sell,235767811
2024-08-29 13:15:59,17850.0,500,Sell,235767812
2024-08-29 13:15:59,17850.0,1000,Sell,235767813
2024-08-29 13:16:03,17850.0,9200,Buy,235767899
2024-08-29 13:16:10,17850.0,20800,Sell,235768077
2024-08-29 13:16:17,17850.0,5000,Buy,235768225
2024-08-29 13:16:19,17850.0,4200,Buy,235768297
2024-08-29 13:16:57,17850.0,3500,Buy,235769369
2024-08-29 13:16:57,17850.0,100,Sell,235769358
2024-08-29 13:16:57,17850.0,100,Sell,235769357
2024-08-29 13:16:57,17850.0,500,Sell,235769355
2024-08-29 13:16:57,17850.0,20000,Sell,235769356
2024-08-29 13:16:57,17850.0,25800,Sell,235769354
2024-08-29 13:17:30,17850.0,200,Sell,235770495
2024-08-29 13:17:47,17850.0,300,Sell,235770878
2024-08-29 13:17:47,17850.0,300,Sell,235770879
2024-08-29 13:17:47,17850.0,10000,Sell,235770880
2024-08-29 13:17:47,17850.0,15000,Sell,235770881
2024-08-29 13:17:47,17850.0,2000,Sell,235770882
2024-08-29 13:17:47,17850.0,8000,Sell,235770883
2024-08-29 13:18:09,17850.0,42000,Sell,235771431
2024-08-29 13:18:20,17800.0,100,Sell,235771721
2024-08-29 13:18:36,17850.0,600,Buy,235772093
2024-08-29 13:18:39,17850.0,300,Buy,235772151
2024-08-29 13:18:39,17850.0,13700,Buy,235772148
2024-08-29 13:18:39,17850.0,11300,Buy,235772149
2024-08-29 13:18:39,17850.0,1700,Buy,235772150
2024-08-29 13:18:47,17850.0,3000,Buy,235772379
2024-08-29 13:18:49,17850.0,11000,Buy,235772434
2024-08-29 13:18:52,17800.0,200,Sell,235772521
2024-08-29 13:18:55,17850.0,7800,Buy,235772604
2024-08-29 13:18:55,17850.0,2200,Buy,235772603
2024-08-29 13:19:11,17850.0,3700,Buy,235773183
2024-08-29 13:19:20,17850.0,700,Buy,235773371
2024-08-29 13:19:20,17850.0,11200,Buy,235773370
2024-08-29 13:19:20,17850.0,14500,Buy,235773369
2024-08-29 13:19:20,17850.0,500,Buy,235773365
2024-08-29 13:19:20,17850.0,10000,Buy,235773367
2024-08-29 13:19:20,17850.0,7000,Buy,235773366
2024-08-29 13:19:20,17850.0,1000,Buy,235773368
2024-08-29 13:19:30,17850.0,5100,Sell,235773649
2024-08-29 13:19:30,17850.0,100,Sell,235773650
2024-08-29 13:19:44,17850.0,100,Buy,235774000
2024-08-29 13:19:47,17850.0,200,Buy,235774049
2024-08-29 13:19:48,17850.0,800,Buy,235774073
2024-08-29 13:19:51,17850.0,13700,Buy,235774143
2024-08-29 13:19:51,17850.0,2000,Buy,235774144
2024-08-29 13:19:51,17850.0,9500,Buy,235774145
2024-08-29 13:20:01,17850.0,16800,Sell,235774356
2024-08-29 13:20:26,17900.0,3400,Buy,235775043
2024-08-29 13:20:26,17900.0,26500,Buy,235775042
2024-08-29 13:20:26,17850.0,1100,Sell,235775035
2024-08-29 13:20:26,17900.0,10100,Buy,235775041
2024-08-29 13:21:24,17900.0,100,Buy,235776910
2024-08-29 13:21:24,17900.0,1700,Buy,235776911
2024-08-29 13:21:24,17900.0,2700,Buy,235776909
2024-08-29 13:22:30,17900.0,300,Buy,235778414
2024-08-29 13:22:33,17900.0,5300,Buy,235778491
2024-08-29 13:22:33,17900.0,300,Buy,235778492
2024-08-29 13:22:33,17900.0,2800,Buy,235778493
2024-08-29 13:22:33,17900.0,22900,Buy,235778495
2024-08-29 13:22:33,17900.0,500,Buy,235778496
2024-08-29 13:22:33,17900.0,14200,Buy,235778497
2024-08-29 13:22:33,17900.0,4000,Buy,235778494
2024-08-29 13:22:37,17900.0,3000,Buy,235778622
2024-08-29 13:23:34,17900.0,200,Buy,235780089
2024-08-29 13:23:49,17900.0,2000,Buy,235780512
2024-08-29 13:23:49,17900.0,500,Buy,235780514
2024-08-29 13:23:49,17900.0,100,Buy,235780513
2024-08-29 13:23:49,17900.0,800,Buy,235780511
2024-08-29 13:23:49,17900.0,100,Buy,235780509
2024-08-29 13:23:49,17900.0,100,Buy,235780510
2024-08-29 13:23:49,17900.0,2400,Buy,235780508
2024-08-29 13:23:58,17900.0,500,Buy,235780724
2024-08-29 13:24:04,17900.0,900,Buy,235780836
2024-08-29 13:24:04,17900.0,1000,Buy,235780835
2024-08-29 13:25:31,17900.0,100,Buy,235782505
2024-08-29 13:25:51,17900.0,200,Buy,235783171
2024-08-29 13:25:59,17900.0,100,Buy,235783455
2024-08-29 13:26:10,17850.0,1100,Sell,235783782
2024-08-29 13:26:53,17850.0,2000,Sell,235784903
2024-08-29 13:28:25,17850.0,1500,Sell,235787251
2024-08-29 13:29:04,17850.0,8700,Sell,235788303
2024-08-29 13:30:09,17850.0,600,Sell,235790418
2024-08-29 13:30:12,17850.0,700,Sell,235790491
2024-08-29 13:31:29,17850.0,100,Sell,235793031
2024-08-29 13:31:52,17850.0,1000,Sell,235793615
2024-08-29 13:32:06,17850.0,4700,Sell,235793979
2024-08-29 13:32:12,17850.0,24700,Sell,235794155
2024-08-29 13:32:37,17850.0,300,Sell,235794742
2024-08-29 13:32:44,17850.0,100,Sell,235794883
2024-08-29 13:32:56,17850.0,200,Sell,235795162
2024-08-29 13:33:17,17850.0,100,Sell,235795689
2024-08-29 13:33:37,17850.0,300,Sell,235796330
2024-08-29 13:33:47,17900.0,500,Buy,235796613
2024-08-29 13:33:50,17850.0,2000,Sell,235796650
2024-08-29 13:33:53,17850.0,2000,Sell,235796763
2024-08-29 13:34:28,17850.0,2000,Sell,235797795
2024-08-29 13:35:15,17850.0,3000,Sell,235798945
2024-08-29 13:36:17,17850.0,300,Sell,235800332
2024-08-29 13:36:20,17850.0,100,Sell,235800385
2024-08-29 13:36:46,17850.0,20000,Sell,235801011
2024-08-29 13:36:48,17900.0,1000,Buy,235801043
2024-08-29 13:37:00,17850.0,1000,Sell,235801858
2024-08-29 13:37:11,17850.0,1000,Sell,235802031
2024-08-29 13:37:20,17900.0,1000,Buy,235802214
2024-08-29 13:37:23,17900.0,5700,Buy,235802293
2024-08-29 13:37:47,17900.0,200,Buy,235802881
2024-08-29 13:37:47,17900.0,900,Buy,235802882
2024-08-29 13:37:47,17900.0,2000,Buy,235802880
2024-08-29 13:37:47,17900.0,1800,Buy,235802876
2024-08-29 13:37:47,17900.0,500,Buy,235802878
2024-08-29 13:37:47,17900.0,200,Buy,235802879
2024-08-29 13:37:47,17900.0,100,Buy,235802877
2024-08-29 13:38:03,17900.0,1900,Buy,235803251
2024-08-29 13:38:04,17850.0,1000,Sell,235803277
2024-08-29 13:38:04,17900.0,1900,Buy,235803283
2024-08-29 13:38:04,17900.0,1900,Buy,235803261
2024-08-29 13:38:04,17900.0,1900,Buy,235803278
2024-08-29 13:38:05,17900.0,1900,Buy,235803288
2024-08-29 13:38:14,17900.0,1900,Buy,235803474
2024-08-29 13:38:14,17900.0,200,Buy,235803517
2024-08-29 13:38:28,17900.0,900,Buy,235803915
2024-08-29 13:38:28,17900.0,200,Buy,235803916
2024-08-29 13:38:28,17900.0,100,Buy,235803917
2024-08-29 13:38:28,17900.0,4500,Buy,235803918
2024-08-29 13:38:53,17900.0,200,Buy,235804524
2024-08-29 13:39:18,17900.0,400,Buy,235805100
2024-08-29 13:39:18,17900.0,500,Buy,235805099
2024-08-29 13:39:18,17900.0,1000,Buy,235805098
2024-08-29 13:39:25,17900.0,1600,Buy,235805211
2024-08-29 13:39:28,17900.0,3000,Buy,235805252
2024-08-29 13:39:45,17850.0,2000,Sell,235805629
2024-08-29 13:39:55,17850.0,700,Sell,235805873
2024-08-29 13:40:13,17850.0,200,Sell,235806184
2024-08-29 13:40:43,17850.0,400,Sell,235806739
2024-08-29 13:41:59,17900.0,400,Buy,235808321
2024-08-29 13:43:15,17900.0,1300,Buy,235809854
2024-08-29 13:43:16,17900.0,4800,Buy,235809891
2024-08-29 13:43:16,17900.0,3000,Buy,235809892
2024-08-29 13:43:16,17900.0,2200,Buy,235809893
2024-08-29 13:43:32,17850.0,5000,Sell,235810198
2024-08-29 13:43:35,17850.0,10000,Sell,235810244
2024-08-29 13:44:13,17850.0,200,Sell,235811205
2024-08-29 13:44:41,17850.0,10000,Sell,235811829
2024-08-29 13:45:30,17850.0,1500,Sell,235812682
2024-08-29 13:45:54,17850.0,7000,Sell,235813116
2024-08-29 13:45:59,17900.0,800,Buy,235813182
2024-08-29 13:45:59,17900.0,500,Buy,235813183
2024-08-29 13:46:00,17900.0,3000,Buy,235813189
2024-08-29 13:46:17,17900.0,100,Buy,235813555
2024-08-29 13:46:17,17900.0,1000,Buy,235813556
2024-08-29 13:46:17,17900.0,3000,Buy,235813557
2024-08-29 13:46:17,17900.0,100,Buy,235813558
2024-08-29 13:46:17,17900.0,40000,Buy,235813559
2024-08-29 13:46:17,17900.0,500,Buy,235813560
2024-08-29 13:46:17,17900.0,1000,Buy,235813561
2024-08-29 13:46:17,17900.0,5000,Buy,235813565
2024-08-29 13:46:17,17900.0,1000,Buy,235813563
2024-08-29 13:46:17,17900.0,200,Buy,235813564
2024-08-29 13:46:17,17900.0,1800,Buy,235813566
2024-08-29 13:46:17,17900.0,1000,Buy,235813554
2024-08-29 13:46:17,17900.0,200,Buy,235813567
2024-08-29 13:46:17,17900.0,100,Buy,235813568
2024-08-29 13:46:17,17900.0,8300,Buy,235813569
2024-08-29 13:46:17,17900.0,200,Buy,235813562
2024-08-29 13:46:17,17900.0,1000,Buy,235813553
2024-08-29 13:46:17,17900.0,2400,Buy,235813537
2024-08-29 13:46:17,17900.0,100,Buy,235813551
2024-08-29 13:46:17,17900.0,3100,Buy,235813534
2024-08-29 13:46:17,17900.0,800,Buy,235813535
2024-08-29 13:46:17,17900.0,15500,Buy,235813538
2024-08-29 13:46:17,17900.0,4800,Buy,235813539
2024-08-29 13:46:17,17900.0,6800,Buy,235813540
2024-08-29 13:46:17,17900.0,3000,Buy,235813552
2024-08-29 13:46:17,17900.0,9900,Buy,235813542
2024-08-29 13:46:17,17900.0,10400,Buy,235813541
2024-08-29 13:46:17,17900.0,7000,Buy,235813544
2024-08-29 13:46:17,17900.0,2900,Buy,235813545
2024-08-29 13:46:17,17900.0,100,Buy,235813546
2024-08-29 13:46:17,17900.0,5500,Buy,235813547
2024-08-29 13:46:17,17900.0,10000,Buy,235813548
2024-08-29 13:46:17,17900.0,1000,Buy,235813549
2024-08-29 13:46:17,17900.0,500,Buy,235813550
2024-08-29 13:46:17,17900.0,700,Buy,235813543
2024-08-29 13:46:17,17900.0,1000,Buy,235813536
2024-08-29 13:46:28,17900.0,300,Buy,235813780
2024-08-29 13:46:29,17850.0,1000,Sell,235813797
2024-08-29 13:47:31,17900.0,1000,Buy,235814870
2024-08-29 13:47:33,17850.0,300,Sell,235814879
2024-08-29 13:47:56,17900.0,4200,Buy,235815328
2024-08-29 13:47:56,17900.0,400,Buy,235815327
2024-08-29 13:47:58,17850.0,10000,Sell,235815410
2024-08-29 13:48:04,17900.0,100,Buy,235815566
2024-08-29 13:48:21,17900.0,1000,Buy,235815872
2024-08-29 13:48:21,17900.0,700,Buy,235815870
2024-08-29 13:48:21,17900.0,300,Buy,235815871
2024-08-29 13:48:25,17900.0,600,Buy,235815955
2024-08-29 13:48:44,17900.0,1200,Buy,235816470
2024-08-29 13:49:07,17900.0,2200,Buy,235817113
2024-08-29 13:49:07,17900.0,2000,Buy,235817114
2024-08-29 13:49:07,17900.0,5000,Buy,235817115
2024-08-29 13:49:07,17900.0,200,Buy,235817116
2024-08-29 13:49:07,17900.0,600,Buy,235817117
2024-08-29 13:49:07,17900.0,5000,Buy,235817118
2024-08-29 13:49:07,17900.0,1000,Buy,235817119
2024-08-29 13:49:07,17900.0,100,Buy,235817120
2024-08-29 13:49:07,17900.0,1400,Buy,235817121
2024-08-29 13:49:07,17900.0,100,Buy,235817122
2024-08-29 13:49:07,17900.0,100,Buy,235817123
2024-08-29 13:49:18,17900.0,200,Buy,235817350
2024-08-29 13:49:39,17900.0,5000,Buy,235817768
2024-08-29 13:50:49,17900.0,300,Buy,235819962
2024-08-29 13:51:15,17850.0,5000,Sell,235820839
2024-08-29 13:51:24,17850.0,1000,Sell,235821126
2024-08-29 13:51:48,17850.0,2000,Sell,235822113
2024-08-29 13:51:50,17850.0,3700,Sell,235822146
2024-08-29 13:51:51,17900.0,300,Buy,235822225
2024-08-29 13:52:50,17850.0,100,Sell,235824992
2024-08-29 13:53:14,17850.0,4000,Sell,235826125
2024-08-29 13:53:18,17850.0,2000,Sell,235826216
2024-08-29 13:53:25,17850.0,1000,Sell,235826549
2024-08-29 13:53:35,17850.0,500,Sell,235826930
2024-08-29 13:53:51,17850.0,2000,Sell,235827534
2024-08-29 13:54:03,17850.0,300,Sell,235828051
2024-08-29 13:54:03,17850.0,300,Sell,235828052
2024-08-29 13:54:03,17850.0,2700,Sell,235828053
2024-08-29 13:54:04,17850.0,2000,Sell,235828056
2024-08-29 13:54:05,17850.0,200,Sell,235828141
2024-08-29 13:54:06,17850.0,5000,Sell,235828172
2024-08-29 13:54:06,17850.0,2100,Sell,235828168
2024-08-29 13:54:06,17850.0,1000,Sell,235828166
2024-08-29 13:54:06,17850.0,100,Sell,235828167
2024-08-29 13:54:06,17850.0,800,Sell,235828165
2024-08-29 13:54:11,17850.0,1000,Sell,235828412
2024-08-29 13:54:12,17850.0,11900,Sell,235828432
2024-08-29 13:54:12,17850.0,3000,Sell,235828433
2024-08-29 13:54:12,17850.0,100,Sell,235828434
2024-08-29 13:54:12,17850.0,300,Sell,235828448
2024-08-29 13:54:12,17850.0,10000,Sell,235828449
2024-08-29 13:54:12,17850.0,1000,Sell,235828450
2024-08-29 13:54:12,17850.0,5700,Sell,235828451
2024-08-29 13:54:12,17850.0,700,Sell,235828452
2024-08-29 13:54:12,17850.0,3400,Sell,235828453
2024-08-29 13:54:13,17850.0,1700,Sell,235828622
2024-08-29 13:54:13,17850.0,300,Sell,235828621
2024-08-29 13:54:13,17850.0,5700,Sell,235828620
2024-08-29 13:54:13,17850.0,2300,Sell,235828618
2024-08-29 13:54:14,17850.0,3800,Sell,235828664
2024-08-29 13:54:14,17850.0,5700,Sell,235828663
2024-08-29 13:54:14,17850.0,5700,Sell,235828662
2024-08-29 13:54:14,17850.0,200,Sell,235828661
2024-08-29 13:54:14,17850.0,1000,Sell,235828660
2024-08-29 13:54:14,17850.0,100,Sell,235828659
2024-08-29 13:54:14,17850.0,500,Sell,235828658
2024-08-29 13:54:14,17850.0,10000,Sell,235828657
2024-08-29 13:54:14,17850.0,100,Sell,235828656
2024-08-29 13:54:14,17850.0,4000,Sell,235828655
2024-08-29 13:54:14,17850.0,600,Sell,235828648
2024-08-29 13:54:14,17850.0,500,Sell,235828653
2024-08-29 13:54:14,17850.0,2600,Sell,235828652
2024-08-29 13:54:14,17850.0,5000,Sell,235828651
2024-08-29 13:54:14,17850.0,500,Sell,235828650
2024-08-29 13:54:14,17850.0,1900,Sell,235828649
2024-08-29 13:54:14,17850.0,1000,Sell,235828665
2024-08-29 13:54:14,17850.0,1000,Sell,235828646
2024-08-29 13:54:14,17850.0,5700,Sell,235828645
2024-08-29 13:54:14,17850.0,4000,Sell,235828644
2024-08-29 13:54:14,17850.0,700,Sell,235828654
2024-08-29 13:54:14,17850.0,300,Sell,235828647
2024-08-29 13:54:23,17850.0,500,Buy,235829077
2024-08-29 13:54:57,17800.0,1500,Sell,235830386
2024-08-29 13:54:57,17800.0,1500,Sell,235830385
2024-08-29 13:55:06,17800.0,500,Sell,235830778
2024-08-29 13:55:17,17800.0,2000,Sell,235831154
2024-08-29 13:55:21,17800.0,300,Sell,235831334
2024-08-29 13:55:24,17800.0,700,Sell,235831430
2024-08-29 13:55:24,17800.0,1300,Sell,235831431
2024-08-29 13:55:57,17800.0,300,Sell,235832272
2024-08-29 13:56:09,17800.0,300,Sell,235832712
2024-08-29 13:56:09,17800.0,1500,Sell,235832714
2024-08-29 13:56:09,17800.0,1400,Sell,235832710
2024-08-29 13:56:09,17800.0,700,Sell,235832709
2024-08-29 13:56:09,17800.0,100,Sell,235832711
2024-08-29 13:56:09,17800.0,2000,Sell,235832713
2024-08-29 13:56:17,17800.0,1000,Sell,235832954
2024-08-29 13:56:18,17850.0,200,Buy,235833010
2024-08-29 13:56:33,17850.0,100,Buy,235833482
2024-08-29 13:56:38,17850.0,1000,Buy,235833635
2024-08-29 13:56:40,17800.0,100,Sell,235833696
2024-08-29 13:56:58,17850.0,500,Buy,235834196
2024-08-29 13:56:58,17850.0,2500,Buy,235834195
2024-08-29 13:57:04,17850.0,400,Buy,235834360
2024-08-29 13:57:08,17850.0,10000,Buy,235834459
2024-08-29 13:57:16,17850.0,900,Buy,235834649
2024-08-29 13:57:18,17800.0,2600,Sell,235834712
