time,price,volume,match_type,id
2024-07-17 09:14:41,17850.0,15100,ATO/ATC,223363899
2024-07-17 09:14:46,17900.0,300,Buy,223364138
2024-07-17 09:14:46,17900.0,700,Buy,223364139
2024-07-17 09:14:52,17900.0,300,Buy,223364233
2024-07-17 09:14:52,17900.0,100,Buy,223364232
2024-07-17 09:14:52,17900.0,300,Buy,223364229
2024-07-17 09:14:52,17900.0,100,Buy,223364230
2024-07-17 09:14:52,17900.0,400,Buy,223364231
2024-07-17 09:15:50,17900.0,2000,Sell,223365339
2024-07-17 09:16:20,17900.0,100,Sell,223366144
2024-07-17 09:16:41,17900.0,100,Sell,223366740
2024-07-17 09:17:05,17900.0,100,Sell,223367325
2024-07-17 09:17:19,17950.0,100,Buy,223367767
2024-07-17 09:17:41,17950.0,400,Buy,223368298
2024-07-17 09:17:41,17950.0,100,Buy,223368297
2024-07-17 09:17:41,17950.0,200,Buy,223368294
2024-07-17 09:17:41,17950.0,400,Buy,223368295
2024-07-17 09:17:41,17950.0,500,Buy,223368296
2024-07-17 09:17:42,17950.0,400,Buy,223368319
2024-07-17 09:17:42,17950.0,300,Buy,223368320
2024-07-17 09:17:42,17950.0,7100,Buy,223368321
2024-07-17 09:17:42,17950.0,1500,Buy,223368322
2024-07-17 09:17:42,17950.0,100,Buy,223368323
2024-07-17 09:17:42,17900.0,300,Sell,223368334
2024-07-17 09:17:42,17950.0,600,Buy,223368318
2024-07-17 09:17:48,17950.0,1000,Buy,223368540
2024-07-17 09:17:58,17950.0,7900,Buy,223368907
2024-07-17 09:17:58,17950.0,100,Buy,223368908
2024-07-17 09:17:58,17950.0,200,Buy,223368909
2024-07-17 09:17:59,18000.0,200,Buy,223368939
2024-07-17 09:19:05,18000.0,100,Buy,223370707
2024-07-17 09:19:05,18000.0,1000,Buy,223370709
2024-07-17 09:19:05,18000.0,500,Buy,223370708
2024-07-17 09:19:05,18000.0,100,Buy,223370706
2024-07-17 09:19:05,18000.0,500,Buy,223370704
2024-07-17 09:19:05,18000.0,1000,Buy,223370703
2024-07-17 09:19:05,18000.0,200,Buy,223370702
2024-07-17 09:19:05,18000.0,1600,Buy,223370705
2024-07-17 09:19:16,18000.0,100,Buy,223370966
2024-07-17 09:19:30,18000.0,100,Buy,223371339
2024-07-17 09:19:34,18000.0,300,Buy,223371475
2024-07-17 09:19:49,17950.0,500,Sell,223371881
2024-07-17 09:19:52,17950.0,300,Sell,223372005
2024-07-17 09:19:52,17950.0,600,Sell,223372004
2024-07-17 09:19:52,17950.0,300,Sell,223372003
2024-07-17 09:20:13,17950.0,800,Buy,223372558
2024-07-17 09:20:13,17950.0,100,Buy,223372559
2024-07-17 09:20:13,17950.0,5000,Buy,223372560
2024-07-17 09:20:13,17950.0,500,Buy,223372561
2024-07-17 09:20:15,18000.0,100,Buy,223372590
2024-07-17 09:20:19,17950.0,300,Sell,223372669
2024-07-17 09:20:23,17950.0,2000,Sell,223372785
2024-07-17 09:20:34,17950.0,500,Sell,223373169
2024-07-17 09:20:38,17950.0,100,Sell,223373285
2024-07-17 09:20:53,17950.0,700,Sell,223373762
2024-07-17 09:20:53,17950.0,300,Sell,223373763
2024-07-17 09:20:57,17950.0,700,Sell,223373900
2024-07-17 09:20:57,17950.0,300,Sell,223373901
2024-07-17 09:21:11,17950.0,100,Sell,223374374
2024-07-17 09:21:15,17950.0,100,Sell,223374463
2024-07-17 09:21:15,17950.0,200,Sell,223374464
2024-07-17 09:21:15,17950.0,100,Sell,223374465
2024-07-17 09:21:22,17950.0,200,Buy,223374709
2024-07-17 09:21:43,17950.0,600,Buy,223375361
2024-07-17 09:22:00,17950.0,200,Buy,223375943
2024-07-17 09:22:00,17950.0,1800,Buy,223375942
2024-07-17 09:22:03,17950.0,3000,Buy,223376057
2024-07-17 09:22:03,17950.0,3000,Buy,223376058
2024-07-17 09:22:03,17950.0,2000,Buy,223376059
2024-07-17 09:22:03,17950.0,100,Buy,223376060
2024-07-17 09:22:03,17950.0,100,Buy,223376056
2024-07-17 09:22:13,17950.0,3000,Sell,223376323
2024-07-17 09:22:23,17950.0,800,Sell,223376653
2024-07-17 09:22:25,17950.0,100,Buy,223376747
2024-07-17 09:22:55,17950.0,300,Buy,223377693
2024-07-17 09:23:14,17950.0,2000,Buy,223378178
2024-07-17 09:23:29,17950.0,100,Buy,223378787
2024-07-17 09:23:41,17950.0,100,Buy,223379079
2024-07-17 09:23:41,17950.0,200,Buy,223379080
2024-07-17 09:23:41,17950.0,300,Buy,223379081
2024-07-17 09:23:41,17950.0,100,Buy,223379082
2024-07-17 09:23:41,17950.0,100,Buy,223379083
2024-07-17 09:23:41,17950.0,4200,Buy,223379078
2024-07-17 09:24:58,17950.0,200,Buy,223381348
2024-07-17 09:25:03,17950.0,1000,Buy,223381538
2024-07-17 09:25:40,17950.0,100,Buy,223382638
2024-07-17 09:25:55,17900.0,200,Sell,223383043
2024-07-17 09:25:55,17900.0,500,Sell,223383044
2024-07-17 09:25:55,17900.0,300,Sell,223383045
2024-07-17 09:25:55,17900.0,200,Sell,223383046
2024-07-17 09:25:55,17900.0,1000,Sell,223383047
2024-07-17 09:25:55,17900.0,9000,Sell,223383048
2024-07-17 09:25:55,17900.0,3900,Sell,223383049
2024-07-17 09:25:55,17900.0,1200,Sell,223383042
2024-07-17 09:25:57,17900.0,3000,Sell,223383173
2024-07-17 09:26:01,17950.0,200,Buy,223383271
2024-07-17 09:28:22,17900.0,6400,Sell,223387160
2024-07-17 09:28:22,17900.0,2100,Sell,223387158
2024-07-17 09:28:22,17900.0,9000,Sell,223387159
2024-07-17 09:28:35,17900.0,200,Sell,223387530
2024-07-17 09:28:35,17900.0,2600,Sell,223387528
2024-07-17 09:28:35,17900.0,200,Sell,223387529
2024-07-17 09:28:36,17900.0,200,Sell,223387569
2024-07-17 09:28:49,17900.0,4600,Sell,223387998
2024-07-17 09:28:49,17900.0,5400,Sell,223387999
2024-07-17 09:29:05,17900.0,500,Sell,223388486
2024-07-17 09:29:39,17900.0,5000,Sell,223389480
2024-07-17 09:29:41,17900.0,1000,Sell,223389536
2024-07-17 09:29:46,17900.0,500,Sell,223389689
2024-07-17 09:30:09,17900.0,400,Sell,223390254
2024-07-17 09:30:24,17900.0,1000,Sell,223390529
2024-07-17 09:31:11,17950.0,300,Buy,223391661
2024-07-17 09:32:55,17900.0,100,Sell,223394000
2024-07-17 09:32:55,17900.0,100,Sell,223394001
2024-07-17 09:32:57,17900.0,500,Sell,223394168
2024-07-17 09:33:06,17900.0,500,Sell,223394406
2024-07-17 09:33:06,17900.0,500,Sell,223394405
2024-07-17 09:33:21,17900.0,500,Sell,223394768
2024-07-17 09:33:22,17900.0,100,Sell,223394774
2024-07-17 09:33:22,17900.0,1200,Sell,223394773
2024-07-17 09:33:22,17900.0,1000,Sell,223394780
2024-07-17 09:33:22,17900.0,3600,Sell,223394779
2024-07-17 09:33:22,17900.0,1300,Sell,223394781
2024-07-17 09:33:22,17900.0,200,Sell,223394777
2024-07-17 09:33:22,17900.0,100,Sell,223394776
2024-07-17 09:33:22,17900.0,1000,Sell,223394775
2024-07-17 09:33:22,17900.0,1000,Sell,223394778
2024-07-17 09:33:55,17900.0,200,Sell,223395787
2024-07-17 09:34:21,17900.0,200,Sell,223396393
2024-07-17 09:34:51,17900.0,1000,Sell,223397186
2024-07-17 09:35:15,17950.0,100,Buy,223397661
2024-07-17 09:35:23,17900.0,100,Sell,223397811
2024-07-17 09:35:23,17900.0,300,Sell,223397826
2024-07-17 09:35:28,17900.0,500,Sell,223397953
2024-07-17 09:35:28,17900.0,400,Sell,223397955
2024-07-17 09:35:28,17900.0,500,Sell,223397954
2024-07-17 09:35:28,17900.0,500,Sell,223397952
2024-07-17 09:35:28,17900.0,300,Sell,223397950
2024-07-17 09:35:28,17900.0,300,Sell,223397951
2024-07-17 09:35:28,17900.0,500,Sell,223397949
2024-07-17 09:35:59,17900.0,3200,Sell,223398754
2024-07-17 09:35:59,17900.0,1000,Sell,223398755
2024-07-17 09:35:59,17900.0,100,Sell,223398756
2024-07-17 09:35:59,17900.0,3600,Sell,223398757
2024-07-17 09:36:42,17900.0,1000,Buy,223399856
2024-07-17 09:36:58,17900.0,1100,Buy,223400218
2024-07-17 09:36:58,17900.0,200,Buy,223400219
2024-07-17 09:37:01,17900.0,200,Sell,223400325
2024-07-17 09:37:09,17900.0,1000,Sell,223400467
2024-07-17 09:37:18,17900.0,100,Sell,223400745
2024-07-17 09:37:27,17900.0,300,Sell,223401022
2024-07-17 09:37:27,17900.0,700,Sell,223401033
2024-07-17 09:37:27,17900.0,800,Sell,223401034
2024-07-17 09:38:12,17900.0,100,Sell,223402181
2024-07-17 09:38:25,17900.0,1000,Sell,223402535
2024-07-17 09:39:12,17950.0,100,Buy,223403867
2024-07-17 09:39:12,17950.0,500,Buy,223403866
2024-07-17 09:39:12,17950.0,100,Buy,223403864
2024-07-17 09:39:12,17950.0,100,Buy,223403863
2024-07-17 09:39:12,17950.0,1100,Buy,223403862
2024-07-17 09:39:12,17950.0,100,Buy,223403865
2024-07-17 09:39:14,17900.0,1100,Sell,223403929
2024-07-17 09:39:14,17900.0,900,Sell,223403930
2024-07-17 09:39:20,17900.0,1100,Sell,223404142
2024-07-17 09:39:20,17900.0,1900,Sell,223404143
2024-07-17 09:39:24,17900.0,700,Sell,223404205
2024-07-17 09:40:43,17900.0,500,Sell,223406123
2024-07-17 09:40:53,17900.0,500,Sell,223406341
2024-07-17 09:40:53,17900.0,6900,Sell,223406340
2024-07-17 09:40:54,17900.0,2000,Sell,223406348
2024-07-17 09:41:56,17900.0,200,Sell,223407861
2024-07-17 09:42:44,17900.0,100,Sell,223409125
2024-07-17 09:42:46,17900.0,500,Sell,223409202
2024-07-17 09:43:17,17900.0,300,Sell,223409881
2024-07-17 09:44:05,17950.0,100,Buy,223411061
2024-07-17 09:44:05,17950.0,20000,Buy,223411062
2024-07-17 09:44:05,17950.0,200,Buy,223411060
2024-07-17 09:44:05,17950.0,400,Buy,223411064
2024-07-17 09:44:05,17950.0,200,Buy,223411058
2024-07-17 09:44:05,17950.0,3000,Buy,223411059
2024-07-17 09:44:05,17950.0,100,Buy,223411056
2024-07-17 09:44:05,17950.0,1000,Buy,223411063
2024-07-17 09:44:05,17950.0,3000,Buy,223411057
2024-07-17 09:44:42,17900.0,500,Sell,223411990
2024-07-17 09:45:00,17900.0,500,Sell,223412545
2024-07-17 09:45:02,17900.0,900,Sell,223412595
2024-07-17 09:45:02,17900.0,4500,Sell,223412596
2024-07-17 09:45:20,17950.0,100,Buy,223413106
2024-07-17 09:45:25,17900.0,2000,Sell,223413246
2024-07-17 09:45:31,17950.0,1500,Buy,223413328
2024-07-17 09:46:26,17950.0,1000,Buy,223414870
2024-07-17 09:46:26,17950.0,300,Buy,223414871
2024-07-17 09:46:26,17950.0,100,Buy,223414872
2024-07-17 09:46:26,17950.0,500,Buy,223414873
2024-07-17 09:46:26,17950.0,500,Buy,223414874
2024-07-17 09:46:26,17950.0,1400,Buy,223414875
2024-07-17 09:46:43,17950.0,400,Buy,223415378
2024-07-17 09:46:52,17950.0,1000,Buy,223415668
2024-07-17 09:46:52,17950.0,1000,Buy,223415667
2024-07-17 09:46:52,17950.0,200,Buy,223415665
2024-07-17 09:46:52,17950.0,200,Buy,223415666
2024-07-17 09:46:52,17950.0,1200,Buy,223415664
2024-07-17 09:46:55,17950.0,1000,Buy,223415755
2024-07-17 09:46:55,17950.0,200,Buy,223415756
2024-07-17 09:47:09,17950.0,500,Buy,223416235
2024-07-17 09:47:39,17950.0,300,Buy,223417270
2024-07-17 09:47:40,17950.0,2000,Buy,223417299
2024-07-17 09:47:40,17950.0,2000,Buy,223417306
2024-07-17 09:47:42,17950.0,1000,Buy,223417358
2024-07-17 09:47:46,17950.0,1000,Buy,223417472
2024-07-17 09:47:51,17950.0,13500,Buy,223417772
2024-07-17 09:47:51,17950.0,500,Buy,223417771
2024-07-17 09:48:12,17950.0,300,Buy,223418427
2024-07-17 09:48:22,17950.0,300,Buy,223418761
2024-07-17 09:48:22,17950.0,15900,Buy,223418797
2024-07-17 09:48:24,17950.0,10000,Buy,223418823
2024-07-17 09:48:24,17950.0,4000,Buy,223418831
2024-07-17 09:48:34,17950.0,200,Buy,223419374
2024-07-17 09:48:37,17950.0,100,Buy,223419477
2024-07-17 09:48:43,17950.0,23000,Buy,223419831
2024-07-17 09:48:46,17950.0,400,Buy,223419887
2024-07-17 09:48:47,17950.0,100,Buy,223420001
2024-07-17 09:48:47,17950.0,4000,Buy,223420002
2024-07-17 09:48:47,17950.0,1400,Buy,223420003
2024-07-17 09:48:47,17950.0,100,Buy,223420004
2024-07-17 09:48:47,17950.0,100,Buy,223420005
2024-07-17 09:48:47,17950.0,5000,Buy,223420009
2024-07-17 09:48:47,17950.0,100,Buy,223420000
2024-07-17 09:48:47,17950.0,400,Buy,223420007
2024-07-17 09:48:47,17950.0,500,Buy,223420008
2024-07-17 09:48:47,17950.0,1600,Buy,223420010
2024-07-17 09:48:47,17950.0,5000,Buy,223420006
2024-07-17 09:48:47,17950.0,10600,Buy,223419999
2024-07-17 09:48:47,17950.0,100,Buy,223419990
2024-07-17 09:48:47,17950.0,1000,Buy,223419997
2024-07-17 09:48:47,17950.0,100,Buy,223419998
2024-07-17 09:48:47,17950.0,20000,Buy,223419975
2024-07-17 09:48:47,17950.0,12300,Buy,223419987
2024-07-17 09:48:47,17950.0,1400,Buy,223419988
2024-07-17 09:48:47,17950.0,100,Buy,223419991
2024-07-17 09:48:47,17950.0,4200,Buy,223419989
2024-07-17 09:48:47,17950.0,500,Buy,223419993
2024-07-17 09:48:47,17950.0,100,Buy,223419994
2024-07-17 09:48:47,17950.0,200,Buy,223419995
2024-07-17 09:48:47,17950.0,100,Buy,223419996
2024-07-17 09:48:47,17950.0,1000,Buy,223419992
2024-07-17 09:48:48,17950.0,5400,Buy,223420049
2024-07-17 09:48:48,17950.0,6000,Buy,223420048
2024-07-17 09:48:48,17950.0,1000,Buy,223420047
2024-07-17 09:48:48,17950.0,5400,Buy,223420046
2024-07-17 09:48:48,17950.0,3600,Buy,223420045
2024-07-17 09:48:48,17950.0,100,Buy,223420044
2024-07-17 09:48:48,17950.0,2000,Buy,223420040
2024-07-17 09:48:48,17950.0,100,Buy,223420039
2024-07-17 09:48:48,17950.0,3600,Buy,223420038
2024-07-17 09:48:48,17950.0,2000,Buy,223420035
2024-07-17 09:48:48,17950.0,100,Buy,223420036
2024-07-17 09:48:48,17950.0,500,Buy,223420034
2024-07-17 09:48:48,17950.0,1800,Buy,223420033
2024-07-17 09:48:48,17950.0,200,Buy,223420032
2024-07-17 09:48:48,17950.0,1800,Buy,223420030
2024-07-17 09:48:48,17950.0,500,Buy,223420029
2024-07-17 09:48:48,17950.0,2600,Buy,223420028
2024-07-17 09:48:48,17950.0,400,Buy,223420027
2024-07-17 09:48:48,17950.0,200,Buy,223420037
2024-07-17 09:48:48,17950.0,100,Buy,223420031
2024-07-17 09:49:33,18000.0,100,Buy,223421743
2024-07-17 09:49:46,17950.0,100,Sell,223422201
2024-07-17 09:49:48,18000.0,100,Buy,223422281
2024-07-17 09:49:48,18000.0,400,Buy,223422280
2024-07-17 09:49:48,18000.0,300,Buy,223422276
2024-07-17 09:49:48,18000.0,500,Buy,223422278
2024-07-17 09:49:48,18000.0,500,Buy,223422277
2024-07-17 09:49:48,18000.0,1000,Buy,223422279
2024-07-17 09:50:10,18000.0,100,Buy,223422923
2024-07-17 09:50:21,18000.0,1800,Buy,223423409
2024-07-17 09:50:21,18000.0,2000,Buy,223423418
2024-07-17 09:50:21,18000.0,5000,Buy,223423419
2024-07-17 09:50:21,18000.0,700,Buy,223423420
2024-07-17 09:50:21,18000.0,1000,Buy,223423421
2024-07-17 09:50:21,18000.0,1000,Buy,223423422
2024-07-17 09:50:21,18000.0,5000,Buy,223423423
2024-07-17 09:50:21,18000.0,6300,Buy,223423424
2024-07-17 09:50:24,17950.0,900,Sell,223423536
2024-07-17 09:50:24,17950.0,11900,Sell,223423537
2024-07-17 09:50:24,17950.0,2200,Sell,223423538
2024-07-17 09:50:28,18000.0,500,Buy,223423678
2024-07-17 09:50:28,18000.0,3000,Buy,223423679
2024-07-17 09:50:28,18000.0,1000,Buy,223423677
2024-07-17 09:50:28,18000.0,100,Buy,223423675
2024-07-17 09:50:28,18000.0,3700,Buy,223423674
2024-07-17 09:50:28,18000.0,2000,Buy,223423676
2024-07-17 09:50:42,18000.0,200,Buy,223424186
2024-07-17 09:50:42,18000.0,1000,Buy,223424187
2024-07-17 09:50:42,18000.0,300,Buy,223424188
2024-07-17 09:50:42,18000.0,100,Buy,223424189
2024-07-17 09:50:42,18000.0,100,Buy,223424190
2024-07-17 09:50:42,18000.0,200,Buy,223424191
2024-07-17 09:50:42,18000.0,100,Buy,223424192
2024-07-17 09:50:43,18000.0,100,Buy,223424217
2024-07-17 09:50:43,18000.0,900,Buy,223424216
2024-07-17 09:50:45,17950.0,9000,Sell,223424247
2024-07-17 09:50:48,18000.0,100,Buy,223424333
2024-07-17 09:50:48,18000.0,1900,Buy,223424334
2024-07-17 09:50:51,18000.0,500,Buy,223424429
2024-07-17 09:50:57,18000.0,100,Buy,223424598
2024-07-17 09:50:59,18000.0,500,Buy,223424646
2024-07-17 09:51:11,17950.0,800,Sell,223425050
2024-07-17 09:51:11,17950.0,100,Sell,223425051
2024-07-17 09:51:40,18000.0,400,Buy,223425877
2024-07-17 09:51:53,18000.0,2500,Buy,223426368
2024-07-17 09:52:09,17950.0,3600,Sell,223427101
2024-07-17 09:52:10,17950.0,300,Sell,223427197
2024-07-17 09:52:10,17950.0,3600,Sell,223427179
2024-07-17 09:52:11,17950.0,3600,Sell,223427286
2024-07-17 09:52:12,17950.0,3000,Sell,223427354
2024-07-17 09:52:23,17950.0,800,Sell,223427796
2024-07-17 09:52:23,17950.0,1000,Sell,223427797
2024-07-17 09:52:23,17950.0,1200,Sell,223427798
2024-07-17 09:52:37,17950.0,800,Sell,223428486
2024-07-17 09:52:37,17950.0,200,Sell,223428487
2024-07-17 09:52:37,17950.0,3000,Sell,223428496
2024-07-17 09:52:49,17950.0,3000,Sell,223429062
2024-07-17 09:52:58,17950.0,3000,Sell,223429704
2024-07-17 09:53:20,17950.0,200,Sell,223430547
2024-07-17 09:53:20,17950.0,2800,Sell,223430546
2024-07-17 09:53:30,17950.0,1500,Sell,223431002
2024-07-17 09:53:30,17950.0,1000,Sell,223431003
2024-07-17 09:53:30,17950.0,400,Sell,223431004
2024-07-17 09:53:30,17950.0,100,Sell,223431005
2024-07-17 09:53:30,17950.0,200,Sell,223431011
2024-07-17 09:53:33,17950.0,500,Sell,223431076
2024-07-17 09:53:37,17950.0,1200,Sell,223431362
2024-07-17 09:53:37,17950.0,500,Sell,223431361
2024-07-17 09:53:37,17950.0,1300,Sell,223431360
2024-07-17 09:53:44,17950.0,100,Sell,223431588
2024-07-17 09:53:47,17950.0,3000,Sell,223431697
2024-07-17 09:54:05,17950.0,700,Sell,223432339
2024-07-17 09:54:05,17950.0,300,Sell,223432340
2024-07-17 09:54:23,17950.0,100,Sell,223433005
2024-07-17 09:54:26,18000.0,1900,Buy,223433084
2024-07-17 09:54:26,18000.0,500,Buy,223433085
2024-07-17 09:54:26,18000.0,500,Buy,223433086
2024-07-17 09:54:26,18000.0,100,Buy,223433087
2024-07-17 09:54:41,17950.0,300,Sell,223433717
2024-07-17 09:54:52,17950.0,2000,Sell,223434127
2024-07-17 09:54:55,17950.0,200,Sell,223434218
2024-07-17 09:55:09,17950.0,2000,Sell,223434712
2024-07-17 09:55:15,17950.0,2000,Sell,223435002
2024-07-17 09:55:32,17950.0,10000,Sell,223435545
2024-07-17 09:55:39,17950.0,100,Sell,223435814
2024-07-17 09:55:48,17950.0,200,Sell,223436060
2024-07-17 09:56:05,17950.0,10000,Sell,223436574
2024-07-17 09:56:06,17950.0,100,Sell,223436685
2024-07-17 09:56:06,17950.0,200,Sell,223436684
2024-07-17 09:56:06,17950.0,2800,Sell,223436682
2024-07-17 09:56:06,17950.0,500,Sell,223436683
2024-07-17 09:56:21,18000.0,100,Buy,223437292
2024-07-17 09:56:22,17950.0,100,Sell,223437401
2024-07-17 09:56:35,18000.0,100,Buy,223437886
2024-07-17 09:56:35,18000.0,300,Buy,223437885
2024-07-17 09:56:35,18000.0,600,Buy,223437887
2024-07-17 09:56:42,18000.0,1000,Buy,223438119
2024-07-17 09:56:44,18000.0,200,Buy,223438209
2024-07-17 09:56:44,18000.0,500,Buy,223438210
2024-07-17 09:56:44,18000.0,100,Buy,223438211
2024-07-17 09:56:44,18000.0,200,Buy,223438212
2024-07-17 09:56:44,18000.0,200,Buy,223438213
2024-07-17 09:56:44,18000.0,6900,Buy,223438214
2024-07-17 09:56:44,18000.0,3400,Buy,223438208
2024-07-17 09:56:51,18000.0,200,Buy,223438539
2024-07-17 09:56:55,18000.0,500,Buy,223438688
2024-07-17 09:57:01,18000.0,100,Buy,223438940
2024-07-17 09:57:01,18000.0,100,Buy,223438941
2024-07-17 09:57:06,18000.0,2200,Buy,223439215
2024-07-17 09:57:06,18000.0,2800,Buy,223439216
2024-07-17 09:57:07,18000.0,500,Buy,223439256
2024-07-17 09:57:37,18000.0,100,Buy,223440703
2024-07-17 09:57:51,17950.0,500,Sell,223441443
2024-07-17 09:57:51,17950.0,800,Sell,223441444
2024-07-17 09:57:51,17950.0,1800,Sell,223441437
2024-07-17 09:57:51,17950.0,500,Sell,223441438
2024-07-17 09:57:52,17950.0,3600,Sell,223441560
2024-07-17 09:57:56,17950.0,600,Sell,223441734
2024-07-17 09:57:56,17950.0,100,Sell,223441735
2024-07-17 09:57:56,17950.0,2900,Sell,223441736
2024-07-17 09:58:09,17950.0,100,Sell,223442541
2024-07-17 09:58:09,17950.0,800,Sell,223442542
2024-07-17 09:58:09,17950.0,200,Sell,223442543
2024-07-17 09:58:09,17950.0,900,Sell,223442544
2024-07-17 09:58:10,17950.0,3600,Sell,223442602
2024-07-17 09:58:18,17950.0,3600,Sell,223442994
2024-07-17 09:58:20,17950.0,1500,Sell,223443132
2024-07-17 09:58:24,17950.0,400,Sell,223443301
2024-07-17 09:58:24,17950.0,600,Sell,223443302
2024-07-17 09:58:37,17950.0,1400,Sell,223444306
2024-07-17 09:58:37,17950.0,100,Sell,223444307
2024-07-17 09:58:37,17950.0,200,Sell,223444321
2024-07-17 09:58:39,17950.0,700,Sell,223444382
2024-07-17 09:58:39,17950.0,9300,Sell,223444383
2024-07-17 09:58:43,17950.0,1000,Sell,223444655
2024-07-17 09:58:46,17950.0,5000,Sell,223444751
2024-07-17 09:58:47,17950.0,2000,Sell,223444838
2024-07-17 09:58:49,17950.0,500,Sell,223444915
2024-07-17 09:58:51,17950.0,1000,Sell,223444984
2024-07-17 09:58:51,17950.0,1000,Sell,223444974
2024-07-17 09:58:54,17950.0,500,Sell,223445356
2024-07-17 09:58:57,17950.0,3000,Sell,223445481
2024-07-17 09:59:01,17950.0,100,Sell,223445640
2024-07-17 09:59:07,17950.0,3600,Sell,223445892
2024-07-17 09:59:13,17950.0,100,Sell,223446262
2024-07-17 09:59:19,17950.0,200,Sell,223446515
2024-07-17 09:59:22,17950.0,2000,Sell,223446660
2024-07-17 09:59:29,17950.0,200,Sell,223447091
2024-07-17 09:59:36,17950.0,100,Sell,223447470
2024-07-17 09:59:40,17950.0,100,Sell,223447822
2024-07-17 09:59:54,17950.0,100,Sell,223448469
2024-07-17 09:59:58,17950.0,200,Sell,223448731
2024-07-17 09:59:58,17950.0,2000,Sell,223448732
2024-07-17 09:59:58,17950.0,100,Sell,223448733
2024-07-17 09:59:58,17950.0,2000,Sell,223448734
2024-07-17 09:59:58,17950.0,100,Sell,223448735
2024-07-17 09:59:58,17950.0,600,Sell,223448736
2024-07-17 10:00:00,18000.0,100,Buy,223448798
2024-07-17 10:00:03,17950.0,100,Sell,223448914
2024-07-17 10:00:04,17950.0,5000,Sell,223448973
2024-07-17 10:00:07,17950.0,100,Sell,223449181
2024-07-17 10:00:07,17950.0,5000,Sell,223449195
2024-07-17 10:00:07,17950.0,1000,Sell,223449194
2024-07-17 10:00:07,17950.0,300,Sell,223449193
2024-07-17 10:00:07,17950.0,200,Sell,223449192
2024-07-17 10:00:07,17950.0,2000,Sell,223449191
2024-07-17 10:00:07,17950.0,100,Sell,223449190
2024-07-17 10:00:07,17950.0,4300,Sell,223449168
2024-07-17 10:00:07,17950.0,1000,Sell,223449189
2024-07-17 10:00:07,17950.0,500,Sell,223449187
2024-07-17 10:00:07,17950.0,700,Sell,223449186
2024-07-17 10:00:07,17950.0,1000,Sell,223449185
2024-07-17 10:00:07,17950.0,27000,Sell,223449184
2024-07-17 10:00:07,17950.0,1000,Sell,223449183
2024-07-17 10:00:07,17950.0,400,Sell,223449182
2024-07-17 10:00:07,17950.0,3800,Sell,223449196
2024-07-17 10:00:07,17950.0,1600,Sell,223449188
2024-07-17 10:00:09,17950.0,1000,Sell,223449358
2024-07-17 10:00:10,17950.0,200,Sell,223449410
2024-07-17 10:00:11,17950.0,1000,Sell,223449440
2024-07-17 10:00:12,17950.0,100,Sell,223449476
2024-07-17 10:00:13,17950.0,100,Sell,223449504
2024-07-17 10:00:15,17950.0,2000,Sell,223449642
2024-07-17 10:00:15,17950.0,100,Sell,223449641
2024-07-17 10:00:17,17950.0,1700,Sell,223449726
2024-07-17 10:00:50,17950.0,500,Buy,223451235
2024-07-17 10:01:44,17900.0,100,Sell,223453714
2024-07-17 10:02:20,17900.0,100,Sell,223455217
2024-07-17 10:03:06,17900.0,2900,Sell,223456817
2024-07-17 10:03:06,17900.0,5000,Sell,223456818
2024-07-17 10:03:06,17900.0,3600,Sell,223456819
2024-07-17 10:03:06,17900.0,2000,Sell,223456828
2024-07-17 10:03:06,17900.0,100,Sell,223456821
2024-07-17 10:03:06,17900.0,100,Sell,223456822
2024-07-17 10:03:06,17900.0,100,Sell,223456823
2024-07-17 10:03:06,17900.0,1000,Sell,223456824
2024-07-17 10:03:06,17900.0,100,Sell,223456825
2024-07-17 10:03:06,17900.0,3600,Sell,223456826
2024-07-17 10:03:06,17900.0,500,Sell,223456827
2024-07-17 10:03:06,17900.0,1000,Sell,223456820
2024-07-17 10:03:36,17900.0,600,Sell,223458126
2024-07-17 10:03:39,17900.0,1900,Sell,223458239
2024-07-17 10:03:39,17900.0,2900,Sell,223458243
2024-07-17 10:03:39,17900.0,1000,Sell,223458242
2024-07-17 10:03:39,17900.0,1000,Sell,223458238
2024-07-17 10:03:39,17900.0,200,Sell,223458240
2024-07-17 10:03:39,17900.0,3000,Sell,223458241
2024-07-17 10:04:04,17900.0,6100,Sell,223459608
2024-07-17 10:04:04,17900.0,3900,Sell,223459609
2024-07-17 10:04:07,17900.0,200,Sell,223459801
2024-07-17 10:04:09,17900.0,300,Sell,223459835
2024-07-17 10:04:19,17900.0,100,Sell,223460244
2024-07-17 10:04:42,17900.0,2000,Sell,223461204
2024-07-17 10:04:49,17900.0,2500,Sell,223461511
2024-07-17 10:04:49,17900.0,9000,Sell,223461512
2024-07-17 10:04:49,17900.0,9000,Sell,223461513
2024-07-17 10:04:49,17900.0,6300,Sell,223461514
2024-07-17 10:05:26,17900.0,800,Sell,223463084
2024-07-17 10:06:02,17900.0,200,Sell,223464301
2024-07-17 10:06:07,17900.0,800,Sell,223464510
2024-07-17 10:06:07,17900.0,500,Sell,223464509
2024-07-17 10:06:07,17900.0,1700,Sell,223464508
2024-07-17 10:06:14,17900.0,200,Sell,223464771
2024-07-17 10:06:25,17900.0,1000,Sell,223465063
2024-07-17 10:06:25,17900.0,700,Sell,223465064
2024-07-17 10:06:25,17900.0,200,Sell,223465062
2024-07-17 10:06:30,17950.0,200,Buy,223465481
2024-07-17 10:06:30,17950.0,1000,Buy,223465482
2024-07-17 10:06:30,17950.0,200,Buy,223465483
2024-07-17 10:06:30,17950.0,100,Buy,223465484
2024-07-17 10:06:33,17900.0,100,Sell,223465629
2024-07-17 10:06:33,17900.0,300,Sell,223465630
2024-07-17 10:06:33,17900.0,300,Sell,223465627
2024-07-17 10:06:33,17900.0,300,Sell,223465628
2024-07-17 10:07:18,17900.0,200,Sell,223467274
2024-07-17 10:07:28,17900.0,500,Sell,223467615
2024-07-17 10:07:28,17900.0,4500,Sell,223467616
2024-07-17 10:07:34,17900.0,900,Sell,223467781
2024-07-17 10:07:46,17900.0,100,Sell,223468128
2024-07-17 10:08:14,17900.0,3800,Sell,223469070
2024-07-17 10:08:23,17900.0,700,Sell,223469316
2024-07-17 10:08:23,17900.0,800,Sell,223469317
2024-07-17 10:08:44,17900.0,300,Sell,223469821
2024-07-17 10:08:56,17900.0,200,Sell,223470150
2024-07-17 10:08:56,17900.0,300,Sell,223470151
2024-07-17 10:08:56,17900.0,5000,Sell,223470152
2024-07-17 10:08:56,17900.0,100,Sell,223470153
2024-07-17 10:08:56,17900.0,500,Sell,223470154
2024-07-17 10:08:56,17900.0,3900,Sell,223470149
2024-07-17 10:09:37,17900.0,4500,Sell,223471348
2024-07-17 10:09:37,17900.0,100,Sell,223471346
2024-07-17 10:09:37,17900.0,100,Sell,223471347
2024-07-17 10:09:37,17900.0,300,Sell,223471344
2024-07-17 10:09:37,17900.0,1500,Sell,223471343
2024-07-17 10:09:37,17900.0,1000,Sell,223471345
2024-07-17 10:10:18,17900.0,500,Sell,223472349
2024-07-17 10:10:18,17900.0,100,Sell,223472350
2024-07-17 10:10:18,17900.0,3000,Sell,223472351
2024-07-17 10:11:40,17950.0,200,Buy,223474364
2024-07-17 10:11:48,17900.0,600,Sell,223474583
2024-07-17 10:11:48,17900.0,400,Sell,223474584
2024-07-17 10:12:19,17900.0,1000,Sell,223475376
2024-07-17 10:12:21,17900.0,600,Sell,223475502
2024-07-17 10:12:21,17900.0,600,Sell,223475501
2024-07-17 10:12:21,17900.0,2200,Sell,223475489
2024-07-17 10:12:21,17900.0,200,Sell,223475490
2024-07-17 10:12:22,17900.0,2600,Sell,223475531
2024-07-17 10:12:22,17900.0,400,Sell,223475530
2024-07-17 10:12:34,17900.0,2000,Sell,223475984
2024-07-17 10:12:37,17900.0,400,Sell,223476068
2024-07-17 10:12:37,17900.0,600,Sell,223476069
2024-07-17 10:12:46,17950.0,500,Buy,223476255
2024-07-17 10:13:01,17950.0,300,Buy,223476786
2024-07-17 10:13:01,17950.0,200,Buy,223476787
2024-07-17 10:13:01,17900.0,6100,Sell,223476789
2024-07-17 10:13:01,17900.0,1000,Sell,223476790
2024-07-17 10:13:01,17900.0,2900,Sell,223476791
2024-07-17 10:13:07,17900.0,2500,Sell,223477035
2024-07-17 10:13:20,17900.0,400,Sell,223477411
2024-07-17 10:13:20,17900.0,600,Sell,223477408
2024-07-17 10:13:20,17900.0,2000,Sell,223477409
2024-07-17 10:13:20,17900.0,1000,Sell,223477410
2024-07-17 10:13:27,17900.0,100,Sell,223477753
2024-07-17 10:13:27,17900.0,1500,Sell,223477763
2024-07-17 10:13:27,17900.0,500,Sell,223477764
2024-07-17 10:13:31,17900.0,100,Sell,223478033
2024-07-17 10:13:31,17900.0,100,Sell,223478032
2024-07-17 10:13:31,17900.0,1000,Sell,223478031
2024-07-17 10:13:31,17900.0,500,Sell,223478029
2024-07-17 10:13:31,17900.0,300,Sell,223478028
2024-07-17 10:13:31,17900.0,2500,Sell,223478027
2024-07-17 10:13:31,17900.0,500,Sell,223478030
2024-07-17 10:13:47,17900.0,900,Sell,223478646
2024-07-17 10:13:47,17900.0,1400,Sell,223478647
2024-07-17 10:13:47,17900.0,700,Sell,223478648
2024-07-17 10:13:48,17900.0,700,Sell,223478704
2024-07-17 10:13:48,17900.0,3300,Sell,223478705
2024-07-17 10:14:19,17900.0,100,Buy,223480003
2024-07-17 10:14:19,17900.0,10000,Sell,223479991
2024-07-17 10:14:19,17900.0,10000,Sell,223479990
2024-07-17 10:14:19,17900.0,1000,Sell,223479986
2024-07-17 10:14:19,17900.0,500,Sell,223479988
2024-07-17 10:14:19,17900.0,1000,Sell,223479987
2024-07-17 10:14:19,17900.0,2700,Sell,223479985
2024-07-17 10:14:19,17900.0,200,Sell,223479989
2024-07-17 10:15:06,17900.0,3900,Buy,223482646
2024-07-17 10:15:20,17850.0,100,Sell,223483663
2024-07-17 10:15:54,17850.0,500,Sell,223485977
2024-07-17 10:15:56,17850.0,1200,Sell,223486069
2024-07-17 10:15:56,17850.0,800,Sell,223486070
2024-07-17 10:16:28,17850.0,1000,Sell,223489030
2024-07-17 10:16:45,17850.0,300,Sell,223490485
2024-07-17 10:16:49,17850.0,600,Sell,223490881
2024-07-17 10:17:01,17850.0,500,Sell,223492053
2024-07-17 10:17:08,17850.0,800,Sell,223492517
2024-07-17 10:17:25,17850.0,1000,Sell,223493888
2024-07-17 10:17:41,17850.0,500,Sell,223495420
2024-07-17 10:17:51,17850.0,500,Sell,223496419
2024-07-17 10:17:51,17850.0,200,Sell,223496418
2024-07-17 10:17:51,17850.0,100,Sell,223496415
2024-07-17 10:17:51,17850.0,100,Sell,223496416
2024-07-17 10:17:51,17850.0,100,Sell,223496417
2024-07-17 10:17:59,17850.0,500,Sell,223497102
2024-07-17 10:18:29,17850.0,600,Sell,223500279
2024-07-17 10:18:43,17850.0,1300,Sell,223501713
2024-07-17 10:18:51,17850.0,1000,Sell,223502319
2024-07-17 10:19:00,17850.0,300,Sell,223503169
2024-07-17 10:19:00,17850.0,600,Sell,223503167
2024-07-17 10:19:00,17850.0,100,Sell,223503168
2024-07-17 10:19:02,17850.0,1700,Sell,223503303
2024-07-17 10:19:02,17850.0,2000,Sell,223503304
2024-07-17 10:19:02,17850.0,300,Sell,223503305
2024-07-17 10:19:02,17850.0,500,Sell,223503306
2024-07-17 10:19:02,17850.0,2000,Sell,223503307
2024-07-17 10:19:02,17850.0,2000,Sell,223503308
2024-07-17 10:19:02,17850.0,500,Sell,223503309
2024-07-17 10:19:03,17850.0,500,Sell,223503490
2024-07-17 10:19:03,17850.0,100,Sell,223503491
2024-07-17 10:19:03,17850.0,1000,Sell,223503489
2024-07-17 10:19:03,17850.0,500,Sell,223503497
2024-07-17 10:19:03,17850.0,5500,Sell,223503495
2024-07-17 10:19:03,17850.0,100,Sell,223503496
2024-07-17 10:19:03,17850.0,3400,Sell,223503498
2024-07-17 10:19:03,17850.0,300,Sell,223503494
2024-07-17 10:19:03,17850.0,500,Sell,223503488
2024-07-17 10:19:03,17850.0,1000,Sell,223503493
2024-07-17 10:19:03,17850.0,5000,Sell,223503486
2024-07-17 10:19:03,17850.0,5000,Sell,223503487
2024-07-17 10:19:03,17850.0,1500,Sell,223503478
2024-07-17 10:19:03,17850.0,100,Sell,223503479
2024-07-17 10:19:03,17850.0,3000,Sell,223503480
2024-07-17 10:19:03,17850.0,100,Sell,223503481
2024-07-17 10:19:03,17850.0,100,Sell,223503492
2024-07-17 10:19:03,17850.0,1000,Sell,223503483
2024-07-17 10:19:03,17850.0,100,Sell,223503484
2024-07-17 10:19:03,17850.0,200,Sell,223503485
2024-07-17 10:19:03,17850.0,1000,Sell,223503482
2024-07-17 10:19:07,17850.0,6600,Sell,223503764
2024-07-17 10:19:07,17850.0,5000,Sell,223503765
2024-07-17 10:19:07,17850.0,8400,Sell,223503766
2024-07-17 10:19:11,17850.0,21600,Sell,223504100
2024-07-17 10:19:11,17850.0,8400,Sell,223504101
2024-07-17 10:19:11,17850.0,2200,Sell,223504126
2024-07-17 10:19:11,17850.0,2800,Sell,223504127
2024-07-17 10:19:22,17850.0,1700,Sell,223505018
2024-07-17 10:19:22,17850.0,500,Sell,223505019
2024-07-17 10:19:22,17850.0,5000,Sell,223505020
2024-07-17 10:19:22,17850.0,1000,Sell,223505021
2024-07-17 10:19:22,17850.0,1800,Sell,223505022
2024-07-17 10:19:22,17850.0,5400,Sell,223505023
2024-07-17 10:19:22,17850.0,1000,Sell,223505024
2024-07-17 10:20:00,17800.0,1300,Sell,223507876
2024-07-17 10:20:00,17800.0,600,Sell,223507874
2024-07-17 10:20:00,17800.0,100,Sell,223507875
2024-07-17 10:20:30,17800.0,1000,Sell,223510358
2024-07-17 10:20:33,17800.0,700,Sell,223510481
2024-07-17 10:20:33,17800.0,300,Sell,223510482
2024-07-17 10:20:40,17800.0,700,Sell,223511023
2024-07-17 10:20:40,17800.0,3000,Sell,223511024
2024-07-17 10:20:40,17800.0,1300,Sell,223511025
2024-07-17 10:20:49,17800.0,1300,Sell,223511870
2024-07-17 10:20:49,17800.0,700,Sell,223511869
2024-07-17 10:20:51,17800.0,700,Sell,223512016
2024-07-17 10:20:51,17800.0,300,Sell,223512017
2024-07-17 10:20:52,17800.0,600,Sell,223512053
2024-07-17 10:21:08,17800.0,500,Sell,223513268
2024-07-17 10:21:20,17800.0,100,Sell,223514004
2024-07-17 10:21:58,17800.0,500,Sell,223516571
2024-07-17 10:21:58,17800.0,200,Sell,223516570
2024-07-17 10:21:58,17800.0,1000,Sell,223516569
2024-07-17 10:21:58,17800.0,1000,Sell,223516567
2024-07-17 10:21:58,17800.0,1000,Sell,223516566
2024-07-17 10:21:58,17800.0,500,Sell,223516565
2024-07-17 10:21:58,17800.0,100,Sell,223516568
2024-07-17 10:22:47,17800.0,700,Sell,223520466
2024-07-17 10:22:47,17800.0,200,Sell,223520465
2024-07-17 10:22:47,17800.0,600,Sell,223520464
2024-07-17 10:22:47,17800.0,200,Sell,223520461
2024-07-17 10:22:47,17800.0,100,Sell,223520462
2024-07-17 10:22:47,17800.0,500,Sell,223520463
2024-07-17 10:22:47,17800.0,200,Sell,223520460
2024-07-17 10:22:54,17850.0,3600,Buy,223520964
2024-07-17 10:23:00,17850.0,1000,Buy,223521338
2024-07-17 10:23:00,17850.0,500,Buy,223521339
2024-07-17 10:23:00,17850.0,2100,Buy,223521340
2024-07-17 10:23:03,17850.0,7900,Buy,223521610
2024-07-17 10:23:03,17850.0,500,Buy,223521611
2024-07-17 10:23:03,17850.0,2000,Buy,223521612
2024-07-17 10:23:03,17850.0,500,Buy,223521613
2024-07-17 10:23:03,17850.0,4500,Buy,223521614
2024-07-17 10:23:03,17850.0,500,Buy,223521615
2024-07-17 10:23:03,17850.0,1000,Buy,223521616
2024-07-17 10:23:04,17850.0,500,Buy,223521671
2024-07-17 10:23:04,17850.0,100,Buy,223521670
2024-07-17 10:23:04,17850.0,4000,Buy,223521669
2024-07-17 10:23:16,17900.0,3600,Buy,223522544
2024-07-17 10:23:16,17900.0,3600,Buy,223522572
2024-07-17 10:23:17,17900.0,3600,Buy,223522653
2024-07-17 10:23:27,17900.0,5600,Buy,223523440
2024-07-17 10:23:27,17900.0,600,Buy,223523409
2024-07-17 10:23:39,17900.0,5600,Buy,223524240
2024-07-17 10:23:39,17850.0,1000,Sell,223524274
2024-07-17 10:23:39,17850.0,5400,Sell,223524275
2024-07-17 10:23:39,17850.0,1400,Sell,223524276
2024-07-17 10:23:39,17850.0,2200,Sell,223524277
2024-07-17 10:23:43,17850.0,100,Sell,223524609
2024-07-17 10:24:28,17900.0,200,Buy,223527181
2024-07-17 10:24:49,17850.0,100,Sell,223528163
2024-07-17 10:24:49,17850.0,100,Sell,223528162
2024-07-17 10:24:52,17850.0,500,Sell,223528304
2024-07-17 10:25:12,17900.0,2000,Buy,223529113
2024-07-17 10:25:16,17850.0,5900,Sell,223529278
2024-07-17 10:25:16,17850.0,2600,Sell,223529274
2024-07-17 10:25:16,17850.0,1200,Sell,223529275
2024-07-17 10:25:16,17850.0,300,Sell,223529276
2024-07-17 10:25:16,17850.0,5000,Sell,223529277
2024-07-17 10:25:41,17900.0,5000,Buy,223530383
2024-07-17 10:25:46,17900.0,1500,Buy,223530573
2024-07-17 10:25:56,17850.0,1000,Sell,223530930
2024-07-17 10:25:59,17850.0,10000,Sell,223531065
2024-07-17 10:26:01,17850.0,1000,Sell,223531236
2024-07-17 10:26:11,17850.0,5600,Sell,223531593
2024-07-17 10:26:11,17850.0,200,Sell,223531599
2024-07-17 10:26:11,17850.0,500,Sell,223531598
2024-07-17 10:26:11,17850.0,100,Sell,223531597
2024-07-17 10:26:11,17850.0,2100,Sell,223531592
2024-07-17 10:26:11,17850.0,500,Sell,223531595
2024-07-17 10:26:11,17850.0,500,Sell,223531594
2024-07-17 10:26:11,17850.0,500,Sell,223531596
2024-07-17 10:26:14,17850.0,300,Sell,223531719
2024-07-17 10:26:14,17850.0,200,Sell,223531720
2024-07-17 10:26:14,17850.0,200,Sell,223531721
2024-07-17 10:26:14,17850.0,100,Sell,223531722
2024-07-17 10:26:14,17850.0,4200,Sell,223531723
2024-07-17 10:26:51,17850.0,100,Sell,223533085
2024-07-17 10:27:08,17850.0,300,Sell,223533668
2024-07-17 10:27:08,17850.0,500,Sell,223533666
2024-07-17 10:27:08,17850.0,200,Sell,223533665
2024-07-17 10:27:08,17850.0,500,Sell,223533667
2024-07-17 10:27:08,17850.0,100,Sell,223533663
2024-07-17 10:27:08,17850.0,1000,Sell,223533664
2024-07-17 10:27:08,17850.0,200,Sell,223533662
2024-07-17 10:27:08,17850.0,3700,Sell,223533661
2024-07-17 10:27:16,17850.0,900,Sell,223533910
2024-07-17 10:27:16,17850.0,1700,Sell,223533909
2024-07-17 10:27:16,17850.0,700,Sell,223533908
2024-07-17 10:27:23,17850.0,200,Sell,223534169
2024-07-17 10:27:25,17850.0,900,Sell,223534226
2024-07-17 10:27:25,17800.0,100,Sell,223534227
2024-07-17 10:27:43,17850.0,300,Sell,223534825
2024-07-17 10:28:00,17850.0,300,Sell,223535474
2024-07-17 10:28:00,17850.0,1000,Sell,223535475
2024-07-17 10:28:00,17850.0,700,Sell,223535473
2024-07-17 10:28:26,17850.0,300,Sell,223536159
2024-07-17 10:28:40,17850.0,100,Sell,223536616
2024-07-17 10:29:32,17850.0,100,Sell,223538089
2024-07-17 10:30:31,17850.0,100,Sell,223539848
2024-07-17 10:30:54,17850.0,300,Sell,223540526
2024-07-17 10:30:54,17850.0,200,Sell,223540542
2024-07-17 10:31:48,17900.0,5000,Buy,223541967
2024-07-17 10:32:04,17900.0,1100,Buy,223542536
2024-07-17 10:32:33,17850.0,200,Sell,223543306
2024-07-17 10:32:33,17850.0,4800,Sell,223543305
2024-07-17 10:32:57,17850.0,1400,Sell,223543957
2024-07-17 10:32:57,17850.0,300,Sell,223543955
2024-07-17 10:32:57,17850.0,500,Sell,223543956
2024-07-17 10:33:31,17850.0,100,Sell,223545025
2024-07-17 10:33:49,17850.0,6000,Sell,223545688
2024-07-17 10:33:58,17850.0,500,Sell,223545899
2024-07-17 10:34:10,17850.0,22000,Sell,223546218
2024-07-17 10:34:10,17850.0,2000,Sell,223546219
2024-07-17 10:34:10,17850.0,800,Sell,223546220
2024-07-17 10:34:10,17850.0,2000,Sell,223546221
2024-07-17 10:34:10,17850.0,1000,Sell,223546222
2024-07-17 10:34:10,17850.0,2200,Sell,223546223
2024-07-17 10:35:01,17850.0,5000,Sell,223547936
2024-07-17 10:35:44,17850.0,900,Sell,223549296
2024-07-17 10:36:00,17850.0,2900,Sell,223549728
2024-07-17 10:36:00,17850.0,100,Sell,223549729
2024-07-17 10:36:00,17850.0,2000,Sell,223549730
2024-07-17 10:36:13,17850.0,100,Sell,223550097
2024-07-17 10:36:16,17850.0,2400,Sell,223550150
2024-07-17 10:36:16,17850.0,1000,Sell,223550149
2024-07-17 10:36:16,17850.0,500,Sell,223550148
2024-07-17 10:36:16,17850.0,400,Sell,223550147
2024-07-17 10:36:16,17850.0,500,Sell,223550145
2024-07-17 10:36:16,17850.0,300,Sell,223550144
2024-07-17 10:36:16,17850.0,2900,Sell,223550142
2024-07-17 10:36:16,17850.0,1000,Sell,223550146
2024-07-17 10:36:16,17850.0,1000,Sell,223550143
2024-07-17 10:36:30,17850.0,600,Sell,223550528
2024-07-17 10:37:19,17850.0,200,Buy,223552057
2024-07-17 10:37:42,17850.0,200,Buy,223552651
2024-07-17 10:37:42,17850.0,1000,Buy,223552652
2024-07-17 10:37:42,17850.0,1100,Buy,223552653
2024-07-17 10:37:42,17850.0,500,Buy,223552654
2024-07-17 10:37:42,17850.0,100,Buy,223552655
2024-07-17 10:38:07,17850.0,2100,Sell,223553358
2024-07-17 10:38:07,17850.0,4900,Sell,223553359
2024-07-17 10:38:43,17850.0,100,Sell,223554730
2024-07-17 10:38:43,17850.0,1000,Sell,223554731
2024-07-17 10:38:51,17850.0,5000,Buy,223554975
2024-07-17 10:38:53,17800.0,100,Sell,223555072
2024-07-17 10:41:03,17800.0,1000,Sell,223559943
2024-07-17 10:42:41,17800.0,1000,Sell,223564146
2024-07-17 10:42:47,17800.0,1000,Sell,223564378
2024-07-17 10:43:01,17800.0,100,Sell,223564862
2024-07-17 10:43:01,17800.0,600,Sell,223564861
2024-07-17 10:43:01,17800.0,1100,Sell,223564858
2024-07-17 10:43:01,17800.0,100,Sell,223564859
2024-07-17 10:43:01,17800.0,100,Sell,223564860
2024-07-17 10:43:07,17800.0,500,Sell,223565222
2024-07-17 10:43:10,17800.0,500,Sell,223565343
2024-07-17 10:43:10,17800.0,100,Sell,223565344
2024-07-17 10:43:10,17800.0,400,Sell,223565345
2024-07-17 10:43:25,17850.0,600,Buy,223565937
2024-07-17 10:43:38,17850.0,3000,Buy,223566419
2024-07-17 10:43:52,17850.0,300,Buy,223566829
2024-07-17 10:43:54,17850.0,5000,Buy,223566924
2024-07-17 10:44:53,17850.0,100,Buy,223568950
2024-07-17 10:45:17,17850.0,3600,Buy,223570032
2024-07-17 10:45:35,17850.0,1000,Buy,223570797
2024-07-17 10:45:35,17850.0,2000,Buy,223570796
2024-07-17 10:45:35,17850.0,2000,Buy,223570795
2024-07-17 10:45:35,17850.0,2000,Buy,223570794
2024-07-17 10:45:35,17850.0,1000,Buy,223570793
2024-07-17 10:45:35,17850.0,500,Buy,223570792
2024-07-17 10:45:35,17850.0,200,Buy,223570791
2024-07-17 10:45:35,17850.0,300,Buy,223570788
2024-07-17 10:45:35,17850.0,500,Buy,223570789
2024-07-17 10:45:35,17850.0,500,Buy,223570787
2024-07-17 10:45:35,17850.0,100,Buy,223570785
2024-07-17 10:45:35,17850.0,5000,Buy,223570784
2024-07-17 10:45:35,17850.0,1200,Buy,223570783
2024-07-17 10:45:35,17850.0,1300,Buy,223570782
2024-07-17 10:45:35,17850.0,500,Buy,223570790
2024-07-17 10:45:35,17850.0,9700,Buy,223570786
2024-07-17 10:45:43,17850.0,100,Sell,223571118
2024-07-17 10:45:47,17850.0,1500,Sell,223571319
2024-07-17 10:45:56,17850.0,10600,Sell,223571585
2024-07-17 10:45:56,17850.0,5000,Sell,223571586
2024-07-17 10:45:56,17850.0,4700,Sell,223571587
2024-07-17 10:45:56,17850.0,200,Sell,223571605
2024-07-17 10:46:19,17850.0,200,Sell,223572341
2024-07-17 10:46:23,17900.0,3600,Buy,223572510
2024-07-17 10:46:26,17850.0,2000,Sell,223572642
2024-07-17 10:46:26,17850.0,500,Sell,223572641
2024-07-17 10:46:58,17850.0,100,Buy,223573776
2024-07-17 10:47:05,17850.0,500,Buy,223574023
2024-07-17 10:47:13,17850.0,200,Buy,223574314
2024-07-17 10:47:13,17900.0,1100,Buy,223574315
2024-07-17 10:47:17,17900.0,6100,Buy,223574452
2024-07-17 10:47:54,17850.0,200,Sell,223575647
2024-07-17 10:48:05,17850.0,100,Sell,223575987
2024-07-17 10:48:43,17850.0,100,Sell,223577177
2024-07-17 10:48:45,17850.0,300,Sell,223577227
2024-07-17 10:49:00,17850.0,1000,Sell,223577637
2024-07-17 10:49:20,17850.0,600,Sell,223578172
2024-07-17 10:49:22,17900.0,100,Buy,223578217
2024-07-17 10:49:23,17850.0,100,Sell,223578240
2024-07-17 10:49:29,17850.0,700,Sell,223578517
2024-07-17 10:49:29,17850.0,3300,Sell,223578516
2024-07-17 10:49:38,17850.0,300,Sell,223578742
2024-07-17 10:49:38,17850.0,1200,Sell,223578743
2024-07-17 10:49:55,17850.0,4400,Sell,223579327
2024-07-17 10:49:55,17850.0,300,Sell,223579328
2024-07-17 10:50:22,17800.0,200,Sell,223580096
2024-07-17 10:50:36,17800.0,3500,Sell,223580456
2024-07-17 10:50:36,17800.0,100,Sell,223580455
2024-07-17 10:50:36,17800.0,300,Sell,223580452
2024-07-17 10:50:36,17800.0,100,Sell,223580453
2024-07-17 10:50:36,17800.0,100,Sell,223580454
2024-07-17 10:50:36,17800.0,100,Sell,223580437
2024-07-17 10:50:49,17850.0,7000,Buy,223580756
2024-07-17 10:51:00,17800.0,1000,Sell,223580989
2024-07-17 10:51:03,17850.0,3300,Buy,223581078
2024-07-17 10:51:03,17850.0,500,Buy,223581080
2024-07-17 10:51:03,17850.0,1000,Buy,223581081
2024-07-17 10:51:03,17850.0,200,Buy,223581082
2024-07-17 10:52:52,17850.0,200,Buy,223584112
2024-07-17 10:52:52,17850.0,200,Buy,223584113
2024-07-17 10:52:52,17850.0,100,Buy,223584111
2024-07-17 10:53:07,17850.0,100,Buy,223584461
2024-07-17 10:53:13,17850.0,1000,Buy,223584616
2024-07-17 10:53:35,17850.0,200,Buy,223585083
2024-07-17 10:53:58,17850.0,500,Buy,223585656
2024-07-17 10:54:07,17850.0,20000,Buy,223585841
2024-07-17 10:54:14,17850.0,5000,Buy,223585992
2024-07-17 10:54:50,17850.0,300,Buy,223586824
2024-07-17 10:54:50,17850.0,3300,Buy,223586823
2024-07-17 10:54:54,17850.0,200,Buy,223586957
2024-07-17 10:54:54,17850.0,100,Buy,223586958
2024-07-17 10:54:54,17850.0,200,Buy,223586956
2024-07-17 10:55:01,17850.0,500,Buy,223587196
2024-07-17 10:55:06,17850.0,600,Buy,223587483
2024-07-17 10:55:06,17850.0,5000,Buy,223587484
2024-07-17 10:55:06,17850.0,1000,Buy,223587485
2024-07-17 10:55:16,17850.0,9400,Sell,223587743
2024-07-17 10:56:03,17850.0,20000,Sell,223589185
2024-07-17 10:56:10,17850.0,3000,Sell,223589407
2024-07-17 10:56:15,17900.0,500,Buy,223589538
2024-07-17 10:56:39,17900.0,500,Buy,223590277
2024-07-17 10:56:47,17900.0,100,Buy,223590586
2024-07-17 10:56:49,17900.0,2000,Buy,223590618
2024-07-17 10:56:55,17900.0,100,Buy,223590784
2024-07-17 10:57:06,17900.0,2000,Buy,223591233
2024-07-17 10:57:08,17900.0,1000,Buy,223591269
2024-07-17 10:57:33,17900.0,9000,Buy,223592022
2024-07-17 10:57:41,17850.0,7500,Sell,223592536
2024-07-17 10:57:41,17850.0,200,Sell,223592537
2024-07-17 10:57:41,17850.0,500,Sell,223592538
2024-07-17 10:57:41,17850.0,1000,Sell,223592539
2024-07-17 10:57:41,17850.0,10000,Sell,223592540
2024-07-17 10:57:41,17850.0,9000,Sell,223592541
2024-07-17 10:57:41,17850.0,4800,Sell,223592542
2024-07-17 10:57:41,17850.0,11000,Sell,223592535
2024-07-17 10:57:51,17900.0,2000,Buy,223592818
2024-07-17 10:58:02,17900.0,5000,Buy,223593252
2024-07-17 10:58:04,17900.0,100,Buy,223593342
2024-07-17 10:58:04,17900.0,100,Buy,223593351
2024-07-17 10:58:04,17900.0,100,Buy,223593341
2024-07-17 10:58:08,17900.0,300,Buy,223593473
2024-07-17 10:58:13,17900.0,1200,Buy,223593723
2024-07-17 10:58:13,17900.0,2400,Buy,223593724
2024-07-17 10:58:22,17900.0,200,Buy,223594114
2024-07-17 10:58:22,17900.0,1800,Buy,223594113
2024-07-17 10:58:22,17900.0,1200,Buy,223594115
2024-07-17 10:58:22,17900.0,100,Buy,223594111
2024-07-17 10:58:22,17900.0,1100,Buy,223594112
2024-07-17 10:58:22,17900.0,600,Buy,223594110
2024-07-17 10:58:33,17900.0,1000,Buy,223594545
2024-07-17 10:58:52,17900.0,500,Buy,223595325
2024-07-17 10:59:19,17900.0,500,Buy,223596187
2024-07-17 10:59:28,17900.0,1700,Buy,223596506
2024-07-17 10:59:28,17900.0,100,Buy,223596507
2024-07-17 10:59:28,17900.0,200,Buy,223596508
2024-07-17 10:59:28,17900.0,1500,Buy,223596509
2024-07-17 10:59:28,17900.0,1500,Buy,223596510
2024-07-17 10:59:29,17900.0,1100,Buy,223596587
2024-07-17 10:59:29,17900.0,500,Buy,223596586
2024-07-17 10:59:29,17900.0,1200,Buy,223596583
2024-07-17 10:59:29,17900.0,500,Buy,223596584
2024-07-17 10:59:29,17900.0,500,Buy,223596585
2024-07-17 10:59:29,17900.0,1200,Buy,223596582
2024-07-17 10:59:31,17900.0,200,Buy,223596664
2024-07-17 10:59:35,17850.0,3600,Sell,223596828
2024-07-17 10:59:57,17850.0,3600,Sell,223597687
2024-07-17 10:59:58,17900.0,3000,Buy,223597756
2024-07-17 11:00:02,17900.0,4500,Buy,223597919
2024-07-17 11:00:02,17900.0,500,Buy,223597918
2024-07-17 11:00:02,17900.0,200,Buy,223597916
2024-07-17 11:00:13,17850.0,500,Sell,223598259
2024-07-17 11:00:21,17900.0,500,Buy,223598535
2024-07-17 11:00:22,17900.0,200,Buy,223598546
2024-07-17 11:00:29,17850.0,500,Sell,223598792
2024-07-17 11:00:30,17900.0,3400,Buy,223598846
2024-07-17 11:00:30,17900.0,1000,Buy,223598844
2024-07-17 11:00:30,17900.0,2000,Buy,223598845
2024-07-17 11:00:30,17900.0,500,Buy,223598842
2024-07-17 11:00:30,17900.0,10000,Buy,223598841
2024-07-17 11:00:30,17900.0,2800,Buy,223598840
2024-07-17 11:00:30,17900.0,300,Buy,223598843
2024-07-17 11:00:33,17850.0,500,Sell,223598909
2024-07-17 11:00:35,17900.0,5000,Buy,223598979
2024-07-17 11:00:40,17900.0,1000,Buy,223599271
2024-07-17 11:00:40,17900.0,100,Buy,223599281
2024-07-17 11:00:40,17850.0,300,Sell,223599291
2024-07-17 11:00:41,17900.0,5000,Buy,223599325
2024-07-17 11:00:42,17900.0,4100,Buy,223599375
2024-07-17 11:00:42,17900.0,100,Buy,223599373
2024-07-17 11:00:42,17900.0,100,Buy,223599374
2024-07-17 11:00:42,17900.0,100,Buy,223599371
2024-07-17 11:00:42,17850.0,1800,Sell,223599360
2024-07-17 11:00:42,17900.0,100,Buy,223599372
2024-07-17 11:00:42,17900.0,5500,Buy,223599370
2024-07-17 11:00:44,17900.0,200,Buy,223599448
2024-07-17 11:00:45,17900.0,3700,Buy,223599479
2024-07-17 11:00:45,17900.0,200,Buy,223599480
2024-07-17 11:00:45,17900.0,300,Buy,223599481
2024-07-17 11:00:45,17900.0,1000,Buy,223599482
2024-07-17 11:00:45,17900.0,19800,Buy,223599483
2024-07-17 11:00:46,17900.0,5000,Buy,223599508
2024-07-17 11:00:46,17900.0,1000,Buy,223599507
2024-07-17 11:00:46,17900.0,3000,Buy,223599506
2024-07-17 11:00:46,17900.0,10000,Buy,223599505
2024-07-17 11:00:46,17900.0,1700,Buy,223599504
2024-07-17 11:00:46,17900.0,100,Buy,223599510
2024-07-17 11:00:46,17900.0,2500,Buy,223599502
2024-07-17 11:00:46,17900.0,200,Buy,223599503
2024-07-17 11:00:46,17900.0,20600,Buy,223599498
2024-07-17 11:00:46,17900.0,100,Buy,223599509
2024-07-17 11:00:46,17900.0,100,Buy,223599500
2024-07-17 11:00:46,17900.0,2200,Buy,223599501
2024-07-17 11:00:46,17900.0,100,Buy,223599499
2024-07-17 11:01:32,17900.0,100,Sell,223601139
2024-07-17 11:02:01,17900.0,1000,Sell,223601910
2024-07-17 11:02:04,17950.0,300,Buy,223601978
2024-07-17 11:02:04,17950.0,200,Buy,223601979
2024-07-17 11:03:19,17900.0,500,Sell,223605015
2024-07-17 11:03:35,17900.0,500,Sell,223605659
2024-07-17 11:03:37,17900.0,500,Sell,223605787
2024-07-17 11:03:45,17900.0,300,Sell,223606172
2024-07-17 11:04:33,17950.0,100,Buy,223607800
2024-07-17 11:04:33,17950.0,800,Buy,223607801
2024-07-17 11:04:44,17950.0,100,Buy,223608207
2024-07-17 11:04:51,17950.0,200,Buy,223608418
2024-07-17 11:04:55,17950.0,500,Buy,223608574
2024-07-17 11:05:06,17950.0,3000,Buy,223608958
2024-07-17 11:05:11,17950.0,400,Buy,223609128
2024-07-17 11:05:11,17950.0,200,Buy,223609129
2024-07-17 11:05:11,17950.0,400,Buy,223609130
2024-07-17 11:05:26,17950.0,100,Buy,223609613
2024-07-17 11:05:31,17950.0,500,Buy,223609733
2024-07-17 11:05:31,17950.0,200,Buy,223609731
2024-07-17 11:05:31,17950.0,300,Buy,223609732
2024-07-17 11:05:34,17950.0,1000,Buy,223609816
2024-07-17 11:05:34,17900.0,500,Sell,223609863
2024-07-17 11:05:48,17900.0,500,Sell,223610474
2024-07-17 11:05:51,17900.0,500,Sell,223610588
2024-07-17 11:05:55,17950.0,100,Buy,223611014
2024-07-17 11:06:00,17900.0,300,Sell,223611207
2024-07-17 11:06:25,17900.0,300,Sell,223612144
2024-07-17 11:06:25,17900.0,3300,Sell,223612145
2024-07-17 11:06:33,17900.0,500,Sell,223612378
2024-07-17 11:06:35,17950.0,300,Buy,223612456
2024-07-17 11:06:40,17900.0,100,Sell,223612539
2024-07-17 11:07:04,17950.0,12400,Buy,223613322
2024-07-17 11:07:04,17950.0,200,Buy,223613321
2024-07-17 11:07:04,17950.0,7000,Buy,223613320
2024-07-17 11:07:04,17950.0,200,Buy,223613319
2024-07-17 11:07:04,17950.0,100,Buy,223613318
2024-07-17 11:07:04,17950.0,10000,Buy,223613316
2024-07-17 11:07:04,17950.0,1900,Buy,223613317
2024-07-17 11:07:04,17950.0,200,Buy,223613314
2024-07-17 11:07:04,17950.0,1000,Buy,223613313
2024-07-17 11:07:04,17950.0,100,Buy,223613312
2024-07-17 11:07:04,17950.0,1000,Buy,223613311
2024-07-17 11:07:04,17950.0,100,Buy,223613310
2024-07-17 11:07:04,17950.0,200,Buy,223613309
2024-07-17 11:07:04,17950.0,1600,Buy,223613308
2024-07-17 11:07:04,17950.0,4000,Buy,223613315
2024-07-17 11:07:11,17900.0,500,Sell,223613562
2024-07-17 11:07:16,17950.0,3000,Buy,223613770
2024-07-17 11:07:20,17950.0,1000,Buy,223613962
2024-07-17 11:07:26,17900.0,500,Sell,223614245
2024-07-17 11:07:29,17900.0,500,Sell,223614308
2024-07-17 11:07:36,17900.0,300,Sell,223614582
2024-07-17 11:07:46,17950.0,200,Buy,223615059
2024-07-17 11:07:46,17950.0,100,Buy,223615058
2024-07-17 11:07:46,17950.0,3000,Buy,223615057
2024-07-17 11:07:46,17950.0,100,Buy,223615050
2024-07-17 11:07:46,17950.0,300,Buy,223615055
2024-07-17 11:07:46,17950.0,100,Buy,223615054
2024-07-17 11:07:46,17950.0,5400,Buy,223615053
2024-07-17 11:07:46,17950.0,100,Buy,223615052
2024-07-17 11:07:46,17950.0,1000,Buy,223615051
2024-07-17 11:07:46,17950.0,3000,Buy,223615049
2024-07-17 11:07:46,17950.0,2000,Buy,223615056
2024-07-17 11:07:46,17950.0,500,Buy,223615047
2024-07-17 11:07:46,17950.0,33600,Buy,223615037
2024-07-17 11:07:46,17950.0,20000,Buy,223615038
2024-07-17 11:07:46,17950.0,100,Buy,223615039
2024-07-17 11:07:46,17950.0,2000,Buy,223615040
2024-07-17 11:07:46,17950.0,2700,Buy,223615041
2024-07-17 11:07:46,17950.0,2000,Buy,223615048
2024-07-17 11:07:46,17950.0,100,Buy,223615043
2024-07-17 11:07:46,17950.0,200,Buy,223615046
2024-07-17 11:07:46,17950.0,100,Buy,223615042
2024-07-17 11:07:46,17950.0,100,Buy,223615044
2024-07-17 11:07:46,17950.0,4500,Buy,223615045
2024-07-17 11:07:47,17950.0,200,Buy,223615063
2024-07-17 11:07:47,17950.0,500,Buy,223615068
2024-07-17 11:07:47,17950.0,5400,Buy,223615067
2024-07-17 11:07:47,17950.0,100,Buy,223615062
2024-07-17 11:07:47,17950.0,3600,Buy,223615065
2024-07-17 11:07:47,17950.0,500,Buy,223615064
2024-07-17 11:07:47,17950.0,1000,Buy,223615066
2024-07-17 11:07:51,17950.0,500,Sell,223615223
2024-07-17 11:08:07,17950.0,200,Sell,223615903
2024-07-17 11:08:08,17950.0,2000,Sell,223615911
2024-07-17 11:08:16,17950.0,4000,Sell,223616387
2024-07-17 11:08:23,17950.0,800,Sell,223616710
2024-07-17 11:08:23,17950.0,3000,Sell,223616711
2024-07-17 11:08:23,17950.0,100,Sell,223616712
2024-07-17 11:08:23,17950.0,100,Sell,223616713
2024-07-17 11:08:23,17950.0,1000,Buy,223616714
2024-07-17 11:09:27,17950.0,500,Sell,223618404
2024-07-17 11:09:30,17950.0,100,Sell,223618489
2024-07-17 11:09:39,17950.0,3200,Sell,223618756
2024-07-17 11:09:39,17950.0,400,Sell,223618753
2024-07-17 11:09:40,17950.0,500,Sell,223618824
2024-07-17 11:09:42,17950.0,500,Sell,223618876
2024-07-17 11:09:45,17950.0,500,Sell,223618940
2024-07-17 11:09:46,17950.0,100,Sell,223619040
2024-07-17 11:09:52,17950.0,300,Sell,223619298
2024-07-17 11:09:53,17950.0,4900,Sell,223619317
2024-07-17 11:09:53,17950.0,100,Sell,223619318
2024-07-17 11:09:56,17950.0,5000,Sell,223619441
2024-07-17 11:10:02,17950.0,100,Sell,223619627
2024-07-17 11:10:10,17950.0,800,Sell,223619835
2024-07-17 11:10:10,17950.0,1200,Sell,223619836
2024-07-17 11:10:11,17950.0,100,Sell,223619858
2024-07-17 11:10:14,17950.0,1000,Sell,223619934
2024-07-17 11:10:21,17950.0,100,Sell,223620198
2024-07-17 11:10:51,18000.0,4000,Buy,223620916
2024-07-17 11:10:51,18000.0,300,Buy,223620915
2024-07-17 11:10:51,18000.0,100,Buy,223620914
2024-07-17 11:10:51,18000.0,5000,Buy,223620911
2024-07-17 11:10:51,18000.0,500,Buy,223620913
2024-07-17 11:10:51,18000.0,100,Buy,223620912
2024-07-17 11:10:53,17950.0,200,Sell,223620943
2024-07-17 11:10:58,17950.0,3100,Sell,223621102
2024-07-17 11:10:58,17950.0,23100,Sell,223621101
2024-07-17 11:10:58,17950.0,1000,Sell,223621100
2024-07-17 11:10:58,17950.0,300,Sell,223621099
2024-07-17 11:10:58,17950.0,1000,Sell,223621098
2024-07-17 11:10:58,17950.0,6000,Sell,223621097
2024-07-17 11:10:58,17950.0,5000,Sell,223621094
2024-07-17 11:10:58,17950.0,400,Sell,223621093
2024-07-17 11:10:58,17950.0,2000,Sell,223621092
2024-07-17 11:10:58,17950.0,1500,Sell,223621091
2024-07-17 11:10:58,17950.0,1400,Sell,223621090
2024-07-17 11:10:58,17950.0,5000,Sell,223621096
2024-07-17 11:10:58,17950.0,200,Sell,223621095
2024-07-17 11:10:59,18000.0,500,Buy,223621144
2024-07-17 11:10:59,18000.0,200,Buy,223621145
2024-07-17 11:10:59,18000.0,600,Buy,223621143
2024-07-17 11:10:59,18000.0,500,Buy,223621141
2024-07-17 11:10:59,18000.0,1000,Buy,223621140
2024-07-17 11:10:59,18000.0,200,Buy,223621142
2024-07-17 11:11:11,17950.0,500,Sell,223621456
2024-07-17 11:11:14,18000.0,200,Buy,223621578
2024-07-17 11:11:14,18000.0,500,Buy,223621579
2024-07-17 11:11:14,18000.0,200,Buy,223621580
2024-07-17 11:11:14,18000.0,100,Buy,223621581
2024-07-17 11:11:14,18000.0,1000,Buy,223621582
2024-07-17 11:11:14,18000.0,300,Buy,223621583
2024-07-17 11:11:14,18000.0,2700,Buy,223621584
2024-07-17 11:11:27,18000.0,300,Buy,223622022
2024-07-17 11:11:27,18000.0,100,Buy,223622023
2024-07-17 11:11:30,17950.0,500,Sell,223622070
2024-07-17 11:11:30,17950.0,1800,Sell,223622111
2024-07-17 11:11:31,18000.0,500,Buy,223622176
2024-07-17 11:11:31,18000.0,200,Buy,223622177
2024-07-17 11:11:31,18000.0,100,Buy,223622178
2024-07-17 11:11:31,18000.0,1200,Buy,223622179
2024-07-17 11:11:33,17950.0,500,Sell,223622248
2024-07-17 11:11:38,18000.0,3000,Buy,223622452
2024-07-17 11:11:44,17950.0,300,Sell,223622677
2024-07-17 11:11:47,17950.0,500,Sell,223622758
2024-07-17 11:11:48,17950.0,3800,Sell,223622786
2024-07-17 11:11:48,17950.0,1800,Sell,223622803
2024-07-17 11:11:48,17950.0,1000,Sell,223622787
2024-07-17 11:11:48,17950.0,5200,Sell,223622788
2024-07-17 11:11:49,17950.0,15000,Sell,223622856
2024-07-17 11:12:04,17950.0,200,Sell,223623300
2024-07-17 11:12:08,17950.0,200,Sell,223623404
2024-07-17 11:12:08,17950.0,600,Sell,223623436
2024-07-17 11:12:09,17950.0,100,Sell,223623447
2024-07-17 11:12:09,17950.0,1100,Sell,223623448
2024-07-17 11:12:10,17950.0,300,Sell,223623532
2024-07-17 11:12:17,18000.0,5000,Buy,223623690
2024-07-17 11:12:28,17950.0,1800,Sell,223624108
2024-07-17 11:12:28,17950.0,1000,Sell,223624134
2024-07-17 11:12:32,18000.0,100,Buy,223624331
2024-07-17 11:12:33,17950.0,400,Sell,223624361
2024-07-17 11:12:36,17950.0,200,Sell,223624518
2024-07-17 11:12:36,17950.0,1000,Sell,223624520
2024-07-17 11:12:36,17950.0,1000,Sell,223624519
2024-07-17 11:12:36,17950.0,500,Sell,223624517
2024-07-17 11:12:36,17950.0,400,Sell,223624516
2024-07-17 11:12:36,17950.0,700,Sell,223624515
2024-07-17 11:12:36,17950.0,5000,Sell,223624514
2024-07-17 11:12:36,17950.0,800,Sell,223624513
2024-07-17 11:12:36,17950.0,5400,Sell,223624512
2024-07-17 11:12:38,17950.0,1300,Sell,223624589
2024-07-17 11:12:44,17950.0,4100,Sell,223624743
2024-07-17 11:12:58,17900.0,1300,Sell,223625022
2024-07-17 11:12:58,17900.0,500,Sell,223625023
2024-07-17 11:12:59,17950.0,300,Buy,223625071
2024-07-17 11:13:18,17900.0,500,Sell,223625465
2024-07-17 11:13:35,17900.0,400,Sell,223625926
2024-07-17 11:13:35,17900.0,5000,Sell,223625925
2024-07-17 11:13:35,17900.0,2000,Sell,223625924
2024-07-17 11:13:35,17900.0,200,Sell,223625923
2024-07-17 11:13:35,17900.0,100,Sell,223625922
2024-07-17 11:13:35,17900.0,3500,Sell,223625927
2024-07-17 11:13:35,17900.0,100,Sell,223625920
2024-07-17 11:13:35,17900.0,200,Sell,223625919
2024-07-17 11:13:35,17900.0,200,Sell,223625918
2024-07-17 11:13:35,17900.0,5000,Sell,223625917
2024-07-17 11:13:35,17900.0,1500,Sell,223625916
2024-07-17 11:13:35,17900.0,1800,Sell,223625921
2024-07-17 11:13:35,17900.0,500,Sell,223625903
2024-07-17 11:13:36,17900.0,500,Sell,223625948
2024-07-17 11:13:38,17900.0,500,Sell,223626011
2024-07-17 11:13:41,17950.0,700,Buy,223626070
2024-07-17 11:13:46,17900.0,300,Sell,223626179
2024-07-17 11:13:53,17900.0,1000,Sell,223626345
2024-07-17 11:14:00,17900.0,200,Sell,223626520
2024-07-17 11:14:57,17900.0,100,Sell,223627920
2024-07-17 11:14:57,17900.0,3000,Sell,223627919
2024-07-17 11:14:57,17900.0,100,Sell,223627918
2024-07-17 11:14:57,17900.0,300,Sell,223627917
2024-07-17 11:14:57,17900.0,5000,Sell,223627916
2024-07-17 11:14:57,17900.0,1000,Sell,223627914
2024-07-17 11:14:57,17900.0,100,Sell,223627913
2024-07-17 11:14:57,17900.0,1500,Sell,223627912
2024-07-17 11:14:57,17900.0,3000,Sell,223627911
2024-07-17 11:14:57,17900.0,1000,Sell,223627910
2024-07-17 11:14:57,17900.0,2000,Sell,223627909
2024-07-17 11:14:57,17900.0,600,Sell,223627915
2024-07-17 11:14:58,17900.0,400,Sell,223627925
2024-07-17 11:14:58,17900.0,500,Sell,223627922
2024-07-17 11:14:58,17900.0,1000,Sell,223627923
2024-07-17 11:14:58,17900.0,400,Sell,223627924
2024-07-17 11:15:17,17900.0,100,Sell,223628373
2024-07-17 11:15:17,17900.0,600,Sell,223628372
2024-07-17 11:15:17,17900.0,1200,Sell,223628371
2024-07-17 11:15:17,17900.0,2000,Sell,223628367
2024-07-17 11:15:17,17900.0,500,Sell,223628369
2024-07-17 11:15:17,17900.0,8900,Sell,223628368
2024-07-17 11:15:17,17900.0,6000,Sell,223628370
2024-07-17 11:15:17,17900.0,100,Sell,223628366
2024-07-17 11:15:20,17900.0,1000,Buy,223628472
2024-07-17 11:15:26,17900.0,100,Buy,223628564
2024-07-17 11:15:35,17850.0,200,Sell,223628795
2024-07-17 11:15:49,17900.0,500,Buy,223629103
2024-07-17 11:16:27,17900.0,300,Buy,223629978
2024-07-17 11:17:24,17900.0,5000,Buy,223631182
2024-07-17 11:17:28,17900.0,3000,Buy,223631244
2024-07-17 11:17:31,17900.0,1000,Buy,223631329
2024-07-17 11:17:59,17900.0,400,Buy,223631890
2024-07-17 11:18:24,17850.0,500,Sell,223632477
2024-07-17 11:18:38,17850.0,500,Sell,223632787
2024-07-17 11:18:40,17850.0,500,Sell,223632853
2024-07-17 11:18:49,17850.0,300,Sell,223633017
2024-07-17 11:18:54,17900.0,5000,Buy,223633116
2024-07-17 11:19:10,17900.0,100,Buy,223633463
2024-07-17 11:19:46,17850.0,500,Sell,223634079
2024-07-17 11:19:47,17850.0,4900,Sell,223634135
2024-07-17 11:19:47,17850.0,4100,Sell,223634161
2024-07-17 11:19:47,17850.0,300,Sell,223634160
2024-07-17 11:19:47,17850.0,1000,Sell,223634159
2024-07-17 11:19:47,17850.0,300,Sell,223634158
2024-07-17 11:19:47,17850.0,2000,Sell,223634157
2024-07-17 11:19:47,17850.0,1000,Sell,223634156
2024-07-17 11:19:47,17850.0,1800,Sell,223634118
2024-07-17 11:19:47,17850.0,50000,Sell,223634153
2024-07-17 11:19:47,17850.0,3000,Sell,223634152
2024-07-17 11:19:47,17850.0,300,Sell,223634151
2024-07-17 11:19:47,17850.0,500,Sell,223634150
2024-07-17 11:19:47,17850.0,7000,Sell,223634149
2024-07-17 11:19:47,17850.0,600,Sell,223634155
2024-07-17 11:19:47,17850.0,500,Sell,223634147
2024-07-17 11:19:47,17850.0,100,Sell,223634148
2024-07-17 11:19:47,17850.0,9000,Sell,223634136
2024-07-17 11:19:47,17850.0,100,Sell,223634137
2024-07-17 11:19:47,17850.0,100,Sell,223634138
2024-07-17 11:19:47,17850.0,2000,Sell,223634139
2024-07-17 11:19:47,17850.0,500,Sell,223634140
2024-07-17 11:19:47,17850.0,6000,Sell,223634154
2024-07-17 11:19:47,17850.0,2000,Sell,223634142
2024-07-17 11:19:47,17850.0,500,Sell,223634141
2024-07-17 11:19:47,17850.0,200,Sell,223634143
2024-07-17 11:19:47,17850.0,500,Sell,223634144
2024-07-17 11:19:47,17850.0,3000,Sell,223634145
2024-07-17 11:19:47,17850.0,500,Sell,223634146
2024-07-17 11:20:01,17850.0,500,Sell,223634533
2024-07-17 11:20:04,17850.0,500,Sell,223634602
2024-07-17 11:20:11,17850.0,300,Sell,223634731
2024-07-17 11:20:47,17850.0,100,Sell,223635391
2024-07-17 11:21:07,17850.0,1000,Sell,223635751
2024-07-17 11:21:39,17850.0,3500,Sell,223636336
2024-07-17 11:21:39,17850.0,5000,Sell,223636337
2024-07-17 11:21:39,17850.0,100,Sell,223636338
2024-07-17 11:21:39,17850.0,2200,Sell,223636339
2024-07-17 11:22:04,17900.0,500,Buy,223636760
2024-07-17 11:22:15,17850.0,1000,Sell,223636950
2024-07-17 11:23:34,17900.0,100,Buy,223638470
2024-07-17 11:23:36,17900.0,200,Buy,223638517
2024-07-17 11:23:46,17900.0,100,Buy,223638671
2024-07-17 11:23:49,17900.0,100,Buy,223638726
2024-07-17 11:23:56,17900.0,3700,Buy,223638888
2024-07-17 11:24:39,17900.0,200,Buy,223639706
2024-07-17 11:25:44,17900.0,2000,Buy,223640937
2024-07-17 11:25:57,17900.0,2000,Buy,223641147
2024-07-17 11:26:08,17900.0,100,Buy,223641398
2024-07-17 11:26:51,17850.0,3000,Sell,223642204
2024-07-17 11:27:01,17900.0,200,Buy,223642393
2024-07-17 11:27:09,17900.0,200,Buy,223642573
2024-07-17 11:27:26,17900.0,1000,Buy,223642850
2024-07-17 11:27:33,17850.0,500,Sell,223642940
2024-07-17 11:27:35,17900.0,5000,Buy,223643000
2024-07-17 11:27:44,17900.0,100,Buy,223643182
2024-07-17 11:27:46,17900.0,1000,Buy,223643216
2024-07-17 11:27:48,17900.0,7700,Buy,223643235
2024-07-17 11:27:48,17900.0,100,Buy,223643236
2024-07-17 11:27:48,17900.0,100,Buy,223643237
2024-07-17 11:27:48,17900.0,2100,Buy,223643238
2024-07-17 11:27:55,17900.0,1000,Buy,223643340
2024-07-17 11:28:18,17900.0,1900,Buy,223643778
2024-07-17 11:28:18,17900.0,1100,Buy,223643779
2024-07-17 11:28:24,17900.0,1000,Buy,223643917
2024-07-17 11:28:24,17900.0,3900,Buy,223643916
2024-07-17 11:28:25,17900.0,500,Buy,223643920
2024-07-17 11:28:25,17900.0,200,Buy,223643921
2024-07-17 11:28:25,17900.0,1000,Buy,223643922
2024-07-17 11:28:25,17900.0,1300,Buy,223643923
2024-07-17 11:28:27,17900.0,1000,Buy,223643979
2024-07-17 11:28:30,17900.0,1000,Buy,223644010
2024-07-17 11:28:47,17850.0,500,Sell,223644460
2024-07-17 11:29:03,17850.0,500,Sell,223644773
2024-07-17 11:29:06,17900.0,1000,Buy,223644897
2024-07-17 11:29:06,17900.0,500,Buy,223644896
2024-07-17 11:29:06,17900.0,900,Buy,223644895
2024-07-17 11:29:06,17900.0,500,Buy,223644893
2024-07-17 11:29:06,17900.0,300,Buy,223644892
2024-07-17 11:29:06,17900.0,1700,Buy,223644891
2024-07-17 11:29:06,17900.0,100,Buy,223644894
2024-07-17 11:29:08,17850.0,500,Sell,223644928
2024-07-17 11:29:19,17850.0,300,Sell,223645115
2024-07-17 11:29:27,17950.0,100,Buy,223645343
2024-07-17 12:59:37,17950.0,15000,Buy,223645695
2024-07-17 12:59:38,17900.0,1000,Buy,223645972
2024-07-17 12:59:38,17900.0,3200,Buy,223645973
2024-07-17 12:59:38,17900.0,100,Buy,223645969
2024-07-17 12:59:38,17900.0,700,Buy,223645971
2024-07-17 12:59:42,17900.0,200,Sell,223647508
2024-07-17 12:59:42,17900.0,1200,Sell,223647509
2024-07-17 12:59:42,17900.0,800,Sell,223647507
2024-07-17 12:59:44,17900.0,600,Sell,223648147
2024-07-17 12:59:47,17900.0,100,Sell,223649033
2024-07-17 12:59:49,17950.0,100,Buy,223649415
2024-07-17 12:59:49,17900.0,200,Sell,223649416
2024-07-17 12:59:51,17900.0,400,Sell,223649587
2024-07-17 12:59:52,17900.0,100,Sell,223649750
2024-07-17 12:59:59,17950.0,10000,Buy,223650563
2024-07-17 13:00:00,17950.0,200,Buy,223650685
2024-07-17 13:00:06,17950.0,100,Buy,223651121
2024-07-17 13:00:36,17900.0,600,Sell,223652038
2024-07-17 13:00:47,17900.0,800,Sell,223652374
2024-07-17 13:01:14,17900.0,100,Sell,223653083
2024-07-17 13:01:14,17900.0,100,Sell,223653084
2024-07-17 13:01:14,17900.0,800,Sell,223653085
2024-07-17 13:01:15,17900.0,2000,Sell,223653089
2024-07-17 13:01:34,17900.0,100,Sell,223653683
2024-07-17 13:01:34,17900.0,100,Sell,223653684
2024-07-17 13:01:34,17900.0,2200,Sell,223653681
2024-07-17 13:01:34,17900.0,500,Sell,223653682
2024-07-17 13:01:39,17900.0,2100,Buy,223653822
2024-07-17 13:01:39,17900.0,800,Sell,223653823
2024-07-17 13:02:05,17900.0,2000,Sell,223655021
2024-07-17 13:02:09,17900.0,100,Sell,223655180
2024-07-17 13:02:09,17900.0,100,Sell,223655184
2024-07-17 13:02:09,17900.0,300,Sell,223655185
2024-07-17 13:02:25,17900.0,600,Sell,223655616
2024-07-17 13:02:25,17900.0,100,Sell,223655617
2024-07-17 13:02:35,17900.0,100,Buy,223655905
2024-07-17 13:02:36,17900.0,800,Buy,223655936
2024-07-17 13:02:45,17900.0,100,Buy,223656356
2024-07-17 13:02:45,17900.0,200,Buy,223656357
2024-07-17 13:03:11,17900.0,700,Sell,223657397
2024-07-17 13:03:29,17900.0,100,Buy,223657925
2024-07-17 13:03:29,17900.0,1000,Buy,223657926
2024-07-17 13:03:29,17900.0,900,Buy,223657927
2024-07-17 13:03:56,17900.0,100,Buy,223658836
2024-07-17 13:03:56,17900.0,400,Buy,223658837
2024-07-17 13:04:02,17900.0,100,Buy,223659009
2024-07-17 13:04:11,17900.0,200,Buy,223659289
2024-07-17 13:04:26,17900.0,500,Buy,223659715
2024-07-17 13:05:15,17900.0,800,Buy,223661571
2024-07-17 13:05:15,17900.0,4200,Buy,223661572
2024-07-17 13:05:18,17900.0,500,Buy,223661658
2024-07-17 13:05:29,17900.0,100,Buy,223661983
2024-07-17 13:05:39,17900.0,5600,Buy,223662299
2024-07-17 13:05:56,17850.0,5000,Sell,223662942
2024-07-17 13:06:13,17900.0,600,Buy,223663597
2024-07-17 13:06:26,17900.0,1800,Buy,223664099
2024-07-17 13:06:56,17900.0,100,Buy,223665055
2024-07-17 13:07:16,17900.0,5600,Buy,223665765
2024-07-17 13:07:20,17900.0,200,Buy,223665922
2024-07-17 13:08:20,17900.0,1000,Buy,223667901
2024-07-17 13:08:23,17900.0,100,Buy,223667994
2024-07-17 13:08:50,17900.0,2000,Buy,223668951
2024-07-17 13:08:50,17900.0,2800,Buy,223668952
2024-07-17 13:08:50,17900.0,200,Buy,223668950
2024-07-17 13:08:56,17900.0,2900,Buy,223669132
2024-07-17 13:09:07,17900.0,4300,Buy,223669699
2024-07-17 13:09:07,17900.0,100,Buy,223669700
2024-07-17 13:09:07,17900.0,2500,Buy,223669701
2024-07-17 13:09:28,17900.0,500,Buy,223670403
2024-07-17 13:09:29,17900.0,100,Buy,223670443
2024-07-17 13:09:50,17900.0,100,Buy,223671155
2024-07-17 13:09:56,17900.0,300,Buy,223671340
2024-07-17 13:09:57,17900.0,2000,Buy,223671361
2024-07-17 13:10:05,17900.0,100,Buy,223671388
2024-07-17 13:10:45,17900.0,200,Buy,223673041
2024-07-17 13:10:53,17850.0,6000,Sell,223673333
2024-07-17 13:10:58,17900.0,200,Buy,223673453
2024-07-17 13:11:00,17900.0,100,Buy,223673485
2024-07-17 13:11:00,17900.0,1000,Buy,223673484
2024-07-17 13:11:00,17900.0,2900,Buy,223673486
2024-07-17 13:11:00,17900.0,3000,Buy,223673482
2024-07-17 13:11:00,17900.0,2000,Buy,223673481
2024-07-17 13:11:00,17900.0,1000,Buy,223673483
2024-07-17 13:11:09,17900.0,500,Buy,223673779
2024-07-17 13:11:09,17850.0,300,Sell,223673784
2024-07-17 13:11:17,17900.0,100,Buy,223674005
2024-07-17 13:12:44,17900.0,100,Buy,223676994
2024-07-17 13:13:05,17850.0,500,Sell,223677940
2024-07-17 13:13:08,17850.0,1600,Sell,223678074
2024-07-17 13:13:32,17850.0,100,Sell,223679257
2024-07-17 13:13:38,17850.0,400,Sell,223679527
2024-07-17 13:13:39,17900.0,100,Buy,223679559
2024-07-17 13:14:11,17900.0,100,Buy,223680812
2024-07-17 13:14:35,17900.0,100,Buy,223681614
2024-07-17 13:14:59,17850.0,100,Sell,223682509
2024-07-17 13:15:28,17850.0,2200,Sell,223683744
2024-07-17 13:15:37,17850.0,200,Sell,223684160
2024-07-17 13:15:38,17900.0,100,Buy,223684278
2024-07-17 13:15:38,17850.0,500,Sell,223684263
2024-07-17 13:15:39,17850.0,700,Sell,223684335
2024-07-17 13:15:52,17850.0,500,Sell,223684885
2024-07-17 13:15:55,17850.0,500,Sell,223684985
2024-07-17 13:15:56,17900.0,300,Buy,223685000
2024-07-17 13:16:03,17850.0,300,Sell,223685326
2024-07-17 13:16:25,17850.0,100,Sell,223686506
2024-07-17 13:16:28,17900.0,200,Buy,223686699
2024-07-17 13:17:05,17900.0,100,Buy,223688397
2024-07-17 13:17:06,17850.0,100,Sell,223688426
2024-07-17 13:17:18,17850.0,200,Sell,223688938
2024-07-17 13:17:45,17850.0,2200,Sell,223690356
2024-07-17 13:17:45,17850.0,1700,Sell,223690357
2024-07-17 13:18:18,17900.0,100,Buy,223692057
2024-07-17 13:18:19,17850.0,300,Sell,223692071
2024-07-17 13:18:19,17850.0,100,Sell,223692072
2024-07-17 13:18:19,17850.0,100,Sell,223692073
2024-07-17 13:18:20,17850.0,5400,Sell,223692110
2024-07-17 13:18:31,17850.0,500,Sell,223692562
2024-07-17 13:18:32,17900.0,100,Buy,223692584
2024-07-17 13:18:46,17850.0,1800,Sell,223693388
2024-07-17 13:18:47,17850.0,500,Sell,223693437
2024-07-17 13:18:50,17850.0,500,Sell,223693575
2024-07-17 13:18:57,17850.0,200,Sell,223693925
2024-07-17 13:18:57,17850.0,100,Sell,223693926
2024-07-17 13:19:17,17850.0,100,Sell,223694950
2024-07-17 13:19:18,17850.0,200,Sell,223694985
2024-07-17 13:19:18,17850.0,500,Sell,223694984
2024-07-17 13:19:18,17850.0,200,Sell,223694983
2024-07-17 13:19:18,17850.0,2000,Sell,223694981
2024-07-17 13:19:18,17850.0,500,Sell,223694980
2024-07-17 13:19:18,17850.0,100,Sell,223694979
2024-07-17 13:19:18,17850.0,1500,Sell,223694982
2024-07-17 13:19:52,17850.0,1000,Sell,223696924
2024-07-17 13:19:59,17900.0,100,Buy,223697426
2024-07-17 13:20:44,17850.0,3000,Sell,223699635
2024-07-17 13:20:45,17850.0,200,Sell,223699709
2024-07-17 13:20:56,17900.0,100,Buy,223700238
2024-07-17 13:21:00,17850.0,1000,Sell,223700405
2024-07-17 13:21:15,17850.0,500,Sell,223700979
2024-07-17 13:21:26,17900.0,100,Buy,223701638
2024-07-17 13:21:31,17850.0,500,Sell,223702096
2024-07-17 13:21:34,17850.0,500,Sell,223702295
2024-07-17 13:21:41,17850.0,400,Sell,223702636
2024-07-17 13:21:42,17850.0,300,Sell,223702697
2024-07-17 13:21:52,17850.0,400,Sell,223703272
2024-07-17 13:22:08,17850.0,1800,Sell,223704345
2024-07-17 13:22:18,17850.0,3600,Sell,223704788
2024-07-17 13:22:21,17850.0,200,Sell,223704956
2024-07-17 13:22:23,17850.0,4000,Sell,223705022
2024-07-17 13:22:24,17850.0,500,Sell,223705062
2024-07-17 13:22:32,17850.0,1800,Sell,223705392
2024-07-17 13:22:38,17900.0,100,Buy,223705787
2024-07-17 13:22:40,17850.0,500,Sell,223705863
2024-07-17 13:22:42,17850.0,500,Sell,223706006
2024-07-17 13:22:51,17850.0,300,Sell,223706405
2024-07-17 13:22:53,17900.0,100,Buy,223706522
2024-07-17 13:23:00,17850.0,10000,Sell,223706867
2024-07-17 13:23:31,17850.0,100,Sell,223708295
2024-07-17 13:23:39,17850.0,1000,Sell,223708701
2024-07-17 13:23:40,17850.0,200,Sell,223708717
2024-07-17 13:23:43,17850.0,5000,Sell,223708796
2024-07-17 13:23:56,17850.0,1000,Sell,223709238
2024-07-17 13:23:58,17850.0,3000,Sell,223709370
2024-07-17 13:24:10,17900.0,2000,Buy,223709951
2024-07-17 13:24:14,17850.0,2000,Sell,223710129
2024-07-17 13:24:20,17900.0,100,Buy,223710374
2024-07-17 13:24:36,17850.0,4000,Sell,223711067
2024-07-17 13:24:45,17850.0,1500,Sell,223711387
2024-07-17 13:25:09,17900.0,1000,Buy,223712452
2024-07-17 13:25:21,17900.0,300,Buy,223713088
2024-07-17 13:25:32,17850.0,3700,Sell,223713580
2024-07-17 13:25:47,17900.0,100,Buy,223714212
2024-07-17 13:25:51,17900.0,5000,Buy,223714386
2024-07-17 13:25:51,17900.0,4900,Buy,223714390
2024-07-17 13:25:51,17900.0,400,Buy,223714389
2024-07-17 13:25:51,17900.0,5000,Buy,223714388
2024-07-17 13:25:51,17900.0,100,Buy,223714387
2024-07-17 13:25:51,17900.0,500,Buy,223714385
2024-07-17 13:25:51,17900.0,200,Buy,223714384
2024-07-17 13:25:51,17900.0,9200,Buy,223714376
2024-07-17 13:25:51,17900.0,200,Buy,223714382
2024-07-17 13:25:51,17900.0,400,Buy,223714381
2024-07-17 13:25:51,17900.0,600,Buy,223714380
2024-07-17 13:25:51,17900.0,500,Buy,223714379
2024-07-17 13:25:51,17900.0,600,Buy,223714378
2024-07-17 13:25:51,17900.0,500,Buy,223714377
2024-07-17 13:25:51,17900.0,1900,Buy,223714383
2024-07-17 13:25:52,17850.0,100,Sell,223714431
2024-07-17 13:25:54,17900.0,1000,Buy,223714560
2024-07-17 13:26:02,17900.0,500,Buy,223714928
2024-07-17 13:26:03,17900.0,900,Buy,223714960
2024-07-17 13:26:09,17850.0,1000,Sell,223715198
2024-07-17 13:26:20,17900.0,100,Buy,223715629
2024-07-17 13:26:20,17900.0,100,Buy,223715628
2024-07-17 13:26:20,17900.0,2700,Buy,223715624
2024-07-17 13:26:20,17900.0,700,Buy,223715626
2024-07-17 13:26:20,17900.0,300,Buy,223715625
2024-07-17 13:26:20,17900.0,100,Buy,223715627
2024-07-17 13:26:23,17900.0,100,Buy,223715764
2024-07-17 13:26:46,17900.0,100,Buy,223716815
2024-07-17 13:26:46,17900.0,500,Buy,223716846
2024-07-17 13:26:54,17900.0,4200,Buy,223717197
2024-07-17 13:26:54,17900.0,800,Buy,223717198
2024-07-17 13:26:58,17900.0,4100,Buy,223717350
2024-07-17 13:26:58,17900.0,4600,Buy,223717347
2024-07-17 13:26:58,17900.0,100,Buy,223717348
2024-07-17 13:26:58,17900.0,1200,Buy,223717349
2024-07-17 13:27:14,17900.0,100,Buy,223718021
2024-07-17 13:27:14,17900.0,100,Buy,223718027
2024-07-17 13:27:18,17900.0,100,Buy,223718255
2024-07-17 13:27:29,17900.0,100,Buy,223718740
2024-07-17 13:27:40,17900.0,1600,Buy,223719220
2024-07-17 13:27:40,17900.0,400,Buy,223719221
2024-07-17 13:27:42,17900.0,200,Buy,223719392
2024-07-17 13:27:47,17900.0,1000,Buy,223719760
2024-07-17 13:27:52,17900.0,5000,Buy,223720084
2024-07-17 13:27:55,17900.0,1600,Buy,223720216
2024-07-17 13:27:55,17900.0,400,Buy,223720217
2024-07-17 13:27:55,17900.0,2000,Buy,223720218
2024-07-17 13:27:55,17900.0,800,Buy,223720215
2024-07-17 13:27:55,17900.0,3000,Buy,223720232
2024-07-17 13:27:55,17900.0,2700,Buy,223720220
2024-07-17 13:27:55,17900.0,900,Buy,223720221
2024-07-17 13:27:55,17900.0,1000,Buy,223720222
2024-07-17 13:27:55,17900.0,2800,Buy,223720223
2024-07-17 13:27:55,17900.0,2000,Buy,223720219
2024-07-17 13:27:55,17900.0,1500,Buy,223720214
2024-07-17 13:27:55,17900.0,2000,Buy,223720207
2024-07-17 13:27:55,17900.0,500,Buy,223720212
2024-07-17 13:27:55,17900.0,300,Buy,223720213
2024-07-17 13:27:55,17900.0,3400,Buy,223720197
2024-07-17 13:27:55,17900.0,1000,Buy,223720198
2024-07-17 13:27:55,17900.0,700,Buy,223720199
2024-07-17 13:27:55,17900.0,1000,Buy,223720200
2024-07-17 13:27:55,17900.0,200,Buy,223720201
2024-07-17 13:27:55,17900.0,2000,Buy,223720202
2024-07-17 13:27:55,17900.0,10000,Buy,223720208
2024-07-17 13:27:55,17900.0,200,Buy,223720209
2024-07-17 13:27:55,17900.0,3000,Buy,223720210
2024-07-17 13:27:55,17900.0,10000,Buy,223720211
2024-07-17 13:27:58,17900.0,600,Buy,223720423
2024-07-17 13:28:01,17900.0,200,Buy,223720621
2024-07-17 13:28:06,17900.0,100,Buy,223720901
2024-07-17 13:28:06,17900.0,100,Buy,223720906
2024-07-17 13:28:08,17900.0,100,Buy,223720988
2024-07-17 13:28:10,17900.0,10000,Buy,223721073
2024-07-17 13:28:11,17900.0,600,Buy,223721133
2024-07-17 13:28:12,17900.0,2500,Buy,223721143
2024-07-17 13:28:12,17900.0,100,Buy,223721145
2024-07-17 13:28:12,17900.0,3600,Buy,223721144
2024-07-17 13:28:16,17900.0,1000,Sell,223721272
2024-07-17 13:28:18,17900.0,100,Sell,223721350
2024-07-17 13:28:30,17900.0,500,Sell,223721828
2024-07-17 13:28:42,17900.0,200,Sell,223722352
2024-07-17 13:28:47,17900.0,5000,Sell,223722555
2024-07-17 13:28:49,17950.0,7000,Buy,223722652
2024-07-17 13:28:55,17900.0,100,Sell,223723122
2024-07-17 13:29:18,17900.0,100,Sell,223724640
2024-07-17 13:29:35,17900.0,8800,Sell,223725525
2024-07-17 13:29:35,17900.0,7200,Sell,223725526
2024-07-17 13:30:07,17900.0,300,Sell,223727053
2024-07-17 13:30:59,17950.0,3000,Buy,223729952
2024-07-17 13:30:59,17950.0,400,Buy,223729953
2024-07-17 13:30:59,17950.0,200,Buy,223729951
2024-07-17 13:30:59,17950.0,1000,Buy,223729948
2024-07-17 13:30:59,17950.0,2500,Buy,223729949
2024-07-17 13:30:59,17950.0,12400,Buy,223729947
2024-07-17 13:30:59,17950.0,500,Buy,223729950
2024-07-17 13:31:10,17950.0,500,Buy,223730605
2024-07-17 13:31:19,17950.0,1000,Buy,223731018
2024-07-17 13:31:25,17950.0,200,Buy,223731255
2024-07-17 13:31:28,17950.0,2200,Buy,223731430
2024-07-17 13:31:30,17950.0,1000,Buy,223731526
2024-07-17 13:31:32,17950.0,2000,Buy,223731676
2024-07-17 13:31:33,17950.0,400,Buy,223731853
2024-07-17 13:31:33,17950.0,10000,Buy,223731854
2024-07-17 13:31:33,17950.0,100,Buy,223731858
2024-07-17 13:31:33,17950.0,8000,Buy,223731856
2024-07-17 13:31:33,17950.0,1000,Buy,223731857
2024-07-17 13:31:33,17950.0,4000,Buy,223731852
2024-07-17 13:31:33,17950.0,600,Buy,223731855
2024-07-17 13:31:33,17950.0,300,Buy,223731851
2024-07-17 13:31:33,17950.0,500,Buy,223731848
2024-07-17 13:31:33,17950.0,800,Buy,223731849
2024-07-17 13:31:33,17950.0,100,Buy,223731859
2024-07-17 13:31:33,17950.0,200,Buy,223731847
2024-07-17 13:31:33,17950.0,100,Buy,223731846
2024-07-17 13:31:33,17950.0,2000,Buy,223731845
2024-07-17 13:31:33,17950.0,600,Buy,223731844
2024-07-17 13:31:33,17950.0,300,Buy,223731843
2024-07-17 13:31:33,17950.0,900,Buy,223731850
2024-07-17 13:31:33,17950.0,700,Buy,223731862
2024-07-17 13:31:33,17950.0,700,Buy,223731867
2024-07-17 13:31:33,17950.0,300,Buy,223731864
2024-07-17 13:31:33,17950.0,100,Buy,223731882
2024-07-17 13:31:33,17950.0,300,Buy,223731881
2024-07-17 13:31:33,17950.0,2500,Buy,223731880
2024-07-17 13:31:33,17950.0,500,Buy,223731879
2024-07-17 13:31:33,17950.0,1000,Buy,223731878
2024-07-17 13:31:33,17950.0,500,Buy,223731877
2024-07-17 13:31:33,17950.0,700,Buy,223731875
2024-07-17 13:31:33,17950.0,100,Buy,223731874
2024-07-17 13:31:33,17950.0,700,Buy,223731873
2024-07-17 13:31:33,17950.0,700,Buy,223731872
2024-07-17 13:31:33,17950.0,700,Buy,223731871
2024-07-17 13:31:33,17950.0,700,Buy,223731870
2024-07-17 13:31:33,17950.0,600,Buy,223731869
2024-07-17 13:31:33,17950.0,700,Buy,223731868
2024-07-17 13:31:33,17950.0,1000,Buy,223731840
2024-07-17 13:31:33,17950.0,600,Buy,223731866
2024-07-17 13:31:33,17950.0,500,Buy,223731865
2024-07-17 13:31:33,17950.0,700,Buy,223731863
2024-07-17 13:31:33,17950.0,200,Buy,223731839
2024-07-17 13:31:33,17950.0,700,Buy,223731876
2024-07-17 13:31:33,17950.0,100,Buy,223731837
2024-07-17 13:31:33,17950.0,1000,Buy,223731815
2024-07-17 13:31:33,17950.0,400,Buy,223731813
2024-07-17 13:31:33,17950.0,100,Buy,223731812
2024-07-17 13:31:33,17950.0,500,Buy,223731811
2024-07-17 13:31:33,17950.0,500,Buy,223731810
2024-07-17 13:31:33,17950.0,20000,Buy,223731809
2024-07-17 13:31:33,17950.0,5000,Buy,223731808
2024-07-17 13:31:33,17950.0,500,Buy,223731807
2024-07-17 13:31:33,17950.0,1000,Buy,223731806
2024-07-17 13:31:33,17950.0,100,Buy,223731805
2024-07-17 13:31:33,17950.0,5000,Buy,223731804
2024-07-17 13:31:33,17950.0,20000,Buy,223731795
2024-07-17 13:31:33,17950.0,3000,Buy,223731794
2024-07-17 13:31:33,17950.0,100,Buy,223731793
2024-07-17 13:31:33,17950.0,100,Buy,223731761
2024-07-17 13:31:33,17950.0,12700,Buy,223731760
2024-07-17 13:31:33,17950.0,100,Buy,223731838
2024-07-17 13:31:33,17950.0,1000,Buy,223731816
2024-07-17 13:31:33,17950.0,2000,Buy,223731817
2024-07-17 13:31:33,17950.0,1000,Buy,223731814
2024-07-17 13:31:33,17950.0,900,Buy,223731819
2024-07-17 13:31:33,17950.0,100,Buy,223731836
2024-07-17 13:31:33,17950.0,200,Buy,223731835
2024-07-17 13:31:33,17950.0,100,Buy,223731834
2024-07-17 13:31:33,17950.0,20000,Buy,223731833
2024-07-17 13:31:33,17950.0,200,Buy,223731832
2024-07-17 13:31:33,17950.0,100,Buy,223731818
2024-07-17 13:31:33,17950.0,200,Buy,223731830
2024-07-17 13:31:33,17950.0,1000,Buy,223731829
2024-07-17 13:31:33,17950.0,900,Buy,223731828
2024-07-17 13:31:33,17950.0,800,Buy,223731831
2024-07-17 13:31:33,17950.0,100,Buy,223731826
2024-07-17 13:31:33,17950.0,4000,Buy,223731825
2024-07-17 13:31:33,17950.0,600,Buy,223731824
2024-07-17 13:31:33,17950.0,100,Buy,223731823
2024-07-17 13:31:33,17950.0,2300,Buy,223731822
2024-07-17 13:31:33,17950.0,500,Buy,223731821
2024-07-17 13:31:33,17950.0,1000,Buy,223731820
2024-07-17 13:31:33,17950.0,100,Buy,223731827
2024-07-17 13:31:34,17950.0,10000,Buy,223731893
2024-07-17 13:31:34,17950.0,3000,Buy,223731899
2024-07-17 13:31:34,17950.0,1500,Buy,223731898
2024-07-17 13:31:34,17950.0,1000,Buy,223731897
2024-07-17 13:31:34,17950.0,1600,Buy,223731896
2024-07-17 13:31:34,17950.0,25900,Buy,223731895
2024-07-17 13:31:34,17950.0,200,Buy,223731894
2024-07-17 13:31:34,17950.0,2000,Buy,223731892
2024-07-17 13:31:34,17950.0,3600,Buy,223731900
2024-07-17 13:31:34,17950.0,300,Buy,223731890
2024-07-17 13:31:34,17950.0,100,Buy,223731883
2024-07-17 13:31:34,17950.0,200,Buy,223731884
2024-07-17 13:31:34,17950.0,3200,Buy,223731885
2024-07-17 13:31:34,17950.0,500,Buy,223731891
2024-07-17 13:31:34,17950.0,600,Buy,223731887
2024-07-17 13:31:34,17950.0,15000,Buy,223731888
2024-07-17 13:31:34,17950.0,10000,Buy,223731889
2024-07-17 13:31:34,17950.0,2000,Buy,223731886
2024-07-17 13:31:36,17950.0,500,Sell,223732136
2024-07-17 13:31:51,17950.0,300,Sell,223733271
2024-07-17 13:31:51,17950.0,100,Sell,223733272
2024-07-17 13:31:51,17950.0,100,Sell,223733273
2024-07-17 13:31:53,17950.0,100,Sell,223733340
2024-07-17 13:31:53,17950.0,500,Sell,223733365
2024-07-17 13:32:01,17950.0,300,Sell,223733797
2024-07-17 13:32:11,17950.0,200,Sell,223734177
2024-07-17 13:32:19,17950.0,100,Sell,223734652
2024-07-17 13:32:41,17950.0,100,Sell,223735671
2024-07-17 13:32:47,17950.0,500,Sell,223735885
2024-07-17 13:32:49,17950.0,1100,Sell,223735940
2024-07-17 13:32:49,17950.0,500,Sell,223735941
2024-07-17 13:33:03,17950.0,500,Sell,223736819
2024-07-17 13:33:06,17950.0,500,Sell,223737057
2024-07-17 13:33:13,17950.0,1500,Sell,223737466
2024-07-17 13:33:13,17950.0,100,Sell,223737467
2024-07-17 13:33:14,17950.0,300,Sell,223737493
2024-07-17 13:33:16,17950.0,5000,Sell,223737641
2024-07-17 13:33:26,17950.0,100,Sell,223738165
2024-07-17 13:33:41,18000.0,300,Buy,223738855
2024-07-17 13:33:41,17950.0,100,Sell,223738868
2024-07-17 13:33:47,17950.0,10000,Sell,223739103
2024-07-17 13:33:50,17950.0,500,Sell,223739258
2024-07-17 13:33:52,18000.0,2000,Buy,223739508
2024-07-17 13:33:53,18000.0,3500,Buy,223739589
2024-07-17 13:34:01,18000.0,900,Buy,223739975
2024-07-17 13:34:01,18000.0,200,Buy,223739976
2024-07-17 13:34:01,18000.0,200,Buy,223739977
2024-07-17 13:34:01,18000.0,500,Buy,223739978
2024-07-17 13:34:01,18000.0,500,Buy,223739992
2024-07-17 13:34:01,18000.0,500,Buy,223739993
2024-07-17 13:34:03,17950.0,200,Sell,223740040
2024-07-17 13:34:05,17950.0,2000,Sell,223740120
2024-07-17 13:34:05,17950.0,500,Sell,223740105
2024-07-17 13:34:07,17950.0,500,Sell,223740261
2024-07-17 13:34:08,17950.0,700,Sell,223740294
2024-07-17 13:34:08,17950.0,200,Sell,223740295
2024-07-17 13:34:08,17950.0,2000,Sell,223740296
2024-07-17 13:34:08,17950.0,100,Sell,223740297
2024-07-17 13:34:14,17950.0,600,Sell,223740551
2024-07-17 13:34:16,17950.0,300,Sell,223740694
2024-07-17 13:34:16,17950.0,300,Sell,223740676
2024-07-17 13:34:16,17950.0,200,Sell,223740677
2024-07-17 13:34:17,18000.0,1000,Buy,223740718
2024-07-17 13:34:26,18000.0,2000,Buy,223741105
2024-07-17 13:34:26,18000.0,200,Buy,223741115
2024-07-17 13:34:26,18000.0,1000,Buy,223741114
2024-07-17 13:34:26,18000.0,100,Buy,223741113
2024-07-17 13:34:26,18000.0,200,Buy,223741112
2024-07-17 13:34:26,18000.0,1000,Buy,223741111
2024-07-17 13:34:26,18000.0,100,Buy,223741109
2024-07-17 13:34:26,18000.0,500,Buy,223741108
2024-07-17 13:34:26,18000.0,400,Buy,223741107
2024-07-17 13:34:26,18000.0,3000,Buy,223741106
2024-07-17 13:34:26,18000.0,100,Buy,223741104
2024-07-17 13:34:26,18000.0,1000,Buy,223741110
2024-07-17 13:34:26,18000.0,300,Buy,223741102
2024-07-17 13:34:26,18000.0,1000,Buy,223741092
2024-07-17 13:34:26,18000.0,3000,Buy,223741093
2024-07-17 13:34:26,18000.0,1000,Buy,223741094
2024-07-17 13:34:26,18000.0,400,Buy,223741095
2024-07-17 13:34:26,18000.0,200,Buy,223741096
2024-07-17 13:34:26,18000.0,100,Buy,223741103
2024-07-17 13:34:26,18000.0,200,Buy,223741097
2024-07-17 13:34:26,18000.0,1000,Buy,223741101
2024-07-17 13:34:26,18000.0,3000,Buy,223741100
2024-07-17 13:34:26,18000.0,500,Buy,223741068
2024-07-17 13:34:26,18000.0,3000,Buy,223741098
2024-07-17 13:34:26,18000.0,500,Buy,223741099
2024-07-17 13:34:27,18000.0,3000,Buy,223741128
2024-07-17 13:34:27,18000.0,300,Buy,223741129
2024-07-17 13:34:27,18000.0,200,Buy,223741130
2024-07-17 13:34:27,18000.0,3200,Buy,223741131
2024-07-17 13:34:28,18000.0,14400,Buy,223741235
2024-07-17 13:34:31,18000.0,20000,Buy,223741584
2024-07-17 13:34:32,18000.0,1000,Buy,223741681
2024-07-17 13:34:32,18000.0,1900,Buy,223741686
2024-07-17 13:34:32,18000.0,1000,Buy,223741685
2024-07-17 13:34:32,18000.0,500,Buy,223741684
2024-07-17 13:34:32,18000.0,1000,Buy,223741683
2024-07-17 13:34:32,18000.0,100,Buy,223741682
2024-07-17 13:34:32,17950.0,1000,Sell,223741663
2024-07-17 13:34:32,18000.0,500,Buy,223741637
2024-07-17 13:34:32,18000.0,6100,Buy,223741636
2024-07-17 13:34:32,18000.0,100,Buy,223741635
2024-07-17 13:34:32,18000.0,100,Buy,223741634
2024-07-17 13:34:32,18000.0,500,Buy,223741633
2024-07-17 13:34:32,18000.0,2700,Buy,223741632
2024-07-17 13:34:32,18000.0,4500,Buy,223741680
2024-07-17 13:34:36,18000.0,100,Buy,223741948
2024-07-17 13:34:36,18000.0,300,Buy,223741949
2024-07-17 13:34:36,18000.0,200,Buy,223741950
2024-07-17 13:34:36,18000.0,3000,Buy,223741951
2024-07-17 13:34:36,18000.0,700,Buy,223741952
2024-07-17 13:34:36,18000.0,5700,Buy,223741953
2024-07-17 13:34:38,18000.0,300,Buy,223742034
2024-07-17 13:34:38,18000.0,1500,Buy,223742035
2024-07-17 13:34:40,18000.0,700,Buy,223742197
2024-07-17 13:34:40,18000.0,2500,Buy,223742196
2024-07-17 13:34:40,17950.0,2500,Sell,223742135
2024-07-17 13:34:40,17950.0,100,Sell,223742134
2024-07-17 13:34:40,17950.0,1000,Sell,223742133
2024-07-17 13:34:41,18000.0,100,Buy,223742242
2024-07-17 13:34:43,18000.0,200,Buy,223742360
2024-07-17 13:34:43,18000.0,400,Buy,223742361
2024-07-17 13:34:43,18000.0,100,Buy,223742362
2024-07-17 13:34:43,18000.0,100,Buy,223742363
2024-07-17 13:34:43,18000.0,200,Buy,223742364
2024-07-17 13:34:45,18000.0,5000,Buy,223742427
2024-07-17 13:34:45,18000.0,300,Buy,223742458
2024-07-17 13:34:47,18000.0,500,Buy,223742543
2024-07-17 13:34:48,17950.0,500,Sell,223742589
2024-07-17 13:34:49,18000.0,1000,Buy,223742640
2024-07-17 13:34:49,18000.0,4000,Buy,223742639
2024-07-17 13:34:49,18000.0,200,Buy,223742638
2024-07-17 13:34:49,18000.0,100,Buy,223742637
2024-07-17 13:34:49,18000.0,500,Buy,223742633
2024-07-17 13:34:49,18000.0,1000,Buy,223742635
2024-07-17 13:34:49,18000.0,100,Buy,223742634
2024-07-17 13:34:49,18000.0,200,Buy,223742632
2024-07-17 13:34:49,18000.0,4200,Buy,223742631
2024-07-17 13:34:49,18000.0,2300,Buy,223742636
2024-07-17 13:34:52,17950.0,1000,Sell,223742792
2024-07-17 13:34:53,18000.0,500,Buy,223742805
2024-07-17 13:34:57,18000.0,500,Buy,223743004
2024-07-17 13:34:57,18000.0,100,Buy,223743005
2024-07-17 13:34:57,18000.0,100,Buy,223743006
2024-07-17 13:34:57,18000.0,2000,Buy,223743008
2024-07-17 13:34:57,18000.0,100,Buy,223743009
2024-07-17 13:34:57,18000.0,200,Buy,223743003
2024-07-17 13:34:57,18000.0,7400,Buy,223743012
2024-07-17 13:34:57,18000.0,4600,Buy,223743033
2024-07-17 13:34:57,18000.0,200,Buy,223743034
2024-07-17 13:34:57,18000.0,200,Buy,223743035
2024-07-17 13:34:57,18000.0,1000,Buy,223743010
2024-07-17 13:34:57,18000.0,10000,Buy,223743002
2024-07-17 13:34:57,18000.0,1000,Buy,223743011
2024-07-17 13:34:57,18000.0,300,Buy,223743000
2024-07-17 13:34:57,18000.0,100,Buy,223743001
2024-07-17 13:34:57,18000.0,1500,Buy,223742989
2024-07-17 13:34:57,18000.0,500,Buy,223742990
2024-07-17 13:34:57,18000.0,3000,Buy,223742991
2024-07-17 13:34:57,18000.0,500,Buy,223742992
2024-07-17 13:34:57,18000.0,500,Buy,223742993
2024-07-17 13:34:57,18000.0,1000,Buy,223743007
2024-07-17 13:34:57,18000.0,100,Buy,223742995
2024-07-17 13:34:57,18000.0,1700,Buy,223742998
2024-07-17 13:34:57,18000.0,500,Buy,223742997
2024-07-17 13:34:57,18000.0,100,Buy,223742999
2024-07-17 13:34:57,18000.0,100,Buy,223742996
2024-07-17 13:34:57,18000.0,200,Buy,223742994
2024-07-17 13:34:58,18000.0,200,Buy,223743106
2024-07-17 13:34:58,18000.0,400,Buy,223743105
2024-07-17 13:34:58,18000.0,500,Buy,223743104
2024-07-17 13:34:58,18000.0,3000,Buy,223743103
2024-07-17 13:34:58,18000.0,1000,Buy,223743102
2024-07-17 13:34:58,18000.0,2000,Buy,223743101
2024-07-17 13:34:58,18000.0,3500,Buy,223743107
2024-07-17 13:34:58,18000.0,3000,Buy,223743099
2024-07-17 13:34:58,18000.0,2000,Buy,223743098
2024-07-17 13:34:58,18000.0,2000,Buy,223743097
2024-07-17 13:34:58,18000.0,1000,Buy,223743096
2024-07-17 13:34:58,18000.0,500,Buy,223743095
2024-07-17 13:34:58,18000.0,800,Buy,223743094
2024-07-17 13:34:58,18000.0,100,Buy,223743100
2024-07-17 13:35:02,17950.0,500,Sell,223743315
2024-07-17 13:35:02,18000.0,900,Buy,223743295
2024-07-17 13:35:02,18000.0,200,Buy,223743294
2024-07-17 13:35:02,18000.0,400,Buy,223743293
2024-07-17 13:35:02,18000.0,300,Buy,223743291
2024-07-17 13:35:02,18000.0,2000,Buy,223743290
2024-07-17 13:35:02,18000.0,1500,Buy,223743288
2024-07-17 13:35:02,18000.0,6200,Buy,223743292
2024-07-17 13:35:02,18000.0,500,Buy,223743289
2024-07-17 13:35:03,18000.0,5000,Buy,223743332
2024-07-17 13:35:04,18000.0,1000,Buy,223743410
2024-07-17 13:35:04,17950.0,500,Sell,223743443
2024-07-17 13:35:09,18000.0,2000,Buy,223743687
2024-07-17 13:35:09,18000.0,2400,Buy,223743720
2024-07-17 13:35:12,18000.0,1000,Buy,223744062
2024-07-17 13:35:12,17950.0,100,Sell,223744003
2024-07-17 13:35:12,17950.0,200,Sell,223744004
2024-07-17 13:35:19,18000.0,1300,Buy,223744387
2024-07-17 13:35:19,18000.0,700,Buy,223744386
2024-07-17 13:35:26,18000.0,300,Buy,223744900
2024-07-17 13:35:27,18000.0,200,Buy,223745058
2024-07-17 13:35:30,18000.0,2400,Buy,223745239
2024-07-17 13:35:30,18000.0,2500,Buy,223745238
2024-07-17 13:35:30,18000.0,100,Buy,223745237
2024-07-17 13:35:30,18000.0,100,Buy,223745236
2024-07-17 13:35:30,18000.0,200,Buy,223745232
2024-07-17 13:35:30,18000.0,100,Buy,223745234
2024-07-17 13:35:30,18000.0,1000,Buy,223745233
2024-07-17 13:35:30,18000.0,400,Buy,223745235
2024-07-17 13:35:30,18000.0,200,Buy,223745231
2024-07-17 13:35:31,18000.0,100,Buy,223745268
2024-07-17 13:35:31,18000.0,100,Buy,223745269
2024-07-17 13:35:31,18000.0,4800,Buy,223745270
2024-07-17 13:35:33,18000.0,2000,Buy,223745434
2024-07-17 13:35:35,18000.0,500,Buy,223745481
2024-07-17 13:35:36,18000.0,1000,Buy,223745602
2024-07-17 13:35:37,18000.0,3000,Buy,223745617
2024-07-17 13:35:37,18000.0,10000,Buy,223745661
2024-07-17 13:35:39,18000.0,5000,Buy,223745731
2024-07-17 13:35:39,18000.0,500,Buy,223745741
2024-07-17 13:35:40,18000.0,5000,Buy,223745805
2024-07-17 13:35:41,18000.0,1000,Buy,223745812
2024-07-17 13:35:43,18000.0,5000,Buy,223745923
2024-07-17 13:35:44,18000.0,1000,Buy,223745949
2024-07-17 13:35:44,17950.0,500,Sell,223745970
2024-07-17 13:35:49,17950.0,1600,Sell,223746178
2024-07-17 13:35:49,17950.0,2800,Sell,223746176
2024-07-17 13:35:49,17950.0,1000,Sell,223746177
2024-07-17 13:35:50,18000.0,1000,Buy,223746231
2024-07-17 13:35:55,17950.0,5000,Sell,223746499
2024-07-17 13:35:58,18000.0,9900,Buy,223746622
2024-07-17 13:35:59,17950.0,300,Sell,223746670
2024-07-17 13:35:59,17950.0,200,Sell,223746671
2024-07-17 13:36:01,18000.0,500,Buy,223746841
2024-07-17 13:36:02,17950.0,100,Sell,223746865
2024-07-17 13:36:02,17950.0,100,Sell,223746866
2024-07-17 13:36:02,17950.0,300,Sell,223746867
2024-07-17 13:36:10,17950.0,300,Sell,223747279
2024-07-17 13:36:14,17950.0,100,Sell,223747628
2024-07-17 13:36:20,17950.0,500,Sell,223748135
2024-07-17 13:36:20,17950.0,12600,Sell,223748138
2024-07-17 13:36:20,17950.0,1200,Sell,223748137
2024-07-17 13:36:20,17950.0,500,Sell,223748136
2024-07-17 13:36:20,17950.0,400,Sell,223748134
2024-07-17 13:36:20,17950.0,1000,Sell,223748132
2024-07-17 13:36:20,18000.0,1500,Buy,223748081
2024-07-17 13:36:20,17950.0,3000,Sell,223748133
2024-07-17 13:36:20,17950.0,500,Sell,223748131
2024-07-17 13:36:20,17950.0,300,Sell,223748130
2024-07-17 13:36:23,17950.0,300,Sell,223748246
2024-07-17 13:36:26,17950.0,2000,Sell,223748379
2024-07-17 13:36:29,17950.0,1000,Sell,223748558
2024-07-17 13:36:33,17950.0,300,Sell,223748701
2024-07-17 13:36:34,18000.0,100,Buy,223748717
2024-07-17 13:36:38,18000.0,3900,Buy,223748924
2024-07-17 13:36:40,17950.0,1700,Sell,223749080
2024-07-17 13:36:40,17950.0,2000,Sell,223749081
2024-07-17 13:36:40,17950.0,100,Sell,223749082
2024-07-17 13:36:40,17950.0,1000,Sell,223749084
2024-07-17 13:36:40,17950.0,5000,Sell,223749085
2024-07-17 13:36:40,17950.0,100,Sell,223749086
2024-07-17 13:36:40,17950.0,100,Sell,223749083
2024-07-17 13:36:43,17950.0,500,Sell,223749245
2024-07-17 13:36:50,17950.0,200,Sell,223749537
2024-07-17 13:36:51,18000.0,2600,Buy,223749599
2024-07-17 13:36:57,17950.0,300,Sell,223749937
2024-07-17 13:36:57,17950.0,200,Sell,223749936
2024-07-17 13:36:59,18000.0,300,Buy,223750003
2024-07-17 13:37:00,17950.0,500,Sell,223750073
2024-07-17 13:37:02,17950.0,500,Sell,223750159
2024-07-17 13:37:02,17950.0,500,Sell,223750160
2024-07-17 13:37:05,17950.0,500,Sell,223750287
2024-07-17 13:37:05,17950.0,800,Sell,223750300
2024-07-17 13:37:05,17950.0,300,Sell,223750299
2024-07-17 13:37:05,17950.0,100,Sell,223750298
2024-07-17 13:37:05,17950.0,500,Sell,223750297
2024-07-17 13:37:05,17950.0,1400,Sell,223750296
2024-07-17 13:37:05,17950.0,2000,Sell,223750295
2024-07-17 13:37:05,17950.0,200,Sell,223750293
2024-07-17 13:37:05,17950.0,200,Sell,223750292
2024-07-17 13:37:05,17950.0,100,Sell,223750291
2024-07-17 13:37:05,17950.0,300,Sell,223750290
2024-07-17 13:37:05,17950.0,100,Sell,223750289
2024-07-17 13:37:05,17950.0,3000,Sell,223750288
2024-07-17 13:37:05,17950.0,500,Sell,223750294
2024-07-17 13:37:07,17950.0,300,Sell,223750425
2024-07-17 13:37:09,17950.0,300,Sell,223750465
2024-07-17 13:37:10,17950.0,400,Sell,223750547
2024-07-17 13:37:10,17950.0,600,Sell,223750546
2024-07-17 13:37:18,17950.0,100,Sell,223750887
2024-07-17 13:37:19,17950.0,200,Sell,223750986
2024-07-17 13:37:19,17950.0,3500,Sell,223750985
2024-07-17 13:37:19,17950.0,300,Sell,223750987
2024-07-17 13:37:23,17950.0,200,Sell,223751127
2024-07-17 13:37:23,17950.0,300,Sell,223751128
2024-07-17 13:37:31,17950.0,400,Sell,223751560
2024-07-17 13:37:52,17950.0,300,Sell,223752480
2024-07-17 13:37:52,17950.0,1100,Sell,223752481
2024-07-17 13:37:59,17950.0,500,Sell,223752916
2024-07-17 13:38:04,17950.0,500,Sell,223753173
2024-07-17 13:38:04,17950.0,1500,Sell,223753172
2024-07-17 13:38:04,17950.0,200,Sell,223753171
2024-07-17 13:38:04,17950.0,700,Sell,223753169
2024-07-17 13:38:04,17950.0,100,Sell,223753170
2024-07-17 13:38:16,17950.0,500,Sell,223754020
2024-07-17 13:38:16,17950.0,5400,Sell,223754093
2024-07-17 13:38:19,17950.0,500,Sell,223754258
2024-07-17 13:38:20,17950.0,300,Sell,223754370
2024-07-17 13:38:26,17950.0,1000,Sell,223754628
2024-07-17 13:38:27,17950.0,300,Sell,223754692
2024-07-17 13:38:33,17950.0,1000,Sell,223755234
2024-07-17 13:38:43,17950.0,500,Sell,223755773
2024-07-17 13:38:46,18000.0,200,Buy,223755967
2024-07-17 13:38:56,18000.0,100,Buy,223756435
2024-07-17 13:38:57,17950.0,500,Sell,223756499
2024-07-17 13:38:59,18000.0,20000,Buy,223756536
2024-07-17 13:38:59,18000.0,1200,Buy,223756537
2024-07-17 13:38:59,18000.0,5000,Buy,223756538
2024-07-17 13:38:59,18000.0,100,Buy,223756539
2024-07-17 13:38:59,18000.0,100,Buy,223756540
2024-07-17 13:38:59,18000.0,1000,Buy,223756541
2024-07-17 13:38:59,18000.0,3000,Buy,223756542
2024-07-17 13:38:59,18000.0,300,Buy,223756543
2024-07-17 13:38:59,18000.0,5000,Buy,223756545
2024-07-17 13:38:59,18000.0,100,Buy,223756546
2024-07-17 13:38:59,18000.0,1900,Buy,223756547
2024-07-17 13:38:59,18000.0,100,Buy,223756548
2024-07-17 13:38:59,18000.0,400,Buy,223756549
2024-07-17 13:38:59,18000.0,100,Buy,223756550
2024-07-17 13:38:59,18000.0,6800,Buy,223756535
2024-07-17 13:38:59,18000.0,4000,Buy,223756544
2024-07-17 13:38:59,18000.0,700,Buy,223756533
2024-07-17 13:38:59,18000.0,100,Buy,223756532
2024-07-17 13:38:59,18000.0,17000,Buy,223756517
2024-07-17 13:38:59,18000.0,2500,Buy,223756518
2024-07-17 13:38:59,18000.0,10000,Buy,223756519
2024-07-17 13:38:59,18000.0,1500,Buy,223756520
2024-07-17 13:38:59,18000.0,100,Buy,223756521
2024-07-17 13:38:59,18000.0,600,Buy,223756522
2024-07-17 13:38:59,18000.0,200,Buy,223756534
2024-07-17 13:38:59,18000.0,600,Buy,223756523
2024-07-17 13:38:59,18000.0,100,Buy,223756525
2024-07-17 13:38:59,18000.0,300,Buy,223756526
2024-07-17 13:38:59,18000.0,26000,Buy,223756527
2024-07-17 13:38:59,18000.0,2000,Buy,223756528
2024-07-17 13:38:59,18000.0,700,Buy,223756529
2024-07-17 13:38:59,18000.0,100,Buy,223756530
2024-07-17 13:38:59,18000.0,300,Buy,223756531
2024-07-17 13:38:59,18000.0,17000,Buy,223756524
2024-07-17 13:39:05,17950.0,500,Sell,223756932
2024-07-17 13:39:12,17950.0,5400,Sell,223757365
2024-07-17 13:39:14,18000.0,200,Buy,223757492
2024-07-17 13:39:14,18000.0,400,Buy,223757491
2024-07-17 13:39:14,18000.0,100,Buy,223757490
2024-07-17 13:39:15,18000.0,100,Buy,223757561
2024-07-17 13:39:15,18000.0,700,Buy,223757562
2024-07-17 13:39:15,18000.0,300,Buy,223757572
2024-07-17 13:39:15,18000.0,100,Buy,223757573
2024-07-17 13:39:15,18000.0,2000,Buy,223757574
2024-07-17 13:39:15,18000.0,600,Buy,223757575
2024-07-17 13:39:19,18000.0,9000,Buy,223757957
2024-07-17 13:39:19,18000.0,200,Buy,223757958
2024-07-17 13:39:19,18000.0,500,Buy,223757959
2024-07-17 13:39:19,18000.0,200,Buy,223757960
2024-07-17 13:39:19,18000.0,5000,Buy,223757963
2024-07-17 13:39:19,18000.0,2500,Buy,223757962
2024-07-17 13:39:19,18000.0,900,Buy,223757955
2024-07-17 13:39:19,18000.0,100,Buy,223757964
2024-07-17 13:39:19,18000.0,100,Buy,223757965
2024-07-17 13:39:19,18000.0,1000,Buy,223757961
2024-07-17 13:39:19,18000.0,1100,Buy,223757945
2024-07-17 13:39:19,18000.0,100,Buy,223757956
2024-07-17 13:39:19,18000.0,500,Buy,223757943
2024-07-17 13:39:19,18000.0,200,Buy,223757944
2024-07-17 13:39:19,18000.0,100,Buy,223757913
2024-07-17 13:39:19,18000.0,30800,Buy,223757933
2024-07-17 13:39:19,18000.0,5000,Buy,223757935
2024-07-17 13:39:19,18000.0,500,Buy,223757936
2024-07-17 13:39:19,18000.0,100,Buy,223757934
2024-07-17 13:39:19,18000.0,100,Buy,223757938
2024-07-17 13:39:19,18000.0,5000,Buy,223757939
2024-07-17 13:39:19,18000.0,500,Buy,223757940
2024-07-17 13:39:19,18000.0,100,Buy,223757941
2024-07-17 13:39:19,18000.0,300,Buy,223757942
2024-07-17 13:39:19,18000.0,1500,Buy,223757937
2024-07-17 13:39:20,18000.0,200,Buy,223758021
2024-07-17 13:39:20,18000.0,400,Buy,223758025
2024-07-17 13:39:20,18000.0,1000,Buy,223758024
2024-07-17 13:39:20,18000.0,100,Buy,223758023
2024-07-17 13:39:20,18000.0,200,Buy,223758022
2024-07-17 13:39:20,18000.0,100,Buy,223758020
2024-07-17 13:39:20,18000.0,300,Buy,223758014
2024-07-17 13:39:20,18000.0,100,Buy,223758018
2024-07-17 13:39:20,18000.0,500,Buy,223758017
2024-07-17 13:39:20,18000.0,1000,Buy,223758016
2024-07-17 13:39:20,18000.0,300,Buy,223758015
2024-07-17 13:39:20,18000.0,300,Buy,223758026
2024-07-17 13:39:20,18000.0,100,Buy,223758013
2024-07-17 13:39:20,18000.0,100,Buy,223758019
2024-07-17 13:39:20,18000.0,4000,Buy,223758027
2024-07-17 13:39:20,18000.0,10000,Buy,223758034
2024-07-17 13:39:20,18000.0,4600,Buy,223758012
2024-07-17 13:39:20,18000.0,3700,Buy,223758031
2024-07-17 13:39:20,18000.0,100,Buy,223758032
2024-07-17 13:39:20,18000.0,500,Buy,223758033
2024-07-17 13:39:20,18000.0,500,Buy,223758035
2024-07-17 13:39:20,18000.0,5000,Buy,223758036
2024-07-17 13:39:20,18000.0,1000,Buy,223758037
2024-07-17 13:39:20,18000.0,500,Buy,223758038
2024-07-17 13:39:20,18000.0,1900,Buy,223758039
2024-07-17 13:39:20,18000.0,9700,Buy,223758040
2024-07-17 13:39:20,18000.0,12000,Buy,223758041
2024-07-17 13:39:20,18000.0,8800,Buy,223758042
2024-07-17 13:39:20,17950.0,100,Sell,223758063
2024-07-17 13:39:20,17950.0,400,Sell,223758064
2024-07-17 13:39:20,18000.0,2000,Buy,223758028
2024-07-17 13:39:20,18000.0,100,Buy,223758011
2024-07-17 13:39:20,18000.0,4000,Buy,223758030
2024-07-17 13:39:20,18000.0,300,Buy,223758009
2024-07-17 13:39:20,18000.0,1500,Buy,223757990
2024-07-17 13:39:20,18000.0,1000,Buy,223757989
2024-07-17 13:39:20,18000.0,1000,Buy,223757988
2024-07-17 13:39:20,18000.0,1000,Buy,223757987
2024-07-17 13:39:20,18000.0,20000,Buy,223757986
2024-07-17 13:39:20,18000.0,1000,Buy,223757985
2024-07-17 13:39:20,18000.0,1000,Buy,223757991
2024-07-17 13:39:20,18000.0,100,Buy,223757984
2024-07-17 13:39:20,18000.0,800,Buy,223757982
2024-07-17 13:39:20,18000.0,20000,Buy,223757981
2024-07-17 13:39:20,18000.0,200,Buy,223757980
2024-07-17 13:39:20,18000.0,500,Buy,223757979
2024-07-17 13:39:20,18000.0,1000,Buy,223757978
2024-07-17 13:39:20,18000.0,300,Buy,223758010
2024-07-17 13:39:20,18000.0,1500,Buy,223757983
2024-07-17 13:39:20,18000.0,500,Buy,223757992
2024-07-17 13:39:20,18000.0,1000,Buy,223758029
2024-07-17 13:39:20,18000.0,3000,Buy,223757993
2024-07-17 13:39:20,18000.0,100,Buy,223758008
2024-07-17 13:39:20,18000.0,200,Buy,223758007
2024-07-17 13:39:20,18000.0,4000,Buy,223758006
2024-07-17 13:39:20,18000.0,5000,Buy,223758004
2024-07-17 13:39:20,18000.0,2000,Buy,223758003
2024-07-17 13:39:20,18000.0,300,Buy,223758002
2024-07-17 13:39:20,18000.0,200,Buy,223758001
2024-07-17 13:39:20,18000.0,200,Buy,223758005
2024-07-17 13:39:20,18000.0,1000,Buy,223757999
2024-07-17 13:39:20,18000.0,500,Buy,223757998
2024-07-17 13:39:20,18000.0,300,Buy,223757997
2024-07-17 13:39:20,18000.0,600,Buy,223757996
2024-07-17 13:39:20,18000.0,5400,Buy,223757995
2024-07-17 13:39:20,18000.0,200,Buy,223757994
2024-07-17 13:39:20,18000.0,500,Buy,223758000
2024-07-17 13:39:21,18000.0,6200,Buy,223758169
2024-07-17 13:39:21,18000.0,13200,Buy,223758170
2024-07-17 13:39:21,18000.0,600,Buy,223758171
2024-07-17 13:39:22,18000.0,13700,Buy,223758208
2024-07-17 13:39:22,18000.0,6300,Buy,223758209
2024-07-17 13:39:22,18000.0,10000,Buy,223758224
2024-07-17 13:39:23,17950.0,500,Sell,223758248
2024-07-17 13:39:25,18000.0,600,Buy,223758377
2024-07-17 13:39:25,18000.0,100,Buy,223758375
2024-07-17 13:39:25,18000.0,100,Buy,223758376
2024-07-17 13:39:25,18000.0,2500,Buy,223758373
2024-07-17 13:39:25,18000.0,1500,Buy,223758372
2024-07-17 13:39:25,18000.0,200,Buy,223758374
