time,price,volume,match_type,id
2024-08-01 09:14:40,18200.0,28700,ATO/ATC,227892869
2024-08-01 09:15:24,18200.0,100,Sell,227893865
2024-08-01 09:15:37,18200.0,100,Sell,227894109
2024-08-01 09:15:46,18200.0,200,Sell,227894287
2024-08-01 09:15:46,18200.0,700,Sell,227894285
2024-08-01 09:15:46,18200.0,100,Sell,227894286
2024-08-01 09:15:57,18200.0,200,Sell,227894516
2024-08-01 09:16:20,18200.0,300,Sell,227894959
2024-08-01 09:16:31,18250.0,100,Buy,227895216
2024-08-01 09:16:31,18250.0,300,Buy,227895215
2024-08-01 09:16:31,18250.0,200,Buy,227895214
2024-08-01 09:16:31,18250.0,1000,Buy,227895213
2024-08-01 09:16:31,18250.0,1000,Buy,227895208
2024-08-01 09:16:31,18250.0,20000,Buy,227895211
2024-08-01 09:16:31,18250.0,1000,Buy,227895210
2024-08-01 09:16:31,18250.0,100,Buy,227895209
2024-08-01 09:16:31,18250.0,11300,Buy,227895212
2024-08-01 09:16:33,18200.0,100,Sell,227895254
2024-08-01 09:16:33,18200.0,100,Sell,227895255
2024-08-01 09:16:36,18200.0,200,Sell,227895303
2024-08-01 09:16:44,18200.0,300,Sell,227895456
2024-08-01 09:16:46,18200.0,200,Sell,227895497
2024-08-01 09:16:47,18200.0,10000,Buy,227895511
2024-08-01 09:16:56,18200.0,1000,Buy,227895712
2024-08-01 09:17:20,18200.0,5000,Buy,227896222
2024-08-01 09:17:29,18200.0,100,Buy,227896395
2024-08-01 09:17:56,18150.0,4300,Sell,227897069
2024-08-01 09:17:56,18150.0,200,Sell,227897068
2024-08-01 09:17:56,18150.0,7000,Sell,227897067
2024-08-01 09:17:56,18150.0,100,Sell,227897066
2024-08-01 09:17:56,18150.0,5000,Sell,227897065
2024-08-01 09:17:56,18150.0,100,Sell,227897064
2024-08-01 09:17:56,18150.0,200,Sell,227897063
2024-08-01 09:17:56,18150.0,2000,Sell,227897062
2024-08-01 09:17:56,18150.0,400,Sell,227897061
2024-08-01 09:17:56,18150.0,100,Sell,227897060
2024-08-01 09:17:56,18150.0,900,Sell,227897059
2024-08-01 09:17:56,18150.0,200,Sell,227897058
2024-08-01 09:17:56,18150.0,100,Sell,227897047
2024-08-01 09:17:56,18150.0,500,Sell,227897056
2024-08-01 09:17:56,18150.0,400,Sell,227897055
2024-08-01 09:17:56,18150.0,500,Sell,227897054
2024-08-01 09:17:56,18150.0,1300,Sell,227897053
2024-08-01 09:17:56,18150.0,200,Sell,227897052
2024-08-01 09:17:56,18150.0,600,Sell,227897051
2024-08-01 09:17:56,18150.0,1000,Sell,227897050
2024-08-01 09:17:56,18150.0,2700,Sell,227897049
2024-08-01 09:17:56,18150.0,100,Sell,227897048
2024-08-01 09:17:56,18200.0,1000,Buy,227897040
2024-08-01 09:17:56,18150.0,1100,Sell,227897046
2024-08-01 09:17:56,18150.0,1000,Sell,227897057
2024-08-01 09:18:06,18150.0,300,Sell,227897299
2024-08-01 09:18:33,18150.0,200,Sell,227897895
2024-08-01 09:18:47,18150.0,100,Sell,227898326
2024-08-01 09:18:52,18200.0,800,Buy,227898433
2024-08-01 09:19:03,18150.0,100,Sell,227898709
2024-08-01 09:19:04,18200.0,200,Buy,227898719
2024-08-01 09:19:22,18200.0,1000,Buy,227899184
2024-08-01 09:20:05,18150.0,200,Sell,227900201
2024-08-01 09:20:05,18150.0,300,Sell,227900202
2024-08-01 09:20:05,18150.0,50000,Sell,227900200
2024-08-01 09:20:05,18150.0,3000,Sell,227900204
2024-08-01 09:20:05,18150.0,300,Buy,227900216
2024-08-01 09:20:05,18150.0,10000,Sell,227900203
2024-08-01 09:20:05,18150.0,100,Sell,227900199
2024-08-01 09:20:05,18150.0,1000,Sell,227900191
2024-08-01 09:20:05,18150.0,1000,Sell,227900197
2024-08-01 09:20:05,18150.0,200,Sell,227900196
2024-08-01 09:20:05,18150.0,100,Sell,227900195
2024-08-01 09:20:05,18150.0,6000,Sell,227900194
2024-08-01 09:20:05,18150.0,2000,Sell,227900193
2024-08-01 09:20:05,18150.0,5000,Sell,227900192
2024-08-01 09:20:05,18150.0,1000,Sell,227900198
2024-08-01 09:20:08,18150.0,200,Buy,227900275
2024-08-01 09:20:19,18150.0,6600,Buy,227900484
2024-08-01 09:20:19,18150.0,100,Buy,227900485
2024-08-01 09:20:29,18150.0,900,Buy,227900734
2024-08-01 09:20:31,18150.0,100,Buy,227900758
2024-08-01 09:20:36,18150.0,1100,Buy,227900865
2024-08-01 09:20:47,18150.0,5000,Buy,227901056
2024-08-01 09:20:51,18150.0,200,Buy,227901162
2024-08-01 09:20:57,18100.0,500,Sell,227901276
2024-08-01 09:21:08,18100.0,300,Sell,227901582
2024-08-01 09:21:08,18100.0,4000,Sell,227901581
2024-08-01 09:21:08,18100.0,600,Sell,227901580
2024-08-01 09:21:08,18100.0,600,Sell,227901579
2024-08-01 09:21:08,18100.0,1700,Sell,227901575
2024-08-01 09:21:08,18100.0,200,Sell,227901577
2024-08-01 09:21:08,18100.0,100,Sell,227901576
2024-08-01 09:21:08,18100.0,4000,Sell,227901574
2024-08-01 09:21:08,18100.0,3500,Sell,227901573
2024-08-01 09:21:08,18100.0,1000,Sell,227901578
2024-08-01 09:21:22,18100.0,500,Sell,227901886
2024-08-01 09:21:22,18100.0,1000,Sell,227901885
2024-08-01 09:21:22,18100.0,100,Sell,227901884
2024-08-01 09:21:22,18100.0,5000,Sell,227901883
2024-08-01 09:21:22,18100.0,1000,Sell,227901882
2024-08-01 09:21:22,18100.0,200,Sell,227901881
2024-08-01 09:21:22,18100.0,1000,Sell,227901875
2024-08-01 09:21:22,18100.0,1000,Sell,227901879
2024-08-01 09:21:22,18100.0,100,Sell,227901878
2024-08-01 09:21:22,18100.0,300,Sell,227901874
2024-08-01 09:21:22,18100.0,500,Sell,227901880
2024-08-01 09:21:22,18100.0,200,Sell,227901872
2024-08-01 09:21:22,18100.0,200,Sell,227901863
2024-08-01 09:21:22,18100.0,100,Sell,227901864
2024-08-01 09:21:22,18100.0,34500,Sell,227901865
2024-08-01 09:21:22,18100.0,50000,Sell,227901866
2024-08-01 09:21:22,18100.0,100,Sell,227901873
2024-08-01 09:21:22,18100.0,300,Sell,227901868
2024-08-01 09:21:22,18100.0,100,Sell,227901869
2024-08-01 09:21:22,18100.0,100,Sell,227901870
2024-08-01 09:21:22,18100.0,1000,Sell,227901871
2024-08-01 09:21:22,18100.0,200,Sell,227901867
2024-08-01 09:21:26,18100.0,200,Buy,227901927
2024-08-01 09:21:26,18100.0,1000,Buy,227901935
2024-08-01 09:21:34,18100.0,1000,Buy,227902131
2024-08-01 09:21:35,18100.0,200,Buy,227902133
2024-08-01 09:21:35,18100.0,100,Buy,227902180
2024-08-01 09:21:56,18100.0,200,Sell,227902671
2024-08-01 09:21:59,18150.0,800,Buy,227902773
2024-08-01 09:22:09,18100.0,500,Sell,227902984
2024-08-01 09:22:17,18150.0,500,Buy,227903144
2024-08-01 09:22:43,18150.0,19400,Buy,227903892
2024-08-01 09:22:54,18150.0,10000,Buy,227904181
2024-08-01 09:23:33,18150.0,5000,Buy,227905082
2024-08-01 09:23:35,18100.0,100,Sell,227905107
2024-08-01 09:23:37,18150.0,1000,Buy,227905172
2024-08-01 09:23:41,18150.0,500,Buy,227905317
2024-08-01 09:23:41,18100.0,6800,Sell,227905308
2024-08-01 09:23:41,18100.0,2500,Sell,227905307
2024-08-01 09:23:41,18100.0,1000,Sell,227905304
2024-08-01 09:23:41,18100.0,2000,Sell,227905306
2024-08-01 09:23:41,18100.0,5000,Sell,227905305
2024-08-01 09:23:41,18100.0,100,Sell,227905303
2024-08-01 09:23:41,18100.0,100,Sell,227905297
2024-08-01 09:23:41,18100.0,2000,Sell,227905301
2024-08-01 09:23:41,18100.0,5000,Sell,227905300
2024-08-01 09:23:41,18100.0,1000,Sell,227905299
2024-08-01 09:23:41,18100.0,100,Sell,227905298
2024-08-01 09:23:41,18100.0,500,Sell,227905296
2024-08-01 09:23:41,18100.0,100,Sell,227905295
2024-08-01 09:23:41,18100.0,1000,Sell,227905302
2024-08-01 09:23:41,18100.0,400,Sell,227905294
2024-08-01 09:23:48,18150.0,1100,Buy,227905533
2024-08-01 09:24:13,18150.0,800,Buy,227906187
2024-08-01 09:24:26,18150.0,1700,Buy,227906465
2024-08-01 09:24:30,18150.0,50700,Buy,227906574
2024-08-01 09:24:41,18150.0,4500,Buy,227906843
2024-08-01 09:24:42,18150.0,10000,Buy,227906855
2024-08-01 09:24:43,18150.0,1000,Buy,227906891
2024-08-01 09:24:51,18150.0,1000,Buy,227907085
2024-08-01 09:25:04,18150.0,200,Buy,227907394
2024-08-01 09:25:06,18150.0,1000,Buy,227907431
2024-08-01 09:25:07,18150.0,100,Buy,227907499
2024-08-01 09:25:09,18150.0,10000,Buy,227907561
2024-08-01 09:25:11,18150.0,100,Buy,227907623
2024-08-01 09:25:20,18150.0,100,Buy,227907889
2024-08-01 09:25:34,18150.0,200,Buy,227908324
2024-08-01 09:26:01,18150.0,4000,Buy,227909106
2024-08-01 09:26:08,18150.0,10700,Buy,227909283
2024-08-01 09:26:08,18150.0,200,Buy,227909282
2024-08-01 09:26:08,18150.0,5000,Buy,227909279
2024-08-01 09:26:08,18150.0,100,Buy,227909281
2024-08-01 09:26:08,18150.0,400,Buy,227909277
2024-08-01 09:26:08,18150.0,200,Buy,227909276
2024-08-01 09:26:08,18150.0,1800,Buy,227909275
2024-08-01 09:26:08,18150.0,1500,Buy,227909278
2024-08-01 09:26:08,18150.0,100,Buy,227909280
2024-08-01 09:26:18,18150.0,500,Buy,227909485
2024-08-01 09:26:24,18150.0,500,Buy,227909648
2024-08-01 09:26:27,18150.0,2700,Buy,227909757
2024-08-01 09:26:34,18150.0,10000,Buy,227909897
2024-08-01 09:26:34,18150.0,5000,Buy,227909899
2024-08-01 09:26:39,18150.0,1100,Buy,227910002
2024-08-01 09:26:42,18150.0,1000,Buy,227910080
2024-08-01 09:26:48,18150.0,100,Buy,227910186
2024-08-01 09:26:54,18150.0,3500,Buy,227910330
2024-08-01 09:27:01,18100.0,100,Sell,227910497
2024-08-01 09:27:13,18150.0,2900,Buy,227910759
2024-08-01 09:27:13,18150.0,3600,Buy,227910760
2024-08-01 09:27:49,18150.0,12400,Buy,227911745
2024-08-01 09:27:49,18150.0,400,Buy,227911746
2024-08-01 09:27:49,18150.0,200,Buy,227911747
2024-08-01 09:27:49,18150.0,14000,Buy,227911748
2024-08-01 09:27:49,18150.0,3000,Buy,227911749
2024-08-01 09:28:53,18150.0,7000,Buy,227913355
2024-08-01 09:28:53,18150.0,18000,Buy,227913356
2024-08-01 09:28:53,18150.0,2000,Buy,227913357
2024-08-01 09:28:53,18150.0,3000,Buy,227913358
2024-08-01 09:31:13,18150.0,100,Buy,227916958
2024-08-01 09:31:24,18150.0,100,Buy,227917207
2024-08-01 09:31:32,18150.0,200,Buy,227917372
2024-08-01 09:31:35,18150.0,1600,Buy,227917450
2024-08-01 09:31:35,18150.0,1400,Buy,227917451
2024-08-01 09:31:36,18100.0,100,Sell,227917464
2024-08-01 09:31:39,18150.0,200,Buy,227917530
2024-08-01 09:31:43,18150.0,100,Buy,227917580
2024-08-01 09:31:44,18150.0,10300,Buy,227917594
2024-08-01 09:31:44,18150.0,9700,Buy,227917595
2024-08-01 09:31:47,18150.0,12000,Buy,227917668
2024-08-01 09:31:47,18150.0,6600,Buy,227917669
2024-08-01 09:31:47,18150.0,100,Buy,227917667
2024-08-01 09:31:47,18150.0,1300,Buy,227917666
2024-08-01 09:31:50,18150.0,300,Buy,227917740
2024-08-01 09:31:53,18150.0,300,Buy,227917880
2024-08-01 09:33:07,18150.0,400,Buy,227920033
2024-08-01 09:33:26,18150.0,100,Buy,227920631
2024-08-01 09:33:28,18150.0,200,Buy,227920667
2024-08-01 09:33:29,18100.0,500,Sell,227920681
2024-08-01 09:33:43,18100.0,1900,Sell,227920989
2024-08-01 09:33:43,18100.0,2500,Sell,227920986
2024-08-01 09:33:43,18100.0,100,Sell,227920987
2024-08-01 09:33:43,18100.0,500,Sell,227920988
2024-08-01 09:33:54,18100.0,1600,Sell,227921234
2024-08-01 09:33:55,18100.0,1000,Sell,227921263
2024-08-01 09:33:58,18100.0,8000,Sell,227921346
2024-08-01 09:34:03,18100.0,2300,Sell,227921484
2024-08-01 09:34:03,18100.0,100,Sell,227921486
2024-08-01 09:34:07,18100.0,300,Sell,227921561
2024-08-01 09:34:14,18150.0,200,Buy,227921711
2024-08-01 09:34:32,18150.0,1800,Buy,227922139
2024-08-01 09:34:49,18150.0,1800,Buy,227922672
2024-08-01 09:34:51,18100.0,1000,Sell,227922775
2024-08-01 09:35:06,18150.0,1800,Buy,227923059
2024-08-01 09:35:13,18150.0,5000,Buy,227923238
2024-08-01 09:35:29,18150.0,2000,Buy,227923667
2024-08-01 09:35:57,18150.0,100,Buy,227924266
2024-08-01 09:36:00,18150.0,2400,Buy,227924319
2024-08-01 09:36:00,18150.0,200,Buy,227924318
2024-08-01 09:36:00,18150.0,7400,Buy,227924317
2024-08-01 09:36:12,18150.0,1000,Buy,227924624
2024-08-01 09:36:21,18150.0,200,Buy,227924812
2024-08-01 09:36:24,18150.0,1400,Buy,227924887
2024-08-01 09:36:24,18150.0,1600,Buy,227924888
2024-08-01 09:36:52,18100.0,100,Sell,227925551
2024-08-01 09:36:57,18150.0,3000,Buy,227925644
2024-08-01 09:37:19,18150.0,100,Buy,227926106
2024-08-01 09:37:45,18150.0,800,Buy,227926671
2024-08-01 09:37:46,18150.0,100,Buy,227926675
2024-08-01 09:37:53,18150.0,100,Buy,227926812
2024-08-01 09:38:20,18150.0,800,Buy,227927514
2024-08-01 09:38:24,18150.0,100,Buy,227927651
2024-08-01 09:38:46,18150.0,5000,Buy,227928151
2024-08-01 09:38:51,18150.0,200,Buy,227928329
2024-08-01 09:38:53,18100.0,700,Sell,227928338
2024-08-01 09:38:55,18150.0,7200,Buy,227928395
2024-08-01 09:38:55,18150.0,2800,Buy,227928396
2024-08-01 09:39:01,18150.0,2000,Buy,227928499
2024-08-01 09:39:05,18150.0,800,Buy,227928577
2024-08-01 09:39:05,18150.0,200,Buy,227928574
2024-08-01 09:39:20,18150.0,500,Buy,227928894
2024-08-01 09:39:21,18150.0,1400,Buy,227928936
2024-08-01 09:39:21,18150.0,200,Buy,227928935
2024-08-01 09:39:21,18150.0,400,Buy,227928934
2024-08-01 09:39:24,18150.0,100,Buy,227928986
2024-08-01 09:39:29,18150.0,5000,Buy,227929048
2024-08-01 09:39:29,18150.0,2000,Buy,227929068
2024-08-01 09:39:29,18150.0,500,Buy,227929069
2024-08-01 09:39:38,18150.0,1000,Buy,227929278
2024-08-01 09:39:45,18150.0,200,Buy,227929503
2024-08-01 09:39:58,18150.0,10300,Buy,227929716
2024-08-01 09:39:58,18150.0,1400,Buy,227929717
2024-08-01 09:40:11,18150.0,1600,Buy,227929994
2024-08-01 09:40:11,18150.0,900,Buy,227929995
2024-08-01 09:40:16,18100.0,300,Sell,227930075
2024-08-01 09:40:19,18150.0,100,Buy,227930148
2024-08-01 09:40:19,18150.0,900,Buy,227930149
2024-08-01 09:40:50,18150.0,200,Buy,227930713
2024-08-01 09:40:56,18150.0,200,Buy,227930828
2024-08-01 09:41:00,18150.0,5000,Buy,227930900
2024-08-01 09:41:04,18150.0,100,Buy,227931022
2024-08-01 09:41:04,18150.0,200,Buy,227931021
2024-08-01 09:41:04,18150.0,7700,Buy,227931019
2024-08-01 09:41:04,18150.0,2300,Buy,227931018
2024-08-01 09:41:04,18150.0,3700,Buy,227931020
2024-08-01 09:41:07,18150.0,300,Buy,227931066
2024-08-01 09:41:24,18150.0,600,Buy,227931406
2024-08-01 09:41:24,18150.0,100,Buy,227931407
2024-08-01 09:41:24,18150.0,1000,Buy,227931408
2024-08-01 09:41:24,18150.0,1400,Buy,227931409
2024-08-01 09:41:25,18150.0,1000,Buy,227931450
2024-08-01 09:41:29,18150.0,900,Buy,227931526
2024-08-01 09:41:29,18150.0,5000,Buy,227931524
2024-08-01 09:41:29,18150.0,1000,Buy,227931525
2024-08-01 09:41:29,18150.0,500,Buy,227931522
2024-08-01 09:41:29,18150.0,1600,Buy,227931521
2024-08-01 09:41:29,18150.0,1000,Buy,227931523
2024-08-01 09:41:33,18150.0,500,Buy,227931603
2024-08-01 09:41:37,18100.0,2000,Sell,227931722
2024-08-01 09:41:37,18150.0,100,Buy,227931726
2024-08-01 09:41:43,18150.0,10000,Buy,227931833
2024-08-01 09:42:03,18150.0,2000,Buy,227932195
2024-08-01 09:42:15,18150.0,100,Buy,227932386
2024-08-01 09:43:02,18150.0,10000,Buy,227933327
2024-08-01 09:43:21,18150.0,300,Buy,227933625
2024-08-01 09:43:40,18150.0,7600,Buy,227934049
2024-08-01 09:43:40,18150.0,1000,Buy,227934048
2024-08-01 09:43:40,18150.0,200,Buy,227934047
2024-08-01 09:43:40,18150.0,12000,Buy,227934045
2024-08-01 09:43:40,18150.0,1100,Buy,227934043
2024-08-01 09:43:40,18150.0,16000,Buy,227934046
2024-08-01 09:43:40,18150.0,30000,Buy,227934044
2024-08-01 09:43:43,18100.0,200,Sell,227934136
2024-08-01 09:44:11,18150.0,2000,Buy,227934915
2024-08-01 09:44:12,18100.0,200,Sell,227934924
2024-08-01 09:44:31,18150.0,7000,Buy,227935385
2024-08-01 09:44:47,18150.0,4500,Buy,227935640
2024-08-01 09:44:49,18150.0,900,Buy,227935690
2024-08-01 09:44:49,18150.0,100,Buy,227935691
2024-08-01 09:44:52,18150.0,7900,Buy,227935762
2024-08-01 09:44:52,18150.0,2100,Buy,227935763
2024-08-01 09:45:00,18150.0,3000,Buy,227935885
2024-08-01 09:45:02,18150.0,200,Buy,227935932
2024-08-01 09:45:11,18150.0,100,Buy,227936111
2024-08-01 09:45:11,18150.0,5800,Buy,227936112
2024-08-01 09:45:11,18150.0,4100,Buy,227936110
2024-08-01 09:45:17,18150.0,100,Buy,227936232
2024-08-01 09:45:24,18100.0,2000,Sell,227936367
2024-08-01 09:45:32,18150.0,500,Buy,227936509
2024-08-01 09:45:36,18100.0,800,Sell,227936597
2024-08-01 09:45:47,18150.0,2000,Buy,227936809
2024-08-01 09:45:47,18150.0,2200,Buy,227936831
2024-08-01 09:45:47,18150.0,800,Buy,227936832
2024-08-01 09:45:55,18150.0,2000,Buy,227936933
2024-08-01 09:46:49,18150.0,800,Buy,227938257
2024-08-01 09:46:49,18150.0,9200,Buy,227938256
2024-08-01 09:46:50,18150.0,100,Buy,227938288
2024-08-01 09:47:03,18150.0,300,Buy,227938617
2024-08-01 09:47:14,18150.0,500,Buy,227938776
2024-08-01 09:47:41,18150.0,300,Buy,227939118
2024-08-01 09:47:41,18150.0,700,Buy,227939119
2024-08-01 09:47:56,18150.0,1000,Buy,227939409
2024-08-01 09:48:00,18100.0,200,Sell,227939454
2024-08-01 09:48:03,18150.0,100,Buy,227939537
2024-08-01 09:48:24,18150.0,800,Buy,227939939
2024-08-01 09:48:27,18150.0,100,Buy,227939988
2024-08-01 09:49:20,18150.0,500,Buy,227941156
2024-08-01 09:49:22,18150.0,5000,Buy,227941193
2024-08-01 09:49:27,18150.0,1000,Buy,227941351
2024-08-01 09:49:31,18150.0,100,Buy,227941423
2024-08-01 09:49:31,18150.0,400,Buy,227941435
2024-08-01 09:49:45,18150.0,5300,Buy,227941690
2024-08-01 09:49:49,18150.0,1000,Buy,227941805
2024-08-01 09:50:10,18150.0,200,Buy,227942135
2024-08-01 09:50:47,18100.0,5900,Sell,227942725
2024-08-01 09:51:20,18150.0,300,Buy,227943312
2024-08-01 09:51:58,18150.0,1400,Buy,227944010
2024-08-01 09:52:20,18150.0,1700,Buy,227944480
2024-08-01 09:52:49,18100.0,4000,Sell,227945163
2024-08-01 09:53:02,18150.0,100,Buy,227945384
2024-08-01 09:53:06,18150.0,200,Buy,227945460
2024-08-01 09:53:06,18100.0,1000,Sell,227945461
2024-08-01 09:53:08,18100.0,1000,Sell,227945514
2024-08-01 09:53:09,18150.0,1100,Buy,227945526
2024-08-01 09:53:09,18150.0,900,Buy,227945527
2024-08-01 09:53:31,18150.0,100,Buy,227946008
2024-08-01 09:53:46,18150.0,3000,Buy,227946368
2024-08-01 09:54:15,18100.0,1000,Sell,227947059
2024-08-01 09:54:34,18100.0,1100,Sell,227947492
2024-08-01 09:54:35,18100.0,9600,Sell,227947512
2024-08-01 09:54:47,18150.0,4000,Buy,227947749
2024-08-01 09:54:52,18100.0,400,Sell,227947911
2024-08-01 09:55:11,18100.0,1700,Sell,227948388
2024-08-01 09:55:16,18100.0,1600,Sell,227948475
2024-08-01 09:55:16,18100.0,100,Sell,227948476
2024-08-01 09:55:16,18100.0,2500,Sell,227948477
2024-08-01 09:55:16,18100.0,800,Sell,227948478
2024-08-01 09:55:20,18100.0,100,Sell,227948605
2024-08-01 09:55:20,18100.0,300,Sell,227948604
2024-08-01 09:55:20,18100.0,300,Sell,227948603
2024-08-01 09:55:20,18100.0,200,Sell,227948602
2024-08-01 09:55:20,18100.0,200,Sell,227948601
2024-08-01 09:55:20,18100.0,1000,Sell,227948599
2024-08-01 09:55:20,18100.0,100,Sell,227948598
2024-08-01 09:55:20,18100.0,5000,Sell,227948597
2024-08-01 09:55:20,18100.0,1500,Sell,227948596
2024-08-01 09:55:20,18100.0,1200,Sell,227948595
2024-08-01 09:55:20,18100.0,100,Sell,227948600
2024-08-01 09:55:34,18100.0,200,Sell,227948980
2024-08-01 09:55:34,18100.0,2100,Sell,227948981
2024-08-01 09:55:34,18100.0,1500,Sell,227948978
2024-08-01 09:55:34,18100.0,100,Sell,227948979
2024-08-01 09:55:36,18100.0,100,Sell,227949024
2024-08-01 09:55:37,18100.0,700,Sell,227949053
2024-08-01 09:55:47,18100.0,100,Sell,227949362
2024-08-01 09:55:47,18100.0,600,Sell,227949365
2024-08-01 09:55:47,18100.0,200,Sell,227949364
2024-08-01 09:55:47,18100.0,1000,Sell,227949363
2024-08-01 09:55:47,18100.0,400,Sell,227949361
2024-08-01 09:55:47,18100.0,100,Sell,227949356
2024-08-01 09:55:47,18100.0,5000,Sell,227949359
2024-08-01 09:55:47,18100.0,200,Sell,227949358
2024-08-01 09:55:47,18100.0,200,Sell,227949357
2024-08-01 09:55:47,18100.0,2100,Sell,227949355
2024-08-01 09:55:47,18100.0,100,Sell,227949360
2024-08-01 09:56:05,18100.0,500,Sell,227949937
2024-08-01 09:56:05,18100.0,4300,Sell,227949936
2024-08-01 09:56:05,18100.0,100,Sell,227949934
2024-08-01 09:56:05,18100.0,200,Sell,227949933
2024-08-01 09:56:05,18100.0,400,Sell,227949932
2024-08-01 09:56:05,18100.0,5000,Sell,227949935
2024-08-01 09:56:17,18100.0,5000,Sell,227950237
2024-08-01 09:56:21,18100.0,5000,Sell,227950357
2024-08-01 09:56:24,18100.0,5200,Sell,227950441
2024-08-01 09:56:24,18100.0,2000,Sell,227950442
2024-08-01 09:56:24,18100.0,2800,Sell,227950443
2024-08-01 09:56:27,18150.0,300,Buy,227950572
2024-08-01 09:56:35,18100.0,7500,Sell,227950860
2024-08-01 09:56:35,18100.0,200,Sell,227950857
2024-08-01 09:56:35,18100.0,300,Sell,227950858
2024-08-01 09:56:35,18100.0,2000,Sell,227950859
2024-08-01 09:56:38,18100.0,1000,Sell,227950975
2024-08-01 09:56:42,18100.0,1100,Sell,227951094
2024-08-01 09:56:42,18100.0,2000,Sell,227951092
2024-08-01 09:56:42,18100.0,500,Sell,227951093
2024-08-01 09:56:42,18100.0,5000,Sell,227951091
2024-08-01 09:56:42,18100.0,1000,Sell,227951086
2024-08-01 09:56:42,18100.0,100,Sell,227951089
2024-08-01 09:56:42,18100.0,300,Sell,227951088
2024-08-01 09:56:42,18100.0,200,Sell,227951082
2024-08-01 09:56:42,18100.0,1000,Sell,227951090
2024-08-01 09:56:49,18100.0,900,Sell,227951350
2024-08-01 09:56:49,18100.0,1000,Sell,227951351
2024-08-01 09:56:49,18100.0,100,Sell,227951352
2024-08-01 09:56:56,18100.0,400,Sell,227951640
2024-08-01 09:56:56,18100.0,2600,Sell,227951641
2024-08-01 09:57:05,18100.0,1100,Sell,227951929
2024-08-01 09:57:05,18100.0,3500,Sell,227951927
2024-08-01 09:57:05,18100.0,3900,Sell,227951928
2024-08-01 09:57:15,18100.0,500,Sell,227952243
2024-08-01 09:57:32,18100.0,2400,Sell,227952832
2024-08-01 09:57:48,18100.0,1000,Sell,227953480
2024-08-01 09:58:09,18100.0,5000,Sell,227954115
2024-08-01 09:58:13,18100.0,1200,Sell,227954185
2024-08-01 09:58:14,18100.0,1000,Sell,227954203
2024-08-01 09:58:19,18100.0,100,Sell,227954420
2024-08-01 09:58:19,18100.0,1000,Sell,227954419
2024-08-01 09:58:19,18100.0,300,Sell,227954418
2024-08-01 09:58:19,18100.0,1000,Sell,227954417
2024-08-01 09:58:19,18100.0,100,Sell,227954416
2024-08-01 09:58:19,18100.0,500,Sell,227954414
2024-08-01 09:58:19,18100.0,800,Sell,227954413
2024-08-01 09:58:19,18100.0,200,Sell,227954396
2024-08-01 09:58:19,18100.0,2000,Sell,227954395
2024-08-01 09:58:19,18100.0,1800,Sell,227954394
2024-08-01 09:58:19,18100.0,300,Sell,227954415
2024-08-01 09:58:20,18100.0,300,Sell,227954451
2024-08-01 09:58:20,18100.0,1400,Sell,227954456
2024-08-01 09:58:20,18100.0,1000,Sell,227954455
2024-08-01 09:58:20,18100.0,5300,Sell,227954454
2024-08-01 09:58:20,18100.0,2000,Sell,227954453
2024-08-01 09:58:20,18100.0,100,Sell,227954452
2024-08-01 09:58:20,18100.0,100,Sell,227954450
2024-08-01 09:58:20,18100.0,2000,Sell,227954442
2024-08-01 09:58:20,18100.0,500,Sell,227954448
2024-08-01 09:58:20,18100.0,100,Sell,227954443
2024-08-01 09:58:20,18100.0,1000,Sell,227954444
2024-08-01 09:58:20,18100.0,100,Sell,227954449
2024-08-01 09:58:20,18100.0,5000,Sell,227954446
2024-08-01 09:58:20,18100.0,1000,Sell,227954447
2024-08-01 09:58:20,18100.0,100,Sell,227954445
2024-08-01 09:58:47,18100.0,2000,Sell,227955480
2024-08-01 09:58:52,18100.0,1600,Sell,227955745
2024-08-01 09:58:52,18100.0,2900,Sell,227955746
2024-08-01 09:58:52,18100.0,100,Sell,227955748
2024-08-01 09:58:52,18100.0,100,Sell,227955749
2024-08-01 09:58:52,18100.0,300,Sell,227955747
2024-08-01 09:59:00,18100.0,100,Sell,227956082
2024-08-01 09:59:00,18100.0,2000,Sell,227956087
2024-08-01 09:59:00,18100.0,1800,Sell,227956086
2024-08-01 09:59:00,18100.0,1000,Sell,227956085
2024-08-01 09:59:00,18100.0,1100,Sell,227956084
2024-08-01 09:59:00,18100.0,2000,Sell,227956083
2024-08-01 09:59:00,18100.0,300,Sell,227956081
2024-08-01 09:59:00,18100.0,1000,Sell,227956079
2024-08-01 09:59:00,18100.0,400,Sell,227956078
2024-08-01 09:59:00,18100.0,1000,Sell,227956077
2024-08-01 09:59:00,18100.0,10000,Sell,227956076
2024-08-01 09:59:00,18100.0,300,Sell,227956075
2024-08-01 09:59:00,18100.0,100,Sell,227956074
2024-08-01 09:59:00,18100.0,1500,Sell,227956080
2024-08-01 10:00:01,18050.0,200,Sell,227958381
2024-08-01 10:00:01,18050.0,100,Sell,227958382
2024-08-01 10:00:20,18050.0,1900,Sell,227958968
2024-08-01 10:00:20,18050.0,200,Sell,227958967
2024-08-01 10:00:20,18050.0,100,Sell,227958966
2024-08-01 10:00:20,18050.0,300,Sell,227958965
2024-08-01 10:00:20,18050.0,500,Sell,227958960
2024-08-01 10:00:20,18050.0,200,Sell,227958963
2024-08-01 10:00:20,18050.0,300,Sell,227958962
2024-08-01 10:00:20,18050.0,100,Sell,227958961
2024-08-01 10:00:20,18050.0,900,Sell,227958959
2024-08-01 10:00:20,18050.0,500,Sell,227958964
2024-08-01 10:00:26,18050.0,1000,Sell,227959191
2024-08-01 10:00:26,18050.0,1400,Sell,227959192
2024-08-01 10:00:26,18050.0,100,Sell,227959183
2024-08-01 10:00:26,18050.0,500,Sell,227959190
2024-08-01 10:00:41,18050.0,200,Sell,227959695
2024-08-01 10:00:41,18050.0,1100,Sell,227959703
2024-08-01 10:00:41,18050.0,200,Sell,227959702
2024-08-01 10:00:41,18050.0,100,Sell,227959701
2024-08-01 10:00:41,18050.0,200,Sell,227959700
2024-08-01 10:00:41,18050.0,600,Sell,227959694
2024-08-01 10:00:41,18050.0,500,Sell,227959698
2024-08-01 10:00:41,18050.0,100,Sell,227959697
2024-08-01 10:00:41,18050.0,1000,Sell,227959696
2024-08-01 10:00:41,18050.0,1000,Sell,227959699
2024-08-01 10:00:49,18050.0,1000,Sell,227960017
2024-08-01 10:00:49,18050.0,1000,Sell,227960016
2024-08-01 10:00:49,18050.0,100,Sell,227960015
2024-08-01 10:00:49,18050.0,2900,Sell,227960014
2024-08-01 10:01:05,18050.0,200,Sell,227960488
2024-08-01 10:01:09,18050.0,1400,Sell,227960631
2024-08-01 10:01:09,18050.0,600,Sell,227960634
2024-08-01 10:01:09,18050.0,300,Sell,227960635
2024-08-01 10:01:09,18050.0,100,Sell,227960636
2024-08-01 10:01:09,18050.0,100,Sell,227960630
2024-08-01 10:01:14,18050.0,200,Sell,227960860
2024-08-01 10:01:14,18050.0,800,Sell,227960861
2024-08-01 10:01:45,18100.0,100,Buy,227962199
2024-08-01 10:01:57,18100.0,100,Buy,227962619
2024-08-01 10:02:48,18100.0,100,Buy,227964642
2024-08-01 10:02:49,18050.0,1900,Sell,227964699
2024-08-01 10:02:49,18050.0,2000,Sell,227964698
2024-08-01 10:02:49,18050.0,500,Sell,227964697
2024-08-01 10:02:49,18050.0,200,Sell,227964692
2024-08-01 10:02:49,18050.0,100,Sell,227964695
2024-08-01 10:02:49,18050.0,100,Sell,227964694
2024-08-01 10:02:49,18050.0,1000,Sell,227964693
2024-08-01 10:02:49,18050.0,3000,Sell,227964696
2024-08-01 10:02:58,18050.0,5000,Sell,227965172
2024-08-01 10:03:07,18050.0,100,Sell,227965697
2024-08-01 10:03:10,18050.0,8000,Sell,227965814
2024-08-01 10:03:16,18050.0,1500,Sell,227966115
2024-08-01 10:03:33,18050.0,1000,Sell,227966771
2024-08-01 10:03:39,18050.0,2000,Sell,227967100
2024-08-01 10:03:44,18050.0,100,Sell,227967339
2024-08-01 10:03:44,18050.0,100,Sell,227967340
2024-08-01 10:03:44,18050.0,1000,Sell,227967341
2024-08-01 10:03:44,18050.0,100,Sell,227967342
2024-08-01 10:03:44,18050.0,600,Sell,227967343
2024-08-01 10:03:44,18050.0,100,Sell,227967344
2024-08-01 10:03:44,18050.0,500,Sell,227967338
2024-08-01 10:03:53,18050.0,1000,Sell,227967821
2024-08-01 10:03:59,18050.0,100,Sell,227968084
2024-08-01 10:03:59,18050.0,300,Sell,227968082
2024-08-01 10:03:59,18050.0,100,Sell,227968081
2024-08-01 10:03:59,18050.0,500,Sell,227968083
2024-08-01 10:04:03,18050.0,100,Sell,227968250
2024-08-01 10:04:14,18050.0,100,Sell,227968794
2024-08-01 10:04:26,18050.0,600,Sell,227969456
2024-08-01 10:04:41,18050.0,1000,Sell,227970075
2024-08-01 10:04:42,18050.0,2000,Sell,227970105
2024-08-01 10:05:05,18100.0,900,Buy,227971081
2024-08-01 10:05:06,18050.0,2000,Sell,227971136
2024-08-01 10:05:10,18050.0,13300,Sell,227971326
2024-08-01 10:05:32,18050.0,1600,Sell,227972304
2024-08-01 10:05:33,18050.0,2800,Sell,227972360
2024-08-01 10:05:33,18050.0,5300,Sell,227972359
2024-08-01 10:05:33,18050.0,100,Sell,227972358
2024-08-01 10:05:33,18050.0,100,Sell,227972355
2024-08-01 10:05:33,18050.0,20000,Sell,227972356
2024-08-01 10:05:33,18050.0,1400,Sell,227972352
2024-08-01 10:05:33,18050.0,200,Sell,227972357
2024-08-01 10:05:33,18050.0,100,Sell,227972353
2024-08-01 10:05:34,18050.0,800,Sell,227972391
2024-08-01 10:05:44,18050.0,1400,Sell,227972942
2024-08-01 10:05:44,18050.0,1600,Sell,227972943
2024-08-01 10:05:54,18050.0,300,Sell,227973460
2024-08-01 10:05:54,18050.0,2800,Sell,227973461
2024-08-01 10:05:54,18050.0,400,Sell,227973459
2024-08-01 10:05:54,18050.0,1400,Sell,227973457
2024-08-01 10:05:54,18050.0,100,Sell,227973458
2024-08-01 10:05:56,18050.0,2200,Sell,227973534
2024-08-01 10:05:56,18050.0,700,Sell,227973535
2024-08-01 10:05:56,18050.0,200,Sell,227973536
2024-08-01 10:05:56,18050.0,1000,Sell,227973537
2024-08-01 10:05:56,18050.0,1800,Sell,227973538
2024-08-01 10:05:56,18050.0,100,Sell,227973539
2024-08-01 10:05:56,18050.0,1000,Sell,227973540
2024-08-01 10:05:56,18050.0,300,Sell,227973541
2024-08-01 10:05:56,18050.0,1800,Sell,227973542
2024-08-01 10:05:56,18050.0,1900,Sell,227973543
2024-08-01 10:05:58,18050.0,800,Sell,227973716
2024-08-01 10:05:58,18050.0,3100,Sell,227973714
2024-08-01 10:05:58,18050.0,100,Sell,227973715
2024-08-01 10:06:01,18050.0,3200,Sell,227973772
2024-08-01 10:06:01,18050.0,5000,Sell,227973773
2024-08-01 10:06:01,18050.0,300,Sell,227973774
2024-08-01 10:06:01,18050.0,6500,Sell,227973775
2024-08-01 10:06:05,18050.0,1000,Sell,227973990
2024-08-01 10:06:11,18050.0,500,Sell,227974260
2024-08-01 10:06:21,18050.0,4400,Sell,227974705
2024-08-01 10:06:21,18050.0,500,Sell,227974704
2024-08-01 10:06:21,18050.0,1800,Sell,227974701
2024-08-01 10:06:21,18050.0,1000,Sell,227974702
2024-08-01 10:06:21,18050.0,300,Sell,227974703
2024-08-01 10:06:21,18050.0,2000,Sell,227974700
2024-08-01 10:06:22,18050.0,500,Sell,227974741
2024-08-01 10:06:23,18050.0,100,Sell,227974787
2024-08-01 10:06:23,18050.0,1100,Sell,227974789
2024-08-01 10:06:23,18050.0,100,Sell,227974786
2024-08-01 10:06:23,18050.0,200,Sell,227974788
2024-08-01 10:06:25,18050.0,700,Sell,227974829
2024-08-01 10:06:25,18050.0,1800,Sell,227974830
2024-08-01 10:06:25,18050.0,100,Sell,227974831
2024-08-01 10:06:25,18050.0,400,Sell,227974832
2024-08-01 10:06:25,18050.0,1800,Sell,227974833
2024-08-01 10:06:25,18050.0,100,Sell,227974834
2024-08-01 10:06:25,18050.0,1800,Sell,227974836
2024-08-01 10:06:25,18050.0,2300,Sell,227974837
2024-08-01 10:06:25,18050.0,10000,Sell,227974838
2024-08-01 10:06:25,18050.0,200,Sell,227974839
2024-08-01 10:06:25,18050.0,300,Sell,227974835
2024-08-01 10:06:48,18050.0,100,Buy,227975635
2024-08-01 10:06:49,18050.0,2100,Buy,227975649
2024-08-01 10:06:49,18050.0,400,Buy,227975647
2024-08-01 10:06:49,18050.0,500,Buy,227975648
2024-08-01 10:06:55,18050.0,500,Buy,227975847
2024-08-01 10:06:55,18050.0,2900,Buy,227975845
2024-08-01 10:06:55,18050.0,200,Buy,227975846
2024-08-01 10:06:56,18050.0,300,Buy,227975925
2024-08-01 10:06:56,18050.0,200,Buy,227975926
2024-08-01 10:07:00,18050.0,300,Buy,227976059
2024-08-01 10:07:00,18050.0,200,Buy,227976060
2024-08-01 10:07:00,18000.0,100,Sell,227976072
2024-08-01 10:07:00,18000.0,200,Sell,227976073
2024-08-01 10:07:00,18050.0,200,Buy,227976075
2024-08-01 10:07:09,18050.0,1100,Buy,227976423
2024-08-01 10:07:15,18050.0,1900,Sell,227976588
2024-08-01 10:07:15,18050.0,100,Sell,227976589
2024-08-01 10:07:28,18050.0,500,Sell,227977085
2024-08-01 10:07:28,18050.0,100,Sell,227977082
2024-08-01 10:07:28,18050.0,1800,Sell,227977083
2024-08-01 10:07:28,18050.0,1000,Sell,227977084
2024-08-01 10:07:30,18050.0,1000,Buy,227977126
2024-08-01 10:07:43,18050.0,100,Buy,227977569
2024-08-01 10:07:46,18050.0,200,Buy,227977692
2024-08-01 10:07:56,18050.0,300,Buy,227978022
2024-08-01 10:07:56,18050.0,200,Buy,227978023
2024-08-01 10:07:58,18050.0,100,Buy,227978080
2024-08-01 10:07:59,18050.0,100,Buy,227978096
2024-08-01 10:08:03,18050.0,400,Buy,227978228
2024-08-01 10:08:03,18050.0,100,Buy,227978227
2024-08-01 10:08:05,18050.0,600,Buy,227978274
2024-08-01 10:08:05,18050.0,400,Buy,227978275
2024-08-01 10:08:06,18050.0,700,Buy,227978331
2024-08-01 10:08:06,18050.0,600,Buy,227978314
2024-08-01 10:08:06,18050.0,100,Buy,227978315
2024-08-01 10:08:06,18050.0,300,Buy,227978316
2024-08-01 10:08:19,18050.0,300,Sell,227978844
2024-08-01 10:08:19,18050.0,600,Sell,227978846
2024-08-01 10:08:19,18050.0,500,Sell,227978847
2024-08-01 10:08:19,18050.0,100,Sell,227978848
2024-08-01 10:08:21,18050.0,2700,Sell,227978925
2024-08-01 10:08:21,18050.0,300,Sell,227978924
2024-08-01 10:08:21,18050.0,1700,Sell,227978921
2024-08-01 10:08:21,18050.0,100,Sell,227978923
2024-08-01 10:08:21,18050.0,200,Sell,227978922
2024-08-01 10:08:27,18050.0,2300,Sell,227979070
2024-08-01 10:08:27,18050.0,400,Sell,227979071
2024-08-01 10:08:30,18050.0,100,Buy,227979148
2024-08-01 10:08:31,18050.0,500,Buy,227979154
2024-08-01 10:08:31,18050.0,1700,Buy,227979162
2024-08-01 10:09:03,18050.0,200,Sell,227980157
2024-08-01 10:09:41,18050.0,600,Sell,227981281
2024-08-01 10:09:41,18050.0,1100,Sell,227981279
2024-08-01 10:09:41,18050.0,300,Sell,227981280
2024-08-01 10:09:53,18050.0,600,Sell,227981607
2024-08-01 10:10:10,18050.0,4200,Sell,227982009
2024-08-01 10:10:10,18050.0,100,Sell,227982023
2024-08-01 10:10:10,18050.0,1600,Sell,227982022
2024-08-01 10:10:10,18050.0,20000,Sell,227982021
2024-08-01 10:10:10,18050.0,500,Sell,227982020
2024-08-01 10:10:10,18050.0,1800,Sell,227982017
2024-08-01 10:10:10,18050.0,900,Sell,227982019
2024-08-01 10:10:10,18050.0,1800,Sell,227982015
2024-08-01 10:10:10,18050.0,600,Sell,227982014
2024-08-01 10:10:10,18050.0,3900,Sell,227982013
2024-08-01 10:10:10,18050.0,5000,Sell,227982012
2024-08-01 10:10:10,18050.0,500,Sell,227982011
2024-08-01 10:10:10,18050.0,1800,Sell,227982010
2024-08-01 10:10:10,18050.0,500,Sell,227982016
2024-08-01 10:10:10,18050.0,1800,Sell,227982018
2024-08-01 10:10:12,18050.0,1000,Sell,227982072
2024-08-01 10:10:53,18050.0,200,Sell,227983121
2024-08-01 10:11:24,18100.0,300,Buy,227983804
2024-08-01 10:11:48,18050.0,1000,Sell,227984449
2024-08-01 10:12:03,18100.0,1000,Buy,227984861
2024-08-01 10:12:18,18050.0,200,Sell,227985190
2024-08-01 10:12:18,18050.0,7700,Sell,227985188
2024-08-01 10:12:18,18050.0,100,Sell,227985189
2024-08-01 10:12:33,18050.0,100,Sell,227985501
2024-08-01 10:12:35,18050.0,100,Sell,227985516
2024-08-01 10:12:35,18050.0,400,Sell,227985517
2024-08-01 10:12:35,18050.0,200,Sell,227985518
2024-08-01 10:12:35,18050.0,1000,Sell,227985519
2024-08-01 10:12:35,18050.0,300,Sell,227985520
2024-08-01 10:13:08,18050.0,600,Sell,227986088
2024-08-01 10:13:19,18050.0,600,Sell,227986252
2024-08-01 10:13:19,18050.0,900,Sell,227986250
2024-08-01 10:13:19,18050.0,500,Sell,227986251
2024-08-01 10:14:27,18050.0,400,Sell,227987400
2024-08-01 10:14:27,18050.0,100,Sell,227987401
2024-08-01 10:14:27,18050.0,1500,Sell,227987402
2024-08-01 10:14:44,18050.0,100,Sell,227987670
2024-08-01 10:14:45,18050.0,100,Sell,227987678
2024-08-01 10:14:45,18050.0,1000,Sell,227987679
2024-08-01 10:14:45,18050.0,100,Sell,227987680
2024-08-01 10:14:45,18050.0,100,Sell,227987681
2024-08-01 10:16:58,18050.0,4100,Sell,227990086
2024-08-01 10:17:12,18050.0,200,Sell,227990409
2024-08-01 10:17:12,18050.0,500,Sell,227990410
2024-08-01 10:17:12,18050.0,800,Sell,227990408
2024-08-01 10:17:20,18050.0,1000,Sell,227990575
2024-08-01 10:17:36,18100.0,5000,Buy,227990918
2024-08-01 10:18:51,18050.0,600,Sell,227992383
2024-08-01 10:19:14,18050.0,100,Sell,227992855
2024-08-01 10:19:48,18100.0,200,Buy,227993518
2024-08-01 10:21:15,18050.0,400,Sell,227995410
2024-08-01 10:21:27,18100.0,100,Buy,227995655
2024-08-01 10:23:08,18100.0,500,Buy,227997951
2024-08-01 10:24:08,18100.0,200,Buy,227999092
2024-08-01 10:24:08,18100.0,7000,Buy,227999097
2024-08-01 10:24:08,18100.0,100,Buy,227999096
2024-08-01 10:24:08,18100.0,100,Buy,227999095
2024-08-01 10:24:08,18100.0,100,Buy,227999094
2024-08-01 10:24:08,18100.0,1000,Buy,227999093
2024-08-01 10:24:08,18100.0,200,Buy,227999099
2024-08-01 10:24:08,18100.0,100,Buy,227999091
2024-08-01 10:24:08,18100.0,4000,Buy,227999098
2024-08-01 10:24:08,18100.0,4000,Buy,227999089
2024-08-01 10:24:08,18100.0,8000,Buy,227999088
2024-08-01 10:24:08,18100.0,12000,Buy,227999087
2024-08-01 10:24:08,18100.0,18000,Buy,227999086
2024-08-01 10:24:08,18100.0,20000,Buy,227999085
2024-08-01 10:24:08,18100.0,100,Buy,227999084
2024-08-01 10:24:08,18100.0,1000,Buy,227999083
2024-08-01 10:24:08,18100.0,3000,Buy,227999082
2024-08-01 10:24:08,18100.0,49100,Buy,227999081
2024-08-01 10:24:08,18100.0,22000,Buy,227999090
2024-08-01 10:24:19,18100.0,100,Buy,227999301
2024-08-01 10:24:19,18100.0,1700,Buy,227999302
2024-08-01 10:24:19,18100.0,500,Buy,227999303
2024-08-01 10:24:19,18100.0,2700,Buy,227999304
2024-08-01 10:24:30,18100.0,2000,Buy,227999497
2024-08-01 10:24:31,18100.0,300,Buy,227999523
2024-08-01 10:24:32,18100.0,600,Buy,227999530
2024-08-01 10:24:32,18100.0,500,Buy,227999533
2024-08-01 10:24:32,18100.0,1100,Buy,227999529
2024-08-01 10:24:36,18100.0,500,Buy,227999613
2024-08-01 10:24:58,18100.0,400,Buy,228000008
2024-08-01 10:24:58,18100.0,200,Buy,228000009
2024-08-01 10:24:58,18100.0,100,Buy,228000010
2024-08-01 10:24:58,18100.0,1500,Buy,228000011
2024-08-01 10:24:58,18100.0,100,Buy,228000012
2024-08-01 10:24:58,18100.0,300,Buy,228000013
2024-08-01 10:24:58,18100.0,800,Buy,228000014
2024-08-01 10:24:59,18100.0,400,Buy,228000027
2024-08-01 10:24:59,18100.0,900,Buy,228000026
2024-08-01 10:24:59,18100.0,200,Buy,228000024
2024-08-01 10:24:59,18100.0,200,Buy,228000023
2024-08-01 10:24:59,18100.0,300,Buy,228000025
2024-08-01 10:25:09,18100.0,100,Buy,228000265
2024-08-01 10:25:17,18100.0,4500,Buy,228000454
2024-08-01 10:25:29,18100.0,200,Sell,228000742
2024-08-01 10:25:31,18100.0,500,Sell,228000799
2024-08-01 10:26:03,18100.0,100,Sell,228001567
2024-08-01 10:26:49,18100.0,2000,Sell,228002678
2024-08-01 10:26:51,18100.0,200,Sell,228002724
2024-08-01 10:27:11,18100.0,2000,Sell,228003109
2024-08-01 10:27:20,18100.0,300,Sell,228003300
2024-08-01 10:27:54,18100.0,2000,Sell,228003991
2024-08-01 10:28:01,18100.0,300,Sell,228004183
2024-08-01 10:28:01,18100.0,200,Sell,228004182
2024-08-01 10:28:05,18100.0,500,Sell,228004324
2024-08-01 10:28:09,18100.0,500,Sell,228004424
2024-08-01 10:28:17,18100.0,1000,Sell,228004586
2024-08-01 10:28:19,18100.0,5000,Sell,228004615
2024-08-01 10:28:23,18100.0,5000,Sell,228004668
2024-08-01 10:28:26,18100.0,5000,Sell,228004729
2024-08-01 10:28:26,18100.0,2300,Sell,228004731
2024-08-01 10:28:26,18100.0,700,Sell,228004732
2024-08-01 10:28:26,18100.0,800,Sell,228004733
2024-08-01 10:28:27,18100.0,5400,Sell,228004751
2024-08-01 10:28:27,18100.0,5300,Sell,228004750
2024-08-01 10:28:27,18100.0,200,Sell,228004749
2024-08-01 10:28:27,18100.0,1000,Sell,228004748
2024-08-01 10:28:27,18100.0,3000,Sell,228004746
2024-08-01 10:28:27,18100.0,1000,Sell,228004743
2024-08-01 10:28:27,18100.0,600,Sell,228004747
2024-08-01 10:28:27,18100.0,100,Sell,228004745
2024-08-01 10:28:27,18100.0,1800,Sell,228004744
2024-08-01 10:28:45,18100.0,1100,Buy,228005245
2024-08-01 10:29:32,18050.0,100,Sell,228006216
2024-08-01 10:30:06,18050.0,1000,Sell,228007010
2024-08-01 10:30:43,18050.0,500,Sell,228008059
2024-08-01 10:30:43,18050.0,300,Sell,228008060
2024-08-01 10:30:43,18050.0,100,Sell,228008061
2024-08-01 10:30:43,18050.0,1000,Sell,228008062
2024-08-01 10:30:43,18050.0,5000,Sell,228008063
2024-08-01 10:30:43,18050.0,5000,Sell,228008064
2024-08-01 10:30:43,18050.0,500,Sell,228008065
2024-08-01 10:30:43,18050.0,200,Sell,228008066
2024-08-01 10:30:43,18050.0,5000,Sell,228008067
2024-08-01 10:30:43,18050.0,1000,Sell,228008068
2024-08-01 10:30:43,18050.0,500,Sell,228008071
2024-08-01 10:30:43,18050.0,500,Sell,228008070
2024-08-01 10:30:43,18050.0,2700,Sell,228008058
2024-08-01 10:30:43,18050.0,100,Sell,228008072
2024-08-01 10:30:43,18050.0,400,Sell,228008073
2024-08-01 10:30:43,18050.0,300,Sell,228008074
2024-08-01 10:30:43,18050.0,2800,Sell,228008075
2024-08-01 10:30:43,18050.0,1000,Sell,228008076
2024-08-01 10:30:43,18050.0,2800,Sell,228008078
2024-08-01 10:30:43,18050.0,700,Sell,228008079
2024-08-01 10:30:43,18050.0,1800,Sell,228008080
2024-08-01 10:30:43,18050.0,400,Sell,228008069
2024-08-01 10:30:43,18050.0,100,Sell,228008057
2024-08-01 10:30:43,18050.0,100,Sell,228008077
2024-08-01 10:30:43,18050.0,1000,Sell,228008055
2024-08-01 10:30:43,18050.0,1000,Sell,228008056
2024-08-01 10:30:43,18050.0,700,Sell,228008026
2024-08-01 10:30:43,18050.0,200,Sell,228008027
2024-08-01 10:30:43,18050.0,500,Sell,228008029
2024-08-01 10:30:43,18050.0,100,Sell,228008030
2024-08-01 10:30:43,18050.0,200,Sell,228008031
2024-08-01 10:30:43,18050.0,300,Sell,228008032
2024-08-01 10:30:43,18050.0,10000,Sell,228008033
2024-08-01 10:30:43,18050.0,200,Sell,228008034
2024-08-01 10:30:43,18050.0,10000,Sell,228008035
2024-08-01 10:30:43,18050.0,1000,Sell,228008036
2024-08-01 10:30:43,18050.0,100,Sell,228008028
2024-08-01 10:30:43,18050.0,100,Sell,228008038
2024-08-01 10:30:43,18050.0,100,Sell,228008037
2024-08-01 10:30:43,18050.0,600,Sell,228008053
2024-08-01 10:30:43,18050.0,100,Sell,228008051
2024-08-01 10:30:43,18050.0,100,Sell,228008050
2024-08-01 10:30:43,18050.0,1000,Sell,228008052
2024-08-01 10:30:43,18050.0,200,Sell,228008048
2024-08-01 10:30:43,18050.0,100,Sell,228008047
2024-08-01 10:30:43,18050.0,4000,Sell,228008040
2024-08-01 10:30:43,18050.0,500,Sell,228008039
2024-08-01 10:30:43,18050.0,3000,Sell,228008049
2024-08-01 10:30:43,18050.0,200,Sell,228008054
2024-08-01 10:30:44,18000.0,200,Sell,228008203
2024-08-01 10:30:44,18000.0,1000,Sell,228008204
2024-08-01 10:30:44,18000.0,700,Sell,228008211
2024-08-01 10:30:44,18000.0,300,Sell,228008205
2024-08-01 10:30:44,18000.0,100,Sell,228008206
2024-08-01 10:30:44,18000.0,10000,Sell,228008207
2024-08-01 10:30:44,18000.0,400,Sell,228008208
2024-08-01 10:30:44,18000.0,100,Sell,228008209
2024-08-01 10:30:44,18000.0,200,Sell,228008210
2024-08-01 10:30:44,18000.0,200,Sell,228008218
2024-08-01 10:30:44,18000.0,500,Sell,228008213
2024-08-01 10:30:44,18000.0,2500,Sell,228008214
2024-08-01 10:30:44,18000.0,500,Sell,228008215
2024-08-01 10:30:44,18000.0,100,Sell,228008219
2024-08-01 10:30:44,18000.0,100,Sell,228008220
2024-08-01 10:30:44,18000.0,500,Sell,228008221
2024-08-01 10:30:44,18000.0,300,Sell,228008222
2024-08-01 10:30:44,18000.0,300,Sell,228008202
2024-08-01 10:30:44,18000.0,5000,Sell,228008223
2024-08-01 10:30:44,18000.0,100,Sell,228008212
2024-08-01 10:30:44,18000.0,500,Sell,228008201
2024-08-01 10:30:44,18000.0,1000,Sell,228008188
2024-08-01 10:30:44,18000.0,2000,Sell,228008199
2024-08-01 10:30:44,18000.0,500,Sell,228008224
2024-08-01 10:30:44,18000.0,200,Sell,228008178
2024-08-01 10:30:44,18000.0,100,Sell,228008180
2024-08-01 10:30:44,18000.0,1000,Sell,228008181
2024-08-01 10:30:44,18000.0,100,Sell,228008182
2024-08-01 10:30:44,18000.0,3000,Sell,228008183
2024-08-01 10:30:44,18000.0,1000,Sell,228008184
2024-08-01 10:30:44,18000.0,100,Sell,228008185
2024-08-01 10:30:44,18000.0,200,Sell,228008186
2024-08-01 10:30:44,18000.0,5000,Sell,228008200
2024-08-01 10:30:44,18000.0,100,Sell,228008187
2024-08-01 10:30:44,18000.0,500,Sell,228008190
2024-08-01 10:30:44,18000.0,200,Sell,228008191
2024-08-01 10:30:44,18000.0,100,Sell,228008192
2024-08-01 10:30:44,18000.0,300,Sell,228008193
2024-08-01 10:30:44,18000.0,100,Sell,228008194
2024-08-01 10:30:44,18000.0,200,Sell,228008195
2024-08-01 10:30:44,18000.0,1000,Sell,228008196
2024-08-01 10:30:44,18000.0,8000,Sell,228008197
2024-08-01 10:30:44,18000.0,100,Sell,228008198
2024-08-01 10:30:44,18000.0,200,Sell,228008189
2024-08-01 10:30:44,18000.0,100,Sell,228008225
2024-08-01 10:30:44,18000.0,2000,Sell,228008253
2024-08-01 10:30:44,18000.0,100,Sell,228008227
2024-08-01 10:30:44,18000.0,1000,Sell,228008177
2024-08-01 10:30:44,18000.0,100,Sell,228008254
2024-08-01 10:30:44,18000.0,500,Sell,228008255
2024-08-01 10:30:44,18000.0,600,Sell,228008256
2024-08-01 10:30:44,18000.0,7000,Sell,228008257
2024-08-01 10:30:44,18000.0,5000,Sell,228008258
2024-08-01 10:30:44,18000.0,300,Sell,228008259
2024-08-01 10:30:44,18000.0,200,Sell,228008260
2024-08-01 10:30:44,18000.0,400,Sell,228008261
2024-08-01 10:30:44,18000.0,100,Sell,228008262
2024-08-01 10:30:44,18000.0,5000,Sell,228008263
2024-08-01 10:30:44,18000.0,700,Sell,228008264
2024-08-01 10:30:44,18000.0,3000,Sell,228008265
2024-08-01 10:30:44,18000.0,200,Sell,228008266
2024-08-01 10:30:44,18000.0,200,Sell,228008267
2024-08-01 10:30:44,18000.0,1000,Sell,228008268
2024-08-01 10:30:44,18000.0,5000,Sell,228008269
2024-08-01 10:30:44,18000.0,100,Sell,228008270
2024-08-01 10:30:44,18000.0,400,Sell,228008271
2024-08-01 10:30:44,18000.0,200,Sell,228008252
2024-08-01 10:30:44,18000.0,2000,Sell,228008251
2024-08-01 10:30:44,18000.0,300,Sell,228008250
2024-08-01 10:30:44,18000.0,400,Sell,228008249
2024-08-01 10:30:44,18000.0,100,Sell,228008228
2024-08-01 10:30:44,18000.0,2000,Sell,228008229
2024-08-01 10:30:44,18000.0,5000,Sell,228008230
2024-08-01 10:30:44,18000.0,1000,Sell,228008231
2024-08-01 10:30:44,18000.0,1000,Sell,228008232
2024-08-01 10:30:44,18000.0,500,Sell,228008233
2024-08-01 10:30:44,18000.0,200,Sell,228008234
2024-08-01 10:30:44,18000.0,100,Sell,228008235
2024-08-01 10:30:44,18000.0,2000,Sell,228008236
2024-08-01 10:30:44,18000.0,500,Sell,228008226
2024-08-01 10:30:44,18000.0,5000,Sell,228008237
2024-08-01 10:30:44,18000.0,5000,Sell,228008239
2024-08-01 10:30:44,18000.0,1000,Sell,228008240
2024-08-01 10:30:44,18000.0,500,Sell,228008242
2024-08-01 10:30:44,18000.0,200,Sell,228008243
2024-08-01 10:30:44,18000.0,5000,Sell,228008244
2024-08-01 10:30:44,18000.0,100,Sell,228008245
2024-08-01 10:30:44,18000.0,100,Sell,228008246
2024-08-01 10:30:44,18000.0,5000,Sell,228008247
2024-08-01 10:30:44,18000.0,200,Sell,228008248
2024-08-01 10:30:44,18000.0,200,Sell,228008238
2024-08-01 10:30:44,18000.0,1000,Sell,228008176
2024-08-01 10:30:44,18000.0,5000,Sell,228008241
2024-08-01 10:30:44,18000.0,2000,Sell,228008174
2024-08-01 10:30:44,18000.0,500,Sell,228008106
2024-08-01 10:30:44,18000.0,100,Sell,228008108
2024-08-01 10:30:44,18000.0,1100,Sell,228008109
2024-08-01 10:30:44,18000.0,600,Sell,228008110
2024-08-01 10:30:44,18000.0,1000,Sell,228008111
2024-08-01 10:30:44,18050.0,5000,Sell,228008081
2024-08-01 10:30:44,18000.0,100,Sell,228008112
2024-08-01 10:30:44,18000.0,300,Sell,228008113
2024-08-01 10:30:44,18000.0,200,Sell,228008114
2024-08-01 10:30:44,18000.0,200,Sell,228008115
2024-08-01 10:30:44,18000.0,1000,Sell,228008117
2024-08-01 10:30:44,18000.0,200,Sell,228008118
2024-08-01 10:30:44,18000.0,500,Sell,228008119
2024-08-01 10:30:44,18000.0,10000,Sell,228008120
2024-08-01 10:30:44,18000.0,100,Sell,228008121
2024-08-01 10:30:44,18000.0,3000,Sell,228008122
2024-08-01 10:30:44,18000.0,5000,Sell,228008123
2024-08-01 10:30:44,18000.0,1000,Sell,228008124
2024-08-01 10:30:44,18000.0,100,Sell,228008125
2024-08-01 10:30:44,18000.0,1000,Sell,228008105
2024-08-01 10:30:44,18000.0,1000,Sell,228008104
2024-08-01 10:30:44,18000.0,1000,Sell,228008103
2024-08-01 10:30:44,18000.0,10000,Sell,228008102
2024-08-01 10:30:44,18050.0,5000,Sell,228008082
2024-08-01 10:30:44,18050.0,200,Sell,228008083
2024-08-01 10:30:44,18000.0,1300,Sell,228008084
2024-08-01 10:30:44,18000.0,600,Sell,228008085
2024-08-01 10:30:44,18000.0,2700,Sell,228008086
2024-08-01 10:30:44,18000.0,500,Sell,228008087
2024-08-01 10:30:44,18000.0,1000,Sell,228008088
2024-08-01 10:30:44,18000.0,1000,Sell,228008089
2024-08-01 10:30:44,18000.0,2000,Sell,228008090
2024-08-01 10:30:44,18000.0,2000,Sell,228008126
2024-08-01 10:30:44,18000.0,400,Sell,228008091
2024-08-01 10:30:44,18000.0,500,Sell,228008093
2024-08-01 10:30:44,18000.0,100,Sell,228008094
2024-08-01 10:30:44,18000.0,200,Sell,228008095
2024-08-01 10:30:44,18000.0,900,Sell,228008096
2024-08-01 10:30:44,18000.0,600,Sell,228008097
2024-08-01 10:30:44,18000.0,100,Sell,228008098
2024-08-01 10:30:44,18000.0,2000,Sell,228008099
2024-08-01 10:30:44,18000.0,1000,Sell,228008100
2024-08-01 10:30:44,18000.0,10000,Sell,228008101
2024-08-01 10:30:44,18000.0,100,Sell,228008092
2024-08-01 10:30:44,18000.0,100,Sell,228008127
2024-08-01 10:30:44,18000.0,200,Sell,228008107
2024-08-01 10:30:44,18000.0,100,Sell,228008129
2024-08-01 10:30:44,18000.0,1000,Sell,228008154
2024-08-01 10:30:44,18000.0,500,Sell,228008155
2024-08-01 10:30:44,18000.0,100,Sell,228008156
2024-08-01 10:30:44,18000.0,3000,Sell,228008157
2024-08-01 10:30:44,18000.0,1000,Sell,228008158
2024-08-01 10:30:44,18000.0,100,Sell,228008159
2024-08-01 10:30:44,18000.0,100,Sell,228008160
2024-08-01 10:30:44,18000.0,2600,Sell,228008161
2024-08-01 10:30:44,18000.0,100,Sell,228008162
2024-08-01 10:30:44,18000.0,7100,Sell,228008153
2024-08-01 10:30:44,18000.0,2500,Sell,228008163
2024-08-01 10:30:44,18000.0,5000,Sell,228008165
2024-08-01 10:30:44,18000.0,100,Sell,228008166
2024-08-01 10:30:44,18000.0,500,Sell,228008167
2024-08-01 10:30:44,18000.0,10000,Sell,228008168
2024-08-01 10:30:44,18000.0,100,Sell,228008169
2024-08-01 10:30:44,18000.0,200,Sell,228008170
2024-08-01 10:30:44,18000.0,1000,Sell,228008171
2024-08-01 10:30:44,18000.0,200,Sell,228008128
2024-08-01 10:30:44,18000.0,100,Sell,228008173
2024-08-01 10:30:44,18000.0,500,Sell,228008164
2024-08-01 10:30:44,18000.0,200,Sell,228008152
2024-08-01 10:30:44,18000.0,100,Sell,228008172
2024-08-01 10:30:44,18000.0,1000,Sell,228008150
2024-08-01 10:30:44,18000.0,300,Sell,228008151
2024-08-01 10:30:44,18000.0,200,Sell,228008130
2024-08-01 10:30:44,18000.0,800,Sell,228008131
2024-08-01 10:30:44,18000.0,2000,Sell,228008132
2024-08-01 10:30:44,18000.0,800,Sell,228008133
2024-08-01 10:30:44,18000.0,100,Sell,228008134
2024-08-01 10:30:44,18000.0,9000,Sell,228008135
2024-08-01 10:30:44,18000.0,300,Sell,228008136
2024-08-01 10:30:44,18000.0,40000,Sell,228008137
2024-08-01 10:30:44,18000.0,500,Sell,228008138
2024-08-01 10:30:44,18000.0,100,Sell,228008139
2024-08-01 10:30:44,18000.0,600,Sell,228008175
2024-08-01 10:30:44,18000.0,100,Sell,228008141
2024-08-01 10:30:44,18000.0,500,Sell,228008149
2024-08-01 10:30:44,18000.0,1000,Sell,228008148
2024-08-01 10:30:44,18000.0,3000,Sell,228008147
2024-08-01 10:30:44,18000.0,10000,Sell,228008146
2024-08-01 10:30:44,18000.0,500,Sell,228008140
2024-08-01 10:30:44,18000.0,100,Sell,228008144
2024-08-01 10:30:44,18000.0,1000,Sell,228008143
2024-08-01 10:30:44,18000.0,800,Sell,228008142
2024-08-01 10:30:44,18000.0,300,Sell,228008145
2024-08-01 10:31:04,18000.0,200,Buy,228008711
2024-08-01 10:31:18,17950.0,300,Sell,228009045
2024-08-01 10:31:18,18000.0,500,Buy,228009053
2024-08-01 10:31:18,17950.0,300,Sell,228009055
2024-08-01 10:31:19,17950.0,100,Sell,228009058
2024-08-01 10:31:21,18000.0,1000,Buy,228009129
2024-08-01 10:31:25,17950.0,100,Sell,228009259
2024-08-01 10:31:25,17950.0,300,Sell,228009257
2024-08-01 10:31:25,17950.0,100,Sell,228009258
2024-08-01 10:31:25,17950.0,100,Sell,228009255
2024-08-01 10:31:25,17950.0,1300,Sell,228009254
2024-08-01 10:31:25,17950.0,100,Sell,228009256
2024-08-01 10:31:33,17950.0,2500,Sell,228009420
2024-08-01 10:31:33,17950.0,500,Sell,228009419
2024-08-01 10:31:33,17950.0,200,Sell,228009418
2024-08-01 10:31:33,17950.0,400,Sell,228009417
2024-08-01 10:31:33,17950.0,100,Sell,228009416
2024-08-01 10:31:33,17950.0,1000,Sell,228009414
2024-08-01 10:31:33,17950.0,200,Sell,228009413
2024-08-01 10:31:33,17950.0,1600,Sell,228009412
2024-08-01 10:31:33,17950.0,500,Sell,228009411
2024-08-01 10:31:33,17950.0,4900,Sell,228009410
2024-08-01 10:31:33,17950.0,100,Sell,228009415
2024-08-01 10:31:34,18000.0,10000,Buy,228009499
2024-08-01 10:31:41,18000.0,300,Buy,228009711
2024-08-01 10:31:42,18000.0,300,Buy,228009789
2024-08-01 10:32:14,17950.0,2000,Sell,228010862
2024-08-01 10:32:14,18000.0,1000,Buy,228010873
2024-08-01 10:32:18,18000.0,100,Buy,228010980
2024-08-01 10:32:18,18000.0,600,Buy,228011049
2024-08-01 10:32:24,18000.0,2000,Buy,228011181
2024-08-01 10:32:27,18000.0,5000,Buy,228011226
2024-08-01 10:32:30,18000.0,100,Buy,228011314
2024-08-01 10:32:32,18000.0,6900,Buy,228011413
2024-08-01 10:32:32,18000.0,200,Buy,228011414
2024-08-01 10:32:32,18000.0,900,Buy,228011415
2024-08-01 10:32:39,18000.0,1000,Buy,228011585
2024-08-01 10:32:43,18000.0,100,Buy,228011762
2024-08-01 10:32:52,18000.0,2000,Buy,228012090
2024-08-01 10:32:56,18000.0,500,Buy,228012141
2024-08-01 10:33:04,18000.0,300,Buy,228012293
2024-08-01 10:33:07,18000.0,5000,Buy,228012362
2024-08-01 10:33:17,18000.0,5800,Buy,228012627
2024-08-01 10:33:17,18000.0,4200,Buy,228012626
2024-08-01 10:33:19,18000.0,100,Buy,228012664
2024-08-01 10:33:21,18000.0,200,Buy,228012686
2024-08-01 10:33:32,18000.0,1800,Buy,228013076
2024-08-01 10:33:35,18000.0,200,Buy,228013144
2024-08-01 10:33:39,17950.0,5000,Sell,228013238
2024-08-01 10:33:42,18000.0,500,Buy,228013315
2024-08-01 10:33:52,18000.0,100,Buy,228013742
2024-08-01 10:33:55,18000.0,1000,Buy,228013876
2024-08-01 10:33:55,18000.0,1300,Buy,228013873
2024-08-01 10:33:55,18000.0,300,Buy,228013874
2024-08-01 10:33:55,18000.0,1000,Buy,228013875
2024-08-01 10:34:05,18000.0,100,Sell,228014224
2024-08-01 10:34:19,18000.0,1300,Sell,228014665
2024-08-01 10:34:19,18000.0,100,Sell,228014666
2024-08-01 10:34:19,18000.0,600,Sell,228014667
2024-08-01 10:34:25,18000.0,1000,Sell,228014848
2024-08-01 10:34:33,18000.0,300,Sell,228015146
2024-08-01 10:34:50,18000.0,1000,Sell,228015676
2024-08-01 10:34:59,18000.0,1700,Sell,228015950
2024-08-01 10:35:19,18050.0,500,Buy,228017003
2024-08-01 10:35:19,18050.0,100,Buy,228017002
2024-08-01 10:35:24,18050.0,1800,Buy,228017179
2024-08-01 10:35:31,18000.0,800,Sell,228017398
2024-08-01 10:35:31,18000.0,100,Sell,228017399
2024-08-01 10:35:31,18000.0,100,Sell,228017400
2024-08-01 10:35:34,18000.0,200,Sell,228017495
2024-08-01 10:35:44,18050.0,2100,Buy,228017724
2024-08-01 10:36:07,18050.0,3800,Buy,228018535
2024-08-01 10:36:08,18050.0,1100,Buy,228018595
2024-08-01 10:36:09,18050.0,2200,Buy,228018632
2024-08-01 10:36:09,18050.0,700,Buy,228018631
2024-08-01 10:36:35,18050.0,500,Buy,228019488
2024-08-01 10:36:37,18050.0,2800,Buy,228019531
2024-08-01 10:36:59,18050.0,100,Buy,228020131
2024-08-01 10:37:09,18050.0,100,Buy,228020360
2024-08-01 10:37:09,18050.0,100,Buy,228020361
2024-08-01 10:37:09,18050.0,600,Buy,228020359
2024-08-01 10:37:09,18050.0,2900,Buy,228020358
2024-08-01 10:37:09,18050.0,200,Buy,228020357
2024-08-01 10:37:09,18050.0,600,Buy,228020355
2024-08-01 10:37:09,18050.0,2600,Buy,228020354
2024-08-01 10:37:09,18050.0,3000,Buy,228020356
2024-08-01 10:37:11,18100.0,500,Buy,228020402
2024-08-01 10:37:13,18100.0,100,Buy,228020494
2024-08-01 10:37:24,18050.0,500,Sell,228020815
2024-08-01 10:38:01,18050.0,100,Sell,228021921
2024-08-01 10:38:02,18050.0,500,Sell,228021948
2024-08-01 10:38:02,18050.0,1800,Sell,228021949
2024-08-01 10:39:06,18050.0,100,Buy,228023277
2024-08-01 10:39:08,18050.0,300,Buy,228023326
2024-08-01 10:40:21,18050.0,1000,Buy,228024922
2024-08-01 10:40:33,18050.0,1500,Buy,228025141
2024-08-01 10:40:37,18050.0,21100,Buy,228025208
2024-08-01 10:40:37,18050.0,500,Buy,228025209
2024-08-01 10:40:37,18050.0,3400,Buy,228025210
2024-08-01 10:40:42,18000.0,100,Sell,228025304
2024-08-01 10:40:44,18050.0,3000,Buy,228025357
2024-08-01 10:40:44,18050.0,1600,Buy,228025356
2024-08-01 10:41:05,18050.0,400,Sell,228025903
2024-08-01 10:41:05,18050.0,1800,Buy,228025921
2024-08-01 10:41:06,18050.0,1800,Buy,228025925
2024-08-01 10:41:06,18050.0,1800,Buy,228025926
2024-08-01 10:41:06,18050.0,1800,Buy,228025929
2024-08-01 10:41:06,18050.0,1800,Buy,228025930
2024-08-01 10:41:19,18050.0,5400,Buy,228026150
2024-08-01 10:41:29,18000.0,100,Sell,228026384
2024-08-01 10:41:29,18000.0,200,Sell,228026385
2024-08-01 10:41:29,18000.0,100,Sell,228026386
2024-08-01 10:41:29,18000.0,7000,Sell,228026387
2024-08-01 10:41:29,18000.0,500,Sell,228026390
2024-08-01 10:41:29,18000.0,5000,Sell,228026389
2024-08-01 10:41:29,18000.0,500,Sell,228026383
2024-08-01 10:41:29,18000.0,300,Sell,228026391
2024-08-01 10:41:29,18000.0,900,Sell,228026392
2024-08-01 10:41:29,18000.0,10000,Sell,228026388
2024-08-01 10:41:29,18000.0,100,Sell,228026382
2024-08-01 10:41:29,18000.0,100,Sell,228026372
2024-08-01 10:41:29,18000.0,200,Sell,228026380
2024-08-01 10:41:29,18000.0,1500,Sell,228026379
2024-08-01 10:41:29,18000.0,1000,Sell,228026378
2024-08-01 10:41:29,18000.0,500,Sell,228026377
2024-08-01 10:41:29,18000.0,500,Sell,228026376
2024-08-01 10:41:29,18000.0,5000,Sell,228026375
2024-08-01 10:41:29,18000.0,600,Sell,228026374
2024-08-01 10:41:29,18000.0,500,Sell,228026373
2024-08-01 10:41:29,18000.0,500,Sell,228026371
2024-08-01 10:41:29,18000.0,4700,Sell,228026370
2024-08-01 10:41:29,18000.0,200,Sell,228026381
2024-08-01 10:42:29,18050.0,200,Buy,228027664
2024-08-01 10:42:47,18000.0,1500,Sell,228028024
2024-08-01 10:42:47,18000.0,100,Sell,228028023
2024-08-01 10:42:47,18000.0,100,Sell,228028022
2024-08-01 10:42:47,18000.0,500,Sell,228028021
2024-08-01 10:42:47,18000.0,100,Sell,228028025
2024-08-01 10:42:47,18000.0,100,Sell,228028019
2024-08-01 10:42:47,18000.0,6000,Sell,228028020
2024-08-01 10:42:47,18000.0,100,Sell,228028016
2024-08-01 10:42:47,18000.0,1000,Sell,228028018
2024-08-01 10:42:47,18000.0,100,Sell,228028017
2024-08-01 10:42:52,18000.0,500,Buy,228028178
2024-08-01 10:43:11,18000.0,100,Buy,228028564
2024-08-01 10:43:12,18000.0,500,Buy,228028594
2024-08-01 10:43:19,18000.0,600,Buy,228028696
2024-08-01 10:43:25,17950.0,300,Sell,228028883
2024-08-01 10:43:25,17950.0,3000,Sell,228028882
2024-08-01 10:43:25,17950.0,1000,Sell,228028881
2024-08-01 10:43:25,17950.0,300,Sell,228028880
2024-08-01 10:43:25,17950.0,20000,Sell,228028879
2024-08-01 10:43:25,17950.0,500,Sell,228028878
2024-08-01 10:43:25,17950.0,1000,Sell,228028877
2024-08-01 10:43:25,17950.0,500,Sell,228028874
2024-08-01 10:43:25,17950.0,500,Sell,228028875
2024-08-01 10:43:25,17950.0,1000,Sell,228028873
2024-08-01 10:43:25,17950.0,5000,Sell,228028872
2024-08-01 10:43:25,17950.0,3000,Sell,228028871
2024-08-01 10:43:25,17950.0,500,Sell,228028870
2024-08-01 10:43:25,17950.0,300,Sell,228028876
2024-08-01 10:43:25,17950.0,500,Sell,228028884
2024-08-01 10:43:25,17950.0,100,Sell,228028896
2024-08-01 10:43:25,17950.0,1000,Sell,228028886
2024-08-01 10:43:25,17950.0,100,Sell,228028887
2024-08-01 10:43:25,17950.0,5000,Sell,228028888
2024-08-01 10:43:25,17950.0,200,Sell,228028889
2024-08-01 10:43:25,17950.0,100,Sell,228028890
2024-08-01 10:43:25,17950.0,2500,Sell,228028891
2024-08-01 10:43:25,17950.0,1900,Sell,228028892
2024-08-01 10:43:25,17950.0,1500,Sell,228028893
2024-08-01 10:43:25,17950.0,2000,Sell,228028894
2024-08-01 10:43:25,17950.0,500,Sell,228028895
2024-08-01 10:43:25,17950.0,1000,Sell,228028869
2024-08-01 10:43:25,17950.0,200,Sell,228028897
2024-08-01 10:43:25,17950.0,500,Sell,228028898
2024-08-01 10:43:25,17950.0,1800,Sell,228028899
2024-08-01 10:43:25,17950.0,1000,Sell,228028885
2024-08-01 10:43:25,17950.0,200,Sell,228028868
2024-08-01 10:43:25,17950.0,1000,Sell,228028836
2024-08-01 10:43:25,17950.0,100,Sell,228028866
2024-08-01 10:43:25,17950.0,500,Sell,228028867
2024-08-01 10:43:25,17950.0,500,Sell,228028832
2024-08-01 10:43:25,17950.0,300,Sell,228028833
2024-08-01 10:43:25,17950.0,100,Sell,228028835
2024-08-01 10:43:25,17950.0,5000,Sell,228028837
2024-08-01 10:43:25,17950.0,1000,Sell,228028838
2024-08-01 10:43:25,17950.0,500,Sell,228028839
2024-08-01 10:43:25,17950.0,10000,Sell,228028840
2024-08-01 10:43:25,17950.0,100,Sell,228028841
2024-08-01 10:43:25,17950.0,200,Sell,228028842
2024-08-01 10:43:25,17950.0,100,Sell,228028843
2024-08-01 10:43:25,17950.0,200,Sell,228028844
2024-08-01 10:43:25,17950.0,700,Sell,228028845
2024-08-01 10:43:25,17950.0,100,Sell,228028846
2024-08-01 10:43:25,17950.0,5000,Sell,228028847
2024-08-01 10:43:25,17950.0,100,Sell,228028834
2024-08-01 10:43:25,17950.0,200,Sell,228028849
2024-08-01 10:43:25,17950.0,100,Sell,228028864
2024-08-01 10:43:25,17950.0,1000,Sell,228028863
2024-08-01 10:43:25,17950.0,500,Sell,228028848
2024-08-01 10:43:25,17950.0,500,Sell,228028862
2024-08-01 10:43:25,17950.0,100,Sell,228028861
2024-08-01 10:43:25,17950.0,100,Sell,228028860
2024-08-01 10:43:25,17950.0,100,Sell,228028859
2024-08-01 10:43:25,17950.0,100,Sell,228028865
2024-08-01 10:43:25,17950.0,500,Sell,228028855
2024-08-01 10:43:25,17950.0,1100,Sell,228028850
2024-08-01 10:43:25,17950.0,100,Sell,228028851
2024-08-01 10:43:25,17950.0,500,Sell,228028856
2024-08-01 10:43:25,17950.0,5000,Sell,228028853
2024-08-01 10:43:25,17950.0,800,Sell,228028854
2024-08-01 10:43:25,17950.0,1000,Sell,228028852
2024-08-01 10:43:31,17900.0,100,Sell,228029076
2024-08-01 10:43:31,17900.0,200,Sell,228029066
2024-08-01 10:43:31,17900.0,200,Sell,228029065
2024-08-01 10:43:31,17900.0,200,Sell,228029064
2024-08-01 10:43:31,17900.0,100,Sell,228029063
2024-08-01 10:43:31,17900.0,500,Sell,228029062
2024-08-01 10:43:31,17900.0,1600,Sell,228029061
2024-08-01 10:43:31,17900.0,300,Sell,228029060
2024-08-01 10:43:31,17900.0,1000,Sell,228029059
2024-08-01 10:43:31,17900.0,100,Sell,228029058
2024-08-01 10:43:31,17900.0,1000,Sell,228029057
2024-08-01 10:43:31,17900.0,200,Sell,228029056
2024-08-01 10:43:31,17900.0,200,Sell,228029055
2024-08-01 10:43:31,17900.0,2400,Sell,228029054
2024-08-01 10:43:31,17900.0,2300,Sell,228029019
2024-08-01 10:43:31,17900.0,2000,Sell,228029018
2024-08-01 10:43:31,17900.0,500,Sell,228029017
2024-08-01 10:43:31,17900.0,200,Sell,228029016
2024-08-01 10:43:31,17900.0,1000,Sell,228029015
2024-08-01 10:43:31,17900.0,300,Sell,228029014
2024-08-01 10:43:31,17900.0,1000,Sell,228029013
2024-08-01 10:43:31,17900.0,1000,Sell,228029012
2024-08-01 10:43:31,17900.0,10000,Sell,228029011
2024-08-01 10:43:31,17900.0,1000,Sell,228029010
2024-08-01 10:43:31,17900.0,100,Sell,228029009
2024-08-01 10:43:31,17900.0,600,Sell,228029021
2024-08-01 10:43:31,17900.0,100,Sell,228029020
2024-08-01 10:43:35,17950.0,5000,Buy,228029132
2024-08-01 10:43:46,17950.0,100,Buy,228029300
2024-08-01 10:43:51,17950.0,400,Buy,228029372
2024-08-01 10:43:55,17950.0,100,Buy,228029412
2024-08-01 10:43:57,17950.0,200,Buy,228029463
2024-08-01 10:44:20,18000.0,1700,Buy,228029846
2024-08-01 10:44:20,18000.0,200,Buy,228029847
2024-08-01 10:44:20,18000.0,2200,Buy,228029848
2024-08-01 10:44:20,18000.0,500,Buy,228029849
2024-08-01 10:44:20,18050.0,76600,Buy,228029850
2024-08-01 10:45:03,18050.0,100,Buy,228030673
2024-08-01 10:45:08,18050.0,200,Buy,228030739
2024-08-01 10:45:47,18000.0,300,Sell,228031341
2024-08-01 10:45:55,18000.0,100,Sell,228031500
2024-08-01 10:46:26,18000.0,100,Sell,228032042
2024-08-01 10:46:49,18000.0,100,Sell,228032583
2024-08-01 10:46:51,18050.0,100,Buy,228032621
2024-08-01 10:47:05,18000.0,200,Sell,228032815
2024-08-01 10:47:05,18000.0,100,Sell,228032814
2024-08-01 10:47:05,18000.0,1700,Sell,228032812
2024-08-01 10:47:05,18000.0,2500,Sell,228032813
2024-08-01 10:47:16,18000.0,800,Sell,228032965
2024-08-01 10:48:04,18050.0,400,Buy,228033885
2024-08-01 10:49:15,18050.0,100,Buy,228035026
2024-08-01 10:49:19,18000.0,100,Sell,228035101
2024-08-01 10:49:44,18000.0,1000,Sell,228035670
2024-08-01 10:49:48,18000.0,3900,Sell,228035738
2024-08-01 10:49:48,18000.0,100,Sell,228035739
2024-08-01 10:49:53,18000.0,300,Sell,228035866
2024-08-01 10:50:19,18000.0,100,Sell,228036373
2024-08-01 10:50:19,18000.0,200,Sell,228036374
2024-08-01 10:50:19,18000.0,4700,Sell,228036375
2024-08-01 10:50:41,18000.0,1800,Sell,228036818
2024-08-01 10:50:41,18000.0,1000,Sell,228036820
2024-08-01 10:50:41,18000.0,100,Sell,228036817
2024-08-01 10:50:41,18000.0,200,Sell,228036819
2024-08-01 10:50:41,18000.0,200,Sell,228036815
2024-08-01 10:50:41,18000.0,200,Sell,228036814
2024-08-01 10:50:41,18000.0,2000,Sell,228036816
2024-08-01 10:50:41,18000.0,500,Sell,228036813
2024-08-01 10:50:41,18000.0,300,Sell,228036812
2024-08-01 10:50:44,18000.0,300,Buy,228036891
2024-08-01 10:50:49,18000.0,100,Buy,228037005
2024-08-01 10:51:01,18000.0,2000,Buy,228037225
2024-08-01 10:51:28,17950.0,300,Sell,228037702
2024-08-01 10:51:28,17950.0,500,Sell,228037703
2024-08-01 10:51:28,17950.0,1000,Sell,228037704
2024-08-01 10:51:28,17950.0,8500,Sell,228037708
2024-08-01 10:51:28,17950.0,1000,Sell,228037706
2024-08-01 10:51:28,17950.0,5000,Sell,228037707
2024-08-01 10:51:28,17950.0,300,Sell,228037701
2024-08-01 10:51:28,17950.0,1000,Sell,228037705
2024-08-01 10:51:28,17950.0,600,Sell,228037700
2024-08-01 10:51:28,18000.0,200,Buy,228037683
2024-08-01 10:51:28,17950.0,5400,Sell,228037698
2024-08-01 10:51:28,17950.0,800,Sell,228037691
2024-08-01 10:51:28,17950.0,1500,Sell,228037692
2024-08-01 10:51:28,17950.0,2000,Sell,228037693
2024-08-01 10:51:28,17950.0,300,Sell,228037699
2024-08-01 10:51:28,17950.0,500,Sell,228037695
2024-08-01 10:51:28,17950.0,100,Sell,228037696
2024-08-01 10:51:28,17950.0,1000,Sell,228037697
2024-08-01 10:51:28,17950.0,200,Sell,228037694
2024-08-01 10:52:00,17950.0,1000,Sell,228038406
2024-08-01 10:52:00,17950.0,200,Sell,228038407
2024-08-01 10:52:00,17950.0,100,Sell,228038404
2024-08-01 10:52:00,17950.0,500,Sell,228038403
2024-08-01 10:52:00,17950.0,200,Sell,228038405
2024-08-01 10:52:02,17950.0,300,Sell,228038449
2024-08-01 10:52:02,17950.0,1100,Sell,228038451
2024-08-01 10:52:02,17950.0,500,Sell,228038452
2024-08-01 10:52:02,17950.0,2100,Sell,228038453
2024-08-01 10:52:02,17950.0,1000,Sell,228038450
2024-08-01 10:52:05,17950.0,1400,Sell,228038495
2024-08-01 10:52:05,17950.0,100,Sell,228038496
2024-08-01 10:52:05,17950.0,200,Sell,228038497
2024-08-01 10:52:05,17950.0,3300,Sell,228038498
2024-08-01 10:52:23,17950.0,500,Sell,228039085
2024-08-01 10:52:29,17950.0,5000,Sell,228039260
2024-08-01 10:52:46,17950.0,200,Sell,228039645
2024-08-01 10:53:00,17950.0,2000,Sell,228040091
2024-08-01 10:53:00,17950.0,100,Sell,228040092
2024-08-01 10:53:00,17950.0,500,Sell,228040093
2024-08-01 10:53:00,17950.0,400,Sell,228040094
2024-08-01 10:53:00,17950.0,1000,Sell,228040090
2024-08-01 10:53:13,17950.0,200,Sell,228040483
2024-08-01 10:53:13,17950.0,500,Sell,228040482
2024-08-01 10:53:13,17950.0,200,Sell,228040481
2024-08-01 10:53:13,17950.0,200,Sell,228040480
2024-08-01 10:53:13,17950.0,900,Sell,228040479
2024-08-01 10:53:13,17950.0,100,Sell,228040478
2024-08-01 10:53:13,17950.0,100,Sell,228040477
2024-08-01 10:53:17,17950.0,19800,Sell,228040624
2024-08-01 10:53:17,17950.0,500,Sell,228040625
2024-08-01 10:53:17,17950.0,2000,Sell,228040626
2024-08-01 10:53:20,17950.0,500,Buy,228040699
2024-08-01 10:53:28,17950.0,1000,Buy,228040877
2024-08-01 10:53:50,17950.0,100,Buy,228041696
2024-08-01 10:53:51,17950.0,5400,Buy,228041770
2024-08-01 10:53:55,17950.0,200,Buy,228041904
2024-08-01 10:54:00,17900.0,800,Sell,228042197
2024-08-01 10:54:00,17900.0,1000,Sell,228042196
2024-08-01 10:54:14,17950.0,10000,Buy,228042958
2024-08-01 10:54:23,17900.0,4300,Sell,228043382
2024-08-01 10:54:23,17900.0,100,Sell,228043381
2024-08-01 10:54:23,17900.0,100,Sell,228043380
2024-08-01 10:54:23,17900.0,300,Sell,228043379
2024-08-01 10:54:23,17900.0,200,Sell,228043378
2024-08-01 10:54:24,17950.0,500,Buy,228043457
2024-08-01 10:54:50,17950.0,100,Buy,228044541
2024-08-01 10:54:54,17950.0,200,Buy,228044852
2024-08-01 10:55:02,17950.0,3100,Buy,228045335
2024-08-01 10:55:10,17950.0,2000,Buy,228045765
2024-08-01 10:55:10,17900.0,600,Sell,228045771
2024-08-01 10:55:12,17950.0,200,Buy,228045924
2024-08-01 10:55:34,17950.0,200,Buy,228047269
2024-08-01 10:55:35,17950.0,300,Buy,228047386
2024-08-01 10:55:45,17900.0,1000,Sell,228048130
2024-08-01 10:55:50,17900.0,1000,Sell,228048396
2024-08-01 10:55:50,17900.0,2300,Sell,228048422
2024-08-01 10:55:50,17950.0,200,Buy,228048440
2024-08-01 10:55:51,17900.0,200,Sell,228048476
2024-08-01 10:55:52,17950.0,300,Buy,228048537
2024-08-01 10:55:59,17900.0,600,Sell,228048971
2024-08-01 10:56:10,17900.0,5000,Sell,228049847
2024-08-01 10:56:13,17900.0,2000,Sell,228050137
2024-08-01 10:56:13,17900.0,3000,Sell,228050138
2024-08-01 10:56:14,17900.0,300,Sell,228050207
2024-08-01 10:56:14,17900.0,1000,Sell,228050206
2024-08-01 10:56:14,17900.0,300,Sell,228050205
2024-08-01 10:56:14,17900.0,100,Sell,228050204
2024-08-01 10:56:14,17900.0,100,Sell,228050203
2024-08-01 10:56:14,17900.0,2000,Sell,228050201
2024-08-01 10:56:14,17900.0,200,Sell,228050202
2024-08-01 10:56:25,17900.0,500,Sell,228051087
2024-08-01 10:56:28,17950.0,200,Buy,228051175
2024-08-01 10:56:38,17900.0,500,Sell,228051709
2024-08-01 10:56:43,17900.0,700,Sell,228051903
2024-08-01 10:56:43,17900.0,300,Sell,228051904
2024-08-01 10:57:06,17900.0,1000,Sell,228053245
2024-08-01 10:57:16,17900.0,3000,Sell,228053771
2024-08-01 10:57:17,17900.0,2000,Sell,228053801
2024-08-01 10:57:37,17900.0,100,Sell,228054964
2024-08-01 10:57:40,17900.0,1000,Sell,228055100
2024-08-01 10:57:40,17900.0,1900,Sell,228055116
2024-08-01 10:57:42,17900.0,1000,Sell,228055194
2024-08-01 10:57:59,17900.0,200,Sell,228056027
2024-08-01 10:58:14,17900.0,2000,Sell,228056832
2024-08-01 10:58:22,17900.0,300,Sell,228057258
2024-08-01 10:58:24,17900.0,2000,Sell,228057368
2024-08-01 10:58:24,17900.0,500,Sell,228057369
2024-08-01 10:58:29,17950.0,400,Buy,228057613
2024-08-01 10:58:36,17900.0,2000,Sell,228057900
2024-08-01 10:58:52,17950.0,2800,Buy,228058579
2024-08-01 10:58:56,17900.0,2500,Sell,228058706
2024-08-01 10:58:56,17900.0,21400,Sell,228058708
2024-08-01 10:58:56,17900.0,5000,Sell,228058707
2024-08-01 10:58:56,17900.0,300,Sell,228058705
2024-08-01 10:58:56,17900.0,2000,Sell,228058700
2024-08-01 10:58:56,17900.0,500,Sell,228058703
2024-08-01 10:58:56,17900.0,2000,Sell,228058702
2024-08-01 10:58:56,17900.0,100,Sell,228058701
2024-08-01 10:58:56,17900.0,3700,Sell,228058699
2024-08-01 10:58:56,17900.0,2500,Sell,228058704
2024-08-01 10:58:59,17950.0,500,Buy,228058882
2024-08-01 10:59:05,17900.0,2000,Sell,228059149
2024-08-01 10:59:06,17950.0,1000,Buy,228059194
2024-08-01 10:59:06,17950.0,1900,Buy,228059184
2024-08-01 10:59:06,17950.0,2000,Buy,228059183
2024-08-01 10:59:06,17950.0,100,Buy,228059181
2024-08-01 10:59:06,17950.0,1400,Buy,228059182
2024-08-01 10:59:07,17950.0,300,Buy,228059267
2024-08-01 10:59:13,17950.0,100,Buy,228059482
2024-08-01 10:59:13,17950.0,100,Buy,228059479
2024-08-01 10:59:13,17950.0,100,Buy,228059481
2024-08-01 10:59:13,17950.0,400,Buy,228059480
2024-08-01 10:59:13,17950.0,2000,Buy,228059478
2024-08-01 10:59:13,17950.0,30000,Buy,228059472
2024-08-01 10:59:13,17950.0,200,Buy,228059476
2024-08-01 10:59:13,17950.0,5000,Buy,228059477
2024-08-01 10:59:13,17950.0,5000,Buy,228059473
2024-08-01 10:59:13,17950.0,1800,Buy,228059471
2024-08-01 10:59:13,17950.0,8000,Buy,228059474
2024-08-01 10:59:13,17950.0,600,Buy,228059475
2024-08-01 10:59:20,17950.0,1000,Sell,228059770
2024-08-01 10:59:21,17950.0,5000,Sell,228059828
2024-08-01 10:59:23,17950.0,100,Sell,228059921
2024-08-01 10:59:32,17950.0,600,Sell,228060279
2024-08-01 10:59:32,17950.0,100,Sell,228060289
2024-08-01 10:59:32,17950.0,500,Sell,228060290
2024-08-01 10:59:32,17950.0,1800,Sell,228060291
2024-08-01 10:59:32,17950.0,1300,Sell,228060292
2024-08-01 10:59:37,17950.0,200,Sell,228060477
2024-08-01 10:59:43,17950.0,100,Sell,228060709
2024-08-01 10:59:43,17950.0,500,Sell,228060710
2024-08-01 10:59:43,17950.0,1800,Sell,228060707
2024-08-01 10:59:43,17950.0,1800,Sell,228060706
2024-08-01 10:59:43,17950.0,300,Sell,228060705
2024-08-01 10:59:43,17950.0,500,Sell,228060708
2024-08-01 10:59:46,17950.0,1000,Sell,228060817
2024-08-01 10:59:59,17950.0,1500,Sell,228061342
2024-08-01 11:00:01,17950.0,500,Sell,228061387
2024-08-01 11:00:18,17950.0,500,Sell,228061955
2024-08-01 11:00:28,17950.0,6500,Sell,228062382
2024-08-01 11:00:28,17950.0,100,Sell,228062383
2024-08-01 11:00:28,17950.0,1000,Sell,228062384
2024-08-01 11:00:28,17950.0,100,Sell,228062385
2024-08-01 11:00:28,17950.0,5400,Sell,228062386
2024-08-01 11:00:28,17950.0,10000,Sell,228062387
2024-08-01 11:00:28,17950.0,100,Sell,228062388
2024-08-01 11:00:28,17950.0,1000,Sell,228062389
2024-08-01 11:00:35,17950.0,5400,Buy,228062660
2024-08-01 11:00:38,17950.0,300,Buy,228062776
2024-08-01 11:00:40,17950.0,10000,Buy,228062862
2024-08-01 11:00:57,17950.0,100,Buy,228063360
2024-08-01 11:01:10,17950.0,500,Buy,228063765
2024-08-01 11:01:11,17950.0,5400,Buy,228063832
2024-08-01 11:01:12,17950.0,300,Buy,228063839
2024-08-01 11:01:15,17950.0,500,Buy,228063925
2024-08-01 11:01:22,17950.0,6200,Buy,228064162
2024-08-01 11:01:22,17950.0,3300,Buy,228064160
2024-08-01 11:01:22,17950.0,500,Buy,228064161
2024-08-01 11:01:28,17950.0,200,Buy,228064396
2024-08-01 11:01:33,17950.0,100,Buy,228064620
2024-08-01 11:01:36,17950.0,1800,Buy,228064708
2024-08-01 11:01:40,17950.0,1700,Buy,228064844
2024-08-01 11:01:40,17950.0,2000,Buy,228064845
2024-08-01 11:01:40,17950.0,1300,Buy,228064846
2024-08-01 11:01:45,17950.0,100,Buy,228065054
2024-08-01 11:01:50,17950.0,200,Buy,228065159
2024-08-01 11:01:55,17950.0,3300,Buy,228065335
2024-08-01 11:01:55,17950.0,1700,Buy,228065334
2024-08-01 11:01:59,17950.0,100,Buy,228065453
2024-08-01 11:02:02,17900.0,200,Sell,228065528
2024-08-01 11:02:02,17950.0,1000,Buy,228065529
2024-08-01 11:02:05,17950.0,1000,Buy,228065676
2024-08-01 11:02:05,17950.0,600,Buy,228065667
2024-08-01 11:02:05,17950.0,400,Buy,228065668
2024-08-01 11:02:08,17950.0,1800,Buy,228065772
2024-08-01 11:02:11,17950.0,1000,Buy,228065852
2024-08-01 11:02:14,17950.0,800,Buy,228065926
2024-08-01 11:02:14,17950.0,200,Buy,228065927
2024-08-01 11:02:16,17950.0,2000,Buy,228065982
2024-08-01 11:02:16,17950.0,2800,Buy,228065983
2024-08-01 11:02:30,17950.0,300,Sell,228066491
2024-08-01 11:02:33,18000.0,1800,Buy,228066606
2024-08-01 11:02:36,18000.0,1500,Buy,228066717
2024-08-01 11:02:46,17950.0,100,Sell,228067034
2024-08-01 11:02:52,18000.0,1800,Buy,228067247
2024-08-01 11:02:54,17950.0,100,Sell,228067302
2024-08-01 11:03:13,18000.0,1800,Buy,228068067
2024-08-01 11:03:19,18000.0,2000,Buy,228068222
2024-08-01 11:03:22,18000.0,1000,Buy,228068298
2024-08-01 11:03:44,18000.0,1800,Buy,228069096
2024-08-01 11:03:48,18000.0,100,Buy,228069247
2024-08-01 11:04:03,18000.0,1800,Buy,228069594
2024-08-01 11:04:04,17950.0,500,Sell,228069638
2024-08-01 11:04:04,17950.0,100,Sell,228069639
2024-08-01 11:04:23,18000.0,1800,Buy,228070132
2024-08-01 11:04:32,18000.0,500,Buy,228070364
2024-08-01 11:04:46,18000.0,1800,Buy,228070672
2024-08-01 11:05:07,18000.0,1800,Buy,228071183
2024-08-01 11:05:13,18000.0,100,Buy,228071310
2024-08-01 11:05:24,18000.0,100,Buy,228071529
2024-08-01 11:05:38,18000.0,500,Buy,228071810
2024-08-01 11:05:38,17950.0,1000,Sell,228071821
2024-08-01 11:05:39,18000.0,2000,Buy,228071856
2024-08-01 11:05:42,18000.0,1800,Buy,228072084
2024-08-01 11:06:06,17950.0,100,Sell,228072631
2024-08-01 11:06:20,18000.0,400,Buy,228072922
2024-08-01 11:06:40,18000.0,1800,Buy,228073298
2024-08-01 11:06:52,18000.0,300,Buy,228073547
2024-08-01 11:07:01,18000.0,40500,Buy,228073757
2024-08-01 11:07:05,18000.0,1800,Buy,228073837
2024-08-01 11:07:07,18000.0,300,Buy,228073876
2024-08-01 11:07:25,18000.0,100,Buy,228074233
2024-08-01 11:07:42,18000.0,25000,Buy,228074538
2024-08-01 11:07:57,18000.0,1800,Buy,228074873
2024-08-01 11:07:57,18000.0,2000,Buy,228074872
2024-08-01 11:07:57,18000.0,34000,Buy,228074871
2024-08-01 11:07:57,18000.0,1000,Buy,228074870
2024-08-01 11:07:57,18000.0,500,Buy,228074869
2024-08-01 11:07:57,18000.0,500,Buy,228074868
2024-08-01 11:07:57,18000.0,1000,Buy,228074865
2024-08-01 11:07:57,18000.0,10000,Buy,228074866
2024-08-01 11:07:57,18000.0,500,Buy,228074864
2024-08-01 11:07:57,18000.0,1000,Buy,228074863
2024-08-01 11:07:57,18000.0,100,Buy,228074862
2024-08-01 11:07:57,18000.0,67600,Buy,228074861
2024-08-01 11:07:57,18000.0,30000,Buy,228074867
2024-08-01 11:08:16,18000.0,500,Buy,228075187
2024-08-01 11:08:23,18000.0,1600,Buy,228075314
2024-08-01 11:08:23,18000.0,100,Buy,228075313
2024-08-01 11:08:23,18000.0,100,Buy,228075312
2024-08-01 11:08:23,18000.0,2700,Buy,228075310
2024-08-01 11:08:23,18000.0,400,Buy,228075311
2024-08-01 11:08:27,18050.0,500,Buy,228075403
2024-08-01 11:08:27,18050.0,17000,Buy,228075404
2024-08-01 11:08:27,18050.0,5400,Buy,228075405
2024-08-01 11:08:38,18000.0,100,Sell,228075601
2024-08-01 11:08:38,18000.0,200,Sell,228075602
2024-08-01 11:08:38,18000.0,200,Sell,228075603
2024-08-01 11:08:44,18000.0,200,Buy,228075688
2024-08-01 11:08:44,18000.0,1700,Buy,228075684
2024-08-01 11:08:45,18000.0,100,Buy,228075697
2024-08-01 11:08:57,18000.0,500,Buy,228075914
2024-08-01 11:09:05,18000.0,300,Buy,228076098
2024-08-01 11:09:14,18000.0,300,Buy,228076260
2024-08-01 11:09:41,18000.0,1000,Buy,228076745
2024-08-01 11:09:54,18000.0,1000,Buy,228076984
2024-08-01 11:09:54,18000.0,100,Buy,228076977
2024-08-01 11:10:26,18000.0,300,Buy,228077467
2024-08-01 11:10:32,18000.0,5000,Buy,228077554
2024-08-01 11:10:49,18000.0,700,Buy,228077929
2024-08-01 11:11:10,18000.0,1000,Buy,228078384
2024-08-01 11:11:12,18000.0,800,Buy,228078413
2024-08-01 11:11:21,17950.0,1000,Sell,228078572
2024-08-01 11:12:02,18000.0,1800,Buy,228079576
2024-08-01 11:12:03,17950.0,1500,Sell,228079592
2024-08-01 11:12:03,18000.0,100,Buy,228079589
2024-08-01 11:12:20,18000.0,1800,Buy,228080053
2024-08-01 11:12:32,18000.0,100,Buy,228080315
2024-08-01 11:13:00,18000.0,1800,Buy,228080860
2024-08-01 11:13:10,18000.0,400,Buy,228081025
2024-08-01 11:13:26,18000.0,200,Buy,228081312
2024-08-01 11:13:44,18000.0,100,Buy,228081637
2024-08-01 11:13:52,18000.0,1000,Buy,228081786
2024-08-01 11:14:01,18000.0,400,Buy,228081980
2024-08-01 11:14:07,18000.0,1800,Buy,228082100
2024-08-01 11:14:29,17950.0,3700,Sell,228082621
2024-08-01 11:14:29,17950.0,5000,Sell,228082620
2024-08-01 11:14:29,17950.0,100,Sell,228082619
2024-08-01 11:14:29,17950.0,500,Sell,228082618
2024-08-01 11:14:29,17950.0,1000,Sell,228082617
2024-08-01 11:14:29,17950.0,100,Sell,228082616
2024-08-01 11:14:29,17950.0,5000,Sell,228082615
2024-08-01 11:14:29,17950.0,4400,Sell,228082614
2024-08-01 11:14:29,17950.0,5000,Sell,228082613
2024-08-01 11:14:29,17950.0,5000,Sell,228082612
2024-08-01 11:14:29,17950.0,100,Sell,228082611
2024-08-01 11:14:29,17950.0,1100,Sell,228082610
2024-08-01 11:14:29,17950.0,1000,Sell,228082608
2024-08-01 11:14:29,17950.0,5000,Sell,228082609
2024-08-01 11:14:29,17950.0,5000,Sell,228082607
2024-08-01 11:14:29,17950.0,9000,Sell,228082602
2024-08-01 11:14:29,17950.0,900,Sell,228082605
2024-08-01 11:14:29,17950.0,16300,Sell,228082590
2024-08-01 11:14:29,17950.0,1000,Sell,228082606
2024-08-01 11:14:29,17950.0,100000,Sell,228082592
2024-08-01 11:14:29,17950.0,500,Sell,228082593
2024-08-01 11:14:29,17950.0,300,Sell,228082594
2024-08-01 11:14:29,17950.0,5000,Sell,228082595
2024-08-01 11:14:29,17950.0,100,Sell,228082596
2024-08-01 11:14:29,17950.0,100,Sell,228082591
2024-08-01 11:14:29,17950.0,2000,Sell,228082598
2024-08-01 11:14:29,17950.0,100,Sell,228082597
2024-08-01 11:14:29,17950.0,5700,Sell,228082604
2024-08-01 11:14:29,17950.0,5000,Sell,228082603
2024-08-01 11:14:29,17950.0,2000,Sell,228082601
2024-08-01 11:14:29,17950.0,5000,Sell,228082600
2024-08-01 11:14:29,17950.0,5000,Sell,228082599
2024-08-01 11:14:30,18000.0,1000,Buy,228082628
2024-08-01 11:14:36,17950.0,1300,Sell,228082736
2024-08-01 11:14:36,17950.0,300,Sell,228082738
2024-08-01 11:14:36,17950.0,100,Sell,228082739
2024-08-01 11:14:36,17950.0,1000,Sell,228082740
2024-08-01 11:14:36,17950.0,1500,Sell,228082741
2024-08-01 11:14:36,17950.0,5000,Sell,228082737
2024-08-01 11:14:37,18000.0,2000,Buy,228082766
2024-08-01 11:14:40,17950.0,1000,Sell,228082806
2024-08-01 11:14:45,18000.0,1800,Buy,228082920
2024-08-01 11:14:48,18000.0,500,Buy,228083000
2024-08-01 11:15:04,17950.0,5000,Sell,228083226
2024-08-01 11:15:35,17950.0,1600,Sell,228083900
2024-08-01 11:16:03,17950.0,300,Sell,228084514
2024-08-01 11:16:16,17950.0,200,Sell,228084794
2024-08-01 11:16:16,17950.0,34200,Sell,228084795
2024-08-01 11:16:16,17950.0,600,Sell,228084793
2024-08-01 11:16:21,17950.0,2000,Sell,228084874
2024-08-01 11:16:30,17950.0,3800,Sell,228085008
2024-08-01 11:16:30,17950.0,1000,Sell,228085009
2024-08-01 11:16:30,17950.0,100,Sell,228085010
2024-08-01 11:16:30,17950.0,100,Sell,228085011
2024-08-01 11:16:30,17950.0,500,Sell,228085012
2024-08-01 11:16:30,17950.0,4500,Sell,228085013
2024-08-01 11:16:36,17950.0,500,Sell,228085115
2024-08-01 11:16:40,17950.0,2000,Sell,228085180
2024-08-01 11:16:43,17950.0,5000,Sell,228085232
2024-08-01 11:17:34,17950.0,100,Sell,228086391
2024-08-01 11:17:45,17950.0,1000,Sell,228086574
2024-08-01 11:17:50,17950.0,100,Sell,228086680
2024-08-01 11:17:51,18000.0,100,Buy,228086701
2024-08-01 11:18:01,18000.0,100,Buy,228086859
2024-08-01 11:18:42,18000.0,3500,Buy,228087664
2024-08-01 11:18:42,18000.0,1000,Buy,228087665
2024-08-01 11:18:42,18000.0,900,Buy,228087666
2024-08-01 11:19:25,17950.0,32400,Sell,228088635
2024-08-01 11:19:25,17950.0,5000,Sell,228088634
2024-08-01 11:19:25,17950.0,2700,Sell,228088633
2024-08-01 11:19:25,17950.0,100,Sell,228088632
2024-08-01 11:19:25,17950.0,3000,Sell,228088631
2024-08-01 11:19:25,17950.0,100,Sell,228088630
2024-08-01 11:19:25,17950.0,500,Sell,228088627
2024-08-01 11:19:25,17950.0,500,Sell,228088629
2024-08-01 11:19:25,17950.0,400,Sell,228088625
2024-08-01 11:19:25,17950.0,100,Sell,228088626
2024-08-01 11:19:25,17950.0,1800,Sell,228088618
2024-08-01 11:19:25,17950.0,500,Sell,228088619
2024-08-01 11:19:25,17950.0,200,Sell,228088620
2024-08-01 11:19:25,17950.0,100,Sell,228088628
2024-08-01 11:19:25,17950.0,500,Sell,228088622
2024-08-01 11:19:25,17950.0,100,Sell,228088623
2024-08-01 11:19:25,17950.0,1000,Sell,228088624
2024-08-01 11:19:25,17950.0,1000,Sell,228088621
2024-08-01 11:19:34,17950.0,2000,Sell,228088878
2024-08-01 11:19:34,17950.0,1800,Sell,228088877
2024-08-01 11:19:34,17950.0,10000,Sell,228088875
2024-08-01 11:19:34,17950.0,500,Sell,228088874
2024-08-01 11:19:34,17950.0,10000,Sell,228088876
2024-08-01 11:19:34,17950.0,1000,Sell,228088872
2024-08-01 11:19:34,17950.0,500,Sell,228088871
2024-08-01 11:19:34,17950.0,6400,Sell,228088873
2024-08-01 11:19:34,17950.0,800,Sell,228088870
2024-08-01 11:19:34,17950.0,1800,Sell,228088869
2024-08-01 11:19:34,17950.0,37600,Sell,228088868
2024-08-01 11:19:46,17950.0,200,Buy,228089182
2024-08-01 11:20:17,17950.0,100,Buy,228089788
2024-08-01 11:20:38,17950.0,5400,Buy,228090252
2024-08-01 11:20:53,17950.0,17900,Buy,228090639
2024-08-01 11:20:53,17950.0,1000,Buy,228090641
2024-08-01 11:20:53,17950.0,10000,Buy,228090642
2024-08-01 11:20:53,17950.0,1000,Buy,228090643
2024-08-01 11:20:53,17950.0,6000,Buy,228090644
2024-08-01 11:20:53,17950.0,1800,Buy,228090645
2024-08-01 11:20:53,17950.0,1800,Buy,228090646
2024-08-01 11:20:53,17950.0,500,Buy,228090640
2024-08-01 11:20:57,17950.0,500,Buy,228090721
2024-08-01 11:21:27,17950.0,900,Buy,228091415
2024-08-01 11:21:27,17950.0,700,Buy,228091414
2024-08-01 11:21:41,17950.0,4000,Buy,228091700
2024-08-01 11:21:55,17950.0,200,Buy,228091950
2024-08-01 11:21:55,17950.0,100,Buy,228091949
2024-08-01 11:22:01,17950.0,200,Buy,228092123
2024-08-01 11:22:01,17950.0,1800,Buy,228092122
2024-08-01 11:22:31,17950.0,11000,Buy,228092980
2024-08-01 11:22:31,17950.0,200,Buy,228092987
2024-08-01 11:22:31,17950.0,5000,Buy,228092988
2024-08-01 11:22:57,18000.0,3800,Buy,228093594
2024-08-01 11:23:03,17950.0,1800,Sell,228093834
2024-08-01 11:23:03,17950.0,100,Sell,228093836
2024-08-01 11:23:03,17950.0,1800,Sell,228093832
2024-08-01 11:23:03,17950.0,200,Sell,228093831
2024-08-01 11:23:03,17950.0,100,Sell,228093833
2024-08-01 11:23:03,17950.0,1800,Sell,228093835
2024-08-01 11:23:07,17950.0,2900,Buy,228094033
2024-08-01 11:23:07,17950.0,200,Buy,228094048
2024-08-01 11:23:08,17950.0,2900,Buy,228094057
2024-08-01 11:23:23,17950.0,4200,Buy,228094531
2024-08-01 11:23:26,17950.0,1000,Buy,228094615
2024-08-01 11:23:34,17950.0,2900,Buy,228094815
2024-08-01 11:23:34,17950.0,200,Buy,228094823
2024-08-01 11:23:34,17950.0,2700,Buy,228094824
2024-08-01 11:23:43,17950.0,1800,Buy,228095171
2024-08-01 11:23:53,17900.0,400,Sell,228095512
2024-08-01 11:23:53,17900.0,1600,Sell,228095513
2024-08-01 11:24:45,17950.0,1000,Buy,228096646
2024-08-01 11:24:52,17950.0,5500,Buy,228096811
2024-08-01 11:24:52,17950.0,500,Buy,228096812
2024-08-01 11:24:57,17950.0,100,Buy,228096899
2024-08-01 11:25:05,17950.0,900,Buy,228097106
2024-08-01 11:25:05,17950.0,100,Buy,228097107
2024-08-01 11:25:06,17950.0,200,Buy,228097185
2024-08-01 11:25:08,17950.0,700,Buy,228097210
2024-08-01 11:25:08,17950.0,300,Buy,228097211
2024-08-01 11:25:21,17950.0,1000,Buy,228097482
2024-08-01 11:25:22,17950.0,1200,Buy,228097536
2024-08-01 11:25:22,17950.0,1200,Buy,228097534
2024-08-01 11:25:22,17950.0,100,Buy,228097535
2024-08-01 11:25:24,17950.0,1000,Sell,228097564
2024-08-01 11:25:31,17950.0,1000,Sell,228097680
2024-08-01 11:25:57,17950.0,500,Sell,228098231
2024-08-01 11:25:57,17950.0,500,Sell,228098232
2024-08-01 11:26:40,17950.0,100,Sell,228099147
2024-08-01 11:27:48,18000.0,1000,Buy,228100605
2024-08-01 11:27:49,17950.0,500,Sell,228100627
2024-08-01 11:27:57,17950.0,300,Sell,228100819
2024-08-01 11:27:57,17950.0,1000,Sell,228100818
2024-08-01 11:27:57,17950.0,700,Sell,228100817
2024-08-01 11:28:03,17950.0,600,Sell,228100919
2024-08-01 11:28:12,17950.0,100,Sell,228101118
2024-08-01 11:28:37,18000.0,5300,Buy,228101690
2024-08-01 11:28:43,18000.0,1800,Buy,228101779
2024-08-01 11:28:58,17900.0,100,Sell,228102207
2024-08-01 11:28:58,17900.0,100,Sell,228102208
2024-08-01 11:28:58,17900.0,5000,Sell,228102213
2024-08-01 11:28:58,17900.0,1000,Sell,228102214
2024-08-01 11:28:58,17900.0,200,Sell,228102215
2024-08-01 11:28:58,17900.0,300,Sell,228102216
2024-08-01 11:28:58,17900.0,100,Sell,228102217
2024-08-01 11:28:58,17900.0,5000,Sell,228102219
2024-08-01 11:28:58,17900.0,300,Sell,228102206
2024-08-01 11:28:58,17900.0,300,Sell,228102220
2024-08-01 11:28:58,17900.0,1000,Sell,228102221
2024-08-01 11:28:58,17900.0,1000,Sell,228102222
2024-08-01 11:28:58,17900.0,3500,Sell,228102223
2024-08-01 11:28:58,17900.0,100,Sell,228102224
2024-08-01 11:28:58,17900.0,2000,Sell,228102225
2024-08-01 11:28:58,17900.0,100,Sell,228102226
2024-08-01 11:28:58,17900.0,100,Sell,228102218
2024-08-01 11:28:58,17900.0,2500,Sell,228102205
2024-08-01 11:28:58,17900.0,300,Sell,228102202
2024-08-01 11:28:58,17900.0,100,Sell,228102203
2024-08-01 11:28:58,17900.0,5400,Sell,228102185
2024-08-01 11:28:58,17900.0,5400,Sell,228102186
2024-08-01 11:28:58,17900.0,2800,Sell,228102187
2024-08-01 11:28:58,17900.0,100,Sell,228102188
2024-08-01 11:28:58,17900.0,100,Sell,228102189
2024-08-01 11:28:58,17900.0,100,Sell,228102190
2024-08-01 11:28:58,17900.0,1800,Sell,228102191
2024-08-01 11:28:58,17900.0,500,Sell,228102192
2024-08-01 11:28:58,17900.0,10000,Sell,228102193
2024-08-01 11:28:58,17900.0,10000,Sell,228102194
2024-08-01 11:28:58,17900.0,5400,Sell,228102195
2024-08-01 11:28:58,17900.0,100,Sell,228102196
2024-08-01 11:28:58,17900.0,2000,Sell,228102197
2024-08-01 11:28:58,17900.0,300,Sell,228102199
2024-08-01 11:28:58,17900.0,200,Sell,228102200
2024-08-01 11:28:58,17900.0,100,Sell,228102201
2024-08-01 11:28:58,17900.0,5000,Sell,228102227
2024-08-01 11:28:58,17900.0,2500,Sell,228102204
2024-08-01 11:28:58,17900.0,100,Sell,228102228
2024-08-01 11:28:58,17900.0,100,Sell,228102254
2024-08-01 11:28:58,17900.0,5000,Sell,228102230
2024-08-01 11:28:58,17900.0,500,Sell,228102252
2024-08-01 11:28:58,17900.0,300,Sell,228102253
2024-08-01 11:28:58,17900.0,200,Sell,228102255
2024-08-01 11:28:58,17900.0,100,Sell,228102256
2024-08-01 11:28:58,17900.0,5000,Sell,228102257
2024-08-01 11:28:58,17900.0,500,Sell,228102258
2024-08-01 11:28:58,17900.0,200,Sell,228102259
2024-08-01 11:28:58,17900.0,200,Sell,228102251
2024-08-01 11:28:58,17900.0,100,Sell,228102260
2024-08-01 11:28:58,17900.0,500,Sell,228102262
2024-08-01 11:28:58,17900.0,600,Sell,228102263
2024-08-01 11:28:58,17900.0,200,Sell,228102264
2024-08-01 11:28:58,17900.0,10000,Sell,228102265
2024-08-01 11:28:58,17900.0,100,Sell,228102266
2024-08-01 11:28:58,17900.0,900,Sell,228102267
2024-08-01 11:28:58,17900.0,200,Sell,228102184
2024-08-01 11:28:58,17900.0,200,Sell,228102261
2024-08-01 11:28:58,17900.0,100,Sell,228102250
2024-08-01 11:28:58,17900.0,500,Sell,228102249
2024-08-01 11:28:58,17900.0,5000,Sell,228102248
2024-08-01 11:28:58,17900.0,200,Sell,228102231
2024-08-01 11:28:58,17900.0,100,Sell,228102232
2024-08-01 11:28:58,17900.0,600,Sell,228102233
2024-08-01 11:28:58,17900.0,300,Sell,228102234
2024-08-01 11:28:58,17900.0,20000,Sell,228102235
2024-08-01 11:28:58,17900.0,1000,Sell,228102236
2024-08-01 11:28:58,17900.0,400,Sell,228102237
2024-08-01 11:28:58,17900.0,500,Sell,228102238
2024-08-01 11:28:58,17900.0,100,Sell,228102239
2024-08-01 11:28:58,17900.0,200,Sell,228102240
2024-08-01 11:28:58,17900.0,1000,Sell,228102241
2024-08-01 11:28:58,17900.0,1000,Sell,228102242
2024-08-01 11:28:58,17900.0,500,Sell,228102243
2024-08-01 11:28:58,17900.0,1800,Sell,228102244
2024-08-01 11:28:58,17900.0,200,Sell,228102245
2024-08-01 11:28:58,17900.0,3000,Sell,228102246
2024-08-01 11:28:58,17900.0,1000,Sell,228102247
2024-08-01 11:28:58,17900.0,3000,Sell,228102229
2024-08-01 11:28:58,17900.0,5000,Sell,228102183
2024-08-01 11:28:58,17950.0,1000,Sell,228102107
2024-08-01 11:28:58,17900.0,500,Sell,228102181
2024-08-01 11:28:58,17900.0,300,Sell,228102182
2024-08-01 11:28:58,17900.0,10000,Sell,228102124
2024-08-01 11:28:58,17900.0,200,Sell,228102125
2024-08-01 11:28:58,17900.0,100,Sell,228102126
2024-08-01 11:28:58,17900.0,100,Sell,228102127
2024-08-01 11:28:58,17900.0,3000,Sell,228102128
2024-08-01 11:28:58,17900.0,1000,Sell,228102129
2024-08-01 11:28:58,17900.0,100,Sell,228102122
2024-08-01 11:28:58,17900.0,800,Sell,228102130
2024-08-01 11:28:58,17900.0,100,Sell,228102132
2024-08-01 11:28:58,17900.0,500,Sell,228102133
2024-08-01 11:28:58,17900.0,400,Sell,228102134
2024-08-01 11:28:58,17900.0,100,Sell,228102135
2024-08-01 11:28:58,17900.0,300,Sell,228102136
2024-08-01 11:28:58,17900.0,100,Sell,228102137
2024-08-01 11:28:58,17900.0,300,Sell,228102138
2024-08-01 11:28:58,17900.0,100,Sell,228102131
2024-08-01 11:28:58,17900.0,2400,Sell,228102121
2024-08-01 11:28:58,17950.0,1000,Sell,228102120
2024-08-01 11:28:58,17950.0,100,Sell,228102119
2024-08-01 11:28:58,17950.0,800,Sell,228102101
2024-08-01 11:28:58,17950.0,100,Sell,228102102
2024-08-01 11:28:58,17950.0,8300,Sell,228102103
2024-08-01 11:28:58,17950.0,1000,Sell,228102104
2024-08-01 11:28:58,17950.0,5000,Sell,228102105
2024-08-01 11:28:58,17950.0,2500,Sell,228102106
2024-08-01 11:28:58,17950.0,100,Sell,228102108
2024-08-01 11:28:58,17950.0,2600,Sell,228102109
2024-08-01 11:28:58,17950.0,700,Sell,228102110
2024-08-01 11:28:58,17950.0,2900,Sell,228102111
2024-08-01 11:28:58,17950.0,500,Sell,228102112
2024-08-01 11:28:58,17950.0,5000,Sell,228102113
2024-08-01 11:28:58,17950.0,300,Sell,228102114
2024-08-01 11:28:58,17950.0,100,Sell,228102115
2024-08-01 11:28:58,17950.0,5000,Sell,228102116
2024-08-01 11:28:58,17950.0,2000,Sell,228102117
2024-08-01 11:28:58,17950.0,5000,Sell,228102118
2024-08-01 11:28:58,17900.0,5000,Sell,228102139
2024-08-01 11:28:58,17900.0,100,Sell,228102140
2024-08-01 11:28:58,17900.0,100,Sell,228102123
2024-08-01 11:28:58,17900.0,100,Sell,228102142
2024-08-01 11:28:58,17900.0,8000,Sell,228102164
2024-08-01 11:28:58,17900.0,1000,Sell,228102165
2024-08-01 11:28:58,17900.0,300,Sell,228102166
2024-08-01 11:28:58,17900.0,200,Sell,228102167
2024-08-01 11:28:58,17900.0,200,Sell,228102168
2024-08-01 11:28:58,17900.0,2500,Sell,228102169
2024-08-01 11:28:58,17900.0,100,Sell,228102170
2024-08-01 11:28:58,17900.0,500,Sell,228102171
2024-08-01 11:28:58,17900.0,1000,Sell,228102172
2024-08-01 11:28:58,17900.0,500,Sell,228102173
2024-08-01 11:28:58,17900.0,1500,Sell,228102174
2024-08-01 11:28:58,17900.0,100,Sell,228102175
2024-08-01 11:28:58,17900.0,200,Sell,228102176
2024-08-01 11:28:58,17900.0,100,Sell,228102177
2024-08-01 11:28:58,17900.0,100,Sell,228102178
2024-08-01 11:28:58,17900.0,1000,Sell,228102141
2024-08-01 11:28:58,17900.0,2800,Sell,228102180
2024-08-01 11:28:58,17900.0,200,Sell,228102163
2024-08-01 11:28:58,17900.0,500,Sell,228102162
2024-08-01 11:28:58,17900.0,300,Sell,228102179
2024-08-01 11:28:58,17900.0,100,Sell,228102160
2024-08-01 11:28:58,17900.0,100,Sell,228102144
2024-08-01 11:28:58,17900.0,1000,Sell,228102145
2024-08-01 11:28:58,17900.0,500,Sell,228102146
2024-08-01 11:28:58,17900.0,1600,Sell,228102147
2024-08-01 11:28:58,17900.0,10000,Sell,228102143
2024-08-01 11:28:58,17900.0,100,Sell,228102149
2024-08-01 11:28:58,17900.0,100,Sell,228102150
2024-08-01 11:28:58,17900.0,300,Sell,228102151
2024-08-01 11:28:58,17900.0,5000,Sell,228102148
2024-08-01 11:28:58,17900.0,1000,Sell,228102153
2024-08-01 11:28:58,17900.0,200,Sell,228102152
2024-08-01 11:28:58,17900.0,100,Sell,228102159
2024-08-01 11:28:58,17900.0,200,Sell,228102158
2024-08-01 11:28:58,17900.0,30000,Sell,228102157
2024-08-01 11:28:58,17900.0,100,Sell,228102161
2024-08-01 11:28:58,17900.0,2000,Sell,228102155
2024-08-01 11:28:58,17900.0,1000,Sell,228102154
2024-08-01 11:28:58,17900.0,100,Sell,228102156
2024-08-01 11:29:05,17900.0,100,Buy,228102401
2024-08-01 11:29:06,17900.0,300,Buy,228102418
2024-08-01 11:29:10,17900.0,100,Buy,228102527
2024-08-01 11:29:23,17900.0,5000,Buy,228102875
2024-08-01 11:29:26,17900.0,100,Buy,228102924
2024-08-01 11:29:27,17900.0,300,Buy,228102947
2024-08-01 11:29:29,17900.0,5000,Buy,228103041
2024-08-01 11:29:29,17900.0,4400,Buy,228103040
2024-08-01 12:59:42,17900.0,1000,Sell,228105150
2024-08-01 12:59:42,17900.0,100,Sell,228105149
2024-08-01 12:59:43,17900.0,1800,Sell,228105428
2024-08-01 12:59:43,17900.0,3700,Sell,228105430
2024-08-01 12:59:43,17900.0,1300,Sell,228105431
2024-08-01 12:59:43,17900.0,100,Sell,228105432
2024-08-01 12:59:44,17900.0,700,Sell,228105958
2024-08-01 12:59:44,17900.0,100,Sell,228105956
2024-08-01 12:59:44,17900.0,400,Sell,228105955
2024-08-01 12:59:44,17900.0,100,Sell,228105954
2024-08-01 12:59:44,17900.0,100,Sell,228105953
2024-08-01 12:59:44,17900.0,800,Sell,228105951
2024-08-01 12:59:44,17900.0,100,Sell,228105952
2024-08-01 12:59:44,17900.0,200,Sell,228105949
2024-08-01 12:59:44,17900.0,200,Sell,228105948
2024-08-01 12:59:44,17900.0,100,Sell,228105947
2024-08-01 12:59:44,17900.0,200,Sell,228105946
2024-08-01 12:59:44,17900.0,100,Sell,228105945
2024-08-01 12:59:44,17900.0,3200,Sell,228105944
2024-08-01 12:59:44,17900.0,400,Sell,228105931
2024-08-01 12:59:44,17900.0,500,Sell,228105950
2024-08-01 12:59:45,17900.0,400,Sell,228106511
2024-08-01 12:59:45,17900.0,1800,Sell,228106512
2024-08-01 12:59:45,17900.0,10000,Sell,228106513
2024-08-01 12:59:45,17900.0,500,Sell,228106514
2024-08-01 12:59:45,17900.0,100,Sell,228106515
2024-08-01 12:59:45,17900.0,2000,Buy,228106517
2024-08-01 12:59:46,17900.0,100,Buy,228106893
2024-08-01 12:59:46,17900.0,500,Buy,228106892
2024-08-01 12:59:46,17900.0,500,Buy,228106874
2024-08-01 12:59:46,17900.0,2000,Buy,228106890
2024-08-01 12:59:46,17900.0,200,Buy,228106891
2024-08-01 12:59:46,17850.0,100,Sell,228106889
2024-08-01 12:59:47,17900.0,300,Buy,228107097
2024-08-01 12:59:47,17900.0,100,Buy,228107092
2024-08-01 12:59:47,17900.0,1000,Buy,228107093
2024-08-01 12:59:48,17900.0,1000,Buy,228107410
2024-08-01 12:59:48,17900.0,3000,Buy,228107411
2024-08-01 12:59:48,17900.0,5000,Buy,228107412
2024-08-01 12:59:48,17900.0,1000,Buy,228107413
2024-08-01 12:59:49,17900.0,100,Buy,228107631
2024-08-01 12:59:49,17900.0,200,Buy,228107634
2024-08-01 12:59:49,17900.0,2000,Buy,228107637
2024-08-01 12:59:50,17900.0,100,Buy,228108353
2024-08-01 12:59:52,17900.0,300,Buy,228108762
2024-08-01 12:59:52,17900.0,5000,Buy,228108805
2024-08-01 12:59:54,17900.0,100,Buy,228109141
2024-08-01 12:59:58,17850.0,400,Sell,228109897
2024-08-01 12:59:58,17850.0,100,Sell,228109898
2024-08-01 12:59:58,17850.0,500,Sell,228109899
2024-08-01 12:59:59,17900.0,100,Buy,228109936
2024-08-01 12:59:59,17900.0,4600,Buy,228109935
2024-08-01 12:59:59,17900.0,2000,Sell,228110039
2024-08-01 12:59:59,17900.0,100,Buy,228109933
2024-08-01 12:59:59,17900.0,500,Buy,228109932
2024-08-01 12:59:59,17900.0,4900,Buy,228109934
2024-08-01 12:59:59,17900.0,3100,Buy,228109931
2024-08-01 13:00:00,17900.0,15000,Sell,228110120
2024-08-01 13:00:01,17900.0,300,Sell,228110212
2024-08-01 13:00:02,17900.0,1000,Sell,228110330
2024-08-01 13:00:02,17900.0,1800,Sell,228110406
2024-08-01 13:00:07,17900.0,2000,Sell,228111001
2024-08-01 13:00:09,17900.0,4000,Sell,228111173
2024-08-01 13:00:11,17950.0,1100,Buy,228111502
2024-08-01 13:00:18,17900.0,300,Sell,228111993
2024-08-01 13:00:18,17900.0,600,Sell,228111991
2024-08-01 13:00:18,17900.0,100,Sell,228111992
2024-08-01 13:00:26,17900.0,600,Sell,228112537
2024-08-01 13:00:26,17900.0,100,Sell,228112538
2024-08-01 13:00:26,17900.0,500,Sell,228112540
2024-08-01 13:00:26,17900.0,1800,Sell,228112541
2024-08-01 13:00:26,17900.0,2000,Sell,228112539
2024-08-01 13:00:29,17950.0,3900,Buy,228112760
2024-08-01 13:00:29,17950.0,200,Buy,228112761
2024-08-01 13:00:34,17950.0,800,Buy,228113172
2024-08-01 13:00:34,17950.0,2000,Buy,228113173
2024-08-01 13:00:42,17950.0,2500,Buy,228113639
2024-08-01 13:00:42,17950.0,800,Buy,228113640
2024-08-01 13:00:56,17950.0,600,Buy,228114397
2024-08-01 13:00:56,17950.0,100,Buy,228114396
2024-08-01 13:00:56,17950.0,500,Buy,228114394
2024-08-01 13:00:56,17950.0,1000,Buy,228114395
2024-08-01 13:00:56,17950.0,1700,Buy,228114393
2024-08-01 13:01:13,17900.0,700,Sell,228115151
2024-08-01 13:01:13,17900.0,200,Sell,228115149
2024-08-01 13:01:13,17900.0,100,Sell,228115150
2024-08-01 13:01:19,17950.0,300,Buy,228115478
2024-08-01 13:01:22,17950.0,100,Buy,228115672
2024-08-01 13:01:22,17950.0,1000,Buy,228115673
2024-08-01 13:01:22,17950.0,900,Buy,228115674
2024-08-01 13:01:28,17900.0,1000,Sell,228115995
2024-08-01 13:01:34,17950.0,3700,Buy,228116415
2024-08-01 13:01:48,17950.0,300,Buy,228117363
2024-08-01 13:02:02,17950.0,3600,Buy,228118113
2024-08-01 13:02:06,17950.0,200,Buy,228118331
2024-08-01 13:02:07,17950.0,300,Buy,228118372
2024-08-01 13:02:07,17950.0,2500,Buy,228118373
2024-08-01 13:02:07,17900.0,1000,Sell,228118364
2024-08-01 13:02:08,17900.0,700,Sell,228118432
2024-08-01 13:02:15,17900.0,1600,Sell,228118785
2024-08-01 13:02:15,17900.0,1200,Sell,228118786
2024-08-01 13:02:15,17900.0,300,Sell,228118787
2024-08-01 13:02:15,17900.0,500,Sell,228118788
2024-08-01 13:02:15,17900.0,1100,Sell,228118789
2024-08-01 13:02:15,17900.0,300,Sell,228118790
2024-08-01 13:02:19,17900.0,500,Sell,228118917
2024-08-01 13:02:20,17900.0,500,Sell,228119126
2024-08-01 13:02:20,17900.0,1200,Sell,228119125
2024-08-01 13:02:37,17900.0,500,Buy,228119967
2024-08-01 13:02:37,17900.0,200,Buy,228119918
2024-08-01 13:02:39,17900.0,100,Buy,228120072
2024-08-01 13:02:39,17900.0,600,Buy,228120077
2024-08-01 13:02:42,17900.0,2500,Buy,228120292
2024-08-01 13:02:42,17900.0,500,Buy,228120293
2024-08-01 13:02:42,17900.0,500,Buy,228120294
2024-08-01 13:02:42,17900.0,300,Buy,228120295
2024-08-01 13:02:46,17900.0,700,Buy,228120578
2024-08-01 13:02:46,17900.0,1100,Buy,228120579
2024-08-01 13:02:55,17900.0,100,Buy,228121164
2024-08-01 13:02:55,17900.0,300,Buy,228120866
2024-08-01 13:02:55,17900.0,200,Buy,228120867
2024-08-01 13:02:55,17900.0,600,Buy,228120865
2024-08-01 13:02:59,17900.0,1800,Buy,228121463
2024-08-01 13:03:04,17900.0,500,Buy,228121702
2024-08-01 13:03:11,17900.0,1900,Buy,228122060
2024-08-01 13:03:11,17900.0,100,Buy,228122061
2024-08-01 13:03:11,17900.0,1000,Buy,228122062
2024-08-01 13:03:11,17900.0,8000,Buy,228122063
2024-08-01 13:03:13,17900.0,500,Sell,228122130
2024-08-01 13:03:18,17900.0,1000,Sell,228122348
2024-08-01 13:03:28,17900.0,3800,Sell,228122866
2024-08-01 13:03:30,17900.0,1500,Sell,228122932
2024-08-01 13:03:47,17900.0,2800,Sell,228123818
2024-08-01 13:03:47,17900.0,2200,Sell,228123817
2024-08-01 13:03:51,17900.0,200,Sell,228124015
2024-08-01 13:03:52,17900.0,100,Sell,228124042
2024-08-01 13:04:02,17900.0,5200,Sell,228124495
2024-08-01 13:04:02,17900.0,200,Sell,228124496
2024-08-01 13:04:02,17900.0,1800,Sell,228124497
2024-08-01 13:04:02,17900.0,2800,Sell,228124498
2024-08-01 13:04:03,17900.0,5400,Sell,228124511
2024-08-01 13:04:03,17900.0,600,Sell,228124512
2024-08-01 13:04:03,17900.0,1000,Sell,228124509
2024-08-01 13:04:03,17900.0,3000,Sell,228124510
2024-08-01 13:04:10,17900.0,1600,Sell,228124919
2024-08-01 13:04:10,17900.0,400,Sell,228124918
2024-08-01 13:04:14,17900.0,200,Sell,228125153
2024-08-01 13:04:14,17900.0,600,Sell,228125154
2024-08-01 13:04:19,17900.0,1000,Sell,228125369
2024-08-01 13:04:20,17900.0,400,Sell,228125454
2024-08-01 13:04:20,17900.0,5400,Sell,228125455
2024-08-01 13:04:21,17900.0,1800,Buy,228125506
2024-08-01 13:04:22,17900.0,200,Buy,228125517
2024-08-01 13:04:26,17900.0,200,Buy,228126010
2024-08-01 13:04:27,17900.0,600,Buy,228126044
2024-08-01 13:04:29,17900.0,200,Buy,228126127
2024-08-01 13:04:36,17900.0,5000,Buy,228126598
2024-08-01 13:04:36,17900.0,1200,Buy,228126595
2024-08-01 13:04:36,17900.0,100,Buy,228126596
2024-08-01 13:04:36,17900.0,1000,Buy,228126597
2024-08-01 13:04:39,17900.0,2700,Sell,228126712
2024-08-01 13:04:39,17900.0,2300,Sell,228126713
2024-08-01 13:04:57,17900.0,3100,Sell,228127633
2024-08-01 13:04:57,17900.0,1800,Sell,228127634
2024-08-01 13:04:57,17900.0,1100,Sell,228127635
2024-08-01 13:05:01,17950.0,3700,Buy,228127834
2024-08-01 13:05:13,17950.0,1800,Buy,228128459
2024-08-01 13:05:15,17950.0,800,Buy,228128582
2024-08-01 13:05:15,17950.0,1000,Buy,228128581
2024-08-01 13:05:15,17950.0,2000,Buy,228128580
2024-08-01 13:05:16,17900.0,500,Sell,228128654
2024-08-01 13:05:21,17900.0,100,Sell,228128972
2024-08-01 13:05:22,17950.0,1000,Buy,228128979
2024-08-01 13:05:22,17950.0,100,Buy,228129001
2024-08-01 13:05:23,17900.0,3700,Sell,228129025
2024-08-01 13:05:23,17900.0,300,Sell,228129026
2024-08-01 13:05:24,17950.0,2900,Buy,228129138
2024-08-01 13:05:24,17950.0,100,Buy,228129137
2024-08-01 13:05:24,17950.0,300,Buy,228129136
2024-08-01 13:05:24,17950.0,500,Buy,228129134
2024-08-01 13:05:24,17950.0,500,Buy,228129135
2024-08-01 13:05:24,17950.0,1100,Buy,228129133
2024-08-01 13:05:37,17950.0,1800,Buy,228129887
2024-08-01 13:05:42,17950.0,1000,Buy,228130102
2024-08-01 13:05:42,17950.0,1000,Buy,228130099
