time,price,volume,match_type,id
2024-08-27 09:14:39,17800.0,109800,ATO/ATC,234885284
2024-08-27 09:15:00,17850.0,200,Buy,234885829
2024-08-27 09:15:21,17850.0,100,Buy,234886084
2024-08-27 09:15:34,17850.0,400,Buy,234886322
2024-08-27 09:15:34,17850.0,100,Buy,234886323
2024-08-27 09:15:49,17850.0,3000,Sell,234886616
2024-08-27 09:15:57,17850.0,2500,Sell,234886760
2024-08-27 09:15:57,17850.0,1500,Sell,234886759
2024-08-27 09:15:59,17850.0,1000,Sell,234886800
2024-08-27 09:16:31,17850.0,3000,Sell,234887392
2024-08-27 09:16:32,17900.0,600,Buy,234887420
2024-08-27 09:16:54,17900.0,200,Buy,234887920
2024-08-27 09:17:16,17850.0,10000,Sell,234888351
2024-08-27 09:17:18,17850.0,1300,Sell,234888376
2024-08-27 09:17:24,17850.0,400,Sell,234888497
2024-08-27 09:17:25,17850.0,1800,Sell,234888516
2024-08-27 09:17:25,17850.0,100,Sell,234888517
2024-08-27 09:17:25,17850.0,2500,Sell,234888518
2024-08-27 09:17:25,17850.0,600,Sell,234888519
2024-08-27 09:17:26,17850.0,400,Sell,234888541
2024-08-27 09:17:42,17800.0,500,Sell,234888901
2024-08-27 09:17:44,17850.0,300,Buy,234888944
2024-08-27 09:17:49,17850.0,1000,Buy,234889053
2024-08-27 09:18:00,17850.0,5700,Buy,234889286
2024-08-27 09:18:21,17850.0,3100,Buy,234889795
2024-08-27 09:18:21,17850.0,2600,Buy,234889794
2024-08-27 09:18:22,17850.0,200,Buy,234889838
2024-08-27 09:18:56,17850.0,1700,Buy,234890510
2024-08-27 09:18:56,17850.0,2000,Buy,234890511
2024-08-27 09:18:56,17850.0,100,Buy,234890512
2024-08-27 09:18:56,17850.0,100,Buy,234890513
2024-08-27 09:18:56,17850.0,1000,Buy,234890514
2024-08-27 09:18:56,17850.0,800,Buy,234890515
2024-08-27 09:19:03,17850.0,100,Buy,234890658
2024-08-27 09:19:20,17850.0,1400,Buy,234891054
2024-08-27 09:19:20,17850.0,4800,Buy,234891055
2024-08-27 09:19:20,17850.0,1300,Buy,234891072
2024-08-27 09:19:32,17850.0,7900,Buy,234891363
2024-08-27 09:19:32,17850.0,3100,Buy,234891364
2024-08-27 09:19:43,17850.0,500,Buy,234891616
2024-08-27 09:19:56,17850.0,200,Buy,234891868
2024-08-27 09:20:17,17800.0,500,Sell,234892358
2024-08-27 09:20:43,17850.0,1000,Buy,234892899
2024-08-27 09:20:44,17850.0,200,Buy,234892914
2024-08-27 09:21:02,17800.0,100,Sell,234893326
2024-08-27 09:21:08,17850.0,300,Buy,234893436
2024-08-27 09:24:28,17850.0,2000,Buy,234898442
2024-08-27 09:24:34,17850.0,500,Buy,234898542
2024-08-27 09:24:42,17850.0,100,Buy,234898708
2024-08-27 09:25:19,17850.0,1400,Buy,234899525
2024-08-27 09:25:19,17850.0,200,Buy,234899526
2024-08-27 09:25:19,17850.0,1400,Buy,234899527
2024-08-27 09:25:25,17850.0,5100,Buy,234899661
2024-08-27 09:25:25,17850.0,500,Buy,234899662
2024-08-27 09:25:25,17850.0,100,Buy,234899663
2024-08-27 09:25:30,17850.0,100,Buy,234899779
2024-08-27 09:25:40,17850.0,1300,Buy,234899962
2024-08-27 09:26:01,17800.0,4000,Sell,234900384
2024-08-27 09:26:05,17800.0,8500,Sell,234900477
2024-08-27 09:26:16,17800.0,3400,Sell,234900779
2024-08-27 09:26:25,17800.0,4700,Sell,234901042
2024-08-27 09:26:40,17850.0,1000,Buy,234901324
2024-08-27 09:27:19,17850.0,2000,Buy,234902237
2024-08-27 09:28:19,17850.0,1500,Buy,234903768
2024-08-27 09:28:24,17850.0,300,Buy,234903868
2024-08-27 09:28:30,17800.0,800,Sell,234904058
2024-08-27 09:28:44,17800.0,11900,Sell,234904601
2024-08-27 09:28:48,17800.0,40000,Sell,234904794
2024-08-27 09:28:53,17800.0,4500,Sell,234904918
2024-08-27 09:29:10,17800.0,5000,Sell,234905512
2024-08-27 09:30:13,17800.0,1500,Sell,234907709
2024-08-27 09:30:21,17850.0,200,Buy,234907988
2024-08-27 09:30:23,17800.0,500,Sell,234908058
2024-08-27 09:30:29,17800.0,2000,Sell,234908271
2024-08-27 09:30:47,17800.0,300,Sell,234909020
2024-08-27 09:30:55,17800.0,1600,Sell,234909336
2024-08-27 09:30:55,17800.0,21000,Sell,234909333
2024-08-27 09:30:55,17800.0,400,Sell,234909334
2024-08-27 09:30:55,17800.0,2000,Sell,234909335
2024-08-27 09:31:11,17800.0,500,Sell,234909853
2024-08-27 09:31:23,17800.0,100,Sell,234910176
2024-08-27 09:31:23,17800.0,100,Sell,234910177
2024-08-27 09:31:23,17800.0,100,Sell,234910178
2024-08-27 09:31:26,17800.0,400,Sell,234910250
2024-08-27 09:31:26,17800.0,200,Sell,234910258
2024-08-27 09:31:26,17800.0,400,Sell,234910259
2024-08-27 09:31:42,17800.0,100,Sell,234910927
2024-08-27 09:31:42,17800.0,600,Sell,234910928
2024-08-27 09:32:01,17800.0,2800,Sell,234911523
2024-08-27 09:32:01,17800.0,200,Sell,234911522
2024-08-27 09:32:01,17800.0,5000,Sell,234911521
2024-08-27 09:32:01,17800.0,200,Sell,234911519
2024-08-27 09:32:01,17800.0,200,Sell,234911518
2024-08-27 09:32:01,17800.0,1400,Sell,234911517
2024-08-27 09:32:01,17800.0,200,Sell,234911520
2024-08-27 09:32:04,17800.0,800,Sell,234911589
2024-08-27 09:32:09,17800.0,1400,Sell,234911757
2024-08-27 09:32:09,17800.0,100,Sell,234911758
2024-08-27 09:32:09,17850.0,900,Buy,234911778
2024-08-27 09:32:14,17800.0,2000,Sell,234911992
2024-08-27 09:32:14,17800.0,100,Sell,234911993
2024-08-27 09:32:14,17800.0,200,Sell,234911994
2024-08-27 09:32:14,17800.0,8600,Sell,234911995
2024-08-27 09:32:14,17800.0,300,Sell,234911996
2024-08-27 09:32:14,17800.0,5000,Sell,234911997
2024-08-27 09:32:14,17800.0,2000,Sell,234911998
2024-08-27 09:32:14,17800.0,1800,Sell,234911999
2024-08-27 09:32:15,17800.0,600,Sell,234912009
2024-08-27 09:32:15,17800.0,300,Sell,234912008
2024-08-27 09:32:29,17800.0,400,Sell,234912346
2024-08-27 09:32:29,17800.0,3000,Sell,234912347
2024-08-27 09:32:29,17800.0,1000,Sell,234912348
2024-08-27 09:32:29,17800.0,15600,Sell,234912349
2024-08-27 09:32:36,17800.0,1700,Sell,234912525
2024-08-27 09:32:37,17800.0,1000,Sell,234912576
2024-08-27 09:32:39,17800.0,2000,Sell,234912668
2024-08-27 09:32:47,17800.0,500,Sell,234912909
2024-08-27 09:32:59,17800.0,500,Sell,234913221
2024-08-27 09:33:05,17800.0,7200,Sell,234913432
2024-08-27 09:33:05,17800.0,1000,Sell,234913431
2024-08-27 09:33:05,17800.0,10000,Sell,234913430
2024-08-27 09:33:05,17800.0,1000,Sell,234913428
2024-08-27 09:33:05,17800.0,2000,Sell,234913429
2024-08-27 09:33:05,17800.0,1000,Sell,234913426
2024-08-27 09:33:05,17800.0,500,Sell,234913425
2024-08-27 09:33:05,17800.0,2000,Sell,234913424
2024-08-27 09:33:05,17800.0,5200,Sell,234913423
2024-08-27 09:33:05,17800.0,3500,Sell,234913417
2024-08-27 09:33:05,17800.0,100,Sell,234913427
2024-08-27 09:33:10,17800.0,5700,Sell,234913564
2024-08-27 09:33:12,17800.0,6000,Sell,234913585
2024-08-27 09:33:13,17800.0,500,Sell,234913637
2024-08-27 09:33:15,17800.0,1000,Sell,234913699
2024-08-27 09:33:17,17800.0,4600,Sell,234913735
2024-08-27 09:33:17,17800.0,400,Sell,234913736
2024-08-27 09:33:20,17800.0,1600,Sell,234913809
2024-08-27 09:33:20,17800.0,400,Sell,234913810
2024-08-27 09:33:28,17800.0,100,Sell,234913992
2024-08-27 09:33:30,17800.0,100,Sell,234914070
2024-08-27 09:33:30,17800.0,200,Sell,234914069
2024-08-27 09:33:30,17800.0,4000,Sell,234914068
2024-08-27 09:33:30,17800.0,1000,Sell,234914067
2024-08-27 09:33:30,17800.0,100,Sell,234914064
2024-08-27 09:33:30,17800.0,200,Sell,234914065
2024-08-27 09:33:30,17800.0,1800,Sell,234914066
2024-08-27 09:33:30,17800.0,500,Sell,234914061
2024-08-27 09:33:30,17800.0,500,Sell,234914063
2024-08-27 09:33:30,17800.0,200,Sell,234914062
2024-08-27 09:33:38,17750.0,100,Sell,234914238
2024-08-27 09:33:38,17800.0,100,Buy,234914254
2024-08-27 09:33:59,17800.0,500,Buy,234914977
2024-08-27 09:34:01,17800.0,300,Buy,234915031
2024-08-27 09:34:07,17800.0,500,Buy,234915232
2024-08-27 09:34:07,17800.0,2500,Buy,234915233
2024-08-27 09:34:29,17750.0,300,Sell,234915832
2024-08-27 09:34:33,17800.0,100,Buy,234915960
2024-08-27 09:35:20,17800.0,100,Buy,234917449
2024-08-27 09:35:26,17800.0,100,Buy,234917590
2024-08-27 09:35:27,17750.0,7700,Sell,234917617
2024-08-27 09:37:17,17750.0,1000,Sell,234920670
2024-08-27 09:37:28,17750.0,10000,Sell,234920994
2024-08-27 09:37:35,17750.0,200,Sell,234921184
2024-08-27 09:37:39,17750.0,500,Sell,234921255
2024-08-27 09:37:55,17750.0,500,Sell,234921915
2024-08-27 09:38:03,17750.0,1000,Sell,234922239
2024-08-27 09:38:12,17750.0,400,Sell,234922510
2024-08-27 09:38:38,17800.0,1500,Buy,234923298
2024-08-27 09:39:03,17800.0,5700,Buy,234924024
2024-08-27 09:39:05,17800.0,200,Buy,234924064
2024-08-27 09:39:37,17800.0,300,Buy,234924964
2024-08-27 09:39:44,17800.0,100,Buy,234925081
2024-08-27 09:39:45,17750.0,1500,Sell,234925134
2024-08-27 09:40:22,17750.0,5000,Sell,234926185
2024-08-27 09:40:37,17750.0,1000,Sell,234926580
2024-08-27 09:40:38,17800.0,100,Buy,234926610
2024-08-27 09:40:58,17800.0,1000,Buy,234927131
2024-08-27 09:41:42,17800.0,200,Buy,234928352
2024-08-27 09:41:59,17800.0,200,Buy,234929118
2024-08-27 09:41:59,17750.0,1000,Sell,234929120
2024-08-27 09:42:24,17800.0,1500,Buy,234930062
2024-08-27 09:42:33,17750.0,100,Sell,234930340
2024-08-27 09:42:52,17750.0,1000,Sell,234931124
2024-08-27 09:43:22,17750.0,200,Sell,234932193
2024-08-27 09:43:54,17750.0,200,Sell,234932993
2024-08-27 09:43:55,17750.0,100,Sell,234933010
2024-08-27 09:44:11,17800.0,200,Buy,234933524
2024-08-27 09:44:14,17750.0,9000,Sell,234933574
2024-08-27 09:44:14,17750.0,2300,Sell,234933582
2024-08-27 09:44:18,17800.0,1300,Buy,234933653
2024-08-27 09:44:22,17800.0,2000,Buy,234933769
2024-08-27 09:44:30,17800.0,7400,Buy,234933956
2024-08-27 09:44:30,17800.0,2600,Buy,234933957
2024-08-27 09:44:30,17800.0,200,Buy,234933958
2024-08-27 09:44:40,17800.0,5000,Buy,234934151
2024-08-27 09:44:41,17800.0,1000,Buy,234934164
2024-08-27 09:44:42,17800.0,1500,Buy,234934194
2024-08-27 09:44:44,17800.0,1000,Buy,234934256
2024-08-27 09:44:47,17800.0,1400,Buy,234934299
2024-08-27 09:44:47,17800.0,1000,Buy,234934300
2024-08-27 09:44:47,17800.0,2800,Buy,234934301
2024-08-27 09:44:47,17800.0,300,Buy,234934302
2024-08-27 09:44:47,17800.0,2900,Buy,234934303
2024-08-27 09:44:51,17800.0,500,Buy,234934394
2024-08-27 09:44:54,17800.0,2900,Buy,234934444
2024-08-27 09:44:54,17800.0,100,Buy,234934445
2024-08-27 09:44:54,17800.0,1000,Buy,234934446
2024-08-27 09:44:54,17800.0,1000,Buy,234934447
2024-08-27 09:44:59,17800.0,1000,Buy,234934585
2024-08-27 09:45:08,17800.0,300,Buy,234934813
2024-08-27 09:45:08,17800.0,1000,Buy,234934811
2024-08-27 09:45:08,17800.0,200,Buy,234934812
2024-08-27 09:45:08,17800.0,1500,Buy,234934802
2024-08-27 09:45:08,17800.0,500,Buy,234934810
2024-08-27 09:45:08,17800.0,2500,Buy,234934801
2024-08-27 09:45:18,17800.0,300,Buy,234935052
2024-08-27 09:45:22,17800.0,1000,Buy,234935130
2024-08-27 09:45:22,17800.0,13700,Buy,234935131
2024-08-27 09:45:22,17800.0,1000,Buy,234935132
2024-08-27 09:45:22,17800.0,200,Buy,234935133
2024-08-27 09:45:22,17800.0,700,Buy,234935134
2024-08-27 09:45:22,17800.0,500,Buy,234935135
2024-08-27 09:45:22,17800.0,1900,Buy,234935136
2024-08-27 09:45:22,17800.0,500,Buy,234935137
2024-08-27 09:45:22,17800.0,500,Buy,234935138
2024-08-27 09:45:22,17800.0,1900,Buy,234935139
2024-08-27 09:45:22,17800.0,5400,Buy,234935140
2024-08-27 09:45:22,17800.0,2700,Buy,234935129
2024-08-27 09:45:23,17800.0,1000,Buy,234935198
2024-08-27 09:45:24,17800.0,16200,Buy,234935221
2024-08-27 09:45:57,17850.0,10000,Buy,234936100
2024-08-27 09:45:57,17850.0,5500,Buy,234936101
2024-08-27 09:45:57,17850.0,100,Buy,234936102
2024-08-27 09:45:57,17850.0,2300,Buy,234936103
2024-08-27 09:45:57,17850.0,4800,Buy,234936099
2024-08-27 09:48:01,17800.0,5000,Sell,234938751
2024-08-27 09:48:01,17800.0,1900,Sell,234938752
2024-08-27 09:48:01,17800.0,100,Sell,234938753
2024-08-27 09:48:01,17800.0,500,Sell,234938754
2024-08-27 09:48:01,17800.0,1000,Sell,234938755
2024-08-27 09:48:01,17800.0,5000,Sell,234938756
2024-08-27 09:48:01,17800.0,2000,Sell,234938757
2024-08-27 09:48:01,17800.0,1900,Sell,234938758
2024-08-27 09:48:08,17800.0,600,Sell,234938937
2024-08-27 09:48:08,17800.0,1800,Sell,234938936
2024-08-27 09:48:08,17800.0,300,Sell,234938934
2024-08-27 09:48:08,17800.0,300,Sell,234938935
2024-08-27 09:48:08,17800.0,5500,Sell,234938933
2024-08-27 09:48:15,17800.0,400,Sell,234939110
2024-08-27 09:48:15,17800.0,1500,Sell,234939111
2024-08-27 09:48:15,17800.0,100,Sell,234939112
2024-08-27 09:48:15,17800.0,5900,Sell,234939113
2024-08-27 09:48:22,17800.0,500,Buy,234939286
2024-08-27 09:48:27,17800.0,9500,Buy,234939394
2024-08-27 09:48:32,17800.0,100,Buy,234939472
2024-08-27 09:49:08,17800.0,1000,Buy,234940242
2024-08-27 09:49:32,17800.0,1000,Buy,234940688
2024-08-27 09:49:33,17800.0,100,Buy,234940708
2024-08-27 09:49:54,17750.0,500,Sell,234941025
2024-08-27 09:50:10,17750.0,1000,Sell,234941381
2024-08-27 09:50:36,17750.0,5000,Sell,234941840
2024-08-27 09:51:28,17750.0,100,Sell,234942911
2024-08-27 09:51:28,17750.0,100,Sell,234942910
2024-08-27 09:51:28,17750.0,200,Sell,234942906
2024-08-27 09:51:28,17750.0,100,Sell,234942909
2024-08-27 09:51:28,17750.0,2800,Sell,234942908
2024-08-27 09:51:28,17750.0,100,Sell,234942907
2024-08-27 09:51:28,17750.0,2000,Sell,234942905
2024-08-27 09:51:28,17750.0,100,Sell,234942898
2024-08-27 09:51:28,17750.0,100,Sell,234942903
2024-08-27 09:51:28,17750.0,200,Sell,234942902
2024-08-27 09:51:28,17750.0,1000,Sell,234942901
2024-08-27 09:51:28,17750.0,1000,Sell,234942900
2024-08-27 09:51:28,17750.0,26000,Sell,234942899
2024-08-27 09:51:28,17750.0,15100,Sell,234942912
2024-08-27 09:51:28,17750.0,400,Sell,234942896
2024-08-27 09:51:28,17750.0,500,Sell,234942904
2024-08-27 09:51:28,17750.0,200,Sell,234942897
2024-08-27 09:52:00,17750.0,10000,Sell,234943505
2024-08-27 09:52:16,17750.0,10000,Sell,234943830
2024-08-27 09:52:51,17750.0,500,Sell,234944546
2024-08-27 09:53:03,17750.0,300,Sell,234944796
2024-08-27 09:53:08,17750.0,1900,Sell,234944953
2024-08-27 09:53:30,17750.0,100,Sell,234945448
2024-08-27 09:54:30,17750.0,7000,Sell,234946560
2024-08-27 09:54:49,17750.0,400,Sell,234946920
2024-08-27 09:55:37,17800.0,1400,Buy,234947804
2024-08-27 09:55:37,17800.0,6700,Buy,234947805
2024-08-27 09:55:37,17800.0,500,Buy,234947806
2024-08-27 09:55:37,17800.0,1400,Buy,234947807
2024-08-27 09:57:18,17800.0,100,Buy,234949713
2024-08-27 09:57:36,17750.0,100,Sell,234950160
2024-08-27 09:57:36,17750.0,100,Sell,234950159
2024-08-27 09:57:36,17750.0,1000,Sell,234950158
2024-08-27 09:57:36,17750.0,100,Sell,234950157
2024-08-27 09:57:36,17750.0,2300,Sell,234950161
2024-08-27 09:57:36,17750.0,700,Sell,234950155
2024-08-27 09:57:36,17750.0,500,Sell,234950154
2024-08-27 09:57:36,17750.0,200,Sell,234950153
2024-08-27 09:57:36,17750.0,5000,Sell,234950152
2024-08-27 09:57:36,17750.0,300,Sell,234950156
2024-08-27 09:57:36,17750.0,4700,Sell,234950151
2024-08-27 09:59:50,17750.0,700,Sell,234952081
2024-08-27 09:59:50,17750.0,300,Sell,234952082
2024-08-27 09:59:52,17750.0,200,Sell,234952101
2024-08-27 09:59:52,17750.0,10000,Sell,234952102
2024-08-27 09:59:52,17750.0,19800,Sell,234952103
2024-08-27 10:00:11,17750.0,200,Sell,234952530
2024-08-27 10:00:11,17750.0,200,Sell,234952529
2024-08-27 10:00:11,17750.0,1200,Sell,234952527
2024-08-27 10:00:11,17750.0,200,Sell,234952528
2024-08-27 10:00:11,17750.0,500,Sell,234952525
2024-08-27 10:00:11,17750.0,200,Sell,234952523
2024-08-27 10:00:11,17750.0,500,Sell,234952526
2024-08-27 10:00:11,17750.0,5000,Sell,234952524
2024-08-27 10:00:32,17750.0,200,Sell,234952924
2024-08-27 10:01:16,17750.0,1000,Sell,234953577
2024-08-27 10:01:35,17750.0,3000,Sell,234953885
2024-08-27 10:01:50,17750.0,3300,Sell,234954147
2024-08-27 10:01:50,17750.0,1700,Sell,234954146
2024-08-27 10:02:21,17750.0,800,Sell,234954679
2024-08-27 10:02:22,17750.0,400,Sell,234954690
2024-08-27 10:02:22,17750.0,1600,Sell,234954689
2024-08-27 10:02:22,17750.0,5000,Sell,234954691
2024-08-27 10:02:24,17750.0,700,Sell,234954701
2024-08-27 10:02:24,17750.0,200,Sell,234954702
2024-08-27 10:02:24,17750.0,100,Sell,234954703
2024-08-27 10:02:24,17750.0,2000,Sell,234954704
2024-08-27 10:02:29,17750.0,200,Sell,234954768
2024-08-27 10:02:29,17750.0,800,Sell,234954769
2024-08-27 10:02:33,17750.0,100,Sell,234954843
2024-08-27 10:02:50,17750.0,400,Sell,234955156
2024-08-27 10:02:50,17750.0,100,Sell,234955155
2024-08-27 10:02:51,17750.0,100,Sell,234955163
2024-08-27 10:03:06,17750.0,500,Sell,234955384
2024-08-27 10:03:26,17750.0,2500,Sell,234955671
2024-08-27 10:03:35,17750.0,400,Sell,234955815
2024-08-27 10:03:35,17750.0,5000,Sell,234955814
2024-08-27 10:03:35,17750.0,100,Sell,234955813
2024-08-27 10:03:35,17750.0,200,Sell,234955812
2024-08-27 10:03:35,17750.0,200,Sell,234955811
2024-08-27 10:03:35,17750.0,200,Sell,234955809
2024-08-27 10:03:35,17750.0,400,Sell,234955808
2024-08-27 10:03:35,17750.0,1500,Sell,234955807
2024-08-27 10:03:35,17750.0,2000,Sell,234955810
2024-08-27 10:04:18,17750.0,100,Sell,234956540
2024-08-27 10:04:18,17750.0,9900,Sell,234956541
2024-08-27 10:04:24,17750.0,1000,Sell,234956651
2024-08-27 10:04:24,17750.0,100,Sell,234956652
2024-08-27 10:04:24,17750.0,500,Sell,234956653
2024-08-27 10:04:24,17750.0,100,Sell,234956654
2024-08-27 10:04:24,17750.0,500,Sell,234956657
2024-08-27 10:04:24,17750.0,100,Sell,234956656
2024-08-27 10:04:24,17750.0,100,Sell,234956650
2024-08-27 10:04:24,17750.0,200,Sell,234956658
2024-08-27 10:04:24,17750.0,100,Sell,234956659
2024-08-27 10:04:24,17750.0,1000,Sell,234956655
2024-08-27 10:04:24,17750.0,600,Sell,234956649
2024-08-27 10:04:24,17750.0,100,Sell,234956639
2024-08-27 10:04:24,17750.0,5000,Sell,234956647
2024-08-27 10:04:24,17750.0,2000,Sell,234956648
2024-08-27 10:04:24,17750.0,100,Sell,234956637
2024-08-27 10:04:24,17750.0,200,Sell,234956640
2024-08-27 10:04:24,17750.0,5000,Sell,234956641
2024-08-27 10:04:24,17750.0,2000,Sell,234956638
2024-08-27 10:04:24,17750.0,400,Sell,234956643
2024-08-27 10:04:24,17750.0,100,Sell,234956644
2024-08-27 10:04:24,17750.0,200,Sell,234956642
2024-08-27 10:04:24,17750.0,500,Sell,234956645
2024-08-27 10:04:24,17750.0,100,Sell,234956646
2024-08-27 10:04:35,17750.0,1400,Sell,234956828
2024-08-27 10:04:35,17750.0,200,Sell,234956829
2024-08-27 10:04:35,17750.0,3400,Sell,234956830
2024-08-27 10:04:41,17750.0,5000,Sell,234956897
2024-08-27 10:04:59,17750.0,300,Sell,234957238
2024-08-27 10:05:04,17750.0,1500,Sell,234957326
2024-08-27 10:05:20,17750.0,1700,Sell,234957519
2024-08-27 10:05:35,17750.0,300,Sell,234957750
2024-08-27 10:05:36,17800.0,500,Buy,234957777
2024-08-27 10:05:36,17800.0,600,Buy,234957778
2024-08-27 10:05:39,17750.0,1000,Sell,234957807
2024-08-27 10:05:51,17750.0,200,Sell,234958039
2024-08-27 10:06:29,17750.0,200,Sell,234958674
2024-08-27 10:06:43,17750.0,500,Sell,234959089
2024-08-27 10:06:43,17750.0,1000,Sell,234959090
2024-08-27 10:06:43,17750.0,1000,Sell,234959091
2024-08-27 10:07:05,17750.0,600,Sell,234959825
2024-08-27 10:08:01,17750.0,1000,Sell,234960869
2024-08-27 10:08:01,17750.0,1000,Sell,234960863
2024-08-27 10:08:01,17750.0,10000,Sell,234960868
2024-08-27 10:08:01,17750.0,2000,Sell,234960867
2024-08-27 10:08:01,17750.0,3300,Sell,234960870
2024-08-27 10:08:01,17750.0,500,Sell,234960866
2024-08-27 10:08:01,17750.0,100,Sell,234960865
2024-08-27 10:08:01,17750.0,2000,Sell,234960864
2024-08-27 10:08:01,17750.0,1000,Sell,234960862
2024-08-27 10:08:01,17750.0,1000,Sell,234960856
2024-08-27 10:08:01,17750.0,200,Sell,234960860
2024-08-27 10:08:01,17750.0,1000,Sell,234960861
2024-08-27 10:08:01,17750.0,1400,Sell,234960852
2024-08-27 10:08:01,17750.0,1000,Sell,234960854
2024-08-27 10:08:01,17750.0,1000,Sell,234960853
2024-08-27 10:08:01,17750.0,1000,Sell,234960857
2024-08-27 10:08:01,17750.0,1000,Sell,234960858
2024-08-27 10:08:01,17750.0,1000,Sell,234960859
2024-08-27 10:08:01,17750.0,500,Sell,234960855
2024-08-27 10:08:12,17750.0,1700,Sell,234961173
2024-08-27 10:08:12,17750.0,300,Sell,234961174
2024-08-27 10:08:22,17750.0,100,Sell,234961390
2024-08-27 10:08:49,17750.0,2900,Sell,234961904
2024-08-27 10:08:49,17750.0,4600,Sell,234961898
2024-08-27 10:08:49,17750.0,500,Sell,234961899
2024-08-27 10:08:49,17750.0,1000,Sell,234961900
2024-08-27 10:08:49,17750.0,300,Sell,234961901
2024-08-27 10:08:49,17750.0,500,Sell,234961902
2024-08-27 10:08:49,17750.0,200,Sell,234961903
2024-08-27 10:09:38,17750.0,500,Sell,234962958
2024-08-27 10:10:47,17750.0,1000,Sell,234964611
2024-08-27 10:10:51,17750.0,1000,Sell,234964807
2024-08-27 10:11:17,17750.0,100,Sell,234965528
2024-08-27 10:11:48,17750.0,2000,Sell,234966478
2024-08-27 10:11:48,17750.0,800,Sell,234966491
2024-08-27 10:11:53,17800.0,1600,Buy,234966766
2024-08-27 10:12:05,17800.0,4500,Buy,234967160
2024-08-27 10:12:05,17800.0,10000,Buy,234967159
2024-08-27 10:12:05,17800.0,14500,Buy,234967158
2024-08-27 10:12:05,17800.0,10000,Buy,234967157
2024-08-27 10:12:05,17800.0,1000,Buy,234967156
2024-08-27 10:12:05,17800.0,400,Buy,234967154
2024-08-27 10:12:05,17800.0,2500,Buy,234967153
2024-08-27 10:12:05,17800.0,5000,Buy,234967152
2024-08-27 10:12:05,17800.0,5500,Buy,234967151
2024-08-27 10:12:05,17800.0,2000,Buy,234967155
2024-08-27 10:12:05,17800.0,1000,Buy,234967149
2024-08-27 10:12:05,17800.0,100,Buy,234967148
2024-08-27 10:12:05,17800.0,500,Buy,234967147
2024-08-27 10:12:05,17800.0,2700,Buy,234967141
2024-08-27 10:12:05,17800.0,1500,Buy,234967146
2024-08-27 10:12:05,17800.0,100,Buy,234967145
2024-08-27 10:12:05,17800.0,200,Buy,234967144
2024-08-27 10:12:05,17800.0,40000,Buy,234967143
2024-08-27 10:12:05,17800.0,8400,Buy,234967142
2024-08-27 10:12:05,17800.0,100,Buy,234967150
2024-08-27 10:12:34,17800.0,20000,Buy,234967941
2024-08-27 10:12:34,17800.0,500,Buy,234967929
2024-08-27 10:13:04,17800.0,400,Buy,234968766
2024-08-27 10:13:19,17800.0,100,Buy,234969291
2024-08-27 10:13:32,17800.0,1800,Buy,234969718
2024-08-27 10:13:33,17750.0,600,Sell,234969740
2024-08-27 10:13:34,17750.0,1500,Sell,234969774
2024-08-27 10:13:34,17750.0,3000,Sell,234969792
2024-08-27 10:13:42,17750.0,700,Sell,234970124
2024-08-27 10:13:42,17750.0,200,Sell,234970123
2024-08-27 10:13:42,17750.0,2000,Sell,234970122
2024-08-27 10:13:42,17750.0,100,Sell,234970119
2024-08-27 10:13:42,17750.0,100,Sell,234970120
2024-08-27 10:13:42,17750.0,300,Sell,234970121
2024-08-27 10:13:42,17750.0,2600,Sell,234970118
2024-08-27 10:13:52,17750.0,100,Sell,234970440
2024-08-27 10:13:52,17750.0,600,Sell,234970441
2024-08-27 10:13:52,17750.0,300,Sell,234970439
2024-08-27 10:14:12,17750.0,100,Sell,234971127
2024-08-27 10:14:12,17750.0,100,Sell,234971126
2024-08-27 10:14:12,17750.0,200,Sell,234971125
2024-08-27 10:14:12,17750.0,1000,Sell,234971124
2024-08-27 10:14:12,17750.0,2700,Sell,234971128
2024-08-27 10:14:12,17750.0,100,Sell,234971122
2024-08-27 10:14:12,17750.0,200,Sell,234971121
2024-08-27 10:14:12,17750.0,100,Sell,234971120
2024-08-27 10:14:12,17750.0,100,Sell,234971123
2024-08-27 10:14:12,17750.0,400,Sell,234971119
2024-08-27 10:14:23,17750.0,1000,Sell,234971485
2024-08-27 10:14:31,17800.0,200,Buy,234971745
2024-08-27 10:14:43,17800.0,500,Buy,234972192
2024-08-27 10:14:56,17800.0,2000,Buy,234972578
2024-08-27 10:14:56,17800.0,1000,Buy,234972579
2024-08-27 10:14:56,17800.0,100,Buy,234972581
2024-08-27 10:14:56,17800.0,300,Buy,234972582
2024-08-27 10:14:56,17800.0,1500,Buy,234972583
2024-08-27 10:14:56,17800.0,4100,Buy,234972584
2024-08-27 10:14:56,17800.0,1000,Buy,234972580
2024-08-27 10:15:11,17800.0,500,Buy,234972928
2024-08-27 10:15:21,17800.0,1000,Buy,234973450
2024-08-27 10:15:30,17800.0,1000,Buy,234973822
2024-08-27 10:15:33,17800.0,1000,Buy,234973996
2024-08-27 10:16:06,17750.0,1300,Sell,234975390
2024-08-27 10:16:06,17750.0,600,Sell,234975391
2024-08-27 10:16:45,17800.0,500,Buy,234976439
2024-08-27 10:16:58,17800.0,100,Buy,234976743
2024-08-27 10:16:58,17800.0,900,Buy,234976744
2024-08-27 10:16:58,17800.0,800,Buy,234976745
2024-08-27 10:16:58,17800.0,1200,Buy,234976746
2024-08-27 10:16:58,17800.0,1900,Buy,234976742
2024-08-27 10:17:00,17800.0,700,Buy,234976801
2024-08-27 10:17:00,17800.0,1400,Buy,234976802
2024-08-27 10:17:00,17800.0,200,Buy,234976803
2024-08-27 10:17:26,17800.0,1000,Buy,234977637
2024-08-27 10:17:44,17800.0,500,Buy,234978217
2024-08-27 10:17:48,17800.0,200,Buy,234978367
2024-08-27 10:17:48,17800.0,1800,Buy,234978368
2024-08-27 10:18:00,17800.0,8200,Buy,234978834
2024-08-27 10:18:00,17800.0,1800,Buy,234978835
2024-08-27 10:18:03,17800.0,500,Buy,234978957
2024-08-27 10:18:05,17800.0,1000,Buy,234979042
2024-08-27 10:18:07,17800.0,1000,Buy,234979101
2024-08-27 10:18:16,17800.0,5000,Buy,234979355
2024-08-27 10:18:28,17800.0,900,Buy,234979871
2024-08-27 10:18:30,17800.0,1000,Buy,234979947
2024-08-27 10:18:46,17800.0,800,Buy,234980352
2024-08-27 10:18:46,17800.0,1000,Buy,234980353
2024-08-27 10:18:46,17800.0,200,Buy,234980354
2024-08-27 10:18:48,17750.0,200,Sell,234980415
2024-08-27 10:18:49,17800.0,1000,Buy,234980447
2024-08-27 10:19:09,17800.0,1000,Buy,234980949
2024-08-27 10:19:13,17800.0,4600,Buy,234981130
2024-08-27 10:19:13,17800.0,400,Buy,234981131
2024-08-27 10:19:45,17800.0,100,Buy,234982041
2024-08-27 10:19:54,17750.0,1000,Sell,234982258
2024-08-27 10:19:54,17750.0,300,Sell,234982259
2024-08-27 10:20:46,17800.0,1000,Buy,234983923
2024-08-27 10:20:57,17750.0,200,Sell,234984172
2024-08-27 10:20:57,17750.0,300,Sell,234984173
2024-08-27 10:20:57,17750.0,800,Sell,234984174
2024-08-27 10:20:57,17750.0,700,Sell,234984171
2024-08-27 10:21:01,17800.0,400,Buy,234984282
2024-08-27 10:21:01,17800.0,200,Buy,234984283
2024-08-27 10:21:03,17750.0,100,Sell,234984324
2024-08-27 10:21:13,17800.0,200,Buy,234984617
2024-08-27 10:21:13,17800.0,1800,Buy,234984621
2024-08-27 10:21:13,17800.0,300,Buy,234984622
2024-08-27 10:21:13,17800.0,700,Buy,234984623
2024-08-27 10:21:25,17800.0,500,Buy,234984913
2024-08-27 10:21:38,17800.0,2200,Buy,234985311
2024-08-27 10:21:38,17800.0,800,Buy,234985319
2024-08-27 10:21:38,17800.0,900,Buy,234985309
2024-08-27 10:21:38,17800.0,700,Buy,234985308
2024-08-27 10:21:38,17800.0,200,Buy,234985310
2024-08-27 10:21:42,17750.0,100,Sell,234985435
2024-08-27 10:21:42,17750.0,4900,Sell,234985436
2024-08-27 10:21:47,17800.0,3300,Buy,234985571
2024-08-27 10:21:47,17800.0,10000,Buy,234985570
2024-08-27 10:21:47,17800.0,1900,Buy,234985569
2024-08-27 10:21:47,17800.0,2000,Buy,234985568
2024-08-27 10:21:47,17800.0,500,Buy,234985567
2024-08-27 10:21:47,17800.0,1000,Buy,234985565
2024-08-27 10:21:47,17800.0,1000,Buy,234985564
2024-08-27 10:21:47,17800.0,1900,Buy,234985563
2024-08-27 10:21:47,17800.0,300,Buy,234985562
2024-08-27 10:21:47,17800.0,2600,Buy,234985561
2024-08-27 10:21:47,17800.0,500,Buy,234985566
2024-08-27 10:21:51,17800.0,100,Buy,234985749
2024-08-27 10:22:13,17800.0,1900,Buy,234986261
2024-08-27 10:22:13,17800.0,2700,Buy,234986263
2024-08-27 10:22:13,17800.0,1900,Buy,234986259
2024-08-27 10:22:13,17800.0,600,Buy,234986260
2024-08-27 10:22:13,17800.0,1900,Buy,234986262
2024-08-27 10:22:13,17800.0,1000,Buy,234986258
2024-08-27 10:22:25,17800.0,300,Buy,234986513
2024-08-27 10:22:25,17800.0,200,Buy,234986514
2024-08-27 10:22:36,17800.0,13700,Buy,234986775
2024-08-27 10:22:36,17800.0,2300,Buy,234986772
2024-08-27 10:22:36,17800.0,1000,Buy,234986773
2024-08-27 10:22:36,17800.0,3000,Buy,234986774
2024-08-27 10:22:38,17800.0,1200,Buy,234986810
2024-08-27 10:22:42,17750.0,300,Sell,234986905
2024-08-27 10:22:43,17800.0,700,Buy,234986911
2024-08-27 10:22:43,17800.0,1300,Buy,234986912
2024-08-27 10:22:46,17800.0,500,Buy,234986970
2024-08-27 10:22:53,17800.0,200,Buy,234987216
2024-08-27 10:22:53,17800.0,100,Buy,234987217
2024-08-27 10:22:53,17800.0,700,Buy,234987218
2024-08-27 10:23:01,17800.0,100,Buy,234987438
2024-08-27 10:23:03,17800.0,500,Buy,234987465
2024-08-27 10:23:15,17800.0,200,Buy,234987708
2024-08-27 10:23:25,17800.0,400,Buy,234987962
2024-08-27 10:23:25,17800.0,600,Buy,234987965
2024-08-27 10:23:27,17800.0,500,Buy,234988025
2024-08-27 10:24:25,17800.0,3000,Buy,234989331
2024-08-27 10:24:27,17800.0,500,Buy,234989365
2024-08-27 10:24:29,17800.0,100,Buy,234989407
2024-08-27 10:24:30,17800.0,200,Buy,234989417
2024-08-27 10:24:30,17800.0,5000,Buy,234989418
2024-08-27 10:24:30,17800.0,800,Buy,234989419
2024-08-27 10:24:30,17800.0,100,Buy,234989420
2024-08-27 10:24:30,17800.0,500,Buy,234989421
2024-08-27 10:24:30,17800.0,3400,Buy,234989422
2024-08-27 10:24:37,17800.0,600,Buy,234989608
2024-08-27 10:24:48,17800.0,200,Buy,234989857
2024-08-27 10:24:57,17800.0,1000,Buy,234990034
2024-08-27 10:25:00,17800.0,6300,Buy,234990066
2024-08-27 10:25:00,17800.0,4900,Buy,234990067
2024-08-27 10:25:00,17800.0,1100,Buy,234990064
2024-08-27 10:25:00,17800.0,1900,Buy,234990065
2024-08-27 10:25:00,17800.0,5800,Buy,234990063
2024-08-27 10:25:02,17800.0,100,Buy,234990103
2024-08-27 10:25:02,17800.0,600,Buy,234990104
2024-08-27 10:25:02,17800.0,300,Buy,234990105
2024-08-27 10:25:02,17800.0,500,Buy,234990106
2024-08-27 10:25:02,17800.0,500,Buy,234990107
2024-08-27 10:25:29,17750.0,4800,Sell,234990687
2024-08-27 10:25:29,17750.0,400,Sell,234990688
2024-08-27 10:25:29,17750.0,4800,Sell,234990689
2024-08-27 10:25:42,17750.0,5700,Sell,234990961
2024-08-27 10:25:47,17800.0,12200,Buy,234991105
2024-08-27 10:25:47,17800.0,1300,Buy,234991106
2024-08-27 10:26:07,17750.0,3500,Sell,234991521
2024-08-27 10:26:07,17750.0,25000,Sell,234991523
2024-08-27 10:26:16,17750.0,10000,Sell,234991693
2024-08-27 10:26:16,17750.0,1000,Sell,234991690
2024-08-27 10:26:17,17750.0,10000,Sell,234991714
2024-08-27 10:26:18,17750.0,200,Sell,234991719
2024-08-27 10:26:18,17750.0,1000,Sell,234991720
2024-08-27 10:26:30,17750.0,1000,Sell,234991938
2024-08-27 10:26:31,17750.0,2000,Sell,234991947
2024-08-27 10:26:37,17750.0,5000,Sell,234992018
2024-08-27 10:26:39,17800.0,400,Buy,234992056
2024-08-27 10:26:50,17800.0,300,Buy,234992260
2024-08-27 10:26:50,17800.0,1700,Buy,234992261
2024-08-27 10:27:02,17800.0,200,Buy,234992547
2024-08-27 10:27:03,17800.0,3000,Buy,234992564
2024-08-27 10:27:04,17750.0,1000,Sell,234992577
2024-08-27 10:27:07,17750.0,400,Sell,234992641
2024-08-27 10:27:07,17750.0,1500,Sell,234992642
2024-08-27 10:27:15,17750.0,500,Sell,234992791
2024-08-27 10:27:19,17750.0,500,Sell,234992924
2024-08-27 10:27:29,17800.0,100,Buy,234993126
2024-08-27 10:27:45,17750.0,1000,Sell,234993461
2024-08-27 10:27:47,17750.0,1600,Sell,234993536
2024-08-27 10:28:10,17750.0,300,Sell,234993981
2024-08-27 10:28:10,17750.0,100,Sell,234993982
2024-08-27 10:28:10,17750.0,1000,Sell,234993983
2024-08-27 10:28:10,17750.0,600,Sell,234993984
2024-08-27 10:28:19,17750.0,400,Sell,234994104
2024-08-27 10:28:19,17750.0,300,Sell,234994105
2024-08-27 10:28:44,17750.0,700,Sell,234994442
2024-08-27 10:28:44,17750.0,500,Sell,234994444
2024-08-27 10:28:44,17750.0,1000,Sell,234994445
2024-08-27 10:28:44,17750.0,300,Sell,234994446
2024-08-27 10:28:47,17750.0,4300,Sell,234994540
2024-08-27 10:28:47,17750.0,700,Sell,234994538
2024-08-27 10:28:47,17750.0,1000,Sell,234994539
2024-08-27 10:29:20,17750.0,8400,Sell,234995279
2024-08-27 10:29:28,17750.0,600,Sell,234995418
2024-08-27 10:29:30,17750.0,500,Sell,234995456
2024-08-27 10:29:54,17750.0,700,Sell,234995896
2024-08-27 10:30:08,17750.0,300,Sell,234996268
2024-08-27 10:30:10,17750.0,7300,Sell,234996328
2024-08-27 10:30:10,17750.0,100,Sell,234996324
2024-08-27 10:30:10,17750.0,10000,Sell,234996326
2024-08-27 10:30:10,17750.0,1000,Sell,234996325
2024-08-27 10:30:10,17750.0,500,Sell,234996323
2024-08-27 10:30:10,17750.0,3900,Sell,234996327
2024-08-27 10:30:10,17750.0,20000,Sell,234996321
2024-08-27 10:30:10,17750.0,4200,Sell,234996316
2024-08-27 10:30:10,17750.0,100,Sell,234996317
2024-08-27 10:30:10,17750.0,200,Sell,234996322
2024-08-27 10:30:10,17750.0,400,Sell,234996319
2024-08-27 10:30:10,17750.0,1000,Sell,234996320
2024-08-27 10:30:10,17750.0,1300,Sell,234996318
2024-08-27 10:30:13,17750.0,300,Sell,234996391
2024-08-27 10:30:17,17750.0,16300,Sell,234996507
2024-08-27 10:30:17,17750.0,100,Sell,234996499
2024-08-27 10:30:17,17750.0,1000,Sell,234996505
2024-08-27 10:30:17,17750.0,500,Sell,234996504
2024-08-27 10:30:17,17750.0,100,Sell,234996503
2024-08-27 10:30:17,17750.0,500,Sell,234996502
2024-08-27 10:30:17,17750.0,100,Sell,234996501
2024-08-27 10:30:17,17750.0,5000,Sell,234996500
2024-08-27 10:30:17,17750.0,100,Sell,234996506
2024-08-27 10:30:17,17750.0,2000,Sell,234996498
2024-08-27 10:30:17,17750.0,50000,Sell,234996496
2024-08-27 10:30:17,17750.0,1000,Sell,234996497
2024-08-27 10:30:17,17750.0,100,Sell,234996488
2024-08-27 10:30:17,17750.0,5000,Sell,234996489
2024-08-27 10:30:17,17750.0,4500,Sell,234996490
2024-08-27 10:30:17,17750.0,2400,Sell,234996487
2024-08-27 10:30:17,17750.0,100,Sell,234996492
2024-08-27 10:30:17,17750.0,100,Sell,234996493
2024-08-27 10:30:17,17750.0,100,Sell,234996494
2024-08-27 10:30:17,17750.0,500,Sell,234996495
2024-08-27 10:30:17,17750.0,1000,Sell,234996491
2024-08-27 10:30:18,17750.0,500,Sell,234996526
2024-08-27 10:30:27,17750.0,10000,Sell,234996699
2024-08-27 10:30:28,17750.0,100,Sell,234996725
2024-08-27 10:30:28,17750.0,500,Sell,234996724
2024-08-27 10:30:28,17750.0,500,Sell,234996723
2024-08-27 10:30:28,17750.0,500,Sell,234996719
2024-08-27 10:30:28,17750.0,200,Sell,234996720
2024-08-27 10:30:28,17750.0,1000,Sell,234996718
2024-08-27 10:30:28,17750.0,100,Sell,234996722
2024-08-27 10:30:28,17750.0,500,Sell,234996716
2024-08-27 10:30:28,17750.0,400,Sell,234996717
2024-08-27 10:30:28,17750.0,23200,Sell,234996711
2024-08-27 10:30:28,17750.0,1000,Sell,234996712
2024-08-27 10:30:28,17750.0,5400,Sell,234996721
2024-08-27 10:30:28,17750.0,100,Sell,234996714
2024-08-27 10:30:28,17750.0,500,Sell,234996715
2024-08-27 10:30:28,17750.0,10500,Sell,234996713
2024-08-27 10:30:29,17750.0,5500,Buy,234996745
2024-08-27 10:30:33,17750.0,10000,Sell,234996821
2024-08-27 10:30:35,17750.0,3000,Sell,234996879
2024-08-27 10:30:42,17750.0,5000,Sell,234997094
2024-08-27 10:30:42,17800.0,300,Buy,234997104
2024-08-27 10:30:52,17750.0,51500,Sell,234997268
2024-08-27 10:30:52,17750.0,3700,Sell,234997276
2024-08-27 10:30:52,17750.0,400,Sell,234997277
2024-08-27 10:30:52,17750.0,900,Sell,234997278
2024-08-27 10:31:00,17750.0,100,Sell,234997367
2024-08-27 10:31:00,17750.0,500,Sell,234997368
2024-08-27 10:31:02,17750.0,500,Buy,234997399
2024-08-27 10:31:03,17750.0,100,Buy,234997417
2024-08-27 10:31:10,17700.0,200,Sell,234997516
2024-08-27 10:31:11,17700.0,900,Sell,234997568
2024-08-27 10:31:11,17700.0,100,Sell,234997567
2024-08-27 10:31:22,17750.0,500,Buy,234997764
2024-08-27 10:31:27,17750.0,200,Buy,234997817
2024-08-27 10:31:29,17750.0,100,Buy,234997844
2024-08-27 10:31:46,17750.0,5000,Buy,234998215
2024-08-27 10:31:46,17750.0,5000,Buy,234998216
2024-08-27 10:31:46,17750.0,1000,Buy,234998217
2024-08-27 10:31:46,17750.0,500,Buy,234998218
2024-08-27 10:31:46,17750.0,2000,Buy,234998219
2024-08-27 10:31:46,17750.0,10000,Buy,234998220
2024-08-27 10:31:46,17750.0,1000,Buy,234998221
2024-08-27 10:31:46,17750.0,200,Buy,234998222
2024-08-27 10:31:47,17750.0,6000,Sell,234998258
2024-08-27 10:31:47,17800.0,300,Buy,234998257
2024-08-27 10:31:47,17800.0,1500,Buy,234998256
2024-08-27 10:31:47,17800.0,100,Buy,234998255
2024-08-27 10:31:47,17800.0,6600,Buy,234998254
2024-08-27 10:31:47,17800.0,3200,Buy,234998252
2024-08-27 10:31:47,17800.0,5700,Buy,234998251
2024-08-27 10:31:47,17800.0,9600,Buy,234998250
2024-08-27 10:31:47,17800.0,1000,Buy,234998249
2024-08-27 10:31:47,17800.0,400,Buy,234998248
2024-08-27 10:31:47,17800.0,7100,Buy,234998253
2024-08-27 10:31:53,17750.0,3000,Sell,234998330
2024-08-27 10:31:59,17750.0,1000,Sell,234998414
2024-08-27 10:32:09,17750.0,1000,Sell,234998583
2024-08-27 10:32:15,17750.0,600,Sell,234998739
2024-08-27 10:32:38,17750.0,10000,Sell,234999384
2024-08-27 10:32:43,17750.0,2000,Sell,234999423
2024-08-27 10:32:48,17750.0,300,Sell,234999612
2024-08-27 10:32:49,17750.0,5000,Sell,234999628
2024-08-27 10:32:49,17750.0,100,Sell,234999627
2024-08-27 10:32:49,17750.0,1000,Sell,234999626
2024-08-27 10:32:49,17750.0,3000,Sell,234999625
2024-08-27 10:32:49,17750.0,100,Sell,234999622
2024-08-27 10:32:49,17750.0,500,Sell,234999623
2024-08-27 10:32:49,17750.0,200,Sell,234999621
2024-08-27 10:32:49,17750.0,500,Sell,234999620
2024-08-27 10:32:49,17750.0,1400,Sell,234999619
2024-08-27 10:32:49,17750.0,200,Sell,234999624
2024-08-27 10:32:56,17750.0,100,Buy,234999752
2024-08-27 10:32:57,17750.0,400,Buy,234999772
2024-08-27 10:33:25,17750.0,2000,Buy,235000294
2024-08-27 10:33:41,17700.0,2000,Sell,235000548
2024-08-27 10:33:55,17700.0,200,Sell,235000727
2024-08-27 10:35:00,17700.0,100,Sell,235001814
2024-08-27 10:35:09,17700.0,2000,Sell,235002068
2024-08-27 10:35:26,17700.0,100,Sell,235002341
2024-08-27 10:35:38,17750.0,11400,Buy,235002704
2024-08-27 10:36:25,17750.0,1000,Buy,235003606
2024-08-27 10:36:40,17750.0,2000,Buy,235003778
2024-08-27 10:37:07,17750.0,100,Buy,235004164
2024-08-27 10:37:55,17750.0,1000,Buy,235004990
2024-08-27 10:37:59,17750.0,10000,Buy,235005076
2024-08-27 10:38:29,17750.0,3000,Buy,235005521
2024-08-27 10:38:30,17750.0,200,Buy,235005539
2024-08-27 10:38:43,17750.0,1300,Buy,235005744
2024-08-27 10:38:43,17750.0,1200,Buy,235005745
2024-08-27 10:38:43,17750.0,4400,Buy,235005746
2024-08-27 10:39:30,17700.0,8000,Sell,235006443
2024-08-27 10:39:44,17700.0,1500,Sell,235006708
2024-08-27 10:39:53,17750.0,900,Buy,235006873
2024-08-27 10:40:05,17750.0,10000,Buy,235007127
2024-08-27 10:40:15,17750.0,200,Buy,235007230
2024-08-27 10:40:26,17700.0,100,Sell,235007458
2024-08-27 10:40:37,17750.0,500,Buy,235007629
2024-08-27 10:40:37,17750.0,500,Buy,235007630
2024-08-27 10:41:06,17750.0,200,Buy,235008412
2024-08-27 10:41:23,17750.0,200,Buy,235008685
2024-08-27 10:42:17,17750.0,100,Buy,235009656
2024-08-27 10:42:21,17700.0,10000,Sell,235009739
2024-08-27 10:43:05,17750.0,500,Buy,235010608
2024-08-27 10:44:25,17750.0,100,Buy,235012657
2024-08-27 10:45:14,17750.0,1000,Buy,235014480
2024-08-27 10:45:20,17750.0,200,Buy,235014674
2024-08-27 10:45:23,17700.0,5000,Sell,235014751
2024-08-27 10:45:30,17700.0,10600,Sell,235014871
2024-08-27 10:45:43,17700.0,4000,Sell,235015207
2024-08-27 10:46:08,17700.0,2000,Sell,235016158
2024-08-27 10:46:52,17700.0,500,Sell,235017577
2024-08-27 10:46:57,17750.0,100,Buy,235017713
2024-08-27 10:46:58,17700.0,1500,Sell,235017831
2024-08-27 10:46:59,17750.0,700,Buy,235017862
2024-08-27 10:46:59,17750.0,5000,Buy,235017861
2024-08-27 10:47:07,17750.0,100,Buy,235018144
2024-08-27 10:47:08,17700.0,1000,Sell,235018181
2024-08-27 10:47:16,17750.0,700,Buy,235018529
2024-08-27 10:47:16,17750.0,1300,Buy,235018530
2024-08-27 10:47:22,17750.0,5700,Buy,235018809
2024-08-27 10:47:28,17700.0,200,Sell,235019043
2024-08-27 10:47:36,17750.0,400,Buy,235019321
2024-08-27 10:47:38,17700.0,300,Sell,235019408
2024-08-27 10:47:38,17700.0,1600,Sell,235019409
2024-08-27 10:48:07,17700.0,1400,Sell,235020260
2024-08-27 10:48:07,17700.0,1000,Sell,235020261
2024-08-27 10:48:07,17700.0,100,Sell,235020262
2024-08-27 10:48:07,17700.0,6200,Sell,235020263
2024-08-27 10:48:24,17700.0,200,Sell,235021083
2024-08-27 10:48:33,17700.0,1500,Sell,235021311
2024-08-27 10:48:35,17700.0,100,Sell,235021366
2024-08-27 10:48:56,17700.0,600,Sell,235022084
2024-08-27 10:49:16,17700.0,300,Sell,235022742
2024-08-27 10:49:26,17700.0,1000,Sell,235023011
2024-08-27 10:49:47,17700.0,100,Sell,235023841
2024-08-27 10:49:47,17700.0,100,Sell,235023842
2024-08-27 10:49:49,17700.0,100,Sell,235023894
2024-08-27 10:50:27,17700.0,400,Sell,235024995
2024-08-27 10:50:37,17700.0,2000,Sell,235025207
2024-08-27 10:50:39,17700.0,5000,Sell,235025325
2024-08-27 10:50:45,17700.0,2000,Sell,235025503
2024-08-27 10:50:48,17700.0,19200,Sell,235025584
2024-08-27 10:50:49,17750.0,100,Buy,235025639
2024-08-27 10:50:54,17750.0,500,Buy,235025782
2024-08-27 10:50:54,17750.0,3000,Buy,235025783
2024-08-27 10:50:54,17750.0,2200,Buy,235025784
2024-08-27 10:50:55,17700.0,300,Sell,235025805
2024-08-27 10:50:55,17700.0,1000,Sell,235025815
2024-08-27 10:50:59,17700.0,100,Sell,235025873
2024-08-27 10:50:59,17700.0,5900,Sell,235025872
2024-08-27 10:51:00,17750.0,100,Buy,235025920
2024-08-27 10:51:06,17700.0,200,Sell,235026094
2024-08-27 10:51:06,17700.0,100,Sell,235026093
2024-08-27 10:51:06,17700.0,3000,Sell,235026092
2024-08-27 10:51:06,17700.0,300,Sell,235026091
2024-08-27 10:51:06,17700.0,700,Sell,235026086
2024-08-27 10:51:06,17700.0,2000,Sell,235026089
2024-08-27 10:51:06,17700.0,100,Sell,235026087
2024-08-27 10:51:06,17700.0,3400,Sell,235026090
2024-08-27 10:51:06,17700.0,200,Sell,235026088
2024-08-27 10:51:29,17700.0,100,Sell,235026784
2024-08-27 10:51:31,17700.0,200,Sell,235026874
2024-08-27 10:51:32,17700.0,1000,Sell,235026902
2024-08-27 10:51:32,17700.0,100,Sell,235026901
2024-08-27 10:51:32,17700.0,100,Sell,235026900
2024-08-27 10:51:32,17700.0,200,Sell,235026898
2024-08-27 10:51:32,17700.0,500,Sell,235026897
2024-08-27 10:51:32,17700.0,500,Sell,235026896
2024-08-27 10:51:32,17700.0,200,Sell,235026895
2024-08-27 10:51:32,17700.0,2000,Sell,235026894
2024-08-27 10:51:32,17700.0,1000,Sell,235026893
2024-08-27 10:51:32,17700.0,500,Sell,235026899
2024-08-27 10:51:32,17700.0,2000,Sell,235026891
2024-08-27 10:51:32,17700.0,1000,Sell,235026892
2024-08-27 10:51:32,17700.0,500,Sell,235026884
2024-08-27 10:51:32,17700.0,500,Sell,235026885
2024-08-27 10:51:32,17700.0,100,Sell,235026886
2024-08-27 10:51:32,17700.0,100,Sell,235026883
2024-08-27 10:51:32,17700.0,2000,Sell,235026888
2024-08-27 10:51:32,17700.0,200,Sell,235026889
2024-08-27 10:51:32,17700.0,1000,Sell,235026890
2024-08-27 10:51:32,17700.0,1000,Sell,235026887
2024-08-27 10:51:32,17700.0,500,Sell,235026882
2024-08-27 10:52:01,17750.0,100,Buy,235027730
2024-08-27 10:53:21,17750.0,300,Buy,235029326
2024-08-27 10:53:22,17750.0,1000,Buy,235029355
2024-08-27 10:53:22,17750.0,5000,Buy,235029360
2024-08-27 10:53:22,17750.0,300,Buy,235029356
2024-08-27 10:53:22,17750.0,300,Buy,235029357
2024-08-27 10:53:22,17750.0,3000,Buy,235029358
2024-08-27 10:53:22,17750.0,1000,Buy,235029359
2024-08-27 10:53:22,17750.0,100,Buy,235029365
2024-08-27 10:53:22,17750.0,500,Buy,235029362
2024-08-27 10:53:22,17750.0,200,Buy,235029363
2024-08-27 10:53:22,17750.0,100,Buy,235029364
2024-08-27 10:53:22,17750.0,500,Buy,235029366
2024-08-27 10:53:22,17750.0,500,Buy,235029354
2024-08-27 10:53:22,17750.0,8000,Buy,235029361
2024-08-27 10:53:22,17750.0,7000,Buy,235029353
2024-08-27 10:53:22,17750.0,1000,Buy,235029344
2024-08-27 10:53:22,17750.0,1000,Buy,235029351
2024-08-27 10:53:22,17750.0,1300,Buy,235029338
2024-08-27 10:53:22,17750.0,2000,Buy,235029339
2024-08-27 10:53:22,17750.0,1900,Buy,235029352
2024-08-27 10:53:22,17750.0,2000,Buy,235029341
2024-08-27 10:53:22,17750.0,4100,Buy,235029343
2024-08-27 10:53:22,17750.0,500,Buy,235029340
2024-08-27 10:53:22,17750.0,500,Buy,235029346
2024-08-27 10:53:22,17750.0,500,Buy,235029347
2024-08-27 10:53:22,17750.0,500,Buy,235029348
2024-08-27 10:53:22,17750.0,1600,Buy,235029349
2024-08-27 10:53:22,17750.0,400,Buy,235029350
2024-08-27 10:53:22,17750.0,700,Buy,235029345
2024-08-27 10:53:22,17750.0,3000,Buy,235029342
2024-08-27 10:53:23,17750.0,100,Buy,235029411
2024-08-27 10:53:32,17750.0,400,Buy,235029560
2024-08-27 10:53:32,17750.0,100,Buy,235029561
2024-08-27 10:53:32,17750.0,1000,Buy,235029562
2024-08-27 10:53:32,17750.0,400,Buy,235029563
2024-08-27 10:53:58,17750.0,400,Buy,235030088
2024-08-27 10:53:58,17750.0,4600,Buy,235030086
2024-08-27 10:53:58,17750.0,5000,Buy,235030087
2024-08-27 10:54:05,17750.0,1200,Buy,235030180
2024-08-27 10:54:12,17750.0,2700,Buy,235030282
2024-08-27 10:54:28,17750.0,700,Buy,235030542
2024-08-27 10:54:28,17750.0,300,Buy,235030543
2024-08-27 10:55:34,17750.0,500,Buy,235031595
2024-08-27 10:56:03,17750.0,800,Buy,235032058
2024-08-27 10:56:08,17750.0,1300,Buy,235032116
2024-08-27 10:56:12,17700.0,300,Sell,235032188
2024-08-27 10:56:12,17700.0,100,Sell,235032189
2024-08-27 10:56:12,17700.0,100,Sell,235032190
2024-08-27 10:56:12,17700.0,500,Sell,235032191
2024-08-27 10:56:25,17700.0,500,Sell,235032384
2024-08-27 10:56:25,17700.0,500,Sell,235032385
2024-08-27 10:56:44,17750.0,2100,Buy,235032624
2024-08-27 10:56:44,17750.0,1000,Buy,235032625
2024-08-27 10:56:44,17750.0,400,Buy,235032626
2024-08-27 10:56:44,17750.0,13300,Buy,235032627
2024-08-27 10:57:42,17750.0,100,Buy,235033456
2024-08-27 10:57:53,17750.0,300,Buy,235033638
2024-08-27 10:57:57,17750.0,100,Buy,235033703
2024-08-27 10:57:57,17750.0,5000,Buy,235033704
2024-08-27 10:57:57,17750.0,200,Buy,235033705
2024-08-27 10:57:57,17750.0,100,Buy,235033706
2024-08-27 10:57:57,17750.0,2000,Buy,235033707
2024-08-27 10:57:57,17750.0,1000,Buy,235033708
2024-08-27 10:57:57,17750.0,6300,Buy,235033702
2024-08-27 10:58:06,17750.0,200,Sell,235033843
2024-08-27 10:58:14,17750.0,5100,Sell,235033949
2024-08-27 10:58:14,17750.0,2000,Sell,235033950
2024-08-27 10:58:24,17750.0,16900,Buy,235034093
2024-08-27 10:58:24,17750.0,3100,Buy,235034094
2024-08-27 10:58:38,17750.0,2000,Buy,235034263
2024-08-27 10:58:47,17750.0,10000,Buy,235034376
2024-08-27 10:59:14,17750.0,100,Buy,235034788
2024-08-27 10:59:23,17750.0,400,Buy,235034903
2024-08-27 10:59:51,17700.0,2000,Sell,235035228
2024-08-27 10:59:58,17750.0,400,Buy,235035347
2024-08-27 10:59:58,17750.0,100,Buy,235035348
2024-08-27 11:00:54,17750.0,300,Buy,235036097
2024-08-27 11:01:38,17700.0,200,Sell,235036657
2024-08-27 11:02:01,17700.0,2300,Sell,235037084
2024-08-27 11:02:01,17700.0,700,Sell,235037085
2024-08-27 11:02:03,17700.0,300,Sell,235037095
2024-08-27 11:02:03,17700.0,700,Sell,235037096
2024-08-27 11:02:43,17700.0,200,Sell,235037789
2024-08-27 11:03:23,17750.0,5000,Buy,235038345
2024-08-27 11:03:39,17750.0,100,Buy,235038579
2024-08-27 11:03:44,17750.0,2000,Buy,235038628
2024-08-27 11:04:09,17750.0,100,Buy,235038986
2024-08-27 11:04:12,17750.0,1000,Buy,235039026
2024-08-27 11:04:15,17700.0,700,Sell,235039078
2024-08-27 11:04:18,17750.0,100,Buy,235039117
2024-08-27 11:05:05,17700.0,200,Sell,235039895
2024-08-27 11:05:05,17700.0,3600,Sell,235039896
2024-08-27 11:05:05,17700.0,1200,Sell,235039894
2024-08-27 11:05:15,17750.0,100,Buy,235040045
2024-08-27 11:05:33,17750.0,200,Buy,235040448
2024-08-27 11:05:33,17750.0,1000,Buy,235040449
2024-08-27 11:05:33,17750.0,3800,Buy,235040450
2024-08-27 11:05:40,17700.0,300,Sell,235040617
2024-08-27 11:05:50,17700.0,500,Sell,235040882
2024-08-27 11:06:08,17700.0,3000,Sell,235041187
2024-08-27 11:07:04,17700.0,1600,Sell,235042303
2024-08-27 11:07:39,17700.0,5000,Sell,235043060
2024-08-27 11:07:39,17700.0,500,Sell,235043048
2024-08-27 11:07:39,17700.0,500,Sell,235043047
2024-08-27 11:07:39,17700.0,300,Sell,235043049
2024-08-27 11:07:39,17700.0,100,Sell,235043045
2024-08-27 11:07:39,17700.0,500,Sell,235043044
2024-08-27 11:07:39,17700.0,500,Sell,235043043
2024-08-27 11:07:39,17700.0,1000,Sell,235043042
2024-08-27 11:07:39,17700.0,100,Sell,235043046
2024-08-27 11:07:42,17750.0,100,Buy,235043091
2024-08-27 11:09:00,17700.0,5500,Sell,235044551
2024-08-27 11:09:07,17700.0,100,Sell,235044637
2024-08-27 11:09:16,17700.0,100,Sell,235044819
2024-08-27 11:09:17,17700.0,4500,Sell,235044820
2024-08-27 11:09:30,17700.0,5000,Sell,235045018
2024-08-27 11:09:32,17700.0,3000,Sell,235045097
2024-08-27 11:09:44,17750.0,100,Buy,235045433
2024-08-27 11:09:52,17750.0,700,Buy,235045581
2024-08-27 11:10:05,17750.0,3800,Buy,235045853
2024-08-27 11:10:05,17750.0,1900,Buy,235045854
2024-08-27 11:10:20,17700.0,500,Sell,235046251
2024-08-27 11:11:04,17700.0,600,Sell,235047622
2024-08-27 11:11:24,17700.0,2000,Sell,235048097
2024-08-27 11:11:50,17700.0,2000,Sell,235048816
2024-08-27 11:12:17,17700.0,5000,Sell,235049429
2024-08-27 11:12:22,17700.0,5000,Sell,235049570
2024-08-27 11:12:28,17700.0,5000,Sell,235049696
2024-08-27 11:12:50,17700.0,2000,Sell,235050226
2024-08-27 11:13:10,17700.0,20000,Sell,235050700
2024-08-27 11:13:14,17700.0,10000,Sell,235050787
2024-08-27 11:13:17,17700.0,2000,Sell,235050820
2024-08-27 11:13:23,17700.0,1000,Sell,235050935
2024-08-27 11:14:13,17700.0,300,Sell,235052023
2024-08-27 11:14:13,17700.0,100,Sell,235052025
2024-08-27 11:14:13,17700.0,100,Sell,235052024
2024-08-27 11:14:13,17700.0,1000,Sell,235052022
2024-08-27 11:14:13,17700.0,8400,Sell,235052017
2024-08-27 11:14:13,17700.0,500,Sell,235052020
2024-08-27 11:14:13,17700.0,100,Sell,235052019
2024-08-27 11:14:13,17700.0,2000,Sell,235052018
2024-08-27 11:14:13,17700.0,2500,Sell,235052021
2024-08-27 11:14:13,17700.0,3000,Sell,235052014
2024-08-27 11:14:48,17700.0,100,Sell,235052743
2024-08-27 11:14:48,17700.0,300,Sell,235052744
2024-08-27 11:14:48,17700.0,300,Sell,235052745
2024-08-27 11:14:48,17700.0,200,Sell,235052746
2024-08-27 11:14:48,17700.0,1000,Sell,235052747
2024-08-27 11:14:48,17700.0,100,Sell,235052748
2024-08-27 11:14:48,17700.0,300,Sell,235052749
2024-08-27 11:14:48,17700.0,100,Sell,235052750
2024-08-27 11:14:48,17700.0,500,Sell,235052753
2024-08-27 11:14:48,17700.0,100,Sell,235052754
2024-08-27 11:14:48,17700.0,200,Sell,235052755
2024-08-27 11:14:48,17700.0,1000,Sell,235052757
2024-08-27 11:14:48,17700.0,500,Sell,235052758
2024-08-27 11:14:48,17700.0,100,Sell,235052759
2024-08-27 11:14:48,17700.0,500,Sell,235052760
2024-08-27 11:14:48,17700.0,5500,Sell,235052761
2024-08-27 11:14:48,17700.0,100,Sell,235052742
2024-08-27 11:14:48,17700.0,100,Sell,235052752
2024-08-27 11:14:48,17700.0,500,Sell,235052741
2024-08-27 11:14:48,17700.0,100,Sell,235052751
2024-08-27 11:14:48,17700.0,100,Sell,235052739
2024-08-27 11:14:48,17700.0,100,Sell,235052721
2024-08-27 11:14:48,17700.0,200,Sell,235052722
2024-08-27 11:14:48,17700.0,200,Sell,235052723
2024-08-27 11:14:48,17700.0,100,Sell,235052724
2024-08-27 11:14:48,17700.0,500,Sell,235052725
2024-08-27 11:14:48,17700.0,3000,Sell,235052726
2024-08-27 11:14:48,17700.0,100,Sell,235052727
2024-08-27 11:14:48,17700.0,500,Sell,235052728
2024-08-27 11:14:48,17700.0,100,Sell,235052729
2024-08-27 11:14:48,17700.0,1900,Sell,235052720
2024-08-27 11:14:48,17700.0,1000,Sell,235052731
2024-08-27 11:14:48,17700.0,1000,Sell,235052730
2024-08-27 11:14:48,17700.0,5000,Sell,235052738
2024-08-27 11:14:48,17700.0,100,Sell,235052737
2024-08-27 11:14:48,17700.0,1000,Sell,235052736
2024-08-27 11:14:48,17700.0,1000,Sell,235052740
2024-08-27 11:14:48,17700.0,200,Sell,235052734
2024-08-27 11:14:48,17700.0,6000,Sell,235052733
2024-08-27 11:14:48,17700.0,200,Sell,235052735
2024-08-27 11:14:48,17700.0,100,Sell,235052732
2024-08-27 11:15:35,17700.0,900,Sell,235053758
2024-08-27 11:15:49,17700.0,2700,Sell,235054052
2024-08-27 11:15:49,17700.0,500,Sell,235054050
2024-08-27 11:15:49,17700.0,1000,Sell,235054049
2024-08-27 11:15:49,17700.0,1000,Sell,235054051
2024-08-27 11:15:49,17700.0,500,Sell,235054046
2024-08-27 11:15:49,17700.0,100,Sell,235054045
2024-08-27 11:15:49,17700.0,3600,Sell,235054044
2024-08-27 11:15:49,17700.0,100,Sell,235054047
2024-08-27 11:15:49,17700.0,500,Sell,235054048
2024-08-27 11:16:01,17700.0,300,Sell,235054283
2024-08-27 11:16:01,17700.0,400,Sell,235054284
2024-08-27 11:16:01,17700.0,2500,Sell,235054285
2024-08-27 11:16:01,17700.0,400,Sell,235054286
2024-08-27 11:16:01,17700.0,500,Sell,235054287
2024-08-27 11:16:01,17700.0,5000,Sell,235054288
2024-08-27 11:16:01,17700.0,900,Sell,235054289
2024-08-27 11:16:19,17700.0,500,Sell,235054725
2024-08-27 11:16:19,17700.0,200,Sell,235054726
2024-08-27 11:16:19,17700.0,100,Sell,235054724
2024-08-27 11:16:19,17700.0,100,Sell,235054722
2024-08-27 11:16:19,17700.0,100,Sell,235054723
2024-08-27 11:16:21,17700.0,9800,Sell,235054762
2024-08-27 11:16:21,17700.0,100,Sell,235054763
2024-08-27 11:16:21,17700.0,500,Sell,235054764
2024-08-27 11:16:21,17700.0,100,Sell,235054765
2024-08-27 11:16:21,17700.0,1000,Sell,235054766
2024-08-27 11:16:21,17700.0,5000,Sell,235054767
2024-08-27 11:16:21,17700.0,8500,Sell,235054768
2024-08-27 11:16:43,17750.0,200,Buy,235055269
2024-08-27 11:17:01,17700.0,300,Sell,235055526
2024-08-27 11:17:01,17700.0,1000,Sell,235055525
2024-08-27 11:17:01,17700.0,900,Sell,235055524
2024-08-27 11:17:01,17700.0,400,Sell,235055523
2024-08-27 11:17:01,17700.0,4100,Sell,235055527
2024-08-27 11:17:01,17700.0,100,Sell,235055521
2024-08-27 11:17:01,17700.0,100,Sell,235055520
2024-08-27 11:17:01,17700.0,500,Sell,235055519
2024-08-27 11:17:01,17700.0,100,Sell,235055518
2024-08-27 11:17:01,17700.0,1500,Sell,235055517
2024-08-27 11:17:01,17700.0,1000,Sell,235055522
2024-08-27 11:17:29,17700.0,600,Sell,235056127
2024-08-27 11:17:29,17700.0,200,Sell,235056126
2024-08-27 11:17:29,17700.0,8000,Sell,235056125
2024-08-27 11:17:29,17700.0,100,Sell,235056123
2024-08-27 11:17:29,17700.0,4000,Sell,235056124
2024-08-27 11:17:29,17700.0,1000,Sell,235056121
2024-08-27 11:17:29,17700.0,3000,Sell,235056120
2024-08-27 11:17:29,17700.0,200,Sell,235056119
2024-08-27 11:17:29,17700.0,900,Sell,235056118
2024-08-27 11:17:29,17700.0,2000,Sell,235056122
2024-08-27 11:17:33,17700.0,500,Sell,235056170
2024-08-27 11:17:35,17750.0,1900,Buy,235056199
2024-08-27 11:17:38,17700.0,10000,Sell,235056242
2024-08-27 11:17:54,17700.0,400,Sell,235056493
2024-08-27 11:17:57,17700.0,5000,Sell,235056557
2024-08-27 11:18:01,17700.0,600,Sell,235056636
2024-08-27 11:18:11,17750.0,1900,Buy,235056796
2024-08-27 11:18:40,17750.0,1900,Buy,235057328
2024-08-27 11:18:45,17700.0,300,Sell,235057373
2024-08-27 11:18:54,17750.0,1000,Buy,235057511
2024-08-27 11:19:04,17750.0,1900,Buy,235057711
2024-08-27 11:19:44,17700.0,5000,Sell,235058403
2024-08-27 11:20:31,17700.0,2500,Sell,235059050
2024-08-27 11:20:32,17700.0,200,Sell,235059063
2024-08-27 11:20:57,17700.0,1000,Sell,235059411
2024-08-27 11:20:57,17700.0,900,Sell,235059409
2024-08-27 11:20:57,17700.0,100,Sell,235059410
2024-08-27 11:21:02,17700.0,800,Sell,235059468
2024-08-27 11:21:02,17700.0,200,Sell,235059469
2024-08-27 11:21:11,17750.0,1300,Buy,235059650
2024-08-27 11:21:11,17750.0,600,Buy,235059651
2024-08-27 11:22:54,17750.0,100,Buy,235061199
2024-08-27 11:23:17,17700.0,300,Sell,235061429
2024-08-27 11:23:17,17700.0,700,Sell,235061430
2024-08-27 11:23:37,17700.0,500,Sell,235061684
2024-08-27 11:24:13,17750.0,1000,Buy,235062114
2024-08-27 11:25:20,17750.0,100,Buy,235063012
2024-08-27 11:26:16,17750.0,1900,Buy,235063911
2024-08-27 11:26:24,17750.0,5000,Buy,235064008
2024-08-27 11:26:24,17700.0,1600,Sell,235064014
2024-08-27 11:26:39,17700.0,1800,Sell,235064198
2024-08-27 11:26:39,17700.0,200,Sell,235064197
2024-08-27 11:26:46,17700.0,100,Sell,235064287
2024-08-27 11:26:56,17700.0,100,Sell,235064430
2024-08-27 11:27:37,17700.0,200,Sell,235064999
2024-08-27 11:27:46,17700.0,100,Sell,235065241
2024-08-27 11:27:51,17700.0,100,Sell,235065335
2024-08-27 11:28:12,17700.0,1500,Sell,235065711
2024-08-27 11:28:28,17750.0,100,Buy,235066070
2024-08-27 11:28:33,17700.0,3000,Sell,235066160
2024-08-27 11:28:51,17700.0,300,Sell,235066504
2024-08-27 11:29:14,17700.0,1500,Sell,235066903
2024-08-27 11:29:30,17700.0,1300,Sell,235067111
2024-08-27 11:29:30,17700.0,1000,Sell,235067112
2024-08-27 11:29:30,17700.0,2700,Sell,235067113
2024-08-27 12:59:38,17700.0,100,Sell,235067649
2024-08-27 12:59:40,17750.0,100,Buy,235068430
2024-08-27 12:59:43,17700.0,700,Sell,235069686
2024-08-27 12:59:44,17700.0,500,Sell,235070049
2024-08-27 12:59:48,17700.0,1500,Sell,235070525
2024-08-27 12:59:48,17750.0,600,Buy,235070578
2024-08-27 12:59:49,17700.0,1500,Sell,235070751
2024-08-27 12:59:49,17700.0,500,Sell,235070752
2024-08-27 12:59:50,17700.0,500,Sell,235070817
2024-08-27 12:59:50,17700.0,200,Sell,235070818
2024-08-27 12:59:50,17700.0,300,Sell,235070819
2024-08-27 12:59:50,17700.0,300,Sell,235070820
2024-08-27 12:59:50,17700.0,200,Sell,235070821
2024-08-27 12:59:50,17700.0,1000,Sell,235070822
2024-08-27 12:59:50,17750.0,100,Buy,235070844
2024-08-27 12:59:50,17700.0,500,Sell,235070845
2024-08-27 12:59:56,17700.0,1400,Sell,235071400
2024-08-27 12:59:58,17700.0,1000,Sell,235071644
2024-08-27 13:00:06,17700.0,1200,Sell,235072106
2024-08-27 13:00:10,17700.0,200,Sell,235072317
2024-08-27 13:00:12,17700.0,3100,Sell,235072398
2024-08-27 13:01:29,17700.0,100,Sell,235074318
2024-08-27 13:01:52,17700.0,100,Sell,235074859
2024-08-27 13:02:06,17700.0,1100,Sell,235075188
2024-08-27 13:02:07,17700.0,100,Sell,235075226
2024-08-27 13:02:07,17700.0,400,Sell,235075227
2024-08-27 13:02:22,17700.0,4600,Sell,235075650
2024-08-27 13:02:22,17700.0,400,Sell,235075651
2024-08-27 13:02:40,17700.0,100,Sell,235076087
2024-08-27 13:02:40,17700.0,100,Sell,235076088
2024-08-27 13:03:04,17700.0,100,Sell,235076758
2024-08-27 13:03:04,17700.0,100,Sell,235076759
2024-08-27 13:03:04,17700.0,500,Sell,235076757
2024-08-27 13:03:04,17700.0,2600,Sell,235076760
2024-08-27 13:03:04,17700.0,300,Sell,235076755
2024-08-27 13:03:04,17700.0,300,Sell,235076732
2024-08-27 13:03:04,17700.0,500,Sell,235076756
2024-08-27 13:03:04,17700.0,200,Sell,235076754
2024-08-27 13:03:04,17700.0,4600,Sell,235076753
2024-08-27 13:03:12,17700.0,300,Sell,235076990
2024-08-27 13:03:18,17700.0,500,Sell,235077259
2024-08-27 13:03:28,17700.0,100,Sell,235077499
2024-08-27 13:04:01,17700.0,1500,Sell,235078384
2024-08-27 13:04:01,17700.0,100,Sell,235078385
2024-08-27 13:04:01,17700.0,10000,Sell,235078386
2024-08-27 13:04:01,17700.0,100,Sell,235078387
2024-08-27 13:04:01,17700.0,100,Sell,235078388
2024-08-27 13:04:01,17700.0,100,Sell,235078389
2024-08-27 13:04:01,17700.0,3400,Sell,235078390
2024-08-27 13:04:08,17700.0,900,Sell,235078505
2024-08-27 13:05:01,17700.0,2000,Sell,235079791
2024-08-27 13:05:19,17750.0,400,Buy,235080273
2024-08-27 13:05:19,17750.0,400,Buy,235080272
2024-08-27 13:05:19,17750.0,3000,Buy,235080270
2024-08-27 13:05:19,17750.0,1500,Buy,235080271
2024-08-27 13:05:19,17750.0,400,Buy,235080269
2024-08-27 13:05:40,17750.0,1600,Buy,235080886
2024-08-27 13:05:40,17750.0,100,Buy,235080887
2024-08-27 13:05:40,17750.0,2000,Buy,235080888
2024-08-27 13:05:40,17750.0,100,Buy,235080889
2024-08-27 13:05:40,17750.0,200,Buy,235080890
2024-08-27 13:05:42,17750.0,19800,Buy,235080936
2024-08-27 13:05:42,17750.0,100,Buy,235080938
2024-08-27 13:05:42,17750.0,100,Buy,235080937
2024-08-27 13:06:21,17750.0,500,Buy,235082114
2024-08-27 13:06:26,17750.0,100,Buy,235082271
2024-08-27 13:06:31,17750.0,400,Buy,235082394
2024-08-27 13:06:31,17750.0,400,Buy,235082395
2024-08-27 13:06:31,17750.0,200,Buy,235082396
2024-08-27 13:06:49,17750.0,200,Buy,235082834
2024-08-27 13:06:59,17750.0,300,Buy,235083079
2024-08-27 13:07:17,17750.0,1300,Buy,235083513
2024-08-27 13:07:17,17750.0,700,Buy,235083514
2024-08-27 13:07:18,17750.0,200,Buy,235083564
2024-08-27 13:07:31,17750.0,5600,Buy,235083864
2024-08-27 13:07:31,17750.0,100,Buy,235083863
2024-08-27 13:07:40,17750.0,1000,Buy,235084107
2024-08-27 13:07:54,17750.0,200,Buy,235084524
2024-08-27 13:07:57,17700.0,2000,Sell,235084651
2024-08-27 13:08:10,17750.0,100,Buy,235085141
2024-08-27 13:08:29,17750.0,200,Buy,235085819
2024-08-27 13:09:34,17750.0,4000,Buy,235088413
2024-08-27 13:10:01,17700.0,400,Sell,235089399
2024-08-27 13:10:03,17750.0,300,Buy,235089444
2024-08-27 13:10:22,17750.0,5700,Buy,235090176
2024-08-27 13:10:48,17750.0,100,Buy,235091371
2024-08-27 13:10:48,17750.0,100,Buy,235091372
2024-08-27 13:10:49,17750.0,1000,Buy,235091374
2024-08-27 13:11:11,17700.0,500,Sell,235092271
2024-08-27 13:11:11,17700.0,2300,Sell,235092272
2024-08-27 13:11:11,17700.0,100,Sell,235092269
2024-08-27 13:11:11,17700.0,100,Sell,235092268
2024-08-27 13:11:11,17700.0,1300,Sell,235092267
2024-08-27 13:11:11,17700.0,5700,Sell,235092270
2024-08-27 13:11:23,17750.0,1000,Buy,235092683
2024-08-27 13:11:43,17750.0,500,Buy,235093333
2024-08-27 13:12:22,17700.0,1800,Sell,235094537
2024-08-27 13:12:41,17700.0,100,Sell,235095046
2024-08-27 13:13:09,17700.0,2000,Sell,235095821
2024-08-27 13:14:16,17700.0,2200,Sell,235097726
2024-08-27 13:14:52,17750.0,200,Buy,235098495
2024-08-27 13:14:59,17700.0,500,Sell,235098643
2024-08-27 13:15:07,17750.0,200,Buy,235098840
2024-08-27 13:15:07,17750.0,500,Buy,235098839
2024-08-27 13:15:07,17750.0,100,Buy,235098838
2024-08-27 13:15:07,17750.0,100,Buy,235098834
2024-08-27 13:15:07,17750.0,100,Buy,235098837
2024-08-27 13:15:07,17750.0,200,Buy,235098833
2024-08-27 13:15:07,17750.0,1000,Buy,235098828
2024-08-27 13:15:07,17750.0,1900,Buy,235098831
2024-08-27 13:15:07,17750.0,100,Buy,235098832
2024-08-27 13:15:07,17750.0,10000,Buy,235098825
2024-08-27 13:15:07,17750.0,300,Buy,235098826
2024-08-27 13:15:07,17750.0,1500,Buy,235098827
2024-08-27 13:15:07,17750.0,1000,Buy,235098829
2024-08-27 13:15:07,17750.0,1000,Buy,235098830
2024-08-27 13:15:35,17700.0,2000,Sell,235099588
2024-08-27 13:15:56,17700.0,5000,Sell,235100243
2024-08-27 13:16:59,17700.0,4100,Sell,235101849
2024-08-27 13:16:59,17700.0,100,Sell,235101850
2024-08-27 13:16:59,17700.0,200,Sell,235101851
2024-08-27 13:16:59,17700.0,1600,Sell,235101852
2024-08-27 13:17:01,17700.0,4100,Sell,235101896
2024-08-27 13:17:09,17750.0,100,Buy,235102087
2024-08-27 13:17:09,17700.0,100,Sell,235102088
2024-08-27 13:17:12,17750.0,100,Buy,235102165
2024-08-27 13:17:15,17750.0,700,Buy,235102244
2024-08-27 13:17:15,17750.0,1000,Buy,235102243
2024-08-27 13:17:15,17750.0,2500,Buy,235102240
2024-08-27 13:17:15,17750.0,400,Buy,235102239
2024-08-27 13:17:15,17750.0,300,Buy,235102241
2024-08-27 13:17:15,17750.0,100,Buy,235102242
2024-08-27 13:17:25,17750.0,100,Buy,235102455
2024-08-27 13:17:42,17750.0,200,Buy,235102867
2024-08-27 13:17:42,17750.0,800,Buy,235102868
2024-08-27 13:17:47,17700.0,900,Sell,235102984
2024-08-27 13:17:47,17700.0,100,Sell,235102985
2024-08-27 13:17:47,17700.0,500,Sell,235102986
2024-08-27 13:18:06,17750.0,1200,Buy,235103482
2024-08-27 13:18:06,17750.0,100,Buy,235103483
2024-08-27 13:18:06,17750.0,900,Buy,235103484
2024-08-27 13:18:11,17700.0,500,Sell,235103581
2024-08-27 13:19:03,17700.0,300,Sell,235104951
2024-08-27 13:19:03,17700.0,6200,Sell,235104950
2024-08-27 13:19:03,17700.0,200,Sell,235104948
2024-08-27 13:19:03,17700.0,4700,Sell,235104947
2024-08-27 13:19:03,17700.0,200,Sell,235104949
2024-08-27 13:19:12,17700.0,3200,Sell,235105173
2024-08-27 13:19:14,17750.0,700,Buy,235105203
2024-08-27 13:20:10,17750.0,300,Buy,235106506
2024-08-27 13:21:25,17750.0,1000,Buy,235108805
2024-08-27 13:21:36,17700.0,3000,Sell,235109068
2024-08-27 13:21:36,17700.0,100,Sell,235109067
2024-08-27 13:21:36,17700.0,2000,Sell,235109066
2024-08-27 13:21:36,17700.0,400,Sell,235109065
2024-08-27 13:21:36,17700.0,9100,Sell,235109069
2024-08-27 13:21:36,17700.0,100,Sell,235109063
2024-08-27 13:21:36,17700.0,2000,Sell,235109062
2024-08-27 13:21:36,17700.0,1000,Sell,235109061
2024-08-27 13:21:36,17700.0,2200,Sell,235109060
2024-08-27 13:21:36,17700.0,100,Sell,235109064
2024-08-27 13:21:43,17750.0,6700,Buy,235109265
2024-08-27 13:21:43,17750.0,1000,Buy,235109264
2024-08-27 13:21:43,17750.0,500,Buy,235109262
2024-08-27 13:21:43,17750.0,800,Buy,235109263
2024-08-27 13:21:43,17750.0,13400,Buy,235109260
2024-08-27 13:21:43,17750.0,10500,Buy,235109259
2024-08-27 13:21:43,17750.0,7100,Buy,235109258
2024-08-27 13:21:43,17750.0,10000,Buy,235109261
2024-08-27 13:21:49,17750.0,300,Buy,235109414
2024-08-27 13:21:49,17750.0,200,Buy,235109415
2024-08-27 13:21:49,17750.0,1400,Buy,235109416
2024-08-27 13:22:07,17750.0,200,Buy,235109868
2024-08-27 13:22:46,17700.0,500,Sell,235111006
2024-08-27 13:22:53,17750.0,100,Buy,235111251
2024-08-27 13:22:58,17700.0,500,Sell,235111403
2024-08-27 13:22:58,17700.0,400,Sell,235111401
2024-08-27 13:22:58,17700.0,100,Sell,235111402
2024-08-27 13:23:17,17750.0,1300,Buy,235111876
2024-08-27 13:23:17,17750.0,300,Buy,235111874
2024-08-27 13:23:17,17750.0,400,Buy,235111875
2024-08-27 13:24:22,17750.0,100,Buy,235113632
2024-08-27 13:25:06,17750.0,100,Buy,235114667
2024-08-27 13:25:17,17700.0,400,Sell,235114891
2024-08-27 13:25:17,17700.0,400,Sell,235114892
2024-08-27 13:25:24,17750.0,5400,Buy,235114998
2024-08-27 13:26:24,17750.0,1500,Buy,235116241
2024-08-27 13:26:26,17750.0,1700,Buy,235116278
2024-08-27 13:26:26,17700.0,200,Sell,235116279
2024-08-27 13:26:32,17700.0,3500,Sell,235116395
2024-08-27 13:26:36,17700.0,1000,Sell,235116458
2024-08-27 13:26:41,17700.0,400,Sell,235116614
2024-08-27 13:26:41,17700.0,100,Sell,235116613
2024-08-27 13:26:41,17700.0,100,Sell,235116612
2024-08-27 13:26:41,17700.0,200,Sell,235116609
2024-08-27 13:26:41,17700.0,4800,Sell,235116608
2024-08-27 13:26:41,17700.0,500,Sell,235116611
2024-08-27 13:26:41,17700.0,100,Sell,235116610
2024-08-27 13:26:52,17700.0,600,Sell,235116870
2024-08-27 13:26:52,17700.0,1000,Sell,235116871
2024-08-27 13:26:52,17700.0,1000,Sell,235116872
2024-08-27 13:26:52,17700.0,400,Sell,235116873
2024-08-27 13:26:52,17700.0,200,Sell,235116886
2024-08-27 13:26:58,17700.0,400,Sell,235116992
2024-08-27 13:26:58,17700.0,600,Sell,235116993
2024-08-27 13:27:05,17700.0,200,Sell,235117205
2024-08-27 13:27:24,17700.0,100,Sell,235117636
2024-08-27 13:27:24,17700.0,100,Sell,235117637
2024-08-27 13:27:29,17750.0,1300,Buy,235117755
2024-08-27 13:27:29,17750.0,1000,Buy,235117754
2024-08-27 13:27:29,17750.0,4900,Buy,235117753
2024-08-27 13:27:51,17700.0,2000,Sell,235118259
2024-08-27 13:28:17,17750.0,100,Buy,235118830
2024-08-27 13:28:54,17700.0,400,Sell,235119677
2024-08-27 13:28:54,17700.0,1000,Sell,235119678
2024-08-27 13:28:54,17700.0,5700,Sell,235119679
2024-08-27 13:28:54,17700.0,1000,Sell,235119680
2024-08-27 13:28:54,17700.0,5700,Sell,235119681
2024-08-27 13:28:54,17700.0,100,Sell,235119682
2024-08-27 13:28:54,17700.0,1900,Sell,235119683
2024-08-27 13:29:33,17700.0,3800,Sell,235120576
2024-08-27 13:29:33,17700.0,200,Sell,235120577
2024-08-27 13:29:33,17700.0,3100,Sell,235120578
2024-08-27 13:29:33,17700.0,200,Sell,235120579
2024-08-27 13:29:33,17700.0,2700,Sell,235120580
2024-08-27 13:29:47,17700.0,3100,Sell,235120797
2024-08-27 13:29:47,17700.0,400,Sell,235120796
2024-08-27 13:30:24,17700.0,1000,Sell,235121955
2024-08-27 13:30:42,17700.0,1600,Sell,235122334
2024-08-27 13:30:42,17700.0,1000,Sell,235122335
2024-08-27 13:30:42,17700.0,7400,Sell,235122336
2024-08-27 13:30:48,17700.0,100,Sell,235122491
2024-08-27 13:30:55,17700.0,5000,Sell,235122640
2024-08-27 13:31:20,17700.0,1000,Sell,235123050
2024-08-27 13:31:20,17750.0,100,Buy,235123051
2024-08-27 13:31:33,17700.0,2000,Sell,235123347
2024-08-27 13:32:21,17700.0,200,Sell,235124476
2024-08-27 13:32:33,17700.0,1200,Sell,235124672
2024-08-27 13:32:40,17700.0,3000,Sell,235124807
2024-08-27 13:33:05,17700.0,300,Sell,235125386
2024-08-27 13:33:17,17700.0,5000,Sell,235125753
2024-08-27 13:33:18,17700.0,7700,Sell,235125822
2024-08-27 13:33:18,17700.0,2600,Sell,235125821
2024-08-27 13:33:29,17700.0,1200,Sell,235126161
2024-08-27 13:33:40,17700.0,400,Sell,235126462
2024-08-27 13:34:18,17700.0,100,Sell,235127359
2024-08-27 13:34:18,17700.0,700,Sell,235127337
2024-08-27 13:34:18,17700.0,1000,Sell,235127336
2024-08-27 13:34:18,17700.0,100,Sell,235127335
2024-08-27 13:34:18,17700.0,400,Sell,235127334
2024-08-27 13:34:18,17700.0,700,Sell,235127327
2024-08-27 13:34:18,17700.0,300,Sell,235127332
2024-08-27 13:34:18,17700.0,5700,Sell,235127331
2024-08-27 13:34:18,17700.0,400,Sell,235127330
2024-08-27 13:34:18,17700.0,5700,Sell,235127329
2024-08-27 13:34:18,17700.0,100,Sell,235127328
2024-08-27 13:34:18,17700.0,200,Sell,235127333
2024-08-27 13:34:54,17750.0,300,Buy,235128517
2024-08-27 13:35:13,17750.0,1000,Buy,235129184
2024-08-27 13:35:37,17750.0,200,Buy,235129990
2024-08-27 13:35:37,17750.0,100,Buy,235129988
2024-08-27 13:35:37,17750.0,1200,Buy,235129987
2024-08-27 13:35:37,17750.0,500,Buy,235129989
2024-08-27 13:35:39,17750.0,5000,Buy,235130067
2024-08-27 13:35:41,17700.0,100,Sell,235130107
2024-08-27 13:35:41,17700.0,1300,Sell,235130110
2024-08-27 13:35:41,17700.0,1000,Sell,235130109
2024-08-27 13:35:41,17700.0,10000,Sell,235130108
2024-08-27 13:35:41,17700.0,1000,Sell,235130106
2024-08-27 13:35:41,17700.0,5700,Sell,235130101
2024-08-27 13:35:41,17700.0,100,Sell,235130104
2024-08-27 13:35:41,17700.0,100,Sell,235130103
2024-08-27 13:35:41,17700.0,1000,Sell,235130102
2024-08-27 13:35:41,17700.0,4200,Sell,235130100
2024-08-27 13:35:41,17700.0,500,Sell,235130105
2024-08-27 13:35:49,17750.0,500,Buy,235130376
2024-08-27 13:36:00,17750.0,100,Buy,235130832
2024-08-27 13:36:09,17700.0,8000,Sell,235131172
2024-08-27 13:36:23,17750.0,3000,Buy,235131719
2024-08-27 13:36:23,17750.0,2700,Buy,235131720
2024-08-27 13:36:23,17750.0,4200,Buy,235131717
2024-08-27 13:36:23,17750.0,100,Buy,235131718
2024-08-27 13:36:26,17700.0,700,Sell,235131798
2024-08-27 13:36:26,17700.0,5000,Sell,235131799
2024-08-27 13:36:26,17700.0,5000,Sell,235131800
2024-08-27 13:36:26,17700.0,300,Sell,235131801
2024-08-27 13:36:26,17700.0,1800,Sell,235131802
2024-08-27 13:36:26,17700.0,2000,Sell,235131803
2024-08-27 13:36:26,17700.0,200,Sell,235131804
2024-08-27 13:36:32,17700.0,300,Sell,235132137
2024-08-27 13:36:33,17750.0,1900,Buy,235132193
2024-08-27 13:36:35,17750.0,1900,Buy,235132244
2024-08-27 13:36:35,17750.0,100,Buy,235132243
2024-08-27 13:36:35,17750.0,400,Buy,235132240
2024-08-27 13:36:35,17750.0,6800,Buy,235132241
2024-08-27 13:36:35,17750.0,800,Buy,235132242
2024-08-27 13:36:48,17750.0,5000,Buy,235132617
2024-08-27 13:37:03,17750.0,500,Buy,235133115
2024-08-27 13:37:03,17750.0,400,Buy,235133116
2024-08-27 13:37:03,17750.0,700,Buy,235133119
2024-08-27 13:37:03,17750.0,100,Buy,235133118
2024-08-27 13:37:03,17750.0,400,Buy,235133120
2024-08-27 13:37:03,17750.0,10000,Buy,235133114
2024-08-27 13:37:03,17750.0,4000,Buy,235133122
2024-08-27 13:37:03,17750.0,4500,Buy,235133123
2024-08-27 13:37:03,17750.0,1100,Buy,235133124
2024-08-27 13:37:03,17750.0,3000,Buy,235133125
2024-08-27 13:37:03,17750.0,1600,Buy,235133126
2024-08-27 13:37:03,17750.0,500,Buy,235133121
2024-08-27 13:37:03,17750.0,4000,Buy,235133112
2024-08-27 13:37:03,17750.0,200,Buy,235133117
2024-08-27 13:37:03,17750.0,1300,Buy,235133113
2024-08-27 13:37:03,17750.0,2600,Buy,235133075
2024-08-27 13:37:03,17750.0,700,Buy,235133076
2024-08-27 13:37:03,17750.0,200,Buy,235133077
2024-08-27 13:37:03,17750.0,7000,Buy,235133078
2024-08-27 13:37:03,17750.0,1500,Buy,235133079
2024-08-27 13:37:03,17750.0,5000,Buy,235133081
2024-08-27 13:37:03,17750.0,20000,Buy,235133080
2024-08-27 13:37:03,17750.0,21300,Buy,235133083
2024-08-27 13:37:03,17750.0,1000,Buy,235133084
2024-08-27 13:37:03,17750.0,300,Buy,235133085
2024-08-27 13:37:03,17750.0,1000,Buy,235133086
2024-08-27 13:37:03,17750.0,4000,Buy,235133087
2024-08-27 13:37:03,17750.0,2000,Buy,235133082
2024-08-27 13:37:03,17750.0,100,Buy,235133088
2024-08-27 13:37:05,17750.0,300,Buy,235133217
2024-08-27 13:37:05,17750.0,4700,Buy,235133218
2024-08-27 13:37:07,17750.0,4000,Buy,235133256
2024-08-27 13:37:08,17750.0,200,Buy,235133281
2024-08-27 13:37:09,17700.0,100,Sell,235133316
2024-08-27 13:37:09,17700.0,300,Sell,235133326
2024-08-27 13:37:09,17700.0,1000,Sell,235133325
2024-08-27 13:37:09,17700.0,500,Sell,235133315
2024-08-27 13:37:09,17700.0,100,Sell,235133323
2024-08-27 13:37:09,17700.0,100,Sell,235133322
2024-08-27 13:37:09,17700.0,100,Sell,235133324
2024-08-27 13:37:09,17700.0,100,Sell,235133320
2024-08-27 13:37:09,17700.0,1000,Sell,235133319
2024-08-27 13:37:09,17700.0,1000,Sell,235133318
2024-08-27 13:37:09,17700.0,1000,Sell,235133317
2024-08-27 13:37:09,17700.0,200,Sell,235133321
2024-08-27 13:37:12,17750.0,200,Buy,235133407
2024-08-27 13:37:13,17750.0,500,Buy,235133440
2024-08-27 13:37:13,17750.0,1000,Buy,235133451
2024-08-27 13:37:17,17750.0,1000,Buy,235133587
2024-08-27 13:37:20,17750.0,7100,Buy,235133667
2024-08-27 13:37:20,17750.0,900,Buy,235133665
2024-08-27 13:37:20,17750.0,1000,Buy,235133666
2024-08-27 13:37:21,17750.0,1100,Buy,235133700
2024-08-27 13:37:23,17750.0,500,Buy,235133731
2024-08-27 13:37:24,17750.0,3000,Buy,235133751
2024-08-27 13:37:25,17750.0,300,Buy,235133784
2024-08-27 13:37:25,17750.0,200,Buy,235133785
2024-08-27 13:37:26,17750.0,1000,Buy,235133865
2024-08-27 13:37:26,17750.0,10000,Buy,235133876
2024-08-27 13:37:29,17750.0,1000,Buy,235133995
2024-08-27 13:37:30,17750.0,400,Buy,235134009
2024-08-27 13:37:30,17750.0,1000,Buy,235134012
2024-08-27 13:37:31,17750.0,700,Buy,235134050
2024-08-27 13:37:33,17750.0,900,Buy,235134102
2024-08-27 13:37:33,17750.0,100,Buy,235134104
2024-08-27 13:37:37,17750.0,300,Buy,235134242
2024-08-27 13:37:37,17750.0,100,Buy,235134264
2024-08-27 13:37:41,17750.0,1400,Buy,235134376
2024-08-27 13:37:41,17750.0,2800,Buy,235134374
2024-08-27 13:37:41,17750.0,800,Buy,235134375
2024-08-27 13:37:43,17750.0,1000,Buy,235134434
2024-08-27 13:37:44,17750.0,300,Buy,235134467
2024-08-27 13:37:50,17750.0,2300,Buy,235134651
2024-08-27 13:37:50,17750.0,700,Buy,235134652
2024-08-27 13:37:54,17750.0,10000,Buy,235134755
2024-08-27 13:37:56,17750.0,3000,Buy,235134807
2024-08-27 13:37:57,17750.0,500,Buy,235134840
2024-08-27 13:38:02,17750.0,1000,Buy,235135005
2024-08-27 13:38:08,17750.0,4800,Buy,235135159
2024-08-27 13:38:08,17750.0,3800,Buy,235135160
2024-08-27 13:38:08,17750.0,1400,Buy,235135161
2024-08-27 13:38:11,17750.0,1000,Buy,235135249
2024-08-27 13:38:17,17750.0,200,Buy,235135450
2024-08-27 13:38:24,17750.0,2300,Buy,235135632
2024-08-27 13:38:24,17750.0,100,Buy,235135615
2024-08-27 13:38:28,17750.0,3500,Buy,235135846
2024-08-27 13:38:28,17750.0,3000,Buy,235135819
2024-08-27 13:38:28,17750.0,1500,Buy,235135845
2024-08-27 13:38:33,17700.0,2000,Sell,235136043
2024-08-27 13:38:36,17750.0,5000,Buy,235136161
2024-08-27 13:38:42,17750.0,800,Buy,235136397
2024-08-27 13:38:45,17750.0,2000,Buy,235136497
2024-08-27 13:38:50,17750.0,1000,Buy,235136623
2024-08-27 13:38:50,17750.0,5000,Buy,235136630
2024-08-27 13:38:53,17750.0,200,Buy,235136692
2024-08-27 13:39:03,17750.0,3500,Buy,235137026
2024-08-27 13:39:03,17750.0,6500,Buy,235137027
2024-08-27 13:39:04,17750.0,900,Buy,235137056
2024-08-27 13:39:04,17750.0,300,Buy,235137057
2024-08-27 13:39:14,17750.0,1000,Buy,235137262
2024-08-27 13:39:21,17750.0,200,Buy,235137505
2024-08-27 13:39:25,17750.0,100,Buy,235137681
2024-08-27 13:39:28,17750.0,1000,Buy,235137792
2024-08-27 13:39:42,17750.0,2800,Buy,235138263
2024-08-27 13:39:42,17750.0,3000,Buy,235138262
2024-08-27 13:39:42,17750.0,1700,Buy,235138260
2024-08-27 13:39:42,17750.0,7500,Buy,235138261
2024-08-27 13:39:45,17750.0,2000,Buy,235138388
2024-08-27 13:39:50,17750.0,1000,Buy,235138483
2024-08-27 13:39:55,17750.0,100,Buy,235138617
2024-08-27 13:39:58,17750.0,5000,Buy,235138682
2024-08-27 13:40:01,17750.0,100,Buy,235138751
2024-08-27 13:40:01,17750.0,100,Buy,235138747
2024-08-27 13:40:01,17750.0,900,Buy,235138748
2024-08-27 13:40:05,17750.0,1000,Buy,235138886
2024-08-27 13:40:05,17750.0,1000,Buy,235138887
2024-08-27 13:40:06,17750.0,500,Buy,235138985
2024-08-27 13:40:08,17750.0,1500,Buy,235139039
2024-08-27 13:40:13,17750.0,1000,Buy,235139215
2024-08-27 13:40:14,17750.0,400,Buy,235139260
2024-08-27 13:40:18,17750.0,600,Buy,235139340
2024-08-27 13:40:18,17750.0,1400,Buy,235139341
2024-08-27 13:40:22,17750.0,1300,Buy,235139498
2024-08-27 13:40:22,17750.0,4700,Buy,235139499
2024-08-27 13:40:31,17750.0,100,Buy,235139760
2024-08-27 13:40:34,17750.0,2000,Buy,235139827
2024-08-27 13:40:43,17750.0,1000,Buy,235140141
2024-08-27 13:40:49,17750.0,2200,Buy,235140348
2024-08-27 13:40:49,17750.0,200,Buy,235140349
2024-08-27 13:40:49,17750.0,900,Buy,235140350
2024-08-27 13:40:53,17750.0,300,Buy,235140499
2024-08-27 13:40:56,17750.0,1000,Buy,235140557
2024-08-27 13:41:00,17750.0,100,Buy,235140701
2024-08-27 13:41:03,17750.0,100,Buy,235140837
2024-08-27 13:41:04,17750.0,1000,Buy,235140849
2024-08-27 13:41:05,17700.0,200,Sell,235140880
2024-08-27 13:41:06,17750.0,500,Buy,235140937
2024-08-27 13:41:08,17750.0,100,Buy,235140983
2024-08-27 13:41:11,17750.0,100,Buy,235141058
2024-08-27 13:41:13,17750.0,1300,Buy,235141126
2024-08-27 13:41:13,17750.0,200,Buy,235141125
2024-08-27 13:41:13,17750.0,1500,Buy,235141124
2024-08-27 13:41:16,17750.0,1000,Buy,235141214
2024-08-27 13:41:21,17750.0,1000,Buy,235141517
2024-08-27 13:41:31,17750.0,100,Buy,235141777
2024-08-27 13:41:35,17750.0,200,Buy,235141884
2024-08-27 13:41:44,17750.0,1000,Buy,235142151
2024-08-27 13:41:46,17750.0,500,Buy,235142203
2024-08-27 13:42:06,17750.0,1000,Buy,235142814
2024-08-27 13:42:09,17750.0,200,Buy,235142875
2024-08-27 13:42:34,17750.0,1900,Buy,235143534
2024-08-27 13:42:34,17750.0,1000,Buy,235143533
2024-08-27 13:42:34,17750.0,5700,Buy,235143532
2024-08-27 13:42:34,17750.0,5000,Buy,235143531
2024-08-27 13:42:34,17750.0,1000,Buy,235143529
2024-08-27 13:42:34,17750.0,5700,Buy,235143530
2024-08-27 13:42:34,17750.0,8000,Buy,235143528
2024-08-27 13:42:34,17750.0,2500,Buy,235143524
2024-08-27 13:42:34,17750.0,4500,Buy,235143526
2024-08-27 13:42:34,17750.0,1900,Buy,235143527
2024-08-27 13:42:34,17750.0,8100,Buy,235143520
2024-08-27 13:42:34,17750.0,2100,Buy,235143521
2024-08-27 13:42:34,17750.0,4700,Buy,235143523
2024-08-27 13:42:34,17750.0,3200,Buy,235143522
2024-08-27 13:42:34,17750.0,2000,Buy,235143525
2024-08-27 13:42:44,17750.0,2700,Sell,235143757
2024-08-27 13:42:44,17750.0,2000,Sell,235143758
2024-08-27 13:42:44,17750.0,500,Sell,235143759
2024-08-27 13:42:44,17750.0,300,Buy,235143772
2024-08-27 13:42:48,17750.0,200,Buy,235143900
2024-08-27 13:42:57,17750.0,300,Sell,235144131
2024-08-27 13:42:57,17750.0,1000,Sell,235144132
2024-08-27 13:42:57,17750.0,100,Sell,235144133
2024-08-27 13:42:59,17750.0,600,Buy,235144183
2024-08-27 13:43:00,17750.0,100,Buy,235144211
2024-08-27 13:43:07,17750.0,200,Buy,235144406
2024-08-27 13:43:11,17750.0,200,Buy,235144539
2024-08-27 13:43:15,17750.0,100,Buy,235144625
2024-08-27 13:43:28,17750.0,1000,Buy,235144935
2024-08-27 13:43:33,17750.0,10000,Buy,235145058
2024-08-27 13:43:33,17750.0,5700,Buy,235145059
2024-08-27 13:43:33,17750.0,6000,Buy,235145060
2024-08-27 13:43:33,17750.0,1900,Buy,235145061
2024-08-27 13:43:33,17750.0,3200,Buy,235145062
2024-08-27 13:43:33,17750.0,1800,Buy,235145063
2024-08-27 13:43:33,17750.0,1400,Buy,235145057
2024-08-27 13:43:37,17750.0,3900,Buy,235145123
2024-08-27 13:43:37,17750.0,5000,Buy,235145124
2024-08-27 13:43:45,17750.0,11100,Sell,235145304
2024-08-27 13:43:45,17750.0,100,Sell,235145305
2024-08-27 13:43:49,17750.0,200,Buy,235145421
2024-08-27 13:43:51,17750.0,100,Buy,235145466
2024-08-27 13:43:58,17750.0,500,Buy,235145641
2024-08-27 13:44:00,17750.0,100,Buy,235145721
2024-08-27 13:44:01,17750.0,3700,Buy,235145728
2024-08-27 13:44:01,17750.0,200,Buy,235145729
2024-08-27 13:44:02,17750.0,1000,Buy,235145746
2024-08-27 13:44:09,17750.0,200,Buy,235145957
2024-08-27 13:44:11,17750.0,200,Buy,235146037
2024-08-27 13:44:29,17700.0,400,Sell,235146489
2024-08-27 13:44:32,17750.0,4900,Buy,235146609
2024-08-27 13:44:32,17750.0,1100,Buy,235146610
2024-08-27 13:44:38,17750.0,2000,Buy,235146818
2024-08-27 13:44:42,17750.0,600,Buy,235146944
2024-08-27 13:44:43,17700.0,800,Sell,235146969
2024-08-27 13:44:44,17750.0,100,Buy,235146975
2024-08-27 13:44:58,17700.0,500,Sell,235147324
2024-08-27 13:45:08,17750.0,3000,Buy,235147584
2024-08-27 13:45:18,17750.0,2600,Buy,235147843
2024-08-27 13:45:18,17750.0,6400,Buy,235147842
2024-08-27 13:45:35,17750.0,300,Buy,235148428
2024-08-27 13:45:45,17750.0,1200,Buy,235148690
2024-08-27 13:45:45,17750.0,2800,Buy,235148691
2024-08-27 13:45:48,17750.0,7200,Buy,235148750
2024-08-27 13:45:48,17750.0,2800,Buy,235148751
2024-08-27 13:45:57,17750.0,2200,Buy,235149021
2024-08-27 13:45:57,17750.0,200,Buy,235149022
2024-08-27 13:45:57,17750.0,2600,Buy,235149023
2024-08-27 13:46:08,17750.0,300,Buy,235149269
2024-08-27 13:46:17,17750.0,1000,Buy,235149577
2024-08-27 13:46:21,17750.0,400,Buy,235149795
2024-08-27 13:46:29,17750.0,1000,Buy,235150040
2024-08-27 13:46:59,17700.0,200,Sell,235151168
2024-08-27 13:46:59,17700.0,100,Sell,235151176
2024-08-27 13:46:59,17700.0,100,Sell,235151175
2024-08-27 13:46:59,17700.0,100,Sell,235151174
2024-08-27 13:46:59,17700.0,100,Sell,235151173
2024-08-27 13:46:59,17700.0,800,Sell,235151167
2024-08-27 13:46:59,17700.0,400,Sell,235151171
2024-08-27 13:46:59,17700.0,300,Sell,235151169
2024-08-27 13:46:59,17700.0,1000,Sell,235151172
2024-08-27 13:46:59,17700.0,100,Sell,235151170
2024-08-27 13:47:02,17750.0,100,Buy,235151245
2024-08-27 13:47:20,17700.0,100,Sell,235151608
2024-08-27 13:47:20,17700.0,100,Sell,235151609
2024-08-27 13:47:20,17700.0,100,Sell,235151610
2024-08-27 13:47:20,17700.0,1000,Sell,235151611
2024-08-27 13:47:20,17700.0,1000,Sell,235151612
2024-08-27 13:47:20,17700.0,500,Sell,235151613
2024-08-27 13:47:20,17700.0,100,Sell,235151614
2024-08-27 13:47:20,17700.0,100,Sell,235151615
2024-08-27 13:47:20,17700.0,100,Sell,235151616
2024-08-27 13:47:20,17700.0,900,Sell,235151617
2024-08-27 13:47:46,17700.0,2000,Sell,235152269
2024-08-27 13:47:59,17700.0,200,Sell,235152570
2024-08-27 13:47:59,17700.0,2800,Sell,235152569
2024-08-27 13:48:40,17700.0,200,Sell,235153373
2024-08-27 13:49:12,17750.0,800,Buy,235154050
2024-08-27 13:49:12,17750.0,200,Buy,235154051
2024-08-27 13:49:22,17700.0,500,Sell,235154269
2024-08-27 13:50:23,17750.0,100,Buy,235155661
2024-08-27 13:50:49,17700.0,100,Sell,235156301
2024-08-27 13:50:49,17700.0,2900,Sell,235156302
2024-08-27 13:51:15,17700.0,800,Sell,235156772
2024-08-27 13:51:15,17700.0,100,Sell,235156771
2024-08-27 13:51:15,17700.0,400,Sell,235156770
2024-08-27 13:51:15,17700.0,200,Sell,235156769
2024-08-27 13:51:15,17700.0,1000,Sell,235156768
2024-08-27 13:51:15,17700.0,500,Sell,235156766
2024-08-27 13:51:15,17700.0,100,Sell,235156767
2024-08-27 13:51:15,17700.0,2800,Sell,235156759
2024-08-27 13:51:15,17700.0,500,Sell,235156764
2024-08-27 13:51:15,17700.0,2000,Sell,235156763
2024-08-27 13:51:15,17700.0,1000,Sell,235156762
2024-08-27 13:51:15,17700.0,200,Sell,235156761
2024-08-27 13:51:15,17700.0,100,Sell,235156760
2024-08-27 13:51:15,17700.0,300,Sell,235156765
2024-08-27 13:51:50,17700.0,1200,Sell,235157727
2024-08-27 13:51:50,17700.0,2000,Sell,235157728
2024-08-27 13:51:50,17700.0,1800,Sell,235157729
2024-08-27 13:52:08,17700.0,1600,Sell,235158088
2024-08-27 13:52:16,17700.0,100,Sell,235158315
2024-08-27 13:52:24,17700.0,500,Sell,235158415
2024-08-27 13:52:25,17700.0,100,Sell,235158435
2024-08-27 13:52:47,17700.0,100,Sell,235158863
2024-08-27 13:52:47,17700.0,900,Sell,235158862
2024-08-27 13:52:58,17700.0,100,Sell,235159063
2024-08-27 13:52:58,17700.0,400,Sell,235159062
2024-08-27 13:53:00,17700.0,100,Sell,235159108
2024-08-27 13:53:01,17700.0,300,Sell,235159118
2024-08-27 13:53:01,17700.0,1000,Sell,235159119
2024-08-27 13:53:01,17700.0,100,Sell,235159120
2024-08-27 13:53:01,17700.0,600,Sell,235159121
2024-08-27 13:53:08,17700.0,100,Sell,235159338
2024-08-27 13:53:08,17700.0,100,Sell,235159336
2024-08-27 13:53:08,17700.0,600,Sell,235159335
2024-08-27 13:53:08,17700.0,500,Sell,235159341
2024-08-27 13:53:08,17700.0,1000,Sell,235159342
2024-08-27 13:53:08,17700.0,4000,Sell,235159343
2024-08-27 13:53:08,17700.0,400,Sell,235159340
2024-08-27 13:53:08,17700.0,100,Sell,235159334
2024-08-27 13:53:08,17700.0,300,Sell,235159339
2024-08-27 13:53:08,17700.0,100,Sell,235159332
2024-08-27 13:53:08,17700.0,2000,Sell,235159333
2024-08-27 13:53:08,17700.0,1400,Sell,235159324
2024-08-27 13:53:08,17700.0,1000,Sell,235159325
2024-08-27 13:53:08,17700.0,200,Sell,235159326
2024-08-27 13:53:08,17700.0,200,Sell,235159327
2024-08-27 13:53:08,17700.0,200,Sell,235159337
2024-08-27 13:53:08,17700.0,2000,Sell,235159329
2024-08-27 13:53:08,17700.0,1700,Sell,235159330
2024-08-27 13:53:08,17700.0,500,Sell,235159331
2024-08-27 13:53:08,17700.0,400,Sell,235159328
2024-08-27 13:53:16,17700.0,1000,Sell,235159469
2024-08-27 13:53:16,17700.0,1000,Sell,235159470
2024-08-27 13:53:16,17700.0,100,Sell,235159471
2024-08-27 13:53:16,17700.0,500,Sell,235159472
2024-08-27 13:53:16,17700.0,500,Sell,235159473
2024-08-27 13:53:16,17700.0,100,Sell,235159474
2024-08-27 13:53:16,17700.0,200,Sell,235159475
2024-08-27 13:53:16,17700.0,100,Sell,235159476
2024-08-27 13:53:16,17700.0,500,Sell,235159477
2024-08-27 13:53:16,17700.0,6000,Sell,235159478
2024-08-27 13:53:26,17700.0,100,Sell,235159642
2024-08-27 13:53:26,17700.0,3900,Sell,235159640
2024-08-27 13:53:26,17700.0,1000,Sell,235159641
2024-08-27 13:53:30,17700.0,2000,Sell,235159689
2024-08-27 13:53:30,17700.0,100,Sell,235159690
2024-08-27 13:53:30,17700.0,900,Sell,235159691
2024-08-27 13:53:30,17700.0,1000,Sell,235159692
2024-08-27 13:53:30,17700.0,1200,Sell,235159693
2024-08-27 13:53:45,17700.0,100,Sell,235159943
2024-08-27 13:53:52,17700.0,500,Sell,235160072
2024-08-27 13:54:05,17700.0,400,Sell,235160342
2024-08-27 13:54:06,17700.0,1000,Sell,235160349
2024-08-27 13:54:50,17700.0,500,Sell,235161587
2024-08-27 13:54:56,17700.0,500,Sell,235161702
2024-08-27 13:54:56,17700.0,1000,Sell,235161707
2024-08-27 13:55:06,17700.0,2000,Sell,235161855
2024-08-27 13:55:14,17700.0,100,Sell,235161999
2024-08-27 13:55:14,17700.0,2800,Sell,235161998
2024-08-27 13:55:14,17700.0,11500,Sell,235162010
2024-08-27 13:55:14,17700.0,100,Sell,235162009
2024-08-27 13:55:14,17700.0,400,Sell,235162008
2024-08-27 13:55:14,17700.0,1000,Sell,235162007
2024-08-27 13:55:14,17700.0,100,Sell,235162006
2024-08-27 13:55:14,17700.0,500,Sell,235162001
2024-08-27 13:55:14,17700.0,300,Sell,235162004
2024-08-27 13:55:14,17700.0,2000,Sell,235162003
2024-08-27 13:55:14,17700.0,1000,Sell,235162002
2024-08-27 13:55:14,17700.0,100,Sell,235162005
2024-08-27 13:55:14,17700.0,100,Sell,235162000
2024-08-27 13:55:35,17700.0,4000,Sell,235162467
2024-08-27 13:56:07,17700.0,1000,Sell,235163208
2024-08-27 13:56:25,17700.0,1500,Sell,235163547
2024-08-27 13:56:51,17700.0,100,Sell,235164028
2024-08-27 13:57:14,17700.0,5100,Sell,235164455
2024-08-27 13:57:14,17700.0,3000,Sell,235164453
2024-08-27 13:57:14,17700.0,400,Sell,235164454
2024-08-27 13:57:14,17700.0,500,Sell,235164451
2024-08-27 13:57:14,17700.0,1900,Sell,235164449
2024-08-27 13:57:14,17700.0,100,Sell,235164452
2024-08-27 13:57:14,17700.0,500,Sell,235164450
2024-08-27 13:57:15,17700.0,5000,Sell,235164475
2024-08-27 13:57:46,17700.0,1900,Sell,235165138
2024-08-27 13:57:46,17700.0,100,Sell,235165139
2024-08-27 13:57:57,17700.0,900,Sell,235165317
2024-08-27 13:58:08,17700.0,100,Sell,235165527
2024-08-27 13:58:22,17700.0,2400,Sell,235165772
2024-08-27 13:58:57,17700.0,5500,Sell,235166521
2024-08-27 13:59:05,17700.0,100,Sell,235166660
2024-08-27 13:59:05,17700.0,900,Sell,235166663
2024-08-27 13:59:05,17700.0,200,Sell,235166662
2024-08-27 13:59:05,17700.0,100,Sell,235166661
2024-08-27 13:59:05,17700.0,100,Sell,235166659
2024-08-27 13:59:05,17700.0,200,Sell,235166657
2024-08-27 13:59:05,17700.0,200,Sell,235166658
2024-08-27 13:59:05,17700.0,2000,Sell,235166656
2024-08-27 13:59:05,17700.0,1000,Sell,235166655
2024-08-27 13:59:18,17700.0,100,Sell,235167010
2024-08-27 13:59:18,17700.0,500,Sell,235167009
2024-08-27 13:59:18,17700.0,100,Sell,235167006
2024-08-27 13:59:18,17700.0,2000,Sell,235167007
2024-08-27 13:59:18,17700.0,1000,Sell,235167008
2024-08-27 13:59:27,17700.0,100,Sell,235167162
2024-08-27 13:59:27,17700.0,1000,Sell,235167163
2024-08-27 13:59:27,17700.0,600,Sell,235167164
2024-08-27 13:59:27,17700.0,400,Sell,235167161
2024-08-27 13:59:29,17750.0,200,Buy,235167231
2024-08-27 13:59:29,17750.0,4200,Buy,235167232
2024-08-27 13:59:29,17750.0,600,Buy,235167233
2024-08-27 13:59:29,17700.0,1400,Sell,235167234
2024-08-27 13:59:29,17700.0,200,Sell,235167235
2024-08-27 13:59:29,17700.0,100,Sell,235167236
2024-08-27 13:59:29,17700.0,4500,Sell,235167237
2024-08-27 13:59:32,17700.0,1400,Sell,235167334
2024-08-27 13:59:32,17700.0,2000,Sell,235167333
2024-08-27 13:59:32,17700.0,1000,Sell,235167332
2024-08-27 13:59:32,17700.0,100,Sell,235167330
2024-08-27 13:59:32,17700.0,500,Sell,235167329
2024-08-27 13:59:32,17700.0,5000,Sell,235167331
2024-08-27 14:00:21,17750.0,400,Buy,235168638
2024-08-27 14:00:22,17750.0,5300,Buy,235168660
2024-08-27 14:00:41,17750.0,4700,Buy,235169228
2024-08-27 14:00:41,17750.0,1000,Buy,235169229
2024-08-27 14:00:46,17750.0,500,Buy,235169365
2024-08-27 14:00:48,17750.0,100,Buy,235169431
2024-08-27 14:00:58,17700.0,600,Sell,235169755
2024-08-27 14:00:58,17700.0,400,Sell,235169756
2024-08-27 14:00:58,17750.0,5700,Buy,235169795
2024-08-27 14:01:14,17750.0,100,Buy,235170356
2024-08-27 14:01:18,17750.0,100,Buy,235170521
2024-08-27 14:01:31,17750.0,100,Buy,235170955
2024-08-27 14:01:47,17700.0,10000,Sell,235171416
2024-08-27 14:02:23,17750.0,5000,Buy,235172394
2024-08-27 14:02:34,17700.0,300,Sell,235172722
2024-08-27 14:02:39,17750.0,2500,Buy,235172925
2024-08-27 14:02:57,17700.0,9800,Sell,235173391
2024-08-27 14:03:05,17700.0,6400,Sell,235173530
2024-08-27 14:03:21,17700.0,400,Sell,235174009
2024-08-27 14:03:26,17750.0,1700,Buy,235174206
2024-08-27 14:03:26,17750.0,6300,Buy,235174207
2024-08-27 14:03:40,17750.0,1600,Buy,235174584
2024-08-27 14:03:44,17750.0,1000,Buy,235174722
2024-08-27 14:03:46,17750.0,100,Buy,235174760
2024-08-27 14:03:47,17750.0,1000,Buy,235174797
2024-08-27 14:03:51,17750.0,600,Buy,235174903
2024-08-27 14:03:53,17750.0,5000,Buy,235174964
2024-08-27 14:03:56,17750.0,4000,Buy,235175042
2024-08-27 14:04:05,17750.0,10000,Buy,235175374
2024-08-27 14:04:05,17750.0,2000,Buy,235175375
2024-08-27 14:04:05,17750.0,3000,Buy,235175376
2024-08-27 14:04:05,17750.0,800,Buy,235175377
2024-08-27 14:04:05,17750.0,100,Buy,235175378
2024-08-27 14:04:05,17750.0,200,Buy,235175379
2024-08-27 14:04:05,17750.0,400,Buy,235175380
2024-08-27 14:04:05,17750.0,100,Buy,235175411
2024-08-27 14:04:05,17750.0,2400,Buy,235175373
2024-08-27 14:04:08,17750.0,200,Buy,235175486
2024-08-27 14:04:16,17700.0,2900,Sell,235175808
2024-08-27 14:04:19,17750.0,300,Buy,235175945
2024-08-27 14:04:27,17750.0,2100,Buy,235176331
2024-08-27 14:04:27,17750.0,8500,Buy,235176330
2024-08-27 14:04:27,17750.0,1100,Buy,235176329
2024-08-27 14:04:27,17750.0,900,Buy,235176327
2024-08-27 14:04:27,17750.0,400,Buy,235176328
2024-08-27 14:04:27,17750.0,3000,Buy,235176326
2024-08-27 14:04:29,17750.0,500,Buy,235176484
2024-08-27 14:04:30,17750.0,600,Buy,235176499
2024-08-27 14:04:30,17750.0,5000,Buy,235176514
2024-08-27 14:04:31,17750.0,5000,Buy,235176529
2024-08-27 14:04:34,17750.0,5000,Buy,235176661
2024-08-27 14:04:35,17750.0,500,Buy,235176670
2024-08-27 14:04:37,17750.0,3400,Buy,235176750
2024-08-27 14:04:37,17750.0,400,Buy,235176744
2024-08-27 14:04:37,17750.0,9500,Buy,235176745
2024-08-27 14:04:37,17750.0,3000,Buy,235176746
2024-08-27 14:04:37,17750.0,300,Buy,235176747
2024-08-27 14:04:37,17750.0,100,Buy,235176748
2024-08-27 14:04:37,17750.0,2000,Buy,235176749
2024-08-27 14:04:37,17750.0,11300,Buy,235176743
2024-08-27 14:04:38,17750.0,1000,Buy,235176833
2024-08-27 14:04:39,17750.0,300,Buy,235176851
2024-08-27 14:04:39,17750.0,1000,Buy,235176848
2024-08-27 14:04:40,17750.0,100,Buy,235176900
2024-08-27 14:04:41,17750.0,2000,Buy,235176927
2024-08-27 14:04:41,17750.0,1700,Buy,235176928
2024-08-27 14:04:41,17750.0,1000,Buy,235176929
2024-08-27 14:04:41,17750.0,2000,Buy,235176930
2024-08-27 14:04:41,17750.0,100,Buy,235176931
2024-08-27 14:04:41,17750.0,300,Buy,235176932
2024-08-27 14:04:41,17750.0,100,Buy,235176933
2024-08-27 14:04:41,17750.0,800,Buy,235176934
2024-08-27 14:04:41,17750.0,300,Buy,235176947
2024-08-27 14:04:41,17750.0,2000,Buy,235176948
2024-08-27 14:04:43,17750.0,1000,Buy,235177000
2024-08-27 14:04:47,17750.0,2000,Buy,235177106
2024-08-27 14:04:48,17750.0,400,Sell,235177144
2024-08-27 14:04:48,17750.0,3900,Buy,235177119
2024-08-27 14:04:48,17750.0,300,Buy,235177120
2024-08-27 14:05:08,17800.0,200,Buy,235177832
2024-08-27 14:05:38,17800.0,500,Buy,235178570
2024-08-27 14:05:38,17800.0,500,Buy,235178573
2024-08-27 14:06:17,17800.0,500,Buy,235179544
2024-08-27 14:06:17,17800.0,100,Buy,235179565
2024-08-27 14:06:20,17800.0,400,Buy,235179672
2024-08-27 14:06:27,17750.0,400,Sell,235179893
2024-08-27 14:06:27,17750.0,200,Sell,235179894
2024-08-27 14:06:27,17750.0,300,Sell,235179895
2024-08-27 14:06:27,17750.0,1000,Sell,235179896
2024-08-27 14:06:27,17750.0,11700,Sell,235179897
2024-08-27 14:06:40,17750.0,10000,Sell,235180269
2024-08-27 14:06:47,17750.0,400,Sell,235180499
2024-08-27 14:06:47,17750.0,3300,Sell,235180497
2024-08-27 14:06:47,17750.0,500,Sell,235180498
2024-08-27 14:06:49,17750.0,500,Sell,235180572
2024-08-27 14:06:55,17750.0,100,Sell,235180734
2024-08-27 14:06:55,17750.0,3000,Sell,235180735
2024-08-27 14:06:55,17750.0,1900,Sell,235180736
2024-08-27 14:06:57,17750.0,3100,Sell,235180812
2024-08-27 14:06:57,17750.0,1000,Sell,235180813
2024-08-27 14:06:57,17750.0,100,Sell,235180814
2024-08-27 14:06:57,17750.0,200,Sell,235180815
2024-08-27 14:06:57,17750.0,1400,Sell,235180816
2024-08-27 14:07:03,17750.0,500,Sell,235180934
2024-08-27 14:07:20,17750.0,100,Sell,235181378
2024-08-27 14:07:20,17750.0,100,Sell,235181379
2024-08-27 14:07:20,17750.0,800,Sell,235181380
2024-08-27 14:07:24,17750.0,500,Sell,235181508
2024-08-27 14:07:31,17750.0,1000,Sell,235181665
2024-08-27 14:07:47,17750.0,4300,Sell,235182152
2024-08-27 14:07:48,17750.0,1000,Sell,235182196
2024-08-27 14:07:52,17750.0,2000,Sell,235182406
2024-08-27 14:07:52,17750.0,7000,Sell,235182405
2024-08-27 14:07:56,17750.0,500,Sell,235182551
2024-08-27 14:08:01,17750.0,2000,Sell,235182654
2024-08-27 14:08:01,17750.0,10000,Sell,235182657
2024-08-27 14:08:10,17750.0,900,Sell,235182977
2024-08-27 14:08:10,17750.0,1000,Sell,235182978
2024-08-27 14:08:10,17750.0,100,Sell,235182979
2024-08-27 14:08:23,17750.0,100,Sell,235183364
2024-08-27 14:08:23,17750.0,1000,Sell,235183363
2024-08-27 14:08:23,17750.0,200,Sell,235183362
2024-08-27 14:08:23,17750.0,100,Sell,235183361
2024-08-27 14:08:23,17750.0,1100,Sell,235183366
2024-08-27 14:08:23,17750.0,2000,Sell,235183359
2024-08-27 14:08:23,17750.0,100,Sell,235183360
2024-08-27 14:08:23,17750.0,100,Sell,235183355
2024-08-27 14:08:23,17750.0,2000,Sell,235183365
2024-08-27 14:08:23,17750.0,300,Sell,235183357
2024-08-27 14:08:23,17750.0,1000,Sell,235183358
2024-08-27 14:08:23,17750.0,2000,Sell,235183356
2024-08-27 14:08:25,17750.0,2500,Sell,235183442
2024-08-27 14:08:26,17750.0,1000,Sell,235183455
2024-08-27 14:08:49,17750.0,200,Sell,235184101
2024-08-27 14:08:49,17750.0,6100,Sell,235184103
2024-08-27 14:08:49,17750.0,1100,Sell,235184102
2024-08-27 14:08:49,17750.0,300,Sell,235184099
2024-08-27 14:08:49,17750.0,100,Sell,235184098
2024-08-27 14:08:49,17750.0,400,Sell,235184097
2024-08-27 14:08:49,17750.0,3000,Sell,235184100
2024-08-27 14:08:51,17750.0,900,Sell,235184152
2024-08-27 14:08:51,17750.0,500,Sell,235184153
2024-08-27 14:09:14,17750.0,3000,Buy,235184752
2024-08-27 14:09:29,17750.0,20000,Buy,235185135
2024-08-27 14:09:45,17750.0,100,Buy,235185526
2024-08-27 14:09:47,17750.0,100,Buy,235185573
2024-08-27 14:10:06,17750.0,100,Buy,235185969
2024-08-27 14:10:09,17750.0,100,Buy,235186074
2024-08-27 14:10:31,17750.0,5000,Buy,235186593
2024-08-27 14:10:32,17750.0,300,Buy,235186612
2024-08-27 14:10:34,17750.0,100,Buy,235186666
2024-08-27 14:10:37,17750.0,200,Buy,235186725
2024-08-27 14:10:41,17750.0,100,Buy,235186883
2024-08-27 14:10:49,17750.0,7900,Buy,235187035
2024-08-27 14:10:49,17750.0,100,Buy,235187036
2024-08-27 14:10:49,17750.0,2000,Buy,235187037
2024-08-27 14:10:57,17750.0,1000,Buy,235187251
2024-08-27 14:10:57,17750.0,1000,Buy,235187243
2024-08-27 14:10:57,17750.0,100,Buy,235187242
2024-08-27 14:11:02,17750.0,100,Buy,235187350
2024-08-27 14:11:15,17750.0,10000,Buy,235187791
2024-08-27 14:11:18,17750.0,1000,Buy,235187896
2024-08-27 14:11:22,17750.0,200,Buy,235188040
2024-08-27 14:11:22,17750.0,5000,Buy,235188039
2024-08-27 14:11:22,17750.0,200,Buy,235188038
2024-08-27 14:11:22,17750.0,300,Buy,235188034
2024-08-27 14:11:22,17750.0,11400,Buy,235188036
2024-08-27 14:11:22,17750.0,400,Buy,235188035
2024-08-27 14:11:22,17750.0,1500,Buy,235188037
2024-08-27 14:11:22,17750.0,8800,Buy,235188033
2024-08-27 14:12:10,17750.0,4000,Sell,235189289
2024-08-27 14:12:42,17750.0,7200,Sell,235190171
2024-08-27 14:12:45,17750.0,500,Sell,235190349
2024-08-27 14:12:49,17750.0,300,Sell,235190475
2024-08-27 14:12:50,17750.0,1000,Sell,235190502
2024-08-27 14:12:50,17750.0,10000,Sell,235190505
2024-08-27 14:12:50,17750.0,1000,Sell,235190504
2024-08-27 14:12:50,17750.0,600,Sell,235190503
2024-08-27 14:12:50,17750.0,200,Sell,235190501
2024-08-27 14:12:50,17750.0,1000,Sell,235190499
2024-08-27 14:12:50,17750.0,200,Sell,235190496
2024-08-27 14:12:50,17750.0,100,Sell,235190500
2024-08-27 14:12:50,17750.0,5000,Sell,235190498
2024-08-27 14:12:50,17750.0,1600,Sell,235190497
2024-08-27 14:13:13,17750.0,300,Buy,235191129
2024-08-27 14:13:14,17750.0,5000,Buy,235191168
2024-08-27 14:13:14,17750.0,6000,Buy,235191181
2024-08-27 14:13:14,17750.0,5000,Buy,235191182
2024-08-27 14:13:14,17750.0,200,Buy,235191183
2024-08-27 14:13:14,17750.0,200,Buy,235191184
2024-08-27 14:13:14,17750.0,6800,Buy,235191185
2024-08-27 14:13:14,17750.0,1200,Buy,235191186
2024-08-27 14:13:14,17750.0,800,Buy,235191187
2024-08-27 14:13:19,17750.0,5000,Sell,235191324
2024-08-27 14:13:23,17750.0,1500,Sell,235191444
2024-08-27 14:13:24,17750.0,1300,Sell,235191452
2024-08-27 14:13:25,17750.0,2000,Sell,235191486
2024-08-27 14:13:53,17750.0,500,Sell,235192365
2024-08-27 14:13:53,17750.0,500,Sell,235192364
2024-08-27 14:13:53,17750.0,2000,Sell,235192363
2024-08-27 14:13:53,17750.0,15000,Sell,235192361
2024-08-27 14:13:53,17750.0,2000,Sell,235192362
2024-08-27 14:14:02,17700.0,2800,Sell,235192932
2024-08-27 14:14:28,17700.0,700,Sell,235194175
2024-08-27 14:14:36,17750.0,300,Buy,235194457
2024-08-27 14:14:37,17700.0,1000,Sell,235194477
2024-08-27 14:14:52,17700.0,700,Sell,235194896
2024-08-27 14:14:56,17700.0,1000,Sell,235195050
2024-08-27 14:15:37,17700.0,100,Sell,235196285
2024-08-27 14:17:20,17750.0,5700,Buy,235199723
2024-08-27 14:17:42,17750.0,9500,Buy,235200453
2024-08-27 14:17:42,17750.0,5500,Buy,235200452
2024-08-27 14:17:42,17750.0,800,Buy,235200451
2024-08-27 14:17:42,17750.0,1000,Buy,235200450
2024-08-27 14:17:42,17750.0,5000,Buy,235200448
2024-08-27 14:17:42,17750.0,24000,Buy,235200447
2024-08-27 14:17:42,17750.0,100,Buy,235200446
2024-08-27 14:17:42,17750.0,4000,Buy,235200445
2024-08-27 14:17:42,17750.0,100,Buy,235200449
2024-08-27 14:17:43,17750.0,5700,Buy,235200484
2024-08-27 14:17:49,17750.0,800,Buy,235200663
2024-08-27 14:17:49,17750.0,1200,Buy,235200664
2024-08-27 14:17:58,17750.0,1000,Buy,235200949
2024-08-27 14:17:58,17750.0,1000,Buy,235200950
2024-08-27 14:18:01,17750.0,200,Buy,235201112
2024-08-27 14:18:01,17750.0,5000,Buy,235201113
2024-08-27 14:18:03,17750.0,100,Sell,235201158
2024-08-27 14:18:06,17750.0,400,Sell,235201212
2024-08-27 14:18:21,17750.0,200,Sell,235201655
2024-08-27 14:18:21,17750.0,3900,Buy,235201629
2024-08-27 14:18:21,17750.0,400,Buy,235201627
2024-08-27 14:18:21,17750.0,400,Buy,235201626
2024-08-27 14:18:21,17750.0,800,Buy,235201628
2024-08-27 14:18:22,17750.0,900,Buy,235201687
2024-08-27 14:18:24,17750.0,1100,Sell,235201765
2024-08-27 14:18:24,17750.0,1900,Sell,235201766
2024-08-27 14:18:25,17750.0,1100,Sell,235201792
2024-08-27 14:18:33,17750.0,2000,Buy,235202009
2024-08-27 14:18:41,17750.0,500,Buy,235202183
2024-08-27 14:18:45,17750.0,400,Buy,235202284
2024-08-27 14:18:45,17750.0,5300,Buy,235202285
2024-08-27 14:18:49,17750.0,300,Buy,235202437
2024-08-27 14:18:51,17700.0,100,Sell,235202488
2024-08-27 14:18:53,17750.0,5000,Buy,235202532
2024-08-27 14:19:23,17750.0,5000,Buy,235203265
2024-08-27 14:19:29,17700.0,5100,Sell,235203387
2024-08-27 14:19:38,17700.0,50000,Sell,235203614
2024-08-27 14:19:43,17750.0,500,Buy,235203719
2024-08-27 14:19:53,17750.0,100,Buy,235203968
2024-08-27 14:19:59,17750.0,100,Buy,235204196
2024-08-27 14:19:59,17750.0,2000,Buy,235204195
2024-08-27 14:19:59,17750.0,100,Buy,235204191
2024-08-27 14:19:59,17750.0,100,Buy,235204193
2024-08-27 14:19:59,17750.0,500,Buy,235204192
2024-08-27 14:19:59,17750.0,200,Buy,235204194
2024-08-27 14:20:04,17750.0,200,Buy,235204346
2024-08-27 14:20:12,17750.0,100,Buy,235204520
2024-08-27 14:20:19,17750.0,1600,Buy,235204706
2024-08-27 14:20:19,17750.0,100,Buy,235204707
2024-08-27 14:20:19,17750.0,2000,Buy,235204708
2024-08-27 14:20:19,17750.0,2000,Buy,235204709
2024-08-27 14:20:24,17750.0,100,Buy,235204788
2024-08-27 14:20:43,17700.0,500,Sell,235205281
2024-08-27 14:20:44,17750.0,5000,Buy,235205329
2024-08-27 14:20:44,17750.0,100,Buy,235205328
2024-08-27 14:20:44,17750.0,1900,Buy,235205327
2024-08-27 14:20:49,17750.0,300,Buy,235205534
2024-08-27 14:20:49,17750.0,1000,Buy,235205535
2024-08-27 14:20:49,17800.0,1000,Buy,235205536
2024-08-27 14:20:49,17800.0,100,Buy,235205537
2024-08-27 14:20:49,17800.0,800,Buy,235205538
2024-08-27 14:20:49,17800.0,2000,Buy,235205539
2024-08-27 14:20:49,17750.0,500,Buy,235205533
2024-08-27 14:21:00,17750.0,2000,Sell,235205900
2024-08-27 14:21:33,17750.0,500,Sell,235207086
2024-08-27 14:21:42,17750.0,1000,Sell,235207345
2024-08-27 14:21:43,17750.0,4200,Sell,235207371
2024-08-27 14:21:43,17750.0,3000,Sell,235207372
2024-08-27 14:21:43,17700.0,300,Sell,235207373
2024-08-27 14:22:05,17750.0,5600,Buy,235208034
2024-08-27 14:22:10,17750.0,4900,Sell,235208298
2024-08-27 14:22:10,17750.0,100,Sell,235208297
2024-08-27 14:22:20,17750.0,5000,Sell,235208610
2024-08-27 14:22:32,17800.0,100,Buy,235209053
2024-08-27 14:22:39,17800.0,900,Buy,235209258
2024-08-27 14:22:39,17800.0,3000,Buy,235209259
2024-08-27 14:22:39,17800.0,1800,Buy,235209260
2024-08-27 14:23:02,17800.0,200,Buy,235210268
2024-08-27 14:23:15,17800.0,300,Buy,235210799
2024-08-27 14:23:15,17800.0,1000,Buy,235210800
