time,price,volume,match_type,id
2024-08-09 09:14:38,17200.0,65200,ATO/ATC,230423336
2024-08-09 09:14:43,17150.0,300,Sell,230423643
2024-08-09 09:14:43,17150.0,100,Sell,230423641
2024-08-09 09:14:43,17150.0,100,Sell,230423642
2024-08-09 09:15:07,17150.0,1000,Sell,230424167
2024-08-09 09:15:07,17150.0,1100,Sell,230424165
2024-08-09 09:15:07,17150.0,1500,Sell,230424166
2024-08-09 09:15:24,17150.0,8400,Buy,230424646
2024-08-09 09:15:24,17150.0,5000,Buy,230424647
2024-08-09 09:15:33,17150.0,4800,Sell,230424802
2024-08-09 09:15:38,17150.0,300,Buy,230424910
2024-08-09 09:16:16,17100.0,2000,Sell,230425844
2024-08-09 09:16:19,17150.0,200,Buy,230425914
2024-08-09 09:16:21,17100.0,100,Sell,230425941
2024-08-09 09:16:47,17150.0,300,Buy,230426615
2024-08-09 09:17:47,17150.0,200,Buy,230428167
2024-08-09 09:17:47,17150.0,500,Buy,230428168
2024-08-09 09:17:47,17150.0,300,Buy,230428165
2024-08-09 09:17:47,17150.0,9400,Buy,230428164
2024-08-09 09:17:47,17150.0,500,Buy,230428166
2024-08-09 09:17:50,17150.0,1000,Buy,230428236
2024-08-09 09:17:59,17100.0,1100,Sell,230428420
2024-08-09 09:18:22,17100.0,2600,Sell,230429049
2024-08-09 09:18:22,17100.0,300,Sell,230429050
2024-08-09 09:18:22,17100.0,4100,Sell,230429051
2024-08-09 09:18:22,17100.0,1500,Sell,230429052
2024-08-09 09:18:30,17150.0,1500,Buy,230429193
2024-08-09 09:18:30,17150.0,3500,Buy,230429194
2024-08-09 09:18:30,17100.0,12500,Sell,230429197
2024-08-09 09:18:36,17150.0,2000,Buy,230429314
2024-08-09 09:18:36,17150.0,1400,Buy,230429323
2024-08-09 09:18:37,17100.0,9500,Sell,230429337
2024-08-09 09:18:42,17100.0,5600,Sell,230429455
2024-08-09 09:18:48,17100.0,7300,Sell,230429646
2024-08-09 09:18:48,17100.0,900,Sell,230429645
2024-08-09 09:19:01,17150.0,100,Buy,230429902
2024-08-09 09:19:11,17150.0,25000,Buy,230430134
2024-08-09 09:19:22,17150.0,23000,Buy,230430428
2024-08-09 09:19:22,17150.0,12000,Buy,230430429
2024-08-09 09:19:29,17150.0,1000,Buy,230430648
2024-08-09 09:19:34,17150.0,2500,Buy,230430748
2024-08-09 09:19:34,17150.0,5000,Buy,230430747
2024-08-09 09:19:34,17150.0,100,Buy,230430745
2024-08-09 09:19:34,17150.0,300,Buy,230430746
2024-08-09 09:19:34,17150.0,5700,Buy,230430743
2024-08-09 09:19:34,17150.0,4500,Buy,230430742
2024-08-09 09:19:34,17150.0,700,Buy,230430741
2024-08-09 09:19:34,17150.0,500,Buy,230430744
2024-08-09 09:20:00,17150.0,200,Sell,230431361
2024-08-09 09:20:06,17200.0,5000,Buy,230431492
2024-08-09 09:20:06,17200.0,2900,Buy,230431498
2024-08-09 09:20:06,17200.0,2100,Buy,230431497
2024-08-09 09:20:06,17200.0,1000,Buy,230431496
2024-08-09 09:20:06,17200.0,200,Buy,230431495
2024-08-09 09:20:06,17200.0,100,Buy,230431494
2024-08-09 09:20:06,17200.0,10900,Buy,230431493
2024-08-09 09:20:06,17200.0,300,Buy,230431491
2024-08-09 09:20:06,17200.0,5400,Buy,230431482
2024-08-09 09:20:06,17200.0,1000,Buy,230431489
2024-08-09 09:20:06,17200.0,800,Buy,230431488
2024-08-09 09:20:06,17200.0,100,Buy,230431487
2024-08-09 09:20:06,17200.0,2000,Buy,230431486
2024-08-09 09:20:06,17200.0,1000,Buy,230431485
2024-08-09 09:20:06,17200.0,1100,Buy,230431484
2024-08-09 09:20:06,17200.0,1000,Buy,230431483
2024-08-09 09:20:06,17200.0,100,Buy,230431490
2024-08-09 09:20:12,17200.0,1000,Buy,230431633
2024-08-09 09:20:15,17200.0,20500,Buy,230431697
2024-08-09 09:20:15,17200.0,200,Buy,230431696
2024-08-09 09:20:15,17200.0,100,Buy,230431694
2024-08-09 09:20:15,17200.0,100,Buy,230431693
2024-08-09 09:20:15,17200.0,100,Buy,230431695
2024-08-09 09:20:15,17200.0,2000,Buy,230431691
2024-08-09 09:20:15,17200.0,10000,Buy,230431690
2024-08-09 09:20:15,17200.0,1000,Buy,230431689
2024-08-09 09:20:15,17200.0,400,Buy,230431688
2024-08-09 09:20:15,17200.0,100,Buy,230431687
2024-08-09 09:20:15,17200.0,1500,Buy,230431692
2024-08-09 09:20:22,17150.0,6200,Sell,230431873
2024-08-09 09:20:22,17150.0,12300,Sell,230431874
2024-08-09 09:20:25,17200.0,33000,Buy,230431939
2024-08-09 09:20:29,17150.0,9000,Sell,230432024
2024-08-09 09:20:40,17150.0,5600,Sell,230432256
2024-08-09 09:20:46,17150.0,11000,Sell,230432393
2024-08-09 09:20:47,17200.0,28000,Buy,230432412
2024-08-09 09:20:51,17200.0,30000,Buy,230432464
2024-08-09 09:20:52,17150.0,5000,Sell,230432505
2024-08-09 09:20:57,17200.0,10000,Buy,230432585
2024-08-09 09:20:58,17200.0,27000,Buy,230432623
2024-08-09 09:21:10,17200.0,35000,Buy,230432878
2024-08-09 09:21:11,17200.0,3000,Buy,230432886
2024-08-09 09:21:12,17200.0,200,Buy,230432943
2024-08-09 09:21:12,17200.0,30000,Buy,230432894
2024-08-09 09:21:12,17200.0,9500,Buy,230432927
2024-08-09 09:21:12,17200.0,19800,Buy,230432942
2024-08-09 09:21:16,17200.0,700,Buy,230433076
2024-08-09 09:21:16,17200.0,400,Buy,230433081
2024-08-09 09:21:16,17200.0,1000,Buy,230433080
2024-08-09 09:21:16,17200.0,800,Buy,230433075
2024-08-09 09:21:16,17200.0,900,Buy,230433078
2024-08-09 09:21:16,17200.0,1000,Buy,230433077
2024-08-09 09:21:16,17200.0,200,Buy,230433079
2024-08-09 09:21:19,17200.0,4600,Buy,230433143
2024-08-09 09:21:19,17200.0,100,Buy,230433144
2024-08-09 09:21:19,17200.0,200,Buy,230433145
2024-08-09 09:21:19,17200.0,500,Buy,230433147
2024-08-09 09:21:19,17200.0,15000,Buy,230433148
2024-08-09 09:21:19,17200.0,100,Buy,230433149
2024-08-09 09:21:19,17200.0,2500,Buy,230433150
2024-08-09 09:21:19,17200.0,10000,Buy,230433146
2024-08-09 09:21:25,17200.0,17200,Buy,230433282
2024-08-09 09:21:25,17200.0,200,Buy,230433275
2024-08-09 09:21:25,17200.0,7700,Buy,230433280
2024-08-09 09:21:25,17200.0,15000,Buy,230433281
2024-08-09 09:21:32,17200.0,100,Sell,230433393
2024-08-09 09:21:33,17200.0,20900,Buy,230433424
2024-08-09 09:21:36,17200.0,5700,Sell,230433623
2024-08-09 09:21:39,17200.0,16000,Sell,230433699
2024-08-09 09:21:41,17250.0,1000,Buy,230433779
2024-08-09 09:21:41,17250.0,21900,Buy,230433791
2024-08-09 09:21:41,17250.0,500,Buy,230433790
2024-08-09 09:21:41,17250.0,1000,Buy,230433789
2024-08-09 09:21:41,17250.0,3000,Buy,230433788
2024-08-09 09:21:41,17250.0,500,Buy,230433787
2024-08-09 09:21:41,17250.0,100,Buy,230433784
2024-08-09 09:21:41,17250.0,200,Buy,230433783
2024-08-09 09:21:41,17250.0,5000,Buy,230433782
2024-08-09 09:21:41,17250.0,100,Buy,230433781
2024-08-09 09:21:41,17250.0,8000,Buy,230433780
2024-08-09 09:21:41,17250.0,200,Buy,230433785
2024-08-09 09:21:41,17250.0,500,Buy,230433786
2024-08-09 09:21:47,17200.0,15800,Sell,230433910
2024-08-09 09:21:53,17250.0,35000,Buy,230434058
2024-08-09 09:21:56,17200.0,22100,Sell,230434116
2024-08-09 09:22:01,17200.0,1000,Sell,230434227
2024-08-09 09:22:01,17200.0,7800,Sell,230434228
2024-08-09 09:22:06,17200.0,8600,Sell,230434315
2024-08-09 09:22:11,17200.0,400,Sell,230434445
2024-08-09 09:22:12,17200.0,11500,Sell,230434483
2024-08-09 09:22:13,17250.0,500,Buy,230434488
2024-08-09 09:22:16,17250.0,100,Buy,230434558
2024-08-09 09:22:23,17200.0,2000,Sell,230434717
2024-08-09 09:22:25,17200.0,1900,Sell,230434780
2024-08-09 09:22:31,17250.0,50000,Buy,230434970
2024-08-09 09:22:32,17250.0,32000,Buy,230435001
2024-08-09 09:22:33,17250.0,20000,Buy,230435047
2024-08-09 09:22:40,17250.0,22700,Buy,230435209
2024-08-09 09:22:41,17250.0,600,Buy,230435232
2024-08-09 09:22:41,17250.0,100,Buy,230435231
2024-08-09 09:22:41,17250.0,400,Buy,230435230
2024-08-09 09:22:41,17250.0,500,Buy,230435229
2024-08-09 09:22:41,17250.0,1000,Buy,230435228
2024-08-09 09:22:41,17250.0,2000,Buy,230435227
2024-08-09 09:22:41,17250.0,200,Buy,230435226
2024-08-09 09:22:41,17250.0,100,Buy,230435225
2024-08-09 09:22:41,17250.0,1000,Buy,230435223
2024-08-09 09:22:41,17250.0,100,Buy,230435222
2024-08-09 09:22:41,17250.0,300,Buy,230435221
2024-08-09 09:22:41,17250.0,20100,Buy,230435220
2024-08-09 09:22:41,17250.0,200,Buy,230435219
2024-08-09 09:22:41,17250.0,500,Buy,230435218
2024-08-09 09:22:41,17250.0,17800,Buy,230435217
2024-08-09 09:22:41,17250.0,100,Buy,230435224
2024-08-09 09:22:44,17250.0,5400,Buy,230435354
2024-08-09 09:22:44,17250.0,500,Buy,230435353
2024-08-09 09:22:44,17250.0,500,Buy,230435352
2024-08-09 09:22:44,17250.0,3000,Buy,230435351
2024-08-09 09:22:44,17250.0,500,Buy,230435347
2024-08-09 09:22:44,17250.0,19000,Buy,230435349
2024-08-09 09:22:44,17250.0,200,Buy,230435348
2024-08-09 09:22:44,17250.0,1000,Buy,230435346
2024-08-09 09:22:44,17250.0,19400,Buy,230435345
2024-08-09 09:22:44,17250.0,500,Buy,230435350
2024-08-09 09:22:49,17250.0,500,Buy,230435440
2024-08-09 09:22:49,17250.0,4000,Buy,230435439
2024-08-09 09:22:49,17300.0,1800,Buy,230435441
2024-08-09 09:22:49,17250.0,100,Buy,230435437
2024-08-09 09:22:49,17250.0,11000,Buy,230435438
2024-08-09 09:22:49,17250.0,12600,Buy,230435436
2024-08-09 09:22:51,17250.0,300,Sell,230435464
2024-08-09 09:22:54,17250.0,700,Sell,230435542
2024-08-09 09:22:54,17250.0,4300,Sell,230435543
2024-08-09 09:22:56,17250.0,500,Sell,230435584
2024-08-09 09:22:57,17250.0,100,Sell,230435628
2024-08-09 09:22:57,17250.0,27100,Sell,230435659
2024-08-09 09:22:57,17250.0,1200,Sell,230435660
2024-08-09 09:23:05,17250.0,1000,Buy,230435808
2024-08-09 09:23:06,17250.0,100,Buy,230435832
2024-08-09 09:23:06,17250.0,16500,Buy,230435831
2024-08-09 09:23:06,17250.0,700,Buy,230435830
2024-08-09 09:23:11,17250.0,100000,Sell,230435943
2024-08-09 09:23:12,17250.0,32900,Sell,230435964
2024-08-09 09:23:14,17250.0,20000,Buy,230436005
2024-08-09 09:23:14,17250.0,29500,Buy,230436006
2024-08-09 09:23:14,17300.0,500,Buy,230436007
2024-08-09 09:23:15,17250.0,1000,Buy,230436023
2024-08-09 09:23:20,17250.0,100,Sell,230436159
2024-08-09 09:23:20,17250.0,5000,Sell,230436147
2024-08-09 09:23:20,17250.0,300,Sell,230436158
2024-08-09 09:23:20,17250.0,1000,Sell,230436137
2024-08-09 09:23:25,17250.0,600,Buy,230436280
2024-08-09 09:23:25,17250.0,200,Buy,230436281
2024-08-09 09:23:26,17250.0,4200,Sell,230436306
2024-08-09 09:23:26,17250.0,100,Sell,230436307
2024-08-09 09:23:26,17250.0,8800,Sell,230436309
2024-08-09 09:23:33,17250.0,800,Buy,230436482
2024-08-09 09:23:33,17250.0,11200,Buy,230436480
2024-08-09 09:23:33,17250.0,500,Buy,230436481
2024-08-09 09:23:33,17250.0,10000,Buy,230436483
2024-08-09 09:23:33,17250.0,100,Buy,230436484
2024-08-09 09:23:33,17250.0,8500,Buy,230436485
2024-08-09 09:23:34,17250.0,22000,Sell,230436517
2024-08-09 09:23:38,17300.0,2000,Buy,230436603
2024-08-09 09:23:38,17300.0,1000,Buy,230436604
2024-08-09 09:23:38,17300.0,1000,Buy,230436602
2024-08-09 09:23:38,17300.0,32800,Buy,230436606
2024-08-09 09:23:38,17300.0,100,Buy,230436596
2024-08-09 09:23:38,17300.0,5000,Buy,230436597
2024-08-09 09:23:38,17300.0,8000,Buy,230436594
2024-08-09 09:23:38,17300.0,100,Buy,230436605
2024-08-09 09:23:38,17300.0,5000,Buy,230436595
2024-08-09 09:23:39,17250.0,100,Sell,230436638
2024-08-09 09:23:43,17250.0,300,Sell,230436747
2024-08-09 09:23:46,17250.0,6000,Sell,230436815
2024-08-09 09:23:48,17250.0,100,Sell,230436853
2024-08-09 09:23:49,17300.0,56000,Buy,230436878
2024-08-09 09:23:53,17250.0,9500,Sell,230436949
2024-08-09 09:23:53,17250.0,100,Sell,230436950
2024-08-09 09:23:54,17300.0,50000,Buy,230436959
2024-08-09 09:23:59,17300.0,22500,Buy,230437088
2024-08-09 09:23:59,17300.0,117500,Buy,230437086
2024-08-09 09:23:59,17300.0,10000,Buy,230437087
2024-08-09 09:24:10,17300.0,100000,Buy,230437337
2024-08-09 09:24:12,17250.0,300,Sell,230437402
2024-08-09 09:24:12,17300.0,155300,Buy,230437405
2024-08-09 09:24:12,17300.0,44700,Buy,230437406
2024-08-09 09:24:15,17300.0,105000,Buy,230437466
2024-08-09 09:24:22,17300.0,40000,Buy,230437679
2024-08-09 09:24:25,17300.0,65000,Buy,230437745
2024-08-09 09:24:29,17300.0,10000,Buy,230437824
2024-08-09 09:24:31,17300.0,1000,Buy,230437857
2024-08-09 09:24:32,17300.0,2300,Buy,230437870
2024-08-09 09:24:33,17250.0,100,Sell,230437892
2024-08-09 09:24:35,17250.0,100000,Sell,230437923
2024-08-09 09:24:35,17300.0,500,Buy,230437928
2024-08-09 09:24:36,17300.0,500,Buy,230437940
2024-08-09 09:24:38,17300.0,62000,Buy,230437968
2024-08-09 09:24:42,17300.0,100000,Buy,230438051
2024-08-09 09:24:46,17250.0,5000,Sell,230438150
2024-08-09 09:24:49,17250.0,500,Sell,230438207
2024-08-09 09:24:50,17300.0,56000,Buy,230438244
2024-08-09 09:24:50,17300.0,69000,Buy,230438243
2024-08-09 09:24:52,17300.0,5000,Buy,230438281
2024-08-09 09:24:56,17250.0,3700,Sell,230438422
2024-08-09 09:25:00,17300.0,50000,Buy,230438509
2024-08-09 09:25:00,17250.0,200,Sell,230438515
2024-08-09 09:25:02,17300.0,87000,Buy,230438548
2024-08-09 09:25:04,17250.0,10500,Sell,230438601
2024-08-09 09:25:05,17250.0,2000,Sell,230438614
2024-08-09 09:25:10,17300.0,500,Buy,230438733
2024-08-09 09:25:14,17300.0,2500,Buy,230438850
2024-08-09 09:25:15,17300.0,2000,Buy,230438854
2024-08-09 09:25:21,17300.0,500,Buy,230438987
2024-08-09 09:25:21,17300.0,150000,Buy,230438977
2024-08-09 09:25:22,17300.0,50000,Buy,230439003
2024-08-09 09:25:23,17300.0,1000,Buy,230439036
2024-08-09 09:25:27,17250.0,600,Sell,230439111
2024-08-09 09:25:30,17300.0,200,Buy,230439194
2024-08-09 09:25:38,17300.0,1000,Buy,230439314
2024-08-09 09:25:38,17300.0,40000,Buy,230439315
2024-08-09 09:25:40,17300.0,2000,Buy,230439354
2024-08-09 09:25:42,17300.0,50000,Buy,230439390
2024-08-09 09:25:51,17300.0,2300,Buy,230439611
2024-08-09 09:25:51,17300.0,51900,Buy,230439612
2024-08-09 09:25:55,17300.0,9000,Buy,230439696
2024-08-09 09:25:55,17300.0,40000,Buy,230439684
2024-08-09 09:25:55,17300.0,200,Buy,230439685
2024-08-09 09:25:58,17300.0,7000,Buy,230439746
2024-08-09 09:26:01,17300.0,300,Buy,230439872
2024-08-09 09:26:07,17300.0,1000,Buy,230440030
2024-08-09 09:26:07,17250.0,7900,Sell,230440062
2024-08-09 09:26:07,17250.0,100,Sell,230440063
2024-08-09 09:26:07,17250.0,100,Sell,230440064
2024-08-09 09:26:07,17250.0,1900,Sell,230440065
2024-08-09 09:26:10,17300.0,75000,Buy,230440111
2024-08-09 09:26:17,17250.0,5800,Sell,230440285
2024-08-09 09:26:18,17300.0,35000,Buy,230440294
2024-08-09 09:26:19,17300.0,500,Buy,230440323
2024-08-09 09:26:23,17250.0,11200,Sell,230440385
2024-08-09 09:26:27,17300.0,34500,Buy,230440500
2024-08-09 09:26:28,17300.0,1500,Buy,230440513
2024-08-09 09:26:34,17300.0,500,Buy,230440700
2024-08-09 09:26:35,17250.0,100,Sell,230440715
2024-08-09 09:26:35,17300.0,40000,Buy,230440716
2024-08-09 09:26:39,17300.0,68600,Buy,230440817
2024-08-09 09:26:39,17300.0,500,Buy,230440818
2024-08-09 09:26:39,17300.0,30900,Buy,230440819
2024-08-09 09:26:40,17300.0,56000,Buy,230440828
2024-08-09 09:26:42,17300.0,3000,Buy,230440897
2024-08-09 09:26:45,17300.0,2000,Buy,230440976
2024-08-09 09:26:45,17300.0,1800,Buy,230440983
2024-08-09 09:26:48,17300.0,1000,Buy,230441042
2024-08-09 09:26:48,17300.0,25000,Buy,230441067
2024-08-09 09:26:51,17300.0,45000,Buy,230441137
2024-08-09 09:26:52,17300.0,2500,Buy,230441161
2024-08-09 09:26:55,17300.0,2700,Buy,230441279
2024-08-09 09:26:55,17300.0,100,Buy,230441278
2024-08-09 09:26:55,17300.0,1000,Buy,230441273
2024-08-09 09:26:55,17300.0,500,Buy,230441277
2024-08-09 09:26:55,17300.0,8000,Buy,230441276
2024-08-09 09:26:55,17300.0,500,Buy,230441275
2024-08-09 09:26:55,17300.0,3000,Buy,230441274
2024-08-09 09:26:55,17300.0,500,Buy,230441272
2024-08-09 09:26:55,17300.0,200,Buy,230441265
2024-08-09 09:26:55,17300.0,200,Buy,230441270
2024-08-09 09:26:55,17300.0,5000,Buy,230441269
2024-08-09 09:26:55,17300.0,500,Buy,230441268
2024-08-09 09:26:55,17300.0,5000,Buy,230441267
2024-08-09 09:26:55,17300.0,1000,Buy,230441266
2024-08-09 09:26:55,17300.0,200,Buy,230441264
2024-08-09 09:26:55,17300.0,1000,Buy,230441263
2024-08-09 09:26:55,17300.0,600,Buy,230441271
2024-08-09 09:26:59,17300.0,1000,Buy,230441369
2024-08-09 09:26:59,17300.0,1000,Buy,230441370
2024-08-09 09:27:02,17300.0,200,Buy,230441416
2024-08-09 09:27:02,17300.0,100,Buy,230441417
2024-08-09 09:27:02,17300.0,5000,Buy,230441418
2024-08-09 09:27:02,17300.0,700,Buy,230441423
2024-08-09 09:27:02,17300.0,100,Buy,230441420
2024-08-09 09:27:02,17300.0,2000,Buy,230441421
2024-08-09 09:27:02,17300.0,12500,Buy,230441422
2024-08-09 09:27:02,17300.0,10000,Buy,230441419
2024-08-09 09:27:02,17300.0,10000,Buy,230441415
2024-08-09 09:27:02,17300.0,100,Buy,230441413
2024-08-09 09:27:02,17300.0,100,Buy,230441412
2024-08-09 09:27:02,17300.0,5000,Buy,230441411
2024-08-09 09:27:02,17300.0,100,Buy,230441410
2024-08-09 09:27:02,17300.0,100,Buy,230441409
2024-08-09 09:27:02,17300.0,1000,Buy,230441408
2024-08-09 09:27:02,17300.0,200,Buy,230441407
2024-08-09 09:27:02,17300.0,800,Buy,230441406
2024-08-09 09:27:02,17300.0,1300,Buy,230441405
2024-08-09 09:27:02,17300.0,5700,Buy,230441414
2024-08-09 09:27:04,17300.0,600,Buy,230441446
2024-08-09 09:27:05,17300.0,3300,Buy,230441508
2024-08-09 09:27:05,17300.0,1000,Buy,230441492
2024-08-09 09:27:05,17300.0,26200,Buy,230441506
2024-08-09 09:27:05,17300.0,1800,Buy,230441494
2024-08-09 09:27:05,17300.0,1000,Buy,230441493
2024-08-09 09:27:05,17300.0,500,Buy,230441491
2024-08-09 09:27:05,17300.0,500,Buy,230441507
2024-08-09 09:27:05,17300.0,100,Buy,230441489
2024-08-09 09:27:05,17300.0,700,Buy,230441490
2024-08-09 09:27:05,17300.0,15200,Buy,230441483
2024-08-09 09:27:05,17300.0,100,Buy,230441484
2024-08-09 09:27:05,17300.0,100,Buy,230441485
2024-08-09 09:27:05,17300.0,2000,Buy,230441504
2024-08-09 09:27:05,17300.0,4700,Buy,230441486
2024-08-09 09:27:05,17300.0,100,Buy,230441488
2024-08-09 09:27:05,17300.0,500,Buy,230441487
2024-08-09 09:27:08,17300.0,6200,Buy,230441548
2024-08-09 09:27:08,17300.0,1000,Buy,230441549
2024-08-09 09:27:08,17300.0,2800,Buy,230441550
2024-08-09 09:27:09,17300.0,1000,Buy,230441583
2024-08-09 09:27:09,17300.0,8200,Buy,230441584
2024-08-09 09:27:09,17300.0,100,Buy,230441585
2024-08-09 09:27:09,17300.0,20000,Buy,230441586
2024-08-09 09:27:09,17300.0,600,Buy,230441587
2024-08-09 09:27:12,17350.0,400,Buy,230441640
2024-08-09 09:27:12,17350.0,500,Buy,230441639
2024-08-09 09:27:12,17350.0,200,Buy,230441638
2024-08-09 09:27:12,17350.0,5000,Buy,230441637
2024-08-09 09:27:12,17350.0,1000,Buy,230441636
2024-08-09 09:27:12,17350.0,100,Buy,230441641
2024-08-09 09:27:12,17350.0,200,Buy,230441634
2024-08-09 09:27:12,17350.0,100,Buy,230441633
2024-08-09 09:27:12,17350.0,600,Buy,230441632
2024-08-09 09:27:12,17350.0,100,Buy,230441631
2024-08-09 09:27:12,17350.0,100,Buy,230441630
2024-08-09 09:27:12,17350.0,12000,Buy,230441629
2024-08-09 09:27:12,17350.0,100,Buy,230441635
2024-08-09 09:27:13,17300.0,10000,Sell,230441654
2024-08-09 09:27:15,17300.0,23100,Sell,230441694
2024-08-09 09:27:15,17300.0,2000,Sell,230441695
2024-08-09 09:27:15,17300.0,100,Sell,230441696
2024-08-09 09:27:15,17300.0,100,Sell,230441697
2024-08-09 09:27:15,17300.0,6700,Sell,230441698
2024-08-09 09:27:15,17300.0,3300,Sell,230441707
2024-08-09 09:27:20,17300.0,2000,Sell,230441784
2024-08-09 09:27:21,17300.0,5000,Sell,230441826
2024-08-09 09:27:24,17300.0,1300,Buy,230441877
2024-08-09 09:27:28,17300.0,100,Buy,230441954
2024-08-09 09:27:31,17300.0,2000,Buy,230442015
2024-08-09 09:27:31,17300.0,100,Buy,230442042
2024-08-09 09:27:37,17300.0,1200,Buy,230442140
2024-08-09 09:27:39,17300.0,3500,Buy,230442190
2024-08-09 09:27:41,17300.0,200,Buy,230442228
2024-08-09 09:27:42,17300.0,5000,Buy,230442235
2024-08-09 09:27:55,17300.0,3000,Buy,230442441
2024-08-09 09:27:57,17250.0,86900,Sell,230442508
2024-08-09 09:28:09,17300.0,3400,Buy,230442724
2024-08-09 09:28:09,17300.0,1000,Buy,230442723
2024-08-09 09:28:09,17300.0,100,Buy,230442720
2024-08-09 09:28:09,17300.0,500,Buy,230442721
2024-08-09 09:28:09,17300.0,5000,Buy,230442722
2024-08-09 09:28:20,17250.0,1000,Sell,230442967
2024-08-09 09:28:22,17250.0,5000,Sell,230442990
2024-08-09 09:28:22,17250.0,1000,Sell,230442991
2024-08-09 09:28:24,17250.0,1000,Sell,230443027
2024-08-09 09:28:24,17250.0,2800,Sell,230443026
2024-08-09 09:28:24,17250.0,300,Sell,230443025
2024-08-09 09:28:24,17250.0,100,Sell,230443024
2024-08-09 09:28:24,17250.0,300,Sell,230443023
2024-08-09 09:28:24,17250.0,1000,Sell,230443020
2024-08-09 09:28:24,17250.0,500,Sell,230443019
2024-08-09 09:28:24,17250.0,1000,Sell,230443018
2024-08-09 09:28:24,17250.0,3000,Sell,230443022
2024-08-09 09:28:24,17250.0,1000,Sell,230443021
2024-08-09 09:28:25,17250.0,800,Sell,230443067
2024-08-09 09:28:25,17250.0,19200,Sell,230443066
2024-08-09 09:28:29,17250.0,800,Sell,230443147
2024-08-09 09:28:29,17250.0,100,Sell,230443148
2024-08-09 09:28:29,17250.0,2000,Sell,230443145
2024-08-09 09:28:29,17250.0,2000,Sell,230443132
2024-08-09 09:28:29,17250.0,4000,Sell,230443131
2024-08-09 09:28:29,17250.0,3200,Sell,230443133
2024-08-09 09:28:29,17250.0,200,Sell,230443130
2024-08-09 09:28:32,17200.0,200,Sell,230443224
2024-08-09 09:28:32,17200.0,100,Sell,230443218
2024-08-09 09:28:32,17200.0,1000,Sell,230443219
2024-08-09 09:28:32,17200.0,400,Sell,230443220
2024-08-09 09:28:32,17200.0,7000,Sell,230443221
2024-08-09 09:28:32,17200.0,1000,Sell,230443222
2024-08-09 09:28:32,17200.0,200,Sell,230443223
2024-08-09 09:28:33,17200.0,300,Buy,230443238
2024-08-09 09:29:06,17150.0,100,Sell,230443851
2024-08-09 09:29:58,17150.0,900,Sell,230445261
2024-08-09 09:29:58,17150.0,4000,Sell,230445262
2024-08-09 09:29:58,17150.0,700,Sell,230445263
2024-08-09 09:29:58,17150.0,4400,Sell,230445264
2024-08-09 09:30:34,17150.0,5000,Sell,230446067
2024-08-09 09:30:34,17150.0,2400,Sell,230446068
2024-08-09 09:30:34,17150.0,300,Sell,230446066
2024-08-09 09:30:34,17150.0,200,Sell,230446070
2024-08-09 09:30:34,17150.0,400,Sell,230446071
2024-08-09 09:30:34,17150.0,1500,Sell,230446069
2024-08-09 09:30:34,17150.0,20000,Sell,230446065
2024-08-09 09:30:34,17150.0,400,Sell,230446061
2024-08-09 09:30:34,17150.0,1000,Sell,230446063
2024-08-09 09:30:34,17150.0,100,Sell,230446064
2024-08-09 09:30:34,17150.0,600,Sell,230446056
2024-08-09 09:30:34,17150.0,5000,Sell,230446057
2024-08-09 09:30:34,17150.0,100,Sell,230446060
2024-08-09 09:30:34,17150.0,4000,Sell,230446059
2024-08-09 09:30:34,17150.0,500,Sell,230446062
2024-08-09 09:30:34,17150.0,500,Sell,230446058
2024-08-09 09:30:37,17100.0,2000,Sell,230446155
2024-08-09 09:30:37,17100.0,300,Sell,230446156
2024-08-09 09:30:37,17100.0,100,Sell,230446157
2024-08-09 09:30:37,17100.0,1000,Sell,230446158
2024-08-09 09:30:37,17100.0,15500,Sell,230446159
2024-08-09 09:30:38,17100.0,100,Sell,230446183
2024-08-09 09:30:38,17150.0,2000,Buy,230446195
2024-08-09 09:30:41,17150.0,500,Buy,230446219
2024-08-09 09:30:41,17150.0,100,Buy,230446220
2024-08-09 09:30:41,17150.0,5000,Buy,230446243
2024-08-09 09:30:41,17150.0,400,Buy,230446244
2024-08-09 09:30:41,17150.0,2000,Buy,230446245
2024-08-09 09:30:43,17150.0,7600,Sell,230446274
2024-08-09 09:30:46,17150.0,1000,Buy,230446308
2024-08-09 09:30:51,17150.0,400,Buy,230446400
2024-08-09 09:30:56,17150.0,45000,Sell,230446484
2024-08-09 09:31:18,17150.0,100,Sell,230446885
2024-08-09 09:31:18,17150.0,500,Sell,230446887
2024-08-09 09:31:18,17150.0,4600,Sell,230446884
2024-08-09 09:31:18,17150.0,1000,Sell,230446886
2024-08-09 09:31:30,17150.0,10000,Buy,230447131
2024-08-09 09:31:30,17150.0,100,Buy,230447132
2024-08-09 09:31:48,17100.0,300,Sell,230447524
2024-08-09 09:32:11,17150.0,48700,Buy,230447984
2024-08-09 09:32:11,17150.0,500,Buy,230447985
2024-08-09 09:32:11,17150.0,300,Buy,230447987
2024-08-09 09:32:11,17150.0,12000,Buy,230447988
2024-08-09 09:32:11,17150.0,15000,Buy,230447989
2024-08-09 09:32:11,17150.0,500,Buy,230447986
2024-08-09 09:32:12,17150.0,23000,Sell,230448004
2024-08-09 09:32:12,17150.0,600,Sell,230448005
2024-08-09 09:32:13,17100.0,200,Sell,230448021
2024-08-09 09:32:19,17150.0,5000,Buy,230448136
2024-08-09 09:32:20,17150.0,1400,Buy,230448150
2024-08-09 09:32:22,17150.0,600,Sell,230448180
2024-08-09 09:32:36,17150.0,8400,Buy,230448410
2024-08-09 09:32:36,17150.0,23600,Buy,230448411
2024-08-09 09:32:37,17150.0,1000,Buy,230448426
2024-08-09 09:32:39,17150.0,5000,Buy,230448467
2024-08-09 09:32:42,17150.0,1000,Buy,230448504
2024-08-09 09:32:45,17150.0,1000,Buy,230448598
2024-08-09 09:32:49,17150.0,100,Buy,230448648
2024-08-09 09:33:02,17150.0,10000,Buy,230448864
2024-08-09 09:33:04,17150.0,500,Buy,230448914
2024-08-09 09:33:06,17150.0,100,Buy,230448940
2024-08-09 09:33:06,17150.0,1000,Buy,230448948
2024-08-09 09:33:34,17100.0,600,Sell,230449472
2024-08-09 09:33:37,17150.0,10000,Buy,230449547
2024-08-09 09:34:34,17150.0,100,Buy,230450559
2024-08-09 09:34:39,17150.0,1600,Buy,230450650
2024-08-09 09:34:39,17150.0,7600,Buy,230450651
2024-08-09 09:34:39,17150.0,15800,Buy,230450652
2024-08-09 09:34:43,17150.0,2100,Buy,230450683
2024-08-09 09:34:53,17150.0,200,Buy,230450900
2024-08-09 09:35:00,17150.0,400,Buy,230451007
2024-08-09 09:35:01,17150.0,5400,Buy,230451024
2024-08-09 09:35:01,17150.0,4600,Buy,230451023
2024-08-09 09:35:04,17100.0,200,Sell,230451078
2024-08-09 09:35:06,17150.0,2000,Buy,230451122
2024-08-09 09:35:08,17150.0,8000,Buy,230451156
2024-08-09 09:35:10,17150.0,100,Buy,230451175
2024-08-09 09:35:12,17150.0,100,Buy,230451197
2024-08-09 09:35:12,17150.0,500,Buy,230451198
2024-08-09 09:35:12,17150.0,900,Buy,230451199
2024-08-09 09:35:12,17150.0,500,Buy,230451200
2024-08-09 09:35:13,17150.0,1000,Buy,230451212
2024-08-09 09:35:14,17150.0,1000,Buy,230451252
2024-08-09 09:35:16,17150.0,100,Buy,230451302
2024-08-09 09:35:21,17150.0,1000,Buy,230451381
2024-08-09 09:35:29,17150.0,6400,Buy,230451559
2024-08-09 09:35:29,17150.0,400,Buy,230451560
2024-08-09 09:35:29,17150.0,200,Buy,230451561
2024-08-09 09:35:29,17150.0,3000,Buy,230451562
2024-08-09 09:35:31,17150.0,1000,Buy,230451575
2024-08-09 09:35:33,17150.0,3000,Buy,230451622
2024-08-09 09:35:37,17150.0,500,Buy,230451702
2024-08-09 09:35:52,17100.0,1000,Sell,230451985
2024-08-09 09:36:03,17150.0,6500,Buy,230452160
2024-08-09 09:36:03,17150.0,2500,Buy,230452157
2024-08-09 09:36:03,17150.0,5000,Buy,230452158
2024-08-09 09:36:03,17150.0,6000,Buy,230452159
2024-08-09 09:36:08,17150.0,200,Buy,230452242
2024-08-09 09:36:08,17150.0,1200,Buy,230452241
2024-08-09 09:36:08,17150.0,300,Buy,230452249
2024-08-09 09:36:12,17150.0,3000,Buy,230452303
2024-08-09 09:36:24,17150.0,100,Buy,230452523
2024-08-09 09:36:59,17150.0,100,Buy,230453165
2024-08-09 09:37:13,17150.0,2000,Buy,230453402
2024-08-09 09:37:23,17150.0,100,Buy,230453587
2024-08-09 09:37:23,17150.0,4900,Buy,230453588
2024-08-09 09:37:35,17150.0,100,Buy,230453788
2024-08-09 09:37:50,17150.0,1000,Buy,230454063
2024-08-09 09:37:52,17150.0,100,Buy,230454123
2024-08-09 09:37:52,17150.0,14700,Buy,230454122
2024-08-09 09:37:52,17150.0,200,Buy,230454120
2024-08-09 09:37:52,17150.0,28000,Buy,230454118
2024-08-09 09:37:52,17150.0,5300,Buy,230454121
2024-08-09 09:37:52,17150.0,10200,Buy,230454119
2024-08-09 09:37:59,17150.0,35000,Sell,230454288
2024-08-09 09:38:00,17200.0,100,Buy,230454304
2024-08-09 09:38:06,17150.0,500,Sell,230454465
2024-08-09 09:38:15,17150.0,2000,Sell,230454588
2024-08-09 09:38:15,17150.0,1000,Sell,230454587
2024-08-09 09:38:15,17150.0,6000,Sell,230454585
2024-08-09 09:38:15,17150.0,10000,Sell,230454586
2024-08-09 09:38:18,17150.0,100,Buy,230454646
2024-08-09 09:38:35,17150.0,100,Buy,230454945
2024-08-09 09:39:30,17150.0,100,Buy,230455876
2024-08-09 09:39:41,17150.0,100,Buy,230456036
2024-08-09 09:40:02,17150.0,300,Buy,230456351
2024-08-09 09:40:19,17150.0,600,Buy,230456665
2024-08-09 09:40:40,17150.0,5500,Buy,230457106
2024-08-09 09:40:47,17150.0,500,Buy,230457206
2024-08-09 09:40:50,17100.0,400,Sell,230457267
2024-08-09 09:41:00,17100.0,300,Sell,230457424
2024-08-09 09:41:31,17150.0,100,Buy,230457864
2024-08-09 09:41:37,17150.0,5500,Buy,230457983
2024-08-09 09:42:00,17150.0,100,Buy,230458366
2024-08-09 09:42:02,17100.0,11400,Sell,230458411
2024-08-09 09:42:02,17100.0,500,Sell,230458412
2024-08-09 09:42:02,17100.0,2700,Sell,230458413
2024-08-09 09:42:26,17100.0,2000,Sell,230458742
2024-08-09 09:42:57,17100.0,100,Sell,230459339
2024-08-09 09:43:13,17100.0,1300,Sell,230459589
2024-08-09 09:44:25,17100.0,2000,Sell,230460820
2024-08-09 09:44:37,17100.0,8500,Sell,230460947
2024-08-09 09:45:04,17100.0,10000,Sell,230461364
2024-08-09 09:45:13,17150.0,100,Buy,230461490
2024-08-09 09:45:25,17100.0,65000,Sell,230461694
2024-08-09 09:45:38,17100.0,500,Sell,230461957
2024-08-09 09:45:38,17100.0,100,Sell,230461958
2024-08-09 09:45:38,17100.0,100,Sell,230461959
2024-08-09 09:45:38,17100.0,100,Sell,230461960
2024-08-09 09:45:38,17100.0,100,Sell,230461961
2024-08-09 09:45:38,17100.0,100,Sell,230461963
2024-08-09 09:45:38,17100.0,100,Sell,230461964
2024-08-09 09:45:38,17100.0,200,Sell,230461965
2024-08-09 09:45:38,17100.0,2000,Sell,230461966
2024-08-09 09:45:38,17100.0,100,Sell,230461967
2024-08-09 09:45:38,17100.0,8900,Sell,230461968
2024-08-09 09:45:38,17100.0,300,Sell,230461962
2024-08-09 09:45:38,17100.0,900,Sell,230461954
2024-08-09 09:45:38,17100.0,2000,Sell,230461956
2024-08-09 09:45:38,17100.0,200,Sell,230461943
2024-08-09 09:45:38,17100.0,8400,Sell,230461940
2024-08-09 09:45:38,17100.0,500,Sell,230461941
2024-08-09 09:45:38,17100.0,2000,Sell,230461942
2024-08-09 09:45:38,17100.0,100,Sell,230461953
2024-08-09 09:45:38,17100.0,500,Sell,230461944
2024-08-09 09:45:38,17100.0,300,Sell,230461945
2024-08-09 09:45:38,17100.0,100,Sell,230461955
2024-08-09 09:45:38,17100.0,2000,Sell,230461947
2024-08-09 09:45:38,17100.0,500,Sell,230461948
2024-08-09 09:45:38,17100.0,400,Sell,230461949
2024-08-09 09:45:38,17100.0,500,Sell,230461950
2024-08-09 09:45:38,17100.0,200,Sell,230461951
2024-08-09 09:45:38,17100.0,800,Sell,230461952
2024-08-09 09:45:38,17100.0,3000,Sell,230461946
2024-08-09 09:45:46,17150.0,3000,Buy,230462096
2024-08-09 09:45:52,17100.0,100,Sell,230462216
2024-08-09 09:45:52,17100.0,1000,Sell,230462215
2024-08-09 09:45:52,17100.0,100,Sell,230462214
2024-08-09 09:45:52,17100.0,8000,Sell,230462213
2024-08-09 09:45:52,17100.0,10000,Sell,230462212
2024-08-09 09:45:52,17100.0,100,Sell,230462211
2024-08-09 09:45:52,17100.0,500,Sell,230462209
2024-08-09 09:45:52,17100.0,11100,Sell,230462204
2024-08-09 09:45:52,17100.0,100,Sell,230462205
2024-08-09 09:45:52,17100.0,200,Sell,230462210
2024-08-09 09:45:52,17100.0,200,Sell,230462207
2024-08-09 09:45:52,17100.0,400,Sell,230462206
2024-08-09 09:45:52,17100.0,100,Sell,230462208
2024-08-09 09:46:08,17100.0,4100,Buy,230462499
2024-08-09 09:46:10,17100.0,5900,Sell,230462538
2024-08-09 09:46:21,17100.0,4000,Buy,230462710
2024-08-09 09:46:47,17100.0,100,Buy,230463147
2024-08-09 09:46:47,17100.0,100,Buy,230463148
2024-08-09 09:46:53,17100.0,1000,Buy,230463297
2024-08-09 09:47:03,17100.0,33900,Buy,230463487
2024-08-09 09:47:20,17100.0,11100,Sell,230463851
2024-08-09 09:47:20,17100.0,500,Sell,230463852
2024-08-09 09:47:21,17100.0,300,Buy,230463864
2024-08-09 09:47:22,17100.0,4100,Buy,230463925
2024-08-09 09:47:26,17100.0,5900,Sell,230463972
2024-08-09 09:47:26,17100.0,100,Sell,230463973
2024-08-09 09:47:26,17100.0,5000,Sell,230463974
2024-08-09 09:47:29,17100.0,5000,Buy,230464019
2024-08-09 09:47:35,17100.0,4000,Buy,230464160
2024-08-09 09:47:37,17100.0,100,Buy,230464201
2024-08-09 09:47:42,17100.0,14900,Buy,230464305
2024-08-09 09:47:42,17100.0,1000,Buy,230464306
2024-08-09 09:47:42,17100.0,10000,Buy,230464307
2024-08-09 09:48:09,17100.0,14100,Sell,230464854
2024-08-09 09:48:09,17100.0,2000,Sell,230464855
2024-08-09 09:48:09,17100.0,3000,Sell,230464856
2024-08-09 09:48:19,17100.0,1000,Buy,230465058
2024-08-09 09:48:23,17100.0,100,Buy,230465143
2024-08-09 09:48:28,17100.0,15000,Buy,230465239
2024-08-09 09:48:32,17100.0,100,Buy,230465330
2024-08-09 09:48:41,17100.0,2100,Buy,230465478
2024-08-09 09:48:41,17100.0,1700,Buy,230465477
2024-08-09 09:48:41,17100.0,700,Buy,230465474
2024-08-09 09:48:41,17100.0,12000,Buy,230465475
2024-08-09 09:48:41,17100.0,5600,Buy,230465476
2024-08-09 09:49:05,17100.0,2900,Sell,230465916
2024-08-09 09:49:05,17100.0,500,Sell,230465917
2024-08-09 09:49:13,17100.0,10000,Buy,230466208
2024-08-09 09:49:33,17100.0,1100,Buy,230466590
2024-08-09 09:49:33,17100.0,500,Buy,230466591
2024-08-09 09:49:41,17100.0,10000,Buy,230466724
2024-08-09 09:49:44,17100.0,19800,Buy,230466792
2024-08-09 09:49:44,17100.0,200,Buy,230466784
2024-08-09 09:49:44,17100.0,200,Buy,230466793
2024-08-09 09:49:52,17100.0,3000,Buy,230466948
2024-08-09 09:50:11,17100.0,100,Buy,230467371
2024-08-09 09:50:28,17100.0,100,Buy,230467775
2024-08-09 09:50:40,17100.0,300,Buy,230468075
2024-08-09 09:50:43,17100.0,100,Buy,230468171
2024-08-09 09:50:52,17100.0,1000,Buy,230468422
2024-08-09 09:51:05,17100.0,2000,Buy,230468716
2024-08-09 09:51:06,17100.0,100,Buy,230468769
2024-08-09 09:51:07,17100.0,1900,Buy,230468795
2024-08-09 09:51:07,17100.0,3100,Buy,230468794
2024-08-09 09:51:17,17100.0,100,Buy,230469017
2024-08-09 09:51:22,17100.0,7800,Buy,230469180
2024-08-09 09:51:22,17100.0,10200,Buy,230469181
2024-08-09 09:51:22,17100.0,2000,Buy,230469182
2024-08-09 09:51:27,17050.0,200,Sell,230469302
2024-08-09 09:51:32,17100.0,100,Buy,230469418
2024-08-09 09:51:40,17100.0,2900,Buy,230469577
2024-08-09 09:51:40,17100.0,9000,Buy,230469578
2024-08-09 09:51:40,17100.0,18000,Buy,230469579
2024-08-09 09:51:42,17150.0,1000,Buy,230469620
2024-08-09 09:52:06,17100.0,10000,Sell,230470235
2024-08-09 09:52:06,17100.0,10000,Sell,230470236
2024-08-09 09:52:06,17100.0,20100,Sell,230470234
2024-08-09 09:52:09,17100.0,4900,Buy,230470313
2024-08-09 09:52:26,17100.0,5100,Sell,230470748
2024-08-09 09:52:26,17100.0,800,Sell,230470749
2024-08-09 09:52:34,17100.0,5000,Buy,230470906
2024-08-09 09:52:40,17050.0,400,Sell,230471182
2024-08-09 09:52:40,17050.0,100,Sell,230471183
2024-08-09 09:52:40,17050.0,600,Sell,230471184
2024-08-09 09:52:41,17100.0,2000,Buy,230471197
2024-08-09 09:52:49,17100.0,1000,Buy,230471399
2024-08-09 09:53:05,17100.0,500,Buy,230471935
2024-08-09 09:53:09,17100.0,5700,Buy,230471997
2024-08-09 09:53:14,17100.0,2000,Buy,230472189
2024-08-09 09:53:20,17100.0,5000,Buy,230472347
2024-08-09 09:53:24,17100.0,2600,Buy,230472506
2024-08-09 09:53:28,17100.0,300,Buy,230472745
2024-08-09 09:53:34,17100.0,200,Buy,230472906
2024-08-09 09:53:46,17100.0,3000,Buy,230473170
2024-08-09 09:53:49,17100.0,1000,Buy,230473266
2024-08-09 09:53:52,17100.0,100,Buy,230473358
2024-08-09 09:53:52,17100.0,800,Buy,230473357
2024-08-09 09:53:52,17100.0,100,Buy,230473359
2024-08-09 09:53:56,17100.0,2000,Sell,230473487
2024-08-09 09:53:56,17100.0,500,Sell,230473488
2024-08-09 09:53:58,17100.0,2000,Buy,230473515
2024-08-09 09:53:58,17100.0,500,Buy,230473516
2024-08-09 09:53:59,17100.0,2000,Buy,230473522
2024-08-09 09:54:03,17100.0,100,Buy,230473658
2024-08-09 09:54:08,17100.0,12100,Buy,230473766
2024-08-09 09:54:08,17100.0,2900,Buy,230473763
2024-08-09 09:54:08,17100.0,100,Buy,230473764
2024-08-09 09:54:08,17100.0,17100,Buy,230473765
2024-08-09 09:54:14,17100.0,6500,Sell,230473896
2024-08-09 09:54:22,17100.0,8400,Sell,230474054
2024-08-09 09:54:24,17100.0,600,Sell,230474099
2024-08-09 09:54:24,17100.0,5000,Sell,230474098
2024-08-09 09:54:24,17100.0,5000,Sell,230474100
2024-08-09 09:54:24,17100.0,1200,Sell,230474096
2024-08-09 09:54:24,17100.0,100,Sell,230474095
2024-08-09 09:54:24,17100.0,2900,Sell,230474094
2024-08-09 09:54:24,17100.0,10000,Sell,230474097
2024-08-09 09:54:27,17100.0,1000,Buy,230474178
2024-08-09 09:54:28,17100.0,1000,Buy,230474197
2024-08-09 09:54:35,17100.0,1000,Buy,230474321
2024-08-09 09:54:45,17100.0,7200,Buy,230474547
2024-08-09 09:55:19,17100.0,1000,Sell,230475691
2024-08-09 09:55:19,17100.0,200,Sell,230475694
2024-08-09 09:55:19,17100.0,100,Sell,230475693
2024-08-09 09:55:19,17100.0,300,Sell,230475692
2024-08-09 09:55:19,17100.0,1000,Sell,230475689
2024-08-09 09:55:19,17100.0,500,Sell,230475688
2024-08-09 09:55:19,17100.0,500,Sell,230475687
2024-08-09 09:55:19,17100.0,1000,Sell,230475686
2024-08-09 09:55:19,17100.0,2800,Sell,230475685
2024-08-09 09:55:19,17100.0,500,Sell,230475690
2024-08-09 09:55:20,17100.0,3000,Buy,230475769
2024-08-09 09:55:27,17100.0,300,Buy,230475936
2024-08-09 09:55:31,17100.0,2000,Buy,230476040
2024-08-09 09:55:36,17100.0,10000,Buy,230476133
2024-08-09 09:56:06,17100.0,1000,Buy,230477137
2024-08-09 09:56:07,17100.0,2000,Buy,230477158
2024-08-09 09:56:22,17100.0,5000,Buy,230477641
2024-08-09 09:56:36,17100.0,10000,Buy,230478090
2024-08-09 09:56:36,17100.0,800,Buy,230478091
2024-08-09 09:56:36,17100.0,9200,Buy,230478092
2024-08-09 09:56:41,17100.0,2400,Buy,230478195
2024-08-09 09:56:41,17100.0,2600,Buy,230478198
2024-08-09 09:56:57,17100.0,100,Buy,230478615
2024-08-09 09:57:02,17100.0,1000,Buy,230478760
2024-08-09 09:57:04,17100.0,10000,Buy,230478786
2024-08-09 09:57:09,17100.0,2000,Buy,230478940
2024-08-09 09:57:09,17100.0,34300,Buy,230478941
2024-08-09 09:57:27,17100.0,55000,Sell,230479394
2024-08-09 09:57:39,17100.0,500,Sell,230479653
2024-08-09 09:57:39,17100.0,5000,Sell,230479654
2024-08-09 09:57:39,17100.0,10000,Sell,230479655
2024-08-09 09:57:39,17100.0,2900,Sell,230479656
2024-08-09 09:57:39,17100.0,1000,Sell,230479657
2024-08-09 09:57:39,17100.0,4900,Sell,230479658
2024-08-09 09:57:39,17100.0,10700,Sell,230479652
2024-08-09 09:57:47,17150.0,10000,Buy,230479811
2024-08-09 09:57:52,17100.0,100,Buy,230479930
2024-08-09 09:57:52,17100.0,2000,Sell,230479922
2024-08-09 09:57:52,17100.0,500,Sell,230479920
2024-08-09 09:57:52,17100.0,1900,Sell,230479921
2024-08-09 09:57:52,17100.0,100,Sell,230479919
2024-08-09 09:57:53,17100.0,10000,Buy,230479952
2024-08-09 09:57:54,17100.0,200,Buy,230479967
2024-08-09 09:57:58,17100.0,400,Buy,230480043
2024-08-09 09:58:00,17100.0,1200,Buy,230480077
2024-08-09 09:58:02,17100.0,100,Buy,230480135
2024-08-09 09:58:02,17100.0,300,Buy,230480111
2024-08-09 09:58:03,17100.0,5000,Buy,230480182
2024-08-09 09:58:08,17100.0,300,Buy,230480359
2024-08-09 09:58:09,17100.0,200,Buy,230480372
2024-08-09 09:58:11,17100.0,12000,Buy,230480417
2024-08-09 09:58:15,17100.0,100,Buy,230480496
2024-08-09 09:58:16,17100.0,100,Buy,230480520
2024-08-09 09:58:19,17100.0,300,Buy,230480644
2024-08-09 09:58:19,17100.0,10200,Buy,230480654
2024-08-09 09:58:19,17100.0,300,Buy,230480655
2024-08-09 09:58:41,17100.0,500,Sell,230481149
2024-08-09 09:58:41,17100.0,24500,Sell,230481148
2024-08-09 09:58:59,17100.0,4500,Sell,230481639
2024-08-09 09:58:59,17100.0,200,Sell,230481640
2024-08-09 09:58:59,17100.0,4200,Sell,230481641
2024-08-09 09:59:02,17100.0,4300,Sell,230481729
2024-08-09 09:59:02,17100.0,38200,Sell,230481730
2024-08-09 09:59:06,17100.0,9000,Sell,230481808
2024-08-09 09:59:06,17100.0,500,Sell,230481807
2024-08-09 09:59:06,17100.0,500,Sell,230481806
2024-08-09 09:59:06,17100.0,6400,Sell,230481804
2024-08-09 09:59:06,17100.0,1000,Sell,230481805
2024-08-09 09:59:06,17100.0,11800,Sell,230481803
2024-08-09 09:59:14,17100.0,1000,Buy,230482134
2024-08-09 09:59:21,17100.0,2000,Buy,230482284
2024-08-09 09:59:23,17100.0,2000,Buy,230482325
2024-08-09 09:59:24,17100.0,3500,Buy,230482347
2024-08-09 09:59:24,17100.0,800,Buy,230482345
2024-08-09 09:59:29,17100.0,200,Buy,230482420
2024-08-09 09:59:29,17100.0,100,Buy,230482425
2024-08-09 09:59:53,17100.0,400,Buy,230483164
2024-08-09 10:00:04,17100.0,200,Buy,230483396
2024-08-09 10:00:10,17100.0,1000,Buy,230483491
2024-08-09 10:00:17,17100.0,200,Buy,230483680
2024-08-09 10:00:19,17100.0,100,Buy,230483745
2024-08-09 10:00:25,17100.0,1000,Buy,230483871
2024-08-09 10:00:30,17100.0,300,Buy,230484034
2024-08-09 10:00:32,17100.0,1000,Buy,230484127
2024-08-09 10:00:41,17100.0,5000,Buy,230484316
2024-08-09 10:00:44,17100.0,100,Buy,230484395
2024-08-09 10:00:45,17100.0,300,Buy,230484434
2024-08-09 10:00:45,17100.0,1600,Buy,230484445
2024-08-09 10:00:45,17100.0,3400,Buy,230484446
2024-08-09 10:00:48,17100.0,200,Buy,230484520
2024-08-09 10:00:57,17100.0,1500,Buy,230484684
2024-08-09 10:00:58,17100.0,200,Buy,230484704
2024-08-09 10:01:12,17100.0,2100,Buy,230484998
2024-08-09 10:01:12,17100.0,7900,Buy,230484997
2024-08-09 10:01:36,17100.0,400,Buy,230485527
2024-08-09 10:01:56,17100.0,1000,Buy,230485938
2024-08-09 10:02:05,17100.0,1000,Buy,230486273
2024-08-09 10:02:06,17100.0,13700,Buy,230486321
2024-08-09 10:02:06,17100.0,500,Buy,230486320
2024-08-09 10:02:06,17100.0,500,Buy,230486319
2024-08-09 10:02:06,17100.0,8200,Buy,230486318
2024-08-09 10:02:06,17100.0,6300,Buy,230486316
2024-08-09 10:02:06,17100.0,8200,Buy,230486315
2024-08-09 10:02:06,17100.0,2000,Buy,230486314
2024-08-09 10:02:06,17100.0,7600,Buy,230486317
2024-08-09 10:02:07,17100.0,4800,Buy,230486335
2024-08-09 10:02:07,17100.0,5200,Buy,230486336
2024-08-09 10:02:14,17100.0,4000,Buy,230486457
2024-08-09 10:02:14,17100.0,1000,Buy,230486458
2024-08-09 10:02:15,17100.0,500,Sell,230486481
2024-08-09 10:02:15,17100.0,100,Buy,230486477
2024-08-09 10:02:15,17100.0,4000,Buy,230486476
2024-08-09 10:02:15,17100.0,1900,Buy,230486478
2024-08-09 10:02:44,17100.0,200,Sell,230487070
2024-08-09 10:02:44,17100.0,2900,Sell,230487071
2024-08-09 10:02:44,17100.0,200,Sell,230487072
2024-08-09 10:02:44,17100.0,1000,Sell,230487073
2024-08-09 10:02:44,17100.0,100,Sell,230487069
2024-08-09 10:02:48,17100.0,1000,Buy,230487172
2024-08-09 10:02:51,17100.0,500,Buy,230487209
2024-08-09 10:02:55,17100.0,100,Buy,230487287
2024-08-09 10:02:59,17100.0,3000,Buy,230487358
2024-08-09 10:04:19,17100.0,100,Sell,230488947
2024-08-09 10:04:19,17100.0,1000,Sell,230488948
2024-08-09 10:04:19,17100.0,200,Sell,230488949
2024-08-09 10:04:19,17100.0,14000,Sell,230488950
2024-08-09 10:04:19,17100.0,2000,Sell,230488946
2024-08-09 10:04:25,17100.0,5800,Sell,230489047
2024-08-09 10:04:33,17100.0,200,Sell,230489172
2024-08-09 10:04:33,17100.0,14000,Sell,230489173
2024-08-09 10:05:09,17150.0,6000,Buy,230490047
2024-08-09 10:06:05,17150.0,1000,Buy,230491276
2024-08-09 10:06:28,17150.0,100,Buy,230491790
2024-08-09 10:06:30,17150.0,1800,Buy,230491844
2024-08-09 10:06:30,17150.0,5000,Buy,230491863
2024-08-09 10:06:30,17150.0,5000,Buy,230491862
2024-08-09 10:06:30,17150.0,1900,Buy,230491861
2024-08-09 10:06:30,17150.0,1000,Buy,230491860
2024-08-09 10:06:30,17150.0,1900,Buy,230491859
2024-08-09 10:06:30,17150.0,13000,Buy,230491858
2024-08-09 10:06:30,17150.0,1900,Buy,230491857
2024-08-09 10:06:30,17150.0,1900,Buy,230491856
2024-08-09 10:06:30,17150.0,5000,Buy,230491854
2024-08-09 10:06:30,17150.0,50000,Buy,230491853
2024-08-09 10:06:30,17150.0,13000,Buy,230491852
2024-08-09 10:06:30,17150.0,500,Buy,230491851
2024-08-09 10:06:30,17150.0,1000,Buy,230491850
2024-08-09 10:06:30,17150.0,10000,Buy,230491849
2024-08-09 10:06:30,17150.0,21000,Buy,230491845
2024-08-09 10:06:30,17150.0,100,Buy,230491855
2024-08-09 10:07:20,17150.0,12500,Sell,230492922
2024-08-09 10:07:43,17150.0,35000,Sell,230493544
2024-08-09 10:07:46,17150.0,1700,Sell,230493624
2024-08-09 10:07:50,17150.0,200,Sell,230493718
2024-08-09 10:07:50,17150.0,16800,Sell,230493716
2024-08-09 10:07:50,17150.0,1000,Sell,230493717
2024-08-09 10:08:03,17150.0,200,Buy,230493968
2024-08-09 10:08:05,17150.0,1900,Buy,230494009
2024-08-09 10:08:05,17150.0,1800,Buy,230494008
2024-08-09 10:08:11,17150.0,11300,Sell,230494166
2024-08-09 10:08:24,17150.0,1100,Buy,230494443
2024-08-09 10:08:28,17150.0,5000,Buy,230494530
2024-08-09 10:08:34,17150.0,2000,Buy,230494648
2024-08-09 10:08:38,17100.0,4600,Sell,230494823
2024-08-09 10:08:41,17150.0,2500,Buy,230494887
2024-08-09 10:08:50,17150.0,100,Buy,230495074
2024-08-09 10:09:45,17150.0,900,Buy,230496116
2024-08-09 10:09:57,17150.0,3000,Buy,230496334
2024-08-09 10:10:04,17150.0,500,Buy,230496443
2024-08-09 10:10:37,17150.0,2000,Buy,230497181
2024-08-09 10:11:09,17100.0,1400,Sell,230497896
2024-08-09 10:11:09,17100.0,1600,Sell,230497897
2024-08-09 10:11:15,17100.0,3700,Sell,230498015
2024-08-09 10:11:20,17100.0,10000,Sell,230498157
2024-08-09 10:12:19,17150.0,100,Buy,230499199
2024-08-09 10:12:21,17100.0,5000,Sell,230499213
2024-08-09 10:12:25,17100.0,5200,Sell,230499270
2024-08-09 10:12:26,17100.0,7200,Sell,230499322
2024-08-09 10:13:23,17150.0,200,Buy,230500377
2024-08-09 10:13:31,17100.0,11100,Sell,230500526
2024-08-09 10:14:02,17100.0,100,Sell,230501005
2024-08-09 10:14:22,17100.0,1900,Sell,230501346
2024-08-09 10:14:51,17150.0,6300,Buy,230501798
2024-08-09 10:14:51,17150.0,1100,Buy,230501799
2024-08-09 10:14:55,17150.0,500,Buy,230501831
2024-08-09 10:15:18,17150.0,500,Buy,230502228
2024-08-09 10:15:29,17100.0,6500,Sell,230502416
2024-08-09 10:15:32,17150.0,100,Buy,230502462
2024-08-09 10:15:41,17150.0,200,Buy,230502627
2024-08-09 10:15:54,17150.0,100,Buy,230502828
2024-08-09 10:16:27,17150.0,1000,Buy,230503318
2024-08-09 10:16:33,17150.0,400,Buy,230503423
2024-08-09 10:16:43,17150.0,8800,Buy,230503578
2024-08-09 10:17:44,17100.0,1000,Sell,230504411
2024-08-09 10:18:51,17100.0,5000,Sell,230505494
2024-08-09 10:19:00,17100.0,100,Sell,230505609
2024-08-09 10:20:01,17100.0,2000,Sell,230506497
2024-08-09 10:20:08,17150.0,200,Buy,230506610
2024-08-09 10:20:14,17100.0,25000,Sell,230506753
2024-08-09 10:20:30,17100.0,6800,Sell,230506987
2024-08-09 10:20:40,17100.0,2200,Sell,230507093
2024-08-09 10:20:46,17100.0,2000,Sell,230507168
2024-08-09 10:21:20,17100.0,46400,Sell,230507707
2024-08-09 10:21:20,17100.0,153600,Sell,230507706
2024-08-09 10:21:21,17150.0,100,Buy,230507721
2024-08-09 10:21:38,17150.0,300,Buy,230507980
2024-08-09 10:21:53,17100.0,300,Sell,230508257
2024-08-09 10:21:53,17100.0,500,Sell,230508258
2024-08-09 10:21:53,17100.0,10000,Sell,230508259
2024-08-09 10:21:53,17100.0,100,Sell,230508260
2024-08-09 10:21:53,17100.0,10000,Sell,230508261
2024-08-09 10:21:53,17100.0,200,Sell,230508262
2024-08-09 10:21:53,17100.0,2000,Sell,230508263
2024-08-09 10:21:53,17100.0,100,Sell,230508264
2024-08-09 10:21:53,17100.0,500,Sell,230508273
2024-08-09 10:21:53,17100.0,200,Sell,230508266
2024-08-09 10:21:53,17100.0,1000,Sell,230508267
2024-08-09 10:21:53,17100.0,100,Sell,230508269
2024-08-09 10:21:53,17100.0,4000,Sell,230508256
2024-08-09 10:21:53,17100.0,200,Sell,230508271
2024-08-09 10:21:53,17100.0,300,Sell,230508272
2024-08-09 10:21:53,17100.0,900,Sell,230508274
2024-08-09 10:21:53,17100.0,100,Sell,230508275
2024-08-09 10:21:53,17100.0,10000,Sell,230508265
2024-08-09 10:21:53,17100.0,2700,Sell,230508255
2024-08-09 10:21:53,17100.0,200,Sell,230508270
2024-08-09 10:21:53,17100.0,100,Sell,230508253
2024-08-09 10:21:53,17100.0,3000,Sell,230508254
2024-08-09 10:21:53,17100.0,500,Sell,230508235
2024-08-09 10:21:53,17100.0,1000,Sell,230508236
2024-08-09 10:21:53,17100.0,100,Sell,230508237
2024-08-09 10:21:53,17100.0,5000,Sell,230508238
2024-08-09 10:21:53,17100.0,500,Sell,230508239
2024-08-09 10:21:53,17100.0,500,Sell,230508240
2024-08-09 10:21:53,17100.0,300,Sell,230508241
2024-08-09 10:21:53,17100.0,100,Sell,230508242
2024-08-09 10:21:53,17100.0,10000,Sell,230508268
2024-08-09 10:21:53,17100.0,10000,Sell,230508244
2024-08-09 10:21:53,17100.0,500,Sell,230508251
2024-08-09 10:21:53,17100.0,700,Sell,230508250
2024-08-09 10:21:53,17100.0,1000,Sell,230508249
2024-08-09 10:21:53,17100.0,1300,Sell,230508248
2024-08-09 10:21:53,17100.0,100,Sell,230508252
2024-08-09 10:21:53,17100.0,400,Sell,230508246
2024-08-09 10:21:53,17100.0,1000,Sell,230508243
2024-08-09 10:21:53,17100.0,300,Sell,230508247
2024-08-09 10:21:53,17100.0,5000,Sell,230508245
2024-08-09 10:22:02,17100.0,100,Buy,230508464
2024-08-09 10:22:54,17100.0,200,Buy,230509202
2024-08-09 10:23:01,17100.0,500,Buy,230509292
2024-08-09 10:23:29,17100.0,500,Buy,230509636
2024-08-09 10:24:37,17100.0,4800,Buy,230510970
2024-08-09 10:24:39,17100.0,18300,Buy,230510993
2024-08-09 10:24:52,17100.0,13000,Buy,230511159
2024-08-09 10:25:13,17050.0,1000,Sell,230511580
2024-08-09 10:25:22,17100.0,100,Buy,230511707
2024-08-09 10:25:22,17100.0,7200,Buy,230511711
2024-08-09 10:25:22,17100.0,5000,Buy,230511710
2024-08-09 10:25:22,17100.0,700,Buy,230511709
2024-08-09 10:25:22,17100.0,1100,Buy,230511708
2024-08-09 10:25:22,17100.0,500,Buy,230511705
2024-08-09 10:25:22,17100.0,1000,Buy,230511704
2024-08-09 10:25:22,17100.0,5500,Buy,230511703
2024-08-09 10:25:22,17100.0,1000,Buy,230511701
2024-08-09 10:25:22,17100.0,8100,Buy,230511700
2024-08-09 10:25:22,17100.0,4500,Buy,230511706
2024-08-09 10:25:22,17100.0,17800,Buy,230511702
2024-08-09 10:27:26,17100.0,500,Buy,230514147
2024-08-09 10:27:52,17100.0,100,Buy,230514525
2024-08-09 10:27:59,17100.0,800,Buy,230514631
2024-08-09 10:28:12,17100.0,100,Buy,230514821
2024-08-09 10:28:47,17100.0,200,Buy,230515287
2024-08-09 10:29:23,17100.0,300,Buy,230515754
2024-08-09 10:29:42,17050.0,100,Sell,230516047
2024-08-09 10:29:44,17100.0,800,Buy,230516073
2024-08-09 10:29:44,17100.0,800,Buy,230516072
2024-08-09 10:29:52,17100.0,100,Buy,230516198
2024-08-09 10:30:36,17100.0,900,Buy,230516807
2024-08-09 10:30:36,17100.0,100,Buy,230516806
2024-08-09 10:31:11,17050.0,1600,Sell,230517278
2024-08-09 10:31:21,17050.0,2400,Sell,230517376
2024-08-09 10:32:13,17050.0,1000,Sell,230518044
2024-08-09 10:32:18,17050.0,6800,Sell,230518098
2024-08-09 10:33:08,17050.0,800,Sell,230518717
2024-08-09 10:33:34,17050.0,1500,Sell,230519055
2024-08-09 10:34:23,17050.0,100,Sell,230519602
2024-08-09 10:34:35,17050.0,6600,Sell,230519812
2024-08-09 10:34:35,17050.0,10000,Sell,230519810
2024-08-09 10:34:35,17050.0,100,Sell,230519809
2024-08-09 10:34:35,17050.0,20000,Sell,230519808
2024-08-09 10:34:35,17050.0,300,Sell,230519807
2024-08-09 10:34:35,17050.0,8000,Sell,230519811
2024-08-09 10:34:35,17050.0,500,Sell,230519805
2024-08-09 10:34:35,17050.0,200,Sell,230519804
2024-08-09 10:34:35,17050.0,30000,Sell,230519803
2024-08-09 10:34:35,17050.0,200,Sell,230519802
2024-08-09 10:34:35,17050.0,100,Sell,230519801
2024-08-09 10:34:35,17050.0,4600,Sell,230519806
2024-08-09 10:34:35,17050.0,14100,Sell,230519800
2024-08-09 10:35:16,17050.0,400,Sell,230520390
2024-08-09 10:35:16,17050.0,100,Sell,230520389
2024-08-09 10:35:16,17050.0,3000,Sell,230520388
2024-08-09 10:35:16,17050.0,10000,Sell,230520387
2024-08-09 10:35:16,17050.0,400,Sell,230520384
2024-08-09 10:35:16,17050.0,200,Sell,230520385
2024-08-09 10:35:16,17050.0,1000,Sell,230520383
2024-08-09 10:35:16,17050.0,1300,Sell,230520382
2024-08-09 10:35:16,17050.0,100,Sell,230520381
2024-08-09 10:35:16,17050.0,200,Sell,230520391
2024-08-09 10:35:16,17050.0,1000,Sell,230520386
2024-08-09 10:35:16,17050.0,100,Sell,230520392
2024-08-09 10:35:16,17050.0,300,Sell,230520400
2024-08-09 10:35:16,17050.0,10000,Sell,230520394
2024-08-09 10:35:16,17050.0,500,Sell,230520395
2024-08-09 10:35:16,17050.0,200,Sell,230520396
2024-08-09 10:35:16,17050.0,13000,Sell,230520397
2024-08-09 10:35:16,17050.0,5000,Sell,230520398
2024-08-09 10:35:16,17050.0,300,Sell,230520399
2024-08-09 10:35:16,17050.0,100,Sell,230520403
2024-08-09 10:35:16,17050.0,100,Sell,230520404
2024-08-09 10:35:16,17050.0,5000,Sell,230520380
2024-08-09 10:35:16,17050.0,500,Sell,230520406
2024-08-09 10:35:16,17050.0,100,Sell,230520407
2024-08-09 10:35:16,17050.0,300,Sell,230520408
2024-08-09 10:35:16,17050.0,10000,Sell,230520393
2024-08-09 10:35:16,17050.0,100,Sell,230520405
2024-08-09 10:35:16,17050.0,500,Sell,230520379
2024-08-09 10:35:16,17050.0,500,Sell,230520378
2024-08-09 10:35:16,17050.0,13000,Sell,230520347
2024-08-09 10:35:16,17050.0,100,Sell,230520348
2024-08-09 10:35:16,17050.0,100,Sell,230520349
2024-08-09 10:35:16,17050.0,200,Sell,230520350
2024-08-09 10:35:16,17050.0,500,Sell,230520351
2024-08-09 10:35:16,17050.0,100,Sell,230520352
2024-08-09 10:35:16,17050.0,200,Sell,230520353
2024-08-09 10:35:16,17050.0,2600,Sell,230520354
2024-08-09 10:35:16,17050.0,500,Sell,230520355
2024-08-09 10:35:16,17050.0,500,Sell,230520356
2024-08-09 10:35:16,17050.0,8800,Sell,230520359
2024-08-09 10:35:16,17050.0,100,Sell,230520360
2024-08-09 10:35:16,17050.0,200,Sell,230520361
2024-08-09 10:35:16,17050.0,100,Sell,230520362
2024-08-09 10:35:16,17050.0,5000,Sell,230520377
2024-08-09 10:35:16,17050.0,800,Sell,230520364
2024-08-09 10:35:16,17050.0,2300,Sell,230520376
2024-08-09 10:35:16,17050.0,1000,Sell,230520375
2024-08-09 10:35:16,17050.0,1000,Sell,230520374
2024-08-09 10:35:16,17050.0,100,Sell,230520373
2024-08-09 10:35:16,17050.0,2500,Sell,230520372
2024-08-09 10:35:16,17050.0,1000,Sell,230520371
2024-08-09 10:35:16,17050.0,500,Sell,230520363
2024-08-09 10:35:16,17050.0,100,Sell,230520369
2024-08-09 10:35:16,17050.0,100,Sell,230520365
2024-08-09 10:35:16,17050.0,500,Sell,230520366
2024-08-09 10:35:16,17050.0,100,Sell,230520370
2024-08-09 10:35:16,17050.0,500,Sell,230520368
2024-08-09 10:35:16,17050.0,10000,Sell,230520367
2024-08-09 10:35:22,17050.0,700,Sell,230520506
2024-08-09 10:35:22,17050.0,100,Sell,230520507
2024-08-09 10:35:22,17050.0,10000,Sell,230520508
2024-08-09 10:35:22,17050.0,200,Sell,230520509
2024-08-09 10:35:22,17050.0,200,Sell,230520510
2024-08-09 10:35:22,17050.0,500,Sell,230520511
2024-08-09 10:35:40,17050.0,3000,Buy,230520724
2024-08-09 10:35:43,17050.0,5000,Buy,230520772
2024-08-09 10:35:51,17050.0,4700,Buy,230520863
2024-08-09 10:35:51,17050.0,300,Buy,230520862
2024-08-09 10:35:52,17050.0,1000,Buy,230520877
2024-08-09 10:36:04,17050.0,1200,Buy,230520994
2024-08-09 10:36:04,17050.0,3800,Buy,230520993
2024-08-09 10:36:17,17050.0,3800,Buy,230521134
2024-08-09 10:36:17,17050.0,1200,Buy,230521135
2024-08-09 10:36:28,17050.0,6600,Buy,230521272
2024-08-09 10:36:28,17050.0,3400,Buy,230521273
2024-08-09 10:36:29,17050.0,5000,Buy,230521283
2024-08-09 10:36:32,17050.0,4300,Buy,230521324
2024-08-09 10:36:32,17050.0,700,Buy,230521325
2024-08-09 10:36:37,17050.0,500,Buy,230521385
2024-08-09 10:36:41,17050.0,500,Buy,230521462
2024-08-09 10:36:50,17050.0,1000,Buy,230521559
2024-08-09 10:36:51,17050.0,300,Buy,230521570
2024-08-09 10:36:51,17050.0,4700,Buy,230521571
2024-08-09 10:36:53,17050.0,5300,Buy,230521589
2024-08-09 10:36:53,17050.0,4200,Buy,230521591
2024-08-09 10:36:53,17050.0,5500,Buy,230521590
2024-08-09 10:36:54,17050.0,100,Buy,230521604
2024-08-09 10:36:54,17050.0,3000,Buy,230521608
2024-08-09 10:36:58,17050.0,700,Buy,230521659
2024-08-09 10:37:00,17050.0,2800,Buy,230521691
2024-08-09 10:37:03,17050.0,300,Buy,230521729
2024-08-09 10:37:04,17050.0,100,Buy,230521747
2024-08-09 10:37:05,17050.0,200,Buy,230521766
2024-08-09 10:37:10,17050.0,500,Buy,230521832
2024-08-09 10:37:13,17050.0,100,Buy,230521873
2024-08-09 10:37:16,17050.0,200,Buy,230521927
2024-08-09 10:37:21,17050.0,2300,Buy,230521969
2024-08-09 10:37:21,17050.0,5000,Buy,230521970
2024-08-09 10:37:21,17050.0,4700,Buy,230521971
2024-08-09 10:37:22,17050.0,200,Buy,230522000
2024-08-09 10:37:26,17050.0,500,Buy,230522035
2024-08-09 10:37:29,17050.0,300,Buy,230522078
2024-08-09 10:37:33,17050.0,3200,Buy,230522133
2024-08-09 10:37:33,17050.0,1800,Buy,230522134
2024-08-09 10:37:36,17050.0,500,Buy,230522173
2024-08-09 10:37:41,17050.0,700,Buy,230522256
2024-08-09 10:37:45,17050.0,8100,Buy,230522313
2024-08-09 10:37:45,17050.0,1900,Buy,230522314
2024-08-09 10:37:50,17050.0,1000,Buy,230522370
2024-08-09 10:37:56,17050.0,1100,Buy,230522434
2024-08-09 10:37:59,17050.0,5000,Buy,230522478
2024-08-09 10:38:12,17050.0,100,Buy,230522650
2024-08-09 10:38:30,17050.0,400,Buy,230522899
2024-08-09 10:38:31,17050.0,8400,Buy,230522911
2024-08-09 10:38:31,17050.0,1500,Buy,230522912
2024-08-09 10:38:32,17050.0,100,Buy,230522924
2024-08-09 10:38:34,17050.0,200,Buy,230522951
2024-08-09 10:39:01,17050.0,5000,Buy,230523274
2024-08-09 10:39:21,17050.0,1900,Buy,230523535
2024-08-09 10:39:32,17000.0,1000,Sell,230523738
2024-08-09 10:39:53,17000.0,100,Sell,230524086
2024-08-09 10:40:00,17000.0,400,Sell,230524191
2024-08-09 10:40:00,17000.0,1000,Sell,230524192
2024-08-09 10:40:00,17000.0,1000,Sell,230524193
2024-08-09 10:40:00,17000.0,2600,Sell,230524194
2024-08-09 10:40:14,17050.0,300,Buy,230524432
2024-08-09 10:40:23,17050.0,500,Buy,230524557
2024-08-09 10:40:41,17050.0,900,Buy,230524803
2024-08-09 10:41:12,17050.0,1500,Buy,230525301
2024-08-09 10:41:13,17050.0,200,Buy,230525338
2024-08-09 10:41:14,17050.0,500,Buy,230525348
2024-08-09 10:41:30,17050.0,7200,Buy,230525696
2024-08-09 10:41:30,17050.0,5600,Buy,230525697
2024-08-09 10:41:30,17050.0,200,Buy,230525698
2024-08-09 10:41:31,17050.0,500,Buy,230525716
2024-08-09 10:41:33,17050.0,100,Buy,230525757
2024-08-09 10:41:36,17050.0,1000,Buy,230525806
2024-08-09 10:41:36,17050.0,2000,Buy,230525782
2024-08-09 10:41:37,17050.0,200,Buy,230525826
2024-08-09 10:41:49,17050.0,100,Buy,230526015
2024-08-09 10:41:55,17050.0,200,Buy,230526178
2024-08-09 10:42:09,17050.0,5000,Buy,230526358
2024-08-09 10:42:10,17050.0,2000,Buy,230526379
2024-08-09 10:42:12,17050.0,2000,Buy,230526522
2024-08-09 10:42:15,17050.0,3000,Buy,230526554
2024-08-09 10:42:22,17050.0,400,Buy,230526647
2024-08-09 10:42:40,17050.0,1500,Sell,230526948
2024-08-09 10:42:40,17050.0,300,Sell,230526947
2024-08-09 10:42:45,17050.0,500,Buy,230527030
2024-08-09 10:43:05,17050.0,6200,Buy,230527292
2024-08-09 10:43:05,17050.0,6800,Buy,230527293
2024-08-09 10:43:06,17050.0,1000,Buy,230527303
2024-08-09 10:43:27,17050.0,100,Buy,230527682
2024-08-09 10:43:30,17050.0,400,Buy,230527720
2024-08-09 10:43:40,17050.0,100,Buy,230527879
2024-08-09 10:43:49,17050.0,200,Buy,230527982
2024-08-09 10:43:50,17050.0,500,Buy,230527991
2024-08-09 10:44:47,17050.0,900,Buy,230528796
2024-08-09 10:44:47,17050.0,100,Buy,230528797
2024-08-09 10:44:50,17050.0,500,Buy,230528832
2024-08-09 10:45:00,17050.0,10900,Buy,230528971
2024-08-09 10:45:00,17050.0,10500,Buy,230528972
2024-08-09 10:45:21,17050.0,500,Sell,230529244
2024-08-09 10:45:21,17050.0,100,Sell,230529242
2024-08-09 10:45:21,17050.0,5000,Sell,230529243
2024-08-09 10:45:38,17050.0,1000,Buy,230529524
2024-08-09 10:45:40,17050.0,12900,Buy,230529544
2024-08-09 10:45:40,17050.0,5000,Buy,230529545
2024-08-09 10:46:05,17050.0,900,Sell,230529947
2024-08-09 10:46:05,17050.0,1100,Sell,230529945
2024-08-09 10:46:05,17050.0,10000,Sell,230529946
2024-08-09 10:46:29,17050.0,2000,Buy,230530262
2024-08-09 10:46:29,17050.0,300,Buy,230530277
2024-08-09 10:46:38,17050.0,700,Buy,230530396
2024-08-09 10:46:38,17050.0,8800,Buy,230530397
2024-08-09 10:46:43,17050.0,100,Buy,230530440
2024-08-09 10:46:43,17050.0,400,Buy,230530463
2024-08-09 10:47:02,17000.0,500,Sell,230530918
2024-08-09 10:47:10,17050.0,1300,Buy,230531077
2024-08-09 10:47:31,17050.0,400,Buy,230531420
2024-08-09 10:47:31,17050.0,1600,Buy,230531421
2024-08-09 10:48:03,17050.0,100,Buy,230531873
2024-08-09 10:48:15,17050.0,100,Buy,230532118
2024-08-09 10:48:38,17050.0,300,Buy,230532608
2024-08-09 10:48:39,17050.0,300,Buy,230532613
2024-08-09 10:48:59,17050.0,2000,Buy,230533060
2024-08-09 10:49:05,17050.0,600,Buy,230533203
2024-08-09 10:49:18,17000.0,1900,Sell,230533454
2024-08-09 10:49:25,17000.0,100,Sell,230533631
2024-08-09 10:49:29,17000.0,1900,Sell,230533725
2024-08-09 10:49:48,17000.0,700,Sell,230534163
2024-08-09 10:49:48,17000.0,300,Sell,230534162
2024-08-09 10:49:48,17000.0,1000,Sell,230534161
2024-08-09 10:49:48,17000.0,100,Sell,230534160
2024-08-09 10:49:48,17000.0,100,Sell,230534159
2024-08-09 10:49:48,17000.0,100,Sell,230534158
2024-08-09 10:49:48,17000.0,100,Sell,230534157
2024-08-09 10:49:48,17000.0,200,Sell,230534155
2024-08-09 10:49:48,17000.0,500,Sell,230534154
2024-08-09 10:49:48,17000.0,100,Sell,230534153
2024-08-09 10:49:48,17000.0,100,Sell,230534152
2024-08-09 10:49:48,17000.0,10000,Sell,230534151
2024-08-09 10:49:48,17000.0,3000,Sell,230534150
2024-08-09 10:49:48,17000.0,200,Sell,230534156
2024-08-09 10:49:53,17000.0,1900,Sell,230534312
2024-08-09 10:50:17,17050.0,900,Buy,230534783
2024-08-09 10:50:21,17050.0,1000,Buy,230534925
2024-08-09 10:50:27,17050.0,1000,Buy,230535024
2024-08-09 10:50:38,17050.0,500,Buy,230535184
2024-08-09 10:50:39,17050.0,600,Buy,230535185
2024-08-09 10:50:39,17050.0,1400,Buy,230535186
2024-08-09 10:50:43,17050.0,100,Buy,230535273
2024-08-09 10:51:27,17000.0,500,Sell,230536034
2024-08-09 10:51:27,17000.0,100,Sell,230536035
2024-08-09 10:51:27,17000.0,100,Sell,230536036
2024-08-09 10:51:27,17000.0,800,Sell,230536037
2024-08-09 10:51:27,17000.0,400,Sell,230536033
2024-08-09 10:51:40,17050.0,1000,Buy,230536257
2024-08-09 10:51:49,17050.0,100,Buy,230536407
2024-08-09 10:52:10,17000.0,1900,Sell,230536743
2024-08-09 10:52:15,17050.0,1000,Buy,230536838
2024-08-09 10:52:16,17050.0,100,Buy,230536857
2024-08-09 10:52:20,17000.0,10000,Sell,230536975
2024-08-09 10:52:25,17000.0,5700,Sell,230537145
2024-08-09 10:52:25,17000.0,10000,Sell,230537162
2024-08-09 10:52:30,17000.0,10000,Sell,230537257
2024-08-09 10:52:35,17000.0,10000,Sell,230537371
2024-08-09 10:52:37,17000.0,100,Sell,230537405
2024-08-09 10:52:52,17000.0,200,Sell,230537609
2024-08-09 10:52:53,17000.0,1900,Sell,230537631
2024-08-09 10:53:12,17000.0,10500,Sell,230537964
2024-08-09 10:53:22,17050.0,100,Buy,230538106
2024-08-09 10:53:22,17050.0,300,Buy,230538105
2024-08-09 10:53:23,17000.0,11000,Sell,230538113
2024-08-09 10:53:30,17000.0,9000,Sell,230538339
2024-08-09 10:54:03,17050.0,5900,Buy,230539022
2024-08-09 10:54:03,17050.0,16500,Buy,230539023
2024-08-09 10:54:03,17050.0,6000,Buy,230539024
2024-08-09 10:54:03,17050.0,1000,Buy,230539025
2024-08-09 10:54:03,17050.0,10000,Buy,230539026
2024-08-09 10:54:03,17050.0,1900,Buy,230539027
2024-08-09 10:54:56,17050.0,1400,Sell,230539812
2024-08-09 10:56:09,17100.0,100,Buy,230540867
2024-08-09 10:57:37,17050.0,1700,Sell,230542066
2024-08-09 10:57:51,17050.0,1000,Sell,230542266
2024-08-09 10:58:48,17050.0,200,Sell,230542996
2024-08-09 10:59:13,17050.0,54400,Sell,230543327
2024-08-09 10:59:13,17050.0,45600,Sell,230543328
2024-08-09 11:01:46,17050.0,500,Sell,230545494
2024-08-09 11:01:46,17050.0,200,Sell,230545493
2024-08-09 11:01:46,17050.0,2000,Sell,230545492
2024-08-09 11:01:46,17050.0,500,Sell,230545490
2024-08-09 11:01:46,17050.0,100,Sell,230545489
2024-08-09 11:01:46,17050.0,4400,Sell,230545487
2024-08-09 11:01:46,17050.0,5000,Sell,230545491
2024-08-09 11:01:46,17050.0,300,Sell,230545488
2024-08-09 11:02:01,17050.0,400,Buy,230545697
2024-08-09 11:02:13,17050.0,100,Buy,230545871
2024-08-09 11:02:13,17050.0,100,Buy,230545873
2024-08-09 11:02:14,17000.0,5000,Sell,230545879
2024-08-09 11:02:43,17050.0,10000,Buy,230546249
2024-08-09 11:03:05,17000.0,100,Sell,230546506
2024-08-09 11:03:17,17000.0,1900,Sell,230546670
2024-08-09 11:03:24,17050.0,1900,Buy,230546754
2024-08-09 11:03:24,17050.0,1900,Buy,230546753
2024-08-09 11:03:24,17050.0,1900,Buy,230546751
2024-08-09 11:03:24,17050.0,1900,Buy,230546752
2024-08-09 11:03:24,17050.0,2400,Buy,230546750
2024-08-09 11:03:45,17050.0,800,Buy,230547029
2024-08-09 11:04:39,17050.0,400,Sell,230547886
2024-08-09 11:04:44,17050.0,100,Buy,230547932
2024-08-09 11:05:37,17000.0,2000,Sell,230548781
2024-08-09 11:08:33,17000.0,300,Sell,230551081
2024-08-09 11:08:50,17050.0,1000,Buy,230551263
2024-08-09 11:08:52,17000.0,4500,Sell,230551292
2024-08-09 11:09:22,17000.0,800,Sell,230551730
2024-08-09 11:09:56,17000.0,4100,Sell,230552297
2024-08-09 11:10:03,17050.0,24100,Buy,230552391
2024-08-09 11:10:03,17050.0,10000,Buy,230552392
2024-08-09 11:10:03,17050.0,1000,Buy,230552393
2024-08-09 11:10:03,17050.0,1000,Buy,230552394
2024-08-09 11:10:03,17050.0,200,Buy,230552395
2024-08-09 11:10:03,17050.0,3900,Buy,230552396
2024-08-09 11:10:03,17050.0,9800,Buy,230552397
2024-08-09 11:11:11,17050.0,4700,Buy,230553469
2024-08-09 11:11:11,17050.0,300,Buy,230553470
2024-08-09 11:11:21,17050.0,100,Buy,230553628
2024-08-09 11:12:11,17050.0,4600,Buy,230554296
2024-08-09 11:12:11,17050.0,13000,Buy,230554297
2024-08-09 11:12:11,17050.0,1000,Buy,230554298
2024-08-09 11:12:11,17050.0,17800,Buy,230554299
2024-08-09 11:12:11,17050.0,300,Buy,230554300
2024-08-09 11:12:11,17050.0,13300,Sell,230554312
2024-08-09 11:12:11,17000.0,1700,Sell,230554313
2024-08-09 11:12:30,17050.0,12000,Buy,230554560
2024-08-09 11:13:29,17050.0,300,Sell,230555334
2024-08-09 11:13:39,17050.0,35600,Sell,230555427
2024-08-09 11:14:03,17050.0,17800,Sell,230555641
2024-08-09 11:14:03,17050.0,2100,Sell,230555640
2024-08-09 11:14:08,17050.0,2300,Sell,230555753
2024-08-09 11:14:22,17050.0,29900,Sell,230555917
2024-08-09 11:14:22,17050.0,1900,Sell,230555918
2024-08-09 11:14:22,17050.0,1900,Sell,230555919
2024-08-09 11:14:22,17050.0,400,Sell,230555920
2024-08-09 11:14:22,17050.0,9300,Sell,230555921
2024-08-09 11:14:22,17050.0,9900,Sell,230555922
2024-08-09 11:14:22,17050.0,1000,Sell,230555923
2024-08-09 11:14:37,17000.0,12000,Sell,230556102
2024-08-09 11:15:23,17000.0,6000,Sell,230556718
2024-08-09 11:15:42,17050.0,600,Buy,230557040
2024-08-09 11:15:50,17050.0,1900,Buy,230557154
2024-08-09 11:15:50,17050.0,11500,Buy,230557155
2024-08-09 11:15:50,17050.0,2000,Buy,230557156
2024-08-09 11:15:50,17050.0,7200,Buy,230557157
2024-08-09 11:15:59,17050.0,1000,Sell,230557271
2024-08-09 11:16:14,17050.0,900,Sell,230557440
2024-08-09 11:16:14,17050.0,1400,Sell,230557438
2024-08-09 11:16:14,17050.0,3600,Sell,230557439
2024-08-09 11:16:29,17050.0,1000,Buy,230557615
2024-08-09 11:16:49,17000.0,4700,Sell,230557824
2024-08-09 11:16:56,17050.0,500,Buy,230557907
2024-08-09 11:17:07,17050.0,2000,Buy,230558018
2024-08-09 11:17:13,17050.0,100,Buy,230558111
2024-08-09 11:18:25,17000.0,5400,Sell,230559044
2024-08-09 11:18:49,17050.0,200,Buy,230559297
2024-08-09 11:19:38,17050.0,2900,Buy,230559960
2024-08-09 11:19:38,17050.0,8900,Buy,230559959
2024-08-09 11:19:38,17050.0,100,Buy,230559958
2024-08-09 11:19:38,17050.0,8000,Buy,230559957
2024-08-09 11:19:38,17050.0,300,Buy,230559954
2024-08-09 11:19:38,17050.0,2000,Buy,230559955
2024-08-09 11:19:38,17050.0,100,Buy,230559953
2024-08-09 11:19:38,17050.0,1900,Buy,230559952
2024-08-09 11:19:38,17050.0,3300,Buy,230559951
2024-08-09 11:19:38,17050.0,1800,Buy,230559956
2024-08-09 11:21:22,17100.0,100,Buy,230561094
2024-08-09 11:21:42,17050.0,700,Sell,230561330
2024-08-09 11:21:42,17050.0,8500,Sell,230561331
2024-08-09 11:22:08,17050.0,3000,Sell,230561601
2024-08-09 11:22:19,17050.0,2000,Buy,230561740
2024-08-09 11:22:20,17050.0,100,Buy,230561753
2024-08-09 11:22:28,17050.0,1000,Buy,230561808
2024-08-09 11:22:31,17050.0,1500,Buy,230561836
2024-08-09 11:22:33,17050.0,1000,Buy,230561877
2024-08-09 11:22:38,17050.0,1000,Buy,230561922
2024-08-09 11:22:44,17050.0,1000,Buy,230561970
2024-08-09 11:22:48,17050.0,1000,Buy,230562064
2024-08-09 11:22:54,17050.0,1000,Buy,230562128
2024-08-09 11:23:37,17050.0,500,Buy,230562557
2024-08-09 11:23:55,17050.0,500,Buy,230562783
2024-08-09 11:24:01,17050.0,200,Buy,230562850
2024-08-09 11:24:11,17050.0,600,Buy,230562956
2024-08-09 11:24:12,17050.0,100,Buy,230562970
2024-08-09 11:24:39,17050.0,2000,Buy,230563227
2024-08-09 11:24:40,17050.0,5000,Buy,230563234
2024-08-09 11:25:14,17050.0,4100,Buy,230563582
2024-08-09 11:25:14,17050.0,900,Buy,230563583
2024-08-09 11:25:51,17000.0,100,Sell,230564068
2024-08-09 11:26:00,17050.0,1000,Buy,230564183
2024-08-09 11:26:20,17050.0,1000,Buy,230564513
2024-08-09 11:26:30,17000.0,8300,Sell,230564654
2024-08-09 11:26:56,17000.0,12000,Sell,230564961
2024-08-09 11:28:05,17000.0,500,Sell,230565704
2024-08-09 11:28:18,17000.0,200,Sell,230565827
2024-08-09 11:28:34,17050.0,300,Buy,230566018
2024-08-09 11:29:09,17050.0,1200,Buy,230566362
2024-08-09 11:29:25,17050.0,200,Buy,230566521
2024-08-09 12:59:38,17050.0,200,Buy,230567370
2024-08-09 12:59:38,17050.0,600,Buy,230567371
2024-08-09 12:59:38,17050.0,100,Buy,230567421
2024-08-09 12:59:38,17050.0,5100,Buy,230567422
2024-08-09 12:59:39,17100.0,100,Buy,230567672
2024-08-09 12:59:39,17050.0,2000,Buy,230567581
2024-08-09 12:59:39,17050.0,100,Buy,230567580
2024-08-09 12:59:39,17050.0,100,Buy,230567576
2024-08-09 12:59:39,17050.0,200,Buy,230567578
2024-08-09 12:59:39,17050.0,5000,Buy,230567577
2024-08-09 12:59:39,17050.0,9400,Buy,230567575
2024-08-09 12:59:39,17050.0,100,Buy,230567579
2024-08-09 12:59:41,17050.0,1100,Sell,230568213
2024-08-09 12:59:42,17050.0,5000,Sell,230568588
2024-08-09 12:59:42,17050.0,1000,Sell,230568778
2024-08-09 12:59:46,17050.0,200,Sell,230569226
2024-08-09 12:59:50,17050.0,100,Sell,230569612
2024-08-09 12:59:52,17050.0,2400,Sell,230569870
2024-08-09 12:59:52,17050.0,35100,Sell,230569867
2024-08-09 12:59:52,17050.0,1500,Sell,230569868
2024-08-09 12:59:52,17050.0,1000,Sell,230569869
2024-08-09 13:00:11,17050.0,3000,Sell,230570801
2024-08-09 13:00:29,17050.0,1700,Sell,230571070
2024-08-09 13:00:29,17050.0,100,Sell,230571067
2024-08-09 13:00:29,17050.0,100,Sell,230571068
2024-08-09 13:00:29,17050.0,100,Sell,230571069
2024-08-09 13:00:41,17050.0,1900,Sell,230571285
2024-08-09 13:00:51,17050.0,500,Sell,230571430
2024-08-09 13:01:13,17050.0,100,Sell,230571979
2024-08-09 13:01:13,17050.0,900,Sell,230571978
2024-08-09 13:01:39,17050.0,500,Sell,230572490
2024-08-09 13:01:44,17050.0,900,Sell,230572623
2024-08-09 13:01:44,17050.0,500,Sell,230572624
2024-08-09 13:01:44,17050.0,100,Sell,230572625
2024-08-09 13:01:44,17050.0,200,Sell,230572626
2024-08-09 13:01:44,17050.0,100,Sell,230572627
2024-08-09 13:01:56,17050.0,1000,Buy,230572885
2024-08-09 13:02:08,17000.0,100,Sell,230573244
2024-08-09 13:02:24,17050.0,7200,Buy,230573619
2024-08-09 13:02:24,17050.0,1800,Buy,230573620
2024-08-09 13:03:25,17000.0,13800,Sell,230575198
2024-08-09 13:03:53,17050.0,100,Buy,230575969
2024-08-09 13:04:03,17050.0,5700,Buy,230576211
2024-08-09 13:04:46,17050.0,2600,Buy,230577170
2024-08-09 13:04:46,17050.0,2400,Buy,230577169
2024-08-09 13:04:48,17050.0,5800,Buy,230577243
2024-08-09 13:05:43,17050.0,11200,Buy,230578417
2024-08-09 13:05:49,17050.0,100,Buy,230578641
2024-08-09 13:05:52,17050.0,8700,Buy,230578700
2024-08-09 13:05:52,17050.0,5700,Buy,230578701
2024-08-09 13:06:27,17050.0,5000,Buy,230579484
2024-08-09 13:06:27,17050.0,38600,Buy,230579485
2024-08-09 13:06:27,17050.0,2000,Buy,230579482
2024-08-09 13:06:27,17050.0,4300,Buy,230579481
2024-08-09 13:06:27,17050.0,100,Buy,230579483
2024-08-09 13:06:31,17050.0,1000,Buy,230579549
2024-08-09 13:06:56,17050.0,100,Buy,230579974
2024-08-09 13:07:05,17050.0,1800,Buy,230580110
2024-08-09 13:07:20,17050.0,5700,Buy,230580456
2024-08-09 13:07:26,17050.0,100,Buy,230580628
2024-08-09 13:07:29,17050.0,100,Buy,230580699
2024-08-09 13:07:38,17050.0,1500,Buy,230580858
2024-08-09 13:07:41,17050.0,100,Buy,230580912
2024-08-09 13:07:45,17050.0,500,Buy,230581030
2024-08-09 13:07:45,17050.0,1000,Buy,230581028
2024-08-09 13:07:45,17050.0,2000,Buy,230581029
2024-08-09 13:08:00,17050.0,2000,Sell,230581377
2024-08-09 13:08:32,17050.0,5000,Sell,230582080
2024-08-09 13:08:32,17100.0,1500,Buy,230582133
2024-08-09 13:08:32,17100.0,200,Buy,230582134
2024-08-09 13:08:32,17100.0,200,Buy,230582135
2024-08-09 13:08:33,17100.0,100,Buy,230582164
2024-08-09 13:09:00,17100.0,1900,Buy,230582900
2024-08-09 13:09:12,17100.0,1900,Buy,230583263
2024-08-09 13:09:54,17050.0,8500,Sell,230584647
2024-08-09 13:10:04,17050.0,8700,Sell,230584831
2024-08-09 13:10:04,17050.0,100,Sell,230584830
2024-08-09 13:10:04,17050.0,1000,Sell,230584829
2024-08-09 13:10:04,17050.0,500,Sell,230584828
2024-08-09 13:10:04,17050.0,500,Sell,230584825
2024-08-09 13:10:04,17050.0,1000,Sell,230584826
2024-08-09 13:10:04,17050.0,200,Sell,230584824
2024-08-09 13:10:04,17050.0,4000,Sell,230584823
2024-08-09 13:10:04,17050.0,500,Sell,230584827
2024-08-09 13:10:22,17050.0,5000,Sell,230585223
2024-08-09 13:11:46,17100.0,500,Buy,230587229
2024-08-09 13:11:46,17100.0,2500,Buy,230587230
2024-08-09 13:11:46,17100.0,600,Buy,230587228
2024-08-09 13:11:46,17100.0,500,Buy,230587224
2024-08-09 13:11:46,17100.0,100,Buy,230587226
2024-08-09 13:11:46,17100.0,100,Buy,230587227
2024-08-09 13:11:46,17100.0,1200,Buy,230587223
2024-08-09 13:11:46,17100.0,100,Buy,230587225
2024-08-09 13:13:00,17100.0,300,Buy,230588619
2024-08-09 13:13:27,17100.0,1000,Buy,230589306
2024-08-09 13:13:28,17100.0,26200,Buy,230589318
2024-08-09 13:13:28,17100.0,2400,Buy,230589319
2024-08-09 13:13:28,17100.0,5000,Buy,230589320
2024-08-09 13:13:28,17100.0,100,Buy,230589322
2024-08-09 13:13:28,17100.0,9300,Buy,230589323
2024-08-09 13:13:28,17100.0,2000,Buy,230589321
2024-08-09 13:13:34,17100.0,200,Buy,230589446
2024-08-09 13:13:41,17100.0,500,Buy,230589562
2024-08-09 13:13:41,17100.0,500,Buy,230589563
2024-08-09 13:13:48,17100.0,500,Buy,230589715
2024-08-09 13:13:49,17050.0,10000,Sell,230589753
2024-08-09 13:13:55,17100.0,300,Buy,230589955
2024-08-09 13:13:55,17100.0,500,Buy,230589949
2024-08-09 13:13:57,17100.0,1000,Buy,230590022
2024-08-09 13:14:26,17100.0,1900,Buy,230590727
2024-08-09 13:15:01,17050.0,100,Sell,230591584
2024-08-09 13:15:17,17050.0,100,Sell,230591989
2024-08-09 13:15:17,17050.0,100,Sell,230591990
2024-08-09 13:15:17,17050.0,4700,Sell,230591991
2024-08-09 13:15:17,17050.0,1200,Sell,230591988
2024-08-09 13:15:26,17050.0,5000,Sell,230592283
2024-08-09 13:15:39,17100.0,5000,Buy,230592635
2024-08-09 13:15:39,17100.0,4700,Buy,230592637
2024-08-09 13:15:39,17100.0,6800,Buy,230592633
2024-08-09 13:15:39,17100.0,3000,Buy,230592634
2024-08-09 13:15:39,17100.0,500,Buy,230592636
2024-08-09 13:15:43,17100.0,300,Buy,230592785
2024-08-09 13:15:46,17100.0,500,Buy,230592881
2024-08-09 13:15:47,17100.0,3000,Buy,230592905
2024-08-09 13:16:08,17100.0,100,Buy,230593436
2024-08-09 13:16:22,17100.0,5700,Buy,230593832
2024-08-09 13:16:26,17100.0,100,Buy,230593939
2024-08-09 13:16:47,17100.0,2000,Buy,230594460
2024-08-09 13:16:48,17100.0,1000,Buy,230594494
2024-08-09 13:16:56,17100.0,100,Buy,230594647
2024-08-09 13:17:01,17100.0,10000,Buy,230594771
2024-08-09 13:17:06,17100.0,100,Buy,230594912
2024-08-09 13:17:11,17100.0,3000,Buy,230595094
2024-08-09 13:17:18,17100.0,1500,Buy,230595309
2024-08-09 13:17:20,17100.0,500,Buy,230595365
2024-08-09 13:17:30,17100.0,1000,Buy,230595752
2024-08-09 13:17:31,17100.0,100,Buy,230595790
2024-08-09 13:17:32,17100.0,600,Buy,230595815
2024-08-09 13:17:44,17100.0,200,Buy,230596201
2024-08-09 13:17:55,17100.0,1000,Buy,230596482
2024-08-09 13:18:00,17100.0,200,Buy,230596576
2024-08-09 13:18:05,17100.0,100,Buy,230596702
2024-08-09 13:18:34,17100.0,1000,Buy,230597676
2024-08-09 13:19:06,17100.0,200,Buy,230598720
2024-08-09 13:19:19,17100.0,1000,Buy,230599046
2024-08-09 13:19:22,17100.0,100,Buy,230599213
2024-08-09 13:19:22,17100.0,200,Buy,230599212
2024-08-09 13:19:22,17100.0,2100,Buy,230599214
2024-08-09 13:19:22,17100.0,300,Buy,230599210
2024-08-09 13:19:22,17100.0,1000,Buy,230599211
2024-08-09 13:19:22,17100.0,2000,Buy,230599209
2024-08-09 13:19:27,17100.0,1000,Buy,230599374
2024-08-09 13:19:30,17100.0,1900,Buy,230599564
2024-08-09 13:19:30,17100.0,3100,Buy,230599565
2024-08-09 13:19:30,17100.0,5000,Buy,230599552
2024-08-09 13:19:32,17100.0,11900,Buy,230599612
2024-08-09 13:19:32,17100.0,8900,Buy,230599613
2024-08-09 13:19:32,17100.0,1200,Buy,230599614
2024-08-09 13:19:32,17100.0,500,Buy,230599615
2024-08-09 13:19:32,17100.0,5000,Buy,230599616
2024-08-09 13:19:32,17100.0,100,Buy,230599617
2024-08-09 13:19:32,17100.0,3200,Buy,230599618
2024-08-09 13:19:32,17100.0,1000,Buy,230599619
2024-08-09 13:19:32,17100.0,100,Buy,230599620
2024-08-09 13:19:32,17100.0,7800,Buy,230599621
2024-08-09 13:19:32,17100.0,7200,Buy,230599622
2024-08-09 13:19:32,17100.0,500,Buy,230599623
2024-08-09 13:19:32,17100.0,2500,Buy,230599624
2024-08-09 13:19:55,17100.0,1900,Buy,230600456
2024-08-09 13:19:55,17100.0,100,Sell,230600397
2024-08-09 13:19:55,17100.0,200,Sell,230600398
2024-08-09 13:20:01,17100.0,24300,Sell,230600820
2024-08-09 13:20:01,17100.0,9800,Buy,230600804
2024-08-09 13:20:09,17100.0,100,Sell,230601191
2024-08-09 13:20:15,17150.0,200,Buy,230601408
2024-08-09 13:21:52,17150.0,100,Buy,230604941
2024-08-09 13:22:04,17100.0,15100,Sell,230605358
2024-08-09 13:22:19,17100.0,1100,Sell,230605919
2024-08-09 13:22:30,17100.0,1000,Sell,230606698
2024-08-09 13:23:02,17150.0,1500,Buy,230607901
2024-08-09 13:23:02,17150.0,4000,Buy,230607900
2024-08-09 13:23:02,17150.0,2000,Buy,230607899
2024-08-09 13:23:02,17150.0,100,Buy,230607898
2024-08-09 13:23:02,17150.0,900,Buy,230607895
2024-08-09 13:23:02,17150.0,1000,Buy,230607896
2024-08-09 13:23:02,17150.0,2000,Buy,230607894
2024-08-09 13:23:02,17150.0,8400,Buy,230607893
2024-08-09 13:23:02,17150.0,100,Buy,230607897
2024-08-09 13:23:07,17150.0,100,Buy,230608040
2024-08-09 13:23:07,17150.0,200,Buy,230608060
2024-08-09 13:23:11,17150.0,2300,Buy,230608193
2024-08-09 13:23:13,17150.0,10000,Buy,230608280
2024-08-09 13:23:16,17150.0,100,Buy,230608404
2024-08-09 13:23:16,17150.0,1000,Buy,230608403
2024-08-09 13:23:16,17150.0,2000,Buy,230608402
2024-08-09 13:23:16,17150.0,16900,Buy,230608401
2024-08-09 13:23:17,17150.0,100,Buy,230608438
2024-08-09 13:23:21,17150.0,1000,Buy,230608573
2024-08-09 13:23:25,17150.0,4700,Buy,230608649
2024-08-09 13:23:25,17150.0,200,Buy,230608650
2024-08-09 13:23:25,17150.0,100,Buy,230608651
2024-08-09 13:23:25,17150.0,5000,Buy,230608652
2024-08-09 13:23:32,17150.0,5000,Buy,230608906
2024-08-09 13:23:32,17150.0,10000,Buy,230608907
2024-08-09 13:23:35,17150.0,100,Buy,230609021
2024-08-09 13:23:35,17150.0,800,Buy,230609020
2024-08-09 13:23:35,17150.0,3700,Buy,230609019
2024-08-09 13:23:35,17150.0,1700,Buy,230609018
2024-08-09 13:23:35,17150.0,7800,Buy,230609023
2024-08-09 13:23:35,17150.0,10000,Buy,230609016
2024-08-09 13:23:35,17150.0,10000,Buy,230609017
2024-08-09 13:23:35,17150.0,1000,Buy,230609013
2024-08-09 13:23:35,17150.0,8600,Buy,230609022
2024-08-09 13:23:35,17150.0,500,Buy,230609014
2024-08-09 13:23:35,17150.0,1000,Buy,230609015
2024-08-09 13:23:42,17150.0,1000,Buy,230609239
2024-08-09 13:23:43,17150.0,200,Buy,230609289
2024-08-09 13:23:44,17150.0,1000,Buy,230609296
2024-08-09 13:23:50,17150.0,3000,Buy,230609448
2024-08-09 13:23:53,17150.0,100,Buy,230609610
2024-08-09 13:23:53,17100.0,6900,Sell,230609590
2024-08-09 13:23:53,17150.0,200,Buy,230609609
2024-08-09 13:24:03,17150.0,100,Buy,230609920
2024-08-09 13:24:12,17150.0,1500,Buy,230610170
2024-08-09 13:24:15,17150.0,500,Buy,230610240
2024-08-09 13:24:21,17150.0,2000,Buy,230610444
2024-08-09 13:24:52,17150.0,1000,Buy,230611336
2024-08-09 13:24:52,17100.0,1900,Sell,230611366
2024-08-09 13:24:54,17150.0,200,Buy,230611423
2024-08-09 13:25:32,17150.0,1000,Buy,230613040
2024-08-09 13:25:33,17150.0,10600,Buy,230613093
2024-08-09 13:25:33,17150.0,19400,Buy,230613094
2024-08-09 13:25:43,17150.0,100,Buy,230613394
2024-08-09 13:25:49,17150.0,100,Buy,230613574
2024-08-09 13:25:51,17150.0,100,Buy,230613625
2024-08-09 13:25:52,17150.0,14300,Buy,230613668
2024-08-09 13:25:52,17150.0,100,Buy,230613667
2024-08-09 13:25:52,17150.0,300,Buy,230613664
2024-08-09 13:25:52,17150.0,6300,Buy,230613665
2024-08-09 13:25:52,17150.0,1000,Buy,230613666
2024-08-09 13:25:53,17150.0,200,Buy,230613697
2024-08-09 13:25:58,17100.0,100,Sell,230613870
2024-08-09 13:26:02,17150.0,5000,Buy,230614001
2024-08-09 13:26:29,17150.0,1000,Buy,230614858
2024-08-09 13:26:33,17150.0,200,Buy,230614989
2024-08-09 13:26:44,17150.0,2800,Buy,230615328
2024-08-09 13:27:03,17100.0,5400,Sell,230615891
2024-08-09 13:27:12,17100.0,300,Sell,230616163
2024-08-09 13:27:13,17100.0,5500,Sell,230616191
2024-08-09 13:27:30,17100.0,100,Sell,230616594
2024-08-09 13:27:48,17100.0,200,Sell,230617139
2024-08-09 13:28:22,17150.0,500,Buy,230618082
2024-08-09 13:28:26,17100.0,5000,Sell,230618269
2024-08-09 13:28:44,17100.0,200,Sell,230618860
2024-08-09 13:28:49,17100.0,10900,Sell,230619047
2024-08-09 13:28:54,17150.0,4000,Buy,230619172
2024-08-09 13:28:54,17100.0,1700,Sell,230619164
2024-08-09 13:28:58,17100.0,100,Sell,230619357
2024-08-09 13:28:58,17100.0,2000,Sell,230619358
2024-08-09 13:28:58,17100.0,500,Sell,230619359
2024-08-09 13:28:58,17100.0,500,Sell,230619362
2024-08-09 13:28:58,17100.0,100,Sell,230619363
2024-08-09 13:28:58,17100.0,100,Sell,230619356
2024-08-09 13:28:58,17100.0,5000,Sell,230619365
2024-08-09 13:28:58,17100.0,2000,Sell,230619366
2024-08-09 13:28:58,17100.0,800,Sell,230619368
2024-08-09 13:28:58,17100.0,600,Sell,230619369
2024-08-09 13:28:58,17100.0,1700,Sell,230619370
2024-08-09 13:28:58,17100.0,1000,Sell,230619371
2024-08-09 13:28:58,17100.0,100,Sell,230619372
2024-08-09 13:28:58,17100.0,200,Sell,230619373
2024-08-09 13:28:58,17100.0,2000,Sell,230619367
2024-08-09 13:28:58,17100.0,1000,Sell,230619355
2024-08-09 13:28:58,17100.0,200,Sell,230619364
2024-08-09 13:28:58,17100.0,100,Sell,230619353
2024-08-09 13:28:58,17100.0,5400,Sell,230619332
2024-08-09 13:28:58,17100.0,3000,Sell,230619333
2024-08-09 13:28:58,17100.0,300,Sell,230619334
2024-08-09 13:28:58,17100.0,25000,Sell,230619338
2024-08-09 13:28:58,17100.0,3100,Sell,230619339
2024-08-09 13:28:58,17100.0,100000,Sell,230619340
2024-08-09 13:28:58,17100.0,1000,Sell,230619341
2024-08-09 13:28:58,17100.0,300,Sell,230619342
2024-08-09 13:28:58,17100.0,100,Sell,230619354
2024-08-09 13:28:58,17100.0,2000,Sell,230619344
2024-08-09 13:28:58,17100.0,100,Sell,230619345
2024-08-09 13:28:58,17100.0,500,Sell,230619348
2024-08-09 13:28:58,17100.0,500,Sell,230619349
2024-08-09 13:28:58,17100.0,3000,Sell,230619350
2024-08-09 13:28:58,17100.0,2200,Sell,230619351
2024-08-09 13:28:58,17100.0,1000,Sell,230619352
2024-08-09 13:28:58,17100.0,800,Sell,230619343
2024-08-09 13:29:13,17100.0,3000,Buy,230619875
2024-08-09 13:29:19,17100.0,100,Buy,230620070
2024-08-09 13:29:22,17100.0,100,Buy,230620183
2024-08-09 13:29:22,17100.0,500,Buy,230620204
2024-08-09 13:29:22,17100.0,100,Buy,230620205
2024-08-09 13:29:22,17100.0,400,Buy,230620206
2024-08-09 13:29:24,17100.0,200,Buy,230620258
2024-08-09 13:29:33,17100.0,1000,Buy,230620527
2024-08-09 13:29:46,17100.0,1000,Buy,230620958
2024-08-09 13:29:50,17100.0,1000,Buy,230621138
2024-08-09 13:29:53,17100.0,5700,Buy,230621287
2024-08-09 13:29:55,17100.0,100,Buy,230621334
2024-08-09 13:30:02,17100.0,100,Buy,230621578
2024-08-09 13:30:02,17100.0,2600,Buy,230621577
2024-08-09 13:30:02,17100.0,7400,Buy,230621584
2024-08-09 13:30:02,17100.0,15500,Buy,230621582
2024-08-09 13:30:02,17100.0,4300,Buy,230621583
2024-08-09 13:30:02,17100.0,1500,Buy,230621580
2024-08-09 13:30:02,17100.0,8700,Buy,230621579
2024-08-09 13:30:02,17100.0,5000,Buy,230621581
2024-08-09 13:30:11,17100.0,4900,Sell,230621828
2024-08-09 13:30:11,17100.0,2000,Sell,230621830
2024-08-09 13:30:11,17100.0,1000,Sell,230621831
2024-08-09 13:30:11,17100.0,2000,Sell,230621829
2024-08-09 13:30:12,17100.0,1000,Buy,230621852
2024-08-09 13:30:12,17100.0,7100,Buy,230621861
2024-08-09 13:30:21,17100.0,1000,Sell,230622166
2024-08-09 13:30:22,17100.0,400,Sell,230622238
2024-08-09 13:30:22,17100.0,100,Sell,230622239
2024-08-09 13:30:22,17100.0,3000,Sell,230622237
2024-08-09 13:30:22,17100.0,200,Sell,230622235
2024-08-09 13:30:22,17100.0,1900,Sell,230622233
2024-08-09 13:30:22,17100.0,1000,Sell,230622236
2024-08-09 13:30:22,17100.0,1000,Sell,230622234
2024-08-09 13:30:26,17100.0,300,Buy,230622370
2024-08-09 13:30:27,17100.0,1000,Buy,230622391
2024-08-09 13:30:31,17100.0,300,Buy,230622540
2024-08-09 13:30:40,17100.0,1000,Buy,230622849
2024-08-09 13:30:44,17100.0,500,Buy,230622957
2024-08-09 13:30:54,17100.0,4000,Buy,230623361
2024-08-09 13:31:01,17100.0,5000,Buy,230623586
2024-08-09 13:31:05,17100.0,2000,Buy,230623681
2024-08-09 13:31:07,17100.0,100,Buy,230623787
2024-08-09 13:31:09,17100.0,2000,Buy,230623893
2024-08-09 13:31:12,17100.0,200,Buy,230624055
2024-08-09 13:31:12,17100.0,300,Buy,230624054
2024-08-09 13:31:20,17100.0,2600,Buy,230624444
2024-08-09 13:31:24,17100.0,300,Buy,230624604
2024-08-09 13:31:28,17100.0,1900,Buy,230624861
2024-08-09 13:31:28,17100.0,10000,Buy,230624862
2024-08-09 13:31:28,17100.0,1900,Buy,230624863
2024-08-09 13:31:28,17100.0,6200,Buy,230624864
2024-08-09 13:31:33,17100.0,100,Buy,230625015
2024-08-09 13:31:34,17100.0,1700,Buy,230625025
2024-08-09 13:31:34,17100.0,300,Buy,230625026
2024-08-09 13:31:36,17100.0,100,Buy,230625095
2024-08-09 13:31:38,17100.0,2200,Buy,230625224
2024-08-09 13:31:38,17100.0,600,Buy,230625223
2024-08-09 13:31:41,17100.0,300,Buy,230625275
2024-08-09 13:31:43,17100.0,5000,Buy,230625368
2024-08-09 13:31:47,17100.0,200,Buy,230625489
2024-08-09 13:31:47,17100.0,800,Buy,230625490
2024-08-09 13:31:47,17100.0,6500,Buy,230625491
2024-08-09 13:31:49,17100.0,8900,Sell,230625589
2024-08-09 13:31:55,17100.0,9600,Sell,230625998
2024-08-09 13:31:55,17100.0,2000,Sell,230625999
2024-08-09 13:31:55,17100.0,400,Sell,230626000
2024-08-09 13:32:02,17100.0,100,Sell,230626323
2024-08-09 13:32:02,17100.0,1000,Sell,230626322
2024-08-09 13:32:02,17100.0,4600,Sell,230626321
2024-08-09 13:32:08,17100.0,1000,Buy,230626612
2024-08-09 13:32:11,17100.0,300,Buy,230626696
2024-08-09 13:32:18,17100.0,500,Buy,230626903
2024-08-09 13:32:31,17100.0,100,Buy,230627807
2024-08-09 13:32:31,17100.0,900,Buy,230627808
2024-08-09 13:32:47,17100.0,600,Buy,230628599
2024-08-09 13:32:47,17100.0,1400,Buy,230628600
2024-08-09 13:32:47,17100.0,3000,Buy,230628630
2024-08-09 13:32:49,17100.0,14500,Buy,230628702
2024-08-09 13:33:00,17100.0,1000,Buy,230629249
2024-08-09 13:33:07,17100.0,1000,Buy,230629441
2024-08-09 13:33:09,17100.0,100,Buy,230629538
2024-08-09 13:33:14,17100.0,6000,Buy,230629808
2024-08-09 13:33:15,17100.0,1000,Buy,230629852
2024-08-09 13:33:20,17050.0,50000,Sell,230630171
2024-08-09 13:33:20,17050.0,100,Sell,230630172
2024-08-09 13:33:20,17050.0,100,Sell,230630173
2024-08-09 13:33:20,17050.0,500,Sell,230630174
2024-08-09 13:33:20,17050.0,10000,Sell,230630175
2024-08-09 13:33:20,17050.0,99000,Sell,230630176
2024-08-09 13:33:20,17050.0,40300,Sell,230630170
2024-08-09 13:33:23,17100.0,1000,Buy,230630345
2024-08-09 13:33:28,17100.0,2600,Buy,230630617
2024-08-09 13:33:33,17100.0,300,Buy,230630958
2024-08-09 13:33:37,17100.0,200,Buy,230631192
2024-08-09 13:33:38,17100.0,300,Buy,230631251
2024-08-09 13:33:57,17100.0,1100,Buy,230632180
2024-08-09 13:33:57,17100.0,500,Buy,230632181
2024-08-09 13:33:57,17100.0,700,Buy,230632182
2024-08-09 13:33:57,17100.0,5700,Buy,230632183
2024-08-09 13:34:09,17100.0,300,Buy,230632615
2024-08-09 13:34:16,17100.0,500,Buy,230632975
2024-08-09 13:34:34,17100.0,3000,Buy,230633664
2024-08-09 13:34:34,17100.0,1000,Buy,230633665
2024-08-09 13:34:36,17100.0,5200,Buy,230633748
2024-08-09 13:34:36,17100.0,1000,Buy,230633757
2024-08-09 13:34:36,17100.0,7500,Buy,230633756
2024-08-09 13:34:36,17100.0,500,Buy,230633755
2024-08-09 13:34:36,17100.0,1900,Buy,230633758
2024-08-09 13:34:36,17100.0,100,Buy,230633751
2024-08-09 13:34:36,17100.0,9200,Buy,230633750
2024-08-09 13:34:36,17100.0,4300,Buy,230633749
2024-08-09 13:34:36,17100.0,1900,Buy,230633754
2024-08-09 13:34:55,17100.0,300,Sell,230634753
2024-08-09 13:35:15,17100.0,100,Sell,230635793
2024-08-09 13:35:21,17100.0,3400,Sell,230636017
2024-08-09 13:35:29,17150.0,1500,Buy,230636427
2024-08-09 13:35:38,17150.0,600,Buy,230636818
2024-08-09 13:35:46,17150.0,5000,Buy,230637137
2024-08-09 13:35:54,17100.0,8300,Sell,230637417
2024-08-09 13:35:58,17100.0,500,Sell,230637527
2024-08-09 13:35:58,17100.0,1700,Sell,230637528
2024-08-09 13:35:58,17100.0,500,Sell,230637525
2024-08-09 13:35:58,17100.0,1000,Sell,230637526
2024-08-09 13:35:58,17100.0,6300,Sell,230637524
2024-08-09 13:36:02,17150.0,100,Buy,230637943
2024-08-09 13:36:07,17100.0,200,Sell,230638343
2024-08-09 13:36:12,17100.0,100,Sell,230638720
2024-08-09 13:36:15,17100.0,1000,Sell,230638853
2024-08-09 13:36:15,17100.0,1000,Sell,230638852
2024-08-09 13:36:15,17100.0,3900,Sell,230638855
2024-08-09 13:36:15,17100.0,14500,Sell,230638850
2024-08-09 13:36:15,17100.0,500,Sell,230638849
2024-08-09 13:36:15,17100.0,1600,Sell,230638851
2024-08-09 13:36:15,17100.0,2500,Sell,230638854
2024-08-09 13:36:16,17100.0,300,Sell,230638891
2024-08-09 13:36:16,17100.0,100,Sell,230638919
2024-08-09 13:36:18,17150.0,3000,Buy,230639004
2024-08-09 13:36:29,17150.0,500,Buy,230639508
2024-08-09 13:36:37,17150.0,2000,Buy,230639916
2024-08-09 13:36:58,17150.0,500,Buy,230640931
2024-08-09 13:37:02,17150.0,5000,Buy,230641115
2024-08-09 13:37:03,17150.0,5700,Buy,230641187
2024-08-09 13:37:41,17150.0,4000,Buy,230642851
2024-08-09 13:37:43,17150.0,16700,Buy,230642934
2024-08-09 13:37:43,17150.0,5300,Buy,230642935
2024-08-09 13:37:45,17150.0,200,Buy,230643049
2024-08-09 13:37:59,17150.0,28500,Buy,230643702
2024-08-09 13:37:59,17150.0,1000,Buy,230643703
2024-08-09 13:37:59,17150.0,500,Buy,230643704
2024-08-09 13:38:08,17150.0,200,Buy,230644042
2024-08-09 13:38:35,17100.0,500,Sell,230645144
2024-08-09 13:38:35,17100.0,100,Sell,230645145
2024-08-09 13:38:35,17100.0,200,Sell,230645146
2024-08-09 13:38:35,17100.0,10000,Sell,230645147
2024-08-09 13:38:35,17100.0,300,Sell,230645148
2024-08-09 13:38:35,17100.0,200,Sell,230645149
2024-08-09 13:38:35,17100.0,1000,Sell,230645152
2024-08-09 13:38:35,17100.0,1700,Sell,230645151
2024-08-09 13:38:35,17100.0,100,Sell,230645153
2024-08-09 13:38:35,17100.0,1000,Sell,230645154
2024-08-09 13:38:35,17100.0,20000,Sell,230645155
2024-08-09 13:38:35,17100.0,500,Sell,230645156
2024-08-09 13:38:35,17100.0,200,Sell,230645157
2024-08-09 13:38:35,17100.0,1000,Sell,230645150
2024-08-09 13:38:35,17100.0,14600,Sell,230645141
2024-08-09 13:38:35,17100.0,1000,Sell,230645143
2024-08-09 13:38:35,17100.0,2000,Sell,230645142
2024-08-09 13:38:35,17100.0,700,Sell,230645125
2024-08-09 13:38:35,17100.0,5000,Sell,230645126
2024-08-09 13:38:35,17100.0,1000,Sell,230645127
2024-08-09 13:38:35,17100.0,1000,Sell,230645128
2024-08-09 13:38:35,17100.0,500,Sell,230645129
2024-08-09 13:38:35,17100.0,100,Sell,230645130
2024-08-09 13:38:35,17100.0,15000,Sell,230645131
2024-08-09 13:38:35,17100.0,200,Sell,230645140
2024-08-09 13:38:35,17100.0,5000,Sell,230645133
2024-08-09 13:38:35,17100.0,1000,Sell,230645134
2024-08-09 13:38:35,17100.0,500,Sell,230645135
2024-08-09 13:38:35,17100.0,2800,Sell,230645136
2024-08-09 13:38:35,17100.0,100,Sell,230645137
2024-08-09 13:38:35,17100.0,500,Sell,230645138
2024-08-09 13:38:35,17100.0,600,Sell,230645139
2024-08-09 13:38:35,17100.0,2500,Sell,230645132
2024-08-09 13:38:49,17100.0,3200,Buy,230645641
2024-08-09 13:38:49,17100.0,100,Buy,230645656
2024-08-09 13:38:53,17100.0,100,Buy,230645816
2024-08-09 13:38:55,17100.0,700,Buy,230645863
2024-08-09 13:38:55,17100.0,1300,Buy,230645864
2024-08-09 13:38:55,17100.0,2000,Buy,230645875
2024-08-09 13:39:16,17100.0,1000,Buy,230646708
2024-08-09 13:39:16,17100.0,1000,Buy,230646743
2024-08-09 13:39:17,17100.0,400,Buy,230646820
2024-08-09 13:39:20,17100.0,6900,Buy,230646912
2024-08-09 13:39:20,17100.0,1500,Buy,230646910
2024-08-09 13:39:20,17100.0,1200,Buy,230646909
2024-08-09 13:39:20,17100.0,4000,Buy,230646908
2024-08-09 13:39:20,17100.0,500,Buy,230646911
2024-08-09 13:39:20,17100.0,4000,Buy,230646906
2024-08-09 13:39:20,17100.0,9000,Buy,230646905
2024-08-09 13:39:20,17100.0,1000,Buy,230646904
2024-08-09 13:39:20,17100.0,4300,Buy,230646902
2024-08-09 13:39:20,17100.0,11600,Buy,230646907
2024-08-09 13:39:20,17100.0,6000,Buy,230646903
2024-08-09 13:39:21,17100.0,100,Buy,230646998
2024-08-09 13:39:24,17100.0,1200,Buy,230647092
2024-08-09 13:39:24,17100.0,300,Buy,230647093
2024-08-09 13:39:24,17100.0,1900,Buy,230647094
2024-08-09 13:39:24,17100.0,1900,Buy,230647095
2024-08-09 13:39:29,17100.0,14700,Sell,230647246
2024-08-09 13:39:29,17100.0,500,Sell,230647247
2024-08-09 13:39:36,17100.0,10000,Buy,230647518
2024-08-09 13:39:37,17100.0,900,Buy,230647553
2024-08-09 13:39:43,17100.0,23900,Buy,230647795
2024-08-09 13:40:07,17100.0,2700,Sell,230648729
2024-08-09 13:40:20,17100.0,23400,Sell,230649149
2024-08-09 13:40:20,17100.0,2600,Sell,230649150
2024-08-09 13:40:20,17100.0,100,Sell,230649151
2024-08-09 13:40:20,17100.0,100,Sell,230649152
2024-08-09 13:40:20,17100.0,500,Sell,230649153
2024-08-09 13:40:20,17100.0,3000,Sell,230649154
2024-08-09 13:40:24,17100.0,1000,Buy,230649279
2024-08-09 13:40:31,17100.0,3400,Buy,230649556
2024-08-09 13:40:36,17100.0,1500,Buy,230649759
2024-08-09 13:40:51,17100.0,9500,Sell,230650355
2024-08-09 13:40:51,17100.0,500,Sell,230650354
2024-08-09 13:41:24,17100.0,100,Sell,230651530
2024-08-09 13:42:14,17150.0,1000,Buy,230653218
2024-08-09 13:42:18,17100.0,2000,Sell,230653310
2024-08-09 13:42:21,17100.0,20000,Sell,230653381
2024-08-09 13:42:26,17100.0,300,Sell,230653709
2024-08-09 13:43:21,17100.0,30000,Sell,230655781
2024-08-09 13:43:29,17100.0,10000,Sell,230656053
2024-08-09 13:43:30,17100.0,100,Sell,230656093
2024-08-09 13:43:38,17100.0,4700,Sell,230656419
2024-08-09 13:43:38,17100.0,100,Sell,230656418
2024-08-09 13:43:38,17100.0,100,Sell,230656416
2024-08-09 13:43:38,17100.0,28000,Sell,230656415
2024-08-09 13:43:38,17100.0,300,Sell,230656417
2024-08-09 13:43:51,17100.0,500,Sell,230656828
2024-08-09 13:43:58,17100.0,100,Sell,230657101
2024-08-09 13:44:05,17100.0,4000,Sell,230657337
2024-08-09 13:44:23,17100.0,55300,Sell,230657924
2024-08-09 13:44:26,17100.0,5000,Sell,230658036
2024-08-09 13:44:48,17100.0,10000,Sell,230658893
2024-08-09 13:44:50,17100.0,2000,Sell,230659023
2024-08-09 13:44:50,17100.0,700,Sell,230659024
2024-08-09 13:44:50,17100.0,200,Sell,230659025
2024-08-09 13:44:50,17100.0,400,Sell,230659026
2024-08-09 13:44:50,17100.0,1000,Sell,230659030
2024-08-09 13:44:50,17100.0,100,Sell,230659028
2024-08-09 13:44:50,17100.0,300,Sell,230659029
2024-08-09 13:44:50,17100.0,1000,Sell,230659031
2024-08-09 13:44:50,17100.0,23300,Sell,230659032
2024-08-09 13:44:50,17100.0,100,Sell,230659027
2024-08-09 13:44:50,17100.0,1000,Sell,230659022
2024-08-09 13:44:50,17100.0,1000,Sell,230659021
2024-08-09 13:44:50,17100.0,200,Sell,230659019
2024-08-09 13:44:50,17100.0,20400,Sell,230659009
2024-08-09 13:44:50,17100.0,100,Sell,230659010
2024-08-09 13:44:50,17100.0,2000,Sell,230659011
2024-08-09 13:44:50,17100.0,300,Sell,230659012
2024-08-09 13:44:50,17100.0,1000,Sell,230659013
2024-08-09 13:44:50,17100.0,1000,Sell,230659020
2024-08-09 13:44:50,17100.0,3400,Sell,230659015
2024-08-09 13:44:50,17100.0,10000,Sell,230659018
2024-08-09 13:44:50,17100.0,300,Sell,230659014
2024-08-09 13:44:50,17100.0,100,Sell,230659016
2024-08-09 13:44:50,17100.0,100,Sell,230659017
2024-08-09 13:44:51,17100.0,1700,Sell,230659061
2024-08-09 13:44:53,17100.0,300,Buy,230659096
2024-08-09 13:45:01,17100.0,100,Buy,230659428
2024-08-09 13:45:02,17050.0,1900,Sell,230659490
2024-08-09 13:45:03,17100.0,500,Buy,230659531
2024-08-09 13:45:04,17100.0,1000,Buy,230659540
2024-08-09 13:45:06,17100.0,4000,Buy,230659627
2024-08-09 13:45:13,17100.0,1000,Buy,230659819
2024-08-09 13:45:20,17100.0,1400,Buy,230660031
2024-08-09 13:45:20,17100.0,4600,Buy,230660032
2024-08-09 13:45:43,17050.0,4000,Sell,230660843
2024-08-09 13:45:52,17100.0,2500,Buy,230661116
2024-08-09 13:45:57,17100.0,2000,Buy,230661294
2024-08-09 13:45:57,17100.0,1000,Buy,230661299
2024-08-09 13:46:07,17100.0,500,Buy,230661624
2024-08-09 13:46:15,17100.0,400,Buy,230661903
2024-08-09 13:46:33,17100.0,4900,Buy,230662645
2024-08-09 13:46:34,17100.0,100,Buy,230662697
2024-08-09 13:47:03,17100.0,5000,Buy,230663792
2024-08-09 13:47:13,17100.0,800,Buy,230664057
2024-08-09 13:47:30,17100.0,2000,Buy,230664552
2024-08-09 13:47:32,17100.0,200,Buy,230664584
2024-08-09 13:47:40,17100.0,5000,Buy,230664829
2024-08-09 13:47:44,17100.0,500,Buy,230664922
2024-08-09 13:48:34,17100.0,2000,Buy,230666395
2024-08-09 13:48:34,17100.0,7000,Buy,230666388
2024-08-09 13:48:51,17100.0,5000,Buy,230666849
2024-08-09 13:48:56,17100.0,5000,Buy,230667006
2024-08-09 13:48:58,17100.0,1500,Buy,230667086
2024-08-09 13:48:58,17100.0,3500,Buy,230667087
2024-08-09 13:49:02,17100.0,200,Buy,230667194
2024-08-09 13:49:10,17100.0,400,Buy,230667472
2024-08-09 13:49:19,17050.0,1000,Sell,230667729
2024-08-09 13:49:33,17050.0,6000,Sell,230668064
2024-08-09 13:49:44,17050.0,2900,Sell,230668367
2024-08-09 13:50:06,17100.0,800,Buy,230669124
2024-08-09 13:50:26,17050.0,200,Sell,230669693
2024-08-09 13:50:29,17050.0,500,Sell,230669750
2024-08-09 13:50:35,17100.0,5100,Buy,230670006
2024-08-09 13:50:35,17100.0,1300,Buy,230670007
2024-08-09 13:50:55,17100.0,200,Buy,230670574
2024-08-09 13:51:00,17100.0,5700,Buy,230670750
2024-08-09 13:51:13,17100.0,100,Buy,230671147
2024-08-09 13:51:32,17100.0,100,Buy,230671590
2024-08-09 13:51:40,17100.0,600,Buy,230671806
2024-08-09 13:51:40,17100.0,10000,Buy,230671805
2024-08-09 13:51:40,17100.0,14900,Buy,230671803
2024-08-09 13:51:40,17100.0,500,Buy,230671804
2024-08-09 13:52:01,17100.0,100,Buy,230672360
2024-08-09 13:52:06,17100.0,1000,Buy,230672457
2024-08-09 13:52:10,17100.0,900,Buy,230672564
2024-08-09 13:52:13,17100.0,7400,Buy,230672663
2024-08-09 13:52:13,17100.0,2600,Buy,230672664
2024-08-09 13:52:16,17100.0,500,Buy,230672746
2024-08-09 13:52:16,17100.0,100,Buy,230672745
2024-08-09 13:52:16,17100.0,1200,Buy,230672744
2024-08-09 13:52:16,17100.0,8200,Buy,230672743
2024-08-09 13:52:17,17100.0,500,Buy,230672765
2024-08-09 13:52:17,17100.0,100,Buy,230672773
2024-08-09 13:52:19,17100.0,200,Buy,230672816
2024-08-09 13:52:21,17100.0,300,Buy,230672890
2024-08-09 13:52:21,17100.0,200,Buy,230672907
2024-08-09 13:52:31,17100.0,200,Buy,230673143
2024-08-09 13:52:48,17100.0,4000,Buy,230673653
2024-08-09 13:52:58,17100.0,1300,Buy,230673987
2024-08-09 13:52:58,17100.0,400,Buy,230673986
2024-08-09 13:52:58,17100.0,300,Buy,230673973
2024-08-09 13:52:58,17100.0,4000,Buy,230673972
2024-08-09 13:52:58,17100.0,800,Buy,230673985
2024-08-09 13:53:02,17050.0,4100,Sell,230674154
2024-08-09 13:53:04,17100.0,2700,Buy,230674184
2024-08-09 13:53:04,17100.0,1200,Buy,230674185
2024-08-09 13:53:04,17100.0,100,Buy,230674186
2024-08-09 13:53:08,17100.0,200,Buy,230674303
2024-08-09 13:53:11,17100.0,3600,Buy,230674409
2024-08-09 13:53:18,17050.0,500,Sell,230674661
2024-08-09 13:53:23,17100.0,1000,Buy,230674863
2024-08-09 13:53:28,17100.0,500,Buy,230675021
2024-08-09 13:53:40,17050.0,200,Sell,230675341
2024-08-09 13:53:52,17100.0,200,Buy,230675706
2024-08-09 13:53:57,17050.0,100,Sell,230675843
2024-08-09 13:54:02,17100.0,2000,Buy,230675962
2024-08-09 13:54:09,17050.0,4600,Sell,230676161
2024-08-09 13:54:21,17100.0,300,Buy,230676486
2024-08-09 13:54:27,17050.0,3900,Sell,230676723
2024-08-09 13:54:34,17100.0,900,Buy,230677111
2024-08-09 13:54:49,17050.0,300,Sell,230677621
2024-08-09 13:54:59,17100.0,60000,Buy,230677947
2024-08-09 13:55:03,17100.0,1700,Buy,230678060
2024-08-09 13:55:12,17100.0,15000,Buy,230678733
2024-08-09 13:55:15,17100.0,5000,Buy,230678809
2024-08-09 13:55:15,17100.0,100,Buy,230678798
2024-08-09 13:55:26,17100.0,9400,Buy,230679163
2024-08-09 13:55:26,17100.0,600,Buy,230679164
2024-08-09 13:55:27,17100.0,10000,Buy,230679201
2024-08-09 13:55:27,17100.0,300,Buy,230679200
2024-08-09 13:55:27,17100.0,100,Buy,230679199
2024-08-09 13:55:27,17100.0,10000,Buy,230679198
2024-08-09 13:55:27,17100.0,4000,Buy,230679197
2024-08-09 13:55:27,17100.0,1000,Buy,230679196
2024-08-09 13:55:27,17100.0,500,Buy,230679195
2024-08-09 13:55:27,17100.0,4000,Buy,230679194
2024-08-09 13:55:27,17100.0,1000,Buy,230679190
2024-08-09 13:55:27,17100.0,10000,Buy,230679192
2024-08-09 13:55:27,17100.0,10000,Buy,230679193
2024-08-09 13:55:27,17100.0,400,Buy,230679184
2024-08-09 13:55:27,17100.0,200,Buy,230679185
2024-08-09 13:55:27,17100.0,600,Buy,230679186
2024-08-09 13:55:27,17100.0,1000,Buy,230679189
2024-08-09 13:55:27,17100.0,5000,Buy,230679188
2024-08-09 13:55:27,17100.0,10000,Buy,230679191
2024-08-09 13:55:27,17100.0,400,Buy,230679187
2024-08-09 13:55:32,17100.0,4600,Sell,230679362
2024-08-09 13:55:39,17100.0,26900,Sell,230679690
2024-08-09 13:55:39,17100.0,1000,Sell,230679691
2024-08-09 13:55:39,17100.0,2100,Sell,230679692
2024-08-09 13:55:49,17100.0,500,Sell,230680097
2024-08-09 13:55:49,17100.0,900,Sell,230680094
2024-08-09 13:55:49,17100.0,400,Sell,230680095
2024-08-09 13:55:49,17100.0,200,Sell,230680096
2024-08-09 13:56:03,17100.0,2500,Sell,230680526
2024-08-09 13:56:03,17100.0,4500,Sell,230680525
2024-08-09 13:56:05,17100.0,500,Sell,230680596
2024-08-09 13:56:05,17100.0,500,Sell,230680594
2024-08-09 13:56:05,17100.0,2000,Sell,230680595
2024-08-09 13:56:09,17100.0,1000,Buy,230680726
2024-08-09 13:56:23,17100.0,500,Buy,230681404
2024-08-09 13:56:23,17100.0,1000,Buy,230681405
2024-08-09 13:56:24,17100.0,500,Buy,230681426
2024-08-09 13:56:26,17100.0,1000,Buy,230681502
2024-08-09 13:56:30,17100.0,1000,Buy,230681725
2024-08-09 13:56:30,17100.0,1000,Buy,230681723
2024-08-09 13:56:30,17100.0,12000,Buy,230681724
2024-08-09 13:56:30,17100.0,11000,Buy,230681721
2024-08-09 13:56:30,17100.0,2000,Buy,230681720
2024-08-09 13:56:30,17100.0,6900,Buy,230681722
2024-08-09 13:56:31,17100.0,8200,Sell,230681806
2024-08-09 13:56:32,17100.0,100,Sell,230681832
2024-08-09 13:56:37,17100.0,9800,Sell,230682124
2024-08-09 13:56:42,17100.0,200,Sell,230682297
2024-08-09 13:56:47,17150.0,300,Buy,230682453
2024-08-09 13:57:02,17150.0,300,Buy,230683375
2024-08-09 13:57:05,17150.0,500,Buy,230683440
2024-08-09 13:57:12,17150.0,100,Buy,230683715
2024-08-09 13:57:32,17100.0,100,Sell,230684347
2024-08-09 13:57:34,17150.0,8800,Buy,230684432
2024-08-09 13:57:34,17150.0,12000,Buy,230684444
2024-08-09 13:57:34,17150.0,100,Buy,230684443
2024-08-09 13:57:34,17150.0,500,Buy,230684442
2024-08-09 13:57:34,17150.0,100,Buy,230684440
2024-08-09 13:57:34,17150.0,300,Buy,230684439
2024-08-09 13:57:34,17150.0,100,Buy,230684441
2024-08-09 13:57:34,17150.0,3000,Buy,230684437
2024-08-09 13:57:34,17150.0,10000,Buy,230684436
2024-08-09 13:57:34,17150.0,2000,Buy,230684435
2024-08-09 13:57:34,17150.0,1000,Buy,230684434
2024-08-09 13:57:34,17150.0,2100,Buy,230684433
2024-08-09 13:57:34,17150.0,10000,Buy,230684438
2024-08-09 13:57:40,17150.0,3800,Buy,230684754
