time,price,volume,match_type,id
2024-07-31 09:14:41,18050.0,29000,ATO/ATC,227499013
2024-07-31 09:14:42,18100.0,200,Buy,227499112
2024-07-31 09:14:42,18050.0,100,Sell,227499110
2024-07-31 09:14:42,18100.0,200,Buy,227499111
2024-07-31 09:15:06,18000.0,16800,Sell,227499741
2024-07-31 09:15:06,18000.0,3000,Sell,227499740
2024-07-31 09:15:06,18000.0,5000,Sell,227499739
2024-07-31 09:15:06,18000.0,2000,Sell,227499738
2024-07-31 09:15:06,18000.0,25000,Sell,227499737
2024-07-31 09:15:06,18000.0,3000,Sell,227499736
2024-07-31 09:15:06,18000.0,100,Sell,227499735
2024-07-31 09:15:06,18000.0,5000,Sell,227499734
2024-07-31 09:15:06,18000.0,5000,Sell,227499733
2024-07-31 09:15:06,18000.0,5000,Sell,227499732
2024-07-31 09:15:06,18000.0,5000,Sell,227499731
2024-07-31 09:15:06,18000.0,6000,Sell,227499730
2024-07-31 09:15:06,18000.0,100,Sell,227499729
2024-07-31 09:15:06,18000.0,300,Sell,227499728
2024-07-31 09:15:06,18050.0,2200,Sell,227499712
2024-07-31 09:15:06,18000.0,100,Sell,227499726
2024-07-31 09:15:06,18050.0,4000,Sell,227499713
2024-07-31 09:15:06,18000.0,1000,Sell,227499714
2024-07-31 09:15:06,18000.0,1000,Sell,227499715
2024-07-31 09:15:06,18000.0,100,Sell,227499716
2024-07-31 09:15:06,18000.0,400,Sell,227499717
2024-07-31 09:15:06,18000.0,500,Sell,227499718
2024-07-31 09:15:06,18000.0,1800,Sell,227499727
2024-07-31 09:15:06,18000.0,1000,Sell,227499720
2024-07-31 09:15:06,18000.0,100,Sell,227499725
2024-07-31 09:15:06,18000.0,200,Sell,227499724
2024-07-31 09:15:06,18000.0,2000,Sell,227499719
2024-07-31 09:15:06,18000.0,100,Sell,227499722
2024-07-31 09:15:06,18000.0,4000,Sell,227499723
2024-07-31 09:15:06,18000.0,200,Sell,227499721
2024-07-31 09:15:52,18100.0,100,Buy,227501144
2024-07-31 09:17:08,18100.0,1000,Buy,227503850
2024-07-31 09:17:17,18100.0,700,Buy,227504339
2024-07-31 09:17:17,18100.0,200,Buy,227504340
2024-07-31 09:17:17,18100.0,1000,Buy,227504341
2024-07-31 09:17:17,18100.0,1000,Buy,227504342
2024-07-31 09:17:17,18100.0,2100,Buy,227504343
2024-07-31 09:17:30,18100.0,1000,Buy,227504850
2024-07-31 09:18:08,18100.0,400,Buy,227506050
2024-07-31 09:18:12,18100.0,1000,Buy,227506217
2024-07-31 09:18:56,18050.0,100,Sell,227507829
2024-07-31 09:18:56,18050.0,500,Sell,227507828
2024-07-31 09:18:56,18050.0,500,Sell,227507826
2024-07-31 09:18:56,18050.0,10000,Sell,227507825
2024-07-31 09:18:56,18050.0,200,Sell,227507827
2024-07-31 09:19:00,18000.0,1100,Sell,227507982
2024-07-31 09:19:00,18050.0,100,Buy,227508001
2024-07-31 09:19:00,18000.0,17200,Sell,227507986
2024-07-31 09:19:00,18000.0,5000,Sell,227507985
2024-07-31 09:19:00,18000.0,30000,Sell,227507984
2024-07-31 09:19:00,18000.0,500,Sell,227507983
2024-07-31 09:19:00,18000.0,1000,Sell,227507981
2024-07-31 09:19:00,18000.0,500,Sell,227507975
2024-07-31 09:19:00,18000.0,600,Sell,227507979
2024-07-31 09:19:00,18000.0,3000,Sell,227507978
2024-07-31 09:19:00,18000.0,10000,Sell,227507977
2024-07-31 09:19:00,18000.0,10000,Sell,227507976
2024-07-31 09:19:00,18000.0,3200,Sell,227507971
2024-07-31 09:19:00,18000.0,200,Sell,227507980
2024-07-31 09:19:00,18000.0,300,Sell,227507974
2024-07-31 09:19:07,18000.0,1400,Sell,227508230
2024-07-31 09:19:23,18050.0,100,Buy,227508825
2024-07-31 09:19:28,18000.0,100,Sell,227508996
2024-07-31 09:19:46,18050.0,1000,Buy,227509605
2024-07-31 09:19:47,18000.0,1800,Sell,227509642
2024-07-31 09:19:48,18000.0,1800,Sell,227509688
2024-07-31 09:20:00,18000.0,100,Sell,227510173
2024-07-31 09:20:11,18050.0,1000,Buy,227510498
2024-07-31 09:20:14,18000.0,5900,Sell,227510645
2024-07-31 09:20:14,18000.0,4100,Sell,227510644
2024-07-31 09:20:26,18000.0,200,Sell,227511057
2024-07-31 09:20:37,18000.0,200,Sell,227511490
2024-07-31 09:20:37,18000.0,200,Sell,227511501
2024-07-31 09:20:51,18000.0,200,Sell,227511969
2024-07-31 09:20:52,18000.0,5000,Sell,227512065
2024-07-31 09:21:00,18000.0,800,Sell,227512687
2024-07-31 09:21:01,18050.0,900,Buy,227512706
2024-07-31 09:21:56,18050.0,500,Buy,227514562
2024-07-31 09:22:30,18050.0,1000,Buy,227515580
2024-07-31 09:23:16,18050.0,100,Buy,227516686
2024-07-31 09:23:24,18050.0,1000,Buy,227516898
2024-07-31 09:23:36,18050.0,200,Buy,227517471
2024-07-31 09:23:47,18050.0,12800,Buy,227517833
2024-07-31 09:23:47,18050.0,5400,Buy,227517834
2024-07-31 09:23:47,18050.0,1800,Buy,227517835
2024-07-31 09:23:48,18050.0,100,Buy,227517846
2024-07-31 09:24:05,18050.0,1000,Buy,227518363
2024-07-31 09:24:32,18050.0,700,Buy,227519198
2024-07-31 09:24:49,18000.0,400,Sell,227519666
2024-07-31 09:24:49,18000.0,200,Sell,227519683
2024-07-31 09:24:49,18000.0,200,Sell,227519682
2024-07-31 09:24:49,18000.0,2500,Sell,227519665
2024-07-31 09:24:49,18000.0,500,Sell,227519680
2024-07-31 09:24:49,18000.0,1000,Sell,227519679
2024-07-31 09:24:49,18000.0,100,Sell,227519681
2024-07-31 09:24:49,18000.0,500,Sell,227519671
2024-07-31 09:24:49,18000.0,500,Sell,227519670
2024-07-31 09:24:49,18000.0,2000,Sell,227519669
2024-07-31 09:24:49,18000.0,2000,Sell,227519668
2024-07-31 09:24:49,18000.0,100,Sell,227519667
2024-07-31 09:24:49,18000.0,1000,Sell,227519672
2024-07-31 09:24:54,18050.0,5500,Buy,227519817
2024-07-31 09:24:56,18050.0,200,Buy,227519880
2024-07-31 09:25:07,18050.0,1800,Buy,227520185
2024-07-31 09:25:07,18050.0,1800,Buy,227520184
2024-07-31 09:25:07,18050.0,10000,Buy,227520183
2024-07-31 09:25:07,18050.0,1800,Buy,227520182
2024-07-31 09:25:07,18050.0,900,Buy,227520181
2024-07-31 09:25:07,18050.0,1800,Buy,227520179
2024-07-31 09:25:07,18050.0,3500,Buy,227520180
2024-07-31 09:25:07,18050.0,800,Buy,227520176
2024-07-31 09:25:07,18050.0,2500,Buy,227520177
2024-07-31 09:25:07,18050.0,1000,Buy,227520178
2024-07-31 09:25:18,18050.0,1000,Sell,227520493
2024-07-31 09:25:30,18050.0,10000,Sell,227520762
2024-07-31 09:25:37,18050.0,3100,Sell,227520899
2024-07-31 09:25:37,18050.0,1000,Sell,227520900
2024-07-31 09:26:03,18050.0,3000,Buy,227521534
2024-07-31 09:27:04,18050.0,900,Buy,227523402
2024-07-31 09:27:04,18050.0,100,Buy,227523403
2024-07-31 09:27:08,18050.0,2700,Buy,227523476
2024-07-31 09:27:28,18050.0,2000,Buy,227524158
2024-07-31 09:27:42,18000.0,300,Sell,227524478
2024-07-31 09:27:42,18000.0,1700,Sell,227524479
2024-07-31 09:28:46,18000.0,300,Sell,227526555
2024-07-31 09:28:46,18000.0,200,Sell,227526556
2024-07-31 09:28:56,18000.0,6300,Sell,227526900
2024-07-31 09:29:15,18050.0,20000,Buy,227527629
2024-07-31 09:29:30,18050.0,5000,Buy,227528559
2024-07-31 09:29:30,18050.0,5000,Buy,227528561
2024-07-31 09:29:30,18050.0,5000,Buy,227528560
2024-07-31 09:29:30,18050.0,2000,Buy,227528558
2024-07-31 09:29:30,18050.0,10000,Buy,227528556
2024-07-31 09:29:30,18050.0,200,Buy,227528553
2024-07-31 09:29:30,18050.0,100,Buy,227528557
2024-07-31 09:29:30,18050.0,4000,Buy,227528555
2024-07-31 09:29:30,18050.0,400,Buy,227528554
2024-07-31 09:29:37,18050.0,1000,Sell,227528781
2024-07-31 09:29:40,18100.0,1800,Buy,227528859
2024-07-31 09:29:53,18050.0,100,Sell,227529378
2024-07-31 09:30:00,18050.0,700,Sell,227529629
2024-07-31 09:30:32,18050.0,6500,Sell,227531025
2024-07-31 09:30:33,18050.0,3000,Sell,227531030
2024-07-31 09:30:33,18050.0,30000,Sell,227531031
2024-07-31 09:30:33,18050.0,100,Sell,227531032
2024-07-31 09:30:33,18050.0,300,Sell,227531033
2024-07-31 09:30:33,18050.0,2800,Sell,227531034
2024-07-31 09:30:33,18050.0,1000,Sell,227531029
2024-07-31 09:30:48,18050.0,500,Buy,227531483
2024-07-31 09:31:04,18050.0,25700,Buy,227531973
2024-07-31 09:31:04,18050.0,100,Buy,227531971
2024-07-31 09:31:10,18050.0,1000,Sell,227532157
2024-07-31 09:31:35,18050.0,1200,Sell,227532851
2024-07-31 09:31:44,18050.0,300,Sell,227533081
2024-07-31 09:31:52,18100.0,3000,Buy,227533281
2024-07-31 09:31:52,18100.0,3200,Buy,227533295
2024-07-31 09:31:52,18100.0,500,Buy,227533292
2024-07-31 09:31:52,18100.0,100,Buy,227533291
2024-07-31 09:31:52,18100.0,1600,Buy,227533280
2024-07-31 09:31:52,18100.0,100,Buy,227533288
2024-07-31 09:31:52,18100.0,7000,Buy,227533290
2024-07-31 09:31:52,18100.0,100,Buy,227533286
2024-07-31 09:31:52,18100.0,100,Buy,227533285
2024-07-31 09:31:52,18100.0,100,Buy,227533284
2024-07-31 09:31:52,18100.0,2500,Buy,227533283
2024-07-31 09:31:52,18100.0,1000,Buy,227533282
2024-07-31 09:31:52,18100.0,5000,Buy,227533287
2024-07-31 09:31:52,18100.0,700,Buy,227533289
2024-07-31 09:32:08,18050.0,600,Sell,227533808
2024-07-31 09:32:09,18050.0,3000,Sell,227533833
2024-07-31 09:32:09,18050.0,1200,Sell,227533830
2024-07-31 09:32:09,18050.0,1600,Sell,227533831
2024-07-31 09:32:09,18050.0,20000,Sell,227533832
2024-07-31 09:32:34,18050.0,1000,Buy,227534700
2024-07-31 09:32:57,18000.0,100,Sell,227535562
2024-07-31 09:33:22,18050.0,3000,Buy,227536340
2024-07-31 09:33:29,18050.0,9000,Buy,227536523
2024-07-31 09:34:06,18050.0,100,Buy,227537598
2024-07-31 09:34:10,18000.0,200,Sell,227537867
2024-07-31 09:34:10,18000.0,100,Sell,227537865
2024-07-31 09:34:10,18000.0,800,Sell,227537864
2024-07-31 09:34:10,18000.0,200,Sell,227537866
2024-07-31 09:34:10,18000.0,500,Sell,227537862
2024-07-31 09:34:10,18000.0,100,Sell,227537861
2024-07-31 09:34:10,18000.0,3400,Sell,227537860
2024-07-31 09:34:10,18000.0,100,Sell,227537863
2024-07-31 09:34:11,18050.0,200,Buy,227537930
2024-07-31 09:34:14,18050.0,700,Buy,227538042
2024-07-31 09:34:38,18050.0,100,Buy,227538851
2024-07-31 09:34:48,18050.0,2500,Buy,227539099
2024-07-31 09:35:07,18050.0,2000,Buy,227539674
2024-07-31 09:35:14,18050.0,5600,Buy,227539848
2024-07-31 09:35:14,18050.0,700,Buy,227539849
2024-07-31 09:35:23,18050.0,1000,Buy,227540147
2024-07-31 09:35:24,18050.0,500,Buy,227540187
2024-07-31 09:35:24,18050.0,8300,Buy,227540186
2024-07-31 09:35:41,18050.0,1600,Sell,227540823
2024-07-31 09:35:41,18050.0,2000,Sell,227540827
2024-07-31 09:35:41,18050.0,500,Sell,227540826
2024-07-31 09:35:41,18050.0,1200,Sell,227540822
2024-07-31 09:35:41,18050.0,500,Sell,227540824
2024-07-31 09:35:41,18050.0,100,Sell,227540825
2024-07-31 09:35:51,18050.0,200,Buy,227541193
2024-07-31 09:36:09,18050.0,1000,Buy,227541580
2024-07-31 09:36:17,18050.0,5000,Buy,227541854
2024-07-31 09:36:19,18050.0,400,Buy,227541935
2024-07-31 09:36:19,18050.0,600,Buy,227541936
2024-07-31 09:36:27,18050.0,1000,Buy,227542185
2024-07-31 09:37:02,18050.0,1000,Buy,227543135
2024-07-31 09:37:28,18050.0,3000,Buy,227543869
2024-07-31 09:37:29,18050.0,200,Buy,227543907
2024-07-31 09:37:35,18050.0,900,Buy,227544099
2024-07-31 09:37:36,18050.0,13300,Buy,227544148
2024-07-31 09:37:41,18050.0,6700,Sell,227544321
2024-07-31 09:37:48,18050.0,1000,Buy,227544482
2024-07-31 09:37:49,18050.0,10000,Buy,227544528
2024-07-31 09:37:54,18050.0,700,Buy,227544630
2024-07-31 09:37:54,18050.0,1000,Buy,227544623
2024-07-31 09:37:59,18000.0,100,Sell,227544749
2024-07-31 09:38:00,18050.0,20000,Buy,227544847
2024-07-31 09:38:14,18050.0,200,Buy,227545309
2024-07-31 09:38:14,18050.0,500,Buy,227545312
2024-07-31 09:38:18,18050.0,100,Buy,227545426
2024-07-31 09:38:21,18050.0,1000,Buy,227545561
2024-07-31 09:38:25,18050.0,1000,Buy,227545688
2024-07-31 09:38:25,18050.0,5000,Buy,227545723
2024-07-31 09:38:26,18050.0,2800,Buy,227545751
2024-07-31 09:38:32,18050.0,100,Buy,227545917
2024-07-31 09:38:32,18050.0,1000,Buy,227545915
2024-07-31 09:38:32,18050.0,700,Buy,227545916
2024-07-31 09:38:33,18050.0,19900,Sell,227545963
2024-07-31 09:38:39,18050.0,1500,Buy,227546103
2024-07-31 09:38:40,18050.0,17500,Buy,227546159
2024-07-31 09:38:45,18050.0,5600,Buy,227546291
2024-07-31 09:38:46,18050.0,5500,Buy,227546304
2024-07-31 09:38:46,18100.0,100,Buy,227546337
2024-07-31 09:38:59,18050.0,4500,Sell,227546719
2024-07-31 09:38:59,18050.0,300,Sell,227546720
2024-07-31 09:39:02,18050.0,5000,Buy,227546818
2024-07-31 09:39:07,18050.0,200,Buy,227547107
2024-07-31 09:39:34,18050.0,900,Sell,227547942
2024-07-31 09:39:34,18050.0,9800,Sell,227547941
2024-07-31 09:39:37,18050.0,3000,Sell,227548004
2024-07-31 09:39:37,18050.0,300,Sell,227548006
2024-07-31 09:39:37,18050.0,9100,Sell,227548003
2024-07-31 09:39:37,18050.0,1300,Sell,227548005
2024-07-31 09:39:40,18050.0,1000,Buy,227548203
2024-07-31 09:39:43,18050.0,20000,Buy,227548267
2024-07-31 09:39:47,18050.0,10000,Buy,227548387
2024-07-31 09:39:59,18050.0,5000,Buy,227548829
2024-07-31 09:40:01,18050.0,300,Buy,227548905
2024-07-31 09:40:01,18050.0,200,Buy,227548906
2024-07-31 09:40:01,18050.0,1300,Buy,227548908
2024-07-31 09:40:01,18050.0,200,Buy,227548907
2024-07-31 09:40:04,18000.0,700,Sell,227549043
2024-07-31 09:40:04,18000.0,100,Sell,227549044
2024-07-31 09:40:06,18050.0,200,Buy,227549157
2024-07-31 09:40:21,18050.0,300,Buy,227549628
2024-07-31 09:40:21,18050.0,700,Buy,227549629
2024-07-31 09:40:36,18050.0,100,Buy,227550044
2024-07-31 09:41:02,18050.0,200,Buy,227551015
2024-07-31 09:41:10,18050.0,9200,Buy,227551315
2024-07-31 09:41:10,18050.0,800,Buy,227551314
2024-07-31 09:41:16,18000.0,2900,Sell,227551552
2024-07-31 09:41:16,18050.0,2000,Buy,227551553
2024-07-31 09:41:17,18050.0,3000,Buy,227551587
2024-07-31 09:41:22,18050.0,100,Buy,227551742
2024-07-31 09:41:23,18050.0,700,Buy,227551816
2024-07-31 09:41:24,18050.0,200,Buy,227551841
2024-07-31 09:41:25,18050.0,10000,Buy,227551895
2024-07-31 09:41:25,18000.0,100,Sell,227551884
2024-07-31 09:41:25,18000.0,100,Sell,227551883
2024-07-31 09:41:25,18000.0,1000,Sell,227551882
2024-07-31 09:41:25,18000.0,1000,Sell,227551880
2024-07-31 09:41:25,18000.0,300,Sell,227551879
2024-07-31 09:41:25,18000.0,500,Sell,227551878
2024-07-31 09:41:25,18000.0,2000,Sell,227551877
2024-07-31 09:41:25,18000.0,5000,Sell,227551881
2024-07-31 09:41:28,18050.0,100,Buy,227551966
2024-07-31 09:41:32,18050.0,700,Buy,227552054
2024-07-31 09:41:34,18050.0,400,Buy,227552134
2024-07-31 09:41:34,18050.0,100,Buy,227552141
2024-07-31 09:41:49,18050.0,1000,Buy,227552621
2024-07-31 09:41:50,18050.0,300,Buy,227552684
2024-07-31 09:42:01,18050.0,500,Buy,227553024
2024-07-31 09:42:02,18050.0,5000,Buy,227553064
2024-07-31 09:42:04,18050.0,300,Buy,227553124
2024-07-31 09:42:17,18050.0,2000,Buy,227553510
2024-07-31 09:42:31,18050.0,2500,Buy,227553875
2024-07-31 09:42:34,18000.0,900,Sell,227553949
2024-07-31 09:42:34,18000.0,1000,Sell,227553950
2024-07-31 09:42:34,18000.0,1000,Sell,227553951
2024-07-31 09:42:40,18050.0,200,Buy,227554210
2024-07-31 09:42:42,18050.0,5000,Buy,227554267
2024-07-31 09:42:45,18050.0,5000,Buy,227554334
2024-07-31 09:42:47,18050.0,900,Buy,227554408
2024-07-31 09:42:49,18050.0,600,Buy,227554457
2024-07-31 09:42:49,18050.0,1800,Buy,227554455
2024-07-31 09:42:49,18050.0,1800,Buy,227554456
2024-07-31 09:42:49,18050.0,800,Buy,227554454
2024-07-31 09:42:54,18000.0,2900,Sell,227554583
2024-07-31 09:42:56,18050.0,500,Buy,227554763
2024-07-31 09:43:01,18050.0,500,Buy,227554969
2024-07-31 09:43:09,18050.0,1000,Buy,227555189
2024-07-31 09:43:14,18050.0,1000,Buy,227555287
2024-07-31 09:43:16,18050.0,500,Buy,227555346
2024-07-31 09:43:17,18050.0,1100,Buy,227555359
2024-07-31 09:43:17,18050.0,900,Buy,227555358
2024-07-31 09:43:18,18050.0,100,Buy,227555412
2024-07-31 09:43:18,18000.0,1500,Sell,227555395
2024-07-31 09:43:18,18050.0,100,Buy,227555396
2024-07-31 09:43:24,18050.0,4100,Buy,227555579
2024-07-31 09:43:24,18050.0,900,Buy,227555580
2024-07-31 09:43:27,18050.0,3000,Buy,227555659
2024-07-31 09:43:33,18050.0,100,Buy,227555798
2024-07-31 09:43:34,18050.0,500,Buy,227555827
2024-07-31 09:43:35,18000.0,3700,Sell,227555892
2024-07-31 09:43:37,18000.0,1000,Sell,227556038
2024-07-31 09:43:37,18000.0,1900,Sell,227556037
2024-07-31 09:43:56,18000.0,200,Sell,227556555
2024-07-31 09:44:17,18050.0,500,Buy,227557152
2024-07-31 09:44:28,18050.0,1800,Buy,227557554
2024-07-31 09:44:28,18050.0,100,Buy,227557555
2024-07-31 09:44:28,18050.0,5400,Buy,227557556
2024-07-31 09:44:28,18050.0,2000,Buy,227557557
2024-07-31 09:44:28,18050.0,200,Buy,227557558
2024-07-31 09:44:28,18050.0,500,Buy,227557559
2024-07-31 09:44:35,18050.0,1800,Buy,227557765
2024-07-31 09:44:35,18050.0,2000,Buy,227557762
2024-07-31 09:44:35,18050.0,1300,Buy,227557761
2024-07-31 09:44:35,18050.0,1000,Buy,227557763
2024-07-31 09:44:47,18050.0,5000,Sell,227558168
2024-07-31 09:44:50,18050.0,900,Sell,227558197
2024-07-31 09:44:50,18050.0,600,Sell,227558198
2024-07-31 09:44:50,18050.0,8000,Sell,227558199
2024-07-31 09:44:50,18050.0,1400,Sell,227558200
2024-07-31 09:45:37,18050.0,900,Buy,227559294
2024-07-31 09:46:03,18050.0,500,Buy,227559988
2024-07-31 09:46:06,18050.0,5000,Buy,227560106
2024-07-31 09:46:12,18050.0,1000,Buy,227560225
2024-07-31 09:46:29,18050.0,500,Buy,227560511
2024-07-31 09:46:34,18050.0,12300,Buy,227560595
2024-07-31 09:46:56,18050.0,200,Buy,227561050
2024-07-31 09:46:57,18050.0,18700,Buy,227561053
2024-07-31 09:46:57,18050.0,1300,Buy,227561054
2024-07-31 09:47:21,18050.0,7000,Buy,227561644
2024-07-31 09:47:45,18050.0,1000,Buy,227562189
2024-07-31 09:48:06,18050.0,700,Buy,227562617
2024-07-31 09:48:06,18050.0,200,Buy,227562618
2024-07-31 09:48:27,18050.0,200,Buy,227563058
2024-07-31 09:48:27,18000.0,400,Sell,227563056
2024-07-31 09:48:27,18000.0,3800,Sell,227563055
2024-07-31 09:48:27,18000.0,5800,Sell,227563057
2024-07-31 09:48:30,18050.0,200,Buy,227563101
2024-07-31 09:48:32,18050.0,1400,Buy,227563146
2024-07-31 09:48:32,18050.0,400,Buy,227563147
2024-07-31 09:48:39,18050.0,100,Buy,227563243
2024-07-31 09:48:47,18050.0,100,Buy,227563351
2024-07-31 09:48:47,18050.0,200,Buy,227563350
2024-07-31 09:48:47,18050.0,3000,Buy,227563349
2024-07-31 09:48:47,18050.0,100,Buy,227563347
2024-07-31 09:48:47,18050.0,100,Buy,227563346
2024-07-31 09:48:47,18050.0,1300,Buy,227563345
2024-07-31 09:48:47,18050.0,500,Buy,227563348
2024-07-31 09:49:37,18050.0,1400,Sell,227564388
2024-07-31 09:49:44,18050.0,1700,Sell,227564514
2024-07-31 09:49:53,18100.0,200,Buy,227564742
2024-07-31 09:50:16,18100.0,200,Buy,227565314
2024-07-31 09:50:52,18100.0,100,Buy,227566072
2024-07-31 09:51:45,18100.0,1000,Buy,227567238
2024-07-31 09:51:45,18100.0,300,Buy,227567237
2024-07-31 09:51:45,18100.0,1000,Buy,227567239
2024-07-31 09:51:45,18100.0,1300,Buy,227567235
2024-07-31 09:51:45,18100.0,5400,Buy,227567234
2024-07-31 09:51:45,18100.0,100,Buy,227567236
2024-07-31 09:51:45,18100.0,1600,Buy,227567233
2024-07-31 09:52:10,18100.0,100,Buy,227567647
2024-07-31 09:52:26,18100.0,900,Buy,227567992
2024-07-31 09:52:26,18100.0,400,Buy,227567993
2024-07-31 09:52:26,18100.0,300,Buy,227567994
2024-07-31 09:52:31,18050.0,300,Sell,227568193
2024-07-31 09:52:31,18050.0,1000,Sell,227568194
2024-07-31 09:52:31,18100.0,100,Buy,227568191
2024-07-31 09:52:31,18050.0,1600,Sell,227568192
2024-07-31 09:52:48,18050.0,2600,Sell,227568540
2024-07-31 09:52:48,18050.0,1000,Sell,227568539
2024-07-31 09:52:54,18100.0,900,Buy,227568683
2024-07-31 09:53:00,18050.0,500,Sell,227568866
2024-07-31 09:53:01,18050.0,6900,Sell,227568909
2024-07-31 09:53:01,18050.0,100,Sell,227568910
2024-07-31 09:53:01,18050.0,1500,Sell,227568911
2024-07-31 09:53:01,18050.0,1400,Sell,227568912
2024-07-31 09:53:33,18050.0,100,Sell,227569560
2024-07-31 09:54:30,18050.0,500,Sell,227570595
2024-07-31 09:54:49,18100.0,200,Buy,227570966
2024-07-31 09:54:49,18100.0,100,Buy,227570965
2024-07-31 09:54:49,18100.0,200,Buy,227570962
2024-07-31 09:54:49,18100.0,700,Buy,227570963
2024-07-31 09:54:49,18100.0,100,Buy,227570964
2024-07-31 09:54:49,18100.0,8700,Buy,227570961
2024-07-31 09:55:17,18100.0,1000,Buy,227571676
2024-07-31 09:55:17,18100.0,300,Buy,227571672
2024-07-31 09:55:17,18100.0,100,Buy,227571673
2024-07-31 09:55:17,18100.0,500,Buy,227571674
2024-07-31 09:55:17,18100.0,200,Buy,227571675
2024-07-31 09:55:30,18100.0,300,Buy,227571980
2024-07-31 09:55:31,18050.0,500,Sell,227572000
2024-07-31 09:55:31,18050.0,1500,Sell,227572001
2024-07-31 09:55:31,18050.0,8000,Sell,227571999
2024-07-31 09:55:58,18100.0,300,Buy,227572555
2024-07-31 09:56:03,18050.0,300,Sell,227572726
2024-07-31 09:56:14,18050.0,100,Sell,227572945
2024-07-31 09:56:21,18050.0,500,Sell,227573145
2024-07-31 09:56:30,18050.0,200,Sell,227573369
2024-07-31 09:56:33,18050.0,100,Sell,227573411
2024-07-31 09:56:33,18050.0,1400,Sell,227573412
2024-07-31 09:56:33,18050.0,400,Sell,227573409
2024-07-31 09:56:33,18050.0,2000,Sell,227573410
2024-07-31 09:56:35,18050.0,600,Sell,227573557
2024-07-31 09:56:35,18050.0,100,Sell,227573558
2024-07-31 09:56:35,18050.0,4700,Sell,227573559
2024-07-31 09:56:38,18050.0,1000,Sell,227573679
2024-07-31 09:56:43,18100.0,100,Buy,227573783
2024-07-31 09:56:43,18100.0,3300,Buy,227573786
2024-07-31 09:56:43,18100.0,1800,Buy,227573785
2024-07-31 09:56:43,18100.0,100,Buy,227573784
2024-07-31 09:56:43,18100.0,200,Buy,227573782
2024-07-31 09:56:43,18100.0,200,Buy,227573779
2024-07-31 09:56:43,18100.0,200,Buy,227573780
2024-07-31 09:56:43,18100.0,2400,Buy,227573776
2024-07-31 09:56:43,18100.0,1000,Buy,227573778
2024-07-31 09:56:43,18100.0,100,Buy,227573777
2024-07-31 09:56:43,18100.0,600,Buy,227573781
2024-07-31 09:56:55,18050.0,3900,Sell,227574066
2024-07-31 09:57:12,18050.0,3600,Sell,227574558
2024-07-31 09:57:33,18050.0,500,Sell,227574997
2024-07-31 09:57:33,18050.0,5000,Sell,227574999
2024-07-31 09:57:45,18050.0,500,Sell,227575213
2024-07-31 09:57:45,18050.0,2000,Sell,227575212
2024-07-31 09:57:45,18050.0,100,Sell,227575211
2024-07-31 09:57:45,18050.0,500,Sell,227575210
2024-07-31 09:57:45,18050.0,500,Sell,227575209
2024-07-31 09:57:45,18050.0,800,Sell,227575214
2024-07-31 09:57:45,18050.0,100,Sell,227575207
2024-07-31 09:57:45,18050.0,1500,Sell,227575206
2024-07-31 09:57:45,18050.0,700,Sell,227575205
2024-07-31 09:57:45,18050.0,1000,Sell,227575204
2024-07-31 09:57:45,18050.0,1300,Sell,227575203
2024-07-31 09:57:45,18050.0,1000,Sell,227575208
2024-07-31 09:58:05,18050.0,100,Sell,227575557
2024-07-31 09:58:13,18100.0,500,Buy,227575709
2024-07-31 09:58:52,18100.0,600,Buy,227576703
2024-07-31 09:59:00,18100.0,200,Buy,227576834
2024-07-31 09:59:04,18100.0,500,Buy,227576917
2024-07-31 09:59:04,18100.0,300,Buy,227576923
2024-07-31 10:00:12,18050.0,200,Sell,227578636
2024-07-31 10:00:12,18050.0,500,Sell,227578635
2024-07-31 10:00:12,18100.0,500,Buy,227578631
2024-07-31 10:00:12,18050.0,100,Sell,227578633
2024-07-31 10:00:12,18050.0,100,Sell,227578632
2024-07-31 10:00:12,18050.0,100,Sell,227578634
2024-07-31 10:00:37,18100.0,200,Buy,227579228
2024-07-31 10:00:46,18050.0,2500,Sell,227579689
2024-07-31 10:00:56,18050.0,200,Sell,227579969
2024-07-31 10:01:27,18050.0,700,Sell,227580561
2024-07-31 10:01:35,18050.0,800,Sell,227580746
2024-07-31 10:01:35,18050.0,100,Sell,227580744
2024-07-31 10:01:35,18050.0,1000,Sell,227580745
2024-07-31 10:01:35,18050.0,20600,Sell,227580741
2024-07-31 10:01:35,18050.0,500,Sell,227580743
2024-07-31 10:01:35,18050.0,3000,Sell,227580742
2024-07-31 10:01:44,18050.0,700,Sell,227580956
2024-07-31 10:01:44,18050.0,4100,Sell,227580967
2024-07-31 10:02:21,18050.0,400,Sell,227581611
2024-07-31 10:02:32,18050.0,10000,Sell,227581781
2024-07-31 10:02:35,18050.0,2300,Sell,227581871
2024-07-31 10:02:35,18050.0,1000,Sell,227581868
2024-07-31 10:02:35,18050.0,800,Sell,227581867
2024-07-31 10:02:35,18050.0,800,Sell,227581870
2024-07-31 10:02:35,18050.0,3000,Sell,227581865
2024-07-31 10:02:35,18050.0,100,Sell,227581864
2024-07-31 10:02:35,18050.0,9000,Sell,227581863
2024-07-31 10:02:35,18050.0,1000,Sell,227581866
2024-07-31 10:02:35,18050.0,2000,Sell,227581869
2024-07-31 10:02:55,18100.0,2000,Buy,227582224
2024-07-31 10:03:11,18100.0,200,Buy,227582597
2024-07-31 10:03:11,18100.0,800,Buy,227582598
2024-07-31 10:03:23,18100.0,300,Buy,227582912
2024-07-31 10:03:40,18100.0,500,Buy,227583380
2024-07-31 10:04:09,18100.0,200,Buy,227584010
2024-07-31 10:04:09,18100.0,10000,Buy,227584011
2024-07-31 10:04:09,18100.0,200,Buy,227584012
2024-07-31 10:04:09,18100.0,1100,Buy,227584013
2024-07-31 10:04:10,18100.0,1000,Buy,227584029
2024-07-31 10:04:13,18100.0,500,Buy,227584098
2024-07-31 10:04:18,18100.0,2000,Buy,227584285
2024-07-31 10:04:35,18100.0,100,Buy,227584646
2024-07-31 10:04:37,18050.0,100,Sell,227584662
2024-07-31 10:04:37,18100.0,100,Buy,227584663
2024-07-31 10:05:02,18100.0,1700,Buy,227585190
2024-07-31 10:05:06,18100.0,3500,Buy,227585296
2024-07-31 10:05:06,18100.0,800,Buy,227585297
2024-07-31 10:05:06,18100.0,13800,Buy,227585298
2024-07-31 10:05:06,18100.0,900,Buy,227585299
2024-07-31 10:05:09,18100.0,100,Buy,227585385
2024-07-31 10:05:11,18100.0,700,Buy,227585429
2024-07-31 10:05:11,18100.0,600,Buy,227585430
2024-07-31 10:05:11,18100.0,1800,Buy,227585437
2024-07-31 10:05:11,18100.0,3000,Buy,227585438
2024-07-31 10:05:11,18100.0,100,Buy,227585439
2024-07-31 10:05:11,18100.0,1800,Buy,227585440
2024-07-31 10:05:11,18100.0,1500,Buy,227585444
2024-07-31 10:05:11,18100.0,500,Buy,227585441
2024-07-31 10:05:11,18100.0,1800,Buy,227585442
2024-07-31 10:05:11,18100.0,5000,Buy,227585443
2024-07-31 10:05:11,18100.0,5000,Buy,227585445
2024-07-31 10:05:11,18100.0,1800,Buy,227585446
2024-07-31 10:05:11,18100.0,1800,Buy,227585447
2024-07-31 10:05:11,18100.0,100,Buy,227585428
2024-07-31 10:05:11,18100.0,10700,Buy,227585427
2024-07-31 10:05:11,18100.0,12000,Buy,227585417
2024-07-31 10:05:11,18100.0,1800,Buy,227585425
2024-07-31 10:05:11,18100.0,9000,Buy,227585410
2024-07-31 10:05:11,18100.0,1800,Buy,227585411
2024-07-31 10:05:11,18100.0,500,Buy,227585426
2024-07-31 10:05:11,18100.0,1000,Buy,227585414
2024-07-31 10:05:11,18100.0,1600,Buy,227585415
2024-07-31 10:05:11,18100.0,1000,Buy,227585416
2024-07-31 10:05:11,18100.0,100,Buy,227585412
2024-07-31 10:05:11,18100.0,1800,Buy,227585419
2024-07-31 10:05:11,18100.0,1800,Buy,227585418
2024-07-31 10:05:11,18100.0,5000,Buy,227585424
2024-07-31 10:05:11,18100.0,5000,Buy,227585423
2024-07-31 10:05:11,18100.0,200,Buy,227585413
2024-07-31 10:05:11,18100.0,1800,Buy,227585421
2024-07-31 10:05:11,18100.0,1000,Buy,227585420
2024-07-31 10:05:11,18100.0,500,Buy,227585422
2024-07-31 10:05:12,18150.0,200,Buy,227585461
2024-07-31 10:05:12,18150.0,1600,Buy,227585463
2024-07-31 10:05:12,18150.0,200,Buy,227585462
2024-07-31 10:05:21,18150.0,10000,Buy,227585620
2024-07-31 10:05:22,18150.0,1000,Buy,227585655
2024-07-31 10:05:22,18150.0,800,Buy,227585649
2024-07-31 10:05:22,18150.0,500,Buy,227585650
2024-07-31 10:05:22,18150.0,1000,Buy,227585652
2024-07-31 10:05:22,18150.0,5000,Buy,227585653
2024-07-31 10:05:22,18150.0,100,Buy,227585654
2024-07-31 10:05:22,18150.0,800,Buy,227585648
2024-07-31 10:05:22,18150.0,500,Buy,227585658
2024-07-31 10:05:22,18150.0,1000,Buy,227585659
2024-07-31 10:05:22,18150.0,500,Buy,227585660
2024-07-31 10:05:22,18150.0,6000,Buy,227585661
2024-07-31 10:05:22,18150.0,1000,Buy,227585662
2024-07-31 10:05:22,18150.0,1000,Buy,227585657
2024-07-31 10:05:22,18150.0,23000,Buy,227585647
2024-07-31 10:05:22,18150.0,500,Buy,227585656
2024-07-31 10:05:22,18150.0,400,Buy,227585645
2024-07-31 10:05:22,18150.0,2000,Buy,227585646
2024-07-31 10:05:22,18150.0,3400,Buy,227585631
2024-07-31 10:05:22,18150.0,1000,Buy,227585632
2024-07-31 10:05:22,18150.0,1000,Buy,227585633
2024-07-31 10:05:22,18150.0,2000,Buy,227585634
2024-07-31 10:05:22,18150.0,1000,Buy,227585635
2024-07-31 10:05:22,18150.0,100,Buy,227585636
2024-07-31 10:05:22,18150.0,300,Buy,227585637
2024-07-31 10:05:22,18150.0,200,Buy,227585651
2024-07-31 10:05:22,18150.0,1000,Buy,227585639
2024-07-31 10:05:22,18150.0,900,Buy,227585643
2024-07-31 10:05:22,18150.0,400,Buy,227585642
2024-07-31 10:05:22,18150.0,1000,Buy,227585644
2024-07-31 10:05:22,18150.0,100,Buy,227585641
2024-07-31 10:05:22,18150.0,1000,Buy,227585638
2024-07-31 10:05:22,18150.0,100,Buy,227585640
2024-07-31 10:05:25,18200.0,200,Buy,227585724
2024-07-31 10:05:25,18200.0,200,Buy,227585725
2024-07-31 10:05:25,18200.0,100,Buy,227585726
2024-07-31 10:05:25,18200.0,200,Buy,227585727
2024-07-31 10:05:25,18200.0,1000,Buy,227585728
2024-07-31 10:05:25,18200.0,1800,Buy,227585729
2024-07-31 10:05:25,18200.0,1000,Buy,227585731
2024-07-31 10:05:25,18200.0,100,Buy,227585732
2024-07-31 10:05:25,18200.0,100,Buy,227585733
2024-07-31 10:05:25,18200.0,15900,Buy,227585734
2024-07-31 10:05:25,18150.0,1600,Sell,227585736
2024-07-31 10:05:25,18100.0,800,Sell,227585737
2024-07-31 10:05:25,18200.0,100,Buy,227585730
2024-07-31 10:05:27,18150.0,2000,Sell,227585863
2024-07-31 10:05:28,18150.0,6300,Sell,227585878
2024-07-31 10:05:28,18150.0,3700,Sell,227585877
2024-07-31 10:05:35,18150.0,200,Sell,227586085
2024-07-31 10:05:35,18150.0,1800,Sell,227586086
2024-07-31 10:05:37,18150.0,1200,Sell,227586153
2024-07-31 10:05:37,18150.0,200,Sell,227586154
2024-07-31 10:05:37,18150.0,500,Sell,227586155
2024-07-31 10:05:38,18150.0,8100,Buy,227586170
2024-07-31 10:05:40,18100.0,4200,Sell,227586310
2024-07-31 10:05:45,18150.0,100,Sell,227586488
2024-07-31 10:05:52,18150.0,2300,Buy,227586669
2024-07-31 10:05:52,18150.0,100,Sell,227586643
2024-07-31 10:05:52,18150.0,2400,Sell,227586640
2024-07-31 10:05:52,18150.0,200,Sell,227586641
2024-07-31 10:05:52,18150.0,5000,Sell,227586642
2024-07-31 10:05:53,18100.0,3700,Sell,227586721
2024-07-31 10:05:54,18150.0,500,Buy,227586744
2024-07-31 10:05:56,18150.0,1500,Buy,227586807
2024-07-31 10:06:07,18150.0,300,Sell,227587131
2024-07-31 10:06:07,18100.0,1500,Sell,227587132
2024-07-31 10:06:07,18150.0,1000,Sell,227587129
2024-07-31 10:06:07,18150.0,1100,Sell,227587128
2024-07-31 10:06:07,18150.0,100,Sell,227587130
2024-07-31 10:06:15,18150.0,2000,Buy,227587445
2024-07-31 10:06:17,18100.0,4000,Sell,227587530
2024-07-31 10:06:17,18100.0,1000,Sell,227587529
2024-07-31 10:06:17,18100.0,1000,Sell,227587528
2024-07-31 10:06:17,18100.0,6000,Sell,227587527
2024-07-31 10:06:17,18100.0,1000,Sell,227587526
2024-07-31 10:06:17,18100.0,1000,Sell,227587525
2024-07-31 10:06:17,18100.0,500,Sell,227587523
2024-07-31 10:06:17,18100.0,800,Sell,227587522
2024-07-31 10:06:17,18100.0,100,Sell,227587521
2024-07-31 10:06:17,18100.0,5000,Sell,227587520
2024-07-31 10:06:17,18100.0,1000,Sell,227587519
2024-07-31 10:06:17,18100.0,1000,Sell,227587524
2024-07-31 10:06:17,18100.0,6000,Sell,227587517
2024-07-31 10:06:17,18100.0,400,Sell,227587518
2024-07-31 10:06:17,18100.0,7700,Sell,227587496
2024-07-31 10:06:17,18100.0,10000,Sell,227587508
2024-07-31 10:06:17,18100.0,10000,Sell,227587509
2024-07-31 10:06:17,18100.0,20000,Sell,227587510
2024-07-31 10:06:17,18150.0,1000,Buy,227587486
2024-07-31 10:06:17,18100.0,500,Sell,227587512
2024-07-31 10:06:17,18100.0,1000,Sell,227587513
2024-07-31 10:06:17,18100.0,200,Sell,227587514
2024-07-31 10:06:17,18100.0,10000,Sell,227587515
2024-07-31 10:06:17,18100.0,30000,Sell,227587511
2024-07-31 10:06:17,18100.0,1000,Sell,227587516
2024-07-31 10:06:18,18100.0,1000,Buy,227587543
2024-07-31 10:06:22,18100.0,300,Buy,227587737
2024-07-31 10:06:27,18050.0,200,Sell,227587847
2024-07-31 10:06:27,18050.0,100,Sell,227587848
2024-07-31 10:06:27,18100.0,1000,Buy,227587855
2024-07-31 10:06:27,18100.0,200,Buy,227587871
2024-07-31 10:06:27,18050.0,600,Sell,227587846
2024-07-31 10:06:27,18050.0,100,Sell,227587849
2024-07-31 10:06:28,18100.0,9000,Buy,227587903
2024-07-31 10:06:30,18100.0,100,Buy,227587980
2024-07-31 10:06:32,18100.0,400,Buy,227588019
2024-07-31 10:06:40,18100.0,500,Buy,227588201
2024-07-31 10:06:45,18100.0,200,Buy,227588310
2024-07-31 10:06:47,18100.0,200,Buy,227588361
2024-07-31 10:06:48,18150.0,200,Buy,227588392
2024-07-31 10:06:48,18150.0,400,Buy,227588391
2024-07-31 10:06:48,18100.0,1800,Buy,227588386
2024-07-31 10:06:48,18100.0,173100,Buy,227588385
2024-07-31 10:06:48,18150.0,700,Buy,227588387
2024-07-31 10:07:13,18150.0,1100,Buy,227588934
2024-07-31 10:07:13,18150.0,2000,Buy,227588935
2024-07-31 10:07:13,18150.0,900,Buy,227588936
2024-07-31 10:07:20,18150.0,200,Buy,227589073
2024-07-31 10:07:21,18150.0,2000,Buy,227589080
2024-07-31 10:07:24,18150.0,1500,Buy,227589209
2024-07-31 10:07:35,18150.0,5000,Buy,227589413
2024-07-31 10:07:38,18150.0,500,Buy,227589461
2024-07-31 10:07:40,18150.0,2000,Buy,227589499
2024-07-31 10:07:41,18150.0,500,Buy,227589506
2024-07-31 10:07:45,18150.0,1400,Buy,227589591
2024-07-31 10:07:46,18150.0,1000,Buy,227589630
2024-07-31 10:07:48,18150.0,2000,Buy,227589697
2024-07-31 10:07:49,18150.0,1800,Buy,227589796
2024-07-31 10:07:49,18150.0,2200,Buy,227589797
2024-07-31 10:07:49,18150.0,10000,Buy,227589794
2024-07-31 10:07:49,18150.0,3000,Buy,227589793
2024-07-31 10:07:49,18150.0,3000,Buy,227589795
2024-07-31 10:07:52,18150.0,1000,Buy,227589884
2024-07-31 10:07:53,18150.0,200,Buy,227589894
2024-07-31 10:07:55,18150.0,2000,Buy,227589927
2024-07-31 10:07:55,18150.0,100,Buy,227589928
2024-07-31 10:07:55,18150.0,7900,Buy,227589929
2024-07-31 10:07:55,18150.0,200,Buy,227589930
2024-07-31 10:07:55,18150.0,2000,Buy,227589936
2024-07-31 10:07:57,18150.0,5400,Buy,227589966
2024-07-31 10:07:57,18150.0,400,Buy,227589967
2024-07-31 10:07:57,18150.0,100,Buy,227589965
2024-07-31 10:07:57,18150.0,2000,Buy,227589961
2024-07-31 10:07:57,18150.0,100,Buy,227589963
2024-07-31 10:07:57,18150.0,300,Buy,227589964
2024-07-31 10:07:57,18150.0,9900,Buy,227589960
2024-07-31 10:07:57,18150.0,1800,Buy,227589962
2024-07-31 10:07:58,18150.0,100,Buy,227589995
2024-07-31 10:08:02,18150.0,1300,Buy,227590067
2024-07-31 10:08:02,18150.0,100,Buy,227590072
2024-07-31 10:08:04,18150.0,1100,Buy,227590105
2024-07-31 10:08:04,18200.0,500,Buy,227590111
2024-07-31 10:08:07,18150.0,1100,Sell,227590174
2024-07-31 10:08:07,18150.0,28900,Sell,227590173
2024-07-31 10:08:18,18150.0,200,Sell,227590427
2024-07-31 10:08:21,18200.0,500,Buy,227590509
2024-07-31 10:08:30,18150.0,2000,Sell,227590700
2024-07-31 10:08:34,18200.0,4000,Buy,227590778
2024-07-31 10:08:41,18200.0,500,Buy,227590876
2024-07-31 10:08:43,18150.0,1200,Sell,227590960
2024-07-31 10:08:54,18150.0,100,Sell,227591149
2024-07-31 10:09:19,18150.0,100,Sell,227591693
2024-07-31 10:09:19,18150.0,400,Sell,227591688
2024-07-31 10:09:20,18150.0,200,Sell,227591709
2024-07-31 10:09:34,18200.0,1000,Buy,227592009
2024-07-31 10:09:35,18150.0,2900,Sell,227592029
2024-07-31 10:09:35,18200.0,200,Buy,227592013
2024-07-31 10:09:36,18150.0,100,Sell,227592087
2024-07-31 10:09:42,18150.0,4200,Sell,227592289
2024-07-31 10:09:43,18150.0,300,Sell,227592326
2024-07-31 10:09:57,18150.0,100,Sell,227592708
2024-07-31 10:10:06,18150.0,1200,Sell,227592839
2024-07-31 10:10:14,18150.0,1500,Sell,227592997
2024-07-31 10:10:14,18150.0,4600,Sell,227592998
2024-07-31 10:10:14,18150.0,20900,Sell,227592995
2024-07-31 10:10:14,18150.0,2000,Sell,227592996
2024-07-31 10:10:23,18150.0,500,Sell,227593157
2024-07-31 10:10:29,18150.0,200,Sell,227593274
2024-07-31 10:10:41,18150.0,4700,Sell,227593547
2024-07-31 10:10:41,18150.0,200,Sell,227593548
2024-07-31 10:10:41,18150.0,500,Sell,227593549
2024-07-31 10:10:46,18150.0,100,Sell,227593672
2024-07-31 10:10:47,18150.0,500,Sell,227593696
2024-07-31 10:10:54,18200.0,1000,Buy,227593847
2024-07-31 10:11:25,18200.0,200,Buy,227594531
2024-07-31 10:11:30,18150.0,200,Sell,227594643
2024-07-31 10:11:34,18200.0,2000,Buy,227594724
2024-07-31 10:11:44,18200.0,2000,Buy,227594923
2024-07-31 10:12:02,18200.0,100,Buy,227595253
2024-07-31 10:12:04,18200.0,2100,Buy,227595320
2024-07-31 10:12:04,18200.0,400,Buy,227595321
2024-07-31 10:12:04,18150.0,200,Sell,227595325
2024-07-31 10:12:05,18200.0,1000,Buy,227595346
2024-07-31 10:12:05,18200.0,900,Buy,227595345
2024-07-31 10:12:05,18200.0,1000,Buy,227595344
2024-07-31 10:12:05,18200.0,500,Buy,227595343
2024-07-31 10:12:05,18200.0,1000,Buy,227595342
2024-07-31 10:12:05,18200.0,800,Buy,227595341
2024-07-31 10:12:05,18200.0,1000,Buy,227595340
2024-07-31 10:12:05,18200.0,1000,Buy,227595347
2024-07-31 10:12:05,18200.0,500,Buy,227595338
2024-07-31 10:12:05,18200.0,4000,Buy,227595336
2024-07-31 10:12:05,18200.0,300,Buy,227595335
2024-07-31 10:12:05,18200.0,200,Buy,227595334
2024-07-31 10:12:05,18200.0,100,Buy,227595333
2024-07-31 10:12:05,18200.0,1100,Buy,227595332
2024-07-31 10:12:05,18200.0,500,Buy,227595331
2024-07-31 10:12:05,18200.0,1600,Buy,227595339
2024-07-31 10:12:05,18200.0,2000,Buy,227595337
2024-07-31 10:12:07,18200.0,100,Buy,227595385
2024-07-31 10:12:07,18200.0,500,Buy,227595386
2024-07-31 10:12:12,18200.0,400,Buy,227595528
2024-07-31 10:12:12,18200.0,1500,Buy,227595526
2024-07-31 10:12:12,18200.0,100,Buy,227595527
2024-07-31 10:12:13,18200.0,200,Buy,227595581
2024-07-31 10:12:18,18200.0,300,Buy,227595728
2024-07-31 10:12:21,18200.0,400,Buy,227595789
2024-07-31 10:12:23,18200.0,400,Buy,227595839
2024-07-31 10:12:23,18200.0,200,Buy,227595838
2024-07-31 10:12:23,18200.0,200,Buy,227595837
2024-07-31 10:12:23,18200.0,100,Buy,227595836
2024-07-31 10:12:23,18200.0,3000,Buy,227595835
2024-07-31 10:12:23,18200.0,100,Buy,227595833
2024-07-31 10:12:23,18200.0,100,Buy,227595832
2024-07-31 10:12:23,18200.0,200,Buy,227595831
2024-07-31 10:12:23,18200.0,4500,Buy,227595830
2024-07-31 10:12:23,18200.0,1600,Buy,227595829
2024-07-31 10:12:23,18200.0,200,Buy,227595828
2024-07-31 10:12:23,18200.0,500,Buy,227595834
2024-07-31 10:12:23,18200.0,200,Buy,227595826
2024-07-31 10:12:23,18200.0,2000,Buy,227595825
2024-07-31 10:12:23,18200.0,300,Buy,227595824
2024-07-31 10:12:23,18200.0,400,Buy,227595823
2024-07-31 10:12:23,18200.0,100,Buy,227595822
2024-07-31 10:12:23,18200.0,3700,Buy,227595816
2024-07-31 10:12:23,18200.0,100,Buy,227595821
2024-07-31 10:12:23,18200.0,100,Buy,227595820
2024-07-31 10:12:23,18200.0,100,Buy,227595819
2024-07-31 10:12:23,18200.0,100,Buy,227595818
2024-07-31 10:12:23,18200.0,400,Buy,227595817
2024-07-31 10:12:23,18200.0,5000,Buy,227595827
2024-07-31 10:12:25,18200.0,1500,Buy,227595884
2024-07-31 10:12:25,18200.0,100,Buy,227595883
2024-07-31 10:12:25,18200.0,200,Buy,227595882
2024-07-31 10:12:25,18200.0,2000,Buy,227595881
2024-07-31 10:12:25,18200.0,300,Buy,227595877
2024-07-31 10:12:25,18200.0,100,Buy,227595879
2024-07-31 10:12:25,18200.0,200,Buy,227595878
2024-07-31 10:12:25,18200.0,600,Buy,227595876
2024-07-31 10:12:25,18200.0,5000,Buy,227595880
2024-07-31 10:12:26,18200.0,2000,Buy,227595919
2024-07-31 10:12:33,18200.0,100,Buy,227596027
2024-07-31 10:12:33,18200.0,1200,Buy,227596028
2024-07-31 10:12:33,18200.0,1000,Buy,227596025
2024-07-31 10:12:33,18200.0,3000,Buy,227596026
2024-07-31 10:12:33,18200.0,100,Buy,227596023
2024-07-31 10:12:33,18200.0,4000,Buy,227596020
2024-07-31 10:12:33,18200.0,500,Buy,227596022
2024-07-31 10:12:33,18200.0,5000,Buy,227596021
2024-07-31 10:12:33,18200.0,100,Buy,227596024
2024-07-31 10:12:37,18200.0,1800,Buy,227596175
2024-07-31 10:12:37,18200.0,500,Buy,227596174
2024-07-31 10:12:37,18200.0,500,Buy,227596173
2024-07-31 10:12:37,18200.0,1500,Buy,227596172
2024-07-31 10:12:37,18200.0,1800,Buy,227596171
2024-07-31 10:12:37,18200.0,1800,Buy,227596169
2024-07-31 10:12:37,18200.0,7100,Buy,227596168
2024-07-31 10:12:37,18200.0,2900,Buy,227596156
2024-07-31 10:12:37,18200.0,100,Buy,227596155
2024-07-31 10:12:37,18200.0,2000,Buy,227596170
2024-07-31 10:12:38,18200.0,1000,Buy,227596180
2024-07-31 10:12:38,18200.0,500,Buy,227596181
2024-07-31 10:13:21,18250.0,400,Buy,227596944
2024-07-31 10:13:21,18250.0,1000,Buy,227596943
2024-07-31 10:13:21,18250.0,2000,Buy,227596941
2024-07-31 10:13:21,18250.0,100,Buy,227596942
2024-07-31 10:13:21,18250.0,15000,Buy,227596939
2024-07-31 10:13:21,18250.0,300,Buy,227596938
2024-07-31 10:13:21,18250.0,200,Buy,227596937
2024-07-31 10:13:21,18250.0,1000,Buy,227596940
2024-07-31 10:13:53,18250.0,500,Buy,227597564
2024-07-31 10:14:00,18250.0,100,Buy,227597723
2024-07-31 10:14:00,18250.0,600,Buy,227597724
2024-07-31 10:14:00,18250.0,1400,Buy,227597728
2024-07-31 10:14:00,18250.0,100,Buy,227597729
2024-07-31 10:14:03,18250.0,2900,Buy,227597793
2024-07-31 10:14:03,18250.0,500,Buy,227597792
2024-07-31 10:14:03,18250.0,100,Buy,227597791
2024-07-31 10:14:03,18250.0,1000,Buy,227597789
2024-07-31 10:14:03,18250.0,100,Buy,227597788
2024-07-31 10:14:03,18250.0,1900,Buy,227597787
2024-07-31 10:14:03,18250.0,2000,Buy,227597790
2024-07-31 10:14:04,18250.0,100,Buy,227597812
2024-07-31 10:14:04,18250.0,200,Buy,227597816
2024-07-31 10:14:04,18250.0,100,Buy,227597815
2024-07-31 10:14:04,18250.0,400,Buy,227597814
2024-07-31 10:14:04,18250.0,300,Buy,227597813
2024-07-31 10:14:04,18250.0,1400,Buy,227597811
2024-07-31 10:14:04,18250.0,21800,Buy,227597818
2024-07-31 10:14:04,18250.0,1000,Buy,227597809
2024-07-31 10:14:04,18250.0,3000,Buy,227597810
2024-07-31 10:14:04,18250.0,2100,Buy,227597801
2024-07-31 10:14:04,18250.0,300,Buy,227597805
2024-07-31 10:14:04,18250.0,100,Buy,227597817
2024-07-31 10:14:04,18250.0,2000,Buy,227597806
2024-07-31 10:14:04,18250.0,200,Buy,227597807
2024-07-31 10:14:04,18250.0,2000,Buy,227597808
2024-07-31 10:14:08,18250.0,10000,Buy,227597875
2024-07-31 10:14:09,18250.0,200,Buy,227597912
2024-07-31 10:14:15,18250.0,800,Buy,227598014
2024-07-31 10:14:15,18250.0,500,Buy,227598013
2024-07-31 10:14:15,18250.0,100,Buy,227598012
2024-07-31 10:14:15,18250.0,5000,Buy,227598011
2024-07-31 10:14:15,18250.0,1000,Buy,227598010
2024-07-31 10:14:15,18250.0,1000,Buy,227598008
2024-07-31 10:14:15,18250.0,300,Buy,227598007
2024-07-31 10:14:15,18250.0,2000,Buy,227598006
2024-07-31 10:14:15,18250.0,200,Buy,227598005
2024-07-31 10:14:15,18250.0,8000,Buy,227598004
2024-07-31 10:14:15,18250.0,100,Buy,227598009
2024-07-31 10:14:20,18250.0,1000,Buy,227598118
2024-07-31 10:14:20,18250.0,2200,Buy,227598121
2024-07-31 10:14:20,18250.0,1800,Buy,227598120
2024-07-31 10:14:20,18250.0,500,Buy,227598119
2024-07-31 10:14:20,18250.0,100,Buy,227598116
2024-07-31 10:14:20,18250.0,200,Buy,227598117
2024-07-31 10:14:20,18250.0,1000,Buy,227598114
2024-07-31 10:14:20,18250.0,200,Buy,227598109
2024-07-31 10:14:20,18250.0,2900,Buy,227598113
2024-07-31 10:14:20,18250.0,500,Buy,227598112
2024-07-31 10:14:20,18250.0,4000,Buy,227598111
2024-07-31 10:14:20,18250.0,500,Buy,227598110
2024-07-31 10:14:20,18250.0,100,Buy,227598115
2024-07-31 10:14:21,18250.0,500,Buy,227598145
2024-07-31 10:14:23,18250.0,2300,Buy,227598167
2024-07-31 10:14:23,18250.0,700,Buy,227598168
2024-07-31 10:14:24,18250.0,200,Buy,227598208
2024-07-31 10:14:26,18250.0,400,Buy,227598234
2024-07-31 10:14:26,18250.0,4600,Buy,227598233
2024-07-31 10:14:26,18250.0,300,Buy,227598229
2024-07-31 10:14:26,18250.0,1800,Buy,227598224
2024-07-31 10:14:26,18250.0,2000,Buy,227598225
2024-07-31 10:14:26,18250.0,2000,Buy,227598223
2024-07-31 10:14:26,18250.0,100,Buy,227598222
2024-07-31 10:14:26,18250.0,100,Buy,227598226
2024-07-31 10:14:29,18250.0,100,Buy,227598328
2024-07-31 10:14:29,18250.0,200,Buy,227598329
2024-07-31 10:14:29,18250.0,300,Buy,227598330
2024-07-31 10:14:29,18250.0,200,Buy,227598333
2024-07-31 10:14:29,18250.0,100,Buy,227598332
2024-07-31 10:14:29,18250.0,100,Buy,227598331
2024-07-31 10:14:30,18250.0,1000,Buy,227598352
2024-07-31 10:14:31,18250.0,1500,Buy,227598368
2024-07-31 10:14:31,18250.0,8800,Buy,227598367
2024-07-31 10:14:32,18250.0,200,Sell,227598378
2024-07-31 10:14:35,18250.0,10000,Sell,227598458
2024-07-31 10:14:35,18300.0,200,Buy,227598477
2024-07-31 10:14:35,18300.0,400,Buy,227598478
2024-07-31 10:14:35,18300.0,1000,Buy,227598479
2024-07-31 10:14:35,18300.0,300,Buy,227598480
2024-07-31 10:14:35,18300.0,100,Buy,227598481
2024-07-31 10:14:36,18300.0,1000,Buy,227598498
2024-07-31 10:14:36,18300.0,500,Buy,227598497
2024-07-31 10:14:36,18300.0,1100,Buy,227598496
2024-07-31 10:14:36,18300.0,500,Buy,227598495
2024-07-31 10:14:36,18300.0,500,Buy,227598494
2024-07-31 10:14:36,18300.0,100,Buy,227598493
2024-07-31 10:14:36,18300.0,1600,Buy,227598499
2024-07-31 10:14:36,18300.0,1100,Buy,227598491
2024-07-31 10:14:36,18300.0,200,Buy,227598490
2024-07-31 10:14:36,18300.0,1000,Buy,227598489
2024-07-31 10:14:36,18300.0,1000,Buy,227598488
2024-07-31 10:14:36,18300.0,300,Buy,227598487
2024-07-31 10:14:36,18300.0,700,Buy,227598486
2024-07-31 10:14:36,18300.0,300,Buy,227598485
2024-07-31 10:14:36,18300.0,100,Buy,227598492
2024-07-31 10:14:40,18250.0,4000,Sell,227598592
2024-07-31 10:14:44,18300.0,3000,Buy,227598673
2024-07-31 10:14:45,18250.0,200,Sell,227598696
2024-07-31 10:14:52,18250.0,1000,Sell,227598838
2024-07-31 10:14:53,18250.0,1000,Sell,227598855
2024-07-31 10:14:53,18300.0,300,Buy,227598860
2024-07-31 10:14:56,18250.0,1000,Sell,227598886
2024-07-31 10:15:02,18250.0,300,Sell,227599001
2024-07-31 10:15:02,18250.0,97200,Sell,227599003
2024-07-31 10:15:02,18250.0,1000,Sell,227599002
2024-07-31 10:15:02,18250.0,200,Sell,227599000
2024-07-31 10:15:02,18250.0,300,Sell,227598995
2024-07-31 10:15:02,18250.0,500,Sell,227598998
2024-07-31 10:15:02,18250.0,100,Sell,227598997
2024-07-31 10:15:02,18250.0,100,Sell,227598996
2024-07-31 10:15:02,18250.0,300,Sell,227598999
2024-07-31 10:15:06,18300.0,100,Buy,227599102
2024-07-31 10:15:06,18300.0,10000,Buy,227599101
2024-07-31 10:15:06,18300.0,100,Buy,227599100
2024-07-31 10:15:06,18300.0,1500,Buy,227599099
2024-07-31 10:15:06,18300.0,100,Buy,227599098
2024-07-31 10:15:06,18300.0,2000,Buy,227599097
2024-07-31 10:15:06,18300.0,100,Buy,227599095
2024-07-31 10:15:06,18300.0,9800,Buy,227599090
2024-07-31 10:15:06,18300.0,1000,Buy,227599091
2024-07-31 10:15:06,18300.0,100,Buy,227599096
2024-07-31 10:15:06,18300.0,100,Buy,227599093
2024-07-31 10:15:06,18300.0,20000,Buy,227599092
2024-07-31 10:15:06,18300.0,100,Buy,227599094
2024-07-31 10:15:12,18250.0,5000,Sell,227599250
2024-07-31 10:15:17,18300.0,23700,Buy,227599389
2024-07-31 10:15:17,18300.0,3000,Buy,227599388
2024-07-31 10:15:17,18300.0,1000,Buy,227599387
2024-07-31 10:15:17,18300.0,1500,Buy,227599386
2024-07-31 10:15:17,18300.0,1000,Buy,227599384
2024-07-31 10:15:17,18300.0,1000,Buy,227599383
2024-07-31 10:15:17,18300.0,100,Buy,227599385
2024-07-31 10:15:17,18300.0,600,Buy,227599381
2024-07-31 10:15:17,18300.0,1000,Buy,227599380
2024-07-31 10:15:17,18300.0,600,Buy,227599379
2024-07-31 10:15:17,18300.0,500,Buy,227599378
2024-07-31 10:15:17,18300.0,100,Buy,227599377
2024-07-31 10:15:17,18300.0,2000,Buy,227599376
2024-07-31 10:15:17,18300.0,10900,Buy,227599375
2024-07-31 10:15:17,18300.0,8000,Buy,227599382
2024-07-31 10:15:26,18300.0,500,Buy,227599599
2024-07-31 10:15:28,18300.0,30400,Buy,227599620
2024-07-31 10:15:28,18300.0,500,Buy,227599621
2024-07-31 10:15:28,18300.0,4100,Buy,227599622
2024-07-31 10:15:29,18300.0,500,Buy,227599640
2024-07-31 10:15:31,18300.0,200,Buy,227599684
2024-07-31 10:15:31,18300.0,800,Buy,227599683
2024-07-31 10:15:31,18300.0,1300,Buy,227599678
2024-07-31 10:15:31,18300.0,500,Buy,227599677
2024-07-31 10:15:31,18300.0,1000,Buy,227599676
2024-07-31 10:15:31,18300.0,400,Buy,227599675
2024-07-31 10:15:34,18250.0,5000,Sell,227599732
2024-07-31 10:15:34,18300.0,14200,Buy,227599723
2024-07-31 10:15:34,18300.0,10000,Buy,227599722
2024-07-31 10:15:34,18300.0,100,Buy,227599721
2024-07-31 10:15:34,18300.0,100,Buy,227599719
2024-07-31 10:15:34,18300.0,500,Buy,227599718
2024-07-31 10:15:34,18300.0,200,Buy,227599720
2024-07-31 10:15:34,18300.0,1000,Buy,227599716
2024-07-31 10:15:34,18300.0,4500,Buy,227599715
2024-07-31 10:15:34,18300.0,100,Buy,227599714
2024-07-31 10:15:34,18300.0,3600,Buy,227599713
2024-07-31 10:15:34,18300.0,2000,Buy,227599712
2024-07-31 10:15:34,18300.0,1700,Buy,227599711
2024-07-31 10:15:34,18300.0,2000,Buy,227599710
2024-07-31 10:15:34,18300.0,10000,Buy,227599717
2024-07-31 10:15:40,18300.0,1000,Buy,227599884
2024-07-31 10:15:40,18300.0,600,Buy,227599889
2024-07-31 10:15:40,18300.0,2000,Buy,227599888
2024-07-31 10:15:40,18300.0,500,Buy,227599887
2024-07-31 10:15:40,18300.0,500,Buy,227599886
2024-07-31 10:15:40,18300.0,1000,Buy,227599885
2024-07-31 10:15:40,18300.0,1000,Buy,227599883
2024-07-31 10:15:40,18300.0,2000,Buy,227599875
2024-07-31 10:15:40,18300.0,1000,Buy,227599881
2024-07-31 10:15:40,18300.0,700,Buy,227599882
2024-07-31 10:15:40,18300.0,3000,Buy,227599876
2024-07-31 10:15:40,18300.0,100,Buy,227599877
2024-07-31 10:15:40,18300.0,25800,Buy,227599874
2024-07-31 10:15:40,18300.0,1000,Buy,227599879
2024-07-31 10:15:40,18300.0,1800,Buy,227599878
2024-07-31 10:15:40,18300.0,1000,Buy,227599880
2024-07-31 10:15:53,18300.0,400,Buy,227600177
2024-07-31 10:15:53,18300.0,500,Buy,227600178
2024-07-31 10:15:53,18300.0,1000,Buy,227600179
2024-07-31 10:15:53,18300.0,1000,Buy,227600180
2024-07-31 10:15:53,18300.0,800,Buy,227600181
2024-07-31 10:15:53,18300.0,400,Buy,227600182
2024-07-31 10:15:53,18300.0,5000,Buy,227600183
2024-07-31 10:15:53,18300.0,26900,Buy,227600184
2024-07-31 10:15:54,18300.0,100000,Buy,227600193
2024-07-31 10:15:55,18300.0,1000,Buy,227600209
2024-07-31 10:15:58,18300.0,3000,Buy,227600252
2024-07-31 10:15:58,18300.0,200,Buy,227600251
2024-07-31 10:16:04,18300.0,67000,Buy,227600357
2024-07-31 10:16:05,18300.0,42000,Buy,227600380
2024-07-31 10:16:12,18300.0,300,Buy,227600543
2024-07-31 10:16:16,18300.0,5300,Buy,227600621
2024-07-31 10:16:17,18300.0,65000,Buy,227600660
2024-07-31 10:16:17,18300.0,30000,Buy,227600672
2024-07-31 10:16:18,18300.0,77000,Buy,227600715
2024-07-31 10:16:20,18300.0,12000,Buy,227600741
2024-07-31 10:16:22,18300.0,500,Buy,227600764
2024-07-31 10:16:23,18300.0,100,Buy,227600790
2024-07-31 10:16:24,18300.0,10000,Buy,227600820
2024-07-31 10:16:25,18300.0,1000,Buy,227600889
2024-07-31 10:16:30,18300.0,54000,Buy,227601054
2024-07-31 10:16:30,18300.0,4700,Buy,227601068
2024-07-31 10:16:30,18300.0,500,Buy,227601069
2024-07-31 10:16:30,18300.0,4800,Buy,227601070
2024-07-31 10:16:34,18300.0,56000,Buy,227601139
2024-07-31 10:16:37,18300.0,100,Buy,227601246
2024-07-31 10:16:38,18300.0,1000,Buy,227601252
2024-07-31 10:16:38,18300.0,200,Buy,227601251
2024-07-31 10:16:41,18300.0,39000,Buy,227601318
2024-07-31 10:16:41,18300.0,3000,Buy,227601304
2024-07-31 10:16:42,18300.0,500,Buy,227601336
2024-07-31 10:16:46,18300.0,200,Buy,227601433
2024-07-31 10:16:47,18300.0,500,Buy,227601456
2024-07-31 10:16:47,18300.0,3400,Buy,227601457
2024-07-31 10:16:50,18300.0,1000,Buy,227601495
2024-07-31 10:16:51,18300.0,45700,Buy,227601570
2024-07-31 10:16:51,18300.0,65000,Buy,227601579
2024-07-31 10:16:52,18300.0,100,Buy,227601587
2024-07-31 10:16:53,18300.0,10000,Buy,227601592
2024-07-31 10:16:55,18300.0,1500,Buy,227601628
2024-07-31 10:16:59,18300.0,1000,Buy,227601704
2024-07-31 10:17:01,18300.0,1500,Buy,227601728
2024-07-31 10:17:03,18300.0,900,Buy,227601756
2024-07-31 10:17:03,18300.0,10000,Buy,227601759
2024-07-31 10:17:03,18300.0,62000,Buy,227601769
2024-07-31 10:17:03,18300.0,5400,Buy,227601771
2024-07-31 10:17:03,18300.0,32000,Buy,227601775
2024-07-31 10:17:06,18300.0,2500,Buy,227601813
2024-07-31 10:17:08,18250.0,1000,Sell,227601830
2024-07-31 10:17:09,18300.0,200,Buy,227601869
2024-07-31 10:17:09,18300.0,50000,Buy,227601864
2024-07-31 10:17:11,18300.0,200,Buy,227601891
2024-07-31 10:17:12,18300.0,5000,Buy,227601903
2024-07-31 10:17:13,18300.0,200,Buy,227601939
2024-07-31 10:17:13,18300.0,10000,Buy,227601940
2024-07-31 10:17:14,18300.0,200,Buy,227601954
2024-07-31 10:17:16,18300.0,6300,Buy,227601990
2024-07-31 10:17:16,18300.0,100,Buy,227601989
2024-07-31 10:17:16,18300.0,500,Buy,227601988
2024-07-31 10:17:16,18300.0,100,Buy,227601987
2024-07-31 10:17:16,18300.0,100,Buy,227601986
2024-07-31 10:17:16,18300.0,4000,Buy,227601984
2024-07-31 10:17:16,18300.0,2000,Buy,227601983
2024-07-31 10:17:16,18300.0,1000,Buy,227601982
2024-07-31 10:17:16,18300.0,19900,Buy,227601981
2024-07-31 10:17:16,18300.0,47000,Buy,227601980
2024-07-31 10:17:16,18300.0,1000,Buy,227601985
2024-07-31 10:17:18,18300.0,100,Buy,227602170
2024-07-31 10:17:19,18300.0,500,Buy,227602181
2024-07-31 10:17:21,18300.0,1000,Buy,227602205
2024-07-31 10:17:25,18300.0,15000,Buy,227602332
2024-07-31 10:17:25,18300.0,5000,Buy,227602333
2024-07-31 10:17:26,18300.0,3500,Buy,227602366
2024-07-31 10:17:27,18300.0,100,Buy,227602388
2024-07-31 10:17:27,18300.0,300,Buy,227602397
2024-07-31 10:17:27,18300.0,20400,Buy,227602396
2024-07-31 10:17:27,18300.0,100,Buy,227602395
2024-07-31 10:17:27,18300.0,100,Buy,227602394
2024-07-31 10:17:27,18300.0,18600,Buy,227602387
2024-07-31 10:17:27,18300.0,100,Buy,227602392
2024-07-31 10:17:27,18300.0,500,Buy,227602391
2024-07-31 10:17:27,18300.0,10000,Buy,227602390
2024-07-31 10:17:27,18300.0,10000,Buy,227602389
2024-07-31 10:17:27,18300.0,100,Buy,227602393
2024-07-31 10:17:28,18300.0,500,Buy,227602418
2024-07-31 10:17:28,18300.0,33000,Buy,227602412
2024-07-31 10:17:29,18300.0,1000,Buy,227602447
2024-07-31 10:17:31,18300.0,200,Buy,227602499
2024-07-31 10:17:32,18300.0,10000,Buy,227602507
2024-07-31 10:17:32,18300.0,50000,Buy,227602508
2024-07-31 10:17:32,18250.0,300,Sell,227602506
2024-07-31 10:17:33,18300.0,4000,Buy,227602531
2024-07-31 10:17:34,18300.0,100000,Buy,227602553
2024-07-31 10:17:35,18300.0,3000,Buy,227602557
2024-07-31 10:17:36,18300.0,5000,Buy,227602565
2024-07-31 10:17:37,18300.0,1000,Buy,227602590
2024-07-31 10:17:38,18300.0,8000,Buy,227602602
2024-07-31 10:17:38,18300.0,200,Buy,227602605
2024-07-31 10:17:40,18300.0,9200,Buy,227602628
2024-07-31 10:17:41,18300.0,1000,Buy,227602634
2024-07-31 10:17:42,18300.0,9500,Buy,227602652
2024-07-31 10:17:42,18300.0,20000,Buy,227602653
2024-07-31 10:17:42,18300.0,300,Buy,227602654
2024-07-31 10:17:42,18300.0,100,Buy,227602655
2024-07-31 10:17:42,18300.0,8100,Buy,227602656
2024-07-31 10:17:43,18300.0,4300,Buy,227602662
2024-07-31 10:17:44,18300.0,1000,Buy,227602676
2024-07-31 10:17:46,18300.0,5000,Buy,227602723
2024-07-31 10:17:52,18300.0,50000,Buy,227602811
2024-07-31 10:17:54,18300.0,33000,Buy,227602874
2024-07-31 10:17:56,18300.0,500,Buy,227602891
2024-07-31 10:17:56,18300.0,2000,Buy,227602895
2024-07-31 10:17:58,18300.0,30200,Buy,227602925
2024-07-31 10:17:58,18300.0,2000,Buy,227602926
2024-07-31 10:17:58,18300.0,5000,Buy,227602927
2024-07-31 10:18:00,18300.0,1000,Buy,227602960
2024-07-31 10:18:00,18300.0,2000,Buy,227602961
2024-07-31 10:18:03,18300.0,100000,Buy,227603007
2024-07-31 10:18:06,18300.0,50000,Buy,227603078
2024-07-31 10:18:07,18300.0,1000,Buy,227603089
2024-07-31 10:18:08,18300.0,20000,Buy,227603126
2024-07-31 10:18:08,18300.0,25900,Buy,227603122
2024-07-31 10:18:08,18300.0,24200,Buy,227603124
2024-07-31 10:18:08,18300.0,800,Buy,227603125
2024-07-31 10:18:09,18300.0,2000,Buy,227603149
2024-07-31 10:18:09,18300.0,8900,Buy,227603145
2024-07-31 10:18:10,18300.0,300,Buy,227603164
2024-07-31 10:18:11,18300.0,3000,Buy,227603177
2024-07-31 10:18:11,18300.0,50000,Buy,227603185
2024-07-31 10:18:12,18300.0,30000,Buy,227603192
2024-07-31 10:18:13,18300.0,1000,Buy,227603231
2024-07-31 10:18:13,18300.0,3000,Buy,227603233
2024-07-31 10:18:14,18300.0,500,Buy,227603240
2024-07-31 10:18:16,18300.0,500,Buy,227603272
2024-07-31 10:18:17,18300.0,10000,Buy,227603307
2024-07-31 10:18:17,18300.0,4000,Buy,227603318
2024-07-31 10:18:17,18300.0,15700,Buy,227603319
2024-07-31 10:18:17,18300.0,30000,Buy,227603320
2024-07-31 10:18:18,18300.0,2000,Buy,227603333
2024-07-31 10:18:19,18300.0,500,Buy,227603358
2024-07-31 10:18:19,18300.0,800,Buy,227603357
2024-07-31 10:18:19,18300.0,100,Buy,227603356
2024-07-31 10:18:19,18300.0,300,Buy,227603372
2024-07-31 10:18:19,18300.0,23300,Buy,227603351
2024-07-31 10:18:19,18300.0,50000,Buy,227603350
2024-07-31 10:18:19,18300.0,100,Buy,227603355
2024-07-31 10:18:19,18300.0,1000,Buy,227603349
2024-07-31 10:18:20,18300.0,3000,Buy,227603387
2024-07-31 10:18:20,18300.0,1300,Buy,227603386
2024-07-31 10:18:20,18300.0,900,Buy,227603379
2024-07-31 10:18:20,18300.0,500,Buy,227603381
2024-07-31 10:18:20,18300.0,3000,Buy,227603384
2024-07-31 10:18:21,18300.0,2000,Buy,227603392
2024-07-31 10:18:22,18300.0,800,Buy,227603418
2024-07-31 10:18:22,18300.0,5000,Buy,227603417
2024-07-31 10:18:22,18300.0,5000,Buy,227603415
2024-07-31 10:18:22,18300.0,600,Buy,227603408
2024-07-31 10:18:23,18300.0,50000,Buy,227603423
2024-07-31 10:18:23,18300.0,500,Buy,227603430
2024-07-31 10:18:23,18300.0,2000,Buy,227603435
2024-07-31 10:18:23,18300.0,3000,Buy,227603434
2024-07-31 10:18:24,18300.0,5000,Buy,227603459
2024-07-31 10:18:24,18300.0,28000,Buy,227603464
2024-07-31 10:18:24,18300.0,100,Buy,227603476
2024-07-31 10:18:24,18300.0,600,Buy,227603477
2024-07-31 10:18:24,18300.0,1500,Buy,227603478
2024-07-31 10:18:24,18300.0,500,Buy,227603479
2024-07-31 10:18:25,18300.0,5000,Buy,227603488
2024-07-31 10:18:25,18300.0,100,Buy,227603483
2024-07-31 10:18:26,18300.0,500,Buy,227603523
2024-07-31 10:18:26,18300.0,10000,Buy,227603517
2024-07-31 10:18:26,18300.0,700,Buy,227603519
2024-07-31 10:18:26,18300.0,1600,Buy,227603520
2024-07-31 10:18:27,18300.0,100,Buy,227603528
2024-07-31 10:18:27,18300.0,400,Buy,227603529
2024-07-31 10:18:27,18300.0,500,Buy,227603531
2024-07-31 10:18:27,18300.0,700,Buy,227603533
2024-07-31 10:18:27,18300.0,400,Buy,227603534
2024-07-31 10:18:27,18300.0,200,Buy,227603535
2024-07-31 10:18:27,18300.0,200,Buy,227603539
2024-07-31 10:18:29,18300.0,2000,Buy,227603558
2024-07-31 10:18:29,18300.0,2000,Buy,227603562
2024-07-31 10:18:30,18300.0,500,Buy,227603575
2024-07-31 10:18:32,18300.0,200,Buy,227603591
2024-07-31 10:18:33,18300.0,2000,Buy,227603623
2024-07-31 10:18:34,18300.0,500,Buy,227603636
2024-07-31 10:18:34,18300.0,16000,Buy,227603633
2024-07-31 10:18:34,18300.0,3000,Buy,227603634
2024-07-31 10:18:34,18300.0,500,Buy,227603635
2024-07-31 10:18:35,18300.0,600,Buy,227603674
2024-07-31 10:18:35,18300.0,100,Buy,227603673
2024-07-31 10:18:35,18300.0,1000,Buy,227603672
2024-07-31 10:18:35,18300.0,500,Buy,227603667
2024-07-31 10:18:35,18300.0,200,Buy,227603671
2024-07-31 10:18:35,18300.0,300,Buy,227603670
2024-07-31 10:18:35,18300.0,100,Buy,227603669
2024-07-31 10:18:35,18300.0,100,Buy,227603668
2024-07-31 10:18:35,18300.0,100,Buy,227603666
2024-07-31 10:18:35,18300.0,200,Buy,227603659
2024-07-31 10:18:35,18300.0,100,Buy,227603664
2024-07-31 10:18:35,18300.0,100,Buy,227603663
2024-07-31 10:18:35,18300.0,500,Buy,227603662
2024-07-31 10:18:35,18300.0,500,Buy,227603661
2024-07-31 10:18:35,18300.0,3000,Buy,227603660
2024-07-31 10:18:35,18300.0,100,Buy,227603658
2024-07-31 10:18:35,18300.0,500,Buy,227603656
2024-07-31 10:18:35,18300.0,1500,Buy,227603665
2024-07-31 10:18:35,18300.0,1000,Buy,227603657
2024-07-31 10:18:36,18300.0,200,Buy,227603690
2024-07-31 10:18:36,18300.0,100,Buy,227603682
2024-07-31 10:18:36,18300.0,2000,Buy,227603688
2024-07-31 10:18:36,18300.0,300,Buy,227603689
2024-07-31 10:18:37,18300.0,2200,Buy,227603729
2024-07-31 10:18:37,18300.0,800,Buy,227603728
2024-07-31 10:18:38,18300.0,300,Buy,227603739
2024-07-31 10:18:38,18300.0,100,Buy,227603735
2024-07-31 10:18:38,18300.0,2700,Buy,227603738
2024-07-31 10:18:39,18300.0,10300,Sell,227603774
2024-07-31 10:18:39,18300.0,100,Buy,227603771
2024-07-31 10:18:39,18300.0,200,Buy,227603770
2024-07-31 10:18:39,18300.0,500,Buy,227603769
2024-07-31 10:18:39,18300.0,57700,Buy,227603763
2024-07-31 10:18:39,18300.0,100,Buy,227603767
2024-07-31 10:18:39,18300.0,15100,Buy,227603766
2024-07-31 10:18:39,18300.0,300,Buy,227603765
2024-07-31 10:18:39,18300.0,4000,Buy,227603764
2024-07-31 10:18:39,18300.0,10000,Buy,227603768
2024-07-31 10:18:39,18300.0,1700,Buy,227603772
2024-07-31 10:18:40,18300.0,3200,Buy,227603778
2024-07-31 10:18:44,18350.0,400,Buy,227603876
2024-07-31 10:18:44,18350.0,500,Buy,227603877
2024-07-31 10:18:48,18300.0,2000,Sell,227603943
2024-07-31 10:18:49,18350.0,1800,Buy,227603972
2024-07-31 10:18:59,18350.0,3000,Buy,227604159
2024-07-31 10:19:06,18300.0,5000,Sell,227604271
2024-07-31 10:19:15,18300.0,2900,Sell,227604529
2024-07-31 10:19:31,18350.0,200,Buy,227604827
2024-07-31 10:19:31,18300.0,500,Sell,227604839
2024-07-31 10:19:32,18300.0,200,Sell,227604861
2024-07-31 10:19:36,18300.0,500,Sell,227604954
2024-07-31 10:19:42,18300.0,1000,Sell,227605032
2024-07-31 10:19:50,18300.0,300,Sell,227605164
2024-07-31 10:20:05,18300.0,2000,Sell,227605451
2024-07-31 10:20:06,18300.0,500,Sell,227605462
2024-07-31 10:20:06,18300.0,100,Sell,227605463
2024-07-31 10:20:07,18350.0,500,Buy,227605477
2024-07-31 10:20:08,18300.0,100,Sell,227605497
2024-07-31 10:20:09,18300.0,4400,Sell,227605509
2024-07-31 10:20:16,18300.0,2000,Sell,227605651
2024-07-31 10:20:17,18300.0,10000,Sell,227605659
2024-07-31 10:20:19,18350.0,14000,Buy,227605713
2024-07-31 10:20:19,18300.0,63700,Sell,227605697
2024-07-31 10:20:19,18300.0,1000,Sell,227605696
2024-07-31 10:20:19,18300.0,10000,Sell,227605692
2024-07-31 10:20:19,18300.0,2000,Sell,227605693
2024-07-31 10:20:19,18300.0,900,Sell,227605691
2024-07-31 10:20:19,18300.0,400,Sell,227605695
2024-07-31 10:20:19,18300.0,200,Sell,227605689
2024-07-31 10:20:19,18300.0,1000,Sell,227605690
2024-07-31 10:20:19,18300.0,5300,Sell,227605684
2024-07-31 10:20:19,18300.0,5000,Sell,227605685
2024-07-31 10:20:19,18300.0,300,Sell,227605694
2024-07-31 10:20:19,18300.0,200,Sell,227605687
2024-07-31 10:20:19,18300.0,1000,Sell,227605688
2024-07-31 10:20:19,18300.0,9000,Sell,227605686
2024-07-31 10:20:21,18300.0,500,Sell,227605734
2024-07-31 10:20:22,18300.0,1000,Sell,227605783
2024-07-31 10:20:25,18300.0,1000,Sell,227605826
2024-07-31 10:20:25,18300.0,3000,Sell,227605830
2024-07-31 10:20:26,18300.0,3000,Sell,227605854
2024-07-31 10:20:27,18300.0,3600,Sell,227605883
2024-07-31 10:20:27,18300.0,200,Sell,227605882
2024-07-31 10:20:27,18300.0,2000,Sell,227605881
2024-07-31 10:20:27,18300.0,5900,Sell,227605879
2024-07-31 10:20:27,18300.0,27300,Sell,227605877
2024-07-31 10:20:27,18300.0,500,Sell,227605872
2024-07-31 10:20:27,18300.0,1000,Sell,227605880
2024-07-31 10:20:27,18300.0,10000,Sell,227605878
2024-07-31 10:20:28,18300.0,1400,Sell,227605908
2024-07-31 10:20:37,18300.0,200,Buy,227606071
2024-07-31 10:20:37,18300.0,2000,Buy,227606088
2024-07-31 10:20:39,18300.0,1200,Buy,227606107
2024-07-31 10:20:42,18300.0,500,Buy,227606161
2024-07-31 10:20:47,18250.0,10000,Sell,227606229
2024-07-31 10:20:59,18250.0,1000,Sell,227606488
2024-07-31 10:21:05,18250.0,5000,Sell,227606591
2024-07-31 10:21:10,18250.0,5400,Sell,227606701
2024-07-31 10:21:11,18250.0,13400,Sell,227606717
2024-07-31 10:21:18,18250.0,6700,Sell,227606850
2024-07-31 10:21:18,18250.0,100,Sell,227606851
2024-07-31 10:21:18,18250.0,3200,Sell,227606852
2024-07-31 10:21:19,18250.0,5000,Sell,227606900
2024-07-31 10:21:20,18250.0,1000,Sell,227606922
2024-07-31 10:21:20,18250.0,1000,Sell,227606921
2024-07-31 10:21:20,18250.0,100,Sell,227606920
2024-07-31 10:21:20,18250.0,300,Sell,227606919
2024-07-31 10:21:20,18250.0,500,Sell,227606918
2024-07-31 10:21:20,18250.0,1000,Sell,227606917
2024-07-31 10:21:20,18250.0,200,Sell,227606923
2024-07-31 10:21:20,18250.0,3000,Sell,227606915
2024-07-31 10:21:20,18250.0,1000,Sell,227606914
2024-07-31 10:21:20,18250.0,100,Sell,227606912
2024-07-31 10:21:20,18250.0,100,Sell,227606911
2024-07-31 10:21:20,18250.0,41800,Sell,227606910
2024-07-31 10:21:20,18250.0,5300,Sell,227606916
2024-07-31 10:21:20,18250.0,1000,Sell,227606913
2024-07-31 10:21:21,18250.0,100,Buy,227606940
2024-07-31 10:21:28,18250.0,1200,Buy,227607063
2024-07-31 10:21:32,18250.0,2300,Buy,227607182
2024-07-31 10:21:32,18250.0,97700,Buy,227607183
2024-07-31 10:21:49,18250.0,1500,Buy,227607458
2024-07-31 10:21:49,18250.0,2000,Buy,227607457
2024-07-31 10:21:49,18250.0,7500,Buy,227607453
2024-07-31 10:21:49,18250.0,2000,Buy,227607455
2024-07-31 10:21:49,18250.0,2000,Buy,227607456
2024-07-31 10:21:49,18250.0,1000,Buy,227607454
2024-07-31 10:22:01,18250.0,300,Buy,227607636
2024-07-31 10:22:01,18250.0,200,Buy,227607637
2024-07-31 10:22:03,18250.0,100,Buy,227607658
2024-07-31 10:22:03,18250.0,2000,Buy,227607659
2024-07-31 10:22:03,18250.0,100,Buy,227607660
2024-07-31 10:22:03,18250.0,1000,Buy,227607661
2024-07-31 10:22:03,18250.0,800,Buy,227607663
2024-07-31 10:22:03,18250.0,1000,Buy,227607662
2024-07-31 10:22:11,18250.0,200,Buy,227607809
2024-07-31 10:22:11,18250.0,1800,Buy,227607810
2024-07-31 10:22:20,18250.0,100,Buy,227607931
2024-07-31 10:22:24,18250.0,100,Buy,227608020
2024-07-31 10:22:28,18250.0,2000,Sell,227608087
2024-07-31 10:22:33,18250.0,2900,Sell,227608199
2024-07-31 10:22:34,18250.0,100,Buy,227608213
2024-07-31 10:22:43,18250.0,2000,Buy,227608378
2024-07-31 10:22:43,18250.0,100,Buy,227608379
2024-07-31 10:22:43,18250.0,4000,Buy,227608377
2024-07-31 10:22:44,18250.0,100,Sell,227608401
2024-07-31 10:22:55,18250.0,100,Sell,227608615
2024-07-31 10:23:09,18250.0,2000,Sell,227608887
2024-07-31 10:23:10,18250.0,1700,Sell,227608892
2024-07-31 10:23:10,18250.0,1000,Sell,227608893
2024-07-31 10:23:16,18250.0,2300,Buy,227608972
2024-07-31 10:23:29,18300.0,2000,Buy,227609192
2024-07-31 10:23:32,18250.0,200,Sell,227609230
2024-07-31 10:23:32,18250.0,1800,Sell,227609231
2024-07-31 10:23:39,18250.0,200,Sell,227609367
2024-07-31 10:23:50,18250.0,100,Buy,227609607
2024-07-31 10:24:06,18250.0,700,Buy,227610030
2024-07-31 10:24:06,18250.0,2300,Buy,227610031
2024-07-31 10:24:07,18250.0,200,Buy,227610046
2024-07-31 10:24:08,18250.0,200,Buy,227610071
2024-07-31 10:24:08,18250.0,1000,Buy,227610072
2024-07-31 10:24:14,18250.0,5000,Buy,227610244
2024-07-31 10:24:17,18250.0,1700,Buy,227610281
2024-07-31 10:24:17,18250.0,2000,Buy,227610280
2024-07-31 10:24:17,18250.0,5000,Buy,227610279
2024-07-31 10:24:17,18250.0,1300,Buy,227610278
2024-07-31 10:24:22,18250.0,100,Buy,227610358
2024-07-31 10:24:23,18250.0,1000,Buy,227610378
2024-07-31 10:24:26,18250.0,200,Buy,227610406
2024-07-31 10:24:28,18250.0,100,Buy,227610429
2024-07-31 10:24:29,18250.0,1000,Buy,227610463
2024-07-31 10:24:34,18250.0,900,Buy,227610605
2024-07-31 10:24:34,18250.0,100,Buy,227610606
2024-07-31 10:24:43,18300.0,200,Buy,227610805
2024-07-31 10:24:51,18250.0,200,Sell,227610946
2024-07-31 10:25:02,18250.0,500,Sell,227611476
2024-07-31 10:25:08,18250.0,200,Sell,227611668
2024-07-31 10:25:08,18250.0,1000,Sell,227611669
2024-07-31 10:25:08,18250.0,1000,Sell,227611670
2024-07-31 10:25:08,18250.0,200,Sell,227611671
2024-07-31 10:25:08,18250.0,1000,Sell,227611672
2024-07-31 10:25:08,18250.0,200,Sell,227611673
2024-07-31 10:25:08,18250.0,300,Sell,227611667
2024-07-31 10:25:11,18200.0,200,Sell,227611733
2024-07-31 10:25:13,18250.0,100,Buy,227611772
2024-07-31 10:25:42,18200.0,500,Sell,227612183
2024-07-31 10:25:54,18250.0,100,Buy,227612412
2024-07-31 10:26:04,18250.0,9900,Buy,227612575
2024-07-31 10:26:04,18250.0,100,Buy,227612576
2024-07-31 10:26:12,18250.0,400,Buy,227612771
2024-07-31 10:26:12,18250.0,100,Buy,227612772
2024-07-31 10:26:21,18250.0,5000,Buy,227612894
2024-07-31 10:26:39,18250.0,1000,Buy,227613121
2024-07-31 10:26:45,18250.0,200,Buy,227613238
2024-07-31 10:27:36,18250.0,1400,Buy,227614085
2024-07-31 10:27:44,18250.0,600,Buy,227614244
2024-07-31 10:27:44,18250.0,100,Buy,227614243
2024-07-31 10:27:44,18250.0,100,Buy,227614242
2024-07-31 10:27:44,18250.0,100,Buy,227614241
2024-07-31 10:27:44,18250.0,100,Buy,227614240
2024-07-31 10:27:44,18250.0,10000,Buy,227614238
2024-07-31 10:27:44,18250.0,2000,Buy,227614237
2024-07-31 10:27:44,18250.0,1800,Buy,227614236
2024-07-31 10:27:44,18250.0,5000,Buy,227614235
2024-07-31 10:27:44,18250.0,1900,Buy,227614234
2024-07-31 10:27:44,18250.0,100,Buy,227614239
2024-07-31 10:27:45,18250.0,5000,Buy,227614283
2024-07-31 10:27:45,18250.0,300,Buy,227614282
2024-07-31 10:27:45,18250.0,100,Buy,227614281
2024-07-31 10:27:45,18250.0,500,Buy,227614280
2024-07-31 10:27:45,18250.0,600,Buy,227614279
2024-07-31 10:27:45,18250.0,1000,Buy,227614277
2024-07-31 10:27:45,18250.0,5400,Buy,227614274
2024-07-31 10:27:45,18250.0,100,Buy,227614278
2024-07-31 10:27:45,18250.0,5000,Buy,227614276
2024-07-31 10:27:45,18250.0,100,Buy,227614275
2024-07-31 10:27:52,18250.0,3000,Sell,227614357
2024-07-31 10:27:57,18250.0,100,Sell,227614415
2024-07-31 10:28:16,18250.0,200,Sell,227614714
2024-07-31 10:28:18,18250.0,5000,Sell,227614749
2024-07-31 10:28:21,18250.0,1000,Sell,227614781
2024-07-31 10:28:31,18250.0,500,Sell,227614940
2024-07-31 10:28:31,18250.0,10000,Sell,227614943
2024-07-31 10:29:12,18250.0,200,Sell,227615692
2024-07-31 10:29:25,18250.0,2700,Sell,227615874
2024-07-31 10:29:28,18250.0,1100,Sell,227615914
2024-07-31 10:29:28,18250.0,100,Sell,227615919
2024-07-31 10:29:33,18250.0,200,Sell,227616012
2024-07-31 10:29:39,18250.0,1000,Buy,227616097
2024-07-31 10:29:39,18250.0,100,Sell,227616091
2024-07-31 10:29:39,18250.0,4300,Sell,227616089
2024-07-31 10:29:39,18250.0,800,Sell,227616092
2024-07-31 10:29:39,18250.0,1700,Sell,227616087
2024-07-31 10:29:39,18250.0,200,Sell,227616088
2024-07-31 10:29:39,18250.0,7800,Sell,227616084
2024-07-31 10:29:39,18250.0,5000,Sell,227616090
2024-07-31 10:29:39,18250.0,1000,Sell,227616086
2024-07-31 10:29:39,18250.0,500,Sell,227616085
2024-07-31 10:29:42,18250.0,7600,Buy,227616124
2024-07-31 10:29:42,18250.0,10000,Buy,227616125
2024-07-31 10:29:46,18250.0,200,Sell,227616219
2024-07-31 10:29:47,18250.0,100,Sell,227616282
2024-07-31 10:29:50,18250.0,200,Sell,227616344
2024-07-31 10:29:52,18250.0,100,Sell,227616364
2024-07-31 10:29:57,18250.0,2000,Sell,227616515
2024-07-31 10:29:57,18250.0,100,Sell,227616473
2024-07-31 10:29:58,18250.0,29700,Sell,227616528
2024-07-31 10:30:07,18250.0,100,Buy,227616744
2024-07-31 10:30:10,18250.0,200,Buy,227616834
2024-07-31 10:30:10,18250.0,9800,Buy,227616835
2024-07-31 10:30:14,18250.0,10000,Buy,227616903
2024-07-31 10:30:16,18250.0,1000,Buy,227616939
2024-07-31 10:30:34,18250.0,600,Buy,227617537
2024-07-31 10:30:35,18250.0,300,Buy,227617549
2024-07-31 10:30:46,18250.0,300,Buy,227617707
2024-07-31 10:31:09,18250.0,1000,Buy,227618049
2024-07-31 10:31:09,18250.0,100,Buy,227618050
2024-07-31 10:31:10,18250.0,100,Buy,227618058
2024-07-31 10:31:16,18250.0,100,Buy,227618208
2024-07-31 10:31:23,18200.0,3000,Sell,227618356
2024-07-31 10:31:23,18200.0,1500,Sell,227618380
2024-07-31 10:31:31,18250.0,200,Buy,227618501
2024-07-31 10:31:51,18200.0,5000,Sell,227618820
2024-07-31 10:32:02,18250.0,1000,Buy,227618970
2024-07-31 10:32:08,18250.0,500,Buy,227619070
2024-07-31 10:32:08,18250.0,100,Buy,227619071
2024-07-31 10:32:08,18250.0,100,Buy,227619072
2024-07-31 10:32:08,18250.0,200,Buy,227619073
2024-07-31 10:32:08,18250.0,100,Buy,227619074
2024-07-31 10:32:30,18200.0,4800,Sell,227619503
2024-07-31 10:32:30,18200.0,200,Sell,227619502
2024-07-31 10:32:30,18250.0,200,Buy,227619489
2024-07-31 10:32:30,18250.0,1000,Buy,227619488
2024-07-31 10:32:30,18250.0,100,Buy,227619484
2024-07-31 10:32:30,18250.0,500,Buy,227619486
2024-07-31 10:32:30,18250.0,2500,Buy,227619485
2024-07-31 10:32:30,18250.0,100,Buy,227619482
2024-07-31 10:32:30,18250.0,500,Buy,227619487
2024-07-31 10:32:30,18250.0,100,Buy,227619483
2024-07-31 10:32:56,18200.0,100,Sell,227619853
2024-07-31 10:33:01,18200.0,5000,Sell,227619935
2024-07-31 10:33:06,18200.0,100,Sell,227620017
2024-07-31 10:34:08,18250.0,100,Buy,227621050
2024-07-31 10:34:19,18250.0,100,Buy,227621251
2024-07-31 10:35:18,18250.0,800,Buy,227622480
2024-07-31 10:35:18,18250.0,2000,Buy,227622481
2024-07-31 10:35:18,18250.0,2200,Buy,227622482
2024-07-31 10:35:45,18250.0,1500,Buy,227623020
2024-07-31 10:35:48,18250.0,300,Buy,227623086
2024-07-31 10:35:48,18250.0,100,Buy,227623087
2024-07-31 10:35:48,18250.0,100,Buy,227623088
2024-07-31 10:36:01,18250.0,100,Buy,227623286
2024-07-31 10:36:17,18250.0,100,Buy,227623659
2024-07-31 10:36:25,18250.0,100,Buy,227623839
2024-07-31 10:36:28,18250.0,1000,Buy,227623891
2024-07-31 10:36:30,18250.0,800,Buy,227623940
2024-07-31 10:36:35,18250.0,700,Buy,227624004
2024-07-31 10:36:35,18250.0,500,Buy,227624003
2024-07-31 10:36:35,18250.0,100,Buy,227624002
2024-07-31 10:36:35,18250.0,1000,Buy,227624001
2024-07-31 10:36:35,18250.0,2000,Buy,227623999
2024-07-31 10:36:35,18250.0,100,Buy,227624000
2024-07-31 10:36:35,18250.0,2000,Buy,227623998
2024-07-31 10:36:35,18250.0,100,Buy,227623993
2024-07-31 10:36:35,18250.0,100,Buy,227623996
2024-07-31 10:36:35,18250.0,1000,Buy,227623997
2024-07-31 10:36:35,18250.0,300,Buy,227623989
2024-07-31 10:36:35,18250.0,600,Buy,227623990
2024-07-31 10:36:35,18250.0,100,Buy,227623991
2024-07-31 10:36:35,18250.0,500,Buy,227623992
2024-07-31 10:36:35,18250.0,2000,Buy,227623995
2024-07-31 10:36:35,18250.0,2500,Buy,227623994
2024-07-31 10:36:45,18250.0,100,Sell,227624200
2024-07-31 10:37:05,18250.0,6000,Sell,227624557
2024-07-31 10:37:33,18250.0,100,Sell,227624940
2024-07-31 10:37:42,18250.0,1500,Sell,227625062
2024-07-31 10:37:55,18250.0,28700,Sell,227625273
2024-07-31 10:37:55,18250.0,1000,Sell,227625274
2024-07-31 10:37:55,18250.0,100,Sell,227625275
2024-07-31 10:37:55,18250.0,900,Sell,227625283
2024-07-31 10:37:56,18250.0,4900,Buy,227625291
2024-07-31 10:38:05,18250.0,1000,Sell,227625448
2024-07-31 10:38:11,18250.0,44100,Sell,227625515
2024-07-31 10:38:12,18250.0,100,Sell,227625518
2024-07-31 10:38:48,18250.0,800,Buy,227627005
2024-07-31 10:39:03,18250.0,100,Buy,227627549
2024-07-31 10:39:07,18250.0,300,Buy,227627637
2024-07-31 10:39:21,18250.0,23500,Buy,227627868
2024-07-31 10:39:21,18250.0,2000,Buy,227627869
2024-07-31 10:39:21,18250.0,1300,Buy,227627870
2024-07-31 10:39:21,18250.0,900,Buy,227627871
2024-07-31 10:39:29,18250.0,500,Sell,227628150
2024-07-31 10:39:44,18250.0,1800,Sell,227628448
2024-07-31 10:39:44,18250.0,200,Sell,227628449
2024-07-31 10:40:05,18250.0,100,Sell,227628890
2024-07-31 10:40:08,18250.0,400,Sell,227628942
2024-07-31 10:40:08,18250.0,4700,Sell,227628939
2024-07-31 10:40:08,18250.0,100,Sell,227628940
2024-07-31 10:40:08,18250.0,500,Sell,227628941
2024-07-31 10:40:37,18250.0,4300,Buy,227629419
2024-07-31 10:40:37,18250.0,700,Buy,227629420
2024-07-31 10:40:44,18250.0,49300,Buy,227629523
2024-07-31 10:40:44,18250.0,10000,Buy,227629524
2024-07-31 10:40:44,18250.0,2700,Buy,227629525
2024-07-31 10:40:58,18250.0,3000,Sell,227629759
2024-07-31 10:41:19,18250.0,500,Sell,227630109
2024-07-31 10:41:20,18300.0,13600,Buy,227630122
2024-07-31 10:41:20,18300.0,3000,Buy,227630121
2024-07-31 10:41:20,18300.0,400,Buy,227630119
2024-07-31 10:41:20,18300.0,500,Buy,227630118
2024-07-31 10:41:20,18300.0,2500,Buy,227630117
2024-07-31 10:41:20,18300.0,5000,Buy,227630120
2024-07-31 10:41:34,18300.0,36400,Buy,227630399
2024-07-31 10:41:34,18300.0,200,Buy,227630400
2024-07-31 10:41:34,18300.0,13400,Buy,227630401
2024-07-31 10:41:42,18300.0,35000,Buy,227630491
2024-07-31 10:41:42,18300.0,100,Buy,227630494
2024-07-31 10:41:47,18300.0,26800,Buy,227630618
2024-07-31 10:41:47,18300.0,5300,Buy,227630617
2024-07-31 10:41:47,18300.0,24000,Buy,227630613
2024-07-31 10:41:47,18300.0,100,Buy,227630615
2024-07-31 10:41:47,18300.0,6000,Buy,227630614
2024-07-31 10:41:47,18300.0,200,Buy,227630616
2024-07-31 10:41:48,18300.0,6000,Buy,227630634
2024-07-31 10:41:55,18300.0,17200,Buy,227630750
2024-07-31 10:41:55,18300.0,100,Buy,227630751
2024-07-31 10:41:55,18300.0,100,Buy,227630752
2024-07-31 10:41:55,18300.0,300,Buy,227630753
2024-07-31 10:41:55,18300.0,2500,Buy,227630754
2024-07-31 10:41:55,18300.0,11800,Buy,227630755
2024-07-31 10:41:56,18300.0,500,Buy,227630779
2024-07-31 10:42:04,18300.0,30000,Buy,227631032
2024-07-31 10:42:06,18300.0,5000,Buy,227631086
2024-07-31 10:42:06,18300.0,100,Buy,227631085
2024-07-31 10:42:06,18300.0,100,Buy,227631084
2024-07-31 10:42:06,18300.0,10000,Buy,227631083
2024-07-31 10:42:06,18300.0,500,Buy,227631087
2024-07-31 10:42:06,18300.0,100,Buy,227631081
2024-07-31 10:42:06,18300.0,500,Buy,227631080
2024-07-31 10:42:06,18300.0,20000,Buy,227631079
2024-07-31 10:42:06,18300.0,7700,Buy,227631078
2024-07-31 10:42:06,18300.0,1000,Buy,227631082
2024-07-31 10:42:12,18300.0,500,Buy,227631250
2024-07-31 10:42:12,18300.0,100,Buy,227631251
2024-07-31 10:42:12,18300.0,200,Buy,227631252
2024-07-31 10:42:12,18300.0,200,Buy,227631253
2024-07-31 10:42:16,18300.0,100,Buy,227631322
2024-07-31 10:42:18,18300.0,300,Buy,227631345
2024-07-31 10:42:18,18300.0,4700,Buy,227631344
2024-07-31 10:42:20,18300.0,1100,Buy,227631404
2024-07-31 10:42:20,18300.0,100,Buy,227631407
2024-07-31 10:42:20,18300.0,1000,Buy,227631405
2024-07-31 10:42:20,18300.0,300,Buy,227631406
2024-07-31 10:42:20,18300.0,1000,Buy,227631408
2024-07-31 10:42:20,18300.0,500,Buy,227631414
2024-07-31 10:42:20,18300.0,200,Buy,227631410
2024-07-31 10:42:20,18300.0,100,Buy,227631411
2024-07-31 10:42:20,18300.0,100,Buy,227631412
2024-07-31 10:42:20,18300.0,300,Buy,227631413
2024-07-31 10:42:20,18300.0,500,Buy,227631403
2024-07-31 10:42:20,18300.0,5000,Buy,227631409
2024-07-31 10:42:20,18300.0,100,Buy,227631402
2024-07-31 10:42:20,18300.0,800,Buy,227631401
2024-07-31 10:42:20,18300.0,300,Buy,227631400
2024-07-31 10:42:20,18300.0,1000,Buy,227631389
2024-07-31 10:42:20,18300.0,1000,Buy,227631390
2024-07-31 10:42:20,18300.0,100,Buy,227631391
2024-07-31 10:42:20,18300.0,100,Buy,227631392
2024-07-31 10:42:20,18300.0,200,Buy,227631393
2024-07-31 10:42:20,18300.0,6700,Buy,227631388
2024-07-31 10:42:20,18300.0,100,Buy,227631395
2024-07-31 10:42:20,18300.0,100,Buy,227631396
2024-07-31 10:42:20,18300.0,100,Buy,227631397
2024-07-31 10:42:20,18300.0,1000,Buy,227631398
2024-07-31 10:42:20,18300.0,10000,Buy,227631399
2024-07-31 10:42:20,18300.0,200,Buy,227631394
2024-07-31 10:42:23,18300.0,100,Buy,227631509
2024-07-31 10:42:23,18300.0,4500,Buy,227631510
2024-07-31 10:42:23,18300.0,5000,Buy,227631511
2024-07-31 10:42:23,18300.0,100,Buy,227631512
2024-07-31 10:42:23,18300.0,100,Buy,227631514
2024-07-31 10:42:23,18300.0,100,Buy,227631515
2024-07-31 10:42:23,18300.0,500,Buy,227631517
2024-07-31 10:42:23,18300.0,100,Buy,227631508
2024-07-31 10:42:23,18300.0,100,Buy,227631518
2024-07-31 10:42:23,18300.0,500,Buy,227631519
2024-07-31 10:42:23,18300.0,700,Buy,227631520
2024-07-31 10:42:23,18300.0,500,Buy,227631521
2024-07-31 10:42:23,18300.0,5000,Buy,227631522
2024-07-31 10:42:23,18300.0,1000,Buy,227631516
2024-07-31 10:42:23,18300.0,1000,Buy,227631507
2024-07-31 10:42:23,18300.0,500,Buy,227631504
2024-07-31 10:42:23,18300.0,500,Buy,227631505
2024-07-31 10:42:23,18300.0,1000,Buy,227631503
2024-07-31 10:42:23,18300.0,200,Buy,227631502
2024-07-31 10:42:23,18300.0,5300,Buy,227631523
2024-07-31 10:42:23,18300.0,100,Buy,227631500
2024-07-31 10:42:23,18300.0,100,Buy,227631499
2024-07-31 10:42:23,18300.0,1000,Buy,227631498
2024-07-31 10:42:23,18300.0,100,Buy,227631497
2024-07-31 10:42:23,18300.0,100,Buy,227631496
2024-07-31 10:42:23,18300.0,8000,Buy,227631495
2024-07-31 10:42:23,18300.0,1000,Buy,227631494
2024-07-31 10:42:23,18300.0,500,Buy,227631493
2024-07-31 10:42:23,18300.0,100,Buy,227631492
2024-07-31 10:42:23,18300.0,1000,Buy,227631491
2024-07-31 10:42:23,18300.0,200,Buy,227631506
2024-07-31 10:42:23,18300.0,1000,Buy,227631501
2024-07-31 10:42:25,18300.0,1000,Buy,227631554
2024-07-31 10:42:30,18300.0,2000,Buy,227631670
2024-07-31 10:42:31,18300.0,8500,Buy,227631689
2024-07-31 10:42:31,18300.0,10000,Buy,227631690
2024-07-31 10:42:31,18300.0,400,Buy,227631691
2024-07-31 10:42:31,18300.0,8000,Buy,227631692
2024-07-31 10:42:31,18300.0,16100,Buy,227631693
2024-07-31 10:42:34,18300.0,1200,Buy,227631726
2024-07-31 10:42:35,18300.0,100,Buy,227631768
2024-07-31 10:42:35,18300.0,10000,Buy,227631767
2024-07-31 10:42:35,18300.0,100,Buy,227631766
2024-07-31 10:42:35,18300.0,200,Buy,227631764
2024-07-31 10:42:35,18300.0,9000,Buy,227631765
2024-07-31 10:42:35,18300.0,500,Buy,227631762
2024-07-31 10:42:35,18300.0,200,Buy,227631761
2024-07-31 10:42:35,18300.0,1000,Buy,227631760
2024-07-31 10:42:35,18300.0,10000,Buy,227631759
2024-07-31 10:42:35,18300.0,32700,Buy,227631758
2024-07-31 10:42:35,18300.0,100,Buy,227631763
2024-07-31 10:42:41,18300.0,5000,Sell,227631850
2024-07-31 10:42:41,18300.0,100,Sell,227631851
2024-07-31 10:42:43,18350.0,500,Buy,227631869
2024-07-31 10:42:45,18350.0,3400,Buy,227631903
2024-07-31 10:42:45,18350.0,500,Buy,227631908
2024-07-31 10:42:45,18350.0,3000,Buy,227631907
2024-07-31 10:42:45,18350.0,500,Buy,227631906
2024-07-31 10:42:45,18350.0,13400,Buy,227631905
2024-07-31 10:42:45,18350.0,300,Buy,227631904
2024-07-31 10:42:45,18350.0,100,Buy,227631902
2024-07-31 10:42:45,18350.0,500,Buy,227631894
2024-07-31 10:42:45,18350.0,700,Buy,227631900
2024-07-31 10:42:45,18350.0,200,Buy,227631899
2024-07-31 10:42:45,18350.0,2000,Buy,227631898
2024-07-31 10:42:45,18350.0,100,Buy,227631897
2024-07-31 10:42:45,18350.0,300,Buy,227631896
2024-07-31 10:42:45,18350.0,1000,Buy,227631895
2024-07-31 10:42:45,18350.0,1000,Buy,227631893
2024-07-31 10:42:45,18350.0,300,Buy,227631901
2024-07-31 10:42:46,18350.0,1000,Buy,227631925
2024-07-31 10:42:46,18350.0,100,Buy,227631924
2024-07-31 10:42:46,18350.0,500,Buy,227631923
2024-07-31 10:42:46,18350.0,500,Buy,227631922
2024-07-31 10:42:46,18350.0,1000,Buy,227631921
2024-07-31 10:42:46,18350.0,200,Buy,227631918
2024-07-31 10:42:46,18350.0,10000,Buy,227631917
2024-07-31 10:42:46,18350.0,7000,Buy,227631920
2024-07-31 10:42:46,18350.0,900,Buy,227631915
2024-07-31 10:42:46,18350.0,100,Buy,227631916
2024-07-31 10:42:46,18350.0,2100,Buy,227631909
2024-07-31 10:42:46,18350.0,400,Buy,227631910
2024-07-31 10:42:46,18350.0,400,Buy,227631911
2024-07-31 10:42:46,18350.0,2500,Buy,227631919
2024-07-31 10:42:46,18350.0,500,Buy,227631913
2024-07-31 10:42:46,18350.0,300,Buy,227631914
2024-07-31 10:42:46,18350.0,200,Buy,227631912
2024-07-31 10:42:59,18350.0,1000,Buy,227632138
2024-07-31 10:43:05,18350.0,100,Buy,227632221
2024-07-31 10:43:05,18350.0,200,Buy,227632222
2024-07-31 10:43:05,18350.0,100,Buy,227632223
2024-07-31 10:43:05,18350.0,100,Buy,227632224
2024-07-31 10:43:05,18350.0,1000,Buy,227632225
2024-07-31 10:43:05,18350.0,100,Buy,227632226
2024-07-31 10:43:05,18350.0,3400,Buy,227632227
2024-07-31 10:43:06,18350.0,100,Buy,227632251
2024-07-31 10:43:08,18350.0,100,Buy,227632284
2024-07-31 10:43:16,18350.0,4600,Buy,227632418
2024-07-31 10:43:16,18350.0,100,Buy,227632417
2024-07-31 10:43:16,18350.0,200,Buy,227632416
2024-07-31 10:43:16,18350.0,100,Buy,227632415
2024-07-31 10:43:16,18350.0,100,Buy,227632414
2024-07-31 10:43:16,18350.0,1000,Buy,227632413
2024-07-31 10:43:16,18350.0,100,Buy,227632412
2024-07-31 10:43:16,18350.0,100,Buy,227632411
2024-07-31 10:43:16,18350.0,20000,Buy,227632410
2024-07-31 10:43:16,18350.0,100,Buy,227632409
2024-07-31 10:43:16,18350.0,1000,Buy,227632408
2024-07-31 10:43:16,18350.0,1000,Buy,227632407
2024-07-31 10:43:16,18350.0,200,Buy,227632398
2024-07-31 10:43:16,18350.0,5000,Buy,227632399
2024-07-31 10:43:16,18350.0,100,Buy,227632400
2024-07-31 10:43:16,18350.0,200,Buy,227632401
2024-07-31 10:43:16,18350.0,1400,Buy,227632397
2024-07-31 10:43:16,18350.0,100,Buy,227632403
2024-07-31 10:43:16,18350.0,2000,Buy,227632404
2024-07-31 10:43:16,18350.0,100,Buy,227632405
2024-07-31 10:43:16,18350.0,500,Buy,227632406
2024-07-31 10:43:16,18350.0,2000,Buy,227632402
2024-07-31 10:43:17,18350.0,600,Buy,227632453
2024-07-31 10:43:21,18350.0,500,Buy,227632547
2024-07-31 10:43:21,18350.0,1000,Buy,227632548
2024-07-31 10:43:21,18350.0,400,Buy,227632549
2024-07-31 10:43:21,18350.0,500,Buy,227632550
2024-07-31 10:43:21,18350.0,300,Buy,227632556
2024-07-31 10:43:21,18350.0,2000,Buy,227632552
2024-07-31 10:43:21,18350.0,300,Buy,227632557
2024-07-31 10:43:21,18350.0,4600,Buy,227632558
2024-07-31 10:43:21,18350.0,100,Buy,227632546
2024-07-31 10:43:21,18350.0,2000,Buy,227632551
2024-07-31 10:43:21,18350.0,200,Buy,227632544
2024-07-31 10:43:21,18350.0,100,Buy,227632545
2024-07-31 10:43:21,18350.0,8000,Buy,227632534
2024-07-31 10:43:21,18350.0,1000,Buy,227632543
2024-07-31 10:43:21,18350.0,100,Buy,227632533
2024-07-31 10:43:21,18350.0,1000,Buy,227632535
2024-07-31 10:43:21,18350.0,2500,Buy,227632536
2024-07-31 10:43:21,18350.0,300,Buy,227632537
2024-07-31 10:43:21,18350.0,2800,Buy,227632532
2024-07-31 10:43:21,18350.0,200,Buy,227632539
2024-07-31 10:43:21,18350.0,5000,Buy,227632540
2024-07-31 10:43:21,18350.0,100,Buy,227632541
2024-07-31 10:43:21,18350.0,10000,Buy,227632542
2024-07-31 10:43:21,18350.0,2000,Buy,227632538
2024-07-31 10:43:23,18350.0,200,Buy,227632599
2024-07-31 10:43:23,18350.0,1800,Buy,227632600
2024-07-31 10:43:27,18300.0,100,Sell,227632650
2024-07-31 10:43:31,18350.0,500,Buy,227632750
2024-07-31 10:43:33,18350.0,5000,Buy,227632832
2024-07-31 10:43:33,18350.0,1000,Buy,227632830
2024-07-31 10:43:33,18350.0,500,Buy,227632831
2024-07-31 10:43:33,18350.0,100,Buy,227632826
2024-07-31 10:43:33,18350.0,8500,Buy,227632834
2024-07-31 10:43:33,18350.0,400,Buy,227632835
2024-07-31 10:43:33,18350.0,5900,Buy,227632836
2024-07-31 10:43:33,18350.0,200,Buy,227632837
2024-07-31 10:43:33,18350.0,5000,Buy,227632833
2024-07-31 10:43:33,18350.0,2000,Buy,227632829
2024-07-31 10:43:33,18350.0,1000,Buy,227632822
2024-07-31 10:43:33,18350.0,2300,Buy,227632827
2024-07-31 10:43:33,18350.0,100,Buy,227632825
2024-07-31 10:43:33,18350.0,1900,Buy,227632824
2024-07-31 10:43:33,18350.0,200,Buy,227632823
2024-07-31 10:43:33,18350.0,400,Buy,227632821
2024-07-31 10:43:33,18350.0,500,Buy,227632820
2024-07-31 10:43:33,18350.0,500,Buy,227632819
2024-07-31 10:43:33,18350.0,1000,Buy,227632818
2024-07-31 10:43:33,18350.0,2700,Buy,227632817
2024-07-31 10:43:33,18350.0,1000,Buy,227632828
2024-07-31 10:43:35,18350.0,2000,Buy,227632881
2024-07-31 10:43:35,18350.0,5000,Buy,227632882
2024-07-31 10:43:35,18350.0,100,Buy,227632883
2024-07-31 10:43:35,18350.0,500,Buy,227632884
2024-07-31 10:43:35,18350.0,1000,Buy,227632880
2024-07-31 10:43:35,18350.0,200,Buy,227632886
2024-07-31 10:43:35,18350.0,500,Buy,227632887
2024-07-31 10:43:35,18350.0,10000,Buy,227632888
2024-07-31 10:43:35,18350.0,1800,Buy,227632889
2024-07-31 10:43:35,18350.0,13400,Buy,227632890
2024-07-31 10:43:35,18350.0,5000,Buy,227632885
2024-07-31 10:43:35,18350.0,1000,Buy,227632879
2024-07-31 10:43:35,18350.0,300,Buy,227632873
2024-07-31 10:43:35,18350.0,2000,Buy,227632877
2024-07-31 10:43:35,18350.0,100,Buy,227632878
2024-07-31 10:43:35,18350.0,13900,Buy,227632866
2024-07-31 10:43:35,18350.0,3000,Buy,227632867
2024-07-31 10:43:35,18350.0,200,Buy,227632868
2024-07-31 10:43:35,18350.0,500,Buy,227632869
2024-07-31 10:43:35,18350.0,100,Buy,227632870
2024-07-31 10:43:35,18350.0,200,Buy,227632871
2024-07-31 10:43:35,18350.0,1000,Buy,227632872
2024-07-31 10:43:35,18350.0,3000,Buy,227632874
2024-07-31 10:43:35,18350.0,100,Buy,227632875
2024-07-31 10:43:35,18350.0,100,Buy,227632876
2024-07-31 10:43:46,18350.0,55000,Buy,227633163
2024-07-31 10:43:50,18350.0,10000,Buy,227633231
2024-07-31 10:43:50,18350.0,1000,Sell,227633232
2024-07-31 10:43:50,18350.0,10000,Buy,227633229
2024-07-31 10:43:50,18350.0,41600,Buy,227633228
2024-07-31 10:43:50,18350.0,1000,Buy,227633230
2024-07-31 10:43:53,18350.0,300,Sell,227633261
2024-07-31 10:43:56,18350.0,300,Sell,227633354
2024-07-31 10:43:59,18400.0,200,Buy,227633447
2024-07-31 10:43:59,18400.0,100,Buy,227633440
2024-07-31 10:43:59,18400.0,1000,Buy,227633441
2024-07-31 10:43:59,18400.0,100,Buy,227633442
2024-07-31 10:43:59,18400.0,200,Buy,227633444
2024-07-31 10:43:59,18400.0,3000,Buy,227633445
2024-07-31 10:43:59,18400.0,200,Buy,227633448
2024-07-31 10:43:59,18400.0,1000,Buy,227633454
2024-07-31 10:43:59,18400.0,5000,Buy,227633450
2024-07-31 10:43:59,18400.0,1000,Buy,227633451
2024-07-31 10:43:59,18400.0,1000,Buy,227633452
2024-07-31 10:43:59,18400.0,100,Buy,227633453
2024-07-31 10:43:59,18400.0,200,Buy,227633439
2024-07-31 10:43:59,18400.0,1000,Buy,227633455
2024-07-31 10:43:59,18400.0,1100,Buy,227633456
2024-07-31 10:43:59,18400.0,10000,Buy,227633449
2024-07-31 10:43:59,18400.0,100,Buy,227633438
2024-07-31 10:43:59,18400.0,5000,Buy,227633446
2024-07-31 10:43:59,18400.0,1000,Buy,227633436
2024-07-31 10:43:59,18400.0,1000,Buy,227633437
2024-07-31 10:43:59,18400.0,1400,Buy,227633420
2024-07-31 10:43:59,18400.0,200,Buy,227633421
2024-07-31 10:43:59,18400.0,5000,Buy,227633422
2024-07-31 10:43:59,18400.0,100,Buy,227633423
2024-07-31 10:43:59,18400.0,300,Buy,227633424
2024-07-31 10:43:59,18400.0,3900,Buy,227633425
2024-07-31 10:43:59,18400.0,1000,Buy,227633426
2024-07-31 10:43:59,18400.0,2500,Buy,227633427
2024-07-31 10:43:59,18400.0,100,Buy,227633443
2024-07-31 10:43:59,18400.0,1000,Buy,227633429
2024-07-31 10:43:59,18400.0,500,Buy,227633430
2024-07-31 10:43:59,18400.0,1000,Buy,227633431
2024-07-31 10:43:59,18400.0,1500,Buy,227633432
2024-07-31 10:43:59,18400.0,100,Buy,227633433
2024-07-31 10:43:59,18400.0,100,Buy,227633434
2024-07-31 10:43:59,18400.0,1000,Buy,227633428
2024-07-31 10:43:59,18400.0,2000,Buy,227633435
2024-07-31 10:44:02,18400.0,100,Buy,227633512
2024-07-31 10:44:06,18350.0,10000,Sell,227633589
2024-07-31 10:44:09,18350.0,500,Sell,227633632
2024-07-31 10:44:11,18400.0,20000,Buy,227633660
2024-07-31 10:44:11,18400.0,1000,Buy,227633661
2024-07-31 10:44:11,18400.0,3000,Buy,227633662
2024-07-31 10:44:11,18400.0,3300,Buy,227633666
2024-07-31 10:44:11,18400.0,10000,Buy,227633664
2024-07-31 10:44:11,18400.0,9600,Buy,227633665
2024-07-31 10:44:11,18400.0,2000,Buy,227633659
2024-07-31 10:44:11,18350.0,1000,Sell,227633674
2024-07-31 10:44:11,18400.0,100,Buy,227633663
2024-07-31 10:44:11,18400.0,500,Buy,227633658
2024-07-31 10:44:11,18400.0,200,Buy,227633654
2024-07-31 10:44:11,18400.0,500,Buy,227633656
2024-07-31 10:44:11,18400.0,5000,Buy,227633655
2024-07-31 10:44:11,18400.0,1000,Buy,227633653
2024-07-31 10:44:11,18400.0,200,Buy,227633652
2024-07-31 10:44:11,18400.0,300,Buy,227633651
2024-07-31 10:44:11,18400.0,300,Buy,227633650
2024-07-31 10:44:11,18400.0,2000,Buy,227633648
2024-07-31 10:44:11,18400.0,3800,Buy,227633647
2024-07-31 10:44:11,18400.0,2000,Buy,227633657
2024-07-31 10:44:11,18400.0,200,Buy,227633649
2024-07-31 10:44:15,18400.0,1800,Buy,227633772
2024-07-31 10:44:21,18350.0,100,Sell,227633857
2024-07-31 10:44:21,18400.0,65000,Buy,227633872
2024-07-31 10:44:27,18350.0,100,Sell,227633957
2024-07-31 10:44:34,18400.0,38000,Buy,227634170
2024-07-31 10:44:35,18350.0,200,Sell,227634191
2024-07-31 10:44:36,18400.0,2000,Buy,227634199
2024-07-31 10:44:37,18400.0,1500,Buy,227634233
2024-07-31 10:44:37,18400.0,100000,Buy,227634229
2024-07-31 10:44:46,18400.0,6200,Buy,227634363
2024-07-31 10:44:46,18400.0,1000,Buy,227634361
2024-07-31 10:44:46,18400.0,500,Buy,227634360
2024-07-31 10:44:46,18400.0,200,Buy,227634359
2024-07-31 10:44:46,18400.0,200,Buy,227634358
2024-07-31 10:44:46,18400.0,200,Buy,227634357
2024-07-31 10:44:46,18400.0,800,Buy,227634362
2024-07-31 10:44:46,18400.0,100,Buy,227634355
2024-07-31 10:44:46,18400.0,100,Buy,227634354
2024-07-31 10:44:46,18400.0,400,Buy,227634353
2024-07-31 10:44:46,18400.0,256300,Buy,227634352
2024-07-31 10:44:46,18400.0,38400,Buy,227634350
2024-07-31 10:44:46,18400.0,500,Buy,227634351
2024-07-31 10:44:46,18400.0,100,Buy,227634356
2024-07-31 10:44:51,18400.0,100,Buy,227634467
2024-07-31 10:44:53,18400.0,1000,Buy,227634495
2024-07-31 10:44:58,18400.0,150000,Buy,227634652
2024-07-31 10:45:03,18400.0,5000,Buy,227634804
2024-07-31 10:45:03,18400.0,100,Buy,227634755
2024-07-31 10:45:03,18400.0,63900,Buy,227634759
2024-07-31 10:45:03,18400.0,2000,Buy,227634758
2024-07-31 10:45:03,18400.0,200,Buy,227634757
2024-07-31 10:45:03,18400.0,100,Buy,227634756
2024-07-31 10:45:03,18400.0,89000,Buy,227634818
2024-07-31 10:45:03,18400.0,100,Buy,227634754
2024-07-31 10:45:03,18400.0,100,Buy,227634740
2024-07-31 10:45:03,18400.0,100,Buy,227634752
2024-07-31 10:45:03,18400.0,5500,Buy,227634751
2024-07-31 10:45:03,18400.0,500,Buy,227634743
2024-07-31 10:45:03,18400.0,1100,Buy,227634742
2024-07-31 10:45:03,18400.0,5000,Buy,227634741
2024-07-31 10:45:03,18400.0,142700,Buy,227634738
2024-07-31 10:45:03,18400.0,100,Buy,227634753
2024-07-31 10:45:03,18400.0,278500,Buy,227634739
2024-07-31 10:45:05,18400.0,1000,Buy,227634840
2024-07-31 10:45:06,18400.0,10000,Buy,227634873
2024-07-31 10:45:07,18400.0,3000,Buy,227634875
2024-07-31 10:45:07,18400.0,1000,Buy,227634908
2024-07-31 10:45:13,18400.0,85000,Buy,227635018
2024-07-31 10:45:14,18400.0,200000,Buy,227635046
2024-07-31 10:45:17,18400.0,5000,Buy,227635142
2024-07-31 10:45:18,18400.0,10000,Buy,227635154
2024-07-31 10:45:19,18400.0,4100,Buy,227635158
2024-07-31 10:45:22,18400.0,1000,Buy,227635215
2024-07-31 10:45:23,18400.0,1000,Buy,227635235
2024-07-31 10:45:25,18400.0,100,Buy,227635275
2024-07-31 10:45:26,18400.0,300,Buy,227635282
2024-07-31 10:45:27,18400.0,6400,Buy,227635304
2024-07-31 10:45:27,18400.0,100,Buy,227635303
2024-07-31 10:45:27,18400.0,200,Buy,227635301
2024-07-31 10:45:27,18400.0,2000,Buy,227635296
2024-07-31 10:45:27,18400.0,18400,Buy,227635302
2024-07-31 10:45:35,18400.0,150000,Buy,227635450
2024-07-31 10:45:37,18400.0,1000,Buy,227635520
2024-07-31 10:45:37,18400.0,500,Buy,227635523
2024-07-31 10:45:37,18400.0,1000,Buy,227635522
2024-07-31 10:45:37,18400.0,7500,Buy,227635521
2024-07-31 10:45:37,18400.0,100,Buy,227635519
2024-07-31 10:45:37,18400.0,5000,Buy,227635512
2024-07-31 10:45:37,18400.0,100,Buy,227635517
2024-07-31 10:45:37,18400.0,200,Buy,227635515
2024-07-31 10:45:37,18400.0,100,Buy,227635514
2024-07-31 10:45:37,18400.0,700,Buy,227635513
2024-07-31 10:45:37,18400.0,200,Buy,227635524
2024-07-31 10:45:37,18400.0,200,Buy,227635511
2024-07-31 10:45:37,18400.0,8700,Buy,227635518
2024-07-31 10:45:37,18400.0,10000,Buy,227635525
2024-07-31 10:45:37,18400.0,100,Buy,227635531
2024-07-31 10:45:37,18400.0,5000,Buy,227635527
2024-07-31 10:45:37,18400.0,100,Buy,227635528
2024-07-31 10:45:37,18400.0,500,Buy,227635529
2024-07-31 10:45:37,18400.0,100,Buy,227635530
2024-07-31 10:45:37,18400.0,100,Buy,227635532
2024-07-31 10:45:37,18400.0,500,Buy,227635533
2024-07-31 10:45:37,18400.0,1000,Buy,227635534
2024-07-31 10:45:37,18400.0,2500,Buy,227635535
2024-07-31 10:45:37,18400.0,1000,Buy,227635536
2024-07-31 10:45:37,18400.0,500,Buy,227635537
2024-07-31 10:45:37,18400.0,3400,Buy,227635538
2024-07-31 10:45:37,18400.0,1000,Buy,227635542
2024-07-31 10:45:37,18400.0,100,Buy,227635510
2024-07-31 10:45:37,18400.0,200,Buy,227635526
2024-07-31 10:45:37,18400.0,500,Buy,227635509
2024-07-31 10:45:37,18400.0,10000,Buy,227635516
2024-07-31 10:45:37,18400.0,100,Buy,227635507
2024-07-31 10:45:37,18400.0,112200,Buy,227635479
2024-07-31 10:45:37,18400.0,2100,Buy,227635480
2024-07-31 10:45:37,18400.0,256600,Buy,227635481
2024-07-31 10:45:37,18400.0,7000,Buy,227635482
2024-07-31 10:45:37,18400.0,100,Buy,227635484
2024-07-31 10:45:37,18400.0,100,Buy,227635485
2024-07-31 10:45:37,18400.0,2000,Buy,227635486
2024-07-31 10:45:37,18400.0,1000,Buy,227635487
2024-07-31 10:45:37,18400.0,5000,Buy,227635488
2024-07-31 10:45:37,18400.0,2200,Buy,227635489
2024-07-31 10:45:37,18400.0,800,Buy,227635490
2024-07-31 10:45:37,18400.0,500,Buy,227635491
2024-07-31 10:45:37,18400.0,1000,Buy,227635492
2024-07-31 10:45:37,18400.0,500,Buy,227635493
2024-07-31 10:45:37,18400.0,200,Buy,227635483
2024-07-31 10:45:37,18400.0,500,Buy,227635495
2024-07-31 10:45:37,18400.0,2000,Buy,227635494
2024-07-31 10:45:37,18400.0,5000,Buy,227635506
2024-07-31 10:45:37,18400.0,100,Buy,227635505
2024-07-31 10:45:37,18400.0,2000,Buy,227635504
2024-07-31 10:45:37,18400.0,100,Buy,227635503
2024-07-31 10:45:37,18400.0,10000,Buy,227635502
2024-07-31 10:45:37,18400.0,2000,Buy,227635508
2024-07-31 10:45:37,18400.0,100,Buy,227635501
2024-07-31 10:45:37,18400.0,300,Buy,227635471
2024-07-31 10:45:37,18400.0,1000,Buy,227635500
2024-07-31 10:45:37,18400.0,5000,Buy,227635499
2024-07-31 10:45:37,18400.0,100,Buy,227635498
2024-07-31 10:45:37,18400.0,7000,Buy,227635497
2024-07-31 10:45:37,18400.0,1500,Buy,227635496
2024-07-31 10:45:38,18400.0,3600,Buy,227635555
2024-07-31 10:45:38,18400.0,1400,Buy,227635556
2024-07-31 10:45:39,18400.0,200,Buy,227635586
2024-07-31 10:45:39,18400.0,800,Buy,227635575
2024-07-31 10:45:39,18400.0,10000,Buy,227635570
2024-07-31 10:45:39,18400.0,500,Buy,227635569
2024-07-31 10:45:39,18400.0,3000,Buy,227635571
2024-07-31 10:45:40,18400.0,6000,Buy,227635593
2024-07-31 10:45:40,18400.0,5000,Buy,227635589
2024-07-31 10:45:41,18400.0,20000,Buy,227635609
2024-07-31 10:45:43,18400.0,34000,Buy,227635659
2024-07-31 10:45:43,18400.0,10000,Buy,227635660
2024-07-31 10:45:43,18400.0,1000,Buy,227635661
2024-07-31 10:45:43,18400.0,100,Buy,227635662
2024-07-31 10:45:43,18400.0,100,Buy,227635663
2024-07-31 10:45:43,18400.0,300,Buy,227635664
2024-07-31 10:45:43,18400.0,500,Buy,227635665
2024-07-31 10:45:43,18400.0,1000,Buy,227635666
2024-07-31 10:45:43,18400.0,100,Buy,227635667
2024-07-31 10:45:44,18400.0,200,Sell,227635697
2024-07-31 10:45:45,18400.0,200,Sell,227635717
2024-07-31 10:45:45,18400.0,100,Sell,227635721
2024-07-31 10:45:48,18400.0,300,Sell,227635751
2024-07-31 10:45:52,18450.0,1500,Buy,227635809
2024-07-31 10:45:52,18450.0,100,Buy,227635810
2024-07-31 10:45:52,18450.0,1500,Buy,227635811
2024-07-31 10:45:52,18450.0,5500,Buy,227635812
2024-07-31 10:45:52,18450.0,9500,Buy,227635813
2024-07-31 10:45:52,18450.0,900,Buy,227635814
2024-07-31 10:45:52,18450.0,1000,Buy,227635808
2024-07-31 10:45:56,18450.0,5400,Buy,227635896
2024-07-31 10:45:56,18450.0,1000,Buy,227635895
2024-07-31 10:45:56,18450.0,1000,Buy,227635894
2024-07-31 10:45:56,18450.0,2000,Buy,227635893
2024-07-31 10:45:56,18450.0,300,Buy,227635891
2024-07-31 10:45:56,18450.0,1000,Buy,227635890
2024-07-31 10:45:56,18450.0,14100,Buy,227635889
2024-07-31 10:45:56,18400.0,100,Sell,227635885
2024-07-31 10:45:56,18450.0,200,Buy,227635892
2024-07-31 10:45:57,18450.0,500,Buy,227635910
2024-07-31 10:46:01,18400.0,1000,Sell,227635952
2024-07-31 10:46:05,18400.0,10000,Sell,227636011
2024-07-31 10:46:08,18400.0,100,Sell,227636154
2024-07-31 10:46:10,18400.0,1500,Sell,227636178
2024-07-31 10:46:11,18450.0,200,Buy,227636196
2024-07-31 10:46:13,18400.0,10000,Sell,227636234
2024-07-31 10:46:14,18400.0,200,Sell,227636254
2024-07-31 10:46:16,18450.0,5000,Buy,227636291
2024-07-31 10:46:16,18450.0,3000,Buy,227636292
2024-07-31 10:46:16,18450.0,100,Buy,227636293
2024-07-31 10:46:16,18450.0,100,Buy,227636294
2024-07-31 10:46:16,18450.0,5000,Buy,227636295
2024-07-31 10:46:16,18450.0,1000,Buy,227636296
2024-07-31 10:46:16,18450.0,500,Buy,227636297
2024-07-31 10:46:16,18450.0,3400,Buy,227636298
2024-07-31 10:46:16,18450.0,13900,Buy,227636290
2024-07-31 10:46:21,18450.0,1400,Buy,227636376
2024-07-31 10:46:21,18450.0,1000,Buy,227636375
2024-07-31 10:46:21,18450.0,1000,Buy,227636374
2024-07-31 10:46:21,18450.0,1000,Buy,227636373
2024-07-31 10:46:21,18450.0,400,Buy,227636363
2024-07-31 10:46:21,18450.0,1600,Buy,227636362
2024-07-31 10:46:21,18450.0,600,Buy,227636372
2024-07-31 10:46:22,18450.0,600,Buy,227636407
2024-07-31 10:46:22,18450.0,200,Buy,227636408
2024-07-31 10:46:22,18450.0,500,Buy,227636409
2024-07-31 10:46:22,18450.0,3700,Buy,227636410
2024-07-31 10:46:23,18400.0,300,Sell,227636439
2024-07-31 10:46:29,18450.0,45600,Buy,227636567
2024-07-31 10:46:29,18450.0,1000,Buy,227636566
2024-07-31 10:46:29,18450.0,7300,Buy,227636561
2024-07-31 10:46:29,18450.0,1000,Buy,227636564
2024-07-31 10:46:29,18450.0,100,Buy,227636565
2024-07-31 10:46:30,18450.0,500,Buy,227636588
2024-07-31 10:46:30,18450.0,4400,Buy,227636587
2024-07-31 10:46:30,18450.0,3100,Buy,227636608
2024-07-31 10:46:30,18450.0,2000,Buy,227636607
2024-07-31 10:46:30,18450.0,100,Buy,227636606
2024-07-31 10:46:30,18450.0,200,Buy,227636605
2024-07-31 10:46:30,18450.0,100,Buy,227636604
2024-07-31 10:46:30,18450.0,100,Buy,227636603
2024-07-31 10:46:30,18450.0,3000,Buy,227636602
2024-07-31 10:46:30,18450.0,300,Buy,227636600
2024-07-31 10:46:30,18450.0,25000,Buy,227636599
2024-07-31 10:46:30,18450.0,100,Buy,227636601
2024-07-31 10:46:30,18450.0,100,Buy,227636597
2024-07-31 10:46:30,18450.0,100,Buy,227636596
2024-07-31 10:46:30,18450.0,200,Buy,227636595
2024-07-31 10:46:30,18450.0,300,Buy,227636594
2024-07-31 10:46:30,18450.0,1000,Buy,227636593
2024-07-31 10:46:30,18450.0,200,Buy,227636592
2024-07-31 10:46:30,18450.0,100,Buy,227636591
2024-07-31 10:46:30,18450.0,100,Buy,227636590
2024-07-31 10:46:30,18450.0,28000,Buy,227636589
2024-07-31 10:46:30,18450.0,1000,Buy,227636598
2024-07-31 10:46:36,18450.0,2500,Buy,227636709
2024-07-31 10:46:36,18450.0,100,Buy,227636731
2024-07-31 10:46:36,18450.0,4200,Buy,227636711
2024-07-31 10:46:36,18450.0,100,Buy,227636710
2024-07-31 10:46:36,18450.0,200,Buy,227636708
2024-07-31 10:46:36,18450.0,200,Buy,227636705
2024-07-31 10:46:36,18450.0,400,Buy,227636706
2024-07-31 10:46:36,18450.0,6900,Buy,227636701
2024-07-31 10:46:36,18450.0,200,Buy,227636704
2024-07-31 10:46:36,18450.0,300,Buy,227636703
2024-07-31 10:46:36,18450.0,200,Buy,227636702
2024-07-31 10:46:36,18450.0,6800,Buy,227636707
2024-07-31 10:46:37,18400.0,100,Sell,227636734
2024-07-31 10:46:37,18450.0,700,Buy,227636743
2024-07-31 10:46:37,18450.0,1000,Buy,227636744
2024-07-31 10:46:37,18450.0,200,Buy,227636745
2024-07-31 10:46:37,18450.0,1500,Buy,227636746
2024-07-31 10:46:37,18450.0,1600,Buy,227636747
2024-07-31 10:46:38,18450.0,5000,Buy,227636778
2024-07-31 10:46:39,18400.0,1000,Sell,227636800
2024-07-31 10:46:41,18450.0,2000,Buy,227636828
2024-07-31 10:46:43,18450.0,500,Buy,227636895
2024-07-31 10:46:43,18450.0,1500,Buy,227636894
2024-07-31 10:46:43,18450.0,200,Buy,227636889
2024-07-31 10:46:43,18450.0,5000,Buy,227636893
2024-07-31 10:46:43,18450.0,100,Buy,227636892
2024-07-31 10:46:43,18450.0,100,Buy,227636891
2024-07-31 10:46:43,18450.0,7000,Buy,227636890
2024-07-31 10:46:43,18450.0,100,Buy,227636888
2024-07-31 10:46:43,18450.0,100,Buy,227636870
2024-07-31 10:46:43,18450.0,200,Buy,227636886
2024-07-31 10:46:43,18450.0,10000,Buy,227636887
2024-07-31 10:46:43,18450.0,1400,Buy,227636868
2024-07-31 10:46:43,18450.0,5000,Buy,227636871
2024-07-31 10:46:43,18450.0,100,Buy,227636869
