time,price,volume,match_type,id
2024-08-30 09:14:58,17850.0,25800,ATO/ATC,235893516
2024-08-30 09:15:51,17850.0,100,Sell,235894282
2024-08-30 09:16:07,17850.0,2000,Sell,235894522
2024-08-30 09:16:45,17850.0,12200,Sell,235895316
2024-08-30 09:17:05,17850.0,400,Sell,235895571
2024-08-30 09:17:05,17850.0,5100,Sell,235895570
2024-08-30 09:17:14,17850.0,5000,Sell,235895688
2024-08-30 09:17:14,17850.0,200,Sell,235895692
2024-08-30 09:17:14,17850.0,500,Sell,235895691
2024-08-30 09:17:14,17850.0,100,Sell,235895687
2024-08-30 09:17:14,17850.0,5000,Sell,235895689
2024-08-30 09:17:14,17850.0,1000,Sell,235895690
2024-08-30 09:17:23,17900.0,100,Buy,235895794
2024-08-30 09:17:53,17900.0,200,Buy,235896240
2024-08-30 09:17:53,17900.0,1800,Buy,235896241
2024-08-30 09:18:04,17900.0,100,Buy,235896392
2024-08-30 09:19:12,17850.0,100,Sell,235897386
2024-08-30 09:19:33,17900.0,100,Buy,235897706
2024-08-30 09:19:47,17900.0,400,Buy,235897992
2024-08-30 09:19:47,17900.0,500,Buy,235897979
2024-08-30 09:19:50,17900.0,1100,Buy,235898040
2024-08-30 09:20:08,17850.0,4500,Sell,235898283
2024-08-30 09:20:58,17850.0,600,Sell,235899063
2024-08-30 09:21:49,17850.0,1000,Sell,235899821
2024-08-30 09:22:00,17850.0,100,Sell,235900010
2024-08-30 09:22:06,17900.0,2000,Buy,235900128
2024-08-30 09:22:17,17850.0,100,Sell,235900310
2024-08-30 09:22:17,17850.0,500,Sell,235900307
2024-08-30 09:22:17,17850.0,200,Sell,235900308
2024-08-30 09:22:17,17850.0,800,Sell,235900309
2024-08-30 09:23:30,17900.0,200,Buy,235901851
2024-08-30 09:24:22,17900.0,100,Buy,235902888
2024-08-30 09:24:32,17850.0,4000,Sell,235903117
2024-08-30 09:24:32,17850.0,2500,Sell,235903118
2024-08-30 09:24:32,17850.0,6300,Sell,235903119
2024-08-30 09:24:38,17900.0,1900,Buy,235903229
2024-08-30 09:24:47,17850.0,100,Sell,235903429
2024-08-30 09:24:47,17850.0,4100,Sell,235903432
2024-08-30 09:24:47,17850.0,100,Sell,235903431
2024-08-30 09:24:47,17850.0,600,Sell,235903430
2024-08-30 09:24:47,17850.0,100,Sell,235903427
2024-08-30 09:24:47,17850.0,200,Sell,235903428
2024-08-30 09:24:47,17850.0,2000,Sell,235903425
2024-08-30 09:24:47,17850.0,5200,Sell,235903420
2024-08-30 09:24:47,17850.0,4900,Sell,235903424
2024-08-30 09:24:47,17850.0,500,Sell,235903423
2024-08-30 09:24:47,17850.0,100,Sell,235903422
2024-08-30 09:24:47,17850.0,100,Sell,235903421
2024-08-30 09:24:47,17850.0,2000,Sell,235903426
2024-08-30 09:24:56,17850.0,300,Sell,235903616
2024-08-30 09:25:32,17850.0,20000,Sell,235904277
2024-08-30 09:26:10,17900.0,3300,Buy,235905033
2024-08-30 09:26:29,17850.0,5000,Sell,235905304
2024-08-30 09:26:32,17900.0,100,Buy,235905332
2024-08-30 09:26:41,17850.0,600,Sell,235905446
2024-08-30 09:26:41,17850.0,1000,Sell,235905447
2024-08-30 09:26:41,17850.0,1600,Sell,235905448
2024-08-30 09:26:50,17850.0,800,Sell,235905592
2024-08-30 09:26:56,17900.0,4900,Buy,235905703
2024-08-30 09:26:56,17900.0,1000,Buy,235905702
2024-08-30 09:26:56,17900.0,10000,Buy,235905701
2024-08-30 09:26:56,17900.0,200,Buy,235905698
2024-08-30 09:26:56,17900.0,100,Buy,235905699
2024-08-30 09:26:56,17900.0,3400,Buy,235905697
2024-08-30 09:26:56,17850.0,3600,Sell,235905691
2024-08-30 09:26:56,17900.0,400,Buy,235905700
2024-08-30 09:27:14,17900.0,100,Buy,235906007
2024-08-30 09:27:24,17900.0,1000,Buy,235906157
2024-08-30 09:27:28,17900.0,11800,Buy,235906217
2024-08-30 09:27:28,17900.0,8200,Buy,235906218
2024-08-30 09:27:40,17900.0,2200,Buy,235906421
2024-08-30 09:27:40,17900.0,400,Buy,235906420
2024-08-30 09:27:40,17900.0,100,Buy,235906416
2024-08-30 09:27:40,17900.0,600,Buy,235906419
2024-08-30 09:27:40,17900.0,100,Buy,235906418
2024-08-30 09:27:40,17900.0,100,Buy,235906417
2024-08-30 09:27:40,17900.0,100,Buy,235906415
2024-08-30 09:27:40,17900.0,1000,Buy,235906409
2024-08-30 09:27:40,17900.0,200,Buy,235906413
2024-08-30 09:27:40,17900.0,100,Buy,235906414
2024-08-30 09:27:40,17900.0,1000,Buy,235906408
2024-08-30 09:27:40,17900.0,13500,Buy,235906407
2024-08-30 09:27:40,17900.0,4500,Buy,235906411
2024-08-30 09:27:40,17900.0,22400,Buy,235906410
2024-08-30 09:27:40,17900.0,3700,Buy,235906412
2024-08-30 09:27:53,17900.0,12800,Buy,235906715
2024-08-30 09:27:53,17900.0,18000,Buy,235906716
2024-08-30 09:27:53,17900.0,6700,Sell,235906730
2024-08-30 09:27:59,17900.0,12500,Sell,235906851
2024-08-30 09:27:59,17900.0,300,Sell,235906852
2024-08-30 09:27:59,17900.0,8700,Sell,235906853
2024-08-30 09:28:09,17900.0,100,Sell,235907053
2024-08-30 09:28:12,17900.0,2000,Sell,235907101
2024-08-30 09:28:12,17900.0,300,Sell,235907100
2024-08-30 09:28:12,17900.0,5500,Sell,235907098
2024-08-30 09:28:12,17900.0,21200,Sell,235907097
2024-08-30 09:28:12,17900.0,500,Sell,235907099
2024-08-30 09:28:28,17900.0,500,Buy,235907373
2024-08-30 09:28:29,17900.0,2000,Buy,235907377
2024-08-30 09:28:39,17950.0,100,Buy,235907525
2024-08-30 09:28:39,17950.0,5000,Buy,235907524
2024-08-30 09:28:39,17950.0,2500,Buy,235907526
2024-08-30 09:28:39,17950.0,900,Buy,235907522
2024-08-30 09:28:39,17950.0,20000,Buy,235907520
2024-08-30 09:28:39,17950.0,36700,Buy,235907523
2024-08-30 09:28:39,17900.0,8800,Buy,235907518
2024-08-30 09:28:39,17950.0,400,Buy,235907519
2024-08-30 09:28:39,17900.0,1200,Buy,235907514
2024-08-30 09:28:39,17950.0,2700,Buy,235907521
2024-08-30 09:28:39,17900.0,10000,Buy,235907516
2024-08-30 09:28:39,17900.0,700,Buy,235907515
2024-08-30 09:28:39,17900.0,1000,Buy,235907517
2024-08-30 09:28:40,17950.0,400,Buy,235907550
2024-08-30 09:28:51,17900.0,2000,Buy,235907775
2024-08-30 09:28:51,17900.0,2200,Buy,235907777
2024-08-30 09:28:52,17900.0,15700,Sell,235907785
2024-08-30 09:28:57,17900.0,100,Sell,235907850
2024-08-30 09:29:30,17900.0,4200,Sell,235908488
2024-08-30 09:29:39,17900.0,5800,Sell,235908707
2024-08-30 09:29:45,17900.0,1000,Sell,235908795
2024-08-30 09:29:45,17900.0,2000,Sell,235908794
2024-08-30 09:29:52,17900.0,4000,Sell,235908927
2024-08-30 09:29:52,17900.0,1000,Sell,235908929
2024-08-30 09:29:52,17900.0,100,Sell,235908930
2024-08-30 09:29:52,17900.0,3000,Sell,235908928
2024-08-30 09:29:58,17900.0,2900,Buy,235909027
2024-08-30 09:30:00,17900.0,7100,Sell,235909051
2024-08-30 09:30:00,17900.0,300,Sell,235909052
2024-08-30 09:30:03,17900.0,200,Buy,235909101
2024-08-30 09:30:07,17900.0,100,Buy,235909185
2024-08-30 09:30:29,17900.0,3200,Buy,235909550
2024-08-30 09:30:29,17900.0,100,Buy,235909551
2024-08-30 09:30:29,17900.0,2200,Buy,235909552
2024-08-30 09:30:34,17900.0,6400,Buy,235909614
2024-08-30 09:30:34,17900.0,2300,Buy,235909613
2024-08-30 09:30:34,17900.0,5600,Buy,235909611
2024-08-30 09:30:34,17900.0,5000,Buy,235909612
2024-08-30 09:30:40,17900.0,200,Sell,235909722
2024-08-30 09:30:40,17900.0,700,Sell,235909721
2024-08-30 09:30:48,17900.0,200,Sell,235909898
2024-08-30 09:30:49,17900.0,12500,Sell,235909925
2024-08-30 09:30:49,17900.0,200,Sell,235909926
2024-08-30 09:31:02,17900.0,900,Buy,235910140
2024-08-30 09:31:02,17900.0,4100,Buy,235910145
2024-08-30 09:31:16,17900.0,4900,Buy,235910366
2024-08-30 09:31:16,17900.0,500,Buy,235910367
2024-08-30 09:31:16,17900.0,5000,Buy,235910368
2024-08-30 09:31:16,17900.0,7000,Buy,235910369
2024-08-30 09:31:27,17900.0,2600,Sell,235910524
2024-08-30 09:31:27,17900.0,800,Sell,235910525
2024-08-30 09:31:29,17900.0,500,Buy,235910562
2024-08-30 09:31:40,17900.0,100,Buy,235910745
2024-08-30 09:31:41,17900.0,500,Buy,235910754
2024-08-30 09:32:47,17900.0,5500,Buy,235912309
2024-08-30 09:32:48,17900.0,500,Buy,235912320
2024-08-30 09:32:51,17900.0,600,Sell,235912419
2024-08-30 09:32:54,17900.0,400,Sell,235912483
2024-08-30 09:33:00,17900.0,10000,Buy,235912585
2024-08-30 09:33:04,17900.0,600,Buy,235912643
2024-08-30 09:33:18,17900.0,1000,Buy,235913110
2024-08-30 09:33:20,17900.0,500,Buy,235913165
2024-08-30 09:33:28,17900.0,4000,Buy,235913373
2024-08-30 09:33:35,17900.0,8500,Buy,235913537
2024-08-30 09:33:58,17950.0,2000,Buy,235913978
2024-08-30 09:34:19,17900.0,15000,Sell,235914503
2024-08-30 09:35:45,17950.0,4300,Buy,235916521
2024-08-30 09:35:59,17950.0,2100,Buy,235916780
2024-08-30 09:36:17,17950.0,100,Buy,235917214
2024-08-30 09:36:25,17900.0,100,Sell,235917343
2024-08-30 09:36:47,17900.0,500,Sell,235917750
2024-08-30 09:37:40,17900.0,100,Sell,235918702
2024-08-30 09:37:41,17900.0,900,Sell,235918718
2024-08-30 09:37:41,17900.0,50000,Sell,235918717
2024-08-30 09:37:41,17900.0,2000,Sell,235918716
2024-08-30 09:37:41,17900.0,5800,Sell,235918711
2024-08-30 09:37:41,17900.0,3000,Sell,235918714
2024-08-30 09:37:41,17900.0,1000,Sell,235918713
2024-08-30 09:37:41,17900.0,20000,Sell,235918712
2024-08-30 09:37:41,17900.0,1000,Sell,235918715
2024-08-30 09:37:53,17900.0,100,Sell,235918935
2024-08-30 09:38:02,17900.0,1000,Sell,235919095
2024-08-30 09:38:02,17900.0,100,Sell,235919094
2024-08-30 09:38:02,17900.0,6600,Sell,235919096
2024-08-30 09:38:02,17900.0,500,Sell,235919092
2024-08-30 09:38:02,17900.0,1000,Sell,235919093
2024-08-30 09:38:02,17900.0,800,Sell,235919091
2024-08-30 09:38:20,17900.0,7300,Sell,235919396
2024-08-30 09:38:21,17900.0,100,Sell,235919424
2024-08-30 09:38:31,17900.0,200,Sell,235919630
2024-08-30 09:38:50,17900.0,100,Sell,235919963
2024-08-30 09:39:01,17900.0,5000,Sell,235920143
2024-08-30 09:39:04,17900.0,10700,Sell,235920249
2024-08-30 09:39:04,17900.0,1500,Sell,235920251
2024-08-30 09:39:04,17900.0,300,Sell,235920250
2024-08-30 09:39:07,17900.0,20000,Sell,235920338
2024-08-30 09:39:10,17900.0,4500,Sell,235920485
2024-08-30 09:39:16,17900.0,200,Sell,235920548
2024-08-30 09:39:17,17900.0,100,Sell,235920558
2024-08-30 09:39:17,17900.0,1600,Sell,235920556
2024-08-30 09:39:17,17900.0,1700,Sell,235920557
2024-08-30 09:39:38,17900.0,100,Buy,235920900
2024-08-30 09:39:49,17900.0,2000,Buy,235921065
2024-08-30 09:42:20,17850.0,100,Sell,235923865
2024-08-30 09:42:36,17850.0,100,Sell,235924202
2024-08-30 09:43:22,17850.0,400,Sell,235925265
2024-08-30 09:43:22,17850.0,2700,Sell,235925266
2024-08-30 09:44:15,17900.0,5700,Buy,235926435
2024-08-30 09:44:31,17900.0,5300,Buy,235926870
2024-08-30 09:44:31,17900.0,400,Buy,235926871
2024-08-30 09:44:36,17900.0,2000,Buy,235927049
2024-08-30 09:44:44,17900.0,4900,Buy,235927159
2024-08-30 09:44:44,17900.0,100,Buy,235927165
2024-08-30 09:44:48,17850.0,300,Sell,235927263
2024-08-30 09:44:48,17850.0,100,Sell,235927262
2024-08-30 09:44:48,17850.0,6000,Sell,235927260
2024-08-30 09:44:48,17850.0,1000,Sell,235927259
2024-08-30 09:44:48,17850.0,300,Sell,235927261
2024-08-30 09:44:48,17850.0,500,Sell,235927257
2024-08-30 09:44:48,17850.0,2000,Sell,235927256
2024-08-30 09:44:48,17850.0,100,Sell,235927255
2024-08-30 09:44:48,17850.0,300,Sell,235927254
2024-08-30 09:44:48,17850.0,100,Sell,235927258
2024-08-30 09:44:59,17850.0,200,Sell,235927482
2024-08-30 09:46:51,17900.0,500,Buy,235930128
2024-08-30 09:47:04,17900.0,5700,Buy,235930367
2024-08-30 09:47:40,17900.0,600,Buy,235931286
2024-08-30 09:47:40,17900.0,300,Buy,235931287
2024-08-30 09:47:40,17900.0,2000,Buy,235931288
2024-08-30 09:47:40,17900.0,6400,Buy,235931289
2024-08-30 09:47:40,17900.0,5000,Buy,235931293
2024-08-30 09:47:40,17900.0,1000,Buy,235931291
2024-08-30 09:47:40,17900.0,1300,Buy,235931292
2024-08-30 09:47:40,17900.0,4500,Buy,235931294
2024-08-30 09:47:40,17900.0,500,Buy,235931290
2024-08-30 09:47:40,17900.0,1000,Buy,235931285
2024-08-30 09:47:40,17900.0,500,Buy,235931283
2024-08-30 09:47:40,17900.0,1000,Buy,235931282
2024-08-30 09:47:40,17900.0,200,Buy,235931281
2024-08-30 09:47:40,17900.0,5000,Buy,235931280
2024-08-30 09:47:40,17900.0,2700,Buy,235931279
2024-08-30 09:47:40,17900.0,4000,Buy,235931278
2024-08-30 09:47:40,17900.0,200,Buy,235931277
2024-08-30 09:47:40,17900.0,10000,Buy,235931276
2024-08-30 09:47:40,17900.0,100,Buy,235931275
2024-08-30 09:47:40,17900.0,2700,Buy,235931274
2024-08-30 09:47:40,17900.0,1000,Buy,235931284
2024-08-30 09:47:47,17900.0,3100,Buy,235931423
2024-08-30 09:47:47,17900.0,200,Buy,235931424
2024-08-30 09:47:55,17900.0,1700,Sell,235931571
2024-08-30 09:47:55,17900.0,200,Sell,235931572
2024-08-30 09:48:12,17900.0,200,Buy,235932068
2024-08-30 09:48:33,17900.0,3200,Buy,235932552
2024-08-30 09:48:33,17900.0,6000,Buy,235932553
2024-08-30 09:48:33,17900.0,7100,Buy,235932554
2024-08-30 09:48:33,17900.0,500,Buy,235932555
2024-08-30 09:48:33,17900.0,6200,Buy,235932556
2024-08-30 09:48:33,17900.0,3400,Buy,235932557
2024-08-30 09:48:33,17900.0,14400,Buy,235932551
2024-08-30 09:48:39,17900.0,4900,Sell,235932682
2024-08-30 09:48:42,17900.0,500,Sell,235932768
2024-08-30 09:48:47,17900.0,3800,Sell,235932894
2024-08-30 09:48:47,17900.0,6200,Sell,235932895
2024-08-30 09:48:56,17900.0,1100,Sell,235933093
2024-08-30 09:48:58,17900.0,5800,Sell,235933111
2024-08-30 09:49:18,17900.0,20000,Sell,235933771
2024-08-30 09:49:19,17900.0,2000,Sell,235933781
2024-08-30 09:49:20,17900.0,9900,Sell,235933789
2024-08-30 09:49:22,17900.0,300,Sell,235933835
2024-08-30 09:49:26,17900.0,1000,Sell,235933953
2024-08-30 09:49:26,17900.0,200,Sell,235933952
2024-08-30 09:49:26,17900.0,4700,Sell,235933948
2024-08-30 09:49:26,17900.0,200,Sell,235933950
2024-08-30 09:49:26,17900.0,1900,Sell,235933949
2024-08-30 09:49:26,17900.0,5700,Sell,235933951
2024-08-30 09:49:31,17900.0,500,Buy,235934039
2024-08-30 09:49:55,17900.0,100,Buy,235934826
2024-08-30 09:49:56,17900.0,200,Buy,235934889
2024-08-30 09:50:09,17900.0,1000,Buy,235935348
2024-08-30 09:50:09,17900.0,1400,Buy,235935349
2024-08-30 09:50:25,17900.0,800,Buy,235935821
2024-08-30 09:50:25,17900.0,200,Buy,235935822
2024-08-30 09:50:25,17900.0,100,Buy,235935794
2024-08-30 09:50:25,17900.0,8600,Buy,235935793
2024-08-30 09:50:25,17900.0,5200,Buy,235935795
2024-08-30 09:50:52,17900.0,7800,Buy,235936613
2024-08-30 09:50:52,17900.0,2200,Buy,235936614
2024-08-30 09:51:06,17900.0,500,Buy,235937113
2024-08-30 09:51:07,17900.0,200,Buy,235937131
2024-08-30 09:51:54,17850.0,1000,Sell,235938778
2024-08-30 09:51:58,17900.0,100,Buy,235938845
2024-08-30 09:51:58,17900.0,100,Buy,235938846
2024-08-30 09:52:43,17850.0,300,Sell,235940101
2024-08-30 09:53:23,17850.0,30000,Sell,235941224
2024-08-30 09:53:23,17850.0,7900,Sell,235941225
2024-08-30 09:53:23,17850.0,200,Sell,235941223
2024-08-30 09:53:23,17850.0,100,Sell,235941222
2024-08-30 09:53:23,17850.0,1000,Sell,235941220
2024-08-30 09:53:23,17850.0,1000,Sell,235941219
2024-08-30 09:53:23,17850.0,2600,Sell,235941218
2024-08-30 09:53:23,17850.0,7100,Sell,235941217
2024-08-30 09:53:23,17850.0,100,Sell,235941221
2024-08-30 09:53:43,17900.0,100,Buy,235941758
2024-08-30 09:53:52,17900.0,400,Buy,235942035
2024-08-30 09:54:45,17900.0,400,Buy,235943121
2024-08-30 09:54:45,17900.0,5300,Buy,235943122
2024-08-30 09:54:50,17850.0,2500,Sell,235943206
2024-08-30 09:55:03,17900.0,200,Buy,235943473
2024-08-30 09:57:05,17850.0,2900,Sell,235946013
2024-08-30 09:58:12,17850.0,1900,Sell,235947325
2024-08-30 09:58:18,17850.0,400,Sell,235947416
2024-08-30 09:58:31,17850.0,400,Sell,235947641
2024-08-30 09:59:01,17850.0,4500,Sell,235948219
2024-08-30 09:59:23,17850.0,900,Sell,235948633
2024-08-30 10:00:31,17850.0,900,Sell,235949993
2024-08-30 10:00:34,17900.0,1000,Buy,235950157
2024-08-30 10:00:34,17900.0,1000,Buy,235950158
2024-08-30 10:00:34,17900.0,200,Buy,235950159
2024-08-30 10:00:34,17900.0,300,Buy,235950156
2024-08-30 10:00:34,17900.0,500,Buy,235950161
2024-08-30 10:00:34,17900.0,100,Buy,235950163
2024-08-30 10:00:34,17900.0,100,Buy,235950165
2024-08-30 10:00:34,17900.0,15000,Buy,235950160
2024-08-30 10:00:34,17900.0,8400,Buy,235950155
2024-08-30 10:00:34,17900.0,300,Buy,235950164
2024-08-30 10:00:34,17900.0,1000,Buy,235950153
2024-08-30 10:00:34,17900.0,4000,Buy,235950154
2024-08-30 10:00:34,17900.0,3500,Buy,235950145
2024-08-30 10:00:34,17900.0,8500,Buy,235950146
2024-08-30 10:00:34,17900.0,2300,Buy,235950147
2024-08-30 10:00:34,17900.0,500,Buy,235950162
2024-08-30 10:00:34,17900.0,5700,Buy,235950148
2024-08-30 10:00:34,17900.0,50000,Buy,235950149
2024-08-30 10:00:34,17900.0,5000,Buy,235950150
2024-08-30 10:00:34,17900.0,5600,Buy,235950151
2024-08-30 10:00:34,17900.0,5000,Buy,235950152
2024-08-30 10:01:06,17900.0,1000,Sell,235950727
2024-08-30 10:01:11,17900.0,1900,Sell,235950803
2024-08-30 10:01:19,17900.0,500,Sell,235950924
2024-08-30 10:01:27,17950.0,100,Buy,235951012
2024-08-30 10:01:34,17900.0,1000,Sell,235951251
2024-08-30 10:01:37,17950.0,5700,Buy,235951321
2024-08-30 10:02:00,17950.0,300,Buy,235951852
2024-08-30 10:02:00,17950.0,200,Buy,235951853
2024-08-30 10:02:00,17950.0,2300,Buy,235951854
2024-08-30 10:02:19,17950.0,1200,Buy,235952317
2024-08-30 10:02:19,17950.0,2000,Buy,235952316
2024-08-30 10:02:19,17950.0,200,Buy,235952314
2024-08-30 10:02:19,17950.0,100,Buy,235952315
2024-08-30 10:02:19,17950.0,2200,Buy,235952305
2024-08-30 10:02:47,17900.0,13500,Sell,235952882
2024-08-30 10:03:03,17900.0,100,Sell,235953203
2024-08-30 10:03:06,17900.0,4200,Sell,235953240
2024-08-30 10:03:32,17900.0,6200,Sell,235953712
2024-08-30 10:03:38,17900.0,4100,Sell,235953818
2024-08-30 10:03:44,17900.0,2800,Sell,235954026
2024-08-30 10:03:59,17900.0,9000,Sell,235954313
2024-08-30 10:04:07,17900.0,7000,Sell,235954454
2024-08-30 10:04:10,17900.0,300,Sell,235954546
2024-08-30 10:04:35,17900.0,5000,Sell,235954927
2024-08-30 10:04:40,17950.0,100,Buy,235955056
2024-08-30 10:04:44,17900.0,8300,Sell,235955259
2024-08-30 10:04:47,17900.0,5000,Sell,235955301
2024-08-30 10:04:47,17900.0,1500,Sell,235955304
2024-08-30 10:05:18,17900.0,100,Sell,235955852
2024-08-30 10:05:45,17900.0,4500,Sell,235956342
2024-08-30 10:05:58,17900.0,1000,Sell,235956592
2024-08-30 10:06:05,17900.0,3700,Sell,235956698
2024-08-30 10:06:15,17900.0,1300,Sell,235956898
2024-08-30 10:06:15,17900.0,200,Sell,235956899
2024-08-30 10:06:15,17900.0,300,Sell,235956900
2024-08-30 10:06:30,17900.0,2100,Sell,235957125
2024-08-30 10:06:44,17900.0,500,Sell,235957328
2024-08-30 10:07:07,17900.0,300,Sell,235957772
2024-08-30 10:07:21,17900.0,500,Sell,235958037
2024-08-30 10:07:31,17900.0,25000,Sell,235958200
2024-08-30 10:08:22,17900.0,3700,Sell,235959006
2024-08-30 10:08:22,17900.0,1300,Sell,235959005
2024-08-30 10:08:27,17900.0,10000,Sell,235959075
2024-08-30 10:08:34,17900.0,5800,Sell,235959147
2024-08-30 10:08:35,17850.0,20000,Sell,235959177
2024-08-30 10:08:35,17900.0,10000,Sell,235959174
2024-08-30 10:08:35,17900.0,5000,Sell,235959176
2024-08-30 10:08:35,17900.0,2000,Sell,235959175
2024-08-30 10:08:35,17900.0,20000,Sell,235959173
2024-08-30 10:08:35,17900.0,500,Sell,235959167
2024-08-30 10:08:35,17900.0,3100,Sell,235959171
2024-08-30 10:08:35,17900.0,85500,Sell,235959170
2024-08-30 10:08:35,17900.0,10000,Sell,235959169
2024-08-30 10:08:35,17900.0,100,Sell,235959168
2024-08-30 10:08:35,17900.0,10500,Sell,235959166
2024-08-30 10:08:35,17900.0,1000,Sell,235959172
2024-08-30 10:10:17,17850.0,2000,Sell,235960775
2024-08-30 10:12:07,17900.0,2000,Buy,235962440
2024-08-30 10:12:21,17900.0,3000,Buy,235962748
2024-08-30 10:13:25,17900.0,2000,Buy,235963823
2024-08-30 10:13:36,17900.0,100,Buy,235964053
2024-08-30 10:15:19,17900.0,10000,Buy,235965635
2024-08-30 10:15:19,17900.0,500,Buy,235965657
2024-08-30 10:15:19,17900.0,1000,Buy,235965656
2024-08-30 10:15:19,17900.0,400,Buy,235965655
2024-08-30 10:15:19,17900.0,100,Buy,235965654
2024-08-30 10:15:19,17900.0,4000,Buy,235965653
2024-08-30 10:15:19,17900.0,2000,Buy,235965652
2024-08-30 10:15:19,17900.0,1000,Buy,235965651
2024-08-30 10:15:19,17900.0,100,Buy,235965650
2024-08-30 10:15:19,17900.0,700,Buy,235965649
2024-08-30 10:15:19,17900.0,4400,Buy,235965648
2024-08-30 10:15:19,17900.0,200,Buy,235965647
2024-08-30 10:15:19,17900.0,10200,Buy,235965634
2024-08-30 10:15:19,17900.0,2900,Buy,235965645
2024-08-30 10:15:19,17900.0,400,Buy,235965636
2024-08-30 10:15:19,17900.0,18200,Buy,235965637
2024-08-30 10:15:19,17900.0,6900,Buy,235965638
2024-08-30 10:15:19,17900.0,200,Buy,235965639
2024-08-30 10:15:19,17900.0,200,Buy,235965646
2024-08-30 10:15:19,17900.0,500,Buy,235965641
2024-08-30 10:15:19,17900.0,3700,Buy,235965642
2024-08-30 10:15:19,17900.0,6300,Buy,235965643
2024-08-30 10:15:19,17900.0,500,Buy,235965644
2024-08-30 10:15:19,17900.0,1000,Buy,235965640
2024-08-30 10:15:24,17900.0,3000,Sell,235965735
2024-08-30 10:15:28,17950.0,500,Buy,235965777
2024-08-30 10:16:18,17900.0,1700,Buy,235966618
2024-08-30 10:16:18,17900.0,21600,Sell,235966609
2024-08-30 10:16:18,17900.0,300,Sell,235966610
2024-08-30 10:16:27,17900.0,10100,Sell,235966761
2024-08-30 10:16:27,17900.0,18200,Sell,235966749
2024-08-30 10:16:42,17900.0,100,Buy,235966949
2024-08-30 10:16:47,17900.0,900,Buy,235967049
2024-08-30 10:17:26,17900.0,100,Buy,235967648
2024-08-30 10:17:44,17900.0,100,Buy,235967937
2024-08-30 10:17:46,17900.0,2100,Buy,235967981
2024-08-30 10:18:01,17850.0,200,Sell,235968211
2024-08-30 10:18:56,17850.0,500,Sell,235969069
2024-08-30 10:19:31,17850.0,1000,Sell,235969548
2024-08-30 10:20:24,17900.0,100,Buy,235970241
2024-08-30 10:21:03,17850.0,1000,Sell,235970930
2024-08-30 10:21:54,17900.0,100,Buy,235971718
2024-08-30 10:21:58,17850.0,300,Sell,235971835
2024-08-30 10:22:27,17900.0,500,Buy,235972216
2024-08-30 10:23:06,17850.0,2700,Sell,235972727
2024-08-30 10:23:16,17850.0,500,Sell,235972900
2024-08-30 10:24:56,17850.0,100,Sell,235974376
2024-08-30 10:25:41,17850.0,200,Sell,235974917
2024-08-30 10:25:54,17900.0,1900,Buy,235975108
2024-08-30 10:25:59,17900.0,5700,Buy,235975335
2024-08-30 10:26:17,17900.0,5700,Buy,235975536
2024-08-30 10:26:21,17900.0,1900,Buy,235975631
2024-08-30 10:26:30,17900.0,5000,Buy,235975806
2024-08-30 10:26:30,17900.0,700,Buy,235975805
2024-08-30 10:26:44,17850.0,1500,Sell,235976037
2024-08-30 10:26:45,17900.0,1900,Buy,235976071
2024-08-30 10:27:41,17900.0,7200,Buy,235976882
2024-08-30 10:27:41,17900.0,5000,Buy,235976881
2024-08-30 10:27:41,17900.0,15000,Buy,235976880
2024-08-30 10:27:41,17900.0,5000,Buy,235976879
2024-08-30 10:27:41,17900.0,100,Buy,235976874
2024-08-30 10:27:41,17900.0,2500,Buy,235976877
2024-08-30 10:27:41,17900.0,10000,Buy,235976876
2024-08-30 10:27:41,17900.0,1000,Buy,235976875
2024-08-30 10:27:41,17900.0,10600,Buy,235976873
2024-08-30 10:27:41,17900.0,200,Buy,235976878
2024-08-30 10:27:41,17900.0,400,Buy,235976871
2024-08-30 10:27:41,17900.0,15000,Buy,235976863
2024-08-30 10:27:41,17900.0,5000,Buy,235976864
2024-08-30 10:27:41,17900.0,100,Buy,235976865
2024-08-30 10:27:41,17900.0,8400,Buy,235976866
2024-08-30 10:27:41,17900.0,1000,Buy,235976872
2024-08-30 10:27:41,17900.0,100,Buy,235976868
2024-08-30 10:27:41,17900.0,100,Buy,235976869
2024-08-30 10:27:41,17900.0,12300,Buy,235976870
2024-08-30 10:27:41,17900.0,1000,Buy,235976867
2024-08-30 10:27:48,17900.0,2000,Buy,235976939
2024-08-30 10:27:50,17900.0,5800,Buy,235976968
2024-08-30 10:27:50,17900.0,20000,Buy,235976969
2024-08-30 10:27:50,17900.0,300,Buy,235976970
2024-08-30 10:27:50,17900.0,100,Buy,235976971
2024-08-30 10:27:59,17900.0,10000,Sell,235977094
2024-08-30 10:28:01,17900.0,800,Sell,235977117
2024-08-30 10:28:29,17900.0,100,Sell,235977452
2024-08-30 10:28:38,17900.0,2900,Sell,235977566
2024-08-30 10:28:38,17900.0,2800,Sell,235977567
2024-08-30 10:29:04,17900.0,500,Sell,235977909
2024-08-30 10:29:11,17900.0,2700,Sell,235977981
2024-08-30 10:29:11,17900.0,1600,Sell,235977982
2024-08-30 10:29:22,17900.0,5000,Sell,235978130
2024-08-30 10:29:29,17900.0,2000,Sell,235978288
2024-08-30 10:29:33,17900.0,10000,Sell,235978339
2024-08-30 10:29:40,17900.0,100,Sell,235978480
2024-08-30 10:29:45,17900.0,6000,Sell,235978530
2024-08-30 10:29:56,17900.0,20000,Sell,235978662
2024-08-30 10:30:01,17900.0,2700,Sell,235978744
2024-08-30 10:30:01,17900.0,1000,Sell,235978747
2024-08-30 10:30:01,17900.0,5300,Sell,235978742
2024-08-30 10:30:01,17900.0,2000,Sell,235978743
2024-08-30 10:30:05,17900.0,1300,Sell,235978810
2024-08-30 10:30:05,17900.0,700,Sell,235978811
2024-08-30 10:30:08,17900.0,1300,Sell,235978884
2024-08-30 10:30:08,17900.0,200,Sell,235978885
2024-08-30 10:30:27,17900.0,400,Buy,235979185
2024-08-30 10:30:33,17900.0,100,Buy,235979274
2024-08-30 10:31:01,17900.0,13000,Buy,235979680
2024-08-30 10:31:01,17900.0,200,Buy,235979681
2024-08-30 10:31:01,17900.0,1000,Buy,235979682
2024-08-30 10:31:01,17900.0,600,Buy,235979683
2024-08-30 10:31:11,17900.0,300,Sell,235979884
2024-08-30 10:31:19,17900.0,100,Sell,235979953
2024-08-30 10:31:31,17950.0,500,Buy,235980204
2024-08-30 10:31:57,17900.0,100,Sell,235980713
2024-08-30 10:32:14,17900.0,400,Sell,235981042
2024-08-30 10:32:23,17900.0,10000,Sell,235981165
2024-08-30 10:32:24,17900.0,4300,Sell,235981196
2024-08-30 10:32:24,17900.0,1300,Sell,235981197
2024-08-30 10:32:24,17900.0,400,Sell,235981198
2024-08-30 10:32:24,17900.0,100,Sell,235981199
2024-08-30 10:32:32,17850.0,200,Sell,235981315
2024-08-30 10:33:30,17900.0,1200,Buy,235982441
2024-08-30 10:33:30,17900.0,2800,Buy,235982442
2024-08-30 10:33:43,17850.0,200,Sell,235982672
2024-08-30 10:34:35,17900.0,3200,Buy,235983653
2024-08-30 10:34:35,17900.0,100,Buy,235983654
2024-08-30 10:34:35,17900.0,1700,Buy,235983655
2024-08-30 10:35:06,17850.0,200,Sell,235984354
2024-08-30 10:35:27,17850.0,200,Sell,235984709
2024-08-30 10:35:50,17900.0,200,Buy,235985166
2024-08-30 10:36:32,17850.0,100,Sell,235985810
2024-08-30 10:36:36,17900.0,1000,Buy,235985876
2024-08-30 10:36:42,17900.0,100,Buy,235986010
2024-08-30 10:36:42,17900.0,100,Buy,235986011
2024-08-30 10:37:03,17900.0,300,Buy,235986366
2024-08-30 10:37:03,17900.0,500,Buy,235986365
2024-08-30 10:37:03,17900.0,100,Buy,235986362
2024-08-30 10:37:03,17900.0,200,Buy,235986363
2024-08-30 10:37:03,17900.0,400,Buy,235986364
2024-08-30 10:37:28,17900.0,200,Buy,235986795
2024-08-30 10:37:28,17900.0,200,Buy,235986794
2024-08-30 10:37:48,17900.0,2000,Sell,235987107
2024-08-30 10:37:55,17900.0,1600,Sell,235987253
2024-08-30 10:37:55,17900.0,200,Sell,235987254
2024-08-30 10:37:55,17900.0,1000,Sell,235987255
2024-08-30 10:38:18,17900.0,300,Buy,235987665
2024-08-30 10:38:45,17900.0,500,Buy,235988259
2024-08-30 10:39:19,17900.0,1300,Buy,235988798
2024-08-30 10:40:56,17900.0,5700,Buy,235990347
2024-08-30 10:41:35,17900.0,500,Buy,235990849
2024-08-30 10:41:55,17900.0,20000,Buy,235991117
2024-08-30 10:44:30,17900.0,5000,Buy,235993926
2024-08-30 10:45:14,17850.0,300,Sell,235994592
2024-08-30 10:45:49,17900.0,5000,Buy,235995131
2024-08-30 10:45:51,17900.0,1200,Buy,235995176
2024-08-30 10:46:50,17900.0,5700,Buy,235996089
2024-08-30 10:47:02,17900.0,500,Buy,235996299
2024-08-30 10:47:26,17900.0,700,Buy,235996686
2024-08-30 10:47:44,17900.0,100,Buy,235996944
2024-08-30 10:47:47,17900.0,100,Buy,235996984
2024-08-30 10:48:08,17900.0,700,Buy,235997267
2024-08-30 10:48:08,17900.0,500,Buy,235997268
2024-08-30 10:48:08,17900.0,3200,Buy,235997269
2024-08-30 10:48:08,17900.0,600,Buy,235997266
2024-08-30 10:48:19,17900.0,1000,Buy,235997422
2024-08-30 10:48:48,17900.0,600,Buy,235997872
2024-08-30 10:49:04,17900.0,500,Buy,235998128
2024-08-30 10:49:08,17900.0,1000,Buy,235998178
2024-08-30 10:49:35,17900.0,5000,Buy,235998620
2024-08-30 10:51:00,17850.0,2000,Sell,235999689
2024-08-30 10:51:55,17850.0,2000,Sell,236000398
2024-08-30 10:52:22,17900.0,1000,Buy,236000771
2024-08-30 10:52:37,17850.0,1000,Sell,236000943
2024-08-30 10:52:38,17900.0,200,Buy,236000966
2024-08-30 10:52:50,17900.0,300,Buy,236001114
2024-08-30 10:53:23,17900.0,800,Buy,236001490
2024-08-30 10:53:24,17850.0,100,Sell,236001507
2024-08-30 10:54:44,17850.0,50000,Sell,236002608
2024-08-30 10:56:20,17900.0,500,Buy,236003968
2024-08-30 10:57:01,17850.0,100,Sell,236004417
2024-08-30 10:57:12,17850.0,5500,Sell,236004609
2024-08-30 10:57:40,17850.0,500,Sell,236004954
2024-08-30 10:57:46,17850.0,2000,Sell,236005023
2024-08-30 10:58:34,17850.0,1000,Sell,236005632
2024-08-30 10:59:49,17850.0,50000,Sell,236006387
2024-08-30 10:59:50,17850.0,100,Sell,236006395
2024-08-30 11:00:45,17850.0,200,Sell,236007019
2024-08-30 11:03:16,17900.0,100,Buy,236008863
2024-08-30 11:04:23,17900.0,200,Buy,236009682
2024-08-30 11:04:30,17900.0,500,Buy,236009804
2024-08-30 11:05:05,17900.0,4000,Buy,236010294
2024-08-30 11:05:10,17900.0,100,Buy,236010353
2024-08-30 11:05:15,17850.0,200,Sell,236010399
2024-08-30 11:05:59,17850.0,100,Sell,236010931
2024-08-30 11:06:32,17850.0,300,Sell,236011490
2024-08-30 11:06:54,17850.0,200,Sell,236011750
2024-08-30 11:06:57,17900.0,1000,Buy,236011772
2024-08-30 11:06:58,17850.0,100,Sell,236011803
2024-08-30 11:10:32,17900.0,100,Buy,236014580
2024-08-30 11:11:33,17850.0,500,Sell,236015412
2024-08-30 11:12:26,17900.0,500,Buy,236016103
2024-08-30 11:13:52,17900.0,400,Buy,236017126
2024-08-30 11:14:15,17900.0,300,Buy,236017386
2024-08-30 11:14:15,17900.0,4400,Buy,236017387
2024-08-30 11:14:15,17900.0,900,Buy,236017388
2024-08-30 11:14:15,17900.0,100,Buy,236017385
2024-08-30 11:14:15,17900.0,400,Buy,236017389
2024-08-30 11:14:15,17900.0,200,Buy,236017392
2024-08-30 11:14:15,17900.0,6000,Buy,236017393
2024-08-30 11:14:15,17900.0,300,Buy,236017394
2024-08-30 11:14:15,17900.0,8600,Buy,236017395
2024-08-30 11:14:15,17900.0,15800,Buy,236017396
2024-08-30 11:14:15,17900.0,2000,Buy,236017390
2024-08-30 11:14:15,17900.0,1000,Buy,236017384
2024-08-30 11:14:15,17900.0,100,Buy,236017377
2024-08-30 11:14:15,17900.0,500,Buy,236017382
2024-08-30 11:14:15,17900.0,1000,Buy,236017383
2024-08-30 11:14:15,17900.0,1000,Buy,236017370
2024-08-30 11:14:15,17900.0,20000,Buy,236017371
2024-08-30 11:14:15,17900.0,1000,Buy,236017372
2024-08-30 11:14:15,17900.0,9000,Buy,236017373
2024-08-30 11:14:15,17900.0,200,Buy,236017374
2024-08-30 11:14:15,17900.0,3000,Buy,236017375
2024-08-30 11:14:15,17900.0,18000,Buy,236017376
2024-08-30 11:14:15,17900.0,4800,Buy,236017378
2024-08-30 11:14:15,17900.0,1000,Buy,236017379
2024-08-30 11:14:15,17900.0,100,Buy,236017380
2024-08-30 11:14:15,17900.0,300,Buy,236017381
2024-08-30 11:14:21,17900.0,1700,Buy,236017478
2024-08-30 11:14:21,17900.0,500,Buy,236017477
2024-08-30 11:14:21,17900.0,500,Buy,236017476
2024-08-30 11:14:21,17900.0,500,Buy,236017473
2024-08-30 11:14:21,17900.0,18000,Buy,236017472
2024-08-30 11:14:21,17900.0,10000,Buy,236017471
2024-08-30 11:14:21,17900.0,100,Buy,236017469
2024-08-30 11:14:21,17900.0,14200,Buy,236017468
2024-08-30 11:14:21,17900.0,300,Buy,236017467
2024-08-30 11:14:21,17900.0,100,Buy,236017466
2024-08-30 11:14:21,17900.0,900,Buy,236017465
2024-08-30 11:14:21,17900.0,700,Buy,236017464
2024-08-30 11:14:21,17900.0,2500,Buy,236017470
2024-08-30 11:14:28,17900.0,200,Buy,236017581
2024-08-30 11:14:30,17900.0,300,Buy,236017598
2024-08-30 11:14:31,17900.0,100,Buy,236017613
2024-08-30 11:14:46,17900.0,5800,Buy,236017817
2024-08-30 11:14:46,17900.0,1000,Buy,236017815
2024-08-30 11:14:46,17900.0,500,Buy,236017816
2024-08-30 11:14:46,17900.0,1000,Buy,236017813
2024-08-30 11:14:46,17900.0,1700,Buy,236017812
2024-08-30 11:14:46,17900.0,10000,Buy,236017814
2024-08-30 11:14:55,17900.0,6000,Buy,236017919
2024-08-30 11:15:33,17900.0,700,Buy,236018367
2024-08-30 11:15:40,17900.0,100,Buy,236018489
2024-08-30 11:15:54,17900.0,300,Buy,236018659
2024-08-30 11:15:54,17900.0,1000,Buy,236018658
2024-08-30 11:16:09,17850.0,2000,Sell,236018850
2024-08-30 11:16:20,17900.0,700,Buy,236019005
2024-08-30 11:17:38,17900.0,1000,Buy,236019826
2024-08-30 11:18:49,17900.0,100,Buy,236020704
2024-08-30 11:19:20,17900.0,100,Buy,236021093
2024-08-30 11:19:38,17900.0,7800,Buy,236021294
2024-08-30 11:19:38,17900.0,2200,Buy,236021295
2024-08-30 11:20:13,17850.0,1800,Sell,236021687
2024-08-30 11:22:49,17850.0,500,Sell,236023435
2024-08-30 11:23:05,17900.0,500,Buy,236023565
2024-08-30 11:23:15,17900.0,5700,Buy,236023693
2024-08-30 11:23:45,17900.0,5700,Buy,236024049
2024-08-30 11:23:48,17900.0,2000,Buy,236024085
2024-08-30 11:23:48,17900.0,7100,Buy,236024086
2024-08-30 11:23:48,17900.0,900,Buy,236024084
2024-08-30 11:24:49,17900.0,200,Buy,236024741
2024-08-30 11:25:02,17900.0,100,Buy,236024883
2024-08-30 11:25:04,17900.0,2100,Buy,236024892
2024-08-30 11:25:04,17900.0,400,Buy,236024893
2024-08-30 11:25:08,17900.0,200,Buy,236024925
2024-08-30 11:25:20,17900.0,1400,Buy,236025127
2024-08-30 11:25:20,17900.0,300,Buy,236025128
2024-08-30 11:25:26,17900.0,200,Buy,236025190
2024-08-30 11:25:49,17900.0,200,Buy,236025433
2024-08-30 11:25:52,17900.0,1000,Buy,236025461
2024-08-30 11:26:32,17900.0,200,Buy,236025944
2024-08-30 11:27:53,17900.0,3000,Buy,236027057
2024-08-30 11:27:54,17900.0,5100,Buy,236027063
2024-08-30 11:27:54,17900.0,4900,Buy,236027064
2024-08-30 11:28:08,17900.0,100,Buy,236027233
2024-08-30 11:28:12,17900.0,200,Buy,236027271
2024-08-30 11:28:31,17900.0,300,Buy,236027615
2024-08-30 11:28:57,17900.0,1200,Buy,236027885
2024-08-30 11:28:57,17900.0,1300,Buy,236027886
2024-08-30 11:29:01,17900.0,100,Buy,236027908
2024-08-30 12:59:55,17900.0,1000,Buy,236028582
2024-08-30 12:59:56,17900.0,100,Buy,236028759
2024-08-30 12:59:56,17900.0,7700,Buy,236029194
2024-08-30 12:59:56,17900.0,2000,Buy,236029195
2024-08-30 12:59:57,17900.0,100,Buy,236029359
2024-08-30 12:59:57,17900.0,800,Buy,236029360
2024-08-30 12:59:57,17900.0,1000,Buy,236029361
2024-08-30 12:59:57,17900.0,400,Buy,236029362
2024-08-30 12:59:59,17900.0,100,Buy,236029959
2024-08-30 12:59:59,17900.0,100,Buy,236029997
2024-08-30 13:00:05,17900.0,500,Buy,236030788
2024-08-30 13:00:05,17900.0,100,Buy,236030738
2024-08-30 13:00:07,17900.0,200,Buy,236030927
2024-08-30 13:00:15,17900.0,200,Buy,236031521
2024-08-30 13:00:16,17850.0,300,Sell,236031599
2024-08-30 13:00:17,17900.0,100,Buy,236031679
2024-08-30 13:00:22,17900.0,500,Buy,236031791
2024-08-30 13:00:44,17900.0,200,Buy,236032180
2024-08-30 13:00:44,17900.0,5500,Buy,236032181
2024-08-30 13:00:52,17900.0,900,Buy,236032342
2024-08-30 13:01:09,17900.0,5700,Buy,236032785
2024-08-30 13:01:19,17900.0,100,Buy,236033014
2024-08-30 13:01:21,17900.0,4600,Buy,236033070
2024-08-30 13:01:21,17900.0,1100,Buy,236033071
2024-08-30 13:01:37,17900.0,2100,Buy,236033396
2024-08-30 13:01:37,17900.0,200,Buy,236033397
2024-08-30 13:01:37,17900.0,3400,Buy,236033398
2024-08-30 13:01:54,17900.0,4800,Buy,236033683
2024-08-30 13:01:54,17900.0,900,Buy,236033682
2024-08-30 13:01:57,17900.0,2000,Buy,236033733
2024-08-30 13:02:12,17900.0,200,Buy,236033970
2024-08-30 13:02:12,17900.0,100,Buy,236033971
2024-08-30 13:02:12,17900.0,100,Buy,236033972
2024-08-30 13:02:12,17900.0,300,Buy,236033973
2024-08-30 13:02:12,17900.0,2000,Buy,236033974
2024-08-30 13:02:12,17900.0,6600,Buy,236033975
2024-08-30 13:02:12,17900.0,700,Buy,236033966
2024-08-30 13:02:14,17900.0,5700,Buy,236034036
2024-08-30 13:02:38,17900.0,1900,Buy,236034480
2024-08-30 13:02:38,17900.0,2000,Buy,236034481
2024-08-30 13:02:38,17900.0,1800,Buy,236034482
2024-08-30 13:03:22,17900.0,4300,Buy,236035343
2024-08-30 13:03:22,17900.0,500,Buy,236035344
2024-08-30 13:03:22,17900.0,900,Buy,236035345
2024-08-30 13:04:12,17900.0,100,Buy,236036224
2024-08-30 13:04:59,17900.0,1000,Buy,236037037
2024-08-30 13:05:15,17900.0,500,Buy,236037315
2024-08-30 13:06:24,17900.0,1000,Buy,236038613
2024-08-30 13:06:29,17900.0,200,Buy,236038667
2024-08-30 13:06:48,17900.0,1000,Buy,236039154
2024-08-30 13:06:54,17900.0,500,Buy,236039224
2024-08-30 13:07:03,17850.0,35000,Sell,236039404
2024-08-30 13:07:21,17900.0,1000,Buy,236039660
2024-08-30 13:07:42,17850.0,100,Sell,236040246
2024-08-30 13:08:43,17900.0,300,Buy,236041600
2024-08-30 13:09:24,17900.0,1200,Buy,236042418
2024-08-30 13:09:27,17900.0,1900,Buy,236042485
2024-08-30 13:09:42,17900.0,100,Buy,236042814
2024-08-30 13:09:44,17900.0,2100,Buy,236042890
2024-08-30 13:10:00,17900.0,500,Buy,236043347
2024-08-30 13:10:07,17850.0,30000,Sell,236043632
2024-08-30 13:10:14,17900.0,5500,Buy,236043817
2024-08-30 13:10:46,17900.0,700,Buy,236044515
2024-08-30 13:11:10,17850.0,60000,Sell,236045161
2024-08-30 13:11:56,17850.0,3000,Sell,236046100
2024-08-30 13:12:16,17850.0,5700,Sell,236046613
2024-08-30 13:12:30,17850.0,70000,Sell,236046891
2024-08-30 13:12:50,17900.0,1500,Buy,236047275
2024-08-30 13:12:50,17900.0,15500,Buy,236047276
2024-08-30 13:12:52,17850.0,10000,Sell,236047341
2024-08-30 13:12:53,17900.0,4500,Buy,236047364
2024-08-30 13:12:53,17900.0,1000,Buy,236047365
2024-08-30 13:12:53,17900.0,200,Buy,236047366
2024-08-30 13:13:09,17850.0,100,Sell,236047721
2024-08-30 13:13:24,17850.0,3000,Sell,236048097
2024-08-30 13:13:40,17850.0,700,Sell,236048588
2024-08-30 13:13:40,17850.0,100,Sell,236048589
2024-08-30 13:13:40,17850.0,3000,Sell,236048590
2024-08-30 13:13:40,17850.0,1500,Sell,236048591
2024-08-30 13:13:40,17850.0,500,Sell,236048592
2024-08-30 13:13:40,17850.0,3000,Sell,236048597
2024-08-30 13:13:40,17850.0,5000,Sell,236048594
2024-08-30 13:13:40,17850.0,300,Sell,236048595
2024-08-30 13:13:40,17850.0,100,Sell,236048596
2024-08-30 13:13:40,17850.0,100,Sell,236048587
2024-08-30 13:13:40,17850.0,200,Sell,236048598
2024-08-30 13:13:40,17850.0,300,Sell,236048593
2024-08-30 13:13:40,17850.0,1000,Sell,236048586
2024-08-30 13:13:40,17850.0,500,Sell,236048582
2024-08-30 13:13:40,17850.0,10000,Sell,236048584
2024-08-30 13:13:40,17850.0,1000,Sell,236048583
2024-08-30 13:13:40,17850.0,5300,Sell,236048599
2024-08-30 13:13:40,17850.0,10000,Sell,236048581
2024-08-30 13:13:40,17850.0,500,Sell,236048580
2024-08-30 13:13:40,17850.0,10000,Sell,236048579
2024-08-30 13:13:40,17850.0,1000,Sell,236048578
2024-08-30 13:13:40,17850.0,100,Sell,236048577
2024-08-30 13:13:40,17850.0,100,Sell,236048576
2024-08-30 13:13:40,17850.0,100,Sell,236048575
2024-08-30 13:13:40,17850.0,2000,Sell,236048574
2024-08-30 13:13:40,17850.0,1000,Sell,236048573
2024-08-30 13:13:40,17850.0,1100,Sell,236048572
2024-08-30 13:13:40,17850.0,100,Sell,236048585
2024-08-30 13:13:40,17850.0,300,Sell,236048600
2024-08-30 13:13:40,17850.0,100,Sell,236048604
2024-08-30 13:13:40,17850.0,200,Sell,236048571
2024-08-30 13:13:40,17850.0,100,Sell,236048630
2024-08-30 13:13:40,17850.0,1400,Sell,236048629
2024-08-30 13:13:40,17850.0,2700,Sell,236048628
2024-08-30 13:13:40,17850.0,800,Sell,236048627
2024-08-30 13:13:40,17850.0,200,Sell,236048626
2024-08-30 13:13:40,17850.0,1000,Sell,236048625
2024-08-30 13:13:40,17850.0,13400,Sell,236048624
2024-08-30 13:13:40,17850.0,100,Sell,236048623
2024-08-30 13:13:40,17850.0,1000,Sell,236048622
2024-08-30 13:13:40,17850.0,500,Sell,236048621
2024-08-30 13:13:40,17850.0,30000,Sell,236048620
2024-08-30 13:13:40,17850.0,400,Sell,236048619
2024-08-30 13:13:40,17850.0,100,Sell,236048618
2024-08-30 13:13:40,17850.0,500,Sell,236048601
2024-08-30 13:13:40,17850.0,200,Sell,236048617
2024-08-30 13:13:40,17850.0,200,Sell,236048615
2024-08-30 13:13:40,17850.0,1500,Sell,236048614
2024-08-30 13:13:40,17850.0,500,Sell,236048613
2024-08-30 13:13:40,17850.0,200,Sell,236048612
2024-08-30 13:13:40,17850.0,400,Sell,236048611
2024-08-30 13:13:40,17850.0,600,Sell,236048610
2024-08-30 13:13:40,17850.0,100,Sell,236048609
2024-08-30 13:13:40,17850.0,1100,Sell,236048608
2024-08-30 13:13:40,17850.0,500,Sell,236048607
2024-08-30 13:13:40,17850.0,1000,Sell,236048606
2024-08-30 13:13:40,17850.0,300,Sell,236048605
2024-08-30 13:13:40,17850.0,5000,Sell,236048603
2024-08-30 13:13:40,17850.0,500,Sell,236048602
2024-08-30 13:13:40,17850.0,500,Sell,236048616
2024-08-30 13:13:40,17850.0,1000,Sell,236048570
2024-08-30 13:13:40,17850.0,1000,Sell,236048537
2024-08-30 13:13:40,17850.0,100,Sell,236048568
2024-08-30 13:13:40,17850.0,300,Sell,236048533
2024-08-30 13:13:40,17850.0,800,Sell,236048532
2024-08-30 13:13:40,17850.0,100,Sell,236048531
2024-08-30 13:13:40,17850.0,5700,Sell,236048530
2024-08-30 13:13:40,17850.0,5700,Sell,236048529
2024-08-30 13:13:40,17850.0,1000,Sell,236048528
2024-08-30 13:13:40,17850.0,5700,Sell,236048527
2024-08-30 13:13:40,17850.0,5700,Sell,236048526
2024-08-30 13:13:40,17850.0,500,Sell,236048525
2024-08-30 13:13:40,17850.0,4000,Sell,236048524
2024-08-30 13:13:40,17850.0,5700,Sell,236048523
2024-08-30 13:13:40,17850.0,300,Sell,236048522
2024-08-30 13:13:40,17850.0,100,Sell,236048521
2024-08-30 13:13:40,17850.0,100,Sell,236048520
2024-08-30 13:13:40,17850.0,2000,Sell,236048519
2024-08-30 13:13:40,17850.0,1000,Sell,236048518
2024-08-30 13:13:40,17850.0,400,Sell,236048517
2024-08-30 13:13:40,17850.0,500,Sell,236048516
2024-08-30 13:13:40,17850.0,2000,Sell,236048515
2024-08-30 13:13:40,17850.0,1000,Sell,236048514
2024-08-30 13:13:40,17850.0,100,Sell,236048513
2024-08-30 13:13:40,17850.0,400,Sell,236048512
2024-08-30 13:13:40,17850.0,400,Sell,236048511
2024-08-30 13:13:40,17850.0,1000,Sell,236048510
2024-08-30 13:13:40,17850.0,500,Sell,236048509
2024-08-30 13:13:40,17850.0,109100,Sell,236048508
2024-08-30 13:13:40,17850.0,100,Sell,236048569
2024-08-30 13:13:40,17850.0,1300,Sell,236048534
2024-08-30 13:13:40,17850.0,1000,Sell,236048535
2024-08-30 13:13:40,17850.0,1000,Sell,236048536
2024-08-30 13:13:40,17850.0,5700,Sell,236048538
2024-08-30 13:13:40,17850.0,500,Sell,236048566
2024-08-30 13:13:40,17850.0,100,Sell,236048565
2024-08-30 13:13:40,17850.0,100,Sell,236048564
2024-08-30 13:13:40,17850.0,100,Sell,236048563
2024-08-30 13:13:40,17850.0,1000,Sell,236048561
2024-08-30 13:13:40,17850.0,100,Sell,236048560
2024-08-30 13:13:40,17850.0,1000,Sell,236048559
2024-08-30 13:13:40,17850.0,1000,Sell,236048558
2024-08-30 13:13:40,17850.0,100,Sell,236048557
2024-08-30 13:13:40,17850.0,100,Sell,236048556
2024-08-30 13:13:40,17850.0,100,Sell,236048555
2024-08-30 13:13:40,17850.0,1000,Sell,236048554
2024-08-30 13:13:40,17850.0,200,Sell,236048553
2024-08-30 13:13:40,17850.0,500,Sell,236048562
2024-08-30 13:13:40,17850.0,100,Sell,236048551
2024-08-30 13:13:40,17850.0,500,Sell,236048552
2024-08-30 13:13:40,17850.0,20000,Sell,236048539
2024-08-30 13:13:40,17850.0,100,Sell,236048540
2024-08-30 13:13:40,17850.0,100,Sell,236048541
2024-08-30 13:13:40,17850.0,100,Sell,236048542
2024-08-30 13:13:40,17850.0,5700,Sell,236048543
2024-08-30 13:13:40,17850.0,2000,Sell,236048567
2024-08-30 13:13:40,17850.0,100,Sell,236048545
2024-08-30 13:13:40,17850.0,2000,Sell,236048544
2024-08-30 13:13:40,17850.0,1000,Sell,236048546
2024-08-30 13:13:40,17850.0,5700,Sell,236048547
2024-08-30 13:13:40,17850.0,600,Sell,236048548
2024-08-30 13:13:40,17850.0,5700,Sell,236048549
2024-08-30 13:13:40,17850.0,5700,Sell,236048550
2024-08-30 13:13:44,17850.0,1000,Buy,236048733
2024-08-30 13:14:05,17850.0,100,Buy,236049211
2024-08-30 13:14:07,17850.0,500,Buy,236049247
2024-08-30 13:14:19,17850.0,1000,Buy,236049576
2024-08-30 13:14:19,17850.0,500,Buy,236049577
2024-08-30 13:14:37,17850.0,3000,Buy,236049904
2024-08-30 13:14:55,17850.0,1000,Buy,236050342
2024-08-30 13:14:59,17850.0,1900,Buy,236050443
2024-08-30 13:14:59,17850.0,1000,Buy,236050433
2024-08-30 13:15:01,17850.0,100,Buy,236050496
2024-08-30 13:15:06,17850.0,6400,Buy,236050647
2024-08-30 13:15:20,17850.0,1900,Buy,236051080
2024-08-30 13:15:21,17850.0,4300,Buy,236051149
2024-08-30 13:15:23,17850.0,4000,Buy,236051205
2024-08-30 13:15:29,17850.0,200,Buy,236051379
2024-08-30 13:15:33,17850.0,1000,Buy,236051488
2024-08-30 13:15:35,17850.0,11200,Buy,236051585
2024-08-30 13:15:35,17850.0,3400,Buy,236051572
2024-08-30 13:15:35,17850.0,17800,Buy,236051583
2024-08-30 13:15:35,17850.0,21000,Buy,236051584
2024-08-30 13:15:40,17850.0,15100,Buy,236051716
2024-08-30 13:15:40,17850.0,4900,Buy,236051717
2024-08-30 13:15:41,17850.0,400,Buy,236051782
2024-08-30 13:15:41,17850.0,8200,Buy,236051781
2024-08-30 13:15:41,17850.0,5100,Buy,236051777
2024-08-30 13:15:41,17850.0,1500,Buy,236051779
2024-08-30 13:15:41,17850.0,13200,Buy,236051778
2024-08-30 13:15:41,17850.0,10800,Buy,236051780
2024-08-30 13:15:42,17850.0,4300,Sell,236051799
2024-08-30 13:15:48,17850.0,5000,Sell,236052074
2024-08-30 13:15:49,17900.0,100,Buy,236052115
2024-08-30 13:15:49,17900.0,1000,Buy,236052116
2024-08-30 13:15:49,17900.0,2800,Buy,236052120
2024-08-30 13:16:09,17850.0,100,Sell,236052674
2024-08-30 13:16:09,17850.0,700,Sell,236052673
2024-08-30 13:16:09,17850.0,1000,Sell,236052671
2024-08-30 13:16:09,17850.0,2000,Sell,236052670
2024-08-30 13:16:09,17850.0,1000,Sell,236052672
2024-08-30 13:16:09,17850.0,1500,Sell,236052669
2024-08-30 13:16:11,17850.0,1000,Buy,236052753
2024-08-30 13:16:11,17850.0,1000,Buy,236052770
2024-08-30 13:16:14,17850.0,12700,Buy,236052801
2024-08-30 13:16:16,17850.0,7300,Sell,236052864
2024-08-30 13:16:19,17850.0,1900,Buy,236052938
2024-08-30 13:16:28,17850.0,5700,Sell,236053186
2024-08-30 13:16:29,17850.0,13000,Sell,236053199
2024-08-30 13:16:36,17850.0,3100,Sell,236053412
2024-08-30 13:16:44,17850.0,11000,Sell,236053611
2024-08-30 13:16:47,17850.0,10000,Sell,236053670
2024-08-30 13:16:52,17850.0,1200,Sell,236053812
2024-08-30 13:16:52,17850.0,100,Sell,236053813
2024-08-30 13:16:52,17850.0,1000,Sell,236053814
2024-08-30 13:16:52,17850.0,2700,Sell,236053815
2024-08-30 13:17:01,17850.0,3200,Sell,236054032
2024-08-30 13:17:07,17850.0,200,Sell,236054121
2024-08-30 13:17:07,17850.0,3000,Sell,236054122
2024-08-30 13:17:07,17850.0,2000,Sell,236054123
2024-08-30 13:17:07,17850.0,100,Sell,236054120
2024-08-30 13:17:07,17850.0,9700,Sell,236054124
2024-08-30 13:17:09,17850.0,300,Sell,236054197
2024-08-30 13:17:09,17850.0,100,Sell,236054198
2024-08-30 13:17:09,17850.0,100,Sell,236054199
2024-08-30 13:17:09,17850.0,300,Sell,236054200
2024-08-30 13:17:09,17850.0,1000,Sell,236054201
2024-08-30 13:17:21,17850.0,100,Buy,236054568
2024-08-30 13:17:31,17850.0,500,Buy,236054936
2024-08-30 13:17:40,17850.0,20000,Buy,236055155
2024-08-30 13:17:49,17850.0,7000,Buy,236055343
2024-08-30 13:17:52,17850.0,1000,Buy,236055423
2024-08-30 13:17:53,17850.0,100,Buy,236055433
2024-08-30 13:17:57,17850.0,100,Buy,236055543
2024-08-30 13:18:11,17850.0,1500,Buy,236055931
2024-08-30 13:18:28,17850.0,20000,Buy,236056412
2024-08-30 13:19:11,17800.0,200,Sell,236057458
2024-08-30 13:19:11,17800.0,200,Sell,236057455
2024-08-30 13:19:11,17800.0,200,Sell,236057456
2024-08-30 13:19:11,17800.0,100,Sell,236057457
2024-08-30 13:19:12,17800.0,4000,Sell,236057474
2024-08-30 13:19:14,17850.0,1000,Buy,236057526
2024-08-30 13:19:15,17850.0,9200,Buy,236057549
2024-08-30 13:19:15,17850.0,4200,Buy,236057550
2024-08-30 13:19:15,17850.0,300,Buy,236057551
2024-08-30 13:19:15,17850.0,6300,Buy,236057552
2024-08-30 13:19:16,17850.0,200,Buy,236057564
2024-08-30 13:19:19,17850.0,200,Buy,236057652
2024-08-30 13:19:22,17850.0,1000,Buy,236057726
2024-08-30 13:19:23,17850.0,500,Buy,236057803
2024-08-30 13:19:28,17850.0,20000,Buy,236057917
2024-08-30 13:19:29,17850.0,2000,Buy,236057934
2024-08-30 13:19:29,17850.0,100,Buy,236057952
2024-08-30 13:19:30,17850.0,19700,Buy,236057972
2024-08-30 13:19:30,17850.0,10300,Buy,236057973
2024-08-30 13:19:33,17850.0,3400,Buy,236058039
2024-08-30 13:19:33,17850.0,200,Buy,236058040
2024-08-30 13:19:38,17850.0,100,Buy,236058180
2024-08-30 13:19:40,17850.0,2000,Buy,236058259
2024-08-30 13:19:40,17850.0,1200,Buy,236058257
2024-08-30 13:19:40,17850.0,500,Buy,236058246
2024-08-30 13:19:40,17850.0,200,Buy,236058258
2024-08-30 13:19:42,17850.0,3000,Sell,236058317
2024-08-30 13:20:26,17900.0,3900,Buy,236059295
2024-08-30 13:20:26,17900.0,1800,Buy,236059296
2024-08-30 13:20:30,17850.0,15300,Sell,236059393
2024-08-30 13:20:30,17850.0,800,Sell,236059391
2024-08-30 13:20:30,17850.0,500,Sell,236059390
2024-08-30 13:20:30,17850.0,200,Sell,236059392
2024-08-30 13:20:30,17850.0,8000,Sell,236059388
2024-08-30 13:20:30,17850.0,1000,Sell,236059387
2024-08-30 13:20:30,17850.0,3600,Sell,236059386
2024-08-30 13:20:30,17850.0,600,Sell,236059389
2024-08-30 13:20:40,17850.0,100,Sell,236059753
2024-08-30 13:20:45,17900.0,5700,Buy,236059889
2024-08-30 13:21:03,17900.0,2200,Buy,236060499
2024-08-30 13:21:03,17900.0,3000,Buy,236060500
2024-08-30 13:21:03,17900.0,500,Buy,236060501
2024-08-30 13:21:04,17900.0,100,Buy,236060556
2024-08-30 13:21:12,17900.0,1000,Buy,236060759
2024-08-30 13:21:19,17900.0,100,Buy,236061013
2024-08-30 13:21:44,17900.0,200,Buy,236061682
2024-08-30 13:22:00,17850.0,100,Sell,236062068
2024-08-30 13:23:26,17850.0,100,Sell,236064391
2024-08-30 13:23:26,17850.0,4500,Sell,236064390
2024-08-30 13:23:26,17850.0,400,Sell,236064392
2024-08-30 13:24:15,17850.0,500,Sell,236065500
2024-08-30 13:24:20,17850.0,1100,Sell,236065584
2024-08-30 13:24:20,17850.0,1500,Sell,236065585
2024-08-30 13:24:36,17850.0,500,Sell,236065896
2024-08-30 13:24:36,17850.0,2000,Sell,236065897
2024-08-30 13:24:36,17850.0,1500,Sell,236065898
2024-08-30 13:24:36,17850.0,7300,Sell,236065899
2024-08-30 13:24:39,17850.0,100,Sell,236066006
2024-08-30 13:24:42,17850.0,8200,Sell,236066037
2024-08-30 13:24:45,17850.0,5400,Sell,236066112
2024-08-30 13:24:45,17850.0,200,Sell,236066111
2024-08-30 13:24:45,17850.0,100,Sell,236066109
2024-08-30 13:24:45,17850.0,1900,Sell,236066110
2024-08-30 13:24:45,17850.0,4400,Sell,236066108
2024-08-30 13:26:19,17850.0,1100,Sell,236068173
2024-08-30 13:26:35,17850.0,3000,Sell,236068595
2024-08-30 13:26:50,17900.0,1100,Buy,236068870
2024-08-30 13:26:57,17900.0,5700,Buy,236069029
2024-08-30 13:27:02,17850.0,2000,Sell,236069178
2024-08-30 13:27:35,17850.0,2600,Sell,236069869
2024-08-30 13:28:06,17850.0,500,Sell,236070498
2024-08-30 13:28:22,17850.0,500,Sell,236070866
2024-08-30 13:28:57,17850.0,100,Sell,236071662
2024-08-30 13:29:14,17900.0,600,Buy,236072316
2024-08-30 13:29:18,17900.0,5700,Buy,236072433
2024-08-30 13:29:51,17900.0,100,Buy,236073032
2024-08-30 13:29:52,17900.0,500,Buy,236073101
2024-08-30 13:30:06,17900.0,3000,Buy,236073391
2024-08-30 13:30:09,17900.0,2000,Buy,236073482
2024-08-30 13:30:12,17900.0,2000,Buy,236073554
2024-08-30 13:30:20,17900.0,200,Buy,236073715
2024-08-30 13:30:21,17900.0,200,Buy,236073725
2024-08-30 13:30:22,17900.0,3200,Buy,236073754
2024-08-30 13:30:23,17900.0,900,Buy,236073827
2024-08-30 13:30:23,17900.0,3800,Buy,236073825
2024-08-30 13:30:23,17900.0,1000,Buy,236073826
2024-08-30 13:30:29,17850.0,5600,Sell,236073964
2024-08-30 13:30:34,17850.0,4400,Sell,236074102
2024-08-30 13:30:41,17900.0,300,Buy,236074239
2024-08-30 13:30:45,17900.0,1600,Buy,236074322
2024-08-30 13:30:45,17900.0,400,Buy,236074323
2024-08-30 13:30:45,17900.0,100,Buy,236074324
2024-08-30 13:30:45,17900.0,100,Buy,236074325
2024-08-30 13:30:45,17900.0,100,Buy,236074326
2024-08-30 13:30:45,17900.0,400,Buy,236074327
2024-08-30 13:30:45,17900.0,2000,Buy,236074329
2024-08-30 13:30:45,17900.0,300,Buy,236074328
2024-08-30 13:30:50,17900.0,1000,Buy,236074438
2024-08-30 13:30:54,17900.0,1700,Buy,236074578
2024-08-30 13:30:54,17900.0,2000,Buy,236074576
2024-08-30 13:30:54,17900.0,2000,Buy,236074577
2024-08-30 13:31:15,17900.0,6000,Buy,236075030
2024-08-30 13:31:45,17900.0,800,Buy,236075822
2024-08-30 13:31:51,17900.0,500,Buy,236075953
2024-08-30 13:31:52,17900.0,5700,Buy,236076014
2024-08-30 13:32:22,17900.0,600,Buy,236076611
2024-08-30 13:32:31,17850.0,1000,Sell,236076858
2024-08-30 13:32:32,17900.0,1000,Buy,236076862
2024-08-30 13:32:32,17900.0,1300,Buy,236076877
2024-08-30 13:32:36,17900.0,2400,Buy,236077034
2024-08-30 13:32:36,17900.0,300,Buy,236077035
2024-08-30 13:32:36,17900.0,1000,Buy,236077036
2024-08-30 13:32:36,17900.0,100,Buy,236077037
2024-08-30 13:33:11,17900.0,400,Buy,236077704
2024-08-30 13:33:11,17900.0,100,Buy,236077705
2024-08-30 13:33:15,17900.0,1700,Buy,236077767
2024-08-30 13:33:15,17900.0,300,Buy,236077766
2024-08-30 13:33:15,17900.0,300,Buy,236077765
2024-08-30 13:33:15,17900.0,4900,Buy,236077763
2024-08-30 13:33:15,17900.0,100,Buy,236077764
2024-08-30 13:33:23,17900.0,300,Buy,236077990
2024-08-30 13:33:23,17900.0,300,Buy,236077991
2024-08-30 13:33:23,17900.0,2100,Buy,236077992
2024-08-30 13:33:29,17900.0,7900,Buy,236078225
2024-08-30 13:33:29,17900.0,10000,Buy,236078226
2024-08-30 13:33:29,17900.0,8000,Buy,236078227
2024-08-30 13:33:29,17900.0,900,Buy,236078228
2024-08-30 13:33:29,17900.0,2000,Buy,236078229
2024-08-30 13:33:29,17900.0,5000,Buy,236078230
2024-08-30 13:33:29,17900.0,16200,Buy,236078231
2024-08-30 13:33:31,17900.0,500,Buy,236078284
2024-08-30 13:33:31,17900.0,3800,Buy,236078283
2024-08-30 13:33:39,17900.0,800,Buy,236078574
2024-08-30 13:33:39,17900.0,100,Buy,236078573
2024-08-30 13:33:39,17900.0,3300,Buy,236078572
2024-08-30 13:33:39,17900.0,100,Buy,236078571
2024-08-30 13:33:39,17900.0,3000,Buy,236078570
2024-08-30 13:33:39,17900.0,100,Buy,236078569
2024-08-30 13:33:39,17900.0,500,Buy,236078568
2024-08-30 13:33:39,17900.0,1000,Buy,236078567
2024-08-30 13:33:39,17900.0,100,Buy,236078566
2024-08-30 13:33:39,17900.0,100,Buy,236078565
2024-08-30 13:33:39,17900.0,1000,Buy,236078564
2024-08-30 13:33:39,17900.0,1000,Buy,236078562
2024-08-30 13:33:39,17900.0,1000,Buy,236078549
2024-08-30 13:33:39,17900.0,100,Buy,236078560
2024-08-30 13:33:39,17900.0,30000,Buy,236078559
2024-08-30 13:33:39,17900.0,100,Buy,236078558
2024-08-30 13:33:39,17900.0,1200,Buy,236078557
2024-08-30 13:33:39,17900.0,300,Buy,236078556
2024-08-30 13:33:39,17900.0,600,Buy,236078555
2024-08-30 13:33:39,17900.0,2000,Buy,236078554
2024-08-30 13:33:39,17900.0,500,Buy,236078553
2024-08-30 13:33:39,17900.0,500,Buy,236078552
2024-08-30 13:33:39,17900.0,1000,Buy,236078551
2024-08-30 13:33:39,17900.0,200,Buy,236078550
2024-08-30 13:33:39,17900.0,1200,Buy,236078561
2024-08-30 13:33:39,17900.0,200,Buy,236078563
2024-08-30 13:33:42,17900.0,800,Buy,236078615
2024-08-30 13:33:42,17900.0,4200,Buy,236078614
2024-08-30 13:33:46,17900.0,3700,Buy,236078719
2024-08-30 13:33:46,17900.0,400,Buy,236078718
2024-08-30 13:33:46,17900.0,200,Buy,236078717
2024-08-30 13:33:49,17900.0,300,Buy,236078825
2024-08-30 13:33:49,17900.0,500,Buy,236078824
2024-08-30 13:33:49,17900.0,1300,Buy,236078823
2024-08-30 13:34:06,17900.0,3400,Sell,236079076
2024-08-30 13:34:06,17900.0,50000,Sell,236079077
2024-08-30 13:34:06,17900.0,5100,Sell,236079078
2024-08-30 13:34:06,17900.0,1000,Sell,236079079
2024-08-30 13:34:15,17850.0,3000,Sell,236079267
2024-08-30 13:34:19,17900.0,500,Buy,236079335
2024-08-30 13:34:19,17900.0,2000,Buy,236079336
2024-08-30 13:34:21,17900.0,500,Sell,236079378
2024-08-30 13:34:26,17900.0,7000,Sell,236079437
2024-08-30 13:34:33,17900.0,4200,Buy,236079599
2024-08-30 13:34:48,17850.0,800,Sell,236079921
2024-08-30 13:35:06,17900.0,3000,Buy,236080248
2024-08-30 13:35:21,17900.0,400,Buy,236080566
2024-08-30 13:35:24,17900.0,600,Buy,236080618
2024-08-30 13:35:24,17900.0,100,Buy,236080619
2024-08-30 13:35:24,17900.0,1000,Buy,236080620
2024-08-30 13:35:24,17900.0,1000,Buy,236080621
2024-08-30 13:35:24,17900.0,1000,Buy,236080622
2024-08-30 13:35:24,17900.0,21400,Buy,236080623
2024-08-30 13:35:24,17900.0,5400,Buy,236080616
2024-08-30 13:35:24,17900.0,500,Buy,236080617
2024-08-30 13:36:00,17850.0,2000,Sell,236081354
2024-08-30 13:36:11,17900.0,200,Buy,236081584
2024-08-30 13:36:16,17900.0,100,Buy,236081657
2024-08-30 13:36:30,17900.0,25700,Buy,236082020
2024-08-30 13:36:30,17900.0,8000,Buy,236082021
2024-08-30 13:36:30,17900.0,2900,Buy,236082022
2024-08-30 13:37:00,17900.0,2000,Sell,236082679
2024-08-30 13:37:30,17900.0,900,Sell,236083278
2024-08-30 13:37:37,17900.0,500,Sell,236083403
2024-08-30 13:37:37,17900.0,5000,Sell,236083391
2024-08-30 13:37:50,17900.0,1000,Sell,236083621
2024-08-30 13:38:16,17900.0,35000,Sell,236084143
2024-08-30 13:38:19,17900.0,10000,Sell,236084248
2024-08-30 13:38:22,17900.0,9000,Sell,236084344
2024-08-30 13:38:22,17900.0,800,Sell,236084345
2024-08-30 13:38:22,17900.0,3700,Sell,236084346
2024-08-30 13:38:22,17900.0,1000,Sell,236084347
2024-08-30 13:38:22,17850.0,5000,Sell,236084349
2024-08-30 13:39:05,17900.0,5000,Buy,236085216
2024-08-30 13:39:40,17900.0,3000,Buy,236085888
2024-08-30 13:40:11,17900.0,4200,Buy,236086578
2024-08-30 13:40:24,17900.0,3600,Buy,236086872
2024-08-30 13:40:37,17900.0,500,Buy,236087283
2024-08-30 13:41:32,17900.0,10000,Buy,236088530
2024-08-30 13:41:32,17900.0,22700,Buy,236088529
2024-08-30 13:41:37,17900.0,2300,Buy,236088599
2024-08-30 13:42:38,17850.0,100,Sell,236090075
2024-08-30 13:43:33,17900.0,100,Buy,236091329
2024-08-30 13:43:45,17900.0,1000,Buy,236091588
2024-08-30 13:43:45,17900.0,900,Buy,236091590
2024-08-30 13:43:58,17900.0,100,Buy,236091899
2024-08-30 13:43:58,17900.0,1000,Buy,236091900
2024-08-30 13:43:58,17900.0,2000,Buy,236091901
2024-08-30 13:43:58,17900.0,1000,Buy,236091902
2024-08-30 13:43:58,17900.0,200,Buy,236091903
2024-08-30 13:44:10,17900.0,100,Buy,236092200
2024-08-30 13:44:24,17900.0,700,Buy,236092462
2024-08-30 13:44:24,17900.0,3100,Buy,236092463
2024-08-30 13:44:39,17900.0,1900,Buy,236092829
2024-08-30 13:44:39,17900.0,1500,Buy,236092830
2024-08-30 13:44:52,17900.0,200,Buy,236093137
2024-08-30 13:45:36,17850.0,5300,Sell,236094079
2024-08-30 13:45:36,17900.0,3000,Buy,236094072
2024-08-30 13:45:38,17900.0,5000,Buy,236094111
2024-08-30 13:45:44,17900.0,5700,Buy,236094291
2024-08-30 13:45:53,17850.0,500,Sell,236094544
2024-08-30 13:45:54,17900.0,1000,Buy,236094557
2024-08-30 13:45:58,17900.0,5700,Buy,236094646
2024-08-30 13:46:07,17900.0,2000,Buy,236094894
2024-08-30 13:46:24,17900.0,200,Buy,236095197
2024-08-30 13:46:58,17900.0,300,Buy,236095869
2024-08-30 13:47:13,17900.0,27900,Buy,236096226
2024-08-30 13:47:13,17900.0,500,Buy,236096225
2024-08-30 13:47:13,17900.0,11200,Buy,236096224
2024-08-30 13:47:13,17900.0,500,Buy,236096222
2024-08-30 13:47:13,17900.0,10000,Buy,236096221
2024-08-30 13:47:13,17900.0,4000,Buy,236096220
2024-08-30 13:47:13,17900.0,2000,Buy,236096219
2024-08-30 13:47:13,17900.0,1000,Buy,236096216
2024-08-30 13:47:13,17900.0,500,Buy,236096218
2024-08-30 13:47:13,17900.0,10000,Buy,236096214
2024-08-30 13:47:13,17900.0,500,Buy,236096213
2024-08-30 13:47:13,17900.0,2000,Buy,236096212
2024-08-30 13:47:13,17900.0,100,Buy,236096211
2024-08-30 13:47:13,17900.0,1500,Buy,236096210
2024-08-30 13:47:13,17900.0,5000,Buy,236096209
2024-08-30 13:47:13,17900.0,2000,Buy,236096208
2024-08-30 13:47:13,17900.0,1100,Buy,236096207
2024-08-30 13:47:13,17900.0,20000,Buy,236096215
2024-08-30 13:47:13,17900.0,200,Buy,236096217
2024-08-30 13:47:17,17900.0,5200,Buy,236096304
2024-08-30 13:47:18,17900.0,3000,Buy,236096325
2024-08-30 13:47:19,17900.0,2600,Buy,236096354
2024-08-30 13:47:21,17900.0,3300,Buy,236096435
2024-08-30 13:47:25,17900.0,3000,Buy,236096511
2024-08-30 13:47:31,17900.0,3500,Buy,236096706
2024-08-30 13:47:31,17900.0,100,Buy,236096704
2024-08-30 13:47:31,17900.0,5000,Buy,236096703
2024-08-30 13:47:31,17900.0,1400,Buy,236096705
2024-08-30 13:47:32,17900.0,1400,Buy,236096712
2024-08-30 13:47:32,17900.0,1500,Buy,236096713
2024-08-30 13:47:32,17900.0,1000,Buy,236096714
2024-08-30 13:47:32,17900.0,1000,Buy,236096715
2024-08-30 13:47:37,17900.0,100,Buy,236096884
2024-08-30 13:47:50,17900.0,100,Sell,236097211
2024-08-30 13:48:00,17900.0,1400,Sell,236097498
2024-08-30 13:48:00,17900.0,600,Sell,236097499
2024-08-30 13:48:21,17900.0,1000,Sell,236097990
2024-08-30 13:48:42,17900.0,300,Sell,236098618
2024-08-30 13:48:58,17900.0,200,Sell,236099142
2024-08-30 13:48:58,17900.0,1700,Sell,236099143
2024-08-30 13:48:58,17900.0,3100,Sell,236099140
2024-08-30 13:48:58,17900.0,5000,Sell,236099141
2024-08-30 13:49:04,17900.0,2800,Sell,236099284
2024-08-30 13:49:04,17900.0,1000,Sell,236099285
2024-08-30 13:49:04,17900.0,200,Sell,236099286
2024-08-30 13:49:04,17900.0,1000,Sell,236099287
2024-08-30 13:49:19,17900.0,500,Sell,236099599
2024-08-30 13:49:43,17900.0,400,Sell,236100168
2024-08-30 13:49:43,17900.0,1600,Sell,236100169
2024-08-30 13:50:10,17900.0,3400,Sell,236100885
2024-08-30 13:50:10,17900.0,700,Sell,236100886
2024-08-30 13:50:10,17900.0,10900,Sell,236100887
2024-08-30 13:50:41,17900.0,1000,Sell,236101549
2024-08-30 13:50:44,17950.0,500,Buy,236101591
2024-08-30 13:50:44,17950.0,1400,Buy,236101592
2024-08-30 13:50:58,17900.0,300,Sell,236101875
2024-08-30 13:51:01,17950.0,500,Buy,236101935
2024-08-30 13:51:01,17950.0,8900,Buy,236101939
2024-08-30 13:51:01,17950.0,300,Buy,236101938
2024-08-30 13:51:01,17950.0,4800,Buy,236101934
2024-08-30 13:51:01,17950.0,1000,Buy,236101936
2024-08-30 13:51:01,17950.0,500,Buy,236101937
2024-08-30 13:51:02,17950.0,200,Buy,236101956
2024-08-30 13:51:25,17950.0,700,Buy,236102484
2024-08-30 13:51:34,17950.0,300,Buy,236102662
2024-08-30 13:53:24,17900.0,2000,Sell,236105181
2024-08-30 13:54:01,17900.0,2500,Sell,236105927
2024-08-30 13:54:01,17900.0,1000,Sell,236105966
2024-08-30 13:54:10,17900.0,3000,Sell,236106229
2024-08-30 13:54:18,17900.0,3000,Sell,236106364
2024-08-30 13:54:33,17900.0,20000,Sell,236106627
2024-08-30 13:54:37,17900.0,4000,Sell,236106684
2024-08-30 13:55:01,17900.0,2000,Sell,236107165
2024-08-30 13:55:14,17900.0,75600,Sell,236107450
2024-08-30 13:55:14,17900.0,500,Sell,236107449
2024-08-30 13:55:14,17900.0,10000,Sell,236107448
2024-08-30 13:55:14,17900.0,300,Sell,236107443
2024-08-30 13:55:14,17900.0,100,Sell,236107446
2024-08-30 13:55:14,17900.0,4400,Sell,236107445
2024-08-30 13:55:14,17900.0,9000,Sell,236107444
2024-08-30 13:55:14,17900.0,100,Sell,236107447
2024-08-30 13:55:16,17900.0,20700,Sell,236107501
2024-08-30 13:55:17,17900.0,1000,Sell,236107524
2024-08-30 13:55:26,17900.0,5700,Sell,236107681
2024-08-30 13:55:26,17900.0,1000,Sell,236107679
2024-08-30 13:55:26,17900.0,100,Sell,236107682
2024-08-30 13:55:26,17900.0,100,Sell,236107677
2024-08-30 13:55:26,17900.0,10000,Sell,236107678
2024-08-30 13:55:26,17900.0,600,Sell,236107657
2024-08-30 13:55:26,17900.0,1000,Sell,236107680
2024-08-30 13:55:26,17900.0,2100,Sell,236107676
2024-08-30 13:55:29,17900.0,1900,Sell,236107734
2024-08-30 13:55:29,17900.0,2000,Sell,236107735
2024-08-30 13:55:29,17900.0,200,Sell,236107736
2024-08-30 13:55:29,17900.0,200,Sell,236107737
2024-08-30 13:55:29,17900.0,2000,Sell,236107738
2024-08-30 13:55:29,17900.0,3700,Sell,236107739
2024-08-30 13:55:29,17900.0,1300,Sell,236107751
2024-08-30 13:55:29,17900.0,500,Sell,236107752
2024-08-30 13:55:29,17900.0,200,Sell,236107753
2024-08-30 13:55:45,17900.0,500,Buy,236108168
2024-08-30 13:55:47,17900.0,2000,Buy,236108207
2024-08-30 13:56:00,17900.0,4500,Buy,236108428
2024-08-30 13:56:10,17900.0,100,Buy,236108690
2024-08-30 13:56:17,17900.0,900,Buy,236108846
2024-08-30 13:56:17,17900.0,2100,Buy,236108847
2024-08-30 13:56:46,17900.0,7100,Buy,236109514
2024-08-30 13:57:16,17900.0,100,Buy,236110211
2024-08-30 13:58:26,17900.0,1000,Buy,236111778
2024-08-30 13:58:39,17900.0,400,Buy,236112056
2024-08-30 13:58:41,17900.0,500,Buy,236112071
2024-08-30 13:58:54,17900.0,5000,Buy,236112360
2024-08-30 13:58:54,17900.0,700,Buy,236112361
2024-08-30 13:59:02,17850.0,100,Sell,236112532
2024-08-30 13:59:35,17900.0,8400,Buy,236113292
2024-08-30 13:59:35,17900.0,100,Buy,236113293
2024-08-30 13:59:35,17900.0,1500,Buy,236113294
2024-08-30 13:59:39,17900.0,5700,Buy,236113373
2024-08-30 13:59:48,17900.0,100,Buy,236113563
2024-08-30 13:59:49,17900.0,400,Buy,236113602
2024-08-30 14:00:07,17900.0,100,Buy,236113945
2024-08-30 14:00:35,17850.0,1900,Sell,236114559
2024-08-30 14:00:40,17900.0,14600,Buy,236114691
2024-08-30 14:00:40,17900.0,4900,Buy,236114678
2024-08-30 14:00:40,17900.0,500,Buy,236114690
2024-08-30 14:00:59,17900.0,500,Buy,236115042
2024-08-30 14:01:09,17900.0,500,Buy,236115237
2024-08-30 14:01:20,17900.0,500,Buy,236115526
2024-08-30 14:01:28,17900.0,500,Buy,236115738
2024-08-30 14:01:31,17900.0,400,Buy,236115815
2024-08-30 14:01:37,17900.0,5000,Buy,236115964
2024-08-30 14:01:41,17900.0,600,Buy,236116034
2024-08-30 14:01:41,17900.0,2200,Buy,236116035
2024-08-30 14:01:42,17900.0,4900,Buy,236116053
2024-08-30 14:02:19,17900.0,500,Buy,236116876
2024-08-30 14:02:26,17900.0,400,Buy,236116997
2024-08-30 14:02:29,17900.0,1000,Buy,236117039
2024-08-30 14:02:30,17900.0,500,Buy,236117072
2024-08-30 14:02:32,17900.0,1500,Buy,236117098
2024-08-30 14:02:32,17900.0,8500,Buy,236117097
2024-08-30 14:02:41,17900.0,500,Buy,236117379
2024-08-30 14:02:45,17900.0,400,Buy,236117503
2024-08-30 14:03:20,17900.0,3600,Buy,236118482
2024-08-30 14:03:26,17900.0,200,Buy,236118615
2024-08-30 14:03:34,17900.0,500,Buy,236118867
2024-08-30 14:03:42,17900.0,500,Buy,236119058
2024-08-30 14:03:45,17850.0,6000,Sell,236119122
2024-08-30 14:03:51,17900.0,500,Buy,236119308
2024-08-30 14:03:53,17900.0,1500,Buy,236119366
2024-08-30 14:03:55,17900.0,400,Buy,236119441
2024-08-30 14:04:02,17900.0,100,Buy,236119658
2024-08-30 14:04:13,17900.0,3500,Buy,236119927
2024-08-30 14:04:13,17900.0,6500,Buy,236119928
2024-08-30 14:04:13,17900.0,1000,Buy,236119929
2024-08-30 14:04:21,17900.0,1900,Buy,236120187
2024-08-30 14:04:21,17900.0,6400,Buy,236120188
2024-08-30 14:04:29,17900.0,1200,Buy,236120449
2024-08-30 14:04:48,17900.0,500,Buy,236120913
2024-08-30 14:04:57,17900.0,500,Buy,236121166
2024-08-30 14:05:06,17900.0,300,Buy,236121369
2024-08-30 14:05:09,17900.0,500,Buy,236121459
2024-08-30 14:05:13,17900.0,400,Buy,236121554
2024-08-30 14:05:14,17850.0,3000,Sell,236121792
2024-08-30 14:06:20,17900.0,500,Buy,236123610
2024-08-30 14:06:28,17900.0,500,Buy,236123802
2024-08-30 14:06:35,17900.0,1300,Buy,236124000
2024-08-30 14:06:35,17900.0,10000,Buy,236123999
2024-08-30 14:06:35,17900.0,400,Buy,236124010
2024-08-30 14:06:35,17900.0,32100,Buy,236123997
2024-08-30 14:06:35,17900.0,4800,Buy,236123996
2024-08-30 14:06:35,17900.0,1300,Buy,236123995
2024-08-30 14:06:35,17900.0,500,Buy,236123998
2024-08-30 14:06:37,17900.0,500,Buy,236124071
2024-08-30 14:06:40,17900.0,400,Buy,236124160
2024-08-30 14:06:48,17900.0,3700,Buy,236124427
2024-08-30 14:06:48,17900.0,5000,Buy,236124426
2024-08-30 14:06:48,17900.0,5000,Buy,236124425
2024-08-30 14:06:48,17900.0,6700,Buy,236124423
2024-08-30 14:06:48,17900.0,4100,Buy,236124422
2024-08-30 14:06:48,17900.0,3000,Buy,236124421
2024-08-30 14:06:48,17900.0,2400,Buy,236124420
2024-08-30 14:06:48,17900.0,100,Buy,236124424
2024-08-30 14:06:51,17900.0,500,Buy,236124508
2024-08-30 14:06:51,17900.0,1800,Buy,236124510
2024-08-30 14:06:51,17900.0,10000,Buy,236124509
2024-08-30 14:06:51,17900.0,8500,Buy,236124506
2024-08-30 14:06:51,17900.0,4900,Buy,236124507
2024-08-30 14:06:51,17900.0,100,Buy,236124498
2024-08-30 14:06:51,17900.0,7100,Buy,236124502
2024-08-30 14:06:51,17900.0,100,Buy,236124505
2024-08-30 14:06:51,17900.0,5000,Buy,236124504
2024-08-30 14:06:51,17900.0,2000,Buy,236124503
2024-08-30 14:06:55,17900.0,1200,Buy,236124613
2024-08-30 14:06:55,17900.0,2300,Buy,236124614
2024-08-30 14:06:59,17900.0,1700,Buy,236124674
2024-08-30 14:06:59,17900.0,6300,Buy,236124675
2024-08-30 14:07:01,17900.0,500,Buy,236124732
2024-08-30 14:07:01,17900.0,300,Buy,236124733
2024-08-30 14:07:01,17900.0,500,Buy,236124734
2024-08-30 14:07:01,17900.0,100,Buy,236124735
2024-08-30 14:07:02,17900.0,6700,Buy,236124761
2024-08-30 14:07:02,17900.0,4100,Buy,236124763
2024-08-30 14:07:02,17900.0,400,Buy,236124759
2024-08-30 14:07:02,17900.0,2700,Buy,236124760
2024-08-30 14:07:02,17900.0,2000,Buy,236124762
2024-08-30 14:07:02,17900.0,9100,Buy,236124758
2024-08-30 14:07:05,17900.0,300,Buy,236124835
2024-08-30 14:07:06,17900.0,100,Buy,236124855
2024-08-30 14:07:06,17900.0,900,Buy,236124856
2024-08-30 14:07:06,17900.0,2000,Buy,236124859
2024-08-30 14:07:17,17900.0,200,Buy,236125136
2024-08-30 14:07:19,17900.0,400,Buy,236125193
2024-08-30 14:07:20,17900.0,300,Buy,236125217
2024-08-30 14:07:20,17900.0,300,Buy,236125218
2024-08-30 14:07:20,17900.0,100,Buy,236125219
2024-08-30 14:07:20,17900.0,200,Buy,236125220
2024-08-30 14:07:20,17900.0,500,Buy,236125221
2024-08-30 14:07:23,17900.0,600,Sell,236125294
2024-08-30 14:07:30,17900.0,5400,Buy,236125539
2024-08-30 14:07:30,17900.0,11400,Buy,236125538
2024-08-30 14:07:35,17900.0,1000,Sell,236125656
2024-08-30 14:07:47,17950.0,500,Buy,236125926
2024-08-30 14:07:56,17950.0,500,Buy,236126287
2024-08-30 14:07:59,17950.0,30000,Buy,236126360
2024-08-30 14:08:05,17900.0,500,Sell,236126559
2024-08-30 14:08:06,17950.0,500,Buy,236126634
2024-08-30 14:08:10,17950.0,400,Buy,236126740
2024-08-30 14:08:13,17950.0,200,Buy,236126846
2024-08-30 14:08:13,17950.0,200,Buy,236126845
2024-08-30 14:08:13,17950.0,1000,Buy,236126844
2024-08-30 14:08:13,17950.0,100,Buy,236126843
2024-08-30 14:08:13,17950.0,100,Buy,236126842
2024-08-30 14:08:13,17950.0,500,Buy,236126841
2024-08-30 14:08:13,17950.0,15000,Buy,236126840
2024-08-30 14:08:13,17950.0,500,Buy,236126839
2024-08-30 14:08:13,17950.0,100,Buy,236126838
2024-08-30 14:08:13,17950.0,1000,Buy,236126837
2024-08-30 14:08:13,17950.0,1000,Buy,236126835
2024-08-30 14:08:13,17950.0,500,Buy,236126834
2024-08-30 14:08:13,17950.0,6900,Buy,236126833
2024-08-30 14:08:13,17950.0,3100,Buy,236126819
2024-08-30 14:08:13,17950.0,2100,Buy,236126818
2024-08-30 14:08:13,17950.0,500,Buy,236126817
2024-08-30 14:08:13,17950.0,100,Buy,236126816
2024-08-30 14:08:13,17950.0,500,Buy,236126815
2024-08-30 14:08:13,17950.0,700,Buy,236126814
2024-08-30 14:08:13,17950.0,13000,Buy,236126813
2024-08-30 14:08:13,17950.0,100,Buy,236126836
2024-08-30 14:08:14,17950.0,100,Buy,236126847
2024-08-30 14:08:14,17950.0,200,Buy,236126848
2024-08-30 14:08:14,17950.0,7500,Buy,236126849
2024-08-30 14:08:14,17950.0,1000,Buy,236126878
2024-08-30 14:08:19,17950.0,1900,Buy,236127025
2024-08-30 14:08:19,17950.0,500,Buy,236127024
2024-08-30 14:08:19,17950.0,2000,Buy,236126997
2024-08-30 14:08:19,17950.0,100,Buy,236127022
2024-08-30 14:08:19,17950.0,9500,Buy,236127021
2024-08-30 14:08:19,17950.0,400,Buy,236127023
2024-08-30 14:08:27,17950.0,11800,Buy,236127217
2024-08-30 14:08:27,17950.0,12000,Buy,236127216
2024-08-30 14:08:27,17950.0,200,Buy,236127215
2024-08-30 14:08:27,17950.0,100,Buy,236127214
2024-08-30 14:08:27,17950.0,100,Buy,236127212
2024-08-30 14:08:27,17950.0,1000,Buy,236127211
2024-08-30 14:08:27,17950.0,500,Buy,236127210
2024-08-30 14:08:27,17950.0,500,Buy,236127209
2024-08-30 14:08:27,17950.0,300,Buy,236127213
2024-08-30 14:08:27,17950.0,100,Buy,236127207
2024-08-30 14:08:27,17950.0,5700,Buy,236127208
2024-08-30 14:08:27,17950.0,200,Buy,236127200
2024-08-30 14:08:27,17950.0,300,Buy,236127201
2024-08-30 14:08:27,17950.0,1000,Buy,236127202
2024-08-30 14:08:27,17950.0,3100,Buy,236127199
2024-08-30 14:08:27,17950.0,100,Buy,236127204
2024-08-30 14:08:27,17950.0,2000,Buy,236127205
2024-08-30 14:08:27,17950.0,2000,Buy,236127206
2024-08-30 14:08:27,17950.0,2000,Buy,236127203
2024-08-30 14:08:31,17950.0,2900,Buy,236127316
2024-08-30 14:08:34,17950.0,500,Buy,236127438
2024-08-30 14:08:34,17950.0,8400,Buy,236127447
2024-08-30 14:08:34,17950.0,500,Buy,236127446
2024-08-30 14:08:34,17950.0,5000,Buy,236127445
2024-08-30 14:08:34,17950.0,3000,Buy,236127444
2024-08-30 14:08:34,17950.0,1000,Buy,236127443
2024-08-30 14:08:34,17950.0,1000,Buy,236127441
2024-08-30 14:08:34,17950.0,5000,Buy,236127440
2024-08-30 14:08:34,17950.0,200,Buy,236127439
2024-08-30 14:08:34,17950.0,200,Buy,236127437
2024-08-30 14:08:34,17950.0,500,Buy,236127442
2024-08-30 14:08:34,17950.0,200,Buy,236127435
2024-08-30 14:08:34,17950.0,300,Buy,236127427
2024-08-30 14:08:34,17950.0,1000,Buy,236127428
2024-08-30 14:08:34,17950.0,100,Buy,236127429
2024-08-30 14:08:34,17950.0,300,Buy,236127430
2024-08-30 14:08:34,17950.0,100,Buy,236127426
2024-08-30 14:08:34,17950.0,400,Buy,236127431
2024-08-30 14:08:34,17950.0,300,Buy,236127432
2024-08-30 14:08:34,17950.0,100,Buy,236127433
2024-08-30 14:08:34,17950.0,500,Buy,236127434
2024-08-30 14:08:34,17950.0,1300,Buy,236127425
2024-08-30 14:08:34,17950.0,100,Buy,236127436
2024-08-30 14:08:35,17950.0,40000,Buy,236127468
2024-08-30 14:08:38,17950.0,11000,Buy,236127508
2024-08-30 14:08:38,17950.0,22000,Buy,236127509
2024-08-30 14:08:49,17950.0,100,Buy,236127752
2024-08-30 14:08:49,17950.0,10000,Buy,236127757
2024-08-30 14:08:49,17950.0,10000,Buy,236127756
2024-08-30 14:08:49,17950.0,200,Buy,236127755
2024-08-30 14:08:49,17950.0,1000,Buy,236127754
2024-08-30 14:08:49,17950.0,2000,Buy,236127753
2024-08-30 14:08:49,17950.0,800,Buy,236127751
2024-08-30 14:08:49,17950.0,1000,Buy,236127749
2024-08-30 14:08:49,17950.0,100,Buy,236127748
2024-08-30 14:08:49,17950.0,1000,Buy,236127747
2024-08-30 14:08:49,17950.0,1200,Buy,236127746
2024-08-30 14:08:49,17950.0,100,Buy,236127745
2024-08-30 14:08:49,17950.0,8500,Buy,236127744
2024-08-30 14:08:49,17950.0,35000,Buy,236127735
2024-08-30 14:08:49,17950.0,200,Buy,236127750
2024-08-30 14:08:50,17950.0,1000,Buy,236127778
2024-08-30 14:08:50,17950.0,300,Buy,236127779
2024-08-30 14:08:50,17950.0,3500,Buy,236127782
2024-08-30 14:08:50,17950.0,3200,Buy,236127783
2024-08-30 14:08:50,17950.0,100,Buy,236127784
2024-08-30 14:08:50,17950.0,300,Buy,236127785
2024-08-30 14:08:50,17950.0,100,Buy,236127786
2024-08-30 14:08:50,17950.0,5000,Buy,236127790
2024-08-30 14:08:50,17950.0,100,Buy,236127788
2024-08-30 14:08:50,17950.0,500,Buy,236127789
2024-08-30 14:08:50,17950.0,5000,Buy,236127791
2024-08-30 14:08:50,17950.0,900,Buy,236127792
2024-08-30 14:08:50,17950.0,2900,Buy,236127793
2024-08-30 14:08:50,17950.0,3000,Buy,236127777
2024-08-30 14:08:50,17950.0,500,Buy,236127787
2024-08-30 14:08:50,17950.0,500,Buy,236127776
2024-08-30 14:08:50,17950.0,1000,Buy,236127758
2024-08-30 14:08:50,17950.0,100,Buy,236127774
2024-08-30 14:08:50,17950.0,100,Buy,236127775
2024-08-30 14:08:50,17950.0,500,Buy,236127760
2024-08-30 14:08:50,17950.0,200,Buy,236127761
2024-08-30 14:08:50,17950.0,5000,Buy,236127762
2024-08-30 14:08:50,17950.0,500,Buy,236127763
2024-08-30 14:08:50,17950.0,200,Buy,236127764
2024-08-30 14:08:50,17950.0,400,Buy,236127765
2024-08-30 14:08:50,17950.0,3400,Buy,236127759
2024-08-30 14:08:50,17950.0,1100,Buy,236127767
2024-08-30 14:08:50,17950.0,200,Buy,236127768
2024-08-30 14:08:50,17950.0,200,Buy,236127769
2024-08-30 14:08:50,17950.0,100,Buy,236127770
2024-08-30 14:08:50,17950.0,1000,Buy,236127771
2024-08-30 14:08:50,17950.0,500,Buy,236127772
2024-08-30 14:08:50,17950.0,100,Buy,236127773
2024-08-30 14:08:50,17950.0,4000,Buy,236127766
2024-08-30 14:08:53,17950.0,200,Buy,236127870
2024-08-30 14:08:54,17950.0,200,Buy,236127883
2024-08-30 14:08:55,17950.0,900,Buy,236127896
2024-08-30 14:08:57,17950.0,700,Buy,236127952
2024-08-30 14:08:58,17950.0,500,Buy,236127958
2024-08-30 14:08:58,17950.0,100,Buy,236127957
2024-08-30 14:08:59,17950.0,500,Buy,236128023
2024-08-30 14:08:59,17950.0,200,Buy,236128000
2024-08-30 14:08:59,17950.0,2100,Buy,236128005
2024-08-30 14:08:59,17950.0,100,Buy,236128004
2024-08-30 14:08:59,17950.0,300,Buy,236128003
2024-08-30 14:08:59,17950.0,200,Buy,236128002
2024-08-30 14:08:59,17950.0,100,Buy,236128001
2024-08-30 14:08:59,17950.0,1000,Buy,236127999
2024-08-30 14:08:59,17950.0,5000,Buy,236127990
2024-08-30 14:08:59,17950.0,300,Buy,236127997
2024-08-30 14:08:59,17950.0,100,Buy,236127996
2024-08-30 14:08:59,17950.0,300,Buy,236127995
2024-08-30 14:08:59,17950.0,30000,Buy,236127994
2024-08-30 14:08:59,17950.0,100,Buy,236127993
2024-08-30 14:08:59,17950.0,300,Buy,236127992
2024-08-30 14:08:59,17950.0,500,Buy,236127991
2024-08-30 14:08:59,17950.0,1500,Buy,236127989
2024-08-30 14:08:59,17950.0,2900,Buy,236127998
2024-08-30 14:09:01,17950.0,2000,Buy,236128058
2024-08-30 14:09:02,17950.0,200,Buy,236128066
2024-08-30 14:09:03,17950.0,1000,Buy,236128108
2024-08-30 14:09:04,17950.0,1000,Buy,236128112
2024-08-30 14:09:07,17950.0,14500,Buy,236128183
2024-08-30 14:09:07,17950.0,3000,Buy,236128182
2024-08-30 14:09:07,17950.0,22000,Buy,236128180
2024-08-30 14:09:07,17950.0,6700,Buy,236128179
2024-08-30 14:09:07,17950.0,5000,Buy,236128181
2024-08-30 14:09:11,17950.0,10000,Sell,236128364
2024-08-30 14:09:13,17950.0,10000,Sell,236128419
2024-08-30 14:09:16,17950.0,100,Sell,236128541
2024-08-30 14:09:19,17950.0,100,Sell,236128626
2024-08-30 14:09:23,18000.0,100,Buy,236128748
2024-08-30 14:09:23,18000.0,300,Buy,236128749
2024-08-30 14:09:23,18000.0,100,Buy,236128750
2024-08-30 14:09:25,18000.0,300,Buy,236128815
2024-08-30 14:09:25,18000.0,100,Buy,236128814
2024-08-30 14:09:25,18000.0,100,Buy,236128813
2024-08-30 14:09:25,18000.0,100,Buy,236128812
2024-08-30 14:09:25,18000.0,5000,Buy,236128811
2024-08-30 14:09:25,18000.0,500,Buy,236128809
2024-08-30 14:09:25,18000.0,35000,Buy,236128807
2024-08-30 14:09:25,18000.0,500,Buy,236128806
2024-08-30 14:09:25,18000.0,500,Buy,236128805
2024-08-30 14:09:25,18000.0,500,Buy,236128804
2024-08-30 14:09:25,18000.0,100,Buy,236128810
2024-08-30 14:09:25,18000.0,300,Buy,236128808
2024-08-30 14:09:27,17950.0,2000,Sell,236128848
2024-08-30 14:09:32,18000.0,300,Buy,236128995
2024-08-30 14:09:32,18000.0,200,Buy,236128994
2024-08-30 14:09:34,17950.0,10000,Sell,236129061
2024-08-30 14:09:35,18000.0,5500,Buy,236129111
2024-08-30 14:09:35,18000.0,10000,Buy,236129092
2024-08-30 14:09:35,18000.0,100,Buy,236129093
2024-08-30 14:09:35,18000.0,2000,Buy,236129094
2024-08-30 14:09:35,18000.0,5000,Buy,236129095
2024-08-30 14:09:35,18000.0,5000,Buy,236129096
2024-08-30 14:09:35,18000.0,1000,Buy,236129097
2024-08-30 14:09:35,18000.0,1000,Buy,236129098
2024-08-30 14:09:35,18000.0,1000,Buy,236129099
2024-08-30 14:09:35,18000.0,10000,Buy,236129091
2024-08-30 14:09:35,18000.0,100,Buy,236129100
2024-08-30 14:09:35,18000.0,500,Buy,236129102
2024-08-30 14:09:35,18000.0,300,Buy,236129103
2024-08-30 14:09:35,18000.0,100,Buy,236129104
2024-08-30 14:09:35,18000.0,500,Buy,236129106
2024-08-30 14:09:35,18000.0,900,Buy,236129107
2024-08-30 14:09:35,18000.0,100,Buy,236129108
2024-08-30 14:09:35,18000.0,400,Buy,236129109
2024-08-30 14:09:35,18000.0,200,Buy,236129110
2024-08-30 14:09:35,18000.0,300,Buy,236129101
2024-08-30 14:09:35,18000.0,10000,Buy,236129090
2024-08-30 14:09:35,18000.0,1000,Buy,236129105
2024-08-30 14:09:35,18000.0,200,Buy,236129088
2024-08-30 14:09:35,18000.0,8000,Buy,236129069
2024-08-30 14:09:35,18000.0,200,Buy,236129070
2024-08-30 14:09:35,18000.0,200,Buy,236129071
2024-08-30 14:09:35,18000.0,4700,Buy,236129089
2024-08-30 14:09:35,18000.0,100,Buy,236129073
2024-08-30 14:09:35,18000.0,500,Buy,236129074
2024-08-30 14:09:35,18000.0,1100,Buy,236129068
2024-08-30 14:09:35,18000.0,1000,Buy,236129075
2024-08-30 14:09:35,18000.0,3000,Buy,236129076
2024-08-30 14:09:35,18000.0,500,Buy,236129077
2024-08-30 14:09:35,18000.0,100,Buy,236129072
2024-08-30 14:09:35,18000.0,300,Buy,236129079
2024-08-30 14:09:35,18000.0,100,Buy,236129080
2024-08-30 14:09:35,18000.0,200,Buy,236129081
2024-08-30 14:09:35,18000.0,100,Buy,236129082
2024-08-30 14:09:35,18000.0,5100,Buy,236129083
2024-08-30 14:09:35,18000.0,600,Buy,236129084
2024-08-30 14:09:35,18000.0,200,Buy,236129085
2024-08-30 14:09:35,18000.0,1800,Buy,236129086
2024-08-30 14:09:35,18000.0,10000,Buy,236129087
2024-08-30 14:09:35,18000.0,2000,Buy,236129078
2024-08-30 14:09:38,18000.0,1000,Buy,236129189
2024-08-30 14:09:42,18000.0,500,Buy,236129315
2024-08-30 14:09:43,18000.0,100,Buy,236129338
2024-08-30 14:09:45,18000.0,10000,Buy,236129424
2024-08-30 14:09:45,18000.0,100,Buy,236129423
2024-08-30 14:09:45,18000.0,1100,Buy,236129422
2024-08-30 14:09:45,18000.0,200,Buy,236129421
2024-08-30 14:09:45,18000.0,200,Buy,236129420
2024-08-30 14:09:45,18000.0,300,Buy,236129419
2024-08-30 14:09:45,18000.0,1400,Buy,236129418
2024-08-30 14:09:45,18000.0,100,Buy,236129417
2024-08-30 14:09:45,18000.0,100,Buy,236129416
2024-08-30 14:09:45,18000.0,4100,Buy,236129425
2024-08-30 14:09:45,18000.0,100,Buy,236129414
2024-08-30 14:09:45,18000.0,500,Buy,236129415
2024-08-30 14:09:45,18000.0,1000,Buy,236129412
2024-08-30 14:09:45,18000.0,2900,Buy,236129402
2024-08-30 14:09:45,18000.0,2000,Buy,236129403
2024-08-30 14:09:45,18000.0,1400,Buy,236129405
2024-08-30 14:09:45,18000.0,100,Buy,236129406
2024-08-30 14:09:45,18000.0,13900,Buy,236129404
2024-08-30 14:09:45,18000.0,300,Buy,236129408
2024-08-30 14:09:45,18000.0,10000,Buy,236129409
2024-08-30 14:09:45,18000.0,1000,Buy,236129410
2024-08-30 14:09:45,18000.0,100,Buy,236129411
2024-08-30 14:09:45,18000.0,1000,Buy,236129407
2024-08-30 14:09:45,18000.0,100,Buy,236129413
2024-08-30 14:09:46,18000.0,400,Buy,236129460
2024-08-30 14:09:46,18000.0,1500,Buy,236129461
2024-08-30 14:09:46,18000.0,900,Buy,236129462
2024-08-30 14:09:48,18000.0,500,Buy,236129695
2024-08-30 14:09:48,18000.0,22300,Buy,236129696
2024-08-30 14:09:48,18000.0,100,Buy,236129694
2024-08-30 14:09:48,18000.0,2900,Buy,236129692
2024-08-30 14:09:48,18000.0,1000,Buy,236129691
2024-08-30 14:09:48,18000.0,1200,Buy,236129690
2024-08-30 14:09:48,18000.0,2000,Buy,236129693
2024-08-30 14:09:50,17950.0,10500,Sell,236129789
2024-08-30 14:09:50,18000.0,500,Buy,236129797
2024-08-30 14:09:52,18000.0,500,Buy,236129863
2024-08-30 14:09:52,18000.0,300,Buy,236129864
2024-08-30 14:09:52,18000.0,100,Buy,236129871
2024-08-30 14:09:52,18000.0,2600,Buy,236129872
2024-08-30 14:09:52,18000.0,1200,Buy,236129873
2024-08-30 14:09:52,18000.0,3000,Buy,236129862
2024-08-30 14:09:52,18000.0,400,Buy,236129878
2024-08-30 14:09:52,18000.0,2000,Buy,236129877
2024-08-30 14:09:52,18000.0,500,Buy,236129879
2024-08-30 14:09:52,18000.0,100,Buy,236129880
2024-08-30 14:09:52,18000.0,100,Buy,236129881
2024-08-30 14:09:52,18000.0,3800,Buy,236129882
2024-08-30 14:09:52,18000.0,2000,Buy,236129876
2024-08-30 14:09:52,18000.0,1000,Buy,236129861
2024-08-30 14:09:52,18000.0,100,Buy,236129875
2024-08-30 14:09:52,18000.0,300,Buy,236129859
2024-08-30 14:09:52,18000.0,2000,Buy,236129860
2024-08-30 14:09:52,18000.0,800,Buy,236129845
2024-08-30 14:09:52,18000.0,200,Buy,236129846
2024-08-30 14:09:52,18000.0,500,Buy,236129847
2024-08-30 14:09:52,18000.0,600,Buy,236129848
2024-08-30 14:09:52,18000.0,200,Buy,236129849
2024-08-30 14:09:52,18000.0,1000,Buy,236129850
2024-08-30 14:09:52,18000.0,100,Buy,236129851
2024-08-30 14:09:52,18000.0,100,Buy,236129874
2024-08-30 14:09:52,18000.0,100,Buy,236129852
2024-08-30 14:09:52,18000.0,10000,Buy,236129857
2024-08-30 14:09:52,18000.0,2200,Buy,236129856
2024-08-30 14:09:52,18000.0,3000,Buy,236129858
2024-08-30 14:09:52,18000.0,1000,Buy,236129854
2024-08-30 14:09:52,18000.0,100,Buy,236129853
2024-08-30 14:09:52,18000.0,100,Buy,236129855
2024-08-30 14:09:53,18000.0,1000,Buy,236129899
2024-08-30 14:09:53,18000.0,1300,Buy,236129911
2024-08-30 14:09:53,18000.0,700,Buy,236129912
2024-08-30 14:09:53,18000.0,400,Buy,236129913
2024-08-30 14:09:53,18000.0,1000,Buy,236129914
2024-08-30 14:09:53,18000.0,200,Buy,236129915
2024-08-30 14:09:53,18000.0,400,Buy,236129916
2024-08-30 14:09:54,18000.0,500,Buy,236129939
2024-08-30 14:09:54,18000.0,35500,Buy,236129940
2024-08-30 14:09:54,18000.0,1000,Buy,236129938
2024-08-30 14:09:54,18000.0,1000,Buy,236129937
2024-08-30 14:09:59,18000.0,200,Buy,236130092
2024-08-30 14:09:59,18000.0,4400,Buy,236130083
2024-08-30 14:09:59,18000.0,100,Buy,236130082
2024-08-30 14:09:59,18000.0,200,Buy,236130078
2024-08-30 14:09:59,18000.0,200,Buy,236130080
2024-08-30 14:09:59,18000.0,100,Buy,236130079
2024-08-30 14:09:59,18000.0,4500,Buy,236130077
2024-08-30 14:09:59,18000.0,500,Buy,236130081
2024-08-30 14:10:00,18000.0,200,Buy,236130101
2024-08-30 14:10:04,18000.0,200,Buy,236130191
2024-08-30 14:10:04,18000.0,200,Buy,236130192
2024-08-30 14:10:04,18000.0,1000,Buy,236130193
2024-08-30 14:10:04,18000.0,100,Buy,236130194
2024-08-30 14:10:04,18000.0,100,Buy,236130195
2024-08-30 14:10:04,18000.0,400,Buy,236130196
2024-08-30 14:10:08,18000.0,500,Buy,236130278
2024-08-30 14:10:10,18000.0,5000,Buy,236130353
2024-08-30 14:10:10,18000.0,7100,Buy,236130354
2024-08-30 14:10:10,18000.0,1600,Buy,236130355
2024-08-30 14:10:10,18000.0,1000,Buy,236130356
2024-08-30 14:10:10,18000.0,300,Buy,236130357
2024-08-30 14:10:10,18000.0,200,Buy,236130358
2024-08-30 14:10:10,18000.0,100,Buy,236130359
2024-08-30 14:10:10,18000.0,11300,Buy,236130360
2024-08-30 14:10:10,18000.0,200,Buy,236130361
2024-08-30 14:10:10,18000.0,100,Buy,236130362
2024-08-30 14:10:10,18000.0,200,Buy,236130363
2024-08-30 14:10:10,18000.0,500,Buy,236130364
2024-08-30 14:10:10,18000.0,7400,Buy,236130369
2024-08-30 14:10:10,18000.0,2000,Buy,236130352
2024-08-30 14:10:16,18000.0,100,Buy,236130484
2024-08-30 14:10:16,17950.0,22400,Sell,236130505
2024-08-30 14:10:23,17950.0,6000,Sell,236130693
2024-08-30 14:10:41,17950.0,1500,Sell,236131121
2024-08-30 14:10:41,17950.0,1900,Sell,236131122
2024-08-30 14:10:41,17950.0,1000,Sell,236131123
2024-08-30 14:10:41,17950.0,100,Sell,236131124
2024-08-30 14:10:41,17950.0,1000,Sell,236131125
2024-08-30 14:10:41,17950.0,81800,Sell,236131126
2024-08-30 14:10:41,17950.0,77700,Sell,236131115
2024-08-30 14:10:42,17950.0,5500,Sell,236131156
2024-08-30 14:10:44,17950.0,50000,Sell,236131225
2024-08-30 14:10:48,17950.0,1000,Sell,236131359
2024-08-30 14:10:51,17950.0,100,Sell,236131492
2024-08-30 14:10:51,17950.0,1000,Sell,236131495
2024-08-30 14:10:51,17950.0,5000,Sell,236131494
2024-08-30 14:10:51,17950.0,100,Sell,236131493
2024-08-30 14:10:51,17950.0,1000,Sell,236131491
2024-08-30 14:10:51,17950.0,59600,Sell,236131489
2024-08-30 14:10:51,17950.0,1000,Sell,236131426
2024-08-30 14:10:51,17950.0,2900,Sell,236131490
2024-08-30 14:10:51,17950.0,1100,Sell,236131472
2024-08-30 14:10:52,17950.0,13300,Buy,236131505
2024-08-30 14:10:52,17950.0,21000,Sell,236131506
2024-08-30 14:10:52,17950.0,15700,Sell,236131517
2024-08-30 14:10:55,17950.0,500,Buy,236131622
2024-08-30 14:11:04,17950.0,500,Buy,236132075
2024-08-30 14:11:04,17950.0,100,Buy,236132076
2024-08-30 14:11:04,17950.0,300,Buy,236132095
2024-08-30 14:11:13,17950.0,500,Buy,236132409
2024-08-30 14:11:16,17950.0,400,Buy,236132489
2024-08-30 14:11:22,17950.0,1500,Buy,236132673
2024-08-30 14:11:24,17950.0,500,Buy,236132729
2024-08-30 14:11:26,17950.0,5000,Buy,236132765
2024-08-30 14:11:54,17900.0,2300,Sell,236133633
2024-08-30 14:11:54,17900.0,500,Sell,236133632
2024-08-30 14:11:54,17900.0,200,Sell,236133631
2024-08-30 14:11:59,17950.0,200,Buy,236133793
2024-08-30 14:12:06,17950.0,10000,Buy,236134049
2024-08-30 14:12:34,17950.0,2000,Buy,236135065
2024-08-30 14:13:25,17950.0,10000,Buy,236136788
2024-08-30 14:13:35,17900.0,3000,Sell,236137179
2024-08-30 14:13:40,17950.0,500,Buy,236137452
2024-08-30 14:13:47,17900.0,1000,Sell,236137809
2024-08-30 14:13:50,17950.0,500,Buy,236137950
2024-08-30 14:13:59,17950.0,500,Buy,236138228
2024-08-30 14:14:03,17950.0,400,Buy,236138326
2024-08-30 14:14:06,17950.0,1200,Buy,236138498
2024-08-30 14:14:28,17950.0,10800,Buy,236139370
2024-08-30 14:14:28,17950.0,1000,Buy,236139369
2024-08-30 14:14:28,17950.0,2700,Buy,236139367
2024-08-30 14:14:28,17950.0,500,Buy,236139368
2024-08-30 14:14:29,17950.0,5000,Buy,236139392
2024-08-30 14:14:31,17950.0,400,Buy,236139559
2024-08-30 14:14:38,17950.0,300,Buy,236139797
2024-08-30 14:14:42,17950.0,6000,Buy,236139966
2024-08-30 14:14:42,17950.0,1000,Buy,236139967
2024-08-30 14:14:42,17950.0,6800,Buy,236139968
2024-08-30 14:14:42,17950.0,5000,Buy,236139969
2024-08-30 14:14:42,17950.0,100,Buy,236139970
2024-08-30 14:14:42,17950.0,11100,Buy,236139971
2024-08-30 14:14:44,17950.0,2700,Buy,236140049
2024-08-30 14:14:50,17950.0,100,Buy,236140470
2024-08-30 14:14:51,17950.0,200,Buy,236140512
2024-08-30 14:14:51,17950.0,500,Buy,236140516
2024-08-30 14:14:58,17950.0,2100,Buy,236140736
2024-08-30 14:14:59,17950.0,600,Buy,236140775
2024-08-30 14:14:59,17950.0,400,Buy,236140776
2024-08-30 14:15:08,17900.0,500,Sell,236141039
2024-08-30 14:15:15,17950.0,11600,Buy,236141429
2024-08-30 14:15:15,17950.0,2000,Buy,236141430
2024-08-30 14:15:15,17950.0,1000,Buy,236141431
2024-08-30 14:15:15,17950.0,6700,Buy,236141432
2024-08-30 14:15:15,17950.0,500,Buy,236141433
2024-08-30 14:15:15,17950.0,6100,Buy,236141434
2024-08-30 14:15:18,17950.0,500,Buy,236141557
2024-08-30 14:15:19,17900.0,400,Sell,236141586
2024-08-30 14:15:27,17950.0,500,Buy,236141925
2024-08-30 14:15:28,17950.0,1100,Buy,236141980
2024-08-30 14:15:28,17950.0,500,Buy,236141983
2024-08-30 14:15:28,17950.0,400,Buy,236141984
2024-08-30 14:15:33,17900.0,14500,Sell,236142278
2024-08-30 14:15:33,17900.0,3000,Sell,236142279
2024-08-30 14:15:36,17950.0,500,Buy,236142392
2024-08-30 14:15:36,17950.0,600,Buy,236142367
2024-08-30 14:15:36,17950.0,100,Buy,236142368
2024-08-30 14:15:36,17950.0,1300,Buy,236142369
2024-08-30 14:15:39,17950.0,400,Buy,236142489
2024-08-30 14:15:40,17900.0,12000,Sell,236142530
2024-08-30 14:15:43,17950.0,500,Buy,236142658
2024-08-30 14:15:49,17950.0,1300,Buy,236142931
2024-08-30 14:15:50,17950.0,5800,Buy,236142987
2024-08-30 14:15:50,17950.0,100,Buy,236142988
2024-08-30 14:15:50,17950.0,6900,Buy,236142989
2024-08-30 14:15:50,17950.0,2200,Buy,236142990
2024-08-30 14:15:58,17900.0,1000,Sell,236143235
2024-08-30 14:15:59,17950.0,300,Buy,236143299
2024-08-30 14:15:59,17950.0,700,Buy,236143300
2024-08-30 14:15:59,17950.0,800,Buy,236143293
2024-08-30 14:15:59,17950.0,200,Buy,236143298
2024-08-30 14:16:03,17950.0,3600,Buy,236143488
2024-08-30 14:16:10,17950.0,500,Buy,236143718
2024-08-30 14:16:17,17950.0,3500,Buy,236144012
2024-08-30 14:16:19,17950.0,500,Buy,236144166
2024-08-30 14:16:26,17950.0,1900,Buy,236144516
2024-08-30 14:16:27,17950.0,1900,Buy,236144530
2024-08-30 14:16:27,17950.0,500,Buy,236144566
2024-08-30 14:16:29,17950.0,2000,Buy,236144646
2024-08-30 14:16:30,17950.0,400,Buy,236144685
2024-08-30 14:16:32,17950.0,3200,Buy,236144803
2024-08-30 14:16:33,17950.0,300,Buy,236144876
2024-08-30 14:16:33,17950.0,500,Buy,236144875
2024-08-30 14:16:33,17950.0,2700,Buy,236144877
2024-08-30 14:16:33,17950.0,1000,Buy,236144873
2024-08-30 14:16:33,17950.0,3300,Buy,236144871
2024-08-30 14:16:33,17950.0,500,Buy,236144874
2024-08-30 14:16:33,17950.0,700,Buy,236144872
2024-08-30 14:16:42,17950.0,2000,Buy,236145192
2024-08-30 14:17:01,17950.0,1900,Buy,236145908
2024-08-30 14:17:10,17900.0,2000,Sell,236146347
2024-08-30 14:17:13,17950.0,500,Buy,236146418
2024-08-30 14:17:27,17950.0,200,Buy,236146887
2024-08-30 14:17:31,17950.0,2100,Buy,236147053
2024-08-30 14:17:46,17950.0,3100,Buy,236147630
2024-08-30 14:17:46,17950.0,100,Buy,236147631
2024-08-30 14:17:46,17950.0,2500,Buy,236147632
2024-08-30 14:17:50,17950.0,1300,Buy,236147735
2024-08-30 14:17:53,17900.0,2000,Sell,236147804
2024-08-30 14:18:03,17950.0,2000,Buy,236148231
2024-08-30 14:18:09,17950.0,5700,Buy,236148454
2024-08-30 14:18:27,17950.0,4200,Buy,236149077
2024-08-30 14:18:29,17950.0,5700,Buy,236149154
2024-08-30 14:18:33,17950.0,2000,Buy,236149302
2024-08-30 14:18:40,17900.0,2000,Sell,236149510
2024-08-30 14:18:51,17900.0,500,Sell,236149959
2024-08-30 14:18:52,17900.0,5000,Sell,236149963
2024-08-30 14:18:52,17900.0,1000,Sell,236149965
2024-08-30 14:19:04,17950.0,1100,Buy,236150356
2024-08-30 14:19:04,17950.0,400,Buy,236150357
2024-08-30 14:19:04,17950.0,500,Buy,236150358
2024-08-30 14:19:16,17950.0,1900,Buy,236150823
2024-08-30 14:19:16,17950.0,1900,Buy,236150835
2024-08-30 14:19:23,17950.0,5700,Buy,236151157
2024-08-30 14:19:35,17950.0,2100,Buy,236151552
2024-08-30 14:19:41,17950.0,1500,Buy,236151836
2024-08-30 14:20:08,17950.0,2000,Buy,236152796
2024-08-30 14:20:18,17950.0,1100,Buy,236153208
2024-08-30 14:20:18,17950.0,200,Buy,236153207
2024-08-30 14:20:18,17950.0,4400,Buy,236153206
2024-08-30 14:20:19,17900.0,1400,Sell,236153269
2024-08-30 14:20:28,17900.0,50000,Sell,236153666
2024-08-30 14:20:34,17900.0,400,Sell,236153969
2024-08-30 14:20:38,17950.0,900,Buy,236154112
2024-08-30 14:20:38,17950.0,1100,Buy,236154113
2024-08-30 14:20:39,17900.0,1000,Sell,236154224
2024-08-30 14:20:45,17900.0,300,Sell,236154447
2024-08-30 14:20:54,17900.0,96700,Sell,236154936
2024-08-30 14:20:54,17900.0,2300,Sell,236154937
2024-08-30 14:20:55,17900.0,500,Sell,236154995
2024-08-30 14:20:56,17900.0,2700,Sell,236155013
2024-08-30 14:20:56,17900.0,9600,Sell,236155014
2024-08-30 14:20:59,17900.0,1400,Sell,236155116
2024-08-30 14:20:59,17900.0,100,Sell,236155115
2024-08-30 14:20:59,17900.0,5000,Sell,236155114
2024-08-30 14:20:59,17900.0,2000,Sell,236155112
2024-08-30 14:20:59,17900.0,100,Sell,236155111
2024-08-30 14:20:59,17900.0,10000,Sell,236155110
2024-08-30 14:20:59,17900.0,400,Sell,236155109
2024-08-30 14:20:59,17900.0,1000,Sell,236155113
2024-08-30 14:21:05,17900.0,5000,Sell,236155337
2024-08-30 14:21:07,17900.0,2000,Sell,236155415
2024-08-30 14:21:09,17950.0,1900,Buy,236155465
2024-08-30 14:21:14,17900.0,1000,Sell,236155715
2024-08-30 14:21:14,17900.0,600,Sell,236155720
2024-08-30 14:21:14,17900.0,1000,Sell,236155719
2024-08-30 14:21:14,17900.0,1000,Sell,236155718
2024-08-30 14:21:14,17900.0,400,Sell,236155714
2024-08-30 14:21:14,17900.0,200,Sell,236155717
2024-08-30 14:21:14,17900.0,500,Sell,236155712
2024-08-30 14:21:14,17900.0,200,Sell,236155713
2024-08-30 14:21:14,17900.0,1600,Sell,236155708
2024-08-30 14:21:14,17900.0,200,Sell,236155709
2024-08-30 14:21:14,17900.0,1000,Sell,236155716
2024-08-30 14:21:14,17900.0,100,Sell,236155711
2024-08-30 14:21:14,17900.0,2200,Sell,236155710
2024-08-30 14:21:15,17900.0,400,Sell,236155742
2024-08-30 14:21:15,17900.0,500,Sell,236155743
2024-08-30 14:21:15,17900.0,500,Sell,236155744
2024-08-30 14:21:15,17900.0,600,Sell,236155745
2024-08-30 14:21:22,17900.0,5100,Sell,236156037
2024-08-30 14:21:22,17900.0,1900,Sell,236156038
2024-08-30 14:21:22,17900.0,700,Sell,236156039
2024-08-30 14:21:22,17900.0,300,Sell,236156040
2024-08-30 14:21:22,17900.0,300,Sell,236156041
2024-08-30 14:21:22,17900.0,200,Sell,236156042
2024-08-30 14:21:26,17950.0,200,Buy,236156139
2024-08-30 14:21:33,17900.0,500,Sell,236156416
2024-08-30 14:21:33,17950.0,5700,Buy,236156399
2024-08-30 14:21:39,17950.0,2100,Buy,236156624
2024-08-30 14:21:47,17900.0,1200,Sell,236156901
2024-08-30 14:21:47,17900.0,200,Sell,236156902
2024-08-30 14:21:47,17900.0,1000,Sell,236156903
2024-08-30 14:21:47,17900.0,200,Sell,236156904
2024-08-30 14:21:47,17900.0,5700,Sell,236156905
2024-08-30 14:21:47,17900.0,700,Sell,236156906
2024-08-30 14:22:00,17900.0,1800,Sell,236157338
2024-08-30 14:22:00,17950.0,5700,Buy,236157362
2024-08-30 14:22:02,17900.0,6000,Sell,236157445
2024-08-30 14:22:05,17900.0,6400,Sell,236157543
2024-08-30 14:22:05,17900.0,3000,Sell,236157544
2024-08-30 14:22:05,17900.0,600,Sell,236157545
2024-08-30 14:22:06,17900.0,200,Sell,236157589
2024-08-30 14:22:06,17900.0,10000,Sell,236157588
2024-08-30 14:22:06,17900.0,200,Sell,236157587
2024-08-30 14:22:07,17900.0,2000,Buy,236157631
2024-08-30 14:22:11,17900.0,2100,Buy,236157765
2024-08-30 14:22:30,17900.0,5700,Buy,236158400
2024-08-30 14:22:33,17900.0,3000,Buy,236158511
2024-08-30 14:22:44,17900.0,2100,Buy,236158838
2024-08-30 14:22:49,17900.0,300,Buy,236159071
2024-08-30 14:22:49,17900.0,5400,Buy,236159072
2024-08-30 14:22:56,17900.0,1000,Buy,236159367
2024-08-30 14:23:00,17900.0,1000,Buy,236159515
2024-08-30 14:23:03,17850.0,500,Sell,236159660
2024-08-30 14:23:07,17850.0,100,Sell,236159789
2024-08-30 14:23:07,17850.0,1000,Sell,236159791
2024-08-30 14:23:07,17850.0,8500,Sell,236159787
2024-08-30 14:23:07,17850.0,200,Sell,236159788
2024-08-30 14:23:07,17850.0,200,Sell,236159790
2024-08-30 14:23:16,17900.0,2100,Buy,236160319
2024-08-30 14:23:22,17850.0,100,Sell,236160555
2024-08-30 14:23:22,17900.0,100,Buy,236160558
2024-08-30 14:23:32,17900.0,400,Buy,236160857
2024-08-30 14:23:32,17900.0,7000,Buy,236160858
2024-08-30 14:23:32,17900.0,700,Buy,236160859
2024-08-30 14:23:36,17900.0,5700,Buy,236161073
2024-08-30 14:23:45,17900.0,2000,Buy,236161499
2024-08-30 14:23:49,17900.0,1600,Buy,236161680
2024-08-30 14:23:49,17900.0,400,Buy,236161681
2024-08-30 14:24:11,17900.0,5100,Buy,236162713
2024-08-30 14:24:11,17900.0,600,Buy,236162712
2024-08-30 14:24:20,17900.0,1000,Buy,236163248
2024-08-30 14:24:20,17900.0,200,Buy,236163247
2024-08-30 14:24:20,17900.0,900,Buy,236163246
2024-08-30 14:24:21,17900.0,1300,Buy,236163327
2024-08-30 14:24:25,17900.0,500,Buy,236163576
2024-08-30 14:24:40,17900.0,5700,Buy,236164659
2024-08-30 14:24:45,17900.0,1000,Buy,236164946
2024-08-30 14:24:46,17900.0,2000,Buy,236165024
2024-08-30 14:24:48,17850.0,200,Sell,236165134
2024-08-30 14:24:48,17850.0,200,Sell,236165135
2024-08-30 14:24:48,17850.0,1100,Sell,236165136
2024-08-30 14:24:53,17900.0,2000,Buy,236165385
2024-08-30 14:24:59,17900.0,100,Buy,236165909
2024-08-30 14:25:01,17900.0,1000,Buy,236166125
2024-08-30 14:25:03,17900.0,1800,Buy,236166252
2024-08-30 14:25:03,17900.0,1000,Buy,236166250
2024-08-30 14:25:03,17900.0,1900,Buy,236166249
2024-08-30 14:25:03,17900.0,1000,Buy,236166251
2024-08-30 14:25:08,17900.0,1000,Buy,236166521
2024-08-30 14:25:13,17900.0,1200,Buy,236166918
2024-08-30 14:25:13,17900.0,3800,Buy,236166919
2024-08-30 14:25:13,17900.0,200,Buy,236166971
2024-08-30 14:25:13,17900.0,3000,Buy,236166972
2024-08-30 14:25:14,17900.0,1000,Buy,236167000
2024-08-30 14:25:15,17900.0,1000,Buy,236167028
2024-08-30 14:25:15,17900.0,100,Buy,236167029
2024-08-30 14:25:15,17900.0,100,Buy,236167030
2024-08-30 14:25:15,17900.0,200,Buy,236167031
2024-08-30 14:25:22,17950.0,900,Buy,236167446
2024-08-30 14:25:22,17950.0,500,Buy,236167445
2024-08-30 14:25:22,17950.0,100,Buy,236167447
2024-08-30 14:25:22,17950.0,100,Buy,236167444
2024-08-30 14:25:22,17950.0,200,Buy,236167448
2024-08-30 14:25:22,17900.0,800,Buy,236167442
2024-08-30 14:25:22,17850.0,1000,Sell,236167384
2024-08-30 14:25:22,17950.0,100,Buy,236167443
2024-08-30 14:25:22,17900.0,2200,Buy,236167436
2024-08-30 14:25:22,17900.0,800,Buy,236167435
2024-08-30 14:25:23,17950.0,2000,Buy,236167573
2024-08-30 14:25:35,17950.0,200,Buy,236168333
2024-08-30 14:25:39,17950.0,600,Buy,236168567
2024-08-30 14:25:39,17950.0,100,Buy,236168568
2024-08-30 14:25:39,17950.0,500,Buy,236168570
2024-08-30 14:25:39,17950.0,500,Buy,236168571
2024-08-30 14:25:39,17950.0,100,Buy,236168572
2024-08-30 14:25:39,17950.0,100,Buy,236168573
2024-08-30 14:25:39,17950.0,100,Buy,236168569
2024-08-30 14:25:42,17900.0,100,Sell,236168682
2024-08-30 14:25:43,17950.0,100,Buy,236168759
2024-08-30 14:25:43,17950.0,400,Buy,236168760
2024-08-30 14:25:48,17900.0,200,Sell,236169034
2024-08-30 14:25:54,17950.0,1800,Buy,236169420
2024-08-30 14:25:54,17950.0,100,Buy,236169419
2024-08-30 14:26:07,17950.0,400,Buy,236170281
2024-08-30 14:26:07,17900.0,700,Sell,236170282
2024-08-30 14:26:22,17900.0,500,Sell,236171316
2024-08-30 14:26:24,17950.0,2000,Buy,236171407
2024-08-30 14:26:30,17900.0,6100,Sell,236171755
2024-08-30 14:26:30,17900.0,500,Sell,236171753
2024-08-30 14:26:30,17900.0,1900,Sell,236171754
2024-08-30 14:26:30,17900.0,1000,Sell,236171751
2024-08-30 14:26:30,17900.0,8500,Sell,236171750
2024-08-30 14:26:30,17900.0,2000,Sell,236171752
2024-08-30 14:26:43,17900.0,3600,Sell,236172534
2024-08-30 14:26:58,17900.0,2300,Sell,236173564
2024-08-30 14:27:08,17900.0,300,Sell,236174184
2024-08-30 14:27:08,17900.0,200,Sell,236174187
2024-08-30 14:27:08,17900.0,5000,Sell,236174186
2024-08-30 14:27:08,17900.0,2700,Sell,236174185
2024-08-30 14:27:08,17900.0,200,Sell,236174183
2024-08-30 14:27:08,17900.0,800,Sell,236174178
2024-08-30 14:27:08,17900.0,500,Sell,236174181
2024-08-30 14:27:08,17900.0,5000,Sell,236174180
2024-08-30 14:27:08,17900.0,5000,Sell,236174179
2024-08-30 14:27:08,17900.0,200,Sell,236174177
2024-08-30 14:27:08,17900.0,300,Sell,236174176
2024-08-30 14:27:08,17900.0,1000,Sell,236174182
2024-08-30 14:27:10,17900.0,100,Buy,236174279
2024-08-30 14:27:13,17900.0,800,Buy,236174472
2024-08-30 14:27:19,17900.0,100,Buy,236174979
2024-08-30 14:27:22,17900.0,300,Buy,236175145
2024-08-30 14:27:33,17850.0,500,Sell,236175832
2024-08-30 14:27:55,17850.0,200,Sell,236177184
2024-08-30 14:28:08,17850.0,1600,Sell,236177924
2024-08-30 14:28:17,17850.0,1000,Sell,236178732
2024-08-30 14:28:18,17900.0,10000,Buy,236178807
2024-08-30 14:28:32,17900.0,1700,Buy,236179664
2024-08-30 14:28:44,17900.0,15000,Buy,236180346
2024-08-30 14:28:49,17900.0,200,Buy,236180772
2024-08-30 14:28:49,17900.0,10000,Buy,236180835
2024-08-30 14:28:59,17900.0,10000,Buy,236181680
2024-08-30 14:29:05,17900.0,2000,Buy,236182002
2024-08-30 14:29:07,17900.0,1000,Buy,236182183
2024-08-30 14:29:15,17900.0,1300,Buy,236182891
2024-08-30 14:29:16,17850.0,3600,Sell,236182961
2024-08-30 14:29:16,17850.0,100,Sell,236182962
2024-08-30 14:29:16,17850.0,300,Sell,236182963
2024-08-30 14:29:19,17850.0,500,Sell,236183210
2024-08-30 14:29:37,17850.0,1000,Sell,236184344
2024-08-30 14:29:53,17850.0,1000,Sell,236185354
2024-08-30 14:44:59,17900.0,275700,ATO/ATC,236186379
