time,price,volume,match_type,id
2024-07-29 09:14:38,18000.0,47100,ATO/ATC,226839427
2024-07-29 09:14:45,18000.0,100,Sell,226839846
2024-07-29 09:15:03,18000.0,500,Sell,226840400
2024-07-29 09:15:05,18000.0,700,Sell,226840441
2024-07-29 09:15:05,18000.0,9300,Sell,226840439
2024-07-29 09:15:05,18000.0,20000,Sell,226840440
2024-07-29 09:15:11,18000.0,2000,Sell,226840586
2024-07-29 09:15:15,18000.0,1000,Sell,226840661
2024-07-29 09:15:17,18000.0,4000,Sell,226840708
2024-07-29 09:15:17,18000.0,100,Sell,226840709
2024-07-29 09:15:17,18000.0,5000,Sell,226840710
2024-07-29 09:15:44,17950.0,200,Sell,226841555
2024-07-29 09:15:44,17950.0,900,Sell,226841556
2024-07-29 09:15:44,17950.0,3900,Sell,226841557
2024-07-29 09:15:46,18000.0,2000,Buy,226841604
2024-07-29 09:15:46,18000.0,500,Buy,226841603
2024-07-29 09:15:46,18000.0,1000,Buy,226841602
2024-07-29 09:15:46,18000.0,900,Buy,226841600
2024-07-29 09:15:46,18000.0,2000,Buy,226841601
2024-07-29 09:15:55,18000.0,600,Sell,226841872
2024-07-29 09:15:58,18000.0,100,Sell,226842001
2024-07-29 09:15:59,18000.0,1000,Sell,226842009
2024-07-29 09:16:03,18000.0,6900,Sell,226842099
2024-07-29 09:16:03,18000.0,100,Sell,226842100
2024-07-29 09:16:18,18000.0,10000,Buy,226842544
2024-07-29 09:16:22,18000.0,300,Buy,226842667
2024-07-29 09:16:26,18000.0,400,Buy,226842805
2024-07-29 09:16:28,18000.0,200,Buy,226842896
2024-07-29 09:16:31,18000.0,10000,Buy,226843012
2024-07-29 09:16:37,18000.0,500,Buy,226843210
2024-07-29 09:16:38,18000.0,1000,Buy,226843266
2024-07-29 09:16:45,18000.0,5000,Buy,226843436
2024-07-29 09:16:45,18000.0,400,Buy,226843439
2024-07-29 09:16:45,17950.0,500,Sell,226843440
2024-07-29 09:16:46,18000.0,100,Buy,226843464
2024-07-29 09:16:46,18000.0,25000,Buy,226843463
2024-07-29 09:16:48,18000.0,20000,Buy,226843525
2024-07-29 09:16:50,18000.0,3000,Buy,226843595
2024-07-29 09:16:54,18000.0,200,Buy,226843742
2024-07-29 09:16:55,18000.0,35000,Buy,226843775
2024-07-29 09:16:57,18000.0,400,Buy,226843828
2024-07-29 09:16:57,18000.0,1000,Buy,226843831
2024-07-29 09:16:57,18000.0,100,Buy,226843829
2024-07-29 09:16:57,18000.0,100,Buy,226843826
2024-07-29 09:16:57,18000.0,2000,Buy,226843830
2024-07-29 09:16:57,18000.0,5000,Buy,226843824
2024-07-29 09:16:57,18000.0,31200,Buy,226843821
2024-07-29 09:16:57,18000.0,3000,Buy,226843814
2024-07-29 09:16:57,18000.0,1500,Buy,226843825
2024-07-29 09:16:57,18000.0,17700,Buy,226843823
2024-07-29 09:16:57,18000.0,10000,Buy,226843822
2024-07-29 09:16:58,18000.0,500,Sell,226843832
2024-07-29 09:17:00,17950.0,2000,Sell,226843913
2024-07-29 09:17:01,18050.0,1400,Buy,226843930
2024-07-29 09:17:01,18050.0,100,Buy,226843931
2024-07-29 09:17:01,18050.0,1500,Buy,226843932
2024-07-29 09:17:02,17950.0,300,Sell,226843969
2024-07-29 09:17:07,18050.0,5000,Buy,226844152
2024-07-29 09:17:13,18000.0,300,Sell,226844272
2024-07-29 09:17:13,18000.0,28000,Sell,226844270
2024-07-29 09:17:13,18000.0,500,Sell,226844271
2024-07-29 09:17:14,18000.0,1200,Buy,226844326
2024-07-29 09:17:28,18000.0,500,Buy,226844788
2024-07-29 09:17:29,18000.0,1500,Sell,226844910
2024-07-29 09:17:29,17950.0,3900,Sell,226844911
2024-07-29 09:17:38,18000.0,6000,Sell,226845244
2024-07-29 09:17:38,18000.0,10000,Sell,226845241
2024-07-29 09:17:38,18000.0,100,Sell,226845242
2024-07-29 09:17:38,18000.0,4500,Sell,226845243
2024-07-29 09:17:50,18000.0,10000,Buy,226845690
2024-07-29 09:17:50,18000.0,3500,Buy,226845703
2024-07-29 09:18:01,18000.0,5000,Buy,226846049
2024-07-29 09:18:01,18000.0,100,Buy,226846050
2024-07-29 09:18:04,18000.0,21000,Buy,226846151
2024-07-29 09:18:09,17950.0,100,Sell,226846323
2024-07-29 09:18:11,17950.0,10000,Sell,226846451
2024-07-29 09:18:15,18000.0,10000,Buy,226846600
2024-07-29 09:18:16,18000.0,28000,Buy,226846634
2024-07-29 09:18:26,18000.0,21700,Buy,226847013
2024-07-29 09:18:26,18000.0,8600,Buy,226847011
2024-07-29 09:18:26,18000.0,700,Buy,226847012
2024-07-29 09:18:26,18000.0,1800,Buy,226846999
2024-07-29 09:18:26,18000.0,1800,Buy,226846998
2024-07-29 09:18:26,18000.0,1400,Buy,226847000
2024-07-29 09:18:30,17950.0,200,Sell,226847116
2024-07-29 09:18:32,17950.0,1500,Sell,226847173
2024-07-29 09:18:36,18000.0,3300,Buy,226847333
2024-07-29 09:18:36,18000.0,100,Buy,226847334
2024-07-29 09:18:36,18000.0,5000,Buy,226847335
2024-07-29 09:18:36,18000.0,29600,Buy,226847336
2024-07-29 09:18:43,18000.0,700,Buy,226847486
2024-07-29 09:18:44,18000.0,1800,Buy,226847523
2024-07-29 09:18:44,18000.0,200,Buy,226847522
2024-07-29 09:18:44,18000.0,2500,Buy,226847521
2024-07-29 09:18:44,18000.0,100,Buy,226847520
2024-07-29 09:18:44,18000.0,26500,Buy,226847519
2024-07-29 09:18:46,18000.0,1000,Sell,226847608
2024-07-29 09:18:49,18000.0,200,Sell,226847678
2024-07-29 09:18:50,18000.0,200,Sell,226847718
2024-07-29 09:18:52,18000.0,17000,Sell,226847774
2024-07-29 09:18:56,18000.0,500,Sell,226847886
2024-07-29 09:18:56,18000.0,19500,Sell,226847889
2024-07-29 09:19:04,18000.0,3300,Sell,226848227
2024-07-29 09:19:04,18000.0,1000,Sell,226848226
2024-07-29 09:19:04,18000.0,200,Sell,226848225
2024-07-29 09:19:04,18000.0,11500,Sell,226848224
2024-07-29 09:19:06,18000.0,5400,Sell,226848337
2024-07-29 09:19:09,18000.0,1300,Sell,226848496
2024-07-29 09:19:09,18000.0,18700,Sell,226848497
2024-07-29 09:19:39,18050.0,1000,Buy,226849351
2024-07-29 09:19:39,18050.0,500,Buy,226849350
2024-07-29 09:19:39,18050.0,4000,Buy,226849349
2024-07-29 09:19:39,18050.0,100,Buy,226849348
2024-07-29 09:19:39,18050.0,168200,Buy,226849352
2024-07-29 09:19:39,18050.0,200,Buy,226849346
2024-07-29 09:19:39,18050.0,100,Buy,226849345
2024-07-29 09:19:39,18050.0,100,Buy,226849344
2024-07-29 09:19:39,18050.0,1000,Buy,226849343
2024-07-29 09:19:39,18050.0,3500,Buy,226849342
2024-07-29 09:19:39,18050.0,20000,Buy,226849347
2024-07-29 09:19:43,18000.0,1000,Sell,226849453
2024-07-29 09:19:46,18050.0,600,Buy,226849545
2024-07-29 09:19:46,18000.0,200,Sell,226849562
2024-07-29 09:19:57,18050.0,2000,Buy,226849904
2024-07-29 09:20:00,18000.0,200,Sell,226850031
2024-07-29 09:20:12,18050.0,2500,Buy,226850362
2024-07-29 09:20:33,18050.0,10000,Buy,226851002
2024-07-29 09:20:48,18000.0,5400,Sell,226851457
2024-07-29 09:20:53,18050.0,200,Buy,226851639
2024-07-29 09:20:57,18050.0,10000,Buy,226851737
2024-07-29 09:20:57,18050.0,7500,Buy,226851738
2024-07-29 09:20:57,18050.0,2000,Buy,226851736
2024-07-29 09:20:57,18050.0,1000,Buy,226851712
2024-07-29 09:20:57,18050.0,5000,Buy,226851734
2024-07-29 09:20:57,18050.0,15500,Buy,226851733
2024-07-29 09:20:57,18050.0,10000,Buy,226851735
2024-07-29 09:20:58,18050.0,1900,Buy,226851788
2024-07-29 09:20:58,18050.0,500,Buy,226851793
2024-07-29 09:20:58,18050.0,2000,Buy,226851792
2024-07-29 09:20:58,18050.0,200,Buy,226851791
2024-07-29 09:20:58,18050.0,10000,Buy,226851790
2024-07-29 09:20:58,18050.0,10000,Buy,226851789
2024-07-29 09:20:58,18050.0,100,Buy,226851787
2024-07-29 09:20:58,18050.0,1000,Buy,226851780
2024-07-29 09:20:58,18050.0,10000,Buy,226851785
2024-07-29 09:20:58,18050.0,2000,Buy,226851784
2024-07-29 09:20:58,18050.0,500,Buy,226851783
2024-07-29 09:20:58,18050.0,200,Buy,226851782
2024-07-29 09:20:58,18050.0,500,Buy,226851781
2024-07-29 09:20:58,18050.0,2500,Buy,226851778
2024-07-29 09:20:58,18050.0,200,Buy,226851779
2024-07-29 09:20:58,18050.0,2000,Buy,226851786
2024-07-29 09:21:00,18050.0,31900,Sell,226851837
2024-07-29 09:21:02,18100.0,900,Buy,226851927
2024-07-29 09:21:02,18100.0,10000,Buy,226851926
2024-07-29 09:21:02,18100.0,100,Buy,226851925
2024-07-29 09:21:02,18100.0,5000,Buy,226851924
2024-07-29 09:21:02,18100.0,200,Buy,226851920
2024-07-29 09:21:02,18100.0,100,Buy,226851922
2024-07-29 09:21:02,18100.0,1000,Buy,226851921
2024-07-29 09:21:02,18100.0,100,Buy,226851919
2024-07-29 09:21:02,18100.0,1500,Buy,226851918
2024-07-29 09:21:02,18100.0,100,Buy,226851923
2024-07-29 09:21:18,18050.0,500,Sell,226852465
2024-07-29 09:21:18,18100.0,18400,Buy,226852422
2024-07-29 09:21:18,18100.0,100,Buy,226852419
2024-07-29 09:21:18,18100.0,500,Buy,226852420
2024-07-29 09:21:18,18100.0,1000,Buy,226852421
2024-07-29 09:21:23,18050.0,300,Sell,226852675
2024-07-29 09:21:27,18100.0,100,Buy,226852767
2024-07-29 09:21:28,18100.0,20000,Buy,226852825
2024-07-29 09:21:40,18100.0,25000,Buy,226853226
2024-07-29 09:21:42,18100.0,35000,Buy,226853284
2024-07-29 09:21:43,18100.0,9400,Buy,226853357
2024-07-29 09:21:48,18100.0,1600,Buy,226853538
2024-07-29 09:21:48,18050.0,1700,Sell,226853545
2024-07-29 09:21:49,18100.0,400,Buy,226853563
2024-07-29 09:21:51,18100.0,6300,Buy,226853647
2024-07-29 09:21:51,18100.0,15000,Buy,226853646
2024-07-29 09:21:51,18100.0,1000,Buy,226853643
2024-07-29 09:21:51,18100.0,300,Buy,226853642
2024-07-29 09:21:51,18100.0,1000,Buy,226853645
2024-07-29 09:21:51,18100.0,100,Buy,226853640
2024-07-29 09:21:51,18100.0,3000,Buy,226853641
2024-07-29 09:21:51,18100.0,40000,Buy,226853625
2024-07-29 09:21:51,18100.0,100,Buy,226853637
2024-07-29 09:21:51,18100.0,200,Buy,226853644
2024-07-29 09:21:51,18100.0,10000,Buy,226853638
2024-07-29 09:21:51,18100.0,1000,Buy,226853639
2024-07-29 09:21:54,18100.0,500,Buy,226853719
2024-07-29 09:22:02,18100.0,45000,Buy,226853953
2024-07-29 09:22:03,18100.0,43000,Buy,226853979
2024-07-29 09:22:06,18100.0,37000,Buy,226854062
2024-07-29 09:22:09,18100.0,10000,Buy,226854124
2024-07-29 09:22:11,18100.0,4000,Buy,226854183
2024-07-29 09:22:13,18100.0,52000,Buy,226854251
2024-07-29 09:22:14,18100.0,3000,Buy,226854284
2024-07-29 09:22:15,18050.0,500,Sell,226854324
2024-07-29 09:22:17,18100.0,200,Buy,226854353
2024-07-29 09:22:17,18100.0,600,Buy,226854354
2024-07-29 09:22:17,18100.0,55000,Buy,226854355
2024-07-29 09:22:17,18100.0,1000,Buy,226854362
2024-07-29 09:22:17,18100.0,49200,Buy,226854352
2024-07-29 09:22:18,18100.0,1000,Buy,226854384
2024-07-29 09:22:18,18100.0,1000,Buy,226854386
2024-07-29 09:22:20,18100.0,600,Buy,226854441
2024-07-29 09:22:21,18100.0,35000,Buy,226854502
2024-07-29 09:22:25,18100.0,4000,Buy,226854584
2024-07-29 09:22:27,18100.0,1000,Buy,226854623
2024-07-29 09:22:29,18100.0,1000,Buy,226854666
2024-07-29 09:22:30,18100.0,200,Buy,226854700
2024-07-29 09:22:30,18100.0,6000,Buy,226854703
2024-07-29 09:22:32,18100.0,38000,Buy,226854740
2024-07-29 09:22:32,18100.0,20000,Buy,226854753
2024-07-29 09:22:33,18100.0,500,Buy,226854807
2024-07-29 09:22:33,18100.0,15000,Buy,226854806
2024-07-29 09:22:33,18100.0,100,Buy,226854796
2024-07-29 09:22:33,18100.0,600,Buy,226854804
2024-07-29 09:22:33,18100.0,500,Buy,226854803
2024-07-29 09:22:33,18100.0,1000,Buy,226854802
2024-07-29 09:22:33,18100.0,500,Buy,226854801
2024-07-29 09:22:33,18100.0,300,Buy,226854800
2024-07-29 09:22:33,18100.0,1000,Buy,226854799
2024-07-29 09:22:33,18100.0,100,Buy,226854797
2024-07-29 09:22:33,18100.0,30000,Buy,226854805
2024-07-29 09:22:33,18100.0,400,Buy,226854798
2024-07-29 09:22:33,18100.0,3000,Buy,226854793
2024-07-29 09:22:33,18100.0,2000,Buy,226854794
2024-07-29 09:22:33,18100.0,75600,Buy,226854783
2024-07-29 09:22:33,18100.0,100,Buy,226854785
2024-07-29 09:22:33,18100.0,200,Buy,226854786
2024-07-29 09:22:33,18100.0,2000,Buy,226854787
2024-07-29 09:22:33,18100.0,100,Buy,226854795
2024-07-29 09:22:33,18100.0,1000,Buy,226854789
2024-07-29 09:22:33,18100.0,500,Buy,226854790
2024-07-29 09:22:33,18100.0,400,Buy,226854791
2024-07-29 09:22:33,18100.0,200,Buy,226854792
2024-07-29 09:22:33,18100.0,100,Buy,226854788
2024-07-29 09:22:38,18100.0,500,Sell,226854967
2024-07-29 09:22:38,18150.0,1500,Buy,226854968
2024-07-29 09:22:38,18150.0,500,Buy,226854969
2024-07-29 09:22:39,18100.0,1300,Sell,226854994
2024-07-29 09:22:51,18150.0,1000,Buy,226855325
2024-07-29 09:22:51,18150.0,100,Buy,226855324
2024-07-29 09:22:51,18150.0,1200,Buy,226855326
2024-07-29 09:22:51,18150.0,1000,Buy,226855322
2024-07-29 09:22:51,18150.0,700,Buy,226855320
2024-07-29 09:22:51,18150.0,1000,Buy,226855323
2024-07-29 09:22:51,18150.0,5000,Buy,226855321
2024-07-29 09:22:53,18100.0,200,Sell,226855349
2024-07-29 09:22:53,18100.0,300,Sell,226855350
2024-07-29 09:22:54,18150.0,100000,Buy,226855395
2024-07-29 09:22:57,18150.0,20000,Buy,226855475
2024-07-29 09:23:00,18100.0,2600,Sell,226855571
2024-07-29 09:23:03,18100.0,200,Sell,226855664
2024-07-29 09:23:06,18150.0,100,Buy,226855717
2024-07-29 09:23:11,18150.0,2000,Buy,226855848
2024-07-29 09:23:12,18150.0,17400,Buy,226855884
2024-07-29 09:23:16,18150.0,42400,Buy,226855990
2024-07-29 09:23:18,18150.0,25000,Buy,226856022
2024-07-29 09:23:18,18150.0,500,Buy,226856026
2024-07-29 09:23:19,18150.0,1000,Buy,226856043
2024-07-29 09:23:19,18150.0,500,Buy,226856044
2024-07-29 09:23:19,18150.0,1800,Buy,226856047
2024-07-29 09:23:19,18150.0,20000,Buy,226856048
2024-07-29 09:23:19,18150.0,100,Buy,226856049
2024-07-29 09:23:19,18150.0,1000,Buy,226856042
2024-07-29 09:23:19,18150.0,20000,Buy,226856046
2024-07-29 09:23:19,18150.0,1000,Buy,226856041
2024-07-29 09:23:19,18150.0,100,Buy,226856045
2024-07-29 09:23:19,18150.0,400,Buy,226856039
2024-07-29 09:23:19,18150.0,41400,Buy,226856031
2024-07-29 09:23:19,18150.0,500,Buy,226856032
2024-07-29 09:23:19,18150.0,20000,Buy,226856033
2024-07-29 09:23:19,18150.0,6000,Buy,226856034
2024-07-29 09:23:19,18150.0,1000,Buy,226856040
2024-07-29 09:23:19,18150.0,5000,Buy,226856036
2024-07-29 09:23:19,18150.0,10000,Buy,226856038
2024-07-29 09:23:19,18150.0,500,Buy,226856035
2024-07-29 09:23:19,18150.0,100,Buy,226856037
2024-07-29 09:23:26,18150.0,100,Sell,226856226
2024-07-29 09:23:33,18200.0,1500,Buy,226856382
2024-07-29 09:23:33,18200.0,500,Buy,226856383
2024-07-29 09:23:33,18200.0,1000,Buy,226856384
2024-07-29 09:23:33,18200.0,100,Buy,226856385
2024-07-29 09:23:33,18200.0,1100,Buy,226856386
2024-07-29 09:23:33,18200.0,500,Buy,226856388
2024-07-29 09:23:33,18200.0,3000,Buy,226856389
2024-07-29 09:23:33,18200.0,100,Buy,226856390
2024-07-29 09:23:33,18200.0,91700,Buy,226856391
2024-07-29 09:23:33,18200.0,35000,Buy,226856393
2024-07-29 09:23:33,18200.0,500,Buy,226856387
2024-07-29 09:23:34,18150.0,200,Sell,226856435
2024-07-29 09:23:38,18150.0,1000,Sell,226856513
2024-07-29 09:23:42,18200.0,65000,Buy,226856611
2024-07-29 09:23:44,18200.0,50000,Buy,226856672
2024-07-29 09:23:49,18150.0,5000,Sell,226856795
2024-07-29 09:23:52,18200.0,65000,Buy,226856883
2024-07-29 09:23:55,18200.0,28300,Buy,226856926
2024-07-29 09:23:55,18200.0,1500,Buy,226856928
2024-07-29 09:23:57,18200.0,10000,Buy,226857007
2024-07-29 09:23:57,18200.0,2300,Buy,226857013
2024-07-29 09:23:58,18150.0,5400,Sell,226857095
2024-07-29 09:23:59,18150.0,300,Sell,226857148
2024-07-29 09:24:00,18200.0,200,Buy,226857226
2024-07-29 09:24:03,18200.0,105000,Buy,226857317
2024-07-29 09:24:04,18150.0,500,Sell,226857368
2024-07-29 09:24:06,18200.0,17800,Buy,226857454
2024-07-29 09:24:06,18200.0,32200,Buy,226857453
2024-07-29 09:24:06,18150.0,100,Sell,226857440
2024-07-29 09:24:06,18200.0,13800,Buy,226857445
2024-07-29 09:24:07,18150.0,800,Sell,226857466
2024-07-29 09:24:14,18200.0,35000,Buy,226857724
2024-07-29 09:24:21,18200.0,60000,Buy,226857895
2024-07-29 09:24:22,18200.0,500,Buy,226857920
2024-07-29 09:24:22,18200.0,1000,Buy,226857935
2024-07-29 09:24:26,18200.0,65000,Buy,226858086
2024-07-29 09:24:29,18200.0,1000,Buy,226858145
2024-07-29 09:24:30,18150.0,800,Sell,226858176
2024-07-29 09:24:34,18150.0,500,Sell,226858294
2024-07-29 09:24:36,18200.0,45000,Buy,226858343
2024-07-29 09:24:39,18200.0,200,Buy,226858396
2024-07-29 09:24:40,18200.0,5000,Buy,226858423
2024-07-29 09:24:41,18200.0,4600,Buy,226858437
2024-07-29 09:24:44,18200.0,1000,Buy,226858508
2024-07-29 09:24:45,18200.0,263900,Buy,226858517
2024-07-29 09:24:45,18200.0,36100,Buy,226858518
2024-07-29 09:24:45,18200.0,67000,Buy,226858522
2024-07-29 09:24:47,18200.0,56000,Buy,226858579
2024-07-29 09:24:48,18150.0,200,Sell,226858597
2024-07-29 09:24:48,18200.0,300,Buy,226858601
2024-07-29 09:24:49,18200.0,1100,Buy,226858625
2024-07-29 09:24:50,18200.0,4100,Buy,226858634
2024-07-29 09:24:51,18200.0,1000,Buy,226858671
2024-07-29 09:24:52,18200.0,300,Buy,226858701
2024-07-29 09:24:53,18200.0,300,Buy,226858736
2024-07-29 09:24:53,18200.0,1000,Buy,226858737
2024-07-29 09:24:54,18200.0,1000,Buy,226858742
2024-07-29 09:24:54,18200.0,50000,Buy,226858770
2024-07-29 09:24:55,18200.0,1800,Buy,226858796
2024-07-29 09:24:56,18200.0,300,Buy,226858819
2024-07-29 09:24:56,18200.0,100,Buy,226858838
2024-07-29 09:24:57,18200.0,9000,Buy,226858855
2024-07-29 09:24:58,18200.0,600,Buy,226858882
2024-07-29 09:24:58,18200.0,100000,Buy,226858873
2024-07-29 09:25:00,18200.0,2000,Buy,226858913
2024-07-29 09:25:00,18200.0,10000,Buy,226858915
2024-07-29 09:25:01,18200.0,1000,Buy,226858920
2024-07-29 09:25:01,18200.0,45000,Buy,226858931
2024-07-29 09:25:02,18200.0,5000,Buy,226858935
2024-07-29 09:25:02,18200.0,3300,Buy,226858939
2024-07-29 09:25:03,18200.0,50000,Buy,226858949
2024-07-29 09:25:03,18200.0,34000,Buy,226858958
2024-07-29 09:25:04,18200.0,99300,Buy,226859006
2024-07-29 09:25:04,18200.0,50000,Buy,226858981
2024-07-29 09:25:04,18200.0,300,Buy,226858974
2024-07-29 09:25:04,18200.0,19700,Buy,226858973
2024-07-29 09:25:04,18200.0,30000,Buy,226858975
2024-07-29 09:25:05,18200.0,100,Buy,226859016
2024-07-29 09:25:05,18200.0,3000,Buy,226859017
2024-07-29 09:25:05,18200.0,100,Buy,226859018
2024-07-29 09:25:06,18200.0,5000,Buy,226859045
2024-07-29 09:25:07,18200.0,500,Buy,226859058
2024-07-29 09:25:07,18200.0,30000,Buy,226859059
2024-07-29 09:25:07,18200.0,1000,Buy,226859062
2024-07-29 09:25:07,18200.0,1000,Buy,226859080
2024-07-29 09:25:08,18200.0,5000,Buy,226859083
2024-07-29 09:25:09,18200.0,2000,Buy,226859127
2024-07-29 09:25:09,18200.0,2000,Buy,226859101
2024-07-29 09:25:09,18200.0,400,Buy,226859106
2024-07-29 09:25:10,18200.0,300,Buy,226859150
2024-07-29 09:25:10,18200.0,200,Buy,226859133
2024-07-29 09:25:11,18200.0,45300,Buy,226859156
2024-07-29 09:25:12,18200.0,3000,Buy,226859178
2024-07-29 09:25:12,18200.0,400,Buy,226859202
2024-07-29 09:25:13,18200.0,400,Buy,226859205
2024-07-29 09:25:13,18200.0,100,Buy,226859213
2024-07-29 09:25:14,18200.0,19100,Buy,226859242
2024-07-29 09:25:14,18150.0,200,Sell,226859243
2024-07-29 09:25:15,18200.0,400,Buy,226859268
2024-07-29 09:25:15,18200.0,10000,Buy,226859274
2024-07-29 09:25:16,18200.0,3700,Buy,226859301
2024-07-29 09:25:16,18200.0,500,Buy,226859293
2024-07-29 09:25:16,18200.0,100,Buy,226859288
2024-07-29 09:25:16,18200.0,13300,Buy,226859292
2024-07-29 09:25:17,18200.0,2000,Buy,226859306
2024-07-29 09:25:17,18150.0,200,Sell,226859323
2024-07-29 09:25:21,18200.0,40000,Buy,226859432
2024-07-29 09:25:23,18200.0,400,Buy,226859458
2024-07-29 09:25:23,18200.0,10000,Buy,226859476
2024-07-29 09:25:23,18200.0,20000,Buy,226859477
2024-07-29 09:25:23,18200.0,45000,Buy,226859483
2024-07-29 09:25:24,18200.0,3000,Buy,226859523
2024-07-29 09:25:27,18200.0,1000,Buy,226859581
2024-07-29 09:25:28,18200.0,300,Buy,226859663
2024-07-29 09:25:28,18200.0,500,Buy,226859645
2024-07-29 09:25:28,18200.0,1800,Buy,226859646
2024-07-29 09:25:28,18200.0,600,Buy,226859647
2024-07-29 09:25:28,18200.0,200,Buy,226859648
2024-07-29 09:25:28,18200.0,1800,Buy,226859649
2024-07-29 09:25:28,18200.0,1000,Buy,226859650
2024-07-29 09:25:28,18200.0,1000,Buy,226859651
2024-07-29 09:25:28,18200.0,100,Buy,226859652
2024-07-29 09:25:28,18200.0,500,Buy,226859644
2024-07-29 09:25:28,18200.0,100,Buy,226859653
2024-07-29 09:25:28,18200.0,500,Buy,226859655
2024-07-29 09:25:28,18200.0,100,Buy,226859656
2024-07-29 09:25:28,18200.0,500,Buy,226859657
2024-07-29 09:25:28,18200.0,100,Buy,226859658
2024-07-29 09:25:28,18200.0,100,Buy,226859659
2024-07-29 09:25:28,18200.0,1000,Buy,226859660
2024-07-29 09:25:28,18200.0,500,Buy,226859661
2024-07-29 09:25:28,18200.0,100,Buy,226859662
2024-07-29 09:25:28,18200.0,1000,Buy,226859654
2024-07-29 09:25:28,18200.0,100,Buy,226859643
2024-07-29 09:25:28,18200.0,10000,Buy,226859639
2024-07-29 09:25:28,18200.0,200,Buy,226859641
2024-07-29 09:25:28,18200.0,200,Buy,226859602
2024-07-29 09:25:28,18200.0,20000,Buy,226859603
2024-07-29 09:25:28,18200.0,100,Buy,226859642
2024-07-29 09:25:28,18200.0,2000,Buy,226859623
2024-07-29 09:25:28,18200.0,500,Buy,226859624
2024-07-29 09:25:28,18200.0,100,Buy,226859625
2024-07-29 09:25:28,18200.0,1000,Buy,226859626
2024-07-29 09:25:28,18200.0,2000,Buy,226859627
2024-07-29 09:25:28,18200.0,500,Buy,226859628
2024-07-29 09:25:28,18200.0,3500,Buy,226859629
2024-07-29 09:25:28,18200.0,12200,Buy,226859622
2024-07-29 09:25:28,18200.0,1000,Buy,226859631
2024-07-29 09:25:28,18200.0,1000,Buy,226859632
2024-07-29 09:25:28,18200.0,200,Buy,226859633
2024-07-29 09:25:28,18200.0,2000,Buy,226859634
2024-07-29 09:25:28,18200.0,500,Buy,226859635
2024-07-29 09:25:28,18200.0,300,Buy,226859636
2024-07-29 09:25:28,18200.0,200,Buy,226859637
2024-07-29 09:25:28,18200.0,500,Buy,226859638
2024-07-29 09:25:28,18200.0,100,Buy,226859640
2024-07-29 09:25:28,18200.0,200,Buy,226859630
2024-07-29 09:25:30,18200.0,500,Buy,226859729
2024-07-29 09:25:30,18200.0,200,Buy,226859728
2024-07-29 09:25:30,18200.0,800,Buy,226859727
2024-07-29 09:25:30,18200.0,1000,Buy,226859726
2024-07-29 09:25:30,18200.0,1200,Buy,226859725
2024-07-29 09:25:30,18200.0,800,Buy,226859724
2024-07-29 09:25:30,18200.0,200,Buy,226859721
2024-07-29 09:25:30,18200.0,2800,Buy,226859722
2024-07-29 09:25:30,18200.0,2000,Buy,226859718
2024-07-29 09:25:30,18200.0,100,Buy,226859717
2024-07-29 09:25:30,18200.0,100,Buy,226859716
2024-07-29 09:25:30,18200.0,4700,Buy,226859715
2024-07-29 09:25:30,18200.0,1200,Buy,226859723
2024-07-29 09:25:33,18200.0,16100,Sell,226859791
2024-07-29 09:25:37,18200.0,10000,Sell,226859892
2024-07-29 09:25:38,18200.0,500,Sell,226859900
2024-07-29 09:25:40,18200.0,600,Sell,226859924
2024-07-29 09:25:40,18200.0,2000,Sell,226859923
2024-07-29 09:25:40,18200.0,2700,Buy,226859945
2024-07-29 09:25:40,18200.0,1000,Sell,226859921
2024-07-29 09:25:40,18200.0,100,Sell,226859922
2024-07-29 09:25:40,18200.0,1900,Sell,226859919
2024-07-29 09:25:40,18200.0,1000,Sell,226859925
2024-07-29 09:25:40,18200.0,1000,Sell,226859920
2024-07-29 09:25:43,18200.0,2000,Buy,226860015
2024-07-29 09:25:47,18200.0,200,Buy,226860114
2024-07-29 09:25:47,18200.0,1800,Buy,226860101
2024-07-29 09:25:48,18200.0,20000,Buy,226860124
2024-07-29 09:25:49,18200.0,1400,Buy,226860135
2024-07-29 09:25:49,18200.0,1000,Buy,226860138
2024-07-29 09:25:51,18200.0,5000,Buy,226860173
2024-07-29 09:25:53,18200.0,5000,Buy,226860222
2024-07-29 09:25:53,18200.0,1000,Buy,226860223
2024-07-29 09:25:53,18200.0,8300,Buy,226860216
2024-07-29 09:25:53,18200.0,200,Buy,226860221
2024-07-29 09:25:54,18200.0,3000,Sell,226860241
2024-07-29 09:25:58,18200.0,200,Sell,226860357
2024-07-29 09:26:02,18200.0,200,Sell,226860449
2024-07-29 09:26:11,18200.0,6300,Sell,226860755
2024-07-29 09:26:11,18200.0,5000,Sell,226860759
2024-07-29 09:26:11,18200.0,1000,Sell,226860758
2024-07-29 09:26:11,18200.0,2500,Sell,226860754
2024-07-29 09:26:11,18200.0,3000,Sell,226860757
2024-07-29 09:26:11,18200.0,6200,Sell,226860752
2024-07-29 09:26:11,18200.0,5400,Sell,226860753
2024-07-29 09:26:11,18200.0,1100,Sell,226860741
2024-07-29 09:26:11,18200.0,3500,Sell,226860756
2024-07-29 09:26:11,18200.0,2900,Sell,226860743
2024-07-29 09:26:11,18200.0,1000,Sell,226860742
2024-07-29 09:26:21,18200.0,500,Buy,226860942
2024-07-29 09:26:22,18200.0,31500,Buy,226860959
2024-07-29 09:26:30,18150.0,300,Sell,226861125
2024-07-29 09:26:30,18200.0,2000,Buy,226861114
2024-07-29 09:26:30,18200.0,10700,Buy,226861115
2024-07-29 09:26:30,18200.0,2000,Buy,226861112
2024-07-29 09:26:30,18200.0,35100,Buy,226861111
2024-07-29 09:26:30,18200.0,200,Buy,226861113
2024-07-29 09:26:32,18200.0,100,Buy,226861139
2024-07-29 09:26:33,18200.0,100,Buy,226861160
2024-07-29 09:26:45,18200.0,1400,Buy,226861415
2024-07-29 09:26:46,18200.0,40000,Buy,226861450
2024-07-29 09:26:46,18200.0,100,Buy,226861451
2024-07-29 09:26:46,18200.0,200,Buy,226861452
2024-07-29 09:26:46,18200.0,9700,Buy,226861453
2024-07-29 09:26:51,18200.0,700,Buy,226861540
2024-07-29 09:26:51,18200.0,300,Buy,226861539
2024-07-29 09:26:52,18200.0,100,Buy,226861550
2024-07-29 09:26:52,18200.0,400,Buy,226861564
2024-07-29 09:26:54,18200.0,300,Buy,226861601
2024-07-29 09:26:54,18200.0,100,Buy,226861600
2024-07-29 09:26:54,18200.0,2000,Buy,226861599
2024-07-29 09:26:54,18200.0,100,Buy,226861598
2024-07-29 09:26:54,18200.0,800,Buy,226861593
2024-07-29 09:26:54,18200.0,6700,Buy,226861596
2024-07-29 09:26:54,18200.0,1500,Buy,226861595
2024-07-29 09:26:54,18200.0,300,Buy,226861594
2024-07-29 09:26:54,18200.0,500,Buy,226861597
2024-07-29 09:26:59,18200.0,200,Sell,226861712
2024-07-29 09:27:00,18200.0,1200,Sell,226861736
2024-07-29 09:27:01,18200.0,5000,Sell,226861761
2024-07-29 09:27:03,18200.0,500,Sell,226861832
2024-07-29 09:27:04,18200.0,500,Sell,226861847
2024-07-29 09:27:06,18200.0,5000,Sell,226861876
2024-07-29 09:27:06,18200.0,1600,Sell,226861877
2024-07-29 09:27:06,18200.0,10000,Sell,226861878
2024-07-29 09:27:06,18150.0,2100,Sell,226861879
2024-07-29 09:27:06,18200.0,300,Sell,226861875
2024-07-29 09:27:08,18200.0,100,Buy,226861933
2024-07-29 09:27:11,18200.0,2000,Buy,226861981
2024-07-29 09:27:16,18200.0,1000,Buy,226862062
2024-07-29 09:27:18,18150.0,200,Sell,226862109
2024-07-29 09:27:22,18200.0,100,Buy,226862184
2024-07-29 09:27:36,18150.0,300,Sell,226862507
2024-07-29 09:27:36,18150.0,200,Sell,226862511
2024-07-29 09:27:37,18200.0,3000,Buy,226862521
2024-07-29 09:27:39,18200.0,5000,Buy,226862559
2024-07-29 09:27:41,18200.0,300,Buy,226862571
2024-07-29 09:27:41,18200.0,100,Buy,226862585
2024-07-29 09:27:48,18200.0,100,Buy,226862766
2024-07-29 09:27:51,18200.0,5200,Buy,226862861
2024-07-29 09:27:53,18200.0,2000,Buy,226862894
2024-07-29 09:27:54,18200.0,900,Buy,226862905
2024-07-29 09:27:54,18200.0,13100,Buy,226862904
2024-07-29 09:27:57,18200.0,100,Buy,226862969
2024-07-29 09:27:57,18200.0,3900,Buy,226862970
2024-07-29 09:27:57,18200.0,100,Buy,226862973
2024-07-29 09:27:58,18200.0,2000,Buy,226862986
2024-07-29 09:28:04,18200.0,4000,Buy,226863109
2024-07-29 09:28:04,18200.0,1000,Buy,226863110
2024-07-29 09:28:09,18200.0,3200,Buy,226863197
2024-07-29 09:28:09,18200.0,200,Buy,226863198
2024-07-29 09:28:09,18200.0,1000,Buy,226863199
2024-07-29 09:28:09,18200.0,600,Buy,226863200
2024-07-29 09:28:14,18200.0,500,Buy,226863318
2024-07-29 09:28:16,18200.0,100,Buy,226863371
2024-07-29 09:28:17,18150.0,5400,Sell,226863467
2024-07-29 09:28:19,18150.0,200,Sell,226863513
2024-07-29 09:28:20,18200.0,300,Buy,226863532
2024-07-29 09:28:28,18200.0,10000,Buy,226863759
2024-07-29 09:28:28,18200.0,1800,Buy,226863760
2024-07-29 09:28:28,18200.0,3000,Buy,226863761
2024-07-29 09:28:28,18200.0,26700,Buy,226863762
2024-07-29 09:28:28,18200.0,8500,Buy,226863758
2024-07-29 09:28:38,18200.0,1000,Buy,226863936
2024-07-29 09:28:55,18200.0,2000,Buy,226864320
2024-07-29 09:28:55,18200.0,11000,Buy,226864325
2024-07-29 09:28:59,18150.0,5000,Sell,226864393
2024-07-29 09:29:03,18200.0,200,Buy,226864482
2024-07-29 09:29:09,18200.0,4600,Buy,226864571
2024-07-29 09:29:22,18200.0,1700,Buy,226864821
2024-07-29 09:29:22,18150.0,1000,Sell,226864822
2024-07-29 09:29:23,18200.0,800,Buy,226864935
2024-07-29 09:29:23,18200.0,2800,Buy,226864933
2024-07-29 09:29:23,18200.0,100,Buy,226864934
2024-07-29 09:29:28,18150.0,200,Sell,226865052
2024-07-29 09:29:28,18200.0,1200,Buy,226865053
2024-07-29 09:29:28,18200.0,1000,Buy,226865054
2024-07-29 09:29:28,18200.0,700,Buy,226865055
2024-07-29 09:29:28,18200.0,500,Buy,226865056
2024-07-29 09:29:28,18200.0,1000,Buy,226865057
2024-07-29 09:29:28,18200.0,600,Buy,226865058
2024-07-29 09:29:35,18200.0,100,Buy,226865163
2024-07-29 09:29:49,18200.0,100,Buy,226865526
2024-07-29 09:29:49,18200.0,200,Buy,226865529
2024-07-29 09:29:49,18200.0,200,Buy,226865528
2024-07-29 09:29:49,18200.0,700,Buy,226865527
2024-07-29 09:29:49,18200.0,500,Buy,226865525
2024-07-29 09:29:49,18200.0,100,Buy,226865519
2024-07-29 09:29:49,18200.0,10000,Buy,226865523
2024-07-29 09:29:49,18200.0,200,Buy,226865522
2024-07-29 09:29:49,18200.0,20000,Buy,226865521
2024-07-29 09:29:49,18200.0,2000,Buy,226865520
2024-07-29 09:29:49,18200.0,300,Buy,226865518
2024-07-29 09:29:49,18200.0,700,Buy,226865524
2024-07-29 09:29:50,18150.0,200,Sell,226865552
2024-07-29 09:29:56,18200.0,300,Buy,226865656
2024-07-29 09:29:56,18200.0,100,Buy,226865657
2024-07-29 09:29:56,18200.0,100,Buy,226865658
2024-07-29 09:29:57,18200.0,100,Buy,226865694
2024-07-29 09:29:57,18200.0,400,Buy,226865675
2024-07-29 09:29:57,18200.0,100,Buy,226865693
2024-07-29 09:29:59,18200.0,100,Buy,226865759
2024-07-29 09:29:59,18200.0,5000,Buy,226865754
2024-07-29 09:29:59,18200.0,100,Buy,226865758
2024-07-29 09:29:59,18200.0,2200,Buy,226865757
2024-07-29 09:29:59,18200.0,200,Buy,226865756
2024-07-29 09:29:59,18200.0,200,Buy,226865755
2024-07-29 09:29:59,18200.0,1000,Buy,226865753
2024-07-29 09:29:59,18200.0,2000,Buy,226865734
2024-07-29 09:29:59,18200.0,100,Buy,226865751
2024-07-29 09:29:59,18200.0,1000,Buy,226865752
2024-07-29 09:29:59,18200.0,600,Buy,226865747
2024-07-29 09:29:59,18200.0,900,Buy,226865733
2024-07-29 09:29:59,18200.0,200,Buy,226865749
2024-07-29 09:29:59,18200.0,100,Buy,226865748
2024-07-29 09:29:59,18200.0,100,Buy,226865750
2024-07-29 09:30:00,18250.0,1500,Buy,226865777
2024-07-29 09:30:00,18250.0,200,Buy,226865778
2024-07-29 09:30:00,18250.0,1000,Buy,226865779
2024-07-29 09:30:00,18250.0,300,Buy,226865780
2024-07-29 09:30:01,18200.0,1300,Sell,226865785
2024-07-29 09:30:07,18250.0,200,Buy,226865980
2024-07-29 09:30:31,18200.0,100,Sell,226866618
2024-07-29 09:30:36,18200.0,3000,Sell,226866795
2024-07-29 09:30:46,18250.0,400,Buy,226866987
2024-07-29 09:30:46,18250.0,88900,Buy,226866986
2024-07-29 09:30:46,18250.0,100,Buy,226866985
2024-07-29 09:30:46,18250.0,1000,Buy,226866984
2024-07-29 09:30:46,18250.0,500,Buy,226866981
2024-07-29 09:30:46,18250.0,300,Buy,226866983
2024-07-29 09:30:46,18250.0,200,Buy,226866982
2024-07-29 09:30:46,18250.0,100,Buy,226866980
2024-07-29 09:30:46,18250.0,500,Buy,226866979
2024-07-29 09:30:55,18250.0,600,Buy,226867193
2024-07-29 09:30:55,18250.0,2000,Buy,226867194
2024-07-29 09:30:55,18250.0,1000,Buy,226867195
2024-07-29 09:30:55,18250.0,1000,Buy,226867196
2024-07-29 09:30:55,18250.0,500,Buy,226867198
2024-07-29 09:30:55,18250.0,200,Buy,226867199
2024-07-29 09:30:55,18250.0,2700,Buy,226867200
2024-07-29 09:30:55,18200.0,1000,Sell,226867202
2024-07-29 09:30:55,18250.0,500,Buy,226867197
2024-07-29 09:31:06,18200.0,1000,Sell,226867467
2024-07-29 09:31:12,18200.0,100,Sell,226867586
2024-07-29 09:31:16,18200.0,400,Sell,226867666
2024-07-29 09:31:19,18200.0,300,Sell,226867719
2024-07-29 09:31:21,18250.0,1000,Buy,226867761
2024-07-29 09:31:21,18250.0,3300,Buy,226867770
2024-07-29 09:31:21,18250.0,500,Buy,226867769
2024-07-29 09:31:21,18250.0,1000,Buy,226867768
2024-07-29 09:31:21,18250.0,5000,Buy,226867767
2024-07-29 09:31:21,18250.0,7300,Buy,226867760
2024-07-29 09:31:21,18250.0,500,Buy,226867765
2024-07-29 09:31:21,18250.0,100,Buy,226867762
2024-07-29 09:31:21,18250.0,4000,Buy,226867766
2024-07-29 09:31:21,18250.0,2000,Buy,226867764
2024-07-29 09:31:21,18250.0,300,Buy,226867763
2024-07-29 09:31:24,18250.0,500,Buy,226867820
2024-07-29 09:31:32,18250.0,300,Buy,226867971
2024-07-29 09:31:41,18250.0,1000,Buy,226868221
2024-07-29 09:31:41,18250.0,5900,Buy,226868220
2024-07-29 09:31:41,18250.0,500,Buy,226868219
2024-07-29 09:31:41,18250.0,900,Buy,226868218
2024-07-29 09:31:41,18250.0,500,Buy,226868217
2024-07-29 09:31:41,18250.0,1000,Buy,226868209
2024-07-29 09:31:41,18250.0,2000,Buy,226868215
2024-07-29 09:31:41,18250.0,100,Buy,226868214
2024-07-29 09:31:41,18250.0,1300,Buy,226868213
2024-07-29 09:31:41,18250.0,100,Buy,226868212
2024-07-29 09:31:41,18250.0,100,Buy,226868211
2024-07-29 09:31:41,18250.0,2000,Buy,226868210
2024-07-29 09:31:41,18250.0,100,Buy,226868216
2024-07-29 09:31:41,18250.0,500,Buy,226868208
2024-07-29 09:31:41,18250.0,2500,Buy,226868206
2024-07-29 09:31:41,18250.0,13600,Buy,226868194
2024-07-29 09:31:41,18250.0,500,Buy,226868195
2024-07-29 09:31:41,18250.0,1000,Buy,226868196
2024-07-29 09:31:41,18250.0,3000,Buy,226868197
2024-07-29 09:31:41,18250.0,300,Buy,226868199
2024-07-29 09:31:41,18250.0,1000,Buy,226868198
2024-07-29 09:31:41,18250.0,100,Buy,226868201
2024-07-29 09:31:41,18250.0,100,Buy,226868202
2024-07-29 09:31:41,18250.0,200,Buy,226868203
2024-07-29 09:31:41,18250.0,500,Buy,226868204
2024-07-29 09:31:41,18250.0,100,Buy,226868205
2024-07-29 09:31:41,18250.0,100,Buy,226868200
2024-07-29 09:31:41,18250.0,2000,Buy,226868207
2024-07-29 09:31:44,18250.0,1600,Buy,226868249
2024-07-29 09:31:54,18250.0,1000,Buy,226868435
2024-07-29 09:32:02,18250.0,1000,Buy,226868614
2024-07-29 09:32:10,18250.0,500,Buy,226868817
2024-07-29 09:32:13,18250.0,500,Buy,226868889
2024-07-29 09:32:16,18250.0,100,Buy,226868947
2024-07-29 09:32:18,18250.0,8400,Buy,226868995
2024-07-29 09:32:18,18250.0,1100,Buy,226868998
2024-07-29 09:32:18,18250.0,200,Buy,226868996
2024-07-29 09:32:18,18250.0,300,Buy,226868997
2024-07-29 09:32:22,18250.0,700,Buy,226869052
2024-07-29 09:32:22,18250.0,300,Buy,226869053
2024-07-29 09:32:24,18250.0,2000,Buy,226869093
2024-07-29 09:32:24,18250.0,5000,Buy,226869115
2024-07-29 09:32:25,18200.0,1200,Sell,226869128
2024-07-29 09:32:25,18250.0,900,Buy,226869132
2024-07-29 09:32:26,18250.0,1000,Buy,226869155
2024-07-29 09:32:27,18250.0,10000,Buy,226869198
2024-07-29 09:32:30,18200.0,200,Sell,226869251
2024-07-29 09:32:33,18200.0,4800,Sell,226869327
2024-07-29 09:32:33,18250.0,1100,Buy,226869329
2024-07-29 09:32:35,18250.0,500,Buy,226869396
2024-07-29 09:32:36,18250.0,100,Buy,226869399
2024-07-29 09:32:39,18200.0,100,Sell,226869472
2024-07-29 09:32:43,18200.0,300,Sell,226869560
2024-07-29 09:33:01,18250.0,1500,Buy,226869947
2024-07-29 09:33:03,18200.0,3000,Sell,226870014
2024-07-29 09:33:04,18200.0,100,Sell,226870051
2024-07-29 09:33:05,18250.0,1000,Buy,226870073
2024-07-29 09:33:09,18250.0,900,Buy,226870201
2024-07-29 09:33:09,18250.0,300,Buy,226870200
2024-07-29 09:33:09,18250.0,500,Buy,226870199
2024-07-29 09:33:09,18250.0,1000,Buy,226870198
2024-07-29 09:33:09,18250.0,21900,Buy,226870192
2024-07-29 09:33:09,18250.0,100,Buy,226870196
2024-07-29 09:33:09,18250.0,2000,Buy,226870195
2024-07-29 09:33:09,18250.0,200,Buy,226870194
2024-07-29 09:33:09,18250.0,100,Buy,226870193
2024-07-29 09:33:09,18250.0,5000,Buy,226870197
2024-07-29 09:33:10,18200.0,200,Sell,226870217
2024-07-29 09:33:11,18200.0,1100,Sell,226870232
2024-07-29 09:33:11,18200.0,100,Sell,226870233
2024-07-29 09:33:11,18200.0,1000,Sell,226870234
2024-07-29 09:33:11,18200.0,200,Sell,226870235
2024-07-29 09:33:11,18200.0,500,Sell,226870236
2024-07-29 09:33:11,18200.0,100,Sell,226870237
2024-07-29 09:33:11,18200.0,2000,Sell,226870238
2024-07-29 09:33:12,18200.0,100,Sell,226870264
2024-07-29 09:33:16,18250.0,500,Buy,226870384
2024-07-29 09:33:16,18250.0,5100,Buy,226870387
2024-07-29 09:33:16,18250.0,100,Buy,226870383
2024-07-29 09:33:16,18250.0,200,Buy,226870386
2024-07-29 09:33:16,18250.0,1000,Buy,226870381
2024-07-29 09:33:16,18250.0,1000,Buy,226870382
2024-07-29 09:33:16,18250.0,100,Buy,226870378
2024-07-29 09:33:16,18250.0,100,Buy,226870385
2024-07-29 09:33:16,18250.0,400,Buy,226870380
2024-07-29 09:33:16,18250.0,1500,Buy,226870379
2024-07-29 09:33:19,18250.0,4000,Buy,226870437
2024-07-29 09:33:21,18250.0,900,Buy,226870470
2024-07-29 09:33:21,18250.0,100,Buy,226870471
2024-07-29 09:33:21,18250.0,4000,Buy,226870472
2024-07-29 09:33:21,18250.0,2000,Buy,226870473
2024-07-29 09:33:21,18250.0,500,Buy,226870474
2024-07-29 09:33:21,18250.0,300,Buy,226870475
2024-07-29 09:33:21,18250.0,100,Buy,226870476
2024-07-29 09:33:21,18250.0,200,Buy,226870477
2024-07-29 09:33:21,18250.0,100,Buy,226870478
2024-07-29 09:33:21,18250.0,15800,Buy,226870479
2024-07-29 09:33:23,18200.0,200,Sell,226870519
2024-07-29 09:33:24,18250.0,500,Buy,226870533
2024-07-29 09:33:24,18250.0,10000,Buy,226870539
2024-07-29 09:33:26,18250.0,500,Buy,226870590
2024-07-29 09:33:26,18250.0,1000,Buy,226870598
2024-07-29 09:33:31,18250.0,2100,Buy,226870730
2024-07-29 09:33:32,18250.0,5000,Buy,226870752
2024-07-29 09:33:32,18250.0,1000,Buy,226870755
2024-07-29 09:33:33,18250.0,2200,Buy,226870768
2024-07-29 09:33:33,18250.0,100,Buy,226870767
2024-07-29 09:33:33,18250.0,5000,Buy,226870766
2024-07-29 09:33:33,18250.0,5000,Buy,226870765
2024-07-29 09:33:33,18250.0,100,Buy,226870764
2024-07-29 09:33:33,18250.0,1000,Buy,226870761
2024-07-29 09:33:33,18250.0,2000,Buy,226870762
2024-07-29 09:33:33,18250.0,1000,Buy,226870760
2024-07-29 09:33:33,18250.0,100,Buy,226870759
2024-07-29 09:33:33,18250.0,8100,Buy,226870758
2024-07-29 09:33:33,18250.0,400,Buy,226870763
2024-07-29 09:33:36,18250.0,900,Buy,226870851
2024-07-29 09:33:36,18250.0,200,Buy,226870850
2024-07-29 09:33:36,18250.0,500,Buy,226870849
2024-07-29 09:33:36,18250.0,100,Buy,226870848
2024-07-29 09:33:36,18250.0,3000,Buy,226870846
2024-07-29 09:33:36,18250.0,300,Buy,226870845
2024-07-29 09:33:36,18250.0,100,Buy,226870844
2024-07-29 09:33:36,18250.0,2800,Buy,226870843
2024-07-29 09:33:36,18250.0,100,Buy,226870847
2024-07-29 09:33:37,18250.0,100,Buy,226870857
2024-07-29 09:33:37,18250.0,2000,Sell,226870878
2024-07-29 09:33:38,18300.0,4600,Buy,226870908
2024-07-29 09:33:38,18300.0,2000,Buy,226870907
2024-07-29 09:33:38,18300.0,500,Buy,226870906
2024-07-29 09:33:38,18300.0,1000,Buy,226870903
2024-07-29 09:33:38,18300.0,1000,Buy,226870904
2024-07-29 09:33:38,18300.0,10000,Buy,226870905
2024-07-29 09:33:38,18300.0,1600,Buy,226870902
2024-07-29 09:33:38,18300.0,200,Buy,226870901
2024-07-29 09:33:39,18250.0,200,Sell,226870929
2024-07-29 09:33:41,18250.0,2000,Sell,226871008
2024-07-29 09:33:45,18250.0,100,Sell,226871104
2024-07-29 09:33:45,18300.0,8900,Buy,226871091
2024-07-29 09:33:45,18300.0,5000,Buy,226871090
2024-07-29 09:33:45,18300.0,100,Buy,226871089
2024-07-29 09:33:45,18300.0,100,Buy,226871087
2024-07-29 09:33:45,18300.0,100,Buy,226871086
2024-07-29 09:33:45,18300.0,2000,Buy,226871088
2024-07-29 09:33:45,18300.0,100,Buy,226871084
2024-07-29 09:33:45,18300.0,100,Buy,226871083
2024-07-29 09:33:45,18300.0,1000,Buy,226871082
2024-07-29 09:33:45,18300.0,2000,Buy,226871081
2024-07-29 09:33:45,18300.0,400,Buy,226871080
2024-07-29 09:33:45,18300.0,4100,Buy,226871079
2024-07-29 09:33:45,18300.0,100,Buy,226871085
2024-07-29 09:33:52,18300.0,200,Buy,226871264
2024-07-29 09:33:52,18300.0,23400,Buy,226871268
2024-07-29 09:33:52,18300.0,5000,Buy,226871267
2024-07-29 09:33:52,18300.0,3000,Buy,226871266
2024-07-29 09:33:52,18300.0,1000,Buy,226871265
2024-07-29 09:33:52,18300.0,2800,Buy,226871263
2024-07-29 09:33:52,18300.0,500,Buy,226871258
2024-07-29 09:33:52,18300.0,1000,Buy,226871261
2024-07-29 09:33:52,18300.0,5000,Buy,226871260
2024-07-29 09:33:52,18300.0,1000,Buy,226871259
2024-07-29 09:33:52,18300.0,1000,Buy,226871257
2024-07-29 09:33:52,18300.0,5000,Buy,226871262
2024-07-29 09:33:52,18300.0,1100,Buy,226871256
2024-07-29 09:33:56,18300.0,5000,Buy,226871370
2024-07-29 09:33:56,18250.0,1000,Sell,226871390
2024-07-29 09:33:56,18250.0,200,Sell,226871391
2024-07-29 09:34:01,18250.0,5000,Sell,226871485
2024-07-29 09:34:05,18300.0,20000,Buy,226871573
2024-07-29 09:34:07,18250.0,200,Sell,226871606
2024-07-29 09:34:09,18250.0,500,Sell,226871649
2024-07-29 09:34:10,18300.0,45000,Buy,226871659
2024-07-29 09:34:10,18250.0,2000,Sell,226871678
2024-07-29 09:34:17,18250.0,5000,Sell,226871827
2024-07-29 09:34:18,18250.0,200,Sell,226871852
2024-07-29 09:34:20,18300.0,100000,Buy,226871919
2024-07-29 09:34:25,18300.0,500,Buy,226872021
2024-07-29 09:34:28,18250.0,300,Sell,226872070
2024-07-29 09:34:28,18300.0,46000,Buy,226872084
2024-07-29 09:34:31,18300.0,1000,Buy,226872137
2024-07-29 09:34:32,18300.0,59000,Buy,226872171
2024-07-29 09:34:33,18300.0,5000,Buy,226872189
2024-07-29 09:34:35,18300.0,2000,Buy,226872216
2024-07-29 09:34:38,18300.0,35000,Buy,226872292
2024-07-29 09:34:45,18300.0,44000,Buy,226872475
2024-07-29 09:34:47,18300.0,65000,Buy,226872522
2024-07-29 09:34:57,18300.0,500,Buy,226872740
2024-07-29 09:34:58,18300.0,12100,Buy,226872773
2024-07-29 09:34:58,18300.0,300,Buy,226872771
2024-07-29 09:34:58,18300.0,100,Buy,226872770
2024-07-29 09:34:58,18300.0,300,Buy,226872772
2024-07-29 09:34:58,18300.0,1000,Buy,226872768
2024-07-29 09:34:58,18300.0,2000,Buy,226872767
2024-07-29 09:34:58,18300.0,3600,Buy,226872766
2024-07-29 09:34:58,18300.0,45000,Buy,226872762
2024-07-29 09:34:58,18300.0,5000,Buy,226872769
2024-07-29 09:35:00,18250.0,100,Sell,226872799
2024-07-29 09:35:00,18300.0,47000,Buy,226872812
2024-07-29 09:35:00,18300.0,17900,Buy,226872819
2024-07-29 09:35:01,18300.0,1000,Buy,226872822
2024-07-29 09:35:02,18300.0,200,Buy,226872850
2024-07-29 09:35:03,18250.0,100,Sell,226872855
2024-07-29 09:35:05,18250.0,100,Sell,226873034
2024-07-29 09:35:08,18300.0,34000,Buy,226873072
2024-07-29 09:35:12,18300.0,9000,Buy,226873189
2024-07-29 09:35:16,18300.0,33000,Buy,226873289
2024-07-29 09:35:17,18300.0,5000,Buy,226873304
2024-07-29 09:35:20,18300.0,2000,Buy,226873377
2024-07-29 09:35:21,18300.0,2800,Buy,226873392
2024-07-29 09:35:23,18300.0,10000,Buy,226873428
2024-07-29 09:35:24,18300.0,10000,Buy,226873452
2024-07-29 09:35:24,18300.0,5000,Buy,226873453
2024-07-29 09:35:26,18300.0,39000,Buy,226873533
2024-07-29 09:35:28,18300.0,700,Buy,226873648
2024-07-29 09:35:31,18300.0,5000,Buy,226873695
2024-07-29 09:35:32,18300.0,48700,Buy,226873727
2024-07-29 09:35:32,18300.0,16300,Buy,226873725
2024-07-29 09:35:32,18300.0,1000,Buy,226873726
2024-07-29 09:35:34,18300.0,10000,Buy,226873751
2024-07-29 09:35:34,18300.0,29000,Buy,226873766
2024-07-29 09:35:38,18300.0,1300,Buy,226873854
2024-07-29 09:35:41,18300.0,1000,Buy,226873936
2024-07-29 09:35:42,18250.0,5000,Sell,226873948
2024-07-29 09:35:43,18300.0,35000,Buy,226873960
2024-07-29 09:35:45,18300.0,40000,Buy,226874027
2024-07-29 09:35:51,18250.0,300,Sell,226874204
2024-07-29 09:35:51,18300.0,39000,Buy,226874214
2024-07-29 09:35:52,18250.0,800,Sell,226874221
2024-07-29 09:35:53,18300.0,200,Buy,226874229
2024-07-29 09:35:55,18300.0,500,Buy,226874308
2024-07-29 09:35:57,18300.0,20000,Buy,226874359
2024-07-29 09:35:58,18300.0,10000,Buy,226874391
2024-07-29 09:35:59,18300.0,200,Buy,226874398
2024-07-29 09:35:59,18300.0,15100,Buy,226874408
2024-07-29 09:35:59,18300.0,100,Buy,226874409
2024-07-29 09:36:00,18300.0,1900,Buy,226874432
2024-07-29 09:36:00,18300.0,100,Buy,226874433
2024-07-29 09:36:00,18300.0,1000,Buy,226874434
2024-07-29 09:36:01,18300.0,36500,Buy,226874485
2024-07-29 09:36:01,18300.0,1000,Buy,226874483
2024-07-29 09:36:01,18300.0,500,Buy,226874484
2024-07-29 09:36:02,18300.0,20000,Buy,226874505
2024-07-29 09:36:02,18300.0,3000,Buy,226874506
2024-07-29 09:36:05,18300.0,20000,Buy,226874569
2024-07-29 09:36:06,18300.0,700,Buy,226874595
2024-07-29 09:36:06,18300.0,400,Buy,226874598
2024-07-29 09:36:06,18300.0,200,Buy,226874599
2024-07-29 09:36:08,18300.0,5900,Buy,226874628
2024-07-29 09:36:08,18300.0,500,Buy,226874639
2024-07-29 09:36:10,18300.0,12700,Buy,226874692
2024-07-29 09:36:15,18300.0,5000,Buy,226874800
2024-07-29 09:36:15,18300.0,100,Buy,226874799
2024-07-29 09:36:15,18300.0,500,Buy,226874798
2024-07-29 09:36:15,18300.0,100,Buy,226874797
2024-07-29 09:36:15,18300.0,500,Buy,226874796
2024-07-29 09:36:15,18300.0,100,Buy,226874795
2024-07-29 09:36:15,18300.0,1000,Buy,226874794
2024-07-29 09:36:15,18300.0,3000,Buy,226874793
2024-07-29 09:36:15,18300.0,100,Buy,226874807
2024-07-29 09:36:15,18300.0,300,Buy,226874791
2024-07-29 09:36:15,18300.0,4200,Buy,226874792
2024-07-29 09:36:15,18300.0,150100,Buy,226874783
2024-07-29 09:36:15,18300.0,500,Buy,226874784
2024-07-29 09:36:15,18300.0,1500,Buy,226874785
2024-07-29 09:36:15,18300.0,11600,Buy,226874801
2024-07-29 09:36:15,18300.0,4100,Buy,226874787
2024-07-29 09:36:15,18300.0,10000,Buy,226874789
2024-07-29 09:36:15,18300.0,1000,Buy,226874790
2024-07-29 09:36:15,18300.0,100,Buy,226874788
2024-07-29 09:36:15,18300.0,256300,Buy,226874786
2024-07-29 09:36:17,18300.0,300,Buy,226874847
2024-07-29 09:36:18,18300.0,1400,Buy,226874873
2024-07-29 09:36:18,18300.0,5000,Buy,226874878
2024-07-29 09:36:18,18300.0,6000,Buy,226874879
2024-07-29 09:36:19,18300.0,400,Buy,226874900
2024-07-29 09:36:19,18300.0,6700,Buy,226874890
2024-07-29 09:36:20,18300.0,3000,Buy,226874913
2024-07-29 09:36:20,18300.0,80000,Buy,226874915
2024-07-29 09:36:20,18300.0,5000,Buy,226874917
2024-07-29 09:36:21,18300.0,5000,Buy,226874952
2024-07-29 09:36:21,18300.0,5000,Buy,226874944
2024-07-29 09:36:21,18300.0,900,Buy,226874945
2024-07-29 09:36:21,18300.0,5000,Buy,226874946
2024-07-29 09:36:22,18300.0,50000,Buy,226874995
2024-07-29 09:36:22,18300.0,20000,Buy,226874954
2024-07-29 09:36:22,18300.0,10000,Buy,226874993
2024-07-29 09:36:23,18300.0,10000,Buy,226875002
2024-07-29 09:36:23,18300.0,19900,Buy,226875003
2024-07-29 09:36:23,18300.0,3000,Buy,226875004
2024-07-29 09:36:23,18300.0,1700,Buy,226875010
2024-07-29 09:36:23,18300.0,100,Buy,226875011
2024-07-29 09:36:23,18300.0,100,Buy,226875012
2024-07-29 09:36:23,18300.0,3100,Buy,226875013
2024-07-29 09:36:24,18300.0,5000,Buy,226875067
2024-07-29 09:36:24,18300.0,1900,Buy,226875048
2024-07-29 09:36:24,18300.0,18100,Buy,226875049
2024-07-29 09:36:25,18300.0,500,Buy,226875092
2024-07-29 09:36:25,18300.0,2000,Buy,226875094
2024-07-29 09:36:25,18300.0,2000,Buy,226875095
2024-07-29 09:36:25,18300.0,5000,Buy,226875099
2024-07-29 09:36:26,18300.0,8500,Buy,226875114
2024-07-29 09:36:26,18300.0,500,Buy,226875115
2024-07-29 09:36:27,18300.0,1000,Buy,226875126
2024-07-29 09:36:27,18300.0,2300,Buy,226875136
2024-07-29 09:36:28,18300.0,1000,Buy,226875169
2024-07-29 09:36:28,18300.0,23400,Buy,226875159
2024-07-29 09:36:28,18300.0,10000,Buy,226875158
2024-07-29 09:36:28,18300.0,200,Buy,226875139
2024-07-29 09:36:28,18300.0,30000,Buy,226875138
2024-07-29 09:36:29,18300.0,4000,Buy,226875175
2024-07-29 09:36:29,18300.0,1000,Buy,226875191
2024-07-29 09:36:30,18300.0,500,Buy,226875195
2024-07-29 09:36:30,18300.0,1400,Buy,226875196
2024-07-29 09:36:30,18300.0,5000,Buy,226875208
2024-07-29 09:36:30,18300.0,5000,Buy,226875209
2024-07-29 09:36:30,18300.0,200,Buy,226875214
2024-07-29 09:36:32,18300.0,10000,Buy,226875273
2024-07-29 09:36:32,18300.0,5300,Buy,226875258
2024-07-29 09:36:33,18250.0,200,Sell,226875287
2024-07-29 09:36:33,18300.0,50000,Buy,226875288
2024-07-29 09:36:34,18300.0,100,Buy,226875295
2024-07-29 09:36:34,18300.0,600,Buy,226875299
2024-07-29 09:36:35,18300.0,100,Buy,226875321
2024-07-29 09:36:35,18300.0,20000,Buy,226875322
2024-07-29 09:36:37,18300.0,500,Buy,226875376
2024-07-29 09:36:37,18300.0,100,Buy,226875375
2024-07-29 09:36:37,18300.0,800,Buy,226875373
2024-07-29 09:36:37,18300.0,46200,Buy,226875371
2024-07-29 09:36:37,18300.0,500,Buy,226875372
2024-07-29 09:36:37,18300.0,10000,Buy,226875342
2024-07-29 09:36:37,18300.0,500,Buy,226875374
2024-07-29 09:36:38,18300.0,1000,Buy,226875400
2024-07-29 09:36:38,18300.0,2300,Buy,226875404
2024-07-29 09:36:38,18300.0,1200,Buy,226875407
2024-07-29 09:36:38,18300.0,200,Buy,226875408
2024-07-29 09:36:38,18300.0,600,Buy,226875409
2024-07-29 09:36:39,18300.0,400,Buy,226875431
2024-07-29 09:36:39,18300.0,100,Buy,226875432
2024-07-29 09:36:39,18300.0,500,Buy,226875433
2024-07-29 09:36:39,18300.0,1200,Buy,226875440
2024-07-29 09:36:39,18300.0,700,Buy,226875448
2024-07-29 09:36:39,18300.0,600,Buy,226875449
2024-07-29 09:36:39,18300.0,1400,Buy,226875450
2024-07-29 09:36:40,18300.0,3000,Buy,226875471
2024-07-29 09:36:40,18300.0,200,Buy,226875466
2024-07-29 09:36:40,18300.0,200,Buy,226875473
2024-07-29 09:36:40,18300.0,4000,Buy,226875472
2024-07-29 09:36:40,18300.0,800,Buy,226875465
2024-07-29 09:36:40,18300.0,10900,Buy,226875474
2024-07-29 09:36:40,18300.0,5000,Buy,226875460
2024-07-29 09:36:40,18300.0,500,Buy,226875459
2024-07-29 09:36:40,18300.0,100,Buy,226875458
2024-07-29 09:36:40,18300.0,300,Buy,226875457
2024-07-29 09:36:40,18300.0,500,Buy,226875456
2024-07-29 09:36:40,18300.0,8600,Buy,226875455
2024-07-29 09:36:40,18300.0,1000,Buy,226875461
2024-07-29 09:36:41,18300.0,2000,Buy,226875489
2024-07-29 09:36:41,18300.0,100000,Buy,226875480
2024-07-29 09:36:41,18300.0,20000,Buy,226875481
2024-07-29 09:36:42,18300.0,1000,Buy,226875529
2024-07-29 09:36:43,18300.0,900,Buy,226875573
2024-07-29 09:36:44,18300.0,2000,Buy,226875584
2024-07-29 09:36:45,18300.0,1000,Buy,226875595
2024-07-29 09:36:46,18300.0,300,Buy,226875627
2024-07-29 09:36:46,18300.0,1000,Buy,226875634
2024-07-29 09:36:47,18300.0,4000,Buy,226875685
2024-07-29 09:36:47,18300.0,400,Buy,226875689
2024-07-29 09:36:48,18300.0,20000,Buy,226875710
2024-07-29 09:36:48,18300.0,10000,Buy,226875711
2024-07-29 09:36:50,18300.0,1000,Buy,226875768
2024-07-29 09:36:50,18300.0,5000,Buy,226875776
2024-07-29 09:36:50,18300.0,100,Buy,226875754
2024-07-29 09:36:51,18300.0,1600,Buy,226875803
2024-07-29 09:36:51,18300.0,200,Buy,226875817
2024-07-29 09:36:52,18300.0,1000,Buy,226875829
2024-07-29 09:36:52,18300.0,100,Buy,226875828
2024-07-29 09:36:53,18300.0,3500,Buy,226875868
2024-07-29 09:36:53,18300.0,6000,Buy,226875853
2024-07-29 09:36:54,18300.0,8000,Buy,226875885
2024-07-29 09:36:55,18300.0,5000,Buy,226875983
2024-07-29 09:36:55,18250.0,6000,Sell,226875984
2024-07-29 09:36:55,18300.0,10000,Buy,226875950
2024-07-29 09:36:55,18300.0,500,Buy,226875951
2024-07-29 09:37:00,18300.0,600,Buy,226876086
2024-07-29 09:37:04,18300.0,30000,Buy,226876176
2024-07-29 09:37:05,18300.0,2100,Buy,226876191
2024-07-29 09:37:06,18300.0,1000,Buy,226876212
2024-07-29 09:37:07,18250.0,1000,Sell,226876220
2024-07-29 09:37:07,18300.0,10000,Buy,226876223
2024-07-29 09:37:09,18300.0,10000,Buy,226876244
2024-07-29 09:37:10,18300.0,10000,Buy,226876283
2024-07-29 09:37:11,18300.0,1000,Buy,226876314
2024-07-29 09:37:12,18300.0,2000,Buy,226876324
2024-07-29 09:37:12,18300.0,2000,Buy,226876325
2024-07-29 09:37:13,18300.0,300,Buy,226876371
2024-07-29 09:37:13,18300.0,2300,Buy,226876358
2024-07-29 09:37:13,18300.0,800,Buy,226876356
2024-07-29 09:37:13,18300.0,3900,Buy,226876357
2024-07-29 09:37:13,18300.0,2000,Buy,226876354
2024-07-29 09:37:13,18300.0,800,Buy,226876353
2024-07-29 09:37:13,18300.0,10000,Buy,226876350
2024-07-29 09:37:13,18300.0,5000,Buy,226876349
2024-07-29 09:37:13,18300.0,200,Buy,226876355
2024-07-29 09:37:14,18300.0,100,Buy,226876412
2024-07-29 09:37:14,18300.0,300,Buy,226876409
2024-07-29 09:37:14,18300.0,100,Buy,226876410
2024-07-29 09:37:14,18300.0,1600,Buy,226876408
2024-07-29 09:37:14,18300.0,4000,Buy,226876400
2024-07-29 09:37:14,18300.0,1000,Buy,226876402
2024-07-29 09:37:14,18300.0,1200,Buy,226876401
2024-07-29 09:37:14,18300.0,2400,Buy,226876399
2024-07-29 09:37:14,18300.0,1400,Buy,226876403
2024-07-29 09:37:15,18300.0,400,Buy,226876425
2024-07-29 09:37:15,18300.0,100,Buy,226876426
2024-07-29 09:37:16,18300.0,100,Buy,226876462
2024-07-29 09:37:16,18300.0,900,Buy,226876461
2024-07-29 09:37:16,18300.0,100,Buy,226876452
2024-07-29 09:37:16,18300.0,100,Buy,226876451
2024-07-29 09:37:16,18300.0,100,Buy,226876450
2024-07-29 09:37:16,18300.0,100,Buy,226876449
2024-07-29 09:37:16,18300.0,100,Buy,226876448
2024-07-29 09:37:17,18300.0,3900,Buy,226876534
2024-07-29 09:37:17,18300.0,100,Buy,226876533
2024-07-29 09:37:17,18300.0,400,Buy,226876532
2024-07-29 09:37:17,18300.0,500,Buy,226876530
2024-07-29 09:37:17,18300.0,300,Buy,226876529
2024-07-29 09:37:17,18300.0,200,Buy,226876531
2024-07-29 09:37:17,18300.0,5000,Buy,226876527
2024-07-29 09:37:17,18300.0,100,Buy,226876526
2024-07-29 09:37:17,18300.0,100,Buy,226876509
2024-07-29 09:37:17,18300.0,2100,Buy,226876508
2024-07-29 09:37:17,18300.0,300,Buy,226876507
2024-07-29 09:37:17,18300.0,200,Buy,226876506
2024-07-29 09:37:17,18300.0,500,Buy,226876528
2024-07-29 09:37:18,18300.0,5000,Buy,226876553
2024-07-29 09:37:20,18300.0,700,Buy,226876581
2024-07-29 09:37:20,18300.0,200,Buy,226876580
2024-07-29 09:37:20,18300.0,100,Buy,226876579
2024-07-29 09:37:20,18300.0,100,Buy,226876578
2024-07-29 09:37:20,18300.0,200,Buy,226876576
2024-07-29 09:37:20,18300.0,500,Buy,226876575
2024-07-29 09:37:20,18300.0,300,Buy,226876574
2024-07-29 09:37:20,18300.0,100,Buy,226876573
2024-07-29 09:37:20,18300.0,1100,Buy,226876572
2024-07-29 09:37:20,18300.0,700,Buy,226876577
2024-07-29 09:37:21,18300.0,200,Buy,226876603
2024-07-29 09:37:24,18300.0,2000,Buy,226876636
2024-07-29 09:37:25,18300.0,2000,Buy,226876677
2024-07-29 09:37:25,18300.0,1000,Buy,226876690
2024-07-29 09:37:25,18300.0,200,Buy,226876705
2024-07-29 09:37:25,18300.0,1000,Buy,226876706
2024-07-29 09:37:26,18300.0,500,Buy,226876709
2024-07-29 09:37:27,18300.0,600,Buy,226876737
2024-07-29 09:37:27,18300.0,100,Buy,226876736
2024-07-29 09:37:27,18300.0,3700,Buy,226876734
2024-07-29 09:37:27,18300.0,400,Buy,226876733
2024-07-29 09:37:27,18300.0,200,Buy,226876735
2024-07-29 09:37:28,18300.0,700,Buy,226876757
2024-07-29 09:37:28,18300.0,2000,Buy,226876760
2024-07-29 09:37:28,18300.0,500,Buy,226876754
2024-07-29 09:37:28,18300.0,100,Buy,226876758
2024-07-29 09:37:28,18300.0,500,Buy,226876759
2024-07-29 09:37:29,18300.0,500,Buy,226876774
2024-07-29 09:37:30,18300.0,100,Buy,226876798
2024-07-29 09:37:31,18300.0,500,Buy,226876819
2024-07-29 09:37:31,18300.0,3200,Buy,226876835
2024-07-29 09:37:31,18300.0,100,Buy,226876836
2024-07-29 09:37:31,18300.0,3600,Buy,226876842
2024-07-29 09:37:31,18300.0,100,Buy,226876843
2024-07-29 09:37:36,18300.0,500,Sell,226876966
2024-07-29 09:37:36,18300.0,5000,Sell,226876965
2024-07-29 09:37:36,18300.0,5000,Sell,226876964
2024-07-29 09:37:36,18300.0,1300,Sell,226876962
2024-07-29 09:37:36,18300.0,1000,Sell,226876963
2024-07-29 09:37:37,18300.0,2000,Buy,226876988
2024-07-29 09:37:37,18300.0,1000,Buy,226876996
2024-07-29 09:37:38,18300.0,2000,Buy,226877017
2024-07-29 09:37:39,18300.0,100,Buy,226877063
2024-07-29 09:37:40,18300.0,17000,Buy,226877108
2024-07-29 09:37:43,18300.0,2000,Buy,226877172
2024-07-29 09:37:47,18300.0,1000,Buy,226877252
2024-07-29 09:37:52,18300.0,300,Buy,226877391
2024-07-29 09:37:55,18300.0,900,Buy,226877478
2024-07-29 09:37:56,18300.0,10000,Buy,226877515
2024-07-29 09:37:59,18300.0,900,Buy,226877624
2024-07-29 09:37:59,18300.0,1500,Buy,226877625
2024-07-29 09:37:59,18300.0,600,Buy,226877626
2024-07-29 09:38:01,18300.0,1000,Buy,226877679
2024-07-29 09:38:01,18300.0,200,Buy,226877695
2024-07-29 09:38:02,18300.0,100,Buy,226877709
2024-07-29 09:38:07,18300.0,500,Buy,226877825
2024-07-29 09:38:09,18300.0,500,Buy,226877874
2024-07-29 09:38:09,18300.0,1000,Buy,226877873
2024-07-29 09:38:09,18300.0,100,Buy,226877871
2024-07-29 09:38:09,18300.0,100,Buy,226877872
2024-07-29 09:38:15,18300.0,3000,Sell,226878009
2024-07-29 09:38:16,18300.0,16000,Sell,226878022
2024-07-29 09:38:16,18300.0,1000,Sell,226878023
2024-07-29 09:38:16,18300.0,1000,Sell,226878024
2024-07-29 09:38:20,18300.0,2000,Buy,226878112
2024-07-29 09:38:21,18250.0,300,Sell,226878147
2024-07-29 09:38:21,18300.0,3000,Buy,226878148
2024-07-29 09:38:25,18300.0,1000,Buy,226878243
2024-07-29 09:38:26,18300.0,10000,Buy,226878267
2024-07-29 09:38:26,18300.0,300,Buy,226878252
2024-07-29 09:38:27,18300.0,300,Buy,226878307
2024-07-29 09:38:27,18300.0,2000,Buy,226878292
2024-07-29 09:38:29,18300.0,300,Buy,226878351
2024-07-29 09:38:34,18300.0,100,Buy,226878446
2024-07-29 09:38:36,18300.0,500,Buy,226878526
2024-07-29 09:38:37,18250.0,200,Sell,226878549
2024-07-29 09:38:43,18300.0,700,Buy,226878676
2024-07-29 09:38:43,18300.0,18000,Buy,226878682
2024-07-29 09:38:44,18300.0,100,Buy,226878696
2024-07-29 09:38:44,18300.0,500,Buy,226878695
2024-07-29 09:38:44,18300.0,2000,Buy,226878694
2024-07-29 09:38:44,18300.0,2000,Buy,226878692
2024-07-29 09:38:44,18300.0,1800,Buy,226878691
2024-07-29 09:38:44,18300.0,3100,Buy,226878690
2024-07-29 09:38:44,18300.0,500,Buy,226878693
2024-07-29 09:38:49,18300.0,200,Buy,226878817
2024-07-29 09:38:51,18300.0,300,Buy,226878840
2024-07-29 09:38:51,18300.0,200,Buy,226878872
2024-07-29 09:38:51,18300.0,600,Buy,226878875
2024-07-29 09:38:51,18300.0,500,Buy,226878876
2024-07-29 09:38:51,18300.0,1900,Buy,226878877
2024-07-29 09:38:52,18300.0,2000,Buy,226878887
2024-07-29 09:38:53,18300.0,1000,Buy,226878905
2024-07-29 09:39:01,18300.0,100,Buy,226879091
2024-07-29 09:39:01,18300.0,900,Buy,226879090
2024-07-29 09:39:01,18300.0,1000,Buy,226879089
2024-07-29 09:39:01,18300.0,100,Buy,226879084
2024-07-29 09:39:01,18300.0,300,Buy,226879087
2024-07-29 09:39:01,18300.0,1000,Buy,226879086
2024-07-29 09:39:01,18300.0,100,Buy,226879085
2024-07-29 09:39:01,18300.0,1500,Buy,226879088
2024-07-29 09:39:03,18300.0,600,Buy,226879144
2024-07-29 09:39:05,18300.0,2000,Buy,226879168
2024-07-29 09:39:08,18300.0,1000,Buy,226879242
2024-07-29 09:39:08,18300.0,100,Buy,226879243
2024-07-29 09:39:08,18300.0,300,Buy,226879244
2024-07-29 09:39:08,18300.0,1800,Buy,226879245
2024-07-29 09:39:08,18300.0,1800,Buy,226879241
2024-07-29 09:39:11,18300.0,5000,Buy,226879312
2024-07-29 09:39:19,18300.0,200,Buy,226879450
2024-07-29 09:39:29,18300.0,300,Buy,226879737
2024-07-29 09:39:29,18300.0,1000,Buy,226879740
2024-07-29 09:39:41,18250.0,100,Sell,226880037
2024-07-29 09:39:49,18300.0,500,Buy,226880210
2024-07-29 09:39:54,18300.0,2000,Buy,226880296
2024-07-29 09:40:08,18300.0,200,Buy,226880704
2024-07-29 09:40:10,18300.0,100,Buy,226880749
2024-07-29 09:40:12,18300.0,20700,Buy,226880788
2024-07-29 09:40:12,18300.0,1000,Buy,226880814
2024-07-29 09:40:12,18300.0,2000,Buy,226880813
2024-07-29 09:40:12,18300.0,5000,Buy,226880812
2024-07-29 09:40:12,18300.0,1000,Buy,226880811
2024-07-29 09:40:12,18300.0,3000,Buy,226880810
2024-07-29 09:40:12,18300.0,1000,Buy,226880809
2024-07-29 09:40:12,18300.0,200,Buy,226880808
2024-07-29 09:40:12,18300.0,10000,Buy,226880807
2024-07-29 09:40:12,18300.0,100,Buy,226880806
2024-07-29 09:40:12,18300.0,100,Buy,226880801
2024-07-29 09:40:12,18300.0,100,Buy,226880800
2024-07-29 09:40:12,18300.0,10000,Buy,226880798
2024-07-29 09:40:12,18300.0,5000,Buy,226880797
2024-07-29 09:40:12,18300.0,100,Buy,226880796
2024-07-29 09:40:12,18300.0,100,Buy,226880795
2024-07-29 09:40:12,18300.0,5000,Buy,226880794
2024-07-29 09:40:12,18300.0,100,Buy,226880793
2024-07-29 09:40:12,18300.0,400,Buy,226880792
2024-07-29 09:40:12,18300.0,800,Buy,226880791
2024-07-29 09:40:12,18300.0,2000,Buy,226880790
2024-07-29 09:40:12,18300.0,1000,Buy,226880789
2024-07-29 09:40:12,18300.0,800,Buy,226880815
2024-07-29 09:40:12,18300.0,500,Buy,226880799
2024-07-29 09:40:15,18300.0,1200,Buy,226880921
2024-07-29 09:40:15,18300.0,1800,Buy,226880922
2024-07-29 09:40:16,18300.0,1000,Buy,226880939
2024-07-29 09:40:16,18300.0,500,Buy,226880940
2024-07-29 09:40:21,18300.0,500,Buy,226881028
2024-07-29 09:40:21,18300.0,100,Buy,226881029
2024-07-29 09:40:22,18250.0,100,Sell,226881051
2024-07-29 09:40:22,18250.0,200,Sell,226881052
2024-07-29 09:40:28,18300.0,100,Buy,226881248
2024-07-29 09:40:29,18250.0,200,Sell,226881258
2024-07-29 09:40:36,18250.0,100,Sell,226881400
2024-07-29 09:40:36,18250.0,1200,Sell,226881429
2024-07-29 09:40:38,18250.0,4900,Sell,226881461
2024-07-29 09:40:38,18250.0,2100,Sell,226881462
2024-07-29 09:40:45,18250.0,100,Sell,226881614
2024-07-29 09:40:45,18250.0,100,Sell,226881611
2024-07-29 09:40:45,18250.0,10000,Sell,226881612
2024-07-29 09:40:45,18250.0,1000,Sell,226881613
2024-07-29 09:40:45,18250.0,300,Sell,226881615
2024-07-29 09:40:45,18250.0,3000,Sell,226881620
2024-07-29 09:40:45,18250.0,100,Sell,226881616
2024-07-29 09:40:45,18250.0,800,Sell,226881617
2024-07-29 09:40:45,18250.0,100,Sell,226881618
2024-07-29 09:40:45,18250.0,1000,Sell,226881619
2024-07-29 09:40:45,18250.0,200,Sell,226881610
2024-07-29 09:40:45,18250.0,300,Sell,226881609
2024-07-29 09:40:45,18250.0,1000,Sell,226881601
2024-07-29 09:40:45,18250.0,300,Sell,226881607
2024-07-29 09:40:45,18250.0,102900,Sell,226881596
2024-07-29 09:40:45,18250.0,500,Sell,226881598
2024-07-29 09:40:45,18250.0,1000,Sell,226881599
2024-07-29 09:40:45,18250.0,100,Sell,226881600
2024-07-29 09:40:45,18250.0,300,Sell,226881597
2024-07-29 09:40:45,18250.0,500,Sell,226881603
2024-07-29 09:40:45,18250.0,100,Sell,226881604
2024-07-29 09:40:45,18250.0,300,Sell,226881605
2024-07-29 09:40:45,18250.0,10000,Sell,226881606
2024-07-29 09:40:45,18250.0,5000,Sell,226881602
2024-07-29 09:40:45,18250.0,5000,Sell,226881608
2024-07-29 09:40:53,18250.0,200,Buy,226881810
2024-07-29 09:40:58,18200.0,300,Sell,226881954
2024-07-29 09:40:58,18200.0,900,Sell,226881955
2024-07-29 09:41:10,18250.0,100,Buy,226882249
2024-07-29 09:41:15,18250.0,3000,Buy,226882393
2024-07-29 09:41:18,18250.0,5000,Buy,226882463
2024-07-29 09:41:20,18200.0,1200,Sell,226882509
2024-07-29 09:41:39,18200.0,100,Sell,226882936
2024-07-29 09:41:42,18200.0,1200,Sell,226883004
2024-07-29 09:41:45,18200.0,200,Sell,226883065
2024-07-29 09:41:53,18250.0,17700,Buy,226883212
2024-07-29 09:41:53,18250.0,2000,Buy,226883213
2024-07-29 09:41:53,18250.0,200,Buy,226883214
2024-07-29 09:41:53,18250.0,700,Buy,226883215
2024-07-29 09:41:53,18250.0,100,Buy,226883216
2024-07-29 09:41:53,18250.0,1800,Buy,226883217
2024-07-29 09:41:54,18200.0,13600,Sell,226883234
2024-07-29 09:41:54,18200.0,5000,Sell,226883233
2024-07-29 09:41:54,18200.0,1400,Sell,226883232
2024-07-29 09:41:56,18250.0,300,Buy,226883280
2024-07-29 09:41:58,18250.0,5000,Buy,226883330
2024-07-29 09:41:59,18250.0,800,Buy,226883344
2024-07-29 09:42:02,18250.0,2000,Buy,226883410
2024-07-29 09:42:04,18200.0,1200,Sell,226883435
2024-07-29 09:42:05,18250.0,100,Buy,226883460
2024-07-29 09:42:05,18250.0,100,Buy,226883456
2024-07-29 09:42:05,18250.0,1800,Buy,226883459
2024-07-29 09:42:09,18250.0,300,Buy,226883542
2024-07-29 09:42:13,18250.0,1500,Buy,226883645
2024-07-29 09:42:14,18250.0,300,Buy,226883687
2024-07-29 09:42:17,18250.0,300,Buy,226883756
2024-07-29 09:42:24,18250.0,300,Buy,226883889
2024-07-29 09:42:25,18250.0,1900,Buy,226883917
2024-07-29 09:42:26,18200.0,1200,Sell,226883930
2024-07-29 09:42:28,18250.0,300,Buy,226883985
2024-07-29 09:42:28,18250.0,100,Buy,226883986
2024-07-29 09:42:28,18250.0,500,Buy,226883987
2024-07-29 09:42:28,18250.0,100,Buy,226883988
2024-07-29 09:42:39,18250.0,9900,Buy,226884257
2024-07-29 09:42:39,18250.0,100,Buy,226884258
2024-07-29 09:42:39,18250.0,8400,Buy,226884259
2024-07-29 09:42:39,18250.0,1600,Buy,226884260
2024-07-29 09:42:41,18250.0,200,Buy,226884275
2024-07-29 09:42:41,18250.0,800,Buy,226884276
2024-07-29 09:42:47,18250.0,1000,Buy,226884440
2024-07-29 09:42:47,18250.0,5000,Buy,226884439
2024-07-29 09:42:47,18250.0,200,Buy,226884437
2024-07-29 09:42:47,18250.0,5000,Buy,226884438
2024-07-29 09:42:48,18200.0,1200,Sell,226884450
2024-07-29 09:42:49,18250.0,1000,Buy,226884479
2024-07-29 09:42:49,18250.0,500,Buy,226884480
2024-07-29 09:42:49,18250.0,3500,Buy,226884481
2024-07-29 09:42:53,18250.0,6500,Buy,226884556
2024-07-29 09:42:53,18250.0,2000,Buy,226884557
2024-07-29 09:42:53,18250.0,11500,Buy,226884558
2024-07-29 09:43:01,18200.0,200,Sell,226884774
2024-07-29 09:43:01,18250.0,3000,Buy,226884752
2024-07-29 09:43:04,18250.0,300,Buy,226884819
2024-07-29 09:43:10,18250.0,100,Buy,226884894
2024-07-29 09:43:10,18200.0,1200,Sell,226884899
2024-07-29 09:43:10,18250.0,1000,Buy,226884903
2024-07-29 09:43:13,18250.0,3200,Buy,226884953
2024-07-29 09:43:13,18250.0,200,Buy,226884942
2024-07-29 09:43:14,18250.0,1000,Buy,226884965
2024-07-29 09:43:28,18250.0,400,Buy,226885232
2024-07-29 09:43:28,18250.0,1000,Buy,226885233
2024-07-29 09:43:28,18250.0,400,Buy,226885234
2024-07-29 09:43:28,18250.0,3200,Buy,226885231
2024-07-29 09:43:32,18200.0,1200,Sell,226885295
2024-07-29 09:43:52,18250.0,1600,Buy,226885738
2024-07-29 09:43:52,18250.0,10000,Buy,226885739
2024-07-29 09:43:52,18250.0,13200,Buy,226885740
2024-07-29 09:43:53,18200.0,1200,Sell,226885758
2024-07-29 09:43:59,18250.0,800,Buy,226885876
2024-07-29 09:44:08,18250.0,600,Buy,226886174
2024-07-29 09:44:16,18200.0,1200,Sell,226886325
2024-07-29 09:44:35,18250.0,600,Buy,226886722
2024-07-29 09:44:39,18200.0,1200,Sell,226886781
2024-07-29 09:44:44,18200.0,200,Sell,226886881
2024-07-29 09:44:47,18250.0,100,Buy,226886941
2024-07-29 09:45:01,18200.0,1200,Sell,226887162
2024-07-29 09:45:05,18200.0,500,Sell,226887264
2024-07-29 09:45:05,18200.0,2000,Sell,226887272
2024-07-29 09:45:05,18200.0,2000,Sell,226887265
2024-07-29 09:45:05,18200.0,2000,Sell,226887266
2024-07-29 09:45:05,18200.0,7400,Sell,226887269
2024-07-29 09:45:05,18200.0,1600,Sell,226887270
2024-07-29 09:45:05,18200.0,1000,Sell,226887271
2024-07-29 09:45:05,18200.0,200,Sell,226887273
2024-07-29 09:45:05,18200.0,1000,Sell,226887282
2024-07-29 09:45:05,18200.0,100,Sell,226887275
2024-07-29 09:45:05,18200.0,100,Sell,226887276
2024-07-29 09:45:05,18200.0,500,Sell,226887277
2024-07-29 09:45:05,18200.0,1500,Sell,226887278
2024-07-29 09:45:05,18200.0,2500,Sell,226887279
2024-07-29 09:45:05,18200.0,100,Sell,226887263
2024-07-29 09:45:05,18200.0,200,Sell,226887281
2024-07-29 09:45:05,18200.0,4000,Sell,226887283
2024-07-29 09:45:05,18200.0,1000,Sell,226887274
2024-07-29 09:45:05,18200.0,500,Sell,226887262
2024-07-29 09:45:05,18200.0,100,Sell,226887280
2024-07-29 09:45:05,18200.0,1000,Sell,226887260
2024-07-29 09:45:05,18200.0,10200,Sell,226887242
2024-07-29 09:45:05,18200.0,2500,Sell,226887243
2024-07-29 09:45:05,18200.0,4100,Sell,226887244
2024-07-29 09:45:05,18200.0,1000,Sell,226887245
2024-07-29 09:45:05,18200.0,150000,Sell,226887246
2024-07-29 09:45:05,18200.0,100,Sell,226887247
2024-07-29 09:45:05,18200.0,100,Sell,226887248
2024-07-29 09:45:05,18200.0,1000,Sell,226887249
2024-07-29 09:45:05,18200.0,300000,Sell,226887250
2024-07-29 09:45:05,18200.0,100,Sell,226887261
2024-07-29 09:45:05,18200.0,200,Sell,226887252
2024-07-29 09:45:05,18200.0,2000,Sell,226887253
2024-07-29 09:45:05,18200.0,2000,Sell,226887254
2024-07-29 09:45:05,18200.0,500,Sell,226887255
2024-07-29 09:45:05,18200.0,200,Sell,226887256
2024-07-29 09:45:05,18200.0,1000,Sell,226887257
2024-07-29 09:45:05,18200.0,1000,Sell,226887258
2024-07-29 09:45:05,18200.0,500,Sell,226887259
2024-07-29 09:45:05,18200.0,10000,Sell,226887251
2024-07-29 09:45:12,18200.0,800,Buy,226887376
2024-07-29 09:45:13,18200.0,5000,Buy,226887408
2024-07-29 09:45:23,18200.0,1000,Buy,226887676
2024-07-29 09:45:24,18200.0,200,Buy,226887705
2024-07-29 09:45:25,18200.0,100,Buy,226887722
2024-07-29 09:45:32,18200.0,300,Buy,226887885
2024-07-29 09:45:32,18200.0,600,Buy,226887883
2024-07-29 09:45:32,18200.0,100,Buy,226887884
2024-07-29 09:45:33,18150.0,100,Sell,226887908
2024-07-29 09:45:39,18200.0,900,Buy,226888025
2024-07-29 09:45:39,18200.0,100,Buy,226888026
2024-07-29 09:45:44,18200.0,1000,Buy,226888107
2024-07-29 09:45:45,18200.0,700,Buy,226888141
2024-07-29 09:45:52,18200.0,300,Buy,226888285
2024-07-29 09:46:00,18200.0,5000,Buy,226888469
2024-07-29 09:46:03,18200.0,200,Buy,226888530
2024-07-29 09:46:07,18200.0,2000,Buy,226888581
2024-07-29 09:46:08,18150.0,200,Sell,226888602
2024-07-29 09:46:16,18200.0,1900,Buy,226888817
2024-07-29 09:46:20,18200.0,1000,Buy,226888881
2024-07-29 09:46:24,18200.0,100,Buy,226888958
2024-07-29 09:46:24,18200.0,200,Buy,226888969
2024-07-29 09:46:38,18200.0,2000,Buy,226889252
2024-07-29 09:46:46,18200.0,500,Buy,226889410
2024-07-29 09:46:46,18200.0,100,Buy,226889411
2024-07-29 09:46:46,18200.0,400,Buy,226889412
2024-07-29 09:47:01,18200.0,100,Buy,226889768
2024-07-29 09:47:18,18200.0,1500,Buy,226890160
2024-07-29 09:47:53,18200.0,100,Buy,226890854
2024-07-29 09:47:59,18150.0,300,Sell,226891039
2024-07-29 09:48:09,18150.0,300,Sell,226891212
2024-07-29 09:48:17,18200.0,500,Buy,226891360
2024-07-29 09:48:40,18200.0,6900,Buy,226891850
2024-07-29 09:48:41,18200.0,500,Buy,226891857
2024-07-29 09:48:48,18200.0,3000,Buy,226892000
2024-07-29 09:48:57,18150.0,200,Sell,226892206
2024-07-29 09:49:01,18200.0,1000,Buy,226892349
2024-07-29 09:49:17,18150.0,600,Sell,226892832
2024-07-29 09:50:10,18150.0,200,Sell,226894439
2024-07-29 09:50:15,18150.0,300,Sell,226894523
2024-07-29 09:50:20,18150.0,300,Sell,226894639
2024-07-29 09:50:27,18200.0,1000,Buy,226894810
2024-07-29 09:50:27,18200.0,500,Buy,226894811
2024-07-29 09:50:27,18200.0,500,Buy,226894812
2024-07-29 09:50:31,18200.0,400,Buy,226894960
2024-07-29 09:50:35,18150.0,5400,Sell,226895156
2024-07-29 09:50:51,18150.0,5400,Sell,226895593
2024-07-29 09:51:01,18200.0,100,Buy,226895840
2024-07-29 09:51:07,18150.0,300,Sell,226896012
2024-07-29 09:51:39,18150.0,100,Sell,226896739
2024-07-29 09:51:46,18200.0,200,Buy,226896916
2024-07-29 09:51:53,18200.0,200,Buy,226897094
2024-07-29 09:52:19,18200.0,800,Buy,226897758
2024-07-29 09:52:33,18200.0,10000,Buy,226898166
2024-07-29 09:52:41,18150.0,300,Sell,226898416
2024-07-29 09:53:12,18150.0,300,Sell,226899382
2024-07-29 09:53:21,18200.0,10000,Buy,226899566
2024-07-29 09:53:33,18200.0,10000,Buy,226899923
2024-07-29 09:53:35,18200.0,400,Buy,226899985
2024-07-29 09:53:39,18200.0,1000,Buy,226900076
2024-07-29 09:53:45,18200.0,100,Buy,226900224
2024-07-29 09:54:00,18200.0,700,Buy,226900570
2024-07-29 09:54:19,18150.0,200,Sell,226901059
2024-07-29 09:54:35,18200.0,300,Buy,226901493
2024-07-29 09:54:43,18200.0,5000,Buy,226901708
2024-07-29 09:54:59,18200.0,3100,Buy,226902073
2024-07-29 09:55:10,18200.0,1000,Buy,226902417
2024-07-29 09:55:12,18200.0,500,Buy,226902459
2024-07-29 09:55:13,18150.0,300,Sell,226902495
2024-07-29 09:55:56,18150.0,300,Sell,226903662
2024-07-29 09:56:33,18150.0,3000,Sell,226904491
2024-07-29 09:56:40,18150.0,1000,Sell,226904635
2024-07-29 09:56:42,18200.0,2600,Buy,226904668
2024-07-29 09:56:49,18200.0,100,Buy,226904811
2024-07-29 09:56:53,18200.0,100,Buy,226904920
2024-07-29 09:57:10,18200.0,2000,Buy,226905371
2024-07-29 09:57:31,18200.0,100,Buy,226905780
2024-07-29 09:57:36,18200.0,700,Buy,226905901
2024-07-29 09:57:37,18200.0,200,Buy,226905933
2024-07-29 09:58:02,18200.0,500,Buy,226906543
2024-07-29 09:58:21,18200.0,200,Buy,226906971
2024-07-29 09:58:41,18200.0,400,Buy,226907286
2024-07-29 09:58:41,18200.0,200,Buy,226907287
2024-07-29 09:58:41,18200.0,2400,Buy,226907288
2024-07-29 09:58:51,18200.0,7600,Buy,226907430
2024-07-29 09:58:51,18200.0,100,Buy,226907431
2024-07-29 09:58:51,18200.0,300,Buy,226907432
2024-07-29 09:58:51,18200.0,8000,Buy,226907433
2024-07-29 09:59:14,18150.0,28000,Sell,226907816
2024-07-29 09:59:14,18150.0,500,Sell,226907815
2024-07-29 09:59:14,18150.0,10000,Sell,226907814
2024-07-29 09:59:14,18150.0,3000,Sell,226907813
2024-07-29 09:59:14,18150.0,1000,Sell,226907812
2024-07-29 09:59:14,18150.0,50100,Sell,226907805
2024-07-29 09:59:14,18150.0,100,Sell,226907810
2024-07-29 09:59:14,18150.0,2700,Sell,226907806
2024-07-29 09:59:14,18150.0,300,Sell,226907807
2024-07-29 09:59:14,18150.0,1000,Sell,226907811
2024-07-29 09:59:14,18150.0,300,Sell,226907809
2024-07-29 09:59:14,18150.0,3000,Sell,226907808
2024-07-29 09:59:22,18200.0,4000,Buy,226907974
2024-07-29 09:59:22,18200.0,400,Buy,226907975
2024-07-29 09:59:22,18200.0,200,Buy,226907976
2024-07-29 09:59:22,18200.0,500,Buy,226907977
2024-07-29 09:59:22,18200.0,1800,Buy,226907978
2024-07-29 09:59:22,18200.0,1100,Buy,226907979
2024-07-29 09:59:22,18200.0,2000,Buy,226907973
2024-07-29 09:59:25,18150.0,200,Sell,226908033
2024-07-29 09:59:30,18200.0,300,Buy,226908088
2024-07-29 09:59:35,18200.0,300,Buy,226908168
2024-07-29 10:00:32,18150.0,300,Sell,226909111
2024-07-29 10:00:34,18150.0,1000,Sell,226909154
2024-07-29 10:00:37,18150.0,2000,Sell,226909189
2024-07-29 10:01:11,18150.0,200,Sell,226909780
2024-07-29 10:01:13,18150.0,200,Sell,226909796
2024-07-29 10:02:13,18150.0,8000,Sell,226910899
2024-07-29 10:02:31,18150.0,10000,Sell,226911293
2024-07-29 10:02:36,18200.0,1300,Buy,226911372
2024-07-29 10:02:36,18200.0,1000,Buy,226911373
2024-07-29 10:02:36,18200.0,1800,Buy,226911374
2024-07-29 10:02:36,18200.0,700,Buy,226911375
2024-07-29 10:02:36,18200.0,1000,Buy,226911376
2024-07-29 10:02:36,18200.0,100,Buy,226911377
2024-07-29 10:02:36,18200.0,100,Buy,226911378
2024-07-29 10:02:45,18150.0,300,Sell,226911561
2024-07-29 10:02:50,18200.0,100,Buy,226911695
2024-07-29 10:03:00,18150.0,100,Sell,226911942
2024-07-29 10:03:15,18150.0,100,Sell,226912239
2024-07-29 10:03:24,18150.0,200,Sell,226912437
2024-07-29 10:03:42,18150.0,600,Sell,226912743
2024-07-29 10:03:54,18150.0,200,Sell,226912946
2024-07-29 10:04:12,18150.0,300,Sell,226913264
2024-07-29 10:04:27,18150.0,300,Sell,226913533
2024-07-29 10:04:30,18150.0,300,Sell,226913623
2024-07-29 10:04:38,18150.0,300,Sell,226913860
2024-07-29 10:04:40,18150.0,300,Sell,226913887
2024-07-29 10:04:42,18200.0,300,Buy,226913923
2024-07-29 10:04:57,18150.0,500,Sell,226914316
2024-07-29 10:05:26,18150.0,300,Sell,226914766
2024-07-29 10:05:28,18200.0,1300,Buy,226914826
2024-07-29 10:05:28,18200.0,4000,Buy,226914825
2024-07-29 10:05:28,18200.0,1000,Buy,226914823
2024-07-29 10:05:28,18200.0,1000,Buy,226914821
2024-07-29 10:05:28,18200.0,600,Buy,226914820
2024-07-29 10:05:28,18200.0,1800,Buy,226914819
2024-07-29 10:05:28,18200.0,100,Buy,226914818
2024-07-29 10:05:28,18200.0,20000,Buy,226914817
2024-07-29 10:05:28,18200.0,2000,Buy,226914816
2024-07-29 10:05:28,18200.0,1800,Buy,226914815
2024-07-29 10:05:28,18200.0,2000,Buy,226914822
2024-07-29 10:05:28,18200.0,100,Buy,226914813
2024-07-29 10:05:28,18200.0,1800,Buy,226914812
2024-07-29 10:05:28,18200.0,1000,Buy,226914811
2024-07-29 10:05:28,18200.0,100,Buy,226914810
2024-07-29 10:05:28,18200.0,600,Buy,226914809
2024-07-29 10:05:28,18200.0,1800,Buy,226914808
2024-07-29 10:05:28,18200.0,1500,Buy,226914807
2024-07-29 10:05:28,18200.0,500,Buy,226914806
2024-07-29 10:05:28,18200.0,3000,Buy,226914805
2024-07-29 10:05:28,18200.0,2000,Buy,226914804
2024-07-29 10:05:28,18200.0,1500,Buy,226914803
2024-07-29 10:05:28,18200.0,500,Buy,226914814
2024-07-29 10:05:31,18200.0,1700,Buy,226914869
2024-07-29 10:05:31,18200.0,8300,Buy,226914870
2024-07-29 10:05:33,18200.0,2200,Buy,226914887
2024-07-29 10:05:48,18200.0,1600,Buy,226915180
2024-07-29 10:05:48,18200.0,100,Buy,226915179
2024-07-29 10:05:48,18200.0,100,Buy,226915178
2024-07-29 10:05:48,18200.0,5000,Buy,226915177
2024-07-29 10:05:48,18200.0,1000,Buy,226915176
2024-07-29 10:05:48,18200.0,100,Buy,226915175
2024-07-29 10:05:48,18200.0,2000,Buy,226915170
2024-07-29 10:05:48,18200.0,10000,Buy,226915169
2024-07-29 10:05:48,18200.0,100,Buy,226915168
2024-07-29 10:05:48,18200.0,2000,Buy,226915167
2024-07-29 10:05:48,18200.0,500,Buy,226915166
2024-07-29 10:05:48,18200.0,2000,Buy,226915165
2024-07-29 10:05:48,18200.0,200,Buy,226915164
2024-07-29 10:05:48,18200.0,100,Buy,226915171
2024-07-29 10:05:48,18200.0,5000,Buy,226915162
2024-07-29 10:05:48,18200.0,1000,Buy,226915150
2024-07-29 10:05:48,18200.0,1000,Buy,226915151
2024-07-29 10:05:48,18200.0,100,Buy,226915152
2024-07-29 10:05:48,18200.0,1000,Buy,226915153
2024-07-29 10:05:48,18200.0,100,Buy,226915154
2024-07-29 10:05:48,18200.0,100,Buy,226915155
2024-07-29 10:05:48,18200.0,200,Buy,226915163
2024-07-29 10:05:48,18200.0,1800,Buy,226915156
2024-07-29 10:05:48,18200.0,2500,Buy,226915157
2024-07-29 10:05:48,18200.0,100,Buy,226915158
2024-07-29 10:05:48,18200.0,1800,Buy,226915159
2024-07-29 10:05:48,18200.0,500,Buy,226915160
2024-07-29 10:05:48,18200.0,500,Buy,226915161
2024-07-29 10:05:48,18200.0,9500,Buy,226915149
2024-07-29 10:05:51,18200.0,1000,Buy,226915217
2024-07-29 10:06:18,18200.0,1000,Buy,226915684
2024-07-29 10:06:18,18200.0,1400,Buy,226915683
2024-07-29 10:06:18,18200.0,11900,Buy,226915682
2024-07-29 10:06:18,18200.0,5000,Buy,226915681
2024-07-29 10:06:18,18200.0,1000,Buy,226915679
2024-07-29 10:06:18,18200.0,2000,Buy,226915678
2024-07-29 10:06:18,18200.0,1000,Buy,226915677
2024-07-29 10:06:18,18200.0,1000,Buy,226915680
2024-07-29 10:06:18,18200.0,500,Buy,226915676
2024-07-29 10:06:18,18200.0,2000,Buy,226915674
2024-07-29 10:06:18,18200.0,5000,Buy,226915673
2024-07-29 10:06:18,18200.0,2000,Buy,226915672
2024-07-29 10:06:18,18200.0,1000,Buy,226915671
2024-07-29 10:06:18,18200.0,3000,Buy,226915670
2024-07-29 10:06:18,18200.0,100,Buy,226915669
2024-07-29 10:06:18,18200.0,2000,Buy,226915668
2024-07-29 10:06:18,18200.0,100,Buy,226915667
2024-07-29 10:06:18,18200.0,1500,Buy,226915675
2024-07-29 10:06:22,18200.0,100,Sell,226915721
2024-07-29 10:06:22,18200.0,5000,Sell,226915722
2024-07-29 10:06:23,18200.0,300,Sell,226915732
2024-07-29 10:06:25,18200.0,1400,Sell,226915778
2024-07-29 10:06:30,18200.0,1000,Sell,226915821
2024-07-29 10:06:34,18200.0,700,Sell,226915894
2024-07-29 10:06:34,18200.0,200,Sell,226915895
2024-07-29 10:06:34,18200.0,100,Buy,226915898
2024-07-29 10:06:45,18200.0,2000,Sell,226916056
2024-07-29 10:06:47,18200.0,900,Sell,226916076
2024-07-29 10:06:47,18200.0,1400,Sell,226916083
2024-07-29 10:06:55,18200.0,700,Sell,226916181
2024-07-29 10:06:59,18200.0,100,Buy,226916229
2024-07-29 10:07:06,18200.0,200,Buy,226916361
2024-07-29 10:07:06,18200.0,300,Buy,226916362
2024-07-29 10:07:06,18200.0,200,Buy,226916363
2024-07-29 10:07:09,18200.0,300,Sell,226916427
2024-07-29 10:07:22,18200.0,100,Buy,226916662
2024-07-29 10:07:28,18200.0,1000,Buy,226916779
2024-07-29 10:07:28,18200.0,7800,Buy,226916780
2024-07-29 10:07:39,18200.0,2200,Buy,226916927
2024-07-29 10:07:39,18200.0,200,Buy,226916928
2024-07-29 10:07:46,18150.0,100,Sell,226917035
2024-07-29 10:07:57,18200.0,200,Buy,226917184
2024-07-29 10:09:05,18150.0,200,Sell,226918446
2024-07-29 10:09:22,18200.0,300,Buy,226918732
2024-07-29 10:09:22,18200.0,1000,Buy,226918734
2024-07-29 10:09:22,18200.0,7000,Buy,226918735
2024-07-29 10:09:22,18200.0,80000,Buy,226918736
2024-07-29 10:09:22,18200.0,1700,Buy,226918737
2024-07-29 10:09:36,18200.0,100,Buy,226918959
2024-07-29 10:09:53,18200.0,300,Buy,226919256
2024-07-29 10:09:53,18200.0,2000,Buy,226919255
2024-07-29 10:09:53,18200.0,2000,Buy,226919254
2024-07-29 10:09:53,18200.0,700,Buy,226919253
2024-07-29 10:10:20,18150.0,1000,Sell,226919628
2024-07-29 10:11:08,18150.0,300,Sell,226920321
2024-07-29 10:11:20,18150.0,500,Sell,226920486
2024-07-29 10:11:28,18150.0,500,Sell,226920606
2024-07-29 10:11:38,18200.0,1100,Buy,226920748
2024-07-29 10:12:30,18200.0,700,Buy,226921451
2024-07-29 10:12:30,18200.0,100,Buy,226921450
2024-07-29 10:12:30,18200.0,10000,Buy,226921449
2024-07-29 10:12:30,18200.0,1200,Buy,226921448
2024-07-29 10:12:30,18200.0,500,Buy,226921447
2024-07-29 10:12:30,18200.0,500,Buy,226921446
2024-07-29 10:12:30,18200.0,2200,Buy,226921445
2024-07-29 10:12:30,18200.0,500,Buy,226921444
2024-07-29 10:12:30,18200.0,500,Buy,226921443
2024-07-29 10:12:30,18200.0,500,Buy,226921435
2024-07-29 10:12:30,18200.0,100,Buy,226921441
2024-07-29 10:12:30,18200.0,200,Buy,226921440
2024-07-29 10:12:30,18200.0,100,Buy,226921439
2024-07-29 10:12:30,18200.0,2000,Buy,226921438
2024-07-29 10:12:30,18200.0,3100,Buy,226921437
2024-07-29 10:12:30,18200.0,300,Buy,226921436
2024-07-29 10:12:30,18200.0,10000,Buy,226921434
2024-07-29 10:12:30,18200.0,6100,Buy,226921433
2024-07-29 10:12:30,18200.0,1400,Buy,226921442
2024-07-29 10:12:33,18200.0,300,Buy,226921506
2024-07-29 10:12:33,18200.0,1000,Buy,226921507
2024-07-29 10:12:33,18200.0,500,Buy,226921508
2024-07-29 10:12:33,18200.0,2700,Buy,226921509
2024-07-29 10:12:55,18200.0,500,Buy,226921832
2024-07-29 10:12:55,18200.0,1500,Buy,226921833
2024-07-29 10:12:55,18200.0,3000,Buy,226921831
2024-07-29 10:12:55,18200.0,7500,Buy,226921818
2024-07-29 10:12:55,18200.0,1000,Buy,226921819
2024-07-29 10:12:55,18200.0,200,Buy,226921816
2024-07-29 10:12:55,18200.0,7300,Buy,226921815
2024-07-29 10:12:55,18200.0,500,Buy,226921817
2024-07-29 10:12:59,18200.0,400,Sell,226921904
2024-07-29 10:13:03,18250.0,2900,Buy,226922003
2024-07-29 10:13:09,18200.0,1000,Sell,226922134
2024-07-29 10:13:12,18200.0,100,Sell,226922153
2024-07-29 10:13:12,18200.0,300,Sell,226922154
2024-07-29 10:13:17,18150.0,100,Sell,226922217
2024-07-29 10:13:40,18200.0,100,Buy,226922581
2024-07-29 10:13:49,18200.0,100,Buy,226922693
2024-07-29 10:13:49,18250.0,1000,Buy,226922694
2024-07-29 10:13:49,18200.0,400,Buy,226922691
2024-07-29 10:13:49,18200.0,500,Buy,226922692
2024-07-29 10:14:01,18200.0,1600,Buy,226922829
2024-07-29 10:14:01,18200.0,1400,Buy,226922830
2024-07-29 10:14:04,18150.0,200,Sell,226922862
2024-07-29 10:14:06,18200.0,3000,Buy,226922884
2024-07-29 10:14:21,18150.0,300,Sell,226923103
2024-07-29 10:14:49,18200.0,1800,Buy,226923490
2024-07-29 10:14:56,18200.0,1500,Buy,226923571
2024-07-29 10:15:05,18200.0,300,Buy,226923695
2024-07-29 10:15:11,18200.0,10000,Buy,226923761
2024-07-29 10:15:28,18200.0,300,Buy,226924076
2024-07-29 10:15:32,18200.0,300,Buy,226924107
2024-07-29 10:15:32,18200.0,700,Buy,226924106
2024-07-29 10:15:33,18200.0,2700,Buy,226924114
2024-07-29 10:15:33,18200.0,100,Buy,226924115
2024-07-29 10:15:33,18200.0,2000,Buy,226924116
2024-07-29 10:15:50,18200.0,1500,Buy,226924402
2024-07-29 10:15:52,18200.0,2000,Buy,226924458
2024-07-29 10:16:06,18200.0,1000,Buy,226924641
2024-07-29 10:16:15,18200.0,2000,Buy,226924832
2024-07-29 10:16:15,18200.0,2000,Buy,226924833
2024-07-29 10:16:23,18200.0,500,Buy,226925003
2024-07-29 10:16:23,18200.0,9500,Buy,226925002
2024-07-29 10:16:28,18200.0,300,Buy,226925059
2024-07-29 10:16:32,18200.0,200,Buy,226925157
2024-07-29 10:16:32,18200.0,500,Buy,226925158
2024-07-29 10:16:32,18200.0,300,Buy,226925159
2024-07-29 10:16:39,18200.0,200,Buy,226925240
2024-07-29 10:17:48,18150.0,300,Sell,226926473
2024-07-29 10:17:55,18150.0,300,Sell,226926555
2024-07-29 10:17:57,18200.0,100,Buy,226926578
2024-07-29 10:17:57,18200.0,100,Buy,226926579
2024-07-29 10:18:03,18200.0,4700,Buy,226926711
2024-07-29 10:18:03,18200.0,100,Buy,226926709
2024-07-29 10:18:03,18200.0,200,Buy,226926710
2024-07-29 10:18:28,18200.0,200,Buy,226927096
2024-07-29 10:18:37,18200.0,100,Buy,226927209
2024-07-29 10:19:09,18150.0,200,Sell,226927652
2024-07-29 10:19:09,18150.0,300,Sell,226927655
2024-07-29 10:19:46,18200.0,300,Buy,226928224
2024-07-29 10:19:46,18200.0,200,Buy,226928225
2024-07-29 10:20:23,18150.0,800,Sell,226928709
2024-07-29 10:20:43,18150.0,5000,Sell,226928984
2024-07-29 10:21:21,18150.0,100,Sell,226929627
2024-07-29 10:21:32,18200.0,600,Buy,226929815
2024-07-29 10:21:34,18200.0,100,Buy,226929827
2024-07-29 10:22:24,18200.0,100,Buy,226930945
2024-07-29 10:22:59,18200.0,300,Buy,226931871
2024-07-29 10:23:07,18150.0,300,Sell,226932001
2024-07-29 10:23:29,18150.0,200,Sell,226932426
2024-07-29 10:23:45,18150.0,1900,Sell,226932647
2024-07-29 10:24:02,18200.0,300,Buy,226932928
2024-07-29 10:24:56,18150.0,100,Sell,226933758
2024-07-29 10:24:58,18150.0,100,Sell,226933778
2024-07-29 10:25:20,18150.0,500,Sell,226934043
2024-07-29 10:25:37,18150.0,100,Sell,226934280
2024-07-29 10:25:49,18150.0,2000,Sell,226934528
2024-07-29 10:25:53,18150.0,200,Sell,226934572
2024-07-29 10:25:59,18150.0,300,Sell,226934662
2024-07-29 10:26:11,18200.0,500,Buy,226934826
2024-07-29 10:26:38,18200.0,1000,Buy,226935242
2024-07-29 10:26:46,18150.0,100,Sell,226935358
2024-07-29 10:27:38,18150.0,5000,Sell,226936131
2024-07-29 10:28:33,18150.0,200,Sell,226936983
2024-07-29 10:29:15,18150.0,100,Sell,226937656
2024-07-29 10:29:21,18150.0,1000,Sell,226937724
2024-07-29 10:29:37,18200.0,9900,Buy,226937998
2024-07-29 10:29:37,18200.0,2000,Buy,226937997
2024-07-29 10:29:37,18200.0,7600,Buy,226937995
2024-07-29 10:29:37,18200.0,500,Buy,226937996
2024-07-29 10:30:02,18200.0,100,Buy,226938336
2024-07-29 10:30:02,18200.0,1000,Buy,226938337
2024-07-29 10:30:02,18200.0,900,Buy,226938338
2024-07-29 10:30:42,18150.0,300,Sell,226938891
2024-07-29 10:31:12,18200.0,500,Buy,226939267
2024-07-29 10:31:20,18200.0,1400,Buy,226939440
2024-07-29 10:32:48,18150.0,50000,Sell,226940629
2024-07-29 10:32:53,18150.0,4000,Sell,226940711
2024-07-29 10:33:25,18150.0,300,Sell,226941120
2024-07-29 10:33:44,18200.0,500,Buy,226941323
2024-07-29 10:33:48,18150.0,100,Sell,226941371
2024-07-29 10:34:57,18150.0,200,Sell,226942471
2024-07-29 10:35:12,18150.0,2000,Sell,226942686
2024-07-29 10:35:17,18200.0,1700,Buy,226942757
2024-07-29 10:35:17,18200.0,200,Buy,226942758
2024-07-29 10:35:17,18200.0,3100,Buy,226942759
2024-07-29 10:36:21,18150.0,20000,Sell,226943665
2024-07-29 10:37:05,18150.0,2000,Sell,226944192
2024-07-29 10:37:06,18150.0,300,Sell,226944228
2024-07-29 10:37:31,18150.0,1500,Sell,226944554
2024-07-29 10:37:38,18150.0,500,Sell,226944626
2024-07-29 10:37:42,18150.0,100,Sell,226944679
2024-07-29 10:37:49,18200.0,100,Buy,226944742
2024-07-29 10:37:49,18200.0,1900,Buy,226944741
2024-07-29 10:38:13,18200.0,100,Buy,226945083
2024-07-29 10:38:20,18200.0,200,Buy,226945180
2024-07-29 10:38:41,18150.0,5000,Sell,226945493
2024-07-29 10:39:12,18150.0,100,Sell,226945974
2024-07-29 10:39:12,18150.0,100,Sell,226945977
2024-07-29 10:39:12,18150.0,300,Sell,226945976
2024-07-29 10:39:12,18150.0,100,Sell,226945975
2024-07-29 10:39:12,18150.0,300,Sell,226945973
2024-07-29 10:39:12,18150.0,100,Sell,226945972
2024-07-29 10:39:12,18150.0,300,Sell,226945971
2024-07-29 10:39:12,18150.0,500,Sell,226945970
2024-07-29 10:39:12,18150.0,10000,Sell,226945969
2024-07-29 10:39:12,18150.0,500,Sell,226945968
2024-07-29 10:39:12,18150.0,37700,Sell,226945967
2024-07-29 10:39:30,18150.0,200,Sell,226946224
2024-07-29 10:39:32,18150.0,4800,Sell,226946243
2024-07-29 10:39:32,18150.0,1000,Sell,226946244
2024-07-29 10:39:32,18150.0,1700,Sell,226946245
2024-07-29 10:39:35,18150.0,2300,Sell,226946278
2024-07-29 10:39:35,18150.0,2700,Sell,226946279
2024-07-29 10:39:36,18150.0,100,Sell,226946309
2024-07-29 10:39:36,18150.0,500,Sell,226946310
2024-07-29 10:39:36,18150.0,500,Sell,226946311
2024-07-29 10:39:36,18150.0,800,Sell,226946316
2024-07-29 10:39:36,18150.0,500,Sell,226946313
2024-07-29 10:39:36,18150.0,1000,Sell,226946314
2024-07-29 10:39:36,18150.0,500,Sell,226946315
2024-07-29 10:39:36,18150.0,500,Sell,226946308
2024-07-29 10:39:36,18150.0,3000,Sell,226946312
2024-07-29 10:39:36,18150.0,1000,Sell,226946307
2024-07-29 10:39:36,18150.0,200,Sell,226946292
2024-07-29 10:39:36,18150.0,300,Sell,226946305
2024-07-29 10:39:36,18150.0,1000,Sell,226946288
2024-07-29 10:39:36,18150.0,100,Sell,226946289
2024-07-29 10:39:36,18150.0,400,Sell,226946290
2024-07-29 10:39:36,18150.0,1300,Sell,226946287
2024-07-29 10:39:36,18150.0,900,Sell,226946293
2024-07-29 10:39:36,18150.0,100,Sell,226946303
2024-07-29 10:39:36,18150.0,200,Sell,226946304
2024-07-29 10:39:36,18150.0,1000,Sell,226946291
2024-07-29 10:39:36,18150.0,1000,Sell,226946306
2024-07-29 10:39:38,18150.0,500,Sell,226946356
2024-07-29 10:39:38,18150.0,2600,Sell,226946362
2024-07-29 10:39:38,18150.0,3000,Sell,226946361
2024-07-29 10:39:38,18150.0,100,Sell,226946360
2024-07-29 10:39:38,18150.0,2000,Sell,226946359
2024-07-29 10:39:38,18150.0,400,Sell,226946358
2024-07-29 10:39:38,18150.0,200,Sell,226946357
2024-07-29 10:39:38,18150.0,500,Sell,226946354
2024-07-29 10:39:38,18150.0,2200,Sell,226946353
2024-07-29 10:39:38,18150.0,100,Sell,226946352
2024-07-29 10:39:38,18150.0,100,Sell,226946351
2024-07-29 10:39:38,18150.0,200,Sell,226946350
2024-07-29 10:39:38,18150.0,100,Sell,226946349
2024-07-29 10:39:38,18150.0,700,Sell,226946348
2024-07-29 10:39:38,18150.0,4200,Sell,226946346
2024-07-29 10:39:38,18150.0,100,Sell,226946355
2024-07-29 10:39:40,18150.0,30000,Sell,226946394
2024-07-29 10:39:42,18150.0,1000,Sell,226946474
2024-07-29 10:39:42,18150.0,1000,Sell,226946479
2024-07-29 10:39:42,18150.0,2000,Sell,226946475
2024-07-29 10:39:42,18150.0,100,Sell,226946476
2024-07-29 10:39:42,18150.0,3000,Sell,226946477
2024-07-29 10:39:42,18150.0,500,Sell,226946478
2024-07-29 10:39:42,18150.0,200,Sell,226946480
2024-07-29 10:39:42,18150.0,3000,Sell,226946473
2024-07-29 10:39:42,18150.0,200,Sell,226946482
2024-07-29 10:39:42,18150.0,300,Sell,226946483
2024-07-29 10:39:42,18150.0,5000,Sell,226946484
2024-07-29 10:39:42,18150.0,500,Sell,226946485
2024-07-29 10:39:42,18150.0,500,Sell,226946486
2024-07-29 10:39:42,18150.0,20000,Sell,226946487
2024-07-29 10:39:42,18150.0,1700,Sell,226946488
2024-07-29 10:39:42,18150.0,100,Sell,226946481
2024-07-29 10:39:42,18150.0,3000,Sell,226946472
2024-07-29 10:39:42,18150.0,600,Sell,226946468
2024-07-29 10:39:42,18150.0,1000,Sell,226946470
2024-07-29 10:39:42,18150.0,500,Sell,226946471
2024-07-29 10:39:42,18150.0,10000,Sell,226946441
2024-07-29 10:39:42,18150.0,17400,Sell,226946455
2024-07-29 10:39:42,18150.0,2000,Sell,226946456
2024-07-29 10:39:42,18150.0,1000,Sell,226946457
2024-07-29 10:39:42,18150.0,500,Sell,226946458
2024-07-29 10:39:42,18150.0,300,Sell,226946459
2024-07-29 10:39:42,18150.0,700,Sell,226946460
2024-07-29 10:39:42,18150.0,5000,Sell,226946465
2024-07-29 10:39:42,18150.0,5000,Sell,226946462
2024-07-29 10:39:42,18150.0,1500,Sell,226946467
2024-07-29 10:39:42,18150.0,150000,Sell,226946466
2024-07-29 10:39:42,18150.0,100,Sell,226946461
2024-07-29 10:39:42,18150.0,200,Sell,226946464
2024-07-29 10:39:42,18150.0,800,Sell,226946469
2024-07-29 10:39:42,18150.0,4000,Sell,226946463
2024-07-29 10:39:43,18150.0,800,Sell,226946497
2024-07-29 10:39:43,18150.0,100,Sell,226946498
2024-07-29 10:39:43,18150.0,100,Sell,226946499
2024-07-29 10:39:43,18150.0,200,Sell,226946500
2024-07-29 10:39:43,18150.0,500,Sell,226946501
2024-07-29 10:39:43,18150.0,100,Sell,226946502
2024-07-29 10:39:43,18150.0,100,Sell,226946503
2024-07-29 10:39:43,18150.0,1000,Sell,226946504
2024-07-29 10:39:43,18150.0,100,Sell,226946505
2024-07-29 10:39:43,18150.0,200,Sell,226946506
2024-07-29 10:39:43,18150.0,800,Sell,226946507
2024-07-29 10:39:46,18150.0,100,Sell,226946571
2024-07-29 10:39:46,18150.0,20000,Sell,226946568
2024-07-29 10:39:46,18150.0,5000,Sell,226946570
2024-07-29 10:39:46,18150.0,100,Sell,226946566
2024-07-29 10:39:46,18150.0,3900,Sell,226946567
2024-07-29 10:39:46,18150.0,900,Sell,226946564
2024-07-29 10:39:46,18150.0,200,Sell,226946569
2024-07-29 10:39:46,18150.0,200,Sell,226946565
2024-07-29 10:40:01,18100.0,200,Sell,226946756
2024-07-29 10:40:02,18150.0,200,Buy,226946790
2024-07-29 10:40:02,18100.0,5400,Sell,226946832
2024-07-29 10:40:28,18100.0,800,Sell,226947379
2024-07-29 10:40:33,18100.0,4000,Sell,226947456
2024-07-29 10:40:40,18150.0,500,Buy,226947542
2024-07-29 10:40:47,18100.0,200,Sell,226947600
2024-07-29 10:40:48,18150.0,2000,Buy,226947618
2024-07-29 10:41:16,18150.0,1000,Buy,226947952
2024-07-29 10:41:35,18150.0,30000,Buy,226948239
2024-07-29 10:41:48,18150.0,1000,Buy,226948494
2024-07-29 10:43:16,18150.0,100,Buy,226949603
2024-07-29 10:43:29,18150.0,5000,Buy,226949794
2024-07-29 10:43:41,18100.0,1000,Sell,226949953
2024-07-29 10:43:51,18100.0,1000,Sell,226950151
2024-07-29 10:44:03,18100.0,300,Sell,226950256
2024-07-29 10:44:22,18100.0,1800,Sell,226950472
2024-07-29 10:44:22,18100.0,11700,Sell,226950478
2024-07-29 10:44:22,18100.0,1000,Sell,226950477
2024-07-29 10:44:22,18100.0,5000,Sell,226950476
2024-07-29 10:44:22,18100.0,37100,Sell,226950471
2024-07-29 10:44:22,18100.0,1000,Sell,226950474
2024-07-29 10:44:22,18100.0,100,Sell,226950473
2024-07-29 10:44:22,18100.0,500,Sell,226950475
2024-07-29 10:44:28,18150.0,1000,Buy,226950515
2024-07-29 10:44:47,18150.0,1700,Buy,226950789
2024-07-29 10:45:57,18150.0,500,Buy,226951689
2024-07-29 10:47:07,18100.0,10000,Sell,226952657
2024-07-29 10:47:13,18150.0,100,Buy,226952708
2024-07-29 10:47:45,18100.0,6600,Sell,226953077
2024-07-29 10:47:51,18100.0,600,Sell,226953150
2024-07-29 10:48:59,18100.0,1000,Sell,226954080
2024-07-29 10:50:07,18100.0,500,Sell,226955180
2024-07-29 10:50:33,18100.0,1000,Sell,226955541
2024-07-29 10:50:33,18100.0,4000,Sell,226955542
2024-07-29 10:51:30,18100.0,100,Sell,226956438
2024-07-29 10:52:09,18100.0,100,Sell,226956985
2024-07-29 10:52:23,18100.0,5600,Sell,226957195
2024-07-29 10:52:23,18100.0,4400,Sell,226957194
2024-07-29 10:52:32,18100.0,200,Sell,226957306
2024-07-29 10:53:28,18150.0,100,Buy,226958040
2024-07-29 10:53:43,18100.0,100,Sell,226958232
2024-07-29 10:54:16,18100.0,10000,Sell,226958709
2024-07-29 10:54:47,18100.0,2000,Sell,226959116
2024-07-29 10:55:56,18150.0,1500,Buy,226960070
2024-07-29 10:57:09,18150.0,20000,Buy,226961129
2024-07-29 10:57:13,18150.0,1000,Buy,226961172
2024-07-29 10:57:29,18100.0,1000,Sell,226961344
2024-07-29 10:57:41,18150.0,1000,Buy,226961488
2024-07-29 10:57:46,18150.0,300,Buy,226961533
2024-07-29 10:57:51,18100.0,2000,Sell,226961560
2024-07-29 10:59:13,18100.0,500,Sell,226962541
2024-07-29 11:00:03,18100.0,2000,Sell,226963269
2024-07-29 11:01:23,18100.0,300,Sell,226964314
2024-07-29 11:02:11,18100.0,1000,Sell,226964877
2024-07-29 11:02:34,18100.0,500,Sell,226965271
2024-07-29 11:02:36,18100.0,100,Sell,226965297
2024-07-29 11:02:47,18100.0,100,Sell,226965463
2024-07-29 11:03:04,18100.0,10000,Sell,226965859
2024-07-29 11:03:34,18100.0,4600,Sell,226966289
2024-07-29 11:03:34,18100.0,400,Sell,226966290
2024-07-29 11:03:36,18100.0,200,Sell,226966308
2024-07-29 11:04:25,18150.0,2600,Buy,226966956
2024-07-29 11:04:25,18150.0,5000,Buy,226966957
2024-07-29 11:04:25,18150.0,20000,Buy,226966958
2024-07-29 11:04:25,18150.0,3000,Buy,226966959
2024-07-29 11:04:25,18150.0,19000,Buy,226966960
2024-07-29 11:04:25,18150.0,5000,Buy,226966961
2024-07-29 11:04:25,18150.0,2000,Buy,226966962
2024-07-29 11:04:25,18150.0,2000,Buy,226966963
2024-07-29 11:04:25,18150.0,100,Buy,226966964
2024-07-29 11:04:47,18150.0,1000,Buy,226967246
2024-07-29 11:05:43,18100.0,1000,Sell,226967978
2024-07-29 11:05:43,18150.0,100,Buy,226967984
2024-07-29 11:06:03,18150.0,500,Buy,226968182
2024-07-29 11:06:03,18150.0,200,Buy,226968181
2024-07-29 11:06:03,18150.0,3800,Buy,226968179
2024-07-29 11:06:03,18150.0,500,Buy,226968180
2024-07-29 11:06:31,18150.0,1000,Buy,226968472
2024-07-29 11:06:31,18150.0,4000,Buy,226968473
2024-07-29 11:07:27,18100.0,50000,Sell,226969043
2024-07-29 11:07:38,18100.0,2000,Sell,226969174
2024-07-29 11:07:52,18100.0,6000,Sell,226969337
2024-07-29 11:08:03,18100.0,100,Sell,226969434
2024-07-29 11:08:12,18100.0,3000,Sell,226969659
2024-07-29 11:08:30,18100.0,500,Sell,226969865
2024-07-29 11:08:30,18100.0,3000,Sell,226969859
2024-07-29 11:09:03,18150.0,100,Buy,226970330
2024-07-29 11:09:15,18100.0,50000,Sell,226970420
2024-07-29 11:09:26,18100.0,1000,Sell,226970593
2024-07-29 11:09:31,18100.0,8000,Sell,226970631
2024-07-29 11:09:43,18100.0,100,Sell,226970796
2024-07-29 11:10:13,18100.0,100,Sell,226971234
2024-07-29 11:10:42,18150.0,200,Buy,226971659
2024-07-29 11:12:10,18100.0,50000,Sell,226972697
2024-07-29 11:12:37,18100.0,100,Sell,226973067
2024-07-29 11:12:50,18100.0,5000,Sell,226973188
2024-07-29 11:13:03,18100.0,16200,Sell,226973346
2024-07-29 11:13:03,18100.0,100,Sell,226973351
2024-07-29 11:13:03,18100.0,600,Sell,226973350
2024-07-29 11:13:03,18100.0,8500,Sell,226973342
2024-07-29 11:13:03,18100.0,2000,Sell,226973348
2024-07-29 11:13:03,18100.0,1000,Sell,226973347
2024-07-29 11:13:03,18100.0,100,Sell,226973349
2024-07-29 11:13:21,18100.0,900,Sell,226973628
2024-07-29 11:13:21,18100.0,100,Sell,226973629
2024-07-29 11:13:32,18100.0,100,Sell,226973816
2024-07-29 11:13:32,18100.0,99900,Sell,226973817
2024-07-29 11:13:37,18100.0,5000,Sell,226973857
2024-07-29 11:13:37,18100.0,28600,Sell,226973858
2024-07-29 11:13:39,18100.0,18000,Sell,226973878
2024-07-29 11:13:51,18100.0,1000,Sell,226974023
2024-07-29 11:13:52,18100.0,400,Sell,226974041
2024-07-29 11:13:53,18100.0,4000,Sell,226974065
2024-07-29 11:14:00,18100.0,100,Sell,226974157
2024-07-29 11:14:06,18100.0,1000,Sell,226974246
2024-07-29 11:14:07,18100.0,7400,Sell,226974267
2024-07-29 11:14:11,18100.0,10000,Sell,226974413
2024-07-29 11:14:13,18100.0,2000,Sell,226974449
2024-07-29 11:14:13,18100.0,10000,Sell,226974447
2024-07-29 11:14:14,18100.0,500,Sell,226974455
2024-07-29 11:14:19,18100.0,75000,Sell,226974528
2024-07-29 11:14:21,18100.0,100,Sell,226974534
2024-07-29 11:14:23,18100.0,6000,Sell,226974555
2024-07-29 11:14:24,18100.0,2700,Sell,226974589
2024-07-29 11:14:24,18100.0,5000,Sell,226974590
2024-07-29 11:14:24,18100.0,500,Sell,226974591
2024-07-29 11:14:24,18100.0,6000,Sell,226974592
2024-07-29 11:14:24,18100.0,200,Sell,226974593
2024-07-29 11:14:24,18100.0,500,Sell,226974596
2024-07-29 11:14:24,18100.0,300,Sell,226974595
2024-07-29 11:14:24,18100.0,100,Sell,226974597
2024-07-29 11:14:24,18100.0,1000,Sell,226974598
2024-07-29 11:14:24,18100.0,100,Sell,226974588
2024-07-29 11:14:24,18100.0,7000,Sell,226974600
2024-07-29 11:14:24,18100.0,100,Sell,226974587
2024-07-29 11:14:24,18100.0,1000,Sell,226974599
2024-07-29 11:14:24,18100.0,1000,Sell,226974585
2024-07-29 11:14:24,18100.0,3000,Sell,226974586
2024-07-29 11:14:24,18100.0,36200,Sell,226974573
2024-07-29 11:14:24,18100.0,200,Sell,226974574
2024-07-29 11:14:24,18100.0,2000,Sell,226974575
2024-07-29 11:14:24,18100.0,200,Sell,226974576
2024-07-29 11:14:24,18100.0,100,Sell,226974577
2024-07-29 11:14:24,18100.0,300,Sell,226974594
2024-07-29 11:14:24,18100.0,4000,Sell,226974579
2024-07-29 11:14:24,18100.0,500,Sell,226974578
2024-07-29 11:14:24,18100.0,600,Sell,226974583
2024-07-29 11:14:24,18100.0,1000,Sell,226974584
2024-07-29 11:14:24,18100.0,1000,Sell,226974581
2024-07-29 11:14:24,18100.0,300,Sell,226974582
2024-07-29 11:14:24,18100.0,100,Sell,226974580
2024-07-29 11:14:28,18100.0,1000,Sell,226974645
2024-07-29 11:14:28,18100.0,500,Sell,226974649
2024-07-29 11:14:28,18100.0,500,Sell,226974650
2024-07-29 11:14:29,18100.0,500,Sell,226974689
2024-07-29 11:14:29,18100.0,1000,Sell,226974690
2024-07-29 11:14:29,18100.0,2500,Sell,226974691
2024-07-29 11:14:33,18100.0,1000,Sell,226974836
2024-07-29 11:14:35,18100.0,100,Sell,226974883
2024-07-29 11:14:35,18100.0,1000,Sell,226974884
2024-07-29 11:14:35,18100.0,100,Sell,226974885
2024-07-29 11:14:35,18100.0,100,Sell,226974886
2024-07-29 11:14:35,18100.0,1000,Sell,226974890
2024-07-29 11:14:35,18100.0,2000,Sell,226974888
2024-07-29 11:14:35,18100.0,100,Sell,226974889
2024-07-29 11:14:35,18100.0,500,Sell,226974882
2024-07-29 11:14:35,18100.0,200,Sell,226974887
2024-07-29 11:14:35,18100.0,200,Sell,226974881
2024-07-29 11:14:35,18100.0,300,Sell,226974878
2024-07-29 11:14:35,18100.0,800,Sell,226974879
2024-07-29 11:14:35,18100.0,200,Sell,226974877
2024-07-29 11:14:35,18100.0,100,Sell,226974876
2024-07-29 11:14:35,18100.0,100,Sell,226974875
2024-07-29 11:14:35,18100.0,1000,Sell,226974874
2024-07-29 11:14:35,18100.0,1000,Sell,226974873
2024-07-29 11:14:35,18100.0,500,Sell,226974872
2024-07-29 11:14:35,18100.0,5000,Sell,226974871
2024-07-29 11:14:35,18100.0,5000,Sell,226974870
2024-07-29 11:14:35,18100.0,400,Sell,226974880
2024-07-29 11:14:37,18050.0,2000,Sell,226974940
2024-07-29 11:14:37,18050.0,5000,Sell,226974942
2024-07-29 11:14:37,18050.0,1000,Sell,226974941
2024-07-29 11:14:37,18050.0,3000,Sell,226974939
2024-07-29 11:14:37,18050.0,2900,Sell,226974943
2024-07-29 11:14:37,18050.0,100,Sell,226974937
2024-07-29 11:14:37,18050.0,1000,Sell,226974936
2024-07-29 11:14:37,18050.0,1000,Sell,226974935
2024-07-29 11:14:37,18050.0,1000,Sell,226974938
2024-07-29 11:14:37,18050.0,3600,Sell,226974934
2024-07-29 11:14:38,18050.0,1700,Sell,226974946
2024-07-29 11:14:58,18100.0,600,Buy,226975247
2024-07-29 11:15:20,18100.0,200,Buy,226975609
2024-07-29 11:15:27,18100.0,300,Buy,226975696
2024-07-29 11:16:10,18100.0,1000,Buy,226976243
2024-07-29 11:16:10,18100.0,100,Buy,226976228
2024-07-29 11:16:23,18050.0,400,Sell,226976474
2024-07-29 11:16:23,18050.0,100,Sell,226976475
2024-07-29 11:16:23,18050.0,200,Sell,226976476
2024-07-29 11:16:23,18050.0,1000,Sell,226976477
2024-07-29 11:16:23,18050.0,100,Sell,226976478
2024-07-29 11:16:23,18050.0,300,Sell,226976480
2024-07-29 11:16:23,18050.0,400,Sell,226976481
2024-07-29 11:16:23,18050.0,1500,Sell,226976479
2024-07-29 11:16:39,18050.0,100,Sell,226976680
2024-07-29 11:16:39,18050.0,200,Sell,226976681
2024-07-29 11:16:39,18050.0,2700,Sell,226976682
2024-07-29 11:17:05,18050.0,1000,Sell,226977045
2024-07-29 11:17:35,18100.0,500,Buy,226977472
2024-07-29 11:19:03,18100.0,1000,Buy,226978512
2024-07-29 11:19:49,18050.0,10000,Sell,226979017
2024-07-29 11:20:18,18050.0,100,Sell,226979278
2024-07-29 11:21:57,18050.0,400,Sell,226980287
2024-07-29 11:21:57,18050.0,300,Sell,226980311
2024-07-29 11:22:06,18100.0,1000,Buy,226980398
2024-07-29 11:22:47,18100.0,700,Buy,226980865
2024-07-29 11:23:27,18100.0,300,Buy,226981198
2024-07-29 11:24:52,18100.0,2000,Buy,226982208
2024-07-29 11:26:15,18050.0,500,Sell,226983237
2024-07-29 11:26:15,18050.0,9500,Sell,226983238
2024-07-29 11:28:30,18100.0,100,Buy,226984677
2024-07-29 11:29:24,18050.0,500,Sell,226985366
2024-07-29 11:29:26,18100.0,1000,Buy,226985397
2024-07-29 11:29:35,18050.0,200,Sell,226985450
2024-07-29 12:59:36,18050.0,100,Sell,226985621
2024-07-29 12:59:37,18050.0,300,Sell,226985826
2024-07-29 12:59:39,18100.0,200,Buy,226986557
2024-07-29 12:59:39,18050.0,100,Sell,226986558
2024-07-29 12:59:39,18100.0,500,Buy,226986559
2024-07-29 12:59:41,18050.0,2200,Sell,226987213
2024-07-29 12:59:43,18100.0,100,Buy,226987678
2024-07-29 12:59:43,18050.0,2000,Sell,226987681
2024-07-29 12:59:43,18050.0,400,Sell,226987462
2024-07-29 12:59:43,18100.0,2000,Buy,226987460
2024-07-29 12:59:43,18100.0,200,Buy,226987461
