time,price,volume,match_type,id
2024-08-21 09:14:37,90800.0,25900,ATO/ATC,233327117
2024-08-21 09:14:41,90800.0,100,Sell,233327538
2024-08-21 09:14:41,90800.0,600,Sell,233327537
2024-08-21 09:14:41,90800.0,100,Sell,233327524
2024-08-21 09:14:41,90800.0,400,Sell,233327535
2024-08-21 09:14:41,90800.0,1000,Sell,233327536
2024-08-21 09:14:50,90800.0,2000,Buy,233327782
2024-08-21 09:15:01,90800.0,500,Buy,233328082
2024-08-21 09:15:06,90800.0,100,Buy,233328258
2024-08-21 09:15:06,90900.0,400,Buy,233328273
2024-08-21 09:15:06,90800.0,400,Buy,233328257
2024-08-21 09:15:06,90800.0,100,Buy,233328272
2024-08-21 09:15:39,90700.0,200,Sell,233329284
2024-08-21 09:15:39,90700.0,700,Sell,233329285
2024-08-21 09:16:05,90700.0,1000,Sell,233330377
2024-08-21 09:16:09,90700.0,300,Sell,233330532
2024-08-21 09:16:09,90700.0,300,Sell,233330533
2024-08-21 09:16:09,90700.0,500,Sell,233330534
2024-08-21 09:16:09,90700.0,500,Sell,233330535
2024-08-21 09:16:09,90700.0,200,Sell,233330536
2024-08-21 09:16:09,90700.0,100,Sell,233330537
2024-08-21 09:16:09,90700.0,300,Sell,233330538
2024-08-21 09:16:09,90700.0,600,Sell,233330539
2024-08-21 09:16:09,90700.0,200,Sell,233330540
2024-08-21 09:16:17,90700.0,200,Sell,233330832
2024-08-21 09:16:20,90700.0,100,Sell,233330946
2024-08-21 09:17:24,90700.0,500,Sell,233333672
2024-08-21 09:17:42,90800.0,600,Buy,233334436
2024-08-21 09:17:42,90800.0,1000,Buy,233334445
2024-08-21 09:17:59,90700.0,100,Sell,233335095
2024-08-21 09:18:20,90700.0,100,Sell,233335897
2024-08-21 09:18:32,90700.0,400,Sell,233336338
2024-08-21 09:18:32,90700.0,1000,Sell,233336339
2024-08-21 09:18:32,90700.0,200,Sell,233336340
2024-08-21 09:18:53,90700.0,900,Sell,233337217
2024-08-21 09:18:54,90800.0,1000,Buy,233337261
2024-08-21 09:18:54,90800.0,600,Buy,233337262
2024-08-21 09:18:59,90800.0,1000,Buy,233337499
2024-08-21 09:19:16,90700.0,200,Sell,233338282
2024-08-21 09:19:28,90700.0,1000,Sell,233338688
2024-08-21 09:19:40,90700.0,100,Sell,233339155
2024-08-21 09:20:07,90700.0,100,Sell,233340243
2024-08-21 09:20:09,90800.0,1000,Buy,233340321
2024-08-21 09:20:11,90700.0,2000,Sell,233340388
2024-08-21 09:20:15,90700.0,100,Sell,233340544
2024-08-21 09:20:27,90700.0,400,Sell,233340984
2024-08-21 09:20:27,90700.0,1000,Sell,233340985
2024-08-21 09:20:33,90700.0,200,Sell,233341201
2024-08-21 09:21:02,90700.0,800,Sell,233342497
2024-08-21 09:21:02,90700.0,1000,Sell,233342498
2024-08-21 09:21:02,90700.0,200,Sell,233342499
2024-08-21 09:21:06,90700.0,800,Sell,233342706
2024-08-21 09:21:06,90700.0,500,Sell,233342707
2024-08-21 09:21:06,90700.0,600,Sell,233342708
2024-08-21 09:21:06,90700.0,1000,Sell,233342709
2024-08-21 09:21:06,90700.0,600,Sell,233342710
2024-08-21 09:21:06,90700.0,1000,Sell,233342711
2024-08-21 09:21:06,90700.0,500,Sell,233342712
2024-08-21 09:21:09,90700.0,200,Sell,233342896
2024-08-21 09:21:09,90700.0,900,Sell,233342897
2024-08-21 09:21:11,90700.0,100,Sell,233342979
2024-08-21 09:21:18,90700.0,100,Sell,233343449
2024-08-21 09:21:20,90700.0,200,Sell,233343500
2024-08-21 09:21:20,90700.0,300,Sell,233343501
2024-08-21 09:21:20,90700.0,500,Sell,233343502
2024-08-21 09:21:20,90700.0,200,Sell,233343503
2024-08-21 09:21:20,90700.0,100,Sell,233343504
2024-08-21 09:21:20,90700.0,100,Sell,233343505
2024-08-21 09:21:20,90700.0,100,Sell,233343506
2024-08-21 09:21:20,90700.0,400,Sell,233343507
2024-08-21 09:21:20,90700.0,100,Sell,233343508
2024-08-21 09:21:35,90700.0,100,Sell,233344102
2024-08-21 09:21:35,90700.0,100,Sell,233344101
2024-08-21 09:21:35,90700.0,200,Sell,233344100
2024-08-21 09:21:35,90700.0,400,Sell,233344099
2024-08-21 09:21:35,90700.0,200,Sell,233344098
2024-08-21 09:21:47,90700.0,100,Sell,233344648
2024-08-21 09:21:49,90700.0,200,Sell,233344703
2024-08-21 09:21:51,90700.0,200,Sell,233344774
2024-08-21 09:21:57,90700.0,200,Sell,233344991
2024-08-21 09:21:57,90700.0,100,Sell,233345006
2024-08-21 09:22:11,90600.0,600,Sell,233345729
2024-08-21 09:22:11,90600.0,300,Sell,233345730
2024-08-21 09:22:27,90600.0,200,Sell,233346403
2024-08-21 09:22:56,90600.0,500,Sell,233347443
2024-08-21 09:22:56,90600.0,500,Sell,233347444
2024-08-21 09:22:57,90500.0,100,Sell,233347545
2024-08-21 09:23:12,90600.0,100,Buy,233348214
2024-08-21 09:23:18,90500.0,100,Sell,233348392
2024-08-21 09:23:28,90500.0,300,Sell,233348768
2024-08-21 09:23:31,90500.0,700,Sell,233348932
2024-08-21 09:23:31,90500.0,300,Sell,233348931
2024-08-21 09:23:35,90500.0,600,Sell,233349054
2024-08-21 09:23:35,90500.0,700,Sell,233349055
2024-08-21 09:23:35,90500.0,1300,Sell,233349056
2024-08-21 09:23:35,90500.0,400,Sell,233349057
2024-08-21 09:23:38,90500.0,100,Sell,233349161
2024-08-21 09:23:38,90500.0,300,Sell,233349162
2024-08-21 09:23:38,90500.0,500,Sell,233349163
2024-08-21 09:23:38,90500.0,700,Sell,233349164
2024-08-21 09:23:38,90500.0,400,Sell,233349165
2024-08-21 09:23:43,90500.0,300,Sell,233349349
2024-08-21 09:23:43,90500.0,200,Sell,233349347
2024-08-21 09:23:43,90500.0,100,Sell,233349348
2024-08-21 09:23:43,90500.0,200,Sell,233349345
2024-08-21 09:23:43,90500.0,900,Sell,233349343
2024-08-21 09:23:43,90500.0,100,Sell,233349344
2024-08-21 09:23:43,90500.0,200,Sell,233349346
2024-08-21 09:24:23,90500.0,200,Sell,233351051
2024-08-21 09:24:23,90500.0,300,Sell,233351052
2024-08-21 09:24:23,90500.0,200,Sell,233351053
2024-08-21 09:24:23,90500.0,100,Sell,233351054
2024-08-21 09:24:23,90500.0,300,Sell,233351055
2024-08-21 09:24:23,90500.0,1000,Sell,233351056
2024-08-21 09:24:23,90500.0,1000,Sell,233351057
2024-08-21 09:24:23,90500.0,1600,Sell,233351058
2024-08-21 09:24:25,90500.0,400,Sell,233351200
2024-08-21 09:24:25,90500.0,100,Sell,233351201
2024-08-21 09:24:36,90400.0,100,Sell,233351696
2024-08-21 09:25:25,90400.0,100,Sell,233353919
2024-08-21 09:25:25,90400.0,100,Sell,233353917
2024-08-21 09:25:25,90400.0,300,Sell,233353918
2024-08-21 09:25:28,90400.0,300,Sell,233354054
2024-08-21 09:25:28,90400.0,400,Sell,233354055
2024-08-21 09:25:28,90400.0,100,Sell,233354056
2024-08-21 09:25:28,90400.0,100,Sell,233354057
2024-08-21 09:25:32,90500.0,100,Buy,233354251
2024-08-21 09:25:33,90500.0,500,Buy,233354336
2024-08-21 09:25:35,90500.0,900,Buy,233354409
2024-08-21 09:25:43,90500.0,100,Buy,233354742
2024-08-21 09:26:15,90400.0,100,Sell,233356108
2024-08-21 09:26:23,90500.0,200,Buy,233356400
2024-08-21 09:26:30,90500.0,1000,Buy,233356705
2024-08-21 09:26:30,90500.0,600,Buy,233356706
2024-08-21 09:27:12,90500.0,1000,Buy,233358367
2024-08-21 09:27:40,90500.0,1100,Buy,233359605
2024-08-21 09:27:40,90500.0,500,Buy,233359606
2024-08-21 09:27:40,90500.0,1100,Buy,233359604
2024-08-21 09:27:40,90500.0,600,Buy,233359575
2024-08-21 09:27:40,90500.0,500,Buy,233359577
2024-08-21 09:27:40,90500.0,600,Buy,233359603
2024-08-21 09:27:40,90500.0,600,Buy,233359576
2024-08-21 09:27:55,90500.0,500,Buy,233360403
2024-08-21 09:27:55,90400.0,100,Sell,233360404
2024-08-21 09:28:43,90400.0,200,Sell,233362554
2024-08-21 09:28:45,90400.0,700,Sell,233362607
2024-08-21 09:28:45,90400.0,200,Sell,233362608
2024-08-21 09:28:53,90400.0,100,Sell,233363025
2024-08-21 09:28:53,90400.0,200,Sell,233363026
2024-08-21 09:28:53,90400.0,500,Sell,233363027
2024-08-21 09:28:53,90400.0,200,Sell,233363028
2024-08-21 09:29:25,90500.0,100,Buy,233364798
2024-08-21 09:29:25,90500.0,1100,Buy,233364799
2024-08-21 09:29:25,90500.0,1100,Buy,233364800
2024-08-21 09:29:25,90500.0,100,Buy,233364801
2024-08-21 09:29:25,90500.0,900,Buy,233364802
2024-08-21 09:29:32,90500.0,600,Buy,233365215
2024-08-21 09:29:32,90500.0,300,Buy,233365214
2024-08-21 09:29:32,90500.0,100,Buy,233365213
2024-08-21 09:29:34,90400.0,100,Sell,233365327
2024-08-21 09:29:43,90500.0,500,Buy,233365662
2024-08-21 09:29:43,90500.0,500,Buy,233365663
2024-08-21 09:29:43,90500.0,1500,Buy,233365664
2024-08-21 09:29:43,90500.0,500,Buy,233365665
2024-08-21 09:29:57,90500.0,100,Buy,233366421
2024-08-21 09:30:04,90500.0,500,Buy,233366827
2024-08-21 09:30:04,90500.0,400,Buy,233366828
2024-08-21 09:30:10,90500.0,700,Buy,233367159
2024-08-21 09:30:10,90500.0,100,Buy,233367160
2024-08-21 09:30:23,90500.0,200,Sell,233367794
2024-08-21 09:30:40,90600.0,900,Buy,233368659
2024-08-21 09:30:40,90600.0,100,Buy,233368658
2024-08-21 09:31:13,90500.0,100,Sell,233370193
2024-08-21 09:31:22,90500.0,100,Sell,233370690
2024-08-21 09:32:01,90500.0,900,Sell,233372516
2024-08-21 09:32:19,90500.0,700,Sell,233373474
2024-08-21 09:32:19,90500.0,200,Sell,233373473
2024-08-21 09:32:19,90500.0,1000,Sell,233373472
2024-08-21 09:32:19,90500.0,100,Sell,233373471
2024-08-21 09:32:19,90500.0,100,Sell,233373470
2024-08-21 09:32:19,90500.0,100,Sell,233373475
2024-08-21 09:32:19,90500.0,100,Sell,233373468
2024-08-21 09:32:19,90500.0,300,Sell,233373467
2024-08-21 09:32:19,90500.0,400,Sell,233373466
2024-08-21 09:32:19,90500.0,200,Sell,233373465
2024-08-21 09:32:19,90500.0,400,Sell,233373469
2024-08-21 09:32:19,90500.0,900,Sell,233373464
2024-08-21 09:32:44,90500.0,500,Buy,233374966
2024-08-21 09:32:52,90500.0,100,Sell,233375335
2024-08-21 09:32:54,90600.0,100,Buy,233375409
2024-08-21 09:32:55,90500.0,400,Sell,233375444
2024-08-21 09:32:55,90500.0,500,Sell,233375445
2024-08-21 09:33:01,90500.0,500,Buy,233375735
2024-08-21 09:33:10,90500.0,100,Buy,233376162
2024-08-21 09:33:18,90400.0,1000,Sell,233376566
2024-08-21 09:34:31,90500.0,600,Buy,233379324
2024-08-21 09:34:31,90500.0,1000,Buy,233379325
2024-08-21 09:34:31,90400.0,100,Sell,233379334
2024-08-21 09:34:35,90500.0,1000,Buy,233379483
2024-08-21 09:34:35,90500.0,600,Buy,233379482
2024-08-21 09:34:37,90400.0,100,Sell,233379548
2024-08-21 09:34:40,90400.0,200,Sell,233379623
2024-08-21 09:34:59,90400.0,100,Sell,233380299
2024-08-21 09:35:09,90400.0,500,Sell,233380802
2024-08-21 09:35:20,90400.0,900,Sell,233381162
2024-08-21 09:35:33,90400.0,100,Sell,233381693
2024-08-21 09:35:33,90400.0,100,Sell,233381694
2024-08-21 09:35:51,90400.0,200,Sell,233382284
2024-08-21 09:35:54,90400.0,100,Sell,233382421
2024-08-21 09:36:11,90400.0,100,Sell,233382999
2024-08-21 09:36:55,90500.0,300,Buy,233384376
2024-08-21 09:36:55,90500.0,200,Buy,233384377
2024-08-21 09:36:55,90500.0,300,Buy,233384378
2024-08-21 09:37:03,90500.0,100,Buy,233384575
2024-08-21 09:37:10,90500.0,200,Buy,233384791
2024-08-21 09:37:18,90500.0,300,Buy,233385061
2024-08-21 09:37:33,90500.0,1000,Buy,233385525
2024-08-21 09:37:50,90400.0,100,Sell,233386144
2024-08-21 09:38:36,90400.0,200,Sell,233387571
2024-08-21 09:38:36,90400.0,500,Sell,233387572
2024-08-21 09:38:36,90400.0,100,Sell,233387573
2024-08-21 09:38:36,90400.0,100,Sell,233387574
2024-08-21 09:38:38,90500.0,100,Buy,233387609
2024-08-21 09:38:38,90500.0,200,Buy,233387610
2024-08-21 09:39:03,90500.0,300,Buy,233388175
2024-08-21 09:39:03,90500.0,600,Buy,233388176
2024-08-21 09:39:29,90400.0,100,Sell,233388893
2024-08-21 09:39:44,90400.0,200,Sell,233389254
2024-08-21 09:40:32,90400.0,100,Sell,233390550
2024-08-21 09:40:32,90400.0,200,Sell,233390551
2024-08-21 09:40:41,90400.0,200,Sell,233390814
2024-08-21 09:40:41,90400.0,500,Sell,233390813
2024-08-21 09:40:46,90400.0,500,Sell,233390978
2024-08-21 09:40:50,90400.0,100,Sell,233391063
2024-08-21 09:41:00,90400.0,500,Sell,233391268
2024-08-21 09:41:00,90400.0,300,Sell,233391269
2024-08-21 09:41:00,90400.0,1200,Sell,233391270
2024-08-21 09:41:08,90400.0,100,Sell,233391527
2024-08-21 09:41:08,90400.0,300,Sell,233391529
2024-08-21 09:41:21,90400.0,400,Sell,233391837
2024-08-21 09:41:21,90400.0,100,Sell,233391835
2024-08-21 09:41:21,90400.0,1400,Sell,233391834
2024-08-21 09:41:21,90400.0,100,Sell,233391836
2024-08-21 09:41:29,90400.0,100,Sell,233392116
2024-08-21 09:41:29,90400.0,100,Sell,233392117
2024-08-21 09:41:29,90400.0,100,Sell,233392118
2024-08-21 09:41:54,90400.0,200,Sell,233392757
2024-08-21 09:41:54,90400.0,800,Sell,233392756
2024-08-21 09:41:54,90400.0,100,Sell,233392699
2024-08-21 09:41:54,90400.0,600,Sell,233392700
2024-08-21 09:41:54,90400.0,200,Sell,233392701
2024-08-21 09:42:27,90400.0,200,Sell,233393560
2024-08-21 09:42:47,90400.0,100,Sell,233394149
2024-08-21 09:42:50,90500.0,300,Buy,233394200
2024-08-21 09:42:50,90500.0,200,Buy,233394201
2024-08-21 09:42:50,90500.0,300,Buy,233394202
2024-08-21 09:43:32,90500.0,100,Buy,233395397
2024-08-21 09:43:32,90500.0,800,Buy,233395398
2024-08-21 09:44:04,90400.0,200,Sell,233396252
2024-08-21 09:44:04,90400.0,100,Sell,233396253
2024-08-21 09:44:04,90400.0,100,Sell,233396251
2024-08-21 09:44:04,90400.0,300,Sell,233396254
2024-08-21 09:44:04,90400.0,200,Sell,233396249
2024-08-21 09:44:04,90400.0,100,Sell,233396248
2024-08-21 09:44:04,90400.0,100,Sell,233396250
2024-08-21 09:44:04,90400.0,400,Sell,233396247
2024-08-21 09:44:20,90400.0,100,Sell,233396721
2024-08-21 09:44:20,90400.0,100,Sell,233396722
2024-08-21 09:44:27,90400.0,100,Sell,233396946
2024-08-21 09:45:11,90400.0,300,Sell,233398122
2024-08-21 09:45:11,90400.0,100,Sell,233398123
2024-08-21 09:45:11,90400.0,300,Sell,233398124
2024-08-21 09:45:11,90400.0,200,Sell,233398121
2024-08-21 09:45:13,90400.0,200,Sell,233398169
2024-08-21 09:45:20,90400.0,400,Sell,233398304
2024-08-21 09:45:45,90400.0,100,Sell,233399004
2024-08-21 09:45:56,90400.0,700,Sell,233399282
2024-08-21 09:45:56,90400.0,200,Sell,233399283
2024-08-21 09:46:06,90400.0,100,Sell,233399571
2024-08-21 09:46:33,90500.0,100,Buy,233400315
2024-08-21 09:46:42,90500.0,100,Buy,233400572
2024-08-21 09:46:43,90500.0,300,Buy,233400596
2024-08-21 09:46:50,90500.0,100,Buy,233400782
2024-08-21 09:46:53,90500.0,100,Buy,233400881
2024-08-21 09:47:02,90500.0,100,Buy,233401165
2024-08-21 09:47:45,90400.0,100,Sell,233402073
2024-08-21 09:48:04,90400.0,200,Sell,233402552
2024-08-21 09:48:16,90400.0,100,Sell,233402914
2024-08-21 09:48:29,90400.0,900,Sell,233403228
2024-08-21 09:48:42,90400.0,100,Sell,233403623
2024-08-21 09:48:45,90400.0,1600,Sell,233403691
2024-08-21 09:48:45,90400.0,100,Sell,233403692
2024-08-21 09:48:45,90400.0,100,Sell,233403693
2024-08-21 09:49:02,90400.0,200,Sell,233404100
2024-08-21 09:49:02,90400.0,500,Sell,233404101
2024-08-21 09:49:02,90400.0,500,Sell,233404102
2024-08-21 09:49:02,90400.0,200,Sell,233404103
2024-08-21 09:49:02,90400.0,300,Sell,233404104
2024-08-21 09:49:02,90400.0,100,Sell,233404105
2024-08-21 09:49:24,90400.0,100,Sell,233404591
2024-08-21 09:49:25,90500.0,4000,Buy,233404596
2024-08-21 09:49:51,90500.0,400,Buy,233405139
2024-08-21 09:49:51,90500.0,100,Buy,233405140
2024-08-21 09:49:51,90500.0,100,Buy,233405141
2024-08-21 09:49:51,90500.0,1000,Buy,233405151
2024-08-21 09:49:55,90500.0,200,Buy,233405215
2024-08-21 09:49:55,90500.0,400,Buy,233405216
2024-08-21 09:49:55,90500.0,1000,Buy,233405217
2024-08-21 09:51:03,90400.0,100,Sell,233406913
2024-08-21 09:51:33,90400.0,100,Sell,233407665
2024-08-21 09:51:46,90400.0,900,Sell,233407918
2024-08-21 09:51:53,90400.0,100,Sell,233408030
2024-08-21 09:52:26,90400.0,100,Sell,233408861
2024-08-21 09:52:43,90400.0,100,Sell,233409466
2024-08-21 09:53:01,90400.0,500,Sell,233409947
2024-08-21 09:53:01,90400.0,500,Sell,233409948
2024-08-21 09:53:03,90500.0,400,Buy,233410005
2024-08-21 09:53:03,90500.0,100,Buy,233410002
2024-08-21 09:53:03,90500.0,100,Buy,233410003
2024-08-21 09:53:03,90500.0,400,Buy,233410004
2024-08-21 09:53:04,90500.0,300,Buy,233410006
2024-08-21 09:53:04,90500.0,200,Buy,233410007
2024-08-21 09:53:04,90500.0,100,Buy,233410008
2024-08-21 09:53:18,90500.0,5000,Buy,233410321
2024-08-21 09:53:24,90500.0,1000,Buy,233410467
2024-08-21 09:53:24,90500.0,600,Buy,233410468
2024-08-21 09:53:30,90500.0,10000,Buy,233410570
2024-08-21 09:53:38,90500.0,6000,Buy,233410784
2024-08-21 09:53:44,90500.0,3000,Buy,233410962
2024-08-21 09:54:02,90500.0,400,Buy,233411384
2024-08-21 09:54:02,90500.0,200,Buy,233411383
2024-08-21 09:54:02,90500.0,200,Buy,233411376
2024-08-21 09:54:02,90500.0,200,Buy,233411375
2024-08-21 09:54:02,90500.0,300,Buy,233411382
2024-08-21 09:54:03,90500.0,200,Buy,233411389
2024-08-21 09:54:03,90500.0,100,Buy,233411390
2024-08-21 09:54:03,90500.0,100,Buy,233411392
2024-08-21 09:54:03,90500.0,400,Buy,233411388
2024-08-21 09:54:05,90500.0,2000,Buy,233411437
2024-08-21 09:54:22,90400.0,100,Sell,233411823
2024-08-21 09:54:42,90400.0,100,Sell,233412290
2024-08-21 09:54:43,90400.0,1600,Sell,233412327
2024-08-21 09:54:43,90400.0,600,Sell,233412326
2024-08-21 09:54:43,90400.0,1000,Sell,233412325
2024-08-21 09:54:43,90400.0,1100,Sell,233412324
2024-08-21 09:54:43,90400.0,900,Sell,233412323
2024-08-21 09:54:43,90400.0,100,Sell,233412320
2024-08-21 09:54:43,90400.0,100,Sell,233412319
2024-08-21 09:54:43,90400.0,500,Sell,233412318
2024-08-21 09:54:43,90400.0,300,Sell,233412317
2024-08-21 09:54:43,90400.0,300,Sell,233412316
2024-08-21 09:54:43,90400.0,100,Sell,233412321
2024-08-21 09:54:43,90400.0,700,Sell,233412322
2024-08-21 09:54:48,90400.0,400,Sell,233412415
2024-08-21 09:54:48,90400.0,400,Sell,233412416
2024-08-21 09:55:03,90400.0,900,Sell,233412765
2024-08-21 09:55:41,90500.0,1000,Buy,233413743
2024-08-21 09:55:47,90500.0,1000,Buy,233413897
2024-08-21 09:55:48,90400.0,2300,Sell,233413918
2024-08-21 09:55:58,90500.0,2000,Buy,233414170
2024-08-21 09:55:58,90500.0,1200,Buy,233414160
2024-08-21 09:56:01,90500.0,100,Buy,233414244
2024-08-21 09:56:01,90400.0,100,Sell,233414243
2024-08-21 09:56:09,90400.0,200,Sell,233414506
2024-08-21 09:56:16,90400.0,300,Sell,233414687
2024-08-21 09:56:17,90500.0,5000,Buy,233414706
2024-08-21 09:56:28,90500.0,2000,Buy,233414971
2024-08-21 09:56:41,90500.0,5000,Buy,233415294
2024-08-21 09:56:41,90500.0,400,Buy,233415295
2024-08-21 09:56:41,90500.0,100,Buy,233415296
2024-08-21 09:56:41,90500.0,200,Buy,233415297
2024-08-21 09:56:41,90500.0,1100,Buy,233415298
2024-08-21 09:56:41,90500.0,200,Buy,233415299
2024-08-21 09:56:41,90500.0,500,Buy,233415300
2024-08-21 09:56:58,90500.0,5000,Buy,233415765
2024-08-21 09:57:00,90500.0,900,Buy,233415786
2024-08-21 09:57:04,90500.0,4000,Buy,233415861
2024-08-21 09:57:05,90500.0,600,Buy,233415896
2024-08-21 09:57:05,90500.0,100,Buy,233415897
2024-08-21 09:57:05,90500.0,300,Buy,233415898
2024-08-21 09:57:05,90500.0,200,Buy,233415899
2024-08-21 09:57:05,90500.0,2000,Buy,233415900
2024-08-21 09:57:05,90500.0,400,Buy,233415901
2024-08-21 09:57:05,90500.0,1000,Buy,233415902
2024-08-21 09:57:05,90500.0,100,Buy,233415903
2024-08-21 09:57:05,90500.0,100,Buy,233415904
2024-08-21 09:57:05,90500.0,5100,Buy,233415905
2024-08-21 09:57:05,90500.0,100,Buy,233415895
2024-08-21 09:57:12,90500.0,500,Buy,233416033
2024-08-21 09:57:13,90500.0,2000,Buy,233416061
2024-08-21 09:57:14,90500.0,500,Buy,233416077
2024-08-21 09:57:14,90500.0,200,Buy,233416076
2024-08-21 09:57:14,90500.0,1000,Buy,233416075
2024-08-21 09:57:14,90500.0,300,Buy,233416074
2024-08-21 09:57:14,90500.0,800,Buy,233416073
2024-08-21 09:57:14,90500.0,400,Buy,233416072
2024-08-21 09:57:16,90500.0,1000,Buy,233416223
2024-08-21 09:57:40,90500.0,100,Sell,233417099
2024-08-21 09:58:21,90500.0,900,Sell,233418323
2024-08-21 09:58:26,90600.0,100,Buy,233418473
2024-08-21 09:58:31,90500.0,500,Sell,233418627
2024-08-21 09:59:18,90600.0,1700,Buy,233419825
2024-08-21 09:59:18,90600.0,300,Buy,233419826
2024-08-21 09:59:18,90600.0,1200,Buy,233419824
2024-08-21 09:59:19,90500.0,100,Sell,233419889
2024-08-21 09:59:28,90600.0,900,Buy,233420307
2024-08-21 09:59:28,90600.0,300,Buy,233420308
2024-08-21 09:59:28,90600.0,200,Buy,233420309
2024-08-21 09:59:28,90600.0,200,Buy,233420310
2024-08-21 09:59:28,90600.0,1000,Buy,233420311
2024-08-21 09:59:28,90600.0,100,Buy,233420312
2024-08-21 09:59:28,90600.0,200,Buy,233420313
2024-08-21 09:59:28,90600.0,300,Buy,233420314
2024-08-21 09:59:35,90600.0,1800,Buy,233420598
2024-08-21 09:59:35,90600.0,1500,Buy,233420597
2024-08-21 09:59:35,90600.0,700,Buy,233420595
2024-08-21 09:59:35,90600.0,200,Buy,233420596
2024-08-21 09:59:36,90600.0,100,Buy,233420610
2024-08-21 09:59:36,90600.0,200,Buy,233420611
2024-08-21 09:59:36,90600.0,1000,Buy,233420612
2024-08-21 09:59:36,90600.0,3700,Buy,233420613
2024-08-21 09:59:40,90600.0,2700,Buy,233420740
2024-08-21 10:00:35,90600.0,200,Sell,233422306
2024-08-21 10:00:39,90600.0,100,Sell,233422378
2024-08-21 10:00:59,90600.0,100,Sell,233422947
2024-08-21 10:01:20,90700.0,1200,Buy,233423418
2024-08-21 10:01:20,90700.0,500,Buy,233423419
2024-08-21 10:01:20,90700.0,1500,Buy,233423420
2024-08-21 10:01:29,90600.0,100,Sell,233423835
2024-08-21 10:01:32,90600.0,100,Sell,233423911
2024-08-21 10:01:38,90600.0,900,Sell,233424069
2024-08-21 10:02:28,90600.0,200,Sell,233425514
2024-08-21 10:02:34,90600.0,200,Sell,233425649
2024-08-21 10:02:38,90600.0,100,Sell,233425725
2024-08-21 10:02:56,90700.0,600,Buy,233426299
2024-08-21 10:02:56,90700.0,100,Buy,233426300
2024-08-21 10:03:03,90700.0,300,Sell,233426533
2024-08-21 10:03:16,90700.0,700,Buy,233426894
2024-08-21 10:03:41,90700.0,200,Sell,233427660
2024-08-21 10:04:09,90800.0,700,Buy,233428518
2024-08-21 10:04:10,90700.0,100,Sell,233428562
2024-08-21 10:04:10,90700.0,100,Sell,233428560
2024-08-21 10:04:10,90700.0,1700,Sell,233428561
2024-08-21 10:04:17,90700.0,100,Sell,233428753
2024-08-21 10:04:26,90800.0,400,Buy,233429095
2024-08-21 10:04:26,90800.0,100,Buy,233429093
2024-08-21 10:04:26,90800.0,400,Buy,233429094
2024-08-21 10:04:26,90800.0,100,Buy,233429092
2024-08-21 10:04:26,90800.0,200,Buy,233429087
2024-08-21 10:04:26,90800.0,100,Buy,233429090
2024-08-21 10:04:26,90800.0,200,Buy,233429089
2024-08-21 10:04:26,90800.0,300,Buy,233429088
2024-08-21 10:04:26,90800.0,100,Buy,233429091
2024-08-21 10:04:26,90800.0,800,Buy,233429086
2024-08-21 10:04:40,90800.0,1800,Buy,233429551
2024-08-21 10:04:52,90800.0,2000,Buy,233430012
2024-08-21 10:04:54,90800.0,400,Buy,233430056
2024-08-21 10:04:54,90800.0,400,Buy,233430058
2024-08-21 10:04:54,90800.0,100,Buy,233430057
2024-08-21 10:04:54,90800.0,100,Buy,233430055
2024-08-21 10:04:54,90800.0,1400,Buy,233430053
2024-08-21 10:04:54,90800.0,800,Buy,233430050
2024-08-21 10:04:54,90800.0,100,Buy,233430054
2024-08-21 10:04:54,90800.0,1000,Buy,233430052
2024-08-21 10:04:54,90800.0,100,Buy,233430051
2024-08-21 10:04:55,90700.0,900,Sell,233430097
2024-08-21 10:05:04,90800.0,600,Buy,233430473
2024-08-21 10:05:04,90800.0,100,Buy,233430474
2024-08-21 10:05:04,90800.0,1000,Buy,233430475
2024-08-21 10:05:04,90800.0,1400,Buy,233430476
2024-08-21 10:05:04,90800.0,2200,Buy,233430477
2024-08-21 10:05:04,90800.0,100,Buy,233430478
2024-08-21 10:05:04,90800.0,100,Buy,233430479
2024-08-21 10:05:04,90800.0,400,Buy,233430480
2024-08-21 10:05:12,90800.0,1300,Sell,233430853
2024-08-21 10:05:12,90700.0,700,Sell,233430854
2024-08-21 10:05:18,90800.0,1000,Buy,233431036
2024-08-21 10:05:37,90800.0,100,Buy,233431839
2024-08-21 10:05:37,90800.0,400,Buy,233431840
2024-08-21 10:05:37,90800.0,100,Buy,233431837
2024-08-21 10:05:37,90800.0,100,Buy,233431838
2024-08-21 10:05:38,90800.0,100,Buy,233431852
2024-08-21 10:05:44,90800.0,100,Sell,233432110
2024-08-21 10:05:44,90800.0,400,Sell,233432111
2024-08-21 10:05:44,90800.0,300,Sell,233432112
2024-08-21 10:05:44,90800.0,700,Sell,233432113
2024-08-21 10:05:51,90800.0,1000,Buy,233432519
2024-08-21 10:05:56,90700.0,100,Sell,233432757
2024-08-21 10:05:59,90800.0,100,Buy,233432863
2024-08-21 10:06:06,90800.0,200,Buy,233433101
2024-08-21 10:06:49,90800.0,100,Buy,233434805
2024-08-21 10:06:53,90800.0,1900,Buy,233434949
2024-08-21 10:07:22,90800.0,100,Buy,233435901
2024-08-21 10:07:35,90700.0,100,Sell,233436305
2024-08-21 10:08:13,90700.0,900,Sell,233437540
2024-08-21 10:08:30,90800.0,1200,Buy,233438243
2024-08-21 10:08:30,90800.0,300,Buy,233438244
2024-08-21 10:08:30,90800.0,200,Buy,233438245
2024-08-21 10:08:30,90800.0,900,Buy,233438246
2024-08-21 10:08:30,90800.0,2400,Buy,233438247
2024-08-21 10:08:35,90800.0,2000,Buy,233438386
2024-08-21 10:08:51,90800.0,100,Buy,233438990
2024-08-21 10:08:51,90800.0,200,Buy,233438991
2024-08-21 10:08:51,90800.0,300,Buy,233438992
2024-08-21 10:08:51,90800.0,100,Buy,233438994
2024-08-21 10:08:51,90800.0,400,Buy,233438995
2024-08-21 10:08:51,90800.0,100,Buy,233438996
2024-08-21 10:08:51,90800.0,400,Buy,233438997
2024-08-21 10:09:00,90800.0,100,Buy,233439344
2024-08-21 10:09:03,90800.0,300,Sell,233439397
2024-08-21 10:09:15,90800.0,100,Sell,233439802
2024-08-21 10:09:58,90800.0,200,Sell,233441142
2024-08-21 10:10:34,90800.0,500,Sell,233442194
2024-08-21 10:10:42,90900.0,600,Buy,233442495
2024-08-21 10:10:42,90900.0,800,Buy,233442496
2024-08-21 10:10:42,90900.0,100,Buy,233442497
2024-08-21 10:10:42,90900.0,100,Buy,233442498
2024-08-21 10:10:54,90800.0,100,Sell,233442846
2024-08-21 10:11:19,90900.0,100,Buy,233443879
2024-08-21 10:11:19,90900.0,100,Buy,233443880
2024-08-21 10:11:19,90900.0,300,Buy,233443881
2024-08-21 10:11:19,90900.0,100,Buy,233443882
2024-08-21 10:11:19,90900.0,300,Buy,233443883
2024-08-21 10:11:20,90900.0,200,Buy,233443907
2024-08-21 10:11:20,90900.0,100,Buy,233443906
2024-08-21 10:11:20,90900.0,400,Buy,233443899
2024-08-21 10:11:29,90800.0,900,Sell,233444197
2024-08-21 10:11:59,90900.0,300,Buy,233445350
2024-08-21 10:11:59,90900.0,200,Buy,233445354
2024-08-21 10:11:59,90900.0,100,Buy,233445353
2024-08-21 10:11:59,90900.0,100,Buy,233445349
2024-08-21 10:11:59,90900.0,100,Buy,233445351
2024-08-21 10:11:59,90900.0,100,Buy,233445352
2024-08-21 10:12:00,90900.0,500,Buy,233445358
2024-08-21 10:12:00,90900.0,200,Buy,233445359
2024-08-21 10:12:09,90800.0,400,Sell,233445555
2024-08-21 10:12:18,90800.0,100,Sell,233445751
2024-08-21 10:12:27,90900.0,100,Buy,233445985
2024-08-21 10:12:33,90800.0,100,Sell,233446105
2024-08-21 10:12:34,90900.0,100,Buy,233446116
2024-08-21 10:12:44,90900.0,2000,Buy,233446346
2024-08-21 10:12:44,90900.0,700,Buy,233446341
2024-08-21 10:12:44,90900.0,500,Buy,233446342
2024-08-21 10:12:48,90900.0,1000,Buy,233446474
2024-08-21 10:12:48,90900.0,300,Buy,233446483
2024-08-21 10:12:48,90900.0,100,Buy,233446481
2024-08-21 10:12:48,90900.0,1100,Buy,233446480
2024-08-21 10:12:48,90900.0,2200,Buy,233446479
2024-08-21 10:12:48,90900.0,1100,Buy,233446478
2024-08-21 10:12:48,90900.0,100,Buy,233446477
2024-08-21 10:12:48,90900.0,800,Buy,233446476
2024-08-21 10:12:48,90900.0,500,Buy,233446475
2024-08-21 10:12:48,90900.0,100,Buy,233446473
2024-08-21 10:12:48,90900.0,1000,Buy,233446482
2024-08-21 10:12:48,90900.0,1000,Buy,233446471
2024-08-21 10:12:48,90900.0,100,Buy,233446470
2024-08-21 10:12:48,90900.0,600,Buy,233446469
2024-08-21 10:12:48,90900.0,1000,Buy,233446468
2024-08-21 10:12:48,90900.0,2800,Buy,233446467
2024-08-21 10:12:48,90900.0,400,Buy,233446466
2024-08-21 10:12:48,90900.0,100,Buy,233446465
2024-08-21 10:12:48,90900.0,1000,Buy,233446464
2024-08-21 10:12:48,90900.0,100,Buy,233446472
2024-08-21 10:12:48,90900.0,100,Buy,233446463
2024-08-21 10:12:48,90900.0,7500,Buy,233446462
2024-08-21 10:13:19,90900.0,100,Sell,233447388
2024-08-21 10:14:03,91000.0,100,Buy,233448286
2024-08-21 10:14:03,91000.0,600,Buy,233448288
2024-08-21 10:14:03,91000.0,100,Buy,233448285
2024-08-21 10:14:03,91000.0,100,Buy,233448287
2024-08-21 10:14:03,91000.0,200,Buy,233448284
2024-08-21 10:14:03,91000.0,100,Buy,233448279
2024-08-21 10:14:03,91000.0,1000,Buy,233448282
2024-08-21 10:14:03,91000.0,100,Buy,233448281
2024-08-21 10:14:03,91000.0,100,Buy,233448280
2024-08-21 10:14:03,91000.0,100,Buy,233448289
2024-08-21 10:14:03,91000.0,100,Buy,233448278
2024-08-21 10:14:03,91000.0,100,Buy,233448283
2024-08-21 10:14:03,91000.0,300,Buy,233448290
2024-08-21 10:14:03,91000.0,10000,Buy,233448296
2024-08-21 10:14:03,91000.0,800,Buy,233448292
2024-08-21 10:14:03,91000.0,1200,Buy,233448293
2024-08-21 10:14:03,91000.0,100,Buy,233448294
2024-08-21 10:14:03,91000.0,200,Buy,233448295
2024-08-21 10:14:03,91000.0,200,Buy,233448297
2024-08-21 10:14:03,91000.0,100,Buy,233448298
2024-08-21 10:14:03,91000.0,5000,Buy,233448299
2024-08-21 10:14:03,91000.0,200,Buy,233448300
2024-08-21 10:14:03,91000.0,100,Buy,233448301
2024-08-21 10:14:03,91000.0,100,Buy,233448302
2024-08-21 10:14:03,91000.0,300,Buy,233448303
2024-08-21 10:14:03,91000.0,900,Buy,233448277
2024-08-21 10:14:03,91000.0,100,Buy,233448291
2024-08-21 10:14:03,91000.0,900,Buy,233448276
2024-08-21 10:14:03,91000.0,1000,Buy,233448272
2024-08-21 10:14:03,91000.0,100,Buy,233448274
2024-08-21 10:14:03,91000.0,1000,Buy,233448275
2024-08-21 10:14:03,91000.0,100,Buy,233448248
2024-08-21 10:14:03,91000.0,200,Buy,233448249
2024-08-21 10:14:03,91000.0,200,Buy,233448250
2024-08-21 10:14:03,91000.0,400,Buy,233448251
2024-08-21 10:14:03,91000.0,1500,Buy,233448252
2024-08-21 10:14:03,91000.0,1000,Buy,233448253
2024-08-21 10:14:03,91000.0,100,Buy,233448254
2024-08-21 10:14:03,91000.0,2000,Buy,233448255
2024-08-21 10:14:03,91000.0,100,Buy,233448256
2024-08-21 10:14:03,91000.0,2000,Buy,233448257
2024-08-21 10:14:03,91000.0,100,Buy,233448258
2024-08-21 10:14:03,91000.0,300,Buy,233448260
2024-08-21 10:14:03,91000.0,400,Buy,233448259
2024-08-21 10:14:03,91000.0,2000,Buy,233448262
2024-08-21 10:14:03,91000.0,100,Buy,233448263
2024-08-21 10:14:03,91000.0,1000,Buy,233448264
2024-08-21 10:14:03,91000.0,100,Buy,233448265
2024-08-21 10:14:03,91000.0,100,Buy,233448266
2024-08-21 10:14:03,91000.0,100,Buy,233448267
2024-08-21 10:14:03,91000.0,500,Buy,233448268
2024-08-21 10:14:03,91000.0,100,Buy,233448269
2024-08-21 10:14:03,91000.0,8000,Buy,233448270
2024-08-21 10:14:03,91000.0,100,Buy,233448271
2024-08-21 10:14:03,91000.0,4000,Buy,233448247
2024-08-21 10:14:03,91000.0,100,Buy,233448273
2024-08-21 10:14:03,91000.0,100,Buy,233448261
2024-08-21 10:14:07,91000.0,1000,Buy,233448392
2024-08-21 10:14:07,91000.0,100,Buy,233448393
2024-08-21 10:14:07,91000.0,200,Buy,233448391
2024-08-21 10:14:07,91000.0,4700,Buy,233448387
2024-08-21 10:14:07,91000.0,1000,Buy,233448389
2024-08-21 10:14:07,91000.0,400,Buy,233448388
2024-08-21 10:14:07,91000.0,1600,Buy,233448390
2024-08-21 10:14:12,91000.0,100,Sell,233448533
2024-08-21 10:14:38,91100.0,200,Buy,233449256
2024-08-21 10:14:38,91100.0,100,Buy,233449257
2024-08-21 10:14:38,91100.0,700,Buy,233449258
2024-08-21 10:14:39,91000.0,1600,Sell,233449287
2024-08-21 10:14:46,91100.0,300,Buy,233449490
2024-08-21 10:14:46,91100.0,100,Buy,233449491
2024-08-21 10:14:46,91100.0,100,Buy,233449492
2024-08-21 10:14:46,91100.0,100,Buy,233449493
2024-08-21 10:14:47,91100.0,1000,Buy,233449507
2024-08-21 10:14:47,91000.0,300,Sell,233449505
2024-08-21 10:14:47,91000.0,600,Sell,233449506
2024-08-21 10:14:50,91100.0,100,Buy,233449554
2024-08-21 10:14:50,91100.0,100,Buy,233449555
2024-08-21 10:14:58,91000.0,100,Sell,233449755
2024-08-21 10:15:05,91000.0,500,Sell,233449925
2024-08-21 10:15:22,91000.0,100,Sell,233450266
2024-08-21 10:15:51,91000.0,100,Sell,233451033
2024-08-21 10:16:37,91100.0,800,Buy,233452312
2024-08-21 10:16:37,91100.0,500,Buy,233452313
2024-08-21 10:16:37,91100.0,1100,Buy,233452311
2024-08-21 10:16:37,91100.0,100,Buy,233452314
2024-08-21 10:16:37,91100.0,200,Buy,233452309
2024-08-21 10:16:37,91100.0,100,Buy,233452308
2024-08-21 10:16:37,91100.0,500,Buy,233452310
2024-08-21 10:16:37,91100.0,400,Buy,233452307
2024-08-21 10:16:38,91100.0,100,Sell,233452335
2024-08-21 10:17:00,91100.0,200,Sell,233452864
2024-08-21 10:17:04,91200.0,200,Buy,233452948
2024-08-21 10:17:31,91200.0,100,Buy,233453791
2024-08-21 10:17:31,91100.0,100,Sell,233453805
2024-08-21 10:17:32,91200.0,700,Buy,233453836
2024-08-21 10:17:32,91200.0,100,Buy,233453837
2024-08-21 10:17:32,91200.0,400,Buy,233453838
2024-08-21 10:17:32,91200.0,100,Buy,233453839
2024-08-21 10:17:32,91200.0,100,Buy,233453840
2024-08-21 10:17:32,91200.0,100,Buy,233453841
2024-08-21 10:17:32,91200.0,100,Buy,233453842
2024-08-21 10:17:32,91200.0,100,Buy,233453843
2024-08-21 10:17:32,91200.0,1000,Buy,233453844
2024-08-21 10:17:32,91200.0,100,Buy,233453845
2024-08-21 10:17:32,91200.0,400,Buy,233453846
2024-08-21 10:17:36,91200.0,100,Buy,233453954
2024-08-21 10:17:38,91200.0,500,Buy,233453994
2024-08-21 10:17:41,91200.0,100,Buy,233454050
2024-08-21 10:17:41,91200.0,100,Buy,233454055
2024-08-21 10:17:41,91200.0,100,Buy,233454056
2024-08-21 10:17:41,91200.0,400,Buy,233454057
2024-08-21 10:17:41,91200.0,200,Buy,233454058
2024-08-21 10:17:41,91200.0,300,Buy,233454059
2024-08-21 10:17:41,91200.0,400,Buy,233454060
2024-08-21 10:17:49,91200.0,1400,Buy,233454261
2024-08-21 10:18:01,91200.0,100,Buy,233454501
2024-08-21 10:18:01,91200.0,1000,Buy,233454500
2024-08-21 10:18:01,91200.0,500,Buy,233454502
2024-08-21 10:18:01,91200.0,500,Buy,233454498
2024-08-21 10:18:01,91200.0,100,Buy,233454497
2024-08-21 10:18:01,91200.0,100,Buy,233454499
2024-08-21 10:18:01,91200.0,1000,Buy,233454496
2024-08-21 10:18:04,91200.0,100,Buy,233454552
2024-08-21 10:18:04,91200.0,400,Buy,233454551
2024-08-21 10:18:04,91200.0,100,Buy,233454550
2024-08-21 10:18:04,91100.0,900,Sell,233454543
2024-08-21 10:18:04,91200.0,500,Buy,233454548
2024-08-21 10:18:04,91200.0,100,Buy,233454547
2024-08-21 10:18:04,91200.0,400,Buy,233454549
2024-08-21 10:18:12,91200.0,100,Sell,233454763
2024-08-21 10:18:14,91200.0,200,Sell,233454799
2024-08-21 10:18:15,91100.0,200,Sell,233454833
2024-08-21 10:18:15,91100.0,500,Sell,233454832
2024-08-21 10:18:15,91200.0,1000,Sell,233454830
2024-08-21 10:18:15,91200.0,1100,Sell,233454829
2024-08-21 10:18:15,91100.0,2200,Sell,233454831
2024-08-21 10:18:16,91200.0,1000,Sell,233454836
2024-08-21 10:18:32,91200.0,200,Sell,233455322
2024-08-21 10:18:36,91200.0,100,Sell,233455428
2024-08-21 10:18:42,91200.0,500,Sell,233455580
2024-08-21 10:18:46,91200.0,100,Sell,233455702
2024-08-21 10:18:46,91200.0,100,Sell,233455701
2024-08-21 10:18:46,91200.0,200,Sell,233455699
2024-08-21 10:18:46,91200.0,100,Sell,233455700
2024-08-21 10:18:48,91300.0,100,Buy,233455724
2024-08-21 10:18:48,91300.0,100,Buy,233455725
2024-08-21 10:18:48,91300.0,100,Buy,233455726
2024-08-21 10:18:48,91300.0,100,Buy,233455727
2024-08-21 10:18:58,91300.0,400,Buy,233456061
2024-08-21 10:19:03,91200.0,500,Sell,233456207
2024-08-21 10:19:10,91200.0,100,Sell,233456455
2024-08-21 10:19:15,91300.0,100,Buy,233456631
2024-08-21 10:19:15,91300.0,300,Buy,233456630
2024-08-21 10:19:15,91300.0,2000,Buy,233456634
2024-08-21 10:19:15,91300.0,100,Buy,233456632
2024-08-21 10:19:15,91300.0,100,Buy,233456633
2024-08-21 10:19:18,91300.0,1700,Buy,233456717
2024-08-21 10:19:42,91200.0,100,Sell,233457314
2024-08-21 10:19:42,91200.0,300,Sell,233457313
2024-08-21 10:20:16,91200.0,300,Sell,233458088
2024-08-21 10:20:16,91200.0,700,Sell,233458089
2024-08-21 10:20:31,91200.0,200,Sell,233458455
2024-08-21 10:20:49,91200.0,100,Sell,233459027
2024-08-21 10:20:57,91300.0,600,Buy,233459304
2024-08-21 10:20:57,91300.0,1000,Buy,233459305
2024-08-21 10:20:58,91200.0,700,Sell,233459331
2024-08-21 10:20:58,91200.0,500,Sell,233459342
2024-08-21 10:21:10,91300.0,2000,Buy,233459593
2024-08-21 10:21:13,91300.0,100,Buy,233459669
2024-08-21 10:21:22,91200.0,900,Sell,233459871
2024-08-21 10:21:26,91300.0,1700,Buy,233459980
2024-08-21 10:21:26,91300.0,3100,Buy,233459979
2024-08-21 10:21:38,91300.0,1800,Buy,233460242
2024-08-21 10:21:38,91300.0,3000,Buy,233460243
2024-08-21 10:21:41,91200.0,200,Sell,233460294
2024-08-21 10:21:49,91200.0,1700,Sell,233460473
2024-08-21 10:21:49,91200.0,2000,Sell,233460474
2024-08-21 10:21:49,91200.0,1000,Sell,233460475
2024-08-21 10:21:49,91200.0,600,Sell,233460476
2024-08-21 10:21:49,91200.0,300,Sell,233460477
2024-08-21 10:21:49,91200.0,400,Sell,233460478
2024-08-21 10:21:50,91300.0,400,Buy,233460525
2024-08-21 10:21:50,91300.0,400,Buy,233460524
2024-08-21 10:21:50,91300.0,100,Buy,233460523
2024-08-21 10:21:50,91300.0,100,Buy,233460521
2024-08-21 10:21:50,91300.0,300,Buy,233460520
2024-08-21 10:21:50,91300.0,100,Buy,233460519
2024-08-21 10:21:50,91300.0,200,Buy,233460522
2024-08-21 10:21:52,91200.0,200,Sell,233460573
2024-08-21 10:21:55,91200.0,1200,Sell,233460651
2024-08-21 10:22:02,91200.0,200,Sell,233460917
2024-08-21 10:22:02,91200.0,4800,Sell,233460918
2024-08-21 10:22:03,91200.0,200,Sell,233460954
2024-08-21 10:22:03,91200.0,300,Sell,233460955
2024-08-21 10:22:03,91200.0,300,Sell,233460956
2024-08-21 10:22:03,91200.0,1000,Sell,233460957
2024-08-21 10:22:04,91200.0,4700,Buy,233460986
2024-08-21 10:22:04,91300.0,1300,Buy,233460987
2024-08-21 10:22:09,91200.0,500,Buy,233461115
2024-08-21 10:22:09,91200.0,200,Buy,233461114
2024-08-21 10:22:09,91200.0,400,Buy,233461113
2024-08-21 10:22:09,91200.0,200,Buy,233461111
2024-08-21 10:22:09,91200.0,300,Buy,233461112
2024-08-21 10:22:20,91200.0,500,Buy,233461403
2024-08-21 10:22:20,91300.0,2000,Buy,233461404
2024-08-21 10:22:28,91100.0,100,Sell,233461541
2024-08-21 10:23:04,91200.0,100,Buy,233462314
2024-08-21 10:23:04,91100.0,100,Sell,233462317
2024-08-21 10:23:04,91100.0,2000,Sell,233462318
2024-08-21 10:23:04,91100.0,400,Sell,233462319
2024-08-21 10:23:16,91100.0,100,Sell,233462588
2024-08-21 10:23:51,91200.0,500,Buy,233463415
2024-08-21 10:24:04,91200.0,2000,Buy,233463728
2024-08-21 10:24:07,91100.0,100,Sell,233463858
2024-08-21 10:24:10,91200.0,400,Buy,233463919
2024-08-21 10:24:10,91200.0,200,Buy,233463918
2024-08-21 10:24:10,91200.0,1100,Buy,233463916
2024-08-21 10:24:10,91200.0,100,Buy,233463917
2024-08-21 10:24:10,91200.0,200,Buy,233463915
2024-08-21 10:24:17,91200.0,100,Buy,233464122
2024-08-21 10:24:17,91200.0,1100,Buy,233464121
2024-08-21 10:24:17,91200.0,600,Buy,233464118
2024-08-21 10:24:17,91200.0,100,Buy,233464119
2024-08-21 10:24:17,91200.0,100,Buy,233464120
2024-08-21 10:24:21,91200.0,400,Buy,233464197
2024-08-21 10:24:39,91100.0,900,Sell,233464608
2024-08-21 10:25:20,91100.0,100,Sell,233465821
2024-08-21 10:25:46,91100.0,100,Sell,233466489
2024-08-21 10:25:51,91100.0,300,Sell,233466621
2024-08-21 10:26:08,91100.0,200,Sell,233467070
2024-08-21 10:26:15,91100.0,100,Sell,233467298
2024-08-21 10:26:27,91100.0,100,Sell,233467755
2024-08-21 10:26:39,91200.0,400,Buy,233468179
2024-08-21 10:26:39,91200.0,200,Buy,233468180
2024-08-21 10:26:39,91200.0,1000,Buy,233468181
2024-08-21 10:26:44,91100.0,100,Sell,233468369
2024-08-21 10:26:47,91200.0,800,Buy,233468419
2024-08-21 10:26:47,91200.0,600,Buy,233468404
2024-08-21 10:26:47,91200.0,200,Buy,233468418
2024-08-21 10:26:59,91200.0,500,Buy,233468703
2024-08-21 10:26:59,91200.0,100,Buy,233468704
2024-08-21 10:26:59,91200.0,100,Buy,233468705
2024-08-21 10:26:59,91200.0,2300,Buy,233468702
2024-08-21 10:27:00,91200.0,1500,Buy,233468738
2024-08-21 10:27:00,91200.0,1100,Buy,233468739
2024-08-21 10:27:00,91200.0,100,Buy,233468740
2024-08-21 10:27:04,91200.0,500,Sell,233468792
2024-08-21 10:27:21,91100.0,100,Sell,233469388
2024-08-21 10:27:21,91200.0,800,Sell,233469384
2024-08-21 10:27:21,91100.0,100,Sell,233469385
2024-08-21 10:27:21,91100.0,5000,Sell,233469386
2024-08-21 10:27:21,91100.0,2000,Sell,233469387
2024-08-21 10:27:26,91100.0,100,Sell,233469557
2024-08-21 10:27:56,91100.0,400,Sell,233470362
2024-08-21 10:27:56,91100.0,200,Sell,233470361
2024-08-21 10:27:56,91100.0,300,Sell,233470363
2024-08-21 10:28:23,91100.0,100,Sell,233470940
2024-08-21 10:28:26,91100.0,100,Sell,233471050
2024-08-21 10:28:26,91100.0,300,Sell,233471051
2024-08-21 10:28:26,91100.0,100,Sell,233471052
2024-08-21 10:28:49,91100.0,500,Sell,233471935
2024-08-21 10:29:05,91100.0,100,Sell,233472608
2024-08-21 10:29:10,91100.0,900,Sell,233472820
2024-08-21 10:29:10,91100.0,100,Sell,233472821
2024-08-21 10:29:37,91100.0,100,Sell,233473719
2024-08-21 10:29:49,91100.0,100,Sell,233474086
2024-08-21 10:29:50,91100.0,600,Sell,233474105
2024-08-21 10:30:00,91100.0,100,Sell,233474438
2024-08-21 10:30:08,91100.0,200,Sell,233474677
2024-08-21 10:30:08,91100.0,200,Sell,233474678
2024-08-21 10:30:08,91100.0,200,Sell,233474679
2024-08-21 10:30:08,91100.0,100,Sell,233474680
2024-08-21 10:30:08,91100.0,100,Sell,233474681
2024-08-21 10:30:08,91100.0,200,Sell,233474676
2024-08-21 10:30:20,91100.0,100,Sell,233475200
2024-08-21 10:30:21,91200.0,100,Buy,233475220
2024-08-21 10:30:28,91200.0,200,Buy,233475407
2024-08-21 10:30:28,91200.0,800,Buy,233475408
2024-08-21 10:30:33,91100.0,200,Sell,233475592
2024-08-21 10:30:33,91100.0,300,Sell,233475593
2024-08-21 10:30:44,91100.0,100,Sell,233475895
2024-08-21 10:31:06,91100.0,100,Sell,233476835
2024-08-21 10:31:06,91100.0,100,Sell,233476834
2024-08-21 10:31:14,91100.0,100,Sell,233477081
2024-08-21 10:31:14,91100.0,200,Sell,233477086
2024-08-21 10:31:14,91100.0,300,Sell,233477085
2024-08-21 10:31:14,91100.0,100,Sell,233477082
2024-08-21 10:31:14,91100.0,100,Sell,233477083
2024-08-21 10:31:14,91100.0,100,Sell,233477084
2024-08-21 10:32:10,91100.0,100,Sell,233479498
2024-08-21 10:32:15,91100.0,200,Sell,233479726
2024-08-21 10:32:15,91100.0,300,Sell,233479727
2024-08-21 10:32:15,91100.0,300,Sell,233479728
2024-08-21 10:32:15,91100.0,200,Sell,233479729
2024-08-21 10:32:15,91100.0,2000,Sell,233479730
2024-08-21 10:32:19,91100.0,100,Buy,233479891
2024-08-21 10:32:23,91000.0,100,Sell,233480112
2024-08-21 10:32:29,91100.0,100,Buy,233480435
2024-08-21 10:32:30,91000.0,500,Sell,233480480
2024-08-21 10:32:52,91100.0,1900,Buy,233481513
2024-08-21 10:32:59,91100.0,100,Buy,233481856
2024-08-21 10:33:00,91100.0,2000,Buy,233481902
2024-08-21 10:33:50,91100.0,1000,Buy,233483974
2024-08-21 10:33:51,91100.0,600,Buy,233483994
2024-08-21 10:33:55,91000.0,300,Sell,233484201
2024-08-21 10:34:01,91100.0,1200,Buy,233484492
2024-08-21 10:34:01,91100.0,100,Buy,233484493
2024-08-21 10:34:01,91100.0,1900,Buy,233484494
2024-08-21 10:34:02,91000.0,100,Sell,233484538
2024-08-21 10:34:05,91100.0,100,Buy,233484733
2024-08-21 10:34:05,91100.0,1100,Buy,233484734
2024-08-21 10:34:05,91100.0,100,Buy,233484735
2024-08-21 10:34:05,91100.0,1700,Buy,233484736
2024-08-21 10:34:30,91000.0,100,Sell,233485919
2024-08-21 10:34:30,91000.0,800,Sell,233485918
2024-08-21 10:34:43,91000.0,200,Sell,233486523
2024-08-21 10:34:45,91000.0,1400,Sell,233486588
2024-08-21 10:34:45,91000.0,400,Sell,233486587
2024-08-21 10:34:45,91000.0,100,Sell,233486583
2024-08-21 10:34:45,91000.0,300,Sell,233486582
2024-08-21 10:34:45,91000.0,200,Sell,233486577
2024-08-21 10:34:45,91000.0,400,Sell,233486580
2024-08-21 10:34:45,91000.0,100,Sell,233486579
2024-08-21 10:34:45,91000.0,100,Sell,233486578
2024-08-21 10:34:45,91000.0,1800,Sell,233486576
2024-08-21 10:34:45,91000.0,200,Sell,233486581
2024-08-21 10:34:56,91000.0,300,Sell,233487209
2024-08-21 10:35:03,91000.0,100,Sell,233487523
2024-08-21 10:35:08,91000.0,200,Sell,233487741
2024-08-21 10:35:08,91000.0,800,Sell,233487742
2024-08-21 10:35:13,91000.0,100,Sell,233487908
2024-08-21 10:35:19,91000.0,3400,Sell,233488152
2024-08-21 10:35:19,91000.0,1600,Sell,233488153
2024-08-21 10:35:19,91000.0,5000,Sell,233488155
2024-08-21 10:35:19,91000.0,3000,Sell,233488156
2024-08-21 10:35:19,91000.0,400,Sell,233488157
2024-08-21 10:35:19,91000.0,300,Sell,233488151
2024-08-21 10:35:19,91000.0,200,Sell,233488154
2024-08-21 10:35:40,90900.0,200,Sell,233489224
2024-08-21 10:35:42,90900.0,100,Sell,233489326
2024-08-21 10:35:50,91000.0,2000,Buy,233489668
2024-08-21 10:35:52,90900.0,100,Sell,233489738
2024-08-21 10:35:54,90900.0,1000,Sell,233489814
2024-08-21 10:35:54,90900.0,700,Sell,233489817
2024-08-21 10:35:54,90900.0,5000,Sell,233489816
2024-08-21 10:35:54,90900.0,2000,Sell,233489815
2024-08-21 10:35:54,90900.0,2000,Sell,233489813
2024-08-21 10:35:54,90900.0,1200,Sell,233489809
2024-08-21 10:35:54,90900.0,4900,Sell,233489807
2024-08-21 10:35:54,90900.0,1200,Sell,233489810
2024-08-21 10:35:54,90900.0,2000,Sell,233489808
2024-08-21 10:36:03,90900.0,1000,Sell,233490340
2024-08-21 10:36:14,90900.0,200,Sell,233490669
2024-08-21 10:36:20,90900.0,100,Sell,233490966
2024-08-21 10:36:28,90900.0,200,Sell,233491279
2024-08-21 10:36:28,90900.0,100,Sell,233491280
2024-08-21 10:36:28,90900.0,200,Sell,233491281
2024-08-21 10:36:40,90900.0,3000,Sell,233491801
2024-08-21 10:36:41,90900.0,100,Sell,233491856
2024-08-21 10:36:41,90900.0,100,Sell,233491857
2024-08-21 10:36:41,90900.0,1600,Sell,233491858
2024-08-21 10:36:41,90900.0,300,Sell,233491859
2024-08-21 10:36:44,90900.0,1700,Sell,233491938
2024-08-21 10:37:21,90900.0,100,Sell,233493373
2024-08-21 10:37:27,90800.0,1100,Sell,233493664
2024-08-21 10:37:27,90900.0,900,Sell,233493663
2024-08-21 10:37:47,90800.0,1400,Sell,233494345
2024-08-21 10:37:50,90800.0,900,Sell,233494459
2024-08-21 10:38:04,90800.0,200,Sell,233495042
2024-08-21 10:38:10,90800.0,2100,Sell,233495232
2024-08-21 10:38:50,90800.0,1000,Sell,233496459
2024-08-21 10:38:51,90800.0,900,Sell,233496465
2024-08-21 10:38:51,90800.0,100,Sell,233496466
2024-08-21 10:39:00,90800.0,100,Sell,233496734
2024-08-21 10:39:02,90900.0,500,Buy,233496774
2024-08-21 10:39:35,90900.0,2000,Buy,233497880
2024-08-21 10:39:52,90900.0,100,Buy,233498409
2024-08-21 10:39:56,90900.0,1000,Buy,233498574
2024-08-21 10:40:35,90900.0,500,Buy,233499529
2024-08-21 10:40:39,90800.0,100,Sell,233499681
2024-08-21 10:40:44,90900.0,100,Buy,233499795
2024-08-21 10:41:04,90900.0,100,Sell,233500254
2024-08-21 10:41:04,90800.0,100,Sell,233500255
2024-08-21 10:41:04,90800.0,400,Sell,233500256
2024-08-21 10:41:04,90800.0,100,Sell,233500257
2024-08-21 10:41:04,90800.0,200,Sell,233500258
2024-08-21 10:41:15,90800.0,100,Sell,233500516
2024-08-21 10:41:15,90800.0,900,Sell,233500517
2024-08-21 10:41:21,90900.0,100,Buy,233500720
2024-08-21 10:41:21,90900.0,100,Buy,233500721
2024-08-21 10:41:39,90900.0,400,Sell,233501039
2024-08-21 10:41:46,91000.0,100,Buy,233501199
2024-08-21 10:41:46,91000.0,3000,Buy,233501198
2024-08-21 10:41:46,91000.0,100,Buy,233501197
2024-08-21 10:41:46,91000.0,1500,Buy,233501196
2024-08-21 10:41:46,91000.0,600,Buy,233501189
2024-08-21 10:41:46,91000.0,100,Buy,233501186
2024-08-21 10:41:46,91000.0,1800,Buy,233501187
2024-08-21 10:41:46,91000.0,1000,Buy,233501185
2024-08-21 10:41:46,91000.0,100,Buy,233501184
2024-08-21 10:41:46,91000.0,4100,Buy,233501183
2024-08-21 10:41:46,91000.0,2000,Buy,233501188
2024-08-21 10:42:04,91000.0,400,Buy,233501592
2024-08-21 10:42:04,91000.0,500,Buy,233501593
2024-08-21 10:42:18,91100.0,100,Buy,233501925
2024-08-21 10:42:18,91100.0,100,Buy,233501926
2024-08-21 10:42:18,91100.0,100,Buy,233501924
2024-08-21 10:42:18,91100.0,300,Buy,233501927
2024-08-21 10:42:18,91100.0,1200,Buy,233501922
2024-08-21 10:42:18,91100.0,100,Buy,233501921
2024-08-21 10:42:18,91100.0,100,Buy,233501923
2024-08-21 10:42:18,91000.0,100,Sell,233501918
2024-08-21 10:42:21,91000.0,100,Sell,233501998
2024-08-21 10:42:35,91000.0,200,Sell,233502338
2024-08-21 10:42:56,91100.0,100,Buy,233502942
2024-08-21 10:43:25,91100.0,100,Buy,233503667
2024-08-21 10:43:29,91100.0,100,Buy,233503760
2024-08-21 10:43:58,91000.0,100,Sell,233504320
2024-08-21 10:43:58,91100.0,100,Buy,233504325
2024-08-21 10:44:20,91100.0,500,Sell,233504777
2024-08-21 10:44:20,91100.0,500,Sell,233504778
2024-08-21 10:44:22,91100.0,500,Sell,233504830
2024-08-21 10:44:22,91100.0,400,Sell,233504831
2024-08-21 10:44:25,91100.0,500,Sell,233504872
2024-08-21 10:44:36,91100.0,100,Sell,233505085
2024-08-21 10:44:36,91100.0,200,Sell,233505086
2024-08-21 10:45:07,91100.0,400,Sell,233505563
2024-08-21 10:45:07,91100.0,600,Sell,233505564
2024-08-21 10:45:09,91100.0,500,Sell,233505598
2024-08-21 10:45:09,91100.0,400,Sell,233505597
2024-08-21 10:45:37,91100.0,100,Sell,233506007
2024-08-21 10:47:02,91100.0,100,Sell,233507453
2024-08-21 10:47:16,91100.0,100,Sell,233507710
2024-08-21 10:47:39,91100.0,900,Sell,233508098
2024-08-21 10:47:40,91200.0,200,Buy,233508110
2024-08-21 10:47:40,91200.0,100,Buy,233508111
2024-08-21 10:47:40,91200.0,100,Buy,233508112
2024-08-21 10:47:40,91200.0,100,Buy,233508113
2024-08-21 10:47:40,91200.0,200,Buy,233508114
2024-08-21 10:47:40,91200.0,400,Buy,233508115
2024-08-21 10:48:40,91200.0,100,Buy,233509232
2024-08-21 10:48:40,91200.0,300,Buy,233509231
2024-08-21 10:48:40,91200.0,1000,Buy,233509230
2024-08-21 10:48:40,91200.0,200,Buy,233509229
2024-08-21 10:48:40,91200.0,300,Buy,233509228
2024-08-21 10:48:40,91200.0,1500,Buy,233509226
2024-08-21 10:48:40,91200.0,100,Buy,233509225
2024-08-21 10:48:40,91200.0,100,Buy,233509227
2024-08-21 10:48:40,91200.0,100,Buy,233509222
2024-08-21 10:48:40,91200.0,1000,Buy,233509223
2024-08-21 10:48:40,91200.0,300,Buy,233509224
2024-08-21 10:48:55,91100.0,100,Sell,233509456
2024-08-21 10:49:08,91100.0,200,Sell,233509748
2024-08-21 10:49:23,91200.0,500,Buy,233509972
2024-08-21 10:49:23,91200.0,100,Buy,233509973
2024-08-21 10:49:23,91200.0,100,Buy,233509974
2024-08-21 10:49:23,91200.0,100,Buy,233509975
2024-08-21 10:49:23,91200.0,200,Buy,233509976
2024-08-21 10:49:48,91200.0,500,Buy,233510383
2024-08-21 10:49:55,91200.0,200,Buy,233510519
2024-08-21 10:49:55,91200.0,700,Buy,233510518
2024-08-21 10:49:55,91200.0,200,Buy,233510517
2024-08-21 10:49:55,91200.0,300,Buy,233510516
2024-08-21 10:49:55,91200.0,500,Buy,233510514
2024-08-21 10:49:55,91200.0,100,Buy,233510515
2024-08-21 10:50:00,91100.0,200,Sell,233510587
2024-08-21 10:50:00,91100.0,300,Sell,233510588
2024-08-21 10:50:34,91100.0,100,Sell,233511049
2024-08-21 10:50:55,91200.0,600,Buy,233511353
2024-08-21 10:50:55,91200.0,200,Buy,233511356
2024-08-21 10:50:55,91200.0,100,Buy,233511357
2024-08-21 10:50:55,91200.0,100,Buy,233511358
2024-08-21 10:50:55,91200.0,200,Buy,233511359
2024-08-21 10:50:55,91200.0,400,Buy,233511360
2024-08-21 10:50:56,91100.0,300,Sell,233511385
2024-08-21 10:50:56,91100.0,600,Sell,233511384
2024-08-21 10:50:58,91100.0,700,Sell,233511412
2024-08-21 10:50:58,91100.0,400,Sell,233511415
2024-08-21 10:50:58,91100.0,300,Sell,233511413
2024-08-21 10:50:58,91100.0,600,Sell,233511414
2024-08-21 10:50:59,91200.0,100,Buy,233511425
2024-08-21 10:50:59,91200.0,500,Buy,233511424
2024-08-21 10:50:59,91200.0,300,Buy,233511421
2024-08-21 10:50:59,91200.0,100,Buy,233511422
2024-08-21 10:50:59,91200.0,600,Buy,233511423
2024-08-21 10:51:02,91100.0,400,Sell,233511476
2024-08-21 10:51:03,91200.0,1000,Buy,233511490
2024-08-21 10:51:24,91200.0,100,Buy,233511852
2024-08-21 10:51:24,91200.0,500,Buy,233511853
2024-08-21 10:51:24,91200.0,400,Buy,233511854
2024-08-21 10:51:25,91200.0,100,Buy,233511873
2024-08-21 10:51:25,91200.0,100,Buy,233511874
2024-08-21 10:51:38,91200.0,100,Sell,233512061
2024-08-21 10:52:14,91200.0,100,Sell,233512596
2024-08-21 10:52:18,91200.0,100,Sell,233512683
2024-08-21 10:52:18,91200.0,400,Sell,233512682
2024-08-21 10:52:18,91200.0,200,Sell,233512681
2024-08-21 10:52:18,91200.0,100,Sell,233512680
2024-08-21 10:52:18,91200.0,100,Sell,233512676
2024-08-21 10:52:18,91200.0,400,Sell,233512678
2024-08-21 10:52:18,91200.0,300,Sell,233512677
2024-08-21 10:52:18,91200.0,400,Sell,233512675
2024-08-21 10:52:18,91200.0,100,Sell,233512679
2024-08-21 10:52:28,91200.0,100,Buy,233512804
2024-08-21 10:52:28,91200.0,900,Buy,233512805
2024-08-21 10:53:53,91100.0,100,Sell,233514259
2024-08-21 10:54:14,91100.0,400,Sell,233514658
2024-08-21 10:54:14,91100.0,200,Sell,233514659
2024-08-21 10:54:14,91100.0,100,Sell,233514656
2024-08-21 10:54:14,91100.0,100,Sell,233514655
2024-08-21 10:54:14,91100.0,100,Sell,233514657
2024-08-21 10:54:21,91100.0,200,Sell,233514770
2024-08-21 10:54:21,91100.0,200,Sell,233514771
2024-08-21 10:54:21,91100.0,100,Sell,233514772
2024-08-21 10:54:21,91100.0,200,Sell,233514773
2024-08-21 10:55:13,91100.0,100,Sell,233515697
2024-08-21 10:55:13,91100.0,1600,Sell,233515698
2024-08-21 10:55:32,91100.0,100,Sell,233516102
2024-08-21 10:55:38,91100.0,100,Sell,233516171
2024-08-21 10:55:40,91100.0,100,Sell,233516232
2024-08-21 10:56:12,91100.0,100,Sell,233516814
2024-08-21 10:56:47,91200.0,800,Buy,233517291
2024-08-21 10:56:47,91200.0,100,Buy,233517289
2024-08-21 10:56:47,91200.0,100,Buy,233517290
2024-08-21 10:57:11,91100.0,100,Sell,233517635
2024-08-21 10:57:32,91100.0,900,Sell,233517979
2024-08-21 10:57:33,91100.0,300,Sell,233517997
2024-08-21 10:57:56,91200.0,1000,Buy,233518325
2024-08-21 10:58:33,91200.0,200,Buy,233518868
2024-08-21 10:58:33,91200.0,500,Buy,233518869
2024-08-21 10:58:33,91200.0,300,Buy,233518870
2024-08-21 10:58:50,91100.0,100,Sell,233519143
2024-08-21 10:59:03,91200.0,100,Buy,233519357
2024-08-21 10:59:27,91200.0,300,Buy,233519711
2024-08-21 10:59:27,91200.0,300,Buy,233519707
2024-08-21 10:59:27,91200.0,1000,Buy,233519709
2024-08-21 10:59:27,91200.0,1600,Buy,233519706
2024-08-21 10:59:27,91200.0,100,Buy,233519710
2024-08-21 10:59:27,91200.0,500,Buy,233519704
2024-08-21 10:59:27,91200.0,1000,Buy,233519705
2024-08-21 10:59:27,91200.0,100,Buy,233519700
2024-08-21 10:59:27,91200.0,200,Buy,233519701
2024-08-21 10:59:27,91200.0,600,Buy,233519708
2024-08-21 10:59:27,91200.0,2000,Buy,233519702
2024-08-21 10:59:27,91200.0,500,Buy,233519703
2024-08-21 10:59:29,91200.0,1000,Sell,233519751
2024-08-21 10:59:37,91200.0,200,Sell,233519872
2024-08-21 10:59:39,91200.0,900,Sell,233519888
2024-08-21 10:59:39,91200.0,300,Sell,233519889
2024-08-21 10:59:40,91200.0,500,Sell,233519927
2024-08-21 10:59:46,91200.0,200,Sell,233520058
2024-08-21 11:00:05,91200.0,300,Sell,233520438
2024-08-21 11:00:12,91200.0,3700,Sell,233520533
2024-08-21 11:00:12,91200.0,1300,Sell,233520534
2024-08-21 11:00:15,91200.0,500,Sell,233520601
2024-08-21 11:00:30,91200.0,100,Sell,233520898
2024-08-21 11:00:33,91200.0,100,Sell,233520947
2024-08-21 11:00:38,91200.0,1400,Sell,233521045
2024-08-21 11:00:38,91200.0,100,Sell,233521044
2024-08-21 11:00:43,91200.0,200,Sell,233521124
2024-08-21 11:00:49,91200.0,400,Sell,233521227
2024-08-21 11:00:49,91200.0,500,Sell,233521228
2024-08-21 11:00:51,91200.0,1500,Sell,233521283
2024-08-21 11:01:19,91200.0,400,Buy,233521735
2024-08-21 11:01:21,91200.0,200,Sell,233521749
2024-08-21 11:01:25,91200.0,200,Sell,233521835
2024-08-21 11:01:26,91200.0,200,Sell,233521865
2024-08-21 11:01:32,91200.0,200,Sell,233522065
2024-08-21 11:01:44,91200.0,400,Sell,233522293
2024-08-21 11:01:44,91200.0,100,Sell,233522294
2024-08-21 11:01:47,91200.0,900,Sell,233522355
2024-08-21 11:01:47,91200.0,100,Sell,233522357
2024-08-21 11:01:47,91200.0,300,Sell,233522356
2024-08-21 11:02:09,91200.0,100,Sell,233522708
2024-08-21 11:02:24,91200.0,200,Sell,233522953
2024-08-21 11:02:31,91200.0,200,Sell,233523054
2024-08-21 11:02:44,91200.0,200,Sell,233523342
2024-08-21 11:02:44,91200.0,100,Sell,233523343
2024-08-21 11:03:03,91200.0,100,Sell,233523646
2024-08-21 11:03:10,91200.0,300,Sell,233523781
2024-08-21 11:03:10,91200.0,100,Sell,233523782
2024-08-21 11:03:48,91200.0,100,Sell,233524606
2024-08-21 11:03:53,91200.0,400,Sell,233524677
2024-08-21 11:03:53,91200.0,100,Sell,233524678
2024-08-21 11:04:02,91200.0,100,Sell,233524892
2024-08-21 11:04:06,91200.0,800,Sell,233525206
2024-08-21 11:04:06,91200.0,100,Sell,233525207
2024-08-21 11:04:14,91200.0,900,Sell,233525322
2024-08-21 11:04:14,91200.0,100,Sell,233525323
2024-08-21 11:04:25,91200.0,100,Sell,233525502
2024-08-21 11:04:34,91200.0,300,Sell,233525674
2024-08-21 11:05:27,91200.0,100,Sell,233526487
2024-08-21 11:05:54,91200.0,100,Sell,233527156
2024-08-21 11:06:29,91200.0,100,Sell,233527785
2024-08-21 11:07:02,91300.0,1000,Buy,233528356
2024-08-21 11:07:03,91300.0,1000,Buy,233528375
2024-08-21 11:07:03,91300.0,600,Buy,233528376
2024-08-21 11:07:04,91200.0,3300,Sell,233528384
2024-08-21 11:07:06,91200.0,100,Sell,233528403
2024-08-21 11:07:07,91300.0,200,Buy,233528417
2024-08-21 11:07:23,91200.0,800,Sell,233528731
2024-08-21 11:07:23,91200.0,100,Sell,233528732
2024-08-21 11:07:29,91200.0,200,Sell,233528821
2024-08-21 11:07:44,91300.0,100,Buy,233529045
2024-08-21 11:08:09,91200.0,100,Sell,233529445
2024-08-21 11:08:15,91200.0,100,Sell,233529523
2024-08-21 11:08:30,91200.0,800,Sell,233529776
2024-08-21 11:08:30,91200.0,1000,Sell,233529777
2024-08-21 11:08:30,91200.0,600,Sell,233529778
2024-08-21 11:08:30,91200.0,2000,Sell,233529779
2024-08-21 11:08:30,91200.0,1000,Sell,233529780
2024-08-21 11:08:30,91200.0,600,Sell,233529781
2024-08-21 11:08:30,91200.0,200,Sell,233529782
2024-08-21 11:08:30,91200.0,300,Sell,233529783
2024-08-21 11:08:30,91200.0,500,Sell,233529784
2024-08-21 11:08:30,91200.0,600,Sell,233529785
2024-08-21 11:08:30,91200.0,100,Sell,233529786
2024-08-21 11:08:30,91200.0,100,Sell,233529787
2024-08-21 11:08:30,91200.0,200,Sell,233529788
2024-08-21 11:08:46,91200.0,100,Sell,233530141
2024-08-21 11:08:48,91200.0,200,Sell,233530164
2024-08-21 11:08:56,91200.0,200,Sell,233530273
2024-08-21 11:09:10,91200.0,100,Sell,233530559
2024-08-21 11:09:24,91200.0,100,Sell,233530807
2024-08-21 11:09:24,91200.0,100,Sell,233530808
2024-08-21 11:09:24,91200.0,100,Sell,233530809
2024-08-21 11:09:24,91200.0,500,Sell,233530810
2024-08-21 11:09:24,91200.0,200,Sell,233530811
2024-08-21 11:09:24,91200.0,200,Sell,233530812
2024-08-21 11:09:24,91200.0,300,Sell,233530813
2024-08-21 11:09:24,91200.0,300,Sell,233530815
2024-08-21 11:09:24,91200.0,200,Sell,233530816
2024-08-21 11:09:24,91200.0,200,Sell,233530817
2024-08-21 11:09:24,91200.0,2000,Sell,233530818
2024-08-21 11:09:24,91200.0,800,Sell,233530819
2024-08-21 11:09:31,91200.0,1000,Sell,233531009
2024-08-21 11:09:31,91200.0,1000,Sell,233531010
2024-08-21 11:09:31,91200.0,200,Sell,233531007
2024-08-21 11:09:31,91200.0,600,Sell,233531008
2024-08-21 11:09:40,91200.0,2000,Buy,233531205
2024-08-21 11:10:25,91100.0,100,Sell,233532089
2024-08-21 11:10:40,91100.0,600,Sell,233532361
2024-08-21 11:10:40,91100.0,300,Sell,233532362
2024-08-21 11:11:19,91200.0,200,Buy,233533135
2024-08-21 11:11:19,91200.0,200,Buy,233533136
2024-08-21 11:11:19,91200.0,500,Buy,233533137
2024-08-21 11:11:19,91200.0,100,Buy,233533138
2024-08-21 11:11:42,91200.0,200,Sell,233533596
2024-08-21 11:11:55,91200.0,100,Sell,233533855
2024-08-21 11:12:00,91200.0,400,Sell,233533909
2024-08-21 11:12:04,91200.0,100,Sell,233533996
2024-08-21 11:12:10,91200.0,200,Sell,233534088
2024-08-21 11:12:40,91300.0,2000,Buy,233534738
2024-08-21 11:12:52,91300.0,1000,Buy,233535035
2024-08-21 11:12:55,91300.0,10000,Buy,233535103
2024-08-21 11:12:56,91300.0,2000,Buy,233535153
2024-08-21 11:13:06,91300.0,3600,Buy,233535304
2024-08-21 11:13:06,91300.0,100,Buy,233535305
2024-08-21 11:13:06,91300.0,200,Buy,233535306
2024-08-21 11:13:06,91300.0,200,Buy,233535307
2024-08-21 11:13:06,91300.0,500,Buy,233535308
2024-08-21 11:13:06,91300.0,100,Buy,233535309
2024-08-21 11:13:06,91300.0,300,Buy,233535310
2024-08-21 11:13:09,91300.0,1000,Buy,233535387
2024-08-21 11:13:09,91300.0,100,Buy,233535385
2024-08-21 11:13:09,91300.0,500,Buy,233535386
2024-08-21 11:13:09,91300.0,200,Buy,233535384
2024-08-21 11:13:09,91300.0,100,Buy,233535389
2024-08-21 11:13:09,91300.0,2100,Buy,233535390
2024-08-21 11:13:09,91300.0,100,Buy,233535388
2024-08-21 11:13:09,91300.0,200,Buy,233535383
2024-08-21 11:13:09,91300.0,100,Buy,233535376
2024-08-21 11:13:09,91300.0,100,Buy,233535381
2024-08-21 11:13:09,91300.0,200,Buy,233535373
2024-08-21 11:13:09,91300.0,100,Buy,233535374
2024-08-21 11:13:09,91300.0,500,Buy,233535375
2024-08-21 11:13:09,91300.0,1000,Buy,233535382
2024-08-21 11:13:09,91300.0,100,Buy,233535378
2024-08-21 11:13:09,91300.0,100,Buy,233535379
2024-08-21 11:13:09,91300.0,1400,Buy,233535380
2024-08-21 11:13:09,91300.0,100,Buy,233535377
2024-08-21 11:13:16,91300.0,4000,Buy,233535486
2024-08-21 11:13:43,91300.0,3000,Buy,233535897
2024-08-21 11:13:43,91200.0,100,Sell,233535901
2024-08-21 11:13:58,91200.0,900,Sell,233536133
2024-08-21 11:14:04,91200.0,200,Sell,233536228
2024-08-21 11:14:26,91200.0,100,Sell,233536575
2024-08-21 11:14:51,91200.0,200,Sell,233536952
2024-08-21 11:14:53,91300.0,2000,Buy,233536983
2024-08-21 11:14:53,91300.0,1200,Buy,233536978
2024-08-21 11:14:55,91300.0,2000,Buy,233537007
2024-08-21 11:15:19,91300.0,100,Buy,233537325
2024-08-21 11:15:19,91400.0,100,Buy,233537339
2024-08-21 11:15:19,91300.0,100,Buy,233537338
2024-08-21 11:15:19,91300.0,500,Buy,233537337
2024-08-21 11:15:19,91300.0,2000,Buy,233537336
2024-08-21 11:15:19,91300.0,100,Buy,233537334
2024-08-21 11:15:19,91300.0,100,Buy,233537333
2024-08-21 11:15:19,91300.0,1000,Buy,233537324
2024-08-21 11:15:19,91400.0,100,Buy,233537340
2024-08-21 11:15:19,91300.0,100,Buy,233537331
2024-08-21 11:15:19,91300.0,100,Buy,233537330
2024-08-21 11:15:19,91300.0,100,Buy,233537329
2024-08-21 11:15:19,91300.0,400,Buy,233537328
2024-08-21 11:15:19,91300.0,100,Buy,233537327
2024-08-21 11:15:19,91300.0,500,Buy,233537326
2024-08-21 11:15:19,91300.0,1200,Buy,233537332
2024-08-21 11:15:19,91400.0,200,Buy,233537341
2024-08-21 11:15:19,91400.0,100,Buy,233537350
2024-08-21 11:15:19,91400.0,100,Buy,233537343
2024-08-21 11:15:19,91300.0,100,Buy,233537323
2024-08-21 11:15:19,91400.0,2100,Buy,233537358
2024-08-21 11:15:19,91400.0,100,Buy,233537357
2024-08-21 11:15:19,91400.0,200,Buy,233537356
2024-08-21 11:15:19,91400.0,300,Buy,233537355
2024-08-21 11:15:19,91400.0,1000,Buy,233537354
2024-08-21 11:15:19,91400.0,5000,Buy,233537353
2024-08-21 11:15:19,91400.0,200,Buy,233537352
2024-08-21 11:15:19,91400.0,600,Buy,233537351
2024-08-21 11:15:19,91400.0,4000,Buy,233537349
2024-08-21 11:15:19,91400.0,100,Buy,233537348
2024-08-21 11:15:19,91400.0,800,Buy,233537347
2024-08-21 11:15:19,91400.0,100,Buy,233537346
2024-08-21 11:15:19,91400.0,100,Buy,233537345
2024-08-21 11:15:19,91400.0,5000,Buy,233537344
2024-08-21 11:15:19,91400.0,1000,Buy,233537342
2024-08-21 11:15:19,91300.0,100,Buy,233537322
2024-08-21 11:15:19,91300.0,200,Buy,233537335
2024-08-21 11:15:19,91300.0,600,Buy,233537320
2024-08-21 11:15:19,91300.0,1000,Buy,233537300
2024-08-21 11:15:19,91300.0,500,Buy,233537299
2024-08-21 11:15:19,91300.0,100,Buy,233537298
2024-08-21 11:15:19,91300.0,200,Buy,233537297
2024-08-21 11:15:19,91300.0,300,Buy,233537296
2024-08-21 11:15:19,91300.0,100,Buy,233537295
2024-08-21 11:15:19,91300.0,800,Buy,233537294
2024-08-21 11:15:19,91300.0,100,Buy,233537293
2024-08-21 11:15:19,91300.0,100,Buy,233537292
2024-08-21 11:15:19,91300.0,100,Buy,233537291
2024-08-21 11:15:19,91300.0,100,Buy,233537290
2024-08-21 11:15:19,91300.0,100,Buy,233537289
2024-08-21 11:15:19,91300.0,100,Buy,233537288
2024-08-21 11:15:19,91300.0,100,Buy,233537287
2024-08-21 11:15:19,91300.0,100,Buy,233537286
2024-08-21 11:15:19,91300.0,100,Buy,233537301
2024-08-21 11:15:19,91300.0,1200,Buy,233537302
2024-08-21 11:15:19,91300.0,100,Buy,233537321
2024-08-21 11:15:19,91300.0,100,Buy,233537304
2024-08-21 11:15:19,91300.0,200,Buy,233537303
2024-08-21 11:15:19,91300.0,1500,Buy,233537319
2024-08-21 11:15:19,91300.0,100,Buy,233537318
2024-08-21 11:15:19,91300.0,500,Buy,233537316
2024-08-21 11:15:19,91300.0,1000,Buy,233537315
2024-08-21 11:15:19,91300.0,500,Buy,233537314
2024-08-21 11:15:19,91300.0,100,Buy,233537313
2024-08-21 11:15:19,91300.0,200,Buy,233537312
2024-08-21 11:15:19,91300.0,100,Buy,233537317
2024-08-21 11:15:19,91300.0,100,Buy,233537310
2024-08-21 11:15:19,91300.0,500,Buy,233537309
2024-08-21 11:15:19,91300.0,7700,Buy,233537285
2024-08-21 11:15:19,91300.0,2000,Buy,233537308
2024-08-21 11:15:19,91300.0,100,Buy,233537305
2024-08-21 11:15:19,91300.0,100,Buy,233537307
2024-08-21 11:15:19,91300.0,1000,Buy,233537306
2024-08-21 11:15:19,91300.0,400,Buy,233537311
2024-08-21 11:15:22,91300.0,100,Sell,233537502
2024-08-21 11:15:31,91400.0,100,Buy,233537624
2024-08-21 11:15:31,91400.0,1000,Buy,233537622
2024-08-21 11:15:31,91400.0,400,Buy,233537621
2024-08-21 11:15:31,91400.0,500,Buy,233537623
2024-08-21 11:15:35,91400.0,100,Buy,233537691
2024-08-21 11:15:35,91400.0,500,Buy,233537695
2024-08-21 11:15:35,91400.0,100,Buy,233537694
2024-08-21 11:15:35,91400.0,400,Buy,233537693
2024-08-21 11:15:35,91400.0,100,Buy,233537692
2024-08-21 11:15:35,91400.0,100,Buy,233537690
2024-08-21 11:15:35,91400.0,100,Buy,233537684
2024-08-21 11:15:35,91400.0,100,Buy,233537688
2024-08-21 11:15:35,91400.0,100,Buy,233537687
2024-08-21 11:15:35,91400.0,100,Buy,233537686
2024-08-21 11:15:35,91400.0,100,Buy,233537685
2024-08-21 11:15:35,91400.0,100,Buy,233537683
2024-08-21 11:15:35,91400.0,100,Buy,233537689
2024-08-21 11:15:39,91400.0,100,Buy,233537762
2024-08-21 11:15:39,91400.0,1000,Buy,233537763
2024-08-21 11:15:39,91400.0,100,Buy,233537760
2024-08-21 11:15:39,91400.0,500,Buy,233537761
2024-08-21 11:15:46,91400.0,300,Sell,233537850
2024-08-21 11:15:57,91500.0,100,Buy,233538008
2024-08-21 11:15:57,91500.0,200,Buy,233538013
2024-08-21 11:15:57,91500.0,100,Buy,233538012
2024-08-21 11:15:57,91500.0,100,Buy,233538011
2024-08-21 11:15:57,91500.0,100,Buy,233538010
2024-08-21 11:15:57,91500.0,100,Buy,233538009
2024-08-21 11:15:57,91500.0,200,Buy,233538007
2024-08-21 11:15:57,91500.0,400,Buy,233538005
2024-08-21 11:15:57,91500.0,100,Buy,233538004
2024-08-21 11:15:57,91500.0,100,Buy,233538003
2024-08-21 11:15:57,91500.0,100,Buy,233537995
2024-08-21 11:15:57,91500.0,600,Buy,233537983
2024-08-21 11:15:57,91500.0,100,Buy,233537982
2024-08-21 11:15:57,91500.0,1000,Buy,233537981
2024-08-21 11:15:57,91500.0,500,Buy,233537980
2024-08-21 11:15:57,91500.0,100,Buy,233537979
2024-08-21 11:16:03,91500.0,1000,Buy,233538064
2024-08-21 11:16:05,91500.0,2000,Buy,233538100
2024-08-21 11:16:05,91500.0,1200,Buy,233538099
2024-08-21 11:16:07,91500.0,1200,Buy,233538120
2024-08-21 11:16:07,91500.0,2000,Buy,233538121
2024-08-21 11:16:07,91500.0,100,Buy,233538122
2024-08-21 11:16:07,91500.0,200,Buy,233538123
2024-08-21 11:16:07,91500.0,500,Buy,233538124
2024-08-21 11:16:07,91500.0,200,Buy,233538125
2024-08-21 11:16:07,91500.0,100,Buy,233538126
2024-08-21 11:16:07,91500.0,100,Buy,233538127
2024-08-21 11:16:07,91500.0,1600,Buy,233538128
2024-08-21 11:16:17,91500.0,3000,Buy,233538290
2024-08-21 11:16:20,91500.0,1000,Buy,233538343
2024-08-21 11:16:21,91500.0,1000,Buy,233538363
2024-08-21 11:16:25,91500.0,3400,Buy,233538397
2024-08-21 11:16:25,91500.0,100,Buy,233538398
2024-08-21 11:16:25,91500.0,100,Buy,233538399
2024-08-21 11:16:25,91500.0,200,Buy,233538400
2024-08-21 11:16:25,91500.0,100,Buy,233538401
2024-08-21 11:16:25,91500.0,5100,Buy,233538402
2024-08-21 11:16:26,91500.0,900,Buy,233538420
2024-08-21 11:16:28,91500.0,300,Buy,233538440
2024-08-21 11:16:29,91500.0,1900,Buy,233538455
2024-08-21 11:16:29,91500.0,1000,Buy,233538454
2024-08-21 11:16:29,91500.0,100,Buy,233538452
2024-08-21 11:16:29,91500.0,1700,Buy,233538451
2024-08-21 11:16:29,91500.0,300,Buy,233538453
2024-08-21 11:16:31,91400.0,100,Sell,233538490
2024-08-21 11:16:32,91500.0,100,Buy,233538560
2024-08-21 11:16:32,91500.0,100,Buy,233538563
2024-08-21 11:16:32,91500.0,100,Buy,233538562
2024-08-21 11:16:32,91500.0,100,Buy,233538561
2024-08-21 11:16:32,91500.0,100,Buy,233538559
2024-08-21 11:16:32,91500.0,100,Buy,233538558
2024-08-21 11:16:32,91500.0,1000,Buy,233538557
2024-08-21 11:16:32,91500.0,200,Buy,233538556
2024-08-21 11:16:32,91500.0,100,Buy,233538548
2024-08-21 11:16:32,91500.0,100,Buy,233538554
2024-08-21 11:16:32,91500.0,900,Buy,233538553
2024-08-21 11:16:32,91500.0,100,Buy,233538552
2024-08-21 11:16:32,91500.0,100,Buy,233538551
2024-08-21 11:16:32,91500.0,100,Buy,233538550
2024-08-21 11:16:32,91500.0,100,Buy,233538549
2024-08-21 11:16:32,91500.0,100,Buy,233538547
2024-08-21 11:16:32,91500.0,100,Buy,233538546
2024-08-21 11:16:32,91500.0,100,Buy,233538555
2024-08-21 11:16:33,91500.0,200,Buy,233538573
2024-08-21 11:16:33,91500.0,300,Buy,233538572
2024-08-21 11:16:33,91500.0,400,Buy,233538571
2024-08-21 11:16:33,91500.0,100,Buy,233538568
2024-08-21 11:16:33,91500.0,100,Buy,233538569
2024-08-21 11:16:33,91500.0,500,Buy,233538567
2024-08-21 11:16:33,91500.0,100,Buy,233538566
2024-08-21 11:16:33,91500.0,1300,Buy,233538570
2024-08-21 11:16:42,91500.0,1000,Buy,233538688
2024-08-21 11:16:42,91500.0,2000,Buy,233538689
2024-08-21 11:16:42,91500.0,100,Buy,233538690
2024-08-21 11:16:43,91500.0,100,Buy,233538717
2024-08-21 11:16:43,91500.0,200,Buy,233538716
2024-08-21 11:16:43,91500.0,100,Buy,233538715
2024-08-21 11:16:43,91500.0,400,Buy,233538712
2024-08-21 11:16:43,91500.0,300,Buy,233538714
2024-08-21 11:16:43,91500.0,100,Buy,233538711
2024-08-21 11:16:44,91500.0,400,Buy,233538722
2024-08-21 11:16:50,91500.0,800,Buy,233538814
2024-08-21 11:16:50,91400.0,100,Sell,233538823
2024-08-21 11:16:53,91500.0,500,Buy,233538871
2024-08-21 11:16:53,91500.0,100,Buy,233538872
2024-08-21 11:16:53,91500.0,400,Buy,233538873
2024-08-21 11:16:53,91500.0,200,Buy,233538874
2024-08-21 11:16:53,91500.0,1800,Buy,233538875
2024-08-21 11:16:54,91500.0,200,Buy,233538876
2024-08-21 11:16:56,91500.0,100,Buy,233538964
2024-08-21 11:16:56,91500.0,100,Buy,233538963
2024-08-21 11:16:56,91500.0,100,Buy,233538962
2024-08-21 11:16:56,91500.0,100,Buy,233538961
2024-08-21 11:16:56,91500.0,100,Buy,233538957
2024-08-21 11:16:56,91500.0,100,Buy,233538959
2024-08-21 11:16:56,91500.0,700,Buy,233538958
2024-08-21 11:16:56,91500.0,300,Buy,233538965
2024-08-21 11:16:56,91500.0,500,Buy,233538956
2024-08-21 11:16:56,91500.0,100,Buy,233538960
2024-08-21 11:16:56,91500.0,300,Buy,233538966
2024-08-21 11:16:56,91500.0,1000,Buy,233538971
2024-08-21 11:16:56,91500.0,100,Buy,233538968
2024-08-21 11:16:56,91500.0,200,Buy,233538969
2024-08-21 11:16:56,91500.0,500,Buy,233538970
2024-08-21 11:16:56,91500.0,2000,Buy,233538972
2024-08-21 11:16:56,91500.0,200,Buy,233538973
2024-08-21 11:16:56,91500.0,500,Buy,233538974
2024-08-21 11:16:56,91500.0,300,Buy,233538975
2024-08-21 11:16:56,91500.0,200,Buy,233538976
2024-08-21 11:16:56,91500.0,700,Buy,233538977
2024-08-21 11:16:56,91500.0,100,Buy,233538978
2024-08-21 11:16:56,91500.0,300,Buy,233538967
2024-08-21 11:16:56,91500.0,100,Buy,233538955
2024-08-21 11:16:56,91500.0,200,Buy,233538953
2024-08-21 11:16:56,91500.0,100,Buy,233538938
2024-08-21 11:16:56,91500.0,300,Buy,233538930
2024-08-21 11:16:56,91500.0,100,Buy,233538931
2024-08-21 11:16:56,91500.0,500,Buy,233538932
2024-08-21 11:16:56,91500.0,2000,Buy,233538933
2024-08-21 11:16:56,91500.0,200,Buy,233538934
2024-08-21 11:16:56,91500.0,100,Buy,233538935
2024-08-21 11:16:56,91500.0,100,Buy,233538936
2024-08-21 11:16:56,91500.0,1000,Buy,233538937
2024-08-21 11:16:56,91500.0,1800,Buy,233538954
2024-08-21 11:16:56,91500.0,100,Buy,233538939
2024-08-21 11:16:56,91500.0,100,Buy,233538940
2024-08-21 11:16:56,91500.0,500,Buy,233538952
2024-08-21 11:16:56,91500.0,100,Buy,233538942
2024-08-21 11:16:56,91500.0,500,Buy,233538951
2024-08-21 11:16:56,91500.0,500,Buy,233538941
2024-08-21 11:16:56,91500.0,500,Buy,233538949
2024-08-21 11:16:56,91500.0,1500,Buy,233538948
2024-08-21 11:16:56,91500.0,500,Buy,233538950
2024-08-21 11:16:56,91500.0,100,Buy,233538946
2024-08-21 11:16:56,91500.0,300,Buy,233538945
2024-08-21 11:16:56,91500.0,100,Buy,233538944
2024-08-21 11:16:56,91500.0,5000,Buy,233538943
2024-08-21 11:16:56,91500.0,100,Buy,233538947
2024-08-21 11:16:57,91500.0,500,Buy,233538996
2024-08-21 11:16:57,91500.0,500,Buy,233538997
2024-08-21 11:16:57,91500.0,200,Buy,233538998
2024-08-21 11:16:58,91500.0,100,Buy,233539020
2024-08-21 11:16:58,91500.0,200,Buy,233539018
2024-08-21 11:16:58,91500.0,100,Buy,233539017
2024-08-21 11:16:58,91500.0,100,Buy,233539016
2024-08-21 11:16:58,91500.0,500,Buy,233539014
2024-08-21 11:16:58,91500.0,200,Buy,233539011
2024-08-21 11:16:58,91500.0,500,Buy,233539015
2024-08-21 11:16:58,91500.0,300,Buy,233539013
2024-08-21 11:16:58,91500.0,100,Buy,233539012
2024-08-21 11:17:02,91500.0,100,Sell,233539095
2024-08-21 11:17:07,91600.0,100,Buy,233539250
2024-08-21 11:17:07,91600.0,1000,Buy,233539251
2024-08-21 11:17:07,91600.0,500,Buy,233539252
2024-08-21 11:17:07,91600.0,2000,Buy,233539253
2024-08-21 11:17:07,91600.0,200,Buy,233539254
2024-08-21 11:17:07,91600.0,1000,Buy,233539255
2024-08-21 11:17:07,91600.0,200,Buy,233539256
2024-08-21 11:17:11,91500.0,100,Sell,233539314
2024-08-21 11:17:14,91500.0,300,Sell,233539346
2024-08-21 11:17:15,91500.0,900,Sell,233539404
2024-08-21 11:17:15,91600.0,200,Buy,233539400
2024-08-21 11:17:15,91600.0,200,Buy,233539399
2024-08-21 11:17:15,91600.0,100,Buy,233539398
2024-08-21 11:17:15,91600.0,100,Buy,233539396
2024-08-21 11:17:15,91600.0,300,Buy,233539395
2024-08-21 11:17:15,91600.0,200,Buy,233539397
2024-08-21 11:17:21,91600.0,200,Buy,233539487
2024-08-21 11:17:21,91600.0,100,Buy,233539488
2024-08-21 11:17:21,91600.0,300,Buy,233539489
2024-08-21 11:17:21,91600.0,100,Buy,233539490
2024-08-21 11:17:21,91600.0,300,Buy,233539491
2024-08-21 11:17:21,91600.0,200,Buy,233539492
2024-08-21 11:17:21,91600.0,100,Buy,233539493
2024-08-21 11:17:21,91600.0,500,Buy,233539494
2024-08-21 11:17:21,91600.0,200,Buy,233539495
2024-08-21 11:17:25,91600.0,300,Buy,233539545
2024-08-21 11:17:25,91600.0,200,Buy,233539544
2024-08-21 11:17:25,91600.0,100,Buy,233539543
2024-08-21 11:17:25,91600.0,400,Buy,233539541
2024-08-21 11:17:25,91600.0,100,Buy,233539540
2024-08-21 11:17:25,91600.0,100,Buy,233539539
2024-08-21 11:17:25,91600.0,200,Buy,233539542
2024-08-21 11:17:33,91600.0,100,Sell,233539691
2024-08-21 11:17:33,91600.0,100,Sell,233539692
2024-08-21 11:17:38,91700.0,100,Buy,233539795
2024-08-21 11:17:38,91700.0,1000,Buy,233539796
2024-08-21 11:17:46,91700.0,100,Buy,233539932
2024-08-21 11:17:46,91700.0,300,Buy,233539931
2024-08-21 11:17:46,91700.0,100,Buy,233539930
2024-08-21 11:17:46,91700.0,1000,Buy,233539929
2024-08-21 11:17:46,91700.0,300,Buy,233539944
2024-08-21 11:17:46,91700.0,1000,Buy,233539927
2024-08-21 11:17:46,91700.0,100,Buy,233539926
2024-08-21 11:17:46,91700.0,500,Buy,233539925
2024-08-21 11:17:46,91700.0,100,Buy,233539924
2024-08-21 11:17:46,91700.0,200,Buy,233539923
2024-08-21 11:17:46,91700.0,100,Buy,233539928
2024-08-21 11:17:51,91700.0,800,Buy,233540018
2024-08-21 11:17:51,91700.0,200,Buy,233540019
2024-08-21 11:17:51,91700.0,100,Buy,233540020
2024-08-21 11:17:51,91700.0,100,Buy,233540021
2024-08-21 11:17:51,91800.0,300,Buy,233540032
2024-08-21 11:18:13,91800.0,1700,Buy,233540484
2024-08-21 11:18:13,91800.0,3100,Buy,233540486
2024-08-21 11:18:18,91800.0,500,Buy,233540569
2024-08-21 11:18:18,91800.0,300,Buy,233540570
2024-08-21 11:18:18,91800.0,2200,Buy,233540571
2024-08-21 11:18:23,91800.0,500,Buy,233540658
2024-08-21 11:18:23,91800.0,100,Buy,233540657
2024-08-21 11:18:23,91800.0,500,Buy,233540654
2024-08-21 11:18:23,91800.0,100,Buy,233540656
2024-08-21 11:18:23,91800.0,1000,Buy,233540655
2024-08-21 11:18:23,91800.0,500,Buy,233540653
2024-08-21 11:18:23,91800.0,500,Buy,233540648
2024-08-21 11:18:23,91800.0,300,Buy,233540651
2024-08-21 11:18:23,91800.0,100,Buy,233540652
2024-08-21 11:18:23,91800.0,200,Buy,233540647
2024-08-21 11:18:23,91800.0,800,Buy,233540646
2024-08-21 11:18:23,91800.0,100,Buy,233540649
2024-08-21 11:18:23,91800.0,100,Buy,233540650
2024-08-21 11:18:28,91800.0,100,Buy,233540771
2024-08-21 11:18:28,91800.0,500,Buy,233540772
2024-08-21 11:18:28,91800.0,400,Buy,233540773
2024-08-21 11:18:28,91800.0,100,Buy,233540770
2024-08-21 11:18:31,91800.0,100,Buy,233540865
2024-08-21 11:18:41,91800.0,200,Buy,233541083
2024-08-21 11:18:41,91800.0,300,Buy,233541084
2024-08-21 11:18:41,91700.0,100,Sell,233541091
2024-08-21 11:18:54,91800.0,200,Buy,233541381
2024-08-21 11:18:54,91800.0,100,Buy,233541382
2024-08-21 11:18:54,91800.0,200,Buy,233541383
2024-08-21 11:18:54,91800.0,100,Buy,233541384
2024-08-21 11:18:54,91800.0,100,Buy,233541385
2024-08-21 11:19:06,91900.0,700,Buy,233541607
2024-08-21 11:19:06,91900.0,300,Buy,233541606
2024-08-21 11:19:06,91900.0,100,Buy,233541604
2024-08-21 11:19:06,91900.0,100,Buy,233541602
2024-08-21 11:19:06,91900.0,200,Buy,233541605
2024-08-21 11:19:06,91900.0,3000,Buy,233541603
2024-08-21 11:19:08,91700.0,200,Sell,233541681
2024-08-21 11:19:09,91800.0,100,Buy,233541732
2024-08-21 11:19:09,91900.0,700,Buy,233541733
2024-08-21 11:19:20,91800.0,2000,Buy,233541941
2024-08-21 11:19:27,91700.0,500,Sell,233542086
2024-08-21 11:19:51,91700.0,100,Sell,233542523
2024-08-21 11:19:58,91700.0,900,Sell,233542635
2024-08-21 11:19:58,91700.0,100,Sell,233542636
2024-08-21 11:20:07,91700.0,100,Sell,233542741
2024-08-21 11:20:11,91700.0,500,Sell,233542852
2024-08-21 11:20:14,91700.0,200,Sell,233542904
2024-08-21 11:20:16,91700.0,100,Sell,233542931
2024-08-21 11:20:20,91700.0,100,Sell,233542998
2024-08-21 11:20:22,91700.0,200,Sell,233543020
2024-08-21 11:20:22,91700.0,100,Sell,233543021
2024-08-21 11:20:32,91700.0,900,Sell,233543209
2024-08-21 11:20:58,91600.0,200,Buy,233543618
2024-08-21 11:20:58,91700.0,100,Buy,233543619
2024-08-21 11:20:58,91700.0,300,Buy,233543620
2024-08-21 11:20:58,91700.0,700,Buy,233543625
2024-08-21 11:20:58,91700.0,300,Buy,233543626
2024-08-21 11:21:08,91600.0,300,Buy,233543757
2024-08-21 11:21:14,91700.0,100,Buy,233543827
2024-08-21 11:21:14,91700.0,200,Buy,233543826
2024-08-21 11:21:14,91700.0,100,Buy,233543828
2024-08-21 11:21:14,91700.0,400,Buy,233543821
2024-08-21 11:21:14,91700.0,100,Buy,233543820
2024-08-21 11:21:14,91700.0,100,Buy,233543819
2024-08-21 11:21:14,91700.0,100,Buy,233543825
2024-08-21 11:21:16,91700.0,200,Sell,233543845
2024-08-21 11:21:16,91700.0,200,Sell,233543846
2024-08-21 11:21:16,91700.0,100,Sell,233543847
2024-08-21 11:21:50,91700.0,1000,Buy,233544408
2024-08-21 11:21:59,91600.0,100,Sell,233544531
2024-08-21 11:22:38,91600.0,100,Sell,233545052
2024-08-21 11:22:45,91600.0,1000,Sell,233545134
2024-08-21 11:23:04,91600.0,200,Sell,233545383
2024-08-21 11:23:15,91700.0,300,Buy,233545480
2024-08-21 11:23:15,91700.0,300,Buy,233545481
2024-08-21 11:23:15,91700.0,700,Buy,233545484
2024-08-21 11:23:15,91700.0,300,Buy,233545485
2024-08-21 11:23:25,91700.0,100,Buy,233545590
2024-08-21 11:23:25,91700.0,100,Buy,233545588
2024-08-21 11:23:25,91700.0,100,Buy,233545586
2024-08-21 11:23:25,91700.0,100,Buy,233545584
2024-08-21 11:23:25,91700.0,100,Buy,233545587
2024-08-21 11:23:25,91700.0,100,Buy,233545585
2024-08-21 11:23:38,91700.0,100,Sell,233545712
2024-08-21 11:23:50,91700.0,100,Sell,233545851
2024-08-21 11:23:50,91700.0,400,Sell,233545852
2024-08-21 11:23:50,91700.0,400,Sell,233545853
2024-08-21 11:23:58,91700.0,200,Sell,233545966
2024-08-21 11:23:58,91700.0,200,Sell,233545967
2024-08-21 11:24:19,91700.0,200,Sell,233546236
2024-08-21 11:24:30,91700.0,200,Sell,233546431
2024-08-21 11:24:40,91700.0,400,Sell,233546534
2024-08-21 11:24:40,91700.0,400,Sell,233546535
2024-08-21 11:24:59,91700.0,600,Sell,233546778
2024-08-21 11:25:00,91700.0,200,Sell,233546798
2024-08-21 11:25:18,91700.0,100,Sell,233547031
2024-08-21 11:25:19,91700.0,300,Sell,233547040
2024-08-21 11:25:29,91700.0,500,Sell,233547154
2024-08-21 11:25:30,91700.0,100,Sell,233547179
2024-08-21 11:25:36,91700.0,200,Sell,233547271
2024-08-21 11:25:50,91700.0,200,Sell,233547450
2024-08-21 11:25:50,91700.0,600,Sell,233547451
2024-08-21 11:25:50,91700.0,1000,Sell,233547452
2024-08-21 11:26:19,91700.0,300,Buy,233547863
2024-08-21 11:26:19,91700.0,700,Buy,233547864
2024-08-21 11:26:26,91700.0,200,Buy,233547910
2024-08-21 11:26:27,91800.0,800,Buy,233547931
2024-08-21 11:26:27,91800.0,100,Buy,233547930
2024-08-21 11:26:27,91800.0,200,Buy,233547929
2024-08-21 11:26:27,91800.0,5000,Buy,233547928
2024-08-21 11:26:27,91800.0,1000,Buy,233547926
2024-08-21 11:26:27,91800.0,300,Buy,233547925
2024-08-21 11:26:27,91700.0,100,Buy,233547924
2024-08-21 11:26:27,91800.0,1000,Buy,233547927
2024-08-21 11:26:43,91700.0,100,Sell,233548079
2024-08-21 11:26:45,91700.0,500,Sell,233548136
2024-08-21 11:26:46,91800.0,1100,Buy,233548149
2024-08-21 11:26:57,91700.0,100,Sell,233548306
2024-08-21 11:27:07,91700.0,900,Sell,233548460
2024-08-21 11:27:44,91700.0,100,Sell,233548967
2024-08-21 11:27:44,91700.0,200,Sell,233548968
2024-08-21 11:27:44,91700.0,500,Sell,233548969
2024-08-21 11:28:04,91700.0,200,Sell,233549236
2024-08-21 11:28:12,91700.0,200,Sell,233549340
2024-08-21 11:28:12,91700.0,200,Sell,233549341
2024-08-21 11:28:32,91700.0,1000,Sell,233549634
2024-08-21 11:28:37,91700.0,100,Sell,233549715
2024-08-21 11:28:40,91700.0,500,Sell,233549771
2024-08-21 11:28:45,91800.0,300,Buy,233549847
2024-08-21 11:29:02,91700.0,400,Sell,233550057
2024-08-21 11:29:02,91700.0,600,Sell,233550058
2024-08-21 11:29:05,91700.0,100,Sell,233550161
2024-08-21 12:59:36,91700.0,300,Sell,233550820
2024-08-21 12:59:36,91700.0,200,Sell,233550821
2024-08-21 12:59:36,91700.0,300,Sell,233550822
2024-08-21 12:59:37,91800.0,100,Buy,233551140
2024-08-21 12:59:37,91800.0,100,Buy,233551238
2024-08-21 12:59:38,91700.0,100,Sell,233551492
2024-08-21 12:59:38,91700.0,100,Sell,233551510
2024-08-21 12:59:38,91700.0,1000,Sell,233551581
2024-08-21 12:59:39,91700.0,200,Sell,233551890
2024-08-21 12:59:39,91700.0,300,Sell,233551889
2024-08-21 12:59:39,91700.0,200,Sell,233551768
2024-08-21 12:59:39,91700.0,100,Sell,233551767
2024-08-21 12:59:39,91700.0,1500,Sell,233551708
2024-08-21 12:59:39,91700.0,400,Sell,233551679
2024-08-21 12:59:41,91700.0,800,Sell,233552266
2024-08-21 12:59:41,91700.0,400,Sell,233552267
2024-08-21 12:59:41,91700.0,500,Sell,233552268
2024-08-21 12:59:47,91700.0,100,Buy,233553173
2024-08-21 13:00:02,91700.0,1200,Buy,233554298
2024-08-21 13:00:02,91700.0,1000,Buy,233554299
2024-08-21 13:00:02,91700.0,200,Buy,233554300
2024-08-21 13:00:02,91700.0,500,Buy,233554301
2024-08-21 13:00:02,91700.0,100,Buy,233554302
2024-08-21 13:00:02,91700.0,200,Buy,233554303
2024-08-21 13:00:04,91600.0,400,Sell,233554385
2024-08-21 13:00:24,91600.0,600,Sell,233554821
2024-08-21 13:00:24,91600.0,200,Sell,233554819
2024-08-21 13:00:24,91600.0,100,Sell,233554820
2024-08-21 13:00:32,91600.0,900,Sell,233554935
2024-08-21 13:00:36,91600.0,100,Sell,233555011
2024-08-21 13:00:54,91600.0,400,Sell,233555389
2024-08-21 13:00:54,91600.0,600,Sell,233555390
2024-08-21 13:00:54,91600.0,1000,Sell,233555391
2024-08-21 13:00:54,91600.0,1000,Sell,233555392
2024-08-21 13:00:54,91600.0,100,Sell,233555393
2024-08-21 13:00:54,91600.0,100,Sell,233555394
2024-08-21 13:00:54,91600.0,100,Sell,233555395
2024-08-21 13:00:55,91600.0,200,Sell,233555450
2024-08-21 13:00:55,91600.0,500,Sell,233555451
2024-08-21 13:00:55,91600.0,300,Sell,233555452
2024-08-21 13:00:56,91700.0,100,Buy,233555478
2024-08-21 13:00:56,91700.0,200,Buy,233555477
2024-08-21 13:00:56,91700.0,1500,Buy,233555474
2024-08-21 13:00:56,91700.0,100,Buy,233555475
2024-08-21 13:00:56,91700.0,800,Buy,233555473
2024-08-21 13:00:56,91700.0,100,Buy,233555476
2024-08-21 13:01:07,91700.0,100,Buy,233555705
2024-08-21 13:01:07,91700.0,100,Buy,233555706
2024-08-21 13:01:07,91700.0,300,Buy,233555707
2024-08-21 13:01:07,91700.0,100,Buy,233555708
2024-08-21 13:01:07,91700.0,200,Buy,233555717
2024-08-21 13:01:07,91700.0,200,Buy,233555718
2024-08-21 13:01:07,91700.0,100,Buy,233555719
2024-08-21 13:01:07,91700.0,100,Buy,233555720
2024-08-21 13:01:07,91700.0,400,Buy,233555721
2024-08-21 13:01:19,91600.0,100,Sell,233556064
2024-08-21 13:01:40,91600.0,200,Sell,233556537
2024-08-21 13:01:43,91600.0,100,Sell,233556590
2024-08-21 13:01:45,91600.0,900,Sell,233556617
2024-08-21 13:01:50,91600.0,200,Sell,233556730
2024-08-21 13:01:50,91600.0,500,Sell,233556738
2024-08-21 13:02:06,91600.0,200,Sell,233557070
2024-08-21 13:02:08,91600.0,100,Sell,233557187
2024-08-21 13:02:12,91600.0,500,Sell,233557248
2024-08-21 13:02:20,91600.0,100,Sell,233557406
2024-08-21 13:02:20,91600.0,200,Sell,233557412
2024-08-21 13:02:20,91600.0,300,Sell,233557411
2024-08-21 13:02:20,91600.0,100,Sell,233557410
2024-08-21 13:02:20,91600.0,100,Sell,233557409
2024-08-21 13:02:20,91600.0,300,Sell,233557407
2024-08-21 13:02:20,91600.0,200,Sell,233557405
2024-08-21 13:02:20,91600.0,1300,Sell,233557408
2024-08-21 13:02:20,91600.0,400,Sell,233557403
2024-08-21 13:02:20,91600.0,1000,Sell,233557398
2024-08-21 13:02:20,91600.0,200,Sell,233557399
2024-08-21 13:02:20,91600.0,200,Sell,233557400
2024-08-21 13:02:20,91600.0,100,Sell,233557404
2024-08-21 13:02:20,91600.0,1900,Sell,233557397
2024-08-21 13:02:20,91600.0,400,Sell,233557402
2024-08-21 13:02:20,91600.0,200,Sell,233557401
2024-08-21 13:02:28,91600.0,200,Sell,233557634
2024-08-21 13:02:28,91600.0,400,Sell,233557635
2024-08-21 13:02:28,91600.0,100,Sell,233557636
2024-08-21 13:02:28,91600.0,200,Sell,233557637
2024-08-21 13:02:28,91600.0,100,Sell,233557638
2024-08-21 13:02:38,91600.0,700,Sell,233557843
2024-08-21 13:02:38,91600.0,300,Sell,233557844
2024-08-21 13:02:38,91600.0,100,Sell,233557854
2024-08-21 13:02:50,91600.0,100,Sell,233558198
2024-08-21 13:03:02,91500.0,100,Sell,233558440
2024-08-21 13:03:07,91500.0,400,Sell,233558537
2024-08-21 13:03:07,91500.0,300,Sell,233558538
2024-08-21 13:03:07,91500.0,100,Sell,233558539
2024-08-21 13:03:07,91500.0,100,Sell,233558535
2024-08-21 13:03:07,91500.0,100,Sell,233558536
2024-08-21 13:03:12,91500.0,300,Sell,233558647
2024-08-21 13:03:12,91500.0,200,Sell,233558648
2024-08-21 13:03:12,91500.0,800,Sell,233558649
2024-08-21 13:03:12,91500.0,400,Sell,233558650
2024-08-21 13:03:25,91500.0,500,Sell,233558934
2024-08-21 13:03:25,91500.0,600,Sell,233558935
2024-08-21 13:03:25,91500.0,900,Sell,233558936
2024-08-21 13:03:33,91500.0,100,Sell,233559118
2024-08-21 13:03:33,91500.0,200,Sell,233559119
2024-08-21 13:03:40,91600.0,1000,Buy,233559320
2024-08-21 13:03:41,91500.0,900,Sell,233559340
2024-08-21 13:03:57,91600.0,2300,Buy,233559783
2024-08-21 13:03:57,91600.0,1200,Buy,233559784
2024-08-21 13:03:57,91600.0,500,Buy,233559782
2024-08-21 13:04:14,91600.0,200,Buy,233560271
2024-08-21 13:04:14,91600.0,200,Buy,233560276
2024-08-21 13:04:14,91600.0,300,Buy,233560277
2024-08-21 13:04:14,91600.0,100,Buy,233560278
2024-08-21 13:04:14,91600.0,300,Buy,233560279
2024-08-21 13:04:14,91600.0,200,Buy,233560283
2024-08-21 13:04:14,91600.0,400,Buy,233560284
2024-08-21 13:04:14,91600.0,100,Buy,233560286
2024-08-21 13:04:33,91600.0,100,Sell,233560735
2024-08-21 13:04:35,91600.0,100,Sell,233560762
2024-08-21 13:04:35,91600.0,100,Sell,233560763
2024-08-21 13:04:35,91600.0,1000,Sell,233560764
2024-08-21 13:04:44,91600.0,100,Buy,233561065
2024-08-21 13:04:45,91500.0,100,Sell,233561086
2024-08-21 13:04:51,91600.0,100,Buy,233561273
2024-08-21 13:04:51,91500.0,100,Sell,233561268
2024-08-21 13:05:35,91600.0,400,Buy,233562539
2024-08-21 13:05:35,91600.0,200,Buy,233562540
2024-08-21 13:05:35,91600.0,100,Buy,233562541
2024-08-21 13:05:35,91600.0,700,Buy,233562542
2024-08-21 13:05:35,91600.0,200,Buy,233562543
2024-08-21 13:05:37,91500.0,1000,Sell,233562587
2024-08-21 13:05:38,91600.0,100,Buy,233562599
2024-08-21 13:05:38,91600.0,1600,Buy,233562609
2024-08-21 13:05:55,91600.0,3000,Buy,233563124
2024-08-21 13:05:55,91600.0,1800,Buy,233563125
2024-08-21 13:06:03,91600.0,2000,Buy,233563301
2024-08-21 13:06:07,91600.0,100,Buy,233563387
2024-08-21 13:06:07,91600.0,700,Buy,233563385
2024-08-21 13:06:07,91600.0,500,Buy,233563383
2024-08-21 13:06:07,91600.0,1300,Buy,233563384
2024-08-21 13:06:07,91600.0,100,Buy,233563386
2024-08-21 13:06:22,91600.0,200,Sell,233563803
2024-08-21 13:06:27,91600.0,100,Sell,233563925
2024-08-21 13:06:27,91600.0,1900,Sell,233563919
2024-08-21 13:06:27,91600.0,100,Sell,233563920
2024-08-21 13:06:45,91600.0,800,Sell,233564405
2024-08-21 13:06:45,91600.0,100,Sell,233564406
2024-08-21 13:06:45,91600.0,800,Sell,233564407
2024-08-21 13:06:54,91700.0,1100,Buy,233564782
2024-08-21 13:06:56,91700.0,100,Buy,233564866
2024-08-21 13:06:56,91700.0,100,Buy,233564868
2024-08-21 13:06:56,91700.0,300,Buy,233564872
2024-08-21 13:06:56,91700.0,600,Buy,233564867
2024-08-21 13:06:58,91600.0,900,Sell,233564936
2024-08-21 13:07:12,91600.0,1200,Sell,233565438
2024-08-21 13:08:06,91600.0,500,Sell,233567326
2024-08-21 13:08:07,91700.0,400,Buy,233567355
2024-08-21 13:08:07,91700.0,700,Buy,233567354
2024-08-21 13:08:10,91600.0,100,Sell,233567467
2024-08-21 13:08:13,91700.0,500,Buy,233567528
2024-08-21 13:08:13,91700.0,300,Buy,233567530
2024-08-21 13:08:13,91700.0,100,Buy,233567527
2024-08-21 13:08:13,91700.0,100,Buy,233567529
2024-08-21 13:08:43,91600.0,3000,Sell,233568249
2024-08-21 13:08:43,91700.0,100,Buy,233568260
2024-08-21 13:08:54,91700.0,100,Buy,233568527
2024-08-21 13:09:03,91600.0,100,Sell,233568751
2024-08-21 13:09:17,91600.0,300,Sell,233569200
2024-08-21 13:09:17,91600.0,1200,Sell,233569202
2024-08-21 13:09:17,91600.0,1800,Sell,233569201
2024-08-21 13:09:26,91700.0,2000,Buy,233569463
2024-08-21 13:09:36,91700.0,800,Buy,233569781
2024-08-21 13:09:36,91700.0,100,Buy,233569782
2024-08-21 13:09:36,91700.0,1100,Buy,233569783
2024-08-21 13:09:53,91600.0,100,Sell,233570259
2024-08-21 13:10:02,91700.0,600,Buy,233570470
2024-08-21 13:10:16,91600.0,900,Sell,233570781
2024-08-21 13:10:26,91600.0,800,Sell,233571009
2024-08-21 13:10:26,91600.0,2500,Sell,233571010
2024-08-21 13:10:30,91700.0,300,Buy,233571143
2024-08-21 13:10:33,91600.0,300,Sell,233571215
2024-08-21 13:10:47,91600.0,300,Sell,233571563
2024-08-21 13:11:01,91600.0,100,Sell,233571874
2024-08-21 13:11:36,91600.0,100,Sell,233572819
2024-08-21 13:11:51,91700.0,1100,Buy,233573169
2024-08-21 13:13:04,91700.0,1100,Buy,233574890
2024-08-21 13:13:05,91700.0,1100,Buy,233574964
2024-08-21 13:13:19,91600.0,100,Sell,233575285
2024-08-21 13:13:33,91600.0,600,Sell,233575683
2024-08-21 13:13:33,91600.0,300,Sell,233575684
2024-08-21 13:13:47,91600.0,100,Sell,233576084
2024-08-21 13:13:49,91600.0,500,Sell,233576182
2024-08-21 13:13:49,91600.0,1200,Sell,233576183
2024-08-21 13:14:14,91700.0,1100,Buy,233576763
2024-08-21 13:14:16,91700.0,200,Buy,233576871
2024-08-21 13:14:16,91700.0,100,Buy,233576869
2024-08-21 13:14:16,91700.0,800,Buy,233576870
2024-08-21 13:15:02,91600.0,100,Sell,233578190
2024-08-21 13:15:23,91600.0,400,Sell,233578948
2024-08-21 13:15:23,91600.0,400,Sell,233578949
2024-08-21 13:15:23,91600.0,200,Sell,233578950
2024-08-21 13:15:23,91600.0,100,Sell,233578951
2024-08-21 13:15:23,91600.0,100,Sell,233578952
2024-08-21 13:15:23,91600.0,100,Sell,233578953
2024-08-21 13:15:23,91600.0,1000,Sell,233578954
2024-08-21 13:15:23,91600.0,3000,Sell,233578955
2024-08-21 13:15:23,91600.0,2000,Sell,233578958
2024-08-21 13:15:23,91600.0,1200,Sell,233578959
2024-08-21 13:15:23,91600.0,100,Sell,233578947
2024-08-21 13:15:23,91600.0,1100,Sell,233578960
2024-08-21 13:15:23,91600.0,1000,Sell,233578961
2024-08-21 13:15:23,91600.0,1100,Sell,233578962
2024-08-21 13:15:23,91600.0,1000,Sell,233578956
2024-08-21 13:15:23,91600.0,200,Sell,233578946
2024-08-21 13:15:23,91600.0,1000,Sell,233578932
2024-08-21 13:15:23,91600.0,400,Sell,233578944
2024-08-21 13:15:23,91600.0,200,Sell,233578929
2024-08-21 13:15:23,91600.0,100,Sell,233578930
2024-08-21 13:15:23,91600.0,300,Sell,233578931
2024-08-21 13:15:23,91600.0,1000,Sell,233578934
2024-08-21 13:15:23,91600.0,1000,Sell,233578935
2024-08-21 13:15:23,91600.0,1200,Sell,233578936
2024-08-21 13:15:23,91600.0,500,Sell,233578933
2024-08-21 13:15:23,91600.0,100,Sell,233578938
2024-08-21 13:15:23,91600.0,100,Sell,233578939
2024-08-21 13:15:23,91600.0,200,Sell,233578940
2024-08-21 13:15:23,91600.0,400,Sell,233578941
2024-08-21 13:15:23,91600.0,300,Sell,233578942
2024-08-21 13:15:23,91600.0,100,Sell,233578943
2024-08-21 13:15:23,91600.0,2000,Sell,233578937
2024-08-21 13:15:23,91600.0,100,Sell,233578945
2024-08-21 13:15:31,91600.0,1000,Buy,233579181
2024-08-21 13:15:36,91500.0,6000,Sell,233579342
2024-08-21 13:15:36,91500.0,1000,Sell,233579343
2024-08-21 13:15:36,91500.0,3000,Sell,233579344
2024-08-21 13:15:37,91600.0,1000,Buy,233579354
2024-08-21 13:15:42,91500.0,6000,Sell,233579546
2024-08-21 13:15:42,91500.0,15000,Sell,233579547
2024-08-21 13:15:54,91600.0,1000,Buy,233579856
2024-08-21 13:15:54,91600.0,800,Buy,233579855
2024-08-21 13:15:54,91600.0,1200,Buy,233579841
2024-08-21 13:16:07,91600.0,200,Sell,233580212
2024-08-21 13:16:07,91600.0,200,Sell,233580213
2024-08-21 13:16:14,91600.0,700,Sell,233580400
2024-08-21 13:16:15,91600.0,1300,Sell,233580427
2024-08-21 13:16:15,91600.0,500,Sell,233580426
2024-08-21 13:16:15,91600.0,500,Sell,233580425
2024-08-21 13:16:15,91600.0,200,Sell,233580432
2024-08-21 13:16:15,91600.0,100,Sell,233580423
2024-08-21 13:16:15,91600.0,1100,Sell,233580422
2024-08-21 13:16:15,91600.0,900,Sell,233580421
2024-08-21 13:16:15,91600.0,100,Sell,233580420
2024-08-21 13:16:15,91600.0,600,Sell,233580424
2024-08-21 13:16:45,91600.0,100,Sell,233581554
2024-08-21 13:16:50,91500.0,900,Sell,233581749
2024-08-21 13:16:53,91500.0,1100,Sell,233581869
2024-08-21 13:16:53,91500.0,100,Sell,233581868
2024-08-21 13:16:53,91500.0,500,Sell,233581867
2024-08-21 13:16:53,91500.0,100,Sell,233581866
2024-08-21 13:16:53,91500.0,100,Sell,233581865
2024-08-21 13:16:53,91500.0,100,Sell,233581864
2024-08-21 13:16:53,91500.0,100,Sell,233581863
2024-08-21 13:16:53,91500.0,1800,Sell,233581861
2024-08-21 13:16:53,91500.0,5000,Sell,233581862
2024-08-21 13:16:53,91500.0,1000,Sell,233581859
2024-08-21 13:16:53,91600.0,600,Sell,233581851
2024-08-21 13:16:53,91500.0,4100,Sell,233581852
2024-08-21 13:16:53,91500.0,9000,Sell,233581853
2024-08-21 13:16:53,91500.0,1200,Sell,233581854
2024-08-21 13:16:53,91500.0,3000,Sell,233581860
2024-08-21 13:16:53,91500.0,2000,Sell,233581856
2024-08-21 13:16:53,91500.0,1000,Sell,233581858
2024-08-21 13:16:53,91500.0,2000,Sell,233581855
2024-08-21 13:16:53,91500.0,1200,Sell,233581857
2024-08-21 13:16:58,91500.0,200,Buy,233582036
2024-08-21 13:16:58,91500.0,300,Buy,233582037
2024-08-21 13:16:58,91500.0,200,Buy,233582038
2024-08-21 13:16:58,91500.0,100,Buy,233582042
2024-08-21 13:16:58,91500.0,400,Buy,233582056
2024-08-21 13:16:58,91500.0,200,Buy,233582057
2024-08-21 13:16:58,91500.0,200,Buy,233582059
2024-08-21 13:16:58,91500.0,100,Buy,233582060
2024-08-21 13:16:58,91500.0,400,Buy,233582061
2024-08-21 13:17:05,91400.0,2600,Sell,233582331
2024-08-21 13:17:05,91400.0,1000,Sell,233582330
2024-08-21 13:17:05,91400.0,400,Sell,233582329
2024-08-21 13:17:05,91400.0,200,Sell,233582286
2024-08-21 13:17:05,91500.0,3000,Buy,233582328
2024-08-21 13:17:14,91400.0,500,Sell,233582500
2024-08-21 13:17:19,91500.0,1100,Buy,233582664
2024-08-21 13:17:23,91400.0,900,Sell,233582777
2024-08-21 13:17:23,91400.0,300,Sell,233582778
2024-08-21 13:17:23,91400.0,200,Sell,233582779
2024-08-21 13:17:27,91400.0,3600,Sell,233582946
2024-08-21 13:17:27,91400.0,1100,Sell,233582947
2024-08-21 13:17:27,91400.0,100,Sell,233582948
2024-08-21 13:17:27,91400.0,1300,Sell,233582949
2024-08-21 13:17:31,91500.0,3000,Buy,233583065
2024-08-21 13:17:32,91400.0,2000,Sell,233583104
2024-08-21 13:17:41,91400.0,1600,Sell,233583329
2024-08-21 13:17:41,91400.0,200,Sell,233583338
2024-08-21 13:17:41,91400.0,100,Sell,233583337
2024-08-21 13:17:41,91400.0,400,Sell,233583336
2024-08-21 13:17:41,91400.0,300,Sell,233583335
2024-08-21 13:17:41,91400.0,1400,Sell,233583330
2024-08-21 13:17:41,91400.0,100,Sell,233583333
2024-08-21 13:17:41,91400.0,100,Sell,233583332
2024-08-21 13:17:41,91400.0,600,Sell,233583331
2024-08-21 13:17:41,91400.0,400,Sell,233583334
2024-08-21 13:17:47,91400.0,1700,Sell,233583508
2024-08-21 13:17:48,91500.0,100,Buy,233583530
2024-08-21 13:18:10,91500.0,100,Buy,233584073
2024-08-21 13:18:11,91500.0,1000,Buy,233584132
2024-08-21 13:18:17,91500.0,100,Buy,233584320
2024-08-21 13:18:27,91400.0,100,Sell,233584835
2024-08-21 13:18:27,91500.0,1000,Buy,233584842
2024-08-21 13:18:37,91500.0,900,Buy,233585213
2024-08-21 13:18:56,91500.0,300,Buy,233585728
2024-08-21 13:19:06,91500.0,1000,Buy,233585983
2024-08-21 13:19:11,91500.0,2000,Buy,233586189
2024-08-21 13:19:13,91400.0,800,Sell,233586239
2024-08-21 13:19:17,91500.0,300,Buy,233586362
2024-08-21 13:19:17,91500.0,100,Buy,233586363
2024-08-21 13:19:17,91500.0,200,Buy,233586364
2024-08-21 13:19:17,91500.0,300,Buy,233586365
2024-08-21 13:19:17,91500.0,700,Buy,233586366
2024-08-21 13:19:47,91500.0,1000,Buy,233587239
2024-08-21 13:19:47,91500.0,100,Buy,233587240
2024-08-21 13:19:48,91500.0,1100,Buy,233587318
2024-08-21 13:19:58,91500.0,1000,Buy,233587783
2024-08-21 13:20:01,91500.0,100,Buy,233587832
2024-08-21 13:20:08,91400.0,900,Sell,233588047
2024-08-21 13:20:10,91400.0,100,Sell,233588085
2024-08-21 13:20:27,91400.0,200,Sell,233588642
2024-08-21 13:20:30,91500.0,100,Buy,233588733
2024-08-21 13:20:34,91500.0,100,Buy,233588850
2024-08-21 13:20:44,91500.0,500,Buy,233589128
2024-08-21 13:20:46,91500.0,100,Buy,233589225
2024-08-21 13:20:46,91500.0,100,Buy,233589226
2024-08-21 13:20:46,91500.0,300,Buy,233589227
2024-08-21 13:20:46,91500.0,400,Buy,233589228
2024-08-21 13:20:46,91500.0,100,Buy,233589234
2024-08-21 13:20:46,91500.0,400,Buy,233589235
2024-08-21 13:20:46,91500.0,200,Buy,233589236
2024-08-21 13:20:52,91500.0,900,Buy,233589367
2024-08-21 13:21:01,91500.0,2000,Buy,233589608
2024-08-21 13:21:02,91500.0,2000,Buy,233589656
2024-08-21 13:21:07,91500.0,500,Buy,233589876
2024-08-21 13:21:07,91500.0,100,Buy,233589877
2024-08-21 13:21:07,91500.0,100,Buy,233589878
2024-08-21 13:21:07,91500.0,500,Buy,233589879
2024-08-21 13:21:07,91500.0,1700,Buy,233589880
2024-08-21 13:21:17,91600.0,100,Buy,233590107
2024-08-21 13:21:53,91500.0,100,Sell,233591232
2024-08-21 13:21:56,91500.0,500,Sell,233591317
2024-08-21 13:21:56,91500.0,500,Sell,233591318
2024-08-21 13:21:57,91600.0,300,Buy,233591345
2024-08-21 13:21:57,91600.0,500,Buy,233591335
2024-08-21 13:21:57,91600.0,100,Buy,233591334
2024-08-21 13:21:57,91600.0,100,Buy,233591344
2024-08-21 13:21:57,91600.0,500,Buy,233591332
2024-08-21 13:21:57,91600.0,400,Buy,233591330
2024-08-21 13:21:57,91600.0,100,Buy,233591333
2024-08-21 13:21:57,91600.0,1000,Buy,233591331
2024-08-21 13:22:04,91500.0,200,Sell,233591546
2024-08-21 13:22:09,91500.0,300,Sell,233591688
2024-08-21 13:22:09,91500.0,1000,Sell,233591689
2024-08-21 13:22:09,91500.0,5000,Sell,233591690
2024-08-21 13:22:09,91500.0,100,Sell,233591691
2024-08-21 13:22:09,91500.0,600,Sell,233591693
2024-08-21 13:22:09,91500.0,1000,Sell,233591694
2024-08-21 13:22:09,91500.0,2000,Sell,233591692
2024-08-21 13:22:48,91600.0,200,Buy,233592722
2024-08-21 13:22:48,91600.0,100,Buy,233592723
2024-08-21 13:22:51,91600.0,100,Sell,233592835
2024-08-21 13:23:02,91600.0,3300,Sell,233593114
2024-08-21 13:23:05,91700.0,500,Buy,233593409
2024-08-21 13:23:05,91700.0,200,Buy,233593408
2024-08-21 13:23:05,91700.0,300,Buy,233593407
2024-08-21 13:23:25,91600.0,900,Sell,233594024
2024-08-21 13:23:36,91600.0,100,Sell,233594439
2024-08-21 13:23:40,91600.0,300,Sell,233594570
2024-08-21 13:23:40,91500.0,100,Sell,233594571
2024-08-21 13:23:40,91500.0,1000,Sell,233594572
2024-08-21 13:23:40,91500.0,1900,Sell,233594573
2024-08-21 13:24:03,91500.0,1100,Sell,233595258
2024-08-21 13:24:03,91500.0,500,Sell,233595259
2024-08-21 13:24:03,91500.0,1700,Sell,233595260
2024-08-21 13:24:27,91500.0,1300,Sell,233596079
2024-08-21 13:24:27,91500.0,300,Sell,233596080
2024-08-21 13:24:55,91600.0,500,Buy,233596915
2024-08-21 13:25:05,91500.0,100,Sell,233597185
2024-08-21 13:25:19,91500.0,100,Sell,233597519
2024-08-21 13:25:38,91500.0,200,Sell,233598068
2024-08-21 13:25:58,91500.0,400,Sell,233598573
2024-08-21 13:25:58,91500.0,300,Sell,233598572
2024-08-21 13:25:58,91500.0,300,Sell,233598574
2024-08-21 13:26:03,91600.0,1100,Buy,233598655
2024-08-21 13:26:16,91500.0,100,Sell,233599011
2024-08-21 13:26:40,91500.0,300,Sell,233599591
2024-08-21 13:26:42,91500.0,600,Sell,233599666
2024-08-21 13:26:42,91500.0,300,Sell,233599665
2024-08-21 13:27:02,91500.0,100,Sell,233600124
2024-08-21 13:27:35,91500.0,900,Sell,233601146
2024-08-21 13:27:35,91500.0,1000,Sell,233601147
2024-08-21 13:27:35,91500.0,900,Sell,233601148
2024-08-21 13:27:35,91500.0,2000,Sell,233601149
2024-08-21 13:27:35,91500.0,200,Sell,233601150
2024-08-21 13:27:37,91500.0,500,Sell,233601222
2024-08-21 13:27:39,91500.0,800,Sell,233601263
2024-08-21 13:27:39,91500.0,200,Sell,233601264
2024-08-21 13:27:40,91500.0,700,Sell,233601294
2024-08-21 13:27:40,91500.0,100,Sell,233601295
2024-08-21 13:27:42,91600.0,300,Buy,233601354
2024-08-21 13:27:52,91500.0,400,Sell,233601585
2024-08-21 13:27:52,91500.0,800,Sell,233601584
2024-08-21 13:27:57,91500.0,700,Sell,233601726
2024-08-21 13:27:57,91500.0,100,Sell,233601727
2024-08-21 13:27:57,91500.0,800,Sell,233601728
2024-08-21 13:28:18,91500.0,100,Sell,233602298
2024-08-21 13:28:23,91500.0,100,Sell,233602442
2024-08-21 13:28:23,91500.0,100,Sell,233602443
2024-08-21 13:28:45,91500.0,100,Sell,233603140
2024-08-21 13:28:46,91600.0,600,Buy,233603148
2024-08-21 13:28:46,91600.0,400,Buy,233603149
2024-08-21 13:29:00,91500.0,500,Sell,233603473
2024-08-21 13:29:03,91500.0,1000,Sell,233603533
2024-08-21 13:29:59,91500.0,900,Sell,233604808
2024-08-21 13:30:13,91500.0,300,Sell,233605176
2024-08-21 13:30:27,91500.0,100,Sell,233605444
2024-08-21 13:30:41,91600.0,100,Buy,233605883
2024-08-21 13:30:42,91500.0,800,Sell,233605889
2024-08-21 13:30:42,91500.0,200,Sell,233605888
2024-08-21 13:31:14,91600.0,200,Buy,233606724
2024-08-21 13:31:27,91500.0,100,Sell,233607314
2024-08-21 13:31:31,91600.0,1000,Buy,233607495
2024-08-21 13:31:32,91500.0,500,Sell,233607515
2024-08-21 13:31:32,91500.0,900,Sell,233607516
2024-08-21 13:31:32,91500.0,200,Sell,233607517
2024-08-21 13:31:40,91500.0,1500,Sell,233607760
2024-08-21 13:31:45,91600.0,800,Buy,233607899
2024-08-21 13:31:51,91600.0,500,Buy,233608129
2024-08-21 13:31:51,91600.0,500,Buy,233608130
2024-08-21 13:31:54,91600.0,1200,Buy,233608206
2024-08-21 13:31:54,91600.0,1300,Buy,233608207
2024-08-21 13:31:54,91600.0,700,Buy,233608208
2024-08-21 13:31:56,91600.0,900,Buy,233608315
2024-08-21 13:31:56,91600.0,100,Buy,233608313
2024-08-21 13:31:56,91600.0,200,Buy,233608314
2024-08-21 13:31:57,91600.0,100,Buy,233608317
2024-08-21 13:31:57,91600.0,500,Buy,233608318
