time,price,volume,match_type,id
2024-07-30 09:14:40,87300.0,10100,ATO/ATC,227139579
2024-07-30 09:14:43,87300.0,200,Sell,227139849
2024-07-30 09:15:38,87300.0,200,Sell,227141983
2024-07-30 09:16:05,87300.0,200,Sell,227142749
2024-07-30 09:16:50,87300.0,3000,Sell,227143962
2024-07-30 09:17:18,87300.0,2000,Sell,227144943
2024-07-30 09:17:27,87300.0,200,Sell,227145216
2024-07-30 09:17:45,87300.0,3000,Sell,227145950
2024-07-30 09:17:52,87300.0,2000,Sell,227146358
2024-07-30 09:18:13,87300.0,3000,Sell,227147069
2024-07-30 09:18:50,87300.0,200,Sell,227148424
2024-07-30 09:20:12,87300.0,200,Sell,227151266
2024-07-30 09:21:34,87300.0,200,Sell,227153721
2024-07-30 09:22:29,87300.0,100,Sell,227155235
2024-07-30 09:22:56,87300.0,200,Sell,227156090
2024-07-30 09:24:10,87300.0,100,Sell,227158153
2024-07-30 09:24:11,87300.0,100,Sell,227158170
2024-07-30 09:24:19,87300.0,200,Sell,227158396
2024-07-30 09:25:41,87300.0,200,Sell,227160572
2024-07-30 09:27:00,87300.0,100,Sell,227162783
2024-07-30 09:27:03,87300.0,200,Sell,227162839
2024-07-30 09:27:04,87300.0,500,Sell,227162863
2024-07-30 09:28:25,87300.0,100,Sell,227165282
2024-07-30 09:28:25,87300.0,100,Sell,227165283
2024-07-30 09:29:18,87300.0,100,Sell,227167140
2024-07-30 09:29:47,87300.0,100,Sell,227168148
2024-07-30 09:29:47,87300.0,100,Sell,227168147
2024-07-30 09:30:02,87300.0,100,Sell,227168701
2024-07-30 09:30:02,87300.0,1100,Sell,227168700
2024-07-30 09:30:02,87300.0,400,Sell,227168697
2024-07-30 09:30:02,87300.0,400,Sell,227168698
2024-07-30 09:30:02,87300.0,1000,Sell,227168699
2024-07-30 09:30:16,87300.0,800,Sell,227169198
2024-07-30 09:30:16,87300.0,1000,Sell,227169199
2024-07-30 09:30:16,87300.0,100,Sell,227169200
2024-07-30 09:30:16,87300.0,500,Sell,227169202
2024-07-30 09:30:16,87300.0,500,Sell,227169203
2024-07-30 09:30:16,87300.0,100,Sell,227169204
2024-07-30 09:30:16,87300.0,100,Sell,227169205
2024-07-30 09:30:16,87300.0,1000,Sell,227169206
2024-07-30 09:30:16,87300.0,400,Sell,227169201
2024-07-30 09:31:10,87300.0,100,Sell,227170896
2024-07-30 09:31:23,87300.0,1100,Sell,227171268
2024-07-30 09:31:23,87300.0,100,Sell,227171267
2024-07-30 09:31:23,87300.0,1800,Sell,227171266
2024-07-30 09:32:32,87300.0,200,Sell,227173428
2024-07-30 09:32:50,87300.0,200,Sell,227173864
2024-07-30 09:32:50,87300.0,100,Sell,227173865
2024-07-30 09:32:50,87300.0,700,Sell,227173863
2024-07-30 09:33:54,87300.0,200,Sell,227175488
2024-07-30 09:35:16,87300.0,200,Sell,227177491
2024-07-30 09:35:26,87500.0,100,Buy,227177749
2024-07-30 09:35:28,87500.0,500,Buy,227177764
2024-07-30 09:35:28,87500.0,300,Buy,227177765
2024-07-30 09:36:38,87400.0,200,Sell,227179313
2024-07-30 09:37:10,87500.0,300,Buy,227180083
2024-07-30 09:38:01,87400.0,200,Sell,227181356
2024-07-30 09:39:23,87400.0,200,Sell,227183110
2024-07-30 09:40:45,87400.0,200,Sell,227184785
2024-07-30 09:42:07,87400.0,200,Sell,227186510
2024-07-30 09:42:49,87400.0,200,Sell,227187167
2024-07-30 09:42:58,87400.0,100,Sell,227187372
2024-07-30 09:43:25,87400.0,100,Sell,227188039
2024-07-30 09:43:25,87400.0,100,Sell,227188040
2024-07-30 09:43:25,87400.0,100,Sell,227188041
2024-07-30 09:43:25,87400.0,1000,Sell,227188042
2024-07-30 09:43:25,87400.0,400,Sell,227188043
2024-07-30 09:43:25,87400.0,600,Sell,227188044
2024-07-30 09:43:25,87400.0,700,Sell,227188038
2024-07-30 09:43:30,87400.0,200,Sell,227188175
2024-07-30 09:44:30,87500.0,100,Buy,227189400
2024-07-30 09:44:52,87400.0,200,Sell,227189826
2024-07-30 09:46:14,87400.0,200,Sell,227191442
2024-07-30 09:46:52,87400.0,500,Sell,227192462
2024-07-30 09:47:36,87400.0,200,Sell,227193436
2024-07-30 09:47:43,87400.0,100,Sell,227193631
2024-07-30 09:47:43,87400.0,900,Sell,227193632
2024-07-30 09:48:55,87400.0,100,Sell,227195495
2024-07-30 09:48:55,87400.0,200,Sell,227195494
2024-07-30 09:48:58,87400.0,200,Sell,227195539
2024-07-30 09:49:13,87400.0,100,Sell,227195822
2024-07-30 09:49:25,87400.0,100,Sell,227196090
2024-07-30 09:49:48,87400.0,100,Sell,227196631
2024-07-30 09:50:21,87400.0,200,Sell,227197350
2024-07-30 09:51:09,87400.0,100,Sell,227198507
2024-07-30 09:51:43,87400.0,200,Sell,227199344
2024-07-30 09:52:24,87400.0,300,Sell,227200191
2024-07-30 09:52:24,87400.0,200,Sell,227200192
2024-07-30 09:52:24,87400.0,100,Sell,227200193
2024-07-30 09:52:24,87400.0,500,Sell,227200194
2024-07-30 09:52:24,87400.0,200,Sell,227200195
2024-07-30 09:52:24,87400.0,500,Sell,227200196
2024-07-30 09:52:24,87400.0,200,Sell,227200197
2024-07-30 09:52:45,87300.0,100,Sell,227200623
2024-07-30 09:52:45,87300.0,800,Sell,227200624
2024-07-30 09:53:05,87300.0,200,Sell,227201074
2024-07-30 09:53:52,87400.0,100,Buy,227201992
2024-07-30 09:54:16,87400.0,600,Buy,227202517
2024-07-30 09:54:27,87300.0,200,Sell,227202760
2024-07-30 09:55:38,87300.0,100,Sell,227204231
2024-07-30 09:55:49,87300.0,200,Sell,227204407
2024-07-30 09:56:38,87300.0,100,Sell,227205345
2024-07-30 09:56:43,87300.0,100,Sell,227205422
2024-07-30 09:56:44,87400.0,5000,Buy,227205480
2024-07-30 09:57:04,87400.0,2300,Buy,227205949
2024-07-30 09:57:04,87400.0,400,Buy,227205950
2024-07-30 09:57:04,87400.0,100,Buy,227205951
2024-07-30 09:57:04,87400.0,1000,Buy,227205952
2024-07-30 09:57:04,87400.0,1000,Buy,227205953
2024-07-30 09:57:04,87400.0,200,Buy,227205954
2024-07-30 09:57:12,87300.0,200,Sell,227206095
2024-07-30 09:57:31,87400.0,800,Buy,227206524
2024-07-30 09:57:31,87400.0,100,Buy,227206525
2024-07-30 09:58:01,87400.0,500,Buy,227207029
2024-07-30 09:58:34,87300.0,200,Sell,227207709
2024-07-30 09:59:44,87400.0,100,Sell,227209061
2024-07-30 09:59:56,87300.0,200,Sell,227209301
2024-07-30 10:00:38,87400.0,100,Sell,227210129
2024-07-30 10:01:18,87400.0,100,Sell,227210804
2024-07-30 10:01:18,87400.0,100,Sell,227210803
2024-07-30 10:02:16,87400.0,100,Sell,227211821
2024-07-30 10:02:41,87300.0,200,Sell,227212203
2024-07-30 10:03:02,87300.0,400,Sell,227212552
2024-07-30 10:03:28,87300.0,100,Sell,227213049
2024-07-30 10:04:03,87300.0,100,Sell,227213611
2024-07-30 10:05:25,87300.0,200,Sell,227215091
2024-07-30 10:06:35,87400.0,200,Buy,227216096
2024-07-30 10:06:47,87300.0,200,Sell,227216362
2024-07-30 10:07:10,87400.0,100,Buy,227217083
2024-07-30 10:07:45,87500.0,3000,Buy,227217698
2024-07-30 10:07:45,87500.0,100,Buy,227217697
2024-07-30 10:07:45,87500.0,600,Buy,227217699
2024-07-30 10:07:45,87500.0,100,Buy,227217695
2024-07-30 10:07:45,87500.0,200,Buy,227217696
2024-07-30 10:07:45,87500.0,500,Buy,227217694
2024-07-30 10:08:09,87400.0,100,Sell,227218199
2024-07-30 10:08:27,87400.0,100,Buy,227218460
2024-07-30 10:08:38,87500.0,2400,Buy,227218584
2024-07-30 10:08:38,87500.0,200,Buy,227218585
2024-07-30 10:08:38,87500.0,500,Buy,227218586
2024-07-30 10:08:38,87500.0,400,Buy,227218587
2024-07-30 10:08:38,87500.0,500,Buy,227218588
2024-07-30 10:08:38,87500.0,4000,Buy,227218589
2024-07-30 10:09:02,87500.0,200,Buy,227218904
2024-07-30 10:09:32,87400.0,200,Sell,227219367
2024-07-30 10:10:05,87500.0,100,Buy,227219902
2024-07-30 10:10:05,87500.0,200,Buy,227219903
2024-07-30 10:10:05,87500.0,200,Buy,227219904
2024-07-30 10:10:05,87500.0,100,Buy,227219905
2024-07-30 10:10:05,87500.0,2400,Buy,227219906
2024-07-30 10:10:54,87400.0,200,Sell,227220644
2024-07-30 10:11:13,87500.0,200,Buy,227220956
2024-07-30 10:12:12,87500.0,100,Buy,227221764
2024-07-30 10:12:12,87500.0,400,Buy,227221763
2024-07-30 10:12:15,87400.0,200,Sell,227221791
2024-07-30 10:12:16,87400.0,200,Sell,227221807
2024-07-30 10:13:38,87500.0,200,Sell,227222941
2024-07-30 10:14:49,87500.0,9800,Sell,227224224
2024-07-30 10:15:01,87400.0,200,Sell,227224398
2024-07-30 10:15:14,87500.0,200,Buy,227224645
2024-07-30 10:15:14,87500.0,200,Buy,227224646
2024-07-30 10:15:14,87500.0,100,Buy,227224647
2024-07-30 10:15:31,87500.0,500,Sell,227225091
2024-07-30 10:16:23,87500.0,100,Sell,227225877
2024-07-30 10:16:23,87500.0,100,Sell,227225878
2024-07-30 10:17:08,87500.0,100,Sell,227226633
2024-07-30 10:17:45,87500.0,200,Sell,227227157
2024-07-30 10:17:57,87500.0,200,Sell,227227374
2024-07-30 10:18:41,87600.0,800,Buy,227228074
2024-07-30 10:18:41,87600.0,200,Buy,227228073
2024-07-30 10:18:41,87600.0,100,Buy,227228072
2024-07-30 10:18:41,87600.0,100,Buy,227228071
2024-07-30 10:18:41,87600.0,200,Buy,227228070
2024-07-30 10:18:41,87600.0,300,Buy,227228069
2024-07-30 10:18:41,87600.0,900,Buy,227228068
2024-07-30 10:18:41,87600.0,2500,Buy,227228066
2024-07-30 10:18:41,87600.0,1200,Buy,227228065
2024-07-30 10:18:41,87600.0,500,Buy,227228064
2024-07-30 10:18:41,87600.0,200,Buy,227228063
2024-07-30 10:18:41,87600.0,900,Buy,227228062
2024-07-30 10:18:41,87600.0,100,Buy,227228067
2024-07-30 10:18:52,87600.0,200,Buy,227228341
2024-07-30 10:19:07,87600.0,200,Sell,227228600
2024-07-30 10:20:29,87600.0,200,Sell,227230222
2024-07-30 10:21:52,87600.0,200,Sell,227231482
2024-07-30 10:22:08,87700.0,100,Buy,227231892
2024-07-30 10:22:32,87700.0,100,Buy,227232325
2024-07-30 10:22:47,87600.0,400,Sell,227232704
2024-07-30 10:22:47,87600.0,100,Sell,227232705
2024-07-30 10:23:14,87600.0,200,Sell,227233293
2024-07-30 10:23:23,87600.0,200,Sell,227233469
2024-07-30 10:23:39,87600.0,1300,Sell,227233807
2024-07-30 10:23:39,87600.0,100,Sell,227233806
2024-07-30 10:23:58,87600.0,100,Sell,227234073
2024-07-30 10:24:36,87600.0,200,Sell,227234773
2024-07-30 10:25:36,87600.0,600,Sell,227235907
2024-07-30 10:25:47,87600.0,800,Sell,227236059
2024-07-30 10:25:47,87600.0,2000,Sell,227236060
2024-07-30 10:25:47,87600.0,2000,Sell,227236061
2024-07-30 10:25:47,87600.0,1000,Sell,227236062
2024-07-30 10:25:58,87500.0,200,Sell,227236209
2024-07-30 10:25:59,87600.0,200,Buy,227236228
2024-07-30 10:25:59,87700.0,300,Buy,227236229
2024-07-30 10:26:23,87700.0,100,Buy,227236510
2024-07-30 10:27:20,87600.0,100,Sell,227237272
2024-07-30 10:27:36,87600.0,1500,Buy,227237539
2024-07-30 10:27:36,87600.0,2300,Buy,227237540
2024-07-30 10:27:36,87600.0,100,Buy,227237537
2024-07-30 10:27:36,87600.0,1000,Buy,227237538
2024-07-30 10:27:36,87600.0,100,Buy,227237536
2024-07-30 10:28:02,87600.0,100,Buy,227237961
2024-07-30 10:28:35,87600.0,300,Sell,227238360
2024-07-30 10:28:43,87500.0,100,Sell,227238460
2024-07-30 10:28:43,87500.0,100,Sell,227238461
2024-07-30 10:28:58,87600.0,1000,Buy,227238594
2024-07-30 10:29:14,87500.0,500,Sell,227238792
2024-07-30 10:29:17,87600.0,500,Buy,227238809
2024-07-30 10:29:54,87600.0,200,Buy,227239263
2024-07-30 10:30:05,87500.0,200,Sell,227239401
2024-07-30 10:30:17,87500.0,200,Sell,227239572
2024-07-30 10:30:22,87500.0,100,Sell,227239646
2024-07-30 10:30:29,87500.0,300,Sell,227239738
2024-07-30 10:30:42,87500.0,400,Sell,227239909
2024-07-30 10:30:48,87500.0,100,Sell,227240017
2024-07-30 10:30:53,87500.0,200,Sell,227240059
2024-07-30 10:30:53,87500.0,100,Sell,227240058
2024-07-30 10:30:58,87500.0,100,Sell,227240147
2024-07-30 10:31:27,87500.0,200,Sell,227240623
2024-07-30 10:32:49,87500.0,200,Sell,227241655
2024-07-30 10:34:12,87500.0,200,Sell,227242961
2024-07-30 10:35:34,87600.0,100,Buy,227244282
2024-07-30 10:35:34,87500.0,200,Sell,227244287
2024-07-30 10:36:56,87500.0,100,Sell,227245541
2024-07-30 10:37:38,87500.0,100,Sell,227246334
2024-07-30 10:38:00,87600.0,100,Buy,227246785
2024-07-30 10:38:18,87500.0,200,Sell,227247051
2024-07-30 10:38:21,87600.0,100,Buy,227247095
2024-07-30 10:38:44,87600.0,500,Buy,227247614
2024-07-30 10:39:37,87600.0,600,Buy,227248644
2024-07-30 10:39:40,87500.0,200,Sell,227248701
2024-07-30 10:40:05,87600.0,1000,Buy,227249068
2024-07-30 10:40:10,87500.0,200,Sell,227249143
2024-07-30 10:40:33,87600.0,1000,Buy,227249486
2024-07-30 10:41:03,87500.0,100,Sell,227249856
2024-07-30 10:41:03,87500.0,100,Sell,227249857
2024-07-30 10:41:27,87600.0,100,Buy,227250221
2024-07-30 10:42:03,87600.0,600,Buy,227250805
2024-07-30 10:42:25,87500.0,200,Sell,227251122
2024-07-30 10:42:36,87600.0,6900,Buy,227251320
2024-07-30 10:42:36,87600.0,1000,Buy,227251321
2024-07-30 10:42:36,87600.0,300,Buy,227251322
2024-07-30 10:42:36,87600.0,1200,Buy,227251323
2024-07-30 10:42:36,87600.0,1000,Buy,227251324
2024-07-30 10:42:36,87600.0,600,Buy,227251325
2024-07-30 10:42:41,87600.0,1400,Buy,227251419
2024-07-30 10:42:44,87600.0,200,Sell,227251508
2024-07-30 10:42:52,87600.0,1400,Sell,227251599
2024-07-30 10:42:54,87500.0,800,Sell,227251674
2024-07-30 10:42:54,87500.0,900,Sell,227251675
2024-07-30 10:42:54,87500.0,1300,Sell,227251676
2024-07-30 10:42:57,87600.0,600,Buy,227251746
2024-07-30 10:43:00,87600.0,200,Sell,227251776
2024-07-30 10:43:47,87600.0,200,Sell,227252593
2024-07-30 10:43:52,87600.0,100,Sell,227252676
2024-07-30 10:44:26,87600.0,1400,Sell,227253124
2024-07-30 10:45:09,87500.0,200,Sell,227253769
2024-07-30 10:45:16,87500.0,3000,Sell,227253939
2024-07-30 10:45:37,87500.0,1000,Sell,227254234
2024-07-30 10:46:32,87500.0,200,Sell,227255174
2024-07-30 10:46:43,87500.0,800,Sell,227255322
2024-07-30 10:47:05,87600.0,100,Buy,227255664
2024-07-30 10:47:13,87600.0,200,Buy,227255800
2024-07-30 10:47:19,87600.0,1300,Buy,227255884
2024-07-30 10:47:19,87600.0,100,Buy,227255885
2024-07-30 10:47:19,87600.0,1000,Buy,227255886
2024-07-30 10:47:19,87600.0,1000,Buy,227255887
2024-07-30 10:47:19,87600.0,300,Buy,227255888
2024-07-30 10:47:19,87600.0,1000,Buy,227255889
2024-07-30 10:47:54,87600.0,200,Sell,227256449
2024-07-30 10:48:07,87600.0,100,Sell,227256678
2024-07-30 10:48:07,87600.0,400,Sell,227256679
2024-07-30 10:48:34,87600.0,400,Sell,227257075
2024-07-30 10:49:16,87600.0,200,Sell,227257762
2024-07-30 10:49:33,87600.0,900,Sell,227258014
2024-07-30 10:49:33,87600.0,400,Sell,227258013
2024-07-30 10:49:39,87600.0,100,Sell,227258063
2024-07-30 10:50:38,87600.0,200,Sell,227259159
2024-07-30 10:51:18,87600.0,100,Sell,227259836
2024-07-30 10:51:22,87600.0,100,Sell,227259887
2024-07-30 10:52:00,87600.0,200,Sell,227260439
2024-07-30 10:52:40,87600.0,100,Sell,227261004
2024-07-30 10:52:50,87600.0,100,Sell,227261111
2024-07-30 10:53:23,87600.0,200,Sell,227261557
2024-07-30 10:53:27,87600.0,200,Sell,227261625
2024-07-30 10:53:50,87700.0,100,Buy,227261950
2024-07-30 10:54:45,87600.0,200,Sell,227263012
2024-07-30 10:55:36,87700.0,100,Buy,227264096
2024-07-30 10:56:07,87600.0,200,Sell,227264688
2024-07-30 10:56:21,87700.0,100,Buy,227264850
2024-07-30 10:56:55,87700.0,200,Buy,227265317
2024-07-30 10:56:55,87700.0,100,Buy,227265316
2024-07-30 10:57:29,87600.0,100,Sell,227265801
2024-07-30 10:57:29,87600.0,100,Sell,227265802
2024-07-30 10:58:08,87600.0,100,Sell,227266454
2024-07-30 10:58:51,87600.0,200,Sell,227267832
2024-07-30 11:00:14,87600.0,200,Sell,227269115
2024-07-30 11:00:27,87600.0,100,Sell,227269314
2024-07-30 11:01:22,87600.0,100,Sell,227270420
2024-07-30 11:01:36,87600.0,100,Sell,227270730
2024-07-30 11:01:36,87600.0,100,Sell,227270731
2024-07-30 11:02:51,87600.0,700,Sell,227271928
2024-07-30 11:02:58,87600.0,100,Sell,227272062
2024-07-30 11:02:58,87600.0,100,Sell,227272063
2024-07-30 11:03:59,87600.0,100,Sell,227272975
2024-07-30 11:03:59,87600.0,100,Sell,227272974
2024-07-30 11:04:20,87600.0,100,Sell,227273356
2024-07-30 11:04:20,87600.0,100,Sell,227273357
2024-07-30 11:04:58,87600.0,100,Sell,227274145
2024-07-30 11:05:21,87600.0,100,Sell,227274449
2024-07-30 11:05:37,87600.0,100,Sell,227274629
2024-07-30 11:05:43,87600.0,200,Sell,227274820
2024-07-30 11:06:44,87600.0,2000,Sell,227275874
2024-07-30 11:07:05,87600.0,200,Sell,227276205
2024-07-30 11:07:39,87600.0,3000,Sell,227276841
2024-07-30 11:07:52,87600.0,100,Sell,227277097
2024-07-30 11:08:27,87600.0,200,Sell,227277593
2024-07-30 11:08:36,87600.0,4100,Sell,227277727
2024-07-30 11:08:36,87600.0,3400,Sell,227277728
2024-07-30 11:09:49,87500.0,100,Sell,227278831
2024-07-30 11:11:07,87600.0,500,Buy,227280221
2024-07-30 11:11:11,87500.0,200,Sell,227280287
2024-07-30 11:11:48,87500.0,100,Sell,227280908
2024-07-30 11:12:08,87600.0,200,Buy,227281319
2024-07-30 11:12:08,87600.0,100,Buy,227281317
2024-07-30 11:12:08,87600.0,100,Buy,227281318
2024-07-30 11:12:34,87600.0,200,Sell,227281680
2024-07-30 11:13:03,87700.0,2600,Buy,227282089
2024-07-30 11:13:03,87700.0,100,Buy,227282088
2024-07-30 11:13:03,87700.0,500,Buy,227282087
2024-07-30 11:13:03,87700.0,200,Buy,227282086
2024-07-30 11:13:03,87700.0,500,Buy,227282083
2024-07-30 11:13:03,87700.0,100,Buy,227282084
2024-07-30 11:13:03,87700.0,100,Buy,227282085
2024-07-30 11:13:03,87700.0,100,Buy,227282080
2024-07-30 11:13:03,87700.0,300,Buy,227282082
2024-07-30 11:13:03,87700.0,500,Buy,227282081
2024-07-30 11:13:23,87700.0,300,Buy,227282391
2024-07-30 11:13:56,87600.0,200,Sell,227282881
2024-07-30 11:14:20,87600.0,100,Sell,227283280
2024-07-30 11:15:11,87700.0,100,Buy,227284144
2024-07-30 11:15:18,87600.0,200,Sell,227284279
2024-07-30 11:15:32,87700.0,200,Buy,227284493
2024-07-30 11:16:40,87600.0,200,Sell,227285631
2024-07-30 11:17:41,87700.0,200,Buy,227286504
2024-07-30 11:18:02,87600.0,200,Sell,227286825
2024-07-30 11:18:02,87600.0,500,Sell,227286827
2024-07-30 11:18:38,87600.0,100,Sell,227287409
2024-07-30 11:19:21,87600.0,400,Sell,227287918
2024-07-30 11:19:21,87600.0,600,Sell,227287917
2024-07-30 11:19:25,87600.0,200,Sell,227287994
2024-07-30 11:19:51,87700.0,200,Buy,227288392
2024-07-30 11:20:47,87600.0,200,Sell,227289233
2024-07-30 11:22:00,87700.0,200,Buy,227290106
2024-07-30 11:22:09,87600.0,200,Sell,227290211
2024-07-30 11:22:42,87600.0,500,Sell,227290561
2024-07-30 11:23:14,87600.0,100,Sell,227291116
2024-07-30 11:23:31,87600.0,200,Sell,227291558
2024-07-30 11:23:48,87700.0,100,Buy,227291852
2024-07-30 11:24:09,87700.0,200,Buy,227292127
2024-07-30 11:24:25,87700.0,200,Buy,227292294
2024-07-30 11:24:54,87600.0,200,Sell,227292631
2024-07-30 11:25:28,87600.0,100,Sell,227293081
2024-07-30 11:26:00,87600.0,100,Sell,227293490
2024-07-30 11:26:16,87600.0,100,Sell,227293660
2024-07-30 11:26:18,87700.0,200,Buy,227293688
2024-07-30 11:26:57,87600.0,100,Sell,227294267
2024-07-30 11:26:57,87600.0,600,Sell,227294269
2024-07-30 11:26:57,87600.0,300,Sell,227294266
2024-07-30 11:26:57,87600.0,1000,Sell,227294268
2024-07-30 11:27:38,87600.0,200,Sell,227294769
2024-07-30 11:28:20,87600.0,1700,Sell,227295302
2024-07-30 11:28:20,87600.0,1300,Sell,227295303
2024-07-30 11:28:27,87700.0,200,Buy,227295482
2024-07-30 11:29:06,87700.0,600,Buy,227296057
2024-07-30 11:29:12,87700.0,100,Buy,227296169
2024-07-30 12:59:39,87600.0,200,Sell,227296827
2024-07-30 12:59:44,87700.0,100,Buy,227298443
2024-07-30 12:59:45,87600.0,100,Sell,227298647
2024-07-30 12:59:46,87600.0,100,Sell,227298959
2024-07-30 12:59:50,87600.0,400,Sell,227300109
2024-07-30 12:59:57,87700.0,100,Buy,227300701
2024-07-30 13:00:36,87700.0,200,Buy,227302180
2024-07-30 13:01:02,87700.0,3000,Buy,227302822
2024-07-30 13:01:06,87600.0,200,Sell,227302916
2024-07-30 13:01:20,87700.0,200,Buy,227303286
2024-07-30 13:01:33,87700.0,1000,Buy,227303561
2024-07-30 13:01:33,87700.0,100,Buy,227303562
2024-07-30 13:01:33,87700.0,100,Buy,227303563
2024-07-30 13:01:33,87700.0,100,Buy,227303564
2024-07-30 13:01:33,87700.0,100,Buy,227303565
2024-07-30 13:01:33,87700.0,100,Buy,227303566
2024-07-30 13:01:33,87700.0,100,Buy,227303567
2024-07-30 13:01:33,87700.0,1400,Buy,227303568
2024-07-30 13:01:41,87700.0,800,Buy,227303762
2024-07-30 13:01:41,87700.0,200,Buy,227303763
2024-07-30 13:01:41,87700.0,300,Buy,227303764
2024-07-30 13:01:55,87700.0,3000,Buy,227304087
2024-07-30 13:02:16,87700.0,1700,Buy,227304669
2024-07-30 13:02:16,87700.0,200,Buy,227304670
2024-07-30 13:02:16,87700.0,1100,Buy,227304671
2024-07-30 13:02:34,87600.0,200,Sell,227305176
2024-07-30 13:02:35,87700.0,1400,Buy,227305207
2024-07-30 13:02:46,87700.0,200,Buy,227305487
2024-07-30 13:03:02,87700.0,300,Buy,227305887
2024-07-30 13:03:02,87700.0,7700,Buy,227305888
2024-07-30 13:03:03,87700.0,2300,Buy,227305898
2024-07-30 13:03:03,87700.0,700,Buy,227305899
2024-07-30 13:03:04,87600.0,100,Sell,227305946
2024-07-30 13:03:04,87600.0,100,Sell,227305947
2024-07-30 13:03:08,87700.0,300,Buy,227306042
2024-07-30 13:03:08,87700.0,200,Buy,227306043
2024-07-30 13:03:08,87700.0,100,Buy,227306044
2024-07-30 13:03:08,87700.0,400,Buy,227306045
2024-07-30 13:03:10,87700.0,100,Buy,227306094
2024-07-30 13:03:10,87700.0,200,Buy,227306095
2024-07-30 13:03:10,87700.0,1900,Buy,227306096
2024-07-30 13:03:29,87700.0,1400,Buy,227306652
2024-07-30 13:03:36,87600.0,200,Sell,227306846
2024-07-30 13:03:36,87600.0,5400,Sell,227306845
2024-07-30 13:04:00,87600.0,200,Sell,227307670
2024-07-30 13:04:16,87600.0,200,Sell,227308079
2024-07-30 13:04:23,87700.0,1400,Buy,227308284
2024-07-30 13:04:51,87600.0,1000,Sell,227309070
2024-07-30 13:04:55,87700.0,200,Buy,227309193
2024-07-30 13:05:17,87700.0,100,Buy,227309806
2024-07-30 13:05:17,87700.0,1000,Buy,227309807
2024-07-30 13:05:17,87700.0,200,Buy,227309804
2024-07-30 13:05:17,87700.0,100,Buy,227309805
2024-07-30 13:05:29,87600.0,200,Sell,227310051
2024-07-30 13:06:06,87600.0,200,Sell,227311067
2024-07-30 13:06:11,87700.0,1300,Buy,227311295
2024-07-30 13:06:18,87700.0,100,Buy,227311673
2024-07-30 13:06:18,87700.0,100,Buy,227311675
2024-07-30 13:06:18,87700.0,100,Buy,227311674
2024-07-30 13:06:18,87700.0,200,Buy,227311672
2024-07-30 13:06:18,87700.0,200,Buy,227311676
2024-07-30 13:06:18,87700.0,100,Buy,227311670
2024-07-30 13:06:18,87700.0,100,Buy,227311669
2024-07-30 13:06:18,87700.0,100,Buy,227311668
2024-07-30 13:06:18,87700.0,200,Buy,227311671
2024-07-30 13:06:18,87700.0,100,Buy,227311667
2024-07-30 13:06:23,87600.0,500,Sell,227311840
2024-07-30 13:06:44,87600.0,200,Sell,227312419
2024-07-30 13:06:57,87600.0,200,Sell,227312746
2024-07-30 13:07:04,87700.0,200,Buy,227312975
2024-07-30 13:07:06,87700.0,1400,Buy,227313044
2024-07-30 13:07:13,87700.0,500,Buy,227313240
2024-07-30 13:07:13,87700.0,200,Buy,227313241
2024-07-30 13:07:24,87700.0,400,Buy,227313585
2024-07-30 13:07:24,87700.0,400,Buy,227313579
2024-07-30 13:07:24,87700.0,100,Buy,227313586
2024-07-30 13:07:24,87700.0,100,Buy,227313577
2024-07-30 13:07:24,87700.0,200,Buy,227313576
2024-07-30 13:07:24,87700.0,300,Buy,227313575
2024-07-30 13:07:24,87700.0,100,Buy,227313578
2024-07-30 13:07:25,87700.0,400,Buy,227313595
2024-07-30 13:07:30,87700.0,100,Buy,227313722
2024-07-30 13:07:34,87600.0,1600,Sell,227313803
2024-07-30 13:07:34,87600.0,1400,Sell,227313804
2024-07-30 13:07:42,87700.0,100,Buy,227314125
2024-07-30 13:07:54,87600.0,800,Sell,227314501
2024-07-30 13:07:54,87700.0,300,Buy,227314507
2024-07-30 13:07:54,87700.0,300,Buy,227314506
2024-07-30 13:07:54,87600.0,1000,Sell,227314500
2024-07-30 13:07:54,87600.0,300,Sell,227314496
2024-07-30 13:07:54,87600.0,500,Sell,227314498
2024-07-30 13:07:54,87600.0,500,Sell,227314497
2024-07-30 13:07:54,87600.0,1000,Sell,227314499
2024-07-30 13:07:54,87600.0,900,Sell,227314495
2024-07-30 13:07:59,87800.0,1400,Buy,227314694
2024-07-30 13:08:18,87800.0,3700,Buy,227315146
2024-07-30 13:08:18,87800.0,4300,Buy,227315152
2024-07-30 13:08:25,87700.0,200,Sell,227315375
2024-07-30 13:08:29,87800.0,2300,Buy,227315476
2024-07-30 13:08:29,87800.0,600,Buy,227315471
2024-07-30 13:08:29,87800.0,200,Buy,227315472
2024-07-30 13:08:29,87800.0,1900,Buy,227315473
2024-07-30 13:08:31,87800.0,1400,Buy,227315527
2024-07-30 13:08:33,87800.0,100,Buy,227315670
2024-07-30 13:08:34,87800.0,2700,Buy,227315865
2024-07-30 13:08:34,87800.0,1600,Buy,227315869
2024-07-30 13:08:34,87800.0,100,Buy,227315870
2024-07-30 13:08:34,87800.0,100,Buy,227315871
2024-07-30 13:08:34,87800.0,100,Buy,227315872
2024-07-30 13:08:34,87800.0,100,Buy,227315873
2024-07-30 13:08:34,87800.0,300,Buy,227315874
2024-07-30 13:08:46,87800.0,100,Buy,227316162
2024-07-30 13:08:50,87700.0,500,Sell,227316264
2024-07-30 13:08:53,87800.0,700,Buy,227316357
2024-07-30 13:08:53,87800.0,100,Buy,227316358
2024-07-30 13:08:53,87800.0,300,Buy,227316359
2024-07-30 13:08:53,87800.0,200,Buy,227316360
2024-07-30 13:08:58,87800.0,100,Buy,227316493
2024-07-30 13:08:58,87800.0,100,Buy,227316492
2024-07-30 13:08:58,87800.0,100,Buy,227316490
2024-07-30 13:08:58,87800.0,100,Buy,227316489
2024-07-30 13:08:58,87800.0,500,Buy,227316491
2024-07-30 13:09:08,87800.0,100,Sell,227316828
2024-07-30 13:09:13,87900.0,100,Buy,227316978
2024-07-30 13:09:13,87900.0,100,Buy,227316979
2024-07-30 13:09:21,87900.0,500,Buy,227317199
2024-07-30 13:09:47,87900.0,600,Buy,227317808
2024-07-30 13:09:47,87900.0,100,Buy,227317807
2024-07-30 13:09:47,87900.0,100,Buy,227317805
2024-07-30 13:09:47,87900.0,500,Buy,227317806
2024-07-30 13:09:51,87900.0,400,Buy,227317919
2024-07-30 13:09:51,87900.0,800,Buy,227317920
2024-07-30 13:09:53,87800.0,200,Sell,227317962
2024-07-30 13:09:59,87900.0,900,Buy,227318267
2024-07-30 13:09:59,87900.0,100,Buy,227318265
2024-07-30 13:09:59,87900.0,3000,Buy,227318264
2024-07-30 13:09:59,87900.0,100,Buy,227318266
2024-07-30 13:09:59,87900.0,100,Buy,227318263
2024-07-30 13:09:59,87900.0,100,Buy,227318261
2024-07-30 13:09:59,87900.0,100,Buy,227318260
2024-07-30 13:09:59,87900.0,1000,Buy,227318259
2024-07-30 13:09:59,87900.0,200,Buy,227318258
2024-07-30 13:09:59,87900.0,100,Buy,227318262
2024-07-30 13:10:03,87900.0,400,Sell,227318420
2024-07-30 13:10:03,87900.0,300,Sell,227318439
2024-07-30 13:10:07,87900.0,1600,Sell,227318569
2024-07-30 13:10:07,87900.0,2500,Sell,227318570
2024-07-30 13:10:09,88000.0,3900,Buy,227318641
2024-07-30 13:10:09,88000.0,5000,Buy,227318640
2024-07-30 13:10:09,88000.0,100,Buy,227318639
2024-07-30 13:10:09,88000.0,300,Buy,227318626
2024-07-30 13:10:09,88000.0,5000,Buy,227318637
2024-07-30 13:10:09,88000.0,1400,Buy,227318627
2024-07-30 13:10:09,88000.0,100,Buy,227318625
2024-07-30 13:10:09,88000.0,200,Buy,227318638
2024-07-30 13:10:10,88000.0,300,Buy,227318674
2024-07-30 13:10:41,87900.0,100,Buy,227319589
2024-07-30 13:10:41,87900.0,300,Buy,227319588
2024-07-30 13:10:41,87900.0,400,Buy,227319587
2024-07-30 13:10:41,87900.0,300,Buy,227319586
2024-07-30 13:10:41,87900.0,200,Buy,227319585
2024-07-30 13:10:48,87900.0,100,Sell,227319809
2024-07-30 13:10:48,87900.0,100,Buy,227319824
2024-07-30 13:11:04,87900.0,4900,Sell,227320448
2024-07-30 13:11:20,87900.0,200,Sell,227320912
2024-07-30 13:11:22,88000.0,200,Buy,227320974
2024-07-30 13:11:33,87900.0,100,Sell,227321308
2024-07-30 13:11:35,88000.0,1400,Buy,227321358
2024-07-30 13:11:36,87900.0,100,Sell,227321368
2024-07-30 13:11:49,88000.0,400,Buy,227321729
2024-07-30 13:11:49,88000.0,5000,Buy,227321730
2024-07-30 13:11:49,88000.0,200,Buy,227321731
2024-07-30 13:11:49,88000.0,1000,Buy,227321735
2024-07-30 13:11:49,88000.0,500,Buy,227321733
2024-07-30 13:11:49,88000.0,100,Buy,227321734
2024-07-30 13:11:49,88000.0,100,Buy,227321728
2024-07-30 13:11:49,88000.0,100,Buy,227321732
2024-07-30 13:11:49,88000.0,5000,Buy,227321727
2024-07-30 13:11:49,88000.0,200,Buy,227321719
2024-07-30 13:11:49,88000.0,100,Buy,227321721
2024-07-30 13:11:49,88000.0,5000,Buy,227321720
2024-07-30 13:11:49,88000.0,500,Buy,227321718
2024-07-30 13:11:49,88000.0,100,Buy,227321717
2024-07-30 13:11:49,88000.0,5000,Buy,227321716
2024-07-30 13:11:49,88000.0,100,Buy,227321715
2024-07-30 13:11:49,88000.0,300,Buy,227321714
2024-07-30 13:11:49,88000.0,5000,Buy,227321713
2024-07-30 13:11:49,88000.0,4200,Buy,227321712
2024-07-30 13:11:49,88000.0,100,Buy,227321722
2024-07-30 13:11:55,88000.0,1000,Buy,227321868
2024-07-30 13:11:56,87900.0,100,Sell,227321880
2024-07-30 13:11:59,88000.0,2800,Buy,227321958
2024-07-30 13:12:01,88000.0,200,Buy,227322039
2024-07-30 13:12:01,88000.0,300,Buy,227322038
2024-07-30 13:12:01,88000.0,100,Buy,227322037
2024-07-30 13:12:01,88000.0,300,Buy,227322036
2024-07-30 13:12:01,88000.0,100,Buy,227322032
2024-07-30 13:12:01,88000.0,500,Buy,227322035
2024-07-30 13:12:01,88000.0,200,Buy,227322034
2024-07-30 13:12:01,88000.0,100,Buy,227322033
2024-07-30 13:12:01,88000.0,100,Buy,227322040
2024-07-30 13:12:01,88000.0,100,Buy,227322031
2024-07-30 13:12:01,88000.0,100,Buy,227322024
2024-07-30 13:12:01,88000.0,100,Buy,227322029
2024-07-30 13:12:01,88000.0,100,Buy,227322028
2024-07-30 13:12:01,88000.0,100,Buy,227322027
2024-07-30 13:12:01,88000.0,100,Buy,227322026
2024-07-30 13:12:01,88000.0,2000,Buy,227322025
2024-07-30 13:12:01,88000.0,500,Buy,227322023
2024-07-30 13:12:01,88000.0,200,Buy,227322022
2024-07-30 13:12:01,88000.0,1100,Buy,227322021
2024-07-30 13:12:01,88000.0,700,Buy,227322020
2024-07-30 13:12:01,88000.0,200,Buy,227322019
2024-07-30 13:12:01,88000.0,100,Buy,227322030
2024-07-30 13:12:01,88000.0,200,Buy,227322041
2024-07-30 13:12:01,88000.0,100,Buy,227322042
2024-07-30 13:12:01,88000.0,500,Buy,227322044
2024-07-30 13:12:01,88000.0,1000,Buy,227322043
2024-07-30 13:12:23,88100.0,1000,Buy,227322666
2024-07-30 13:12:23,88100.0,400,Buy,227322673
2024-07-30 13:12:23,88100.0,300,Buy,227322672
2024-07-30 13:12:23,88100.0,100,Buy,227322671
2024-07-30 13:12:23,88100.0,100,Buy,227322665
2024-07-30 13:12:23,88100.0,1600,Buy,227322668
2024-07-30 13:12:23,88100.0,2400,Buy,227322670
2024-07-30 13:12:23,88100.0,100,Buy,227322667
2024-07-30 13:12:29,88100.0,600,Buy,227322824
2024-07-30 13:12:48,88100.0,200,Sell,227323324
2024-07-30 13:12:50,88100.0,100,Sell,227323364
2024-07-30 13:13:08,88100.0,500,Sell,227323871
2024-07-30 13:13:24,88200.0,500,Buy,227324211
2024-07-30 13:13:24,88200.0,100,Buy,227324212
2024-07-30 13:13:24,88200.0,800,Buy,227324213
2024-07-30 13:13:24,88200.0,1400,Buy,227324221
2024-07-30 13:13:32,88200.0,200,Buy,227324425
2024-07-30 13:13:39,88200.0,200,Buy,227324573
2024-07-30 13:13:39,88200.0,1500,Buy,227324574
2024-07-30 13:13:39,88200.0,600,Buy,227324571
2024-07-30 13:13:39,88200.0,100,Buy,227324572
2024-07-30 13:13:39,88200.0,2600,Buy,227324570
2024-07-30 13:13:46,88200.0,600,Buy,227324743
2024-07-30 13:13:54,88200.0,100,Buy,227324896
2024-07-30 13:13:54,88200.0,200,Buy,227324897
2024-07-30 13:13:54,88200.0,400,Buy,227324898
2024-07-30 13:13:54,88200.0,500,Buy,227324899
2024-07-30 13:13:54,88200.0,100,Buy,227324901
2024-07-30 13:13:54,88200.0,2000,Buy,227324902
2024-07-30 13:13:54,88200.0,100,Buy,227324903
2024-07-30 13:13:54,88200.0,500,Buy,227324904
2024-07-30 13:13:54,88200.0,500,Buy,227324905
2024-07-30 13:13:54,88200.0,200,Buy,227324906
2024-07-30 13:13:54,88200.0,5000,Buy,227324907
2024-07-30 13:13:54,88200.0,2900,Buy,227324895
2024-07-30 13:13:54,88200.0,2000,Buy,227324900
2024-07-30 13:13:58,88200.0,100,Sell,227325011
2024-07-30 13:14:01,88200.0,100,Sell,227325157
2024-07-30 13:14:03,88200.0,200,Sell,227325214
2024-07-30 13:14:06,88200.0,100,Sell,227325304
2024-07-30 13:14:11,88200.0,400,Sell,227325418
2024-07-30 13:14:16,88200.0,200,Sell,227325543
2024-07-30 13:14:18,88300.0,100,Buy,227325595
2024-07-30 13:14:18,88300.0,300,Buy,227325596
2024-07-30 13:14:18,88300.0,900,Buy,227325597
2024-07-30 13:14:18,88200.0,400,Sell,227325631
2024-07-30 13:14:18,88200.0,100,Sell,227325632
2024-07-30 13:14:21,88200.0,100,Sell,227325694
2024-07-30 13:14:22,88200.0,800,Sell,227325719
2024-07-30 13:14:22,88200.0,100,Sell,227325720
2024-07-30 13:14:22,88200.0,1300,Sell,227325721
2024-07-30 13:14:47,88200.0,200,Buy,227326225
2024-07-30 13:14:51,88200.0,400,Buy,227326312
2024-07-30 13:14:52,88200.0,200,Buy,227326326
2024-07-30 13:14:52,88200.0,2000,Buy,227326347
2024-07-30 13:15:14,88100.0,100,Sell,227326860
2024-07-30 13:15:22,88200.0,400,Buy,227327057
2024-07-30 13:15:36,88100.0,100,Sell,227327465
2024-07-30 13:15:41,88200.0,200,Buy,227327630
2024-07-30 13:15:43,88100.0,200,Sell,227327681
2024-07-30 13:15:45,88200.0,100,Buy,227327714
2024-07-30 13:15:45,88200.0,100,Buy,227327715
2024-07-30 13:15:45,88200.0,100,Buy,227327716
2024-07-30 13:15:45,88200.0,100,Buy,227327717
2024-07-30 13:15:45,88200.0,100,Buy,227327718
2024-07-30 13:15:45,88200.0,200,Buy,227327719
2024-07-30 13:16:15,88200.0,800,Buy,227328506
2024-07-30 13:16:15,88200.0,100,Buy,227328507
2024-07-30 13:16:15,88200.0,400,Buy,227328508
2024-07-30 13:17:09,88200.0,1300,Buy,227329844
2024-07-30 13:17:12,88100.0,200,Sell,227329884
2024-07-30 13:17:13,88100.0,100,Sell,227329936
2024-07-30 13:17:33,88100.0,2100,Sell,227330457
2024-07-30 13:17:33,88100.0,1600,Sell,227330456
2024-07-30 13:17:33,88100.0,1300,Sell,227330455
2024-07-30 13:17:35,88200.0,100,Buy,227330497
2024-07-30 13:17:37,88100.0,100,Sell,227330541
2024-07-30 13:17:50,88200.0,200,Buy,227331019
2024-07-30 13:18:03,88200.0,1400,Buy,227331465
2024-07-30 13:18:11,88200.0,500,Buy,227331714
2024-07-30 13:18:26,88100.0,200,Sell,227332139
2024-07-30 13:18:39,88100.0,200,Sell,227332437
2024-07-30 13:18:50,88100.0,1900,Sell,227332768
2024-07-30 13:18:57,88200.0,1100,Buy,227332920
2024-07-30 13:18:57,88200.0,200,Buy,227332921
2024-07-30 13:18:57,88100.0,100,Sell,227332922
2024-07-30 13:18:59,88100.0,100,Sell,227332993
2024-07-30 13:19:00,88100.0,100,Sell,227333028
2024-07-30 13:19:00,88100.0,100,Sell,227333027
2024-07-30 13:19:00,88100.0,800,Sell,227333029
2024-07-30 13:19:00,88100.0,2000,Sell,227333025
2024-07-30 13:19:00,88100.0,1800,Sell,227333024
2024-07-30 13:19:00,88100.0,200,Sell,227333026
2024-07-30 13:19:06,88100.0,1600,Sell,227333161
2024-07-30 13:19:06,88100.0,1400,Sell,227333160
2024-07-30 13:19:06,88100.0,500,Sell,227333162
2024-07-30 13:19:06,88100.0,200,Sell,227333158
2024-07-30 13:19:06,88100.0,100,Sell,227333157
2024-07-30 13:19:06,88100.0,200,Sell,227333156
2024-07-30 13:19:06,88100.0,1000,Sell,227333159
2024-07-30 13:19:18,88100.0,2900,Sell,227333601
2024-07-30 13:19:18,88100.0,200,Sell,227333602
2024-07-30 13:19:18,88100.0,1300,Sell,227333603
2024-07-30 13:19:18,88100.0,100,Sell,227333604
2024-07-30 13:19:33,88100.0,100,Buy,227334007
2024-07-30 13:19:59,88100.0,100,Buy,227334828
2024-07-30 13:20:07,88000.0,200,Sell,227335116
2024-07-30 13:20:47,88100.0,900,Buy,227336407
2024-07-30 13:20:47,88100.0,200,Buy,227336409
2024-07-30 13:20:47,88100.0,500,Buy,227336408
2024-07-30 13:20:47,88100.0,1100,Buy,227336401
2024-07-30 13:20:47,88100.0,300,Buy,227336400
2024-07-30 13:20:51,88000.0,300,Sell,227336516
2024-07-30 13:20:51,88100.0,800,Buy,227336522
2024-07-30 13:20:59,88100.0,200,Sell,227336744
2024-07-30 13:21:06,88100.0,100,Sell,227336921
2024-07-30 13:21:09,88100.0,100,Sell,227337038
2024-07-30 13:21:35,88100.0,200,Sell,227337817
2024-07-30 13:21:45,88200.0,300,Buy,227338181
2024-07-30 13:21:45,88200.0,200,Buy,227338182
2024-07-30 13:21:45,88200.0,200,Buy,227338183
2024-07-30 13:21:45,88200.0,100,Buy,227338184
2024-07-30 13:21:45,88200.0,100,Buy,227338185
2024-07-30 13:21:45,88200.0,200,Buy,227338186
2024-07-30 13:21:45,88200.0,100,Buy,227338180
2024-07-30 13:22:08,88200.0,100,Buy,227338912
2024-07-30 13:22:22,88100.0,200,Sell,227339347
2024-07-30 13:22:22,88100.0,1500,Sell,227339345
2024-07-30 13:22:22,88100.0,300,Sell,227339346
2024-07-30 13:22:26,88100.0,100,Sell,227339460
2024-07-30 13:22:39,88200.0,1000,Buy,227339864
2024-07-30 13:22:57,88100.0,1000,Sell,227340367
2024-07-30 13:22:57,88100.0,100,Sell,227340368
2024-07-30 13:22:57,88100.0,900,Sell,227340369
2024-07-30 13:23:01,88100.0,100,Sell,227340459
2024-07-30 13:23:03,88100.0,200,Sell,227340512
2024-07-30 13:23:24,88100.0,100,Sell,227341099
2024-07-30 13:23:24,88100.0,100,Sell,227341098
2024-07-30 13:23:40,88100.0,200,Sell,227341492
2024-07-30 13:23:45,88100.0,300,Sell,227341653
2024-07-30 13:23:59,88100.0,400,Sell,227341960
2024-07-30 13:23:59,88100.0,700,Sell,227341961
2024-07-30 13:23:59,88100.0,900,Sell,227341962
2024-07-30 13:24:01,88100.0,400,Sell,227342035
2024-07-30 13:24:01,88100.0,100,Sell,227342036
2024-07-30 13:24:17,88100.0,100,Buy,227342440
2024-07-30 13:24:22,88000.0,400,Sell,227342560
2024-07-30 13:24:22,88000.0,600,Sell,227342561
2024-07-30 13:24:30,88000.0,200,Sell,227342887
2024-07-30 13:24:35,88000.0,500,Sell,227342979
2024-07-30 13:24:43,88000.0,400,Sell,227343293
2024-07-30 13:25:03,88000.0,100,Sell,227343772
2024-07-30 13:25:42,88100.0,1000,Buy,227344695
2024-07-30 13:25:42,88100.0,100,Buy,227344696
2024-07-30 13:25:42,88100.0,200,Buy,227344697
2024-07-30 13:25:57,88000.0,200,Sell,227345086
2024-07-30 13:26:27,88100.0,100,Buy,227345785
2024-07-30 13:26:36,88100.0,700,Buy,227345965
2024-07-30 13:26:36,88100.0,600,Buy,227345966
2024-07-30 13:26:50,88100.0,400,Buy,227346225
2024-07-30 13:26:50,88100.0,1300,Buy,227346226
2024-07-30 13:26:50,88100.0,2500,Buy,227346227
2024-07-30 13:26:50,88100.0,200,Buy,227346228
2024-07-30 13:27:01,88100.0,200,Sell,227346506
2024-07-30 13:27:05,88100.0,100,Sell,227346578
2024-07-30 13:27:26,88100.0,200,Sell,227347037
2024-07-30 13:27:30,88100.0,500,Buy,227347113
2024-07-30 13:27:30,88100.0,100,Sell,227347109
2024-07-30 13:27:30,88200.0,1300,Buy,227347114
2024-07-30 13:27:47,88200.0,200,Buy,227347499
2024-07-30 13:28:24,88200.0,800,Buy,227348393
2024-07-30 13:28:36,88200.0,100,Buy,227348600
2024-07-30 13:28:54,88100.0,100,Sell,227349048
2024-07-30 13:28:54,88100.0,100,Sell,227349049
2024-07-30 13:29:07,88100.0,100,Sell,227349364
2024-07-30 13:29:07,88200.0,300,Buy,227349376
2024-07-30 13:29:10,88100.0,1000,Sell,227349435
2024-07-30 13:29:18,88200.0,1000,Buy,227349627
2024-07-30 13:29:18,88200.0,200,Buy,227349628
2024-07-30 13:29:18,88200.0,100,Buy,227349629
2024-07-30 13:29:25,88200.0,700,Buy,227349812
2024-07-30 13:29:27,88100.0,500,Sell,227349873
2024-07-30 13:29:38,88100.0,300,Sell,227350231
2024-07-30 13:29:42,88100.0,3000,Sell,227350333
2024-07-30 13:29:46,88100.0,1300,Sell,227350437
2024-07-30 13:29:46,88100.0,400,Sell,227350436
2024-07-30 13:30:22,88000.0,200,Sell,227351560
2024-07-30 13:30:45,88200.0,100,Buy,227352253
2024-07-30 13:31:01,88100.0,300,Sell,227352778
2024-07-30 13:31:09,88100.0,200,Sell,227353124
2024-07-30 13:31:13,88100.0,100,Sell,227353356
2024-07-30 13:31:13,88100.0,1300,Buy,227353357
2024-07-30 13:31:14,88100.0,100,Buy,227353361
2024-07-30 13:31:14,88200.0,1100,Buy,227353362
2024-07-30 13:31:26,88200.0,1400,Buy,227353742
2024-07-30 13:31:41,88000.0,200,Sell,227354280
2024-07-30 13:31:50,88000.0,200,Sell,227354557
2024-07-30 13:32:03,88000.0,100,Sell,227355034
2024-07-30 13:32:14,88000.0,1200,Sell,227355605
2024-07-30 13:32:14,88000.0,100,Sell,227355604
2024-07-30 13:32:14,88000.0,100,Sell,227355603
2024-07-30 13:32:14,88000.0,100,Sell,227355602
2024-07-30 13:32:14,88000.0,100,Sell,227355601
2024-07-30 13:32:14,88000.0,100,Sell,227355600
2024-07-30 13:32:14,88000.0,100,Sell,227355596
2024-07-30 13:32:14,88000.0,100,Sell,227355598
2024-07-30 13:32:14,88000.0,200,Sell,227355597
2024-07-30 13:32:14,88000.0,3400,Sell,227355595
2024-07-30 13:32:14,88000.0,8000,Sell,227355594
2024-07-30 13:32:14,88000.0,7300,Sell,227355593
2024-07-30 13:32:14,88000.0,4000,Sell,227355592
2024-07-30 13:32:14,88000.0,100,Sell,227355599
2024-07-30 13:32:54,88000.0,100,Buy,227356972
2024-07-30 13:33:17,87900.0,100,Sell,227357655
2024-07-30 13:33:17,87900.0,100,Sell,227357656
2024-07-30 13:33:31,87900.0,1000,Sell,227358008
2024-07-30 13:34:11,87900.0,1300,Sell,227359425
2024-07-30 13:34:11,87900.0,1600,Sell,227359424
2024-07-30 13:34:11,87900.0,3400,Sell,227359422
2024-07-30 13:34:11,87900.0,1400,Sell,227359423
2024-07-30 13:34:11,87900.0,500,Sell,227359420
2024-07-30 13:34:11,87900.0,2300,Sell,227359418
2024-07-30 13:34:11,87900.0,100,Sell,227359421
2024-07-30 13:34:11,87900.0,100,Sell,227359419
2024-07-30 13:34:45,87800.0,100,Sell,227360613
2024-07-30 13:34:45,87800.0,100,Sell,227360614
2024-07-30 13:34:55,87800.0,300,Sell,227360858
2024-07-30 13:35:03,87900.0,100,Buy,227361153
2024-07-30 13:35:16,87900.0,1200,Buy,227361544
2024-07-30 13:35:16,87900.0,100,Buy,227361545
2024-07-30 13:36:10,87900.0,100,Buy,227363612
2024-07-30 13:36:10,87900.0,1200,Buy,227363613
2024-07-30 13:36:13,87800.0,100,Sell,227363681
2024-07-30 13:36:13,87800.0,100,Sell,227363680
2024-07-30 13:36:27,87800.0,200,Sell,227364403
2024-07-30 13:37:04,87900.0,1300,Buy,227365810
2024-07-30 13:37:13,87900.0,100,Buy,227366277
2024-07-30 13:37:40,87800.0,200,Sell,227367264
2024-07-30 13:37:58,87900.0,1200,Buy,227367871
2024-07-30 13:37:58,87900.0,100,Buy,227367870
2024-07-30 13:38:20,87900.0,500,Buy,227368542
2024-07-30 13:38:42,87900.0,300,Buy,227369369
2024-07-30 13:38:52,87900.0,700,Buy,227369730
2024-07-30 13:38:52,87900.0,100,Buy,227369731
2024-07-30 13:38:52,87900.0,400,Buy,227369732
2024-07-30 13:39:09,87800.0,200,Sell,227370393
2024-07-30 13:39:17,87800.0,100,Sell,227370620
2024-07-30 13:39:22,88000.0,100,Buy,227370821
2024-07-30 13:39:46,88000.0,1200,Buy,227371658
2024-07-30 13:40:04,88000.0,5800,Buy,227372208
2024-07-30 13:40:04,87900.0,200,Buy,227372207
2024-07-30 13:40:37,87800.0,200,Sell,227373248
2024-07-30 13:40:40,88000.0,1300,Buy,227373337
2024-07-30 13:40:50,88000.0,100,Buy,227373692
2024-07-30 13:40:50,88000.0,400,Buy,227373691
2024-07-30 13:40:50,88000.0,2000,Buy,227373690
2024-07-30 13:40:50,88000.0,500,Buy,227373689
2024-07-30 13:40:50,88000.0,200,Buy,227373688
2024-07-30 13:40:50,88000.0,300,Buy,227373687
2024-07-30 13:40:50,88000.0,100,Buy,227373683
2024-07-30 13:40:50,88000.0,500,Buy,227373685
2024-07-30 13:40:50,88000.0,600,Buy,227373679
2024-07-30 13:40:50,88000.0,100,Buy,227373680
2024-07-30 13:40:50,88000.0,100,Buy,227373686
2024-07-30 13:40:50,88000.0,500,Buy,227373682
2024-07-30 13:40:50,88000.0,500,Buy,227373684
2024-07-30 13:40:50,88000.0,100,Buy,227373681
2024-07-30 13:40:51,87900.0,1400,Sell,227373703
2024-07-30 13:40:51,87900.0,1600,Sell,227373704
2024-07-30 13:41:31,87900.0,100,Buy,227375238
2024-07-30 13:41:34,87900.0,1200,Buy,227375321
2024-07-30 13:42:04,87800.0,200,Sell,227376697
2024-07-30 13:42:28,87900.0,1200,Buy,227377721
2024-07-30 13:43:22,87900.0,1200,Buy,227380597
2024-07-30 13:43:32,87800.0,200,Sell,227381006
2024-07-30 13:43:40,87900.0,100,Buy,227381426
2024-07-30 13:44:14,87800.0,200,Sell,227383154
2024-07-30 13:44:16,87900.0,1300,Buy,227383283
2024-07-30 13:44:21,87800.0,400,Sell,227383623
2024-07-30 13:44:23,87900.0,1900,Buy,227383721
2024-07-30 13:44:23,87900.0,200,Buy,227383724
2024-07-30 13:44:23,87900.0,1000,Buy,227383725
2024-07-30 13:44:23,87900.0,100,Buy,227383726
2024-07-30 13:44:23,87900.0,200,Buy,227383727
2024-07-30 13:44:23,87900.0,200,Buy,227383728
2024-07-30 13:44:23,87900.0,100,Buy,227383729
2024-07-30 13:44:23,87900.0,100,Buy,227383730
2024-07-30 13:44:23,87900.0,100,Buy,227383731
2024-07-30 13:44:23,87900.0,1300,Buy,227383732
2024-07-30 13:44:23,87900.0,200,Buy,227383733
2024-07-30 13:45:00,87900.0,200,Sell,227385810
2024-07-30 13:45:03,87900.0,400,Sell,227385989
2024-07-30 13:45:10,88000.0,100,Buy,227386600
2024-07-30 13:45:10,88000.0,100,Buy,227386599
2024-07-30 13:45:10,88000.0,700,Buy,227386601
2024-07-30 13:45:10,88000.0,100,Buy,227386597
2024-07-30 13:45:10,88000.0,100,Buy,227386595
2024-07-30 13:45:10,88000.0,100,Buy,227386598
2024-07-30 13:45:10,88000.0,100,Buy,227386596
2024-07-30 13:45:26,87900.0,200,Sell,227387787
2024-07-30 13:45:38,88000.0,100,Buy,227388425
2024-07-30 13:45:38,88000.0,100,Buy,227388426
2024-07-30 13:45:38,88000.0,100,Buy,227388427
2024-07-30 13:45:38,88100.0,100,Buy,227388428
2024-07-30 13:45:38,88100.0,100,Buy,227388429
2024-07-30 13:45:38,88100.0,100,Buy,227388430
2024-07-30 13:45:38,88100.0,100,Buy,227388432
2024-07-30 13:45:38,88100.0,200,Buy,227388433
2024-07-30 13:45:38,88000.0,200,Buy,227388424
2024-07-30 13:45:38,88100.0,500,Buy,227388431
2024-07-30 13:45:49,88100.0,100,Buy,227389014
2024-07-30 13:45:54,88100.0,1600,Buy,227389239
2024-07-30 13:45:55,88000.0,100,Sell,227389276
2024-07-30 13:45:58,88000.0,3300,Sell,227389448
2024-07-30 13:46:04,88100.0,1200,Buy,227389634
2024-07-30 13:46:28,88000.0,200,Sell,227390791
2024-07-30 13:46:36,88000.0,1600,Sell,227391132
2024-07-30 13:46:42,88000.0,500,Sell,227391314
2024-07-30 13:46:42,88000.0,2500,Sell,227391315
2024-07-30 13:46:43,88000.0,100,Sell,227391357
2024-07-30 13:46:44,88000.0,100,Sell,227391397
2024-07-30 13:46:44,88000.0,100,Sell,227391398
2024-07-30 13:46:53,88000.0,200,Buy,227391830
2024-07-30 13:46:53,88000.0,1900,Buy,227391831
2024-07-30 13:46:53,88000.0,100,Buy,227391832
2024-07-30 13:46:53,88000.0,2700,Sell,227391842
2024-07-30 13:46:53,88000.0,100,Sell,227391841
2024-07-30 13:46:58,88000.0,1200,Buy,227391983
2024-07-30 13:47:09,88000.0,1000,Buy,227392278
2024-07-30 13:47:22,88000.0,100,Sell,227392737
2024-07-30 13:47:24,88000.0,400,Sell,227392803
2024-07-30 13:47:26,88000.0,100,Sell,227392882
2024-07-30 13:47:36,88000.0,1000,Sell,227393307
2024-07-30 13:47:38,88100.0,100,Buy,227393385
2024-07-30 13:47:49,88000.0,300,Sell,227393836
2024-07-30 13:47:54,88100.0,1200,Buy,227394010
2024-07-30 13:47:56,88000.0,100,Sell,227394076
2024-07-30 13:47:56,88000.0,100,Sell,227394077
2024-07-30 13:47:59,88100.0,100,Buy,227394241
2024-07-30 13:48:16,88100.0,800,Buy,227394885
2024-07-30 13:48:16,88100.0,500,Buy,227394886
2024-07-30 13:48:16,88100.0,500,Buy,227394887
2024-07-30 13:48:46,88100.0,500,Buy,227395875
2024-07-30 13:48:46,88100.0,700,Buy,227395876
2024-07-30 13:49:00,88000.0,600,Sell,227396372
2024-07-30 13:49:00,88000.0,400,Sell,227396371
2024-07-30 13:49:08,88000.0,100,Sell,227396580
2024-07-30 13:49:11,88000.0,300,Sell,227396657
2024-07-30 13:49:23,88000.0,200,Sell,227397013
2024-07-30 13:49:28,88000.0,200,Sell,227397207
2024-07-30 13:49:28,88000.0,100,Sell,227397214
2024-07-30 13:49:36,88000.0,1500,Sell,227397669
2024-07-30 13:49:36,88000.0,100,Sell,227397670
2024-07-30 13:49:36,88000.0,3700,Sell,227397671
2024-07-30 13:49:40,88100.0,1200,Buy,227397861
2024-07-30 13:49:47,88000.0,200,Sell,227398065
2024-07-30 13:49:51,88000.0,100,Sell,227398186
2024-07-30 13:50:01,88000.0,2000,Sell,227398526
2024-07-30 13:50:04,88000.0,500,Sell,227398594
2024-07-30 13:50:08,88100.0,100,Buy,227398733
2024-07-30 13:50:16,88000.0,200,Sell,227398999
2024-07-30 13:50:32,88000.0,300,Sell,227399431
2024-07-30 13:50:34,88100.0,1200,Buy,227399463
2024-07-30 13:50:38,88000.0,200,Sell,227399577
2024-07-30 13:50:38,88000.0,400,Sell,227399576
2024-07-30 13:50:51,88000.0,200,Sell,227399946
2024-07-30 13:51:03,88000.0,100,Sell,227400320
2024-07-30 13:51:08,88000.0,800,Sell,227400456
2024-07-30 13:51:18,88100.0,400,Buy,227400726
2024-07-30 13:51:18,88100.0,600,Buy,227400727
2024-07-30 13:51:19,88100.0,1000,Buy,227400791
2024-07-30 13:51:19,88100.0,600,Buy,227400784
2024-07-30 13:51:19,88100.0,200,Buy,227400781
2024-07-30 13:51:19,88100.0,100,Buy,227400782
2024-07-30 13:51:19,88100.0,100,Buy,227400783
2024-07-30 13:51:23,88000.0,100,Sell,227400858
2024-07-30 13:51:26,88000.0,200,Sell,227400995
2024-07-30 13:51:26,88000.0,100,Sell,227400996
2024-07-30 13:51:26,88000.0,1100,Sell,227400997
2024-07-30 13:51:26,88000.0,600,Sell,227400998
2024-07-30 13:51:30,88100.0,3400,Buy,227401090
2024-07-30 13:51:30,88000.0,100,Sell,227401091
2024-07-30 13:51:35,88000.0,500,Sell,227401254
2024-07-30 13:51:48,88100.0,1800,Buy,227401809
2024-07-30 13:51:48,88100.0,1600,Buy,227401810
2024-07-30 13:52:17,88100.0,100,Buy,227402664
2024-07-30 13:52:19,88000.0,200,Sell,227402712
2024-07-30 13:52:30,88100.0,1200,Buy,227403059
2024-07-30 13:52:49,88000.0,1000,Sell,227403693
2024-07-30 13:53:09,88000.0,1000,Sell,227404350
2024-07-30 13:53:19,88000.0,1000,Sell,227404705
2024-07-30 13:53:22,88000.0,100,Sell,227404818
2024-07-30 13:53:22,88000.0,100,Sell,227404817
2024-07-30 13:53:32,87900.0,1000,Sell,227405102
2024-07-30 13:53:47,87900.0,200,Sell,227405560
2024-07-30 13:54:00,88000.0,3000,Buy,227405926
2024-07-30 13:54:26,88000.0,100,Buy,227406566
2024-07-30 13:54:27,88000.0,1200,Buy,227406591
2024-07-30 13:54:58,88000.0,700,Buy,227407271
2024-07-30 13:54:58,88000.0,100,Buy,227407272
2024-07-30 13:54:58,88000.0,200,Buy,227407273
2024-07-30 13:55:14,87900.0,200,Sell,227407689
2024-07-30 13:55:21,88000.0,600,Buy,227407923
2024-07-30 13:55:21,88000.0,600,Buy,227407922
2024-07-30 13:55:36,88000.0,400,Buy,227408319
2024-07-30 13:55:36,88000.0,3000,Buy,227408320
2024-07-30 13:56:01,87900.0,500,Sell,227408940
2024-07-30 13:56:15,88000.0,1200,Buy,227409293
2024-07-30 13:56:41,87900.0,200,Sell,227410048
2024-07-30 13:57:09,88000.0,1000,Buy,227410917
2024-07-30 13:57:09,88000.0,100,Buy,227410915
2024-07-30 13:57:09,88000.0,100,Buy,227410916
2024-07-30 13:57:24,88000.0,2700,Buy,227411388
2024-07-30 13:57:24,88000.0,2000,Buy,227411386
2024-07-30 13:57:24,88000.0,300,Buy,227411387
2024-07-30 13:58:03,88000.0,1200,Buy,227412465
2024-07-30 13:58:09,87900.0,200,Sell,227412620
2024-07-30 13:58:44,88000.0,100,Buy,227413824
2024-07-30 13:58:57,88000.0,700,Buy,227414306
2024-07-30 13:58:57,88000.0,500,Buy,227414307
2024-07-30 13:59:22,88000.0,200,Buy,227415153
2024-07-30 13:59:38,87900.0,200,Sell,227415713
2024-07-30 13:59:48,87900.0,300,Sell,227416103
2024-07-30 13:59:48,87900.0,100,Sell,227416104
2024-07-30 13:59:48,87900.0,5000,Sell,227416105
2024-07-30 13:59:48,87900.0,1100,Sell,227416106
2024-07-30 13:59:57,87800.0,500,Sell,227416514
2024-07-30 14:00:23,87800.0,100,Sell,227417568
2024-07-30 14:00:54,87900.0,100,Buy,227418962
2024-07-30 14:00:56,87900.0,100,Buy,227419040
2024-07-30 14:00:56,87900.0,400,Buy,227419039
2024-07-30 14:01:24,87900.0,700,Sell,227420345
2024-07-30 14:01:37,87900.0,400,Buy,227421124
2024-07-30 14:01:38,87900.0,200,Buy,227421136
2024-07-30 14:01:38,87900.0,300,Buy,227421137
2024-07-30 14:01:38,87900.0,1000,Buy,227421138
2024-07-30 14:01:38,87900.0,400,Buy,227421139
2024-07-30 14:01:38,87900.0,200,Buy,227421145
2024-07-30 14:01:49,87900.0,1200,Buy,227422173
2024-07-30 14:01:50,87900.0,3300,Buy,227422182
2024-07-30 14:01:50,87900.0,2300,Buy,227422221
2024-07-30 14:01:50,87900.0,100,Buy,227422222
2024-07-30 14:01:50,87900.0,300,Buy,227422223
2024-07-30 14:02:06,87800.0,100,Sell,227423367
2024-07-30 14:02:06,87800.0,2300,Sell,227423368
2024-07-30 14:02:06,87800.0,1600,Sell,227423365
2024-07-30 14:02:06,87800.0,200,Sell,227423366
2024-07-30 14:02:06,87800.0,800,Sell,227423364
2024-07-30 14:02:32,87800.0,800,Sell,227425484
2024-07-30 14:02:44,87900.0,400,Buy,227426363
2024-07-30 14:02:44,87900.0,700,Buy,227426362
2024-07-30 14:02:49,87800.0,300,Sell,227426751
2024-07-30 14:02:49,87800.0,400,Sell,227426752
2024-07-30 14:02:49,87800.0,300,Sell,227426750
2024-07-30 14:03:03,87900.0,100,Buy,227428209
2024-07-30 14:03:22,87800.0,100,Sell,227429895
2024-07-30 14:03:25,87800.0,100,Sell,227430160
2024-07-30 14:03:37,87900.0,1100,Buy,227431193
2024-07-30 14:03:53,87800.0,100,Sell,227432629
2024-07-30 14:03:53,87800.0,1000,Sell,227432630
2024-07-30 14:03:53,87800.0,300,Sell,227432631
2024-07-30 14:03:53,87800.0,1600,Sell,227432628
2024-07-30 14:04:04,87800.0,200,Sell,227433302
2024-07-30 14:04:04,87800.0,600,Sell,227433303
2024-07-30 14:04:36,87700.0,100,Sell,227435990
2024-07-30 14:04:45,87700.0,200,Sell,227436808
2024-07-30 14:04:45,87700.0,700,Sell,227436809
2024-07-30 14:04:45,87700.0,1600,Sell,227436806
2024-07-30 14:04:45,87700.0,400,Sell,227436804
2024-07-30 14:04:45,87700.0,100,Sell,227436807
2024-07-30 14:04:45,87700.0,1400,Sell,227436805
2024-07-30 14:04:53,87700.0,100,Sell,227437262
2024-07-30 14:04:53,87700.0,100,Sell,227437267
2024-07-30 14:05:12,87800.0,100,Buy,227438760
2024-07-30 14:05:31,87800.0,200,Buy,227440486
2024-07-30 14:05:31,87800.0,200,Buy,227440487
2024-07-30 14:05:31,87900.0,1300,Buy,227440488
2024-07-30 14:05:37,87900.0,100,Buy,227440840
2024-07-30 14:05:37,87900.0,100,Buy,227440841
2024-07-30 14:05:37,87900.0,500,Buy,227440842
2024-07-30 14:05:37,87900.0,500,Buy,227440843
2024-07-30 14:05:52,87900.0,800,Buy,227441929
2024-07-30 14:05:59,87900.0,100,Sell,227442313
2024-07-30 14:06:06,88000.0,1700,Buy,227442758
2024-07-30 14:06:17,87900.0,100,Sell,227443373
2024-07-30 14:06:28,87900.0,1600,Buy,227444081
2024-07-30 14:06:32,87900.0,1100,Buy,227444384
2024-07-30 14:06:35,87900.0,2000,Buy,227444564
2024-07-30 14:06:43,87900.0,1000,Buy,227445059
2024-07-30 14:07:00,87800.0,100,Sell,227446062
2024-07-30 14:07:04,87900.0,1000,Buy,227446206
2024-07-30 14:07:04,87900.0,100,Buy,227446244
2024-07-30 14:07:07,87900.0,1600,Buy,227446450
2024-07-30 14:07:14,87800.0,2200,Sell,227446780
2024-07-30 14:07:14,87800.0,2700,Sell,227446781
2024-07-30 14:07:17,87900.0,100,Buy,227446938
2024-07-30 14:07:19,87900.0,1400,Buy,227447035
2024-07-30 14:07:19,87900.0,100,Buy,227447036
2024-07-30 14:07:19,87900.0,500,Buy,227447037
2024-07-30 14:07:21,87900.0,100,Buy,227447161
2024-07-30 14:07:25,87900.0,1100,Buy,227447356
2024-07-30 14:07:47,87800.0,100,Sell,227448693
2024-07-30 14:07:55,87800.0,400,Sell,227449030
2024-07-30 14:08:10,87800.0,100,Sell,227449711
2024-07-30 14:08:10,87900.0,1000,Buy,227449684
2024-07-30 14:08:19,87900.0,500,Buy,227450167
2024-07-30 14:08:26,87900.0,6000,Buy,227450484
2024-07-30 14:08:35,87900.0,500,Buy,227451001
2024-07-30 14:08:35,87900.0,300,Buy,227451016
2024-07-30 14:08:35,87900.0,200,Buy,227451017
2024-07-30 14:08:50,87900.0,800,Buy,227451631
2024-07-30 14:08:50,87900.0,100,Buy,227451632
2024-07-30 14:09:03,87800.0,500,Sell,227452062
2024-07-30 14:09:13,88000.0,600,Buy,227452395
2024-07-30 14:10:07,87900.0,1100,Buy,227454028
2024-07-30 14:10:17,87900.0,3800,Buy,227454331
2024-07-30 14:10:17,87900.0,3200,Buy,227454332
2024-07-30 14:10:42,87800.0,1200,Sell,227455194
2024-07-30 14:10:42,87800.0,1100,Sell,227455195
2024-07-30 14:11:04,87700.0,100,Sell,227455899
2024-07-30 14:11:04,87700.0,700,Sell,227455897
2024-07-30 14:11:04,87700.0,200,Sell,227455898
2024-07-30 14:11:09,87700.0,200,Sell,227456099
2024-07-30 14:11:09,87700.0,800,Sell,227456100
2024-07-30 14:11:15,87700.0,3700,Sell,227456365
2024-07-30 14:11:15,87700.0,2000,Sell,227456369
2024-07-30 14:11:42,87800.0,2000,Sell,227457269
2024-07-30 14:12:04,87900.0,1100,Buy,227458026
2024-07-30 14:12:59,87900.0,800,Buy,227459781
2024-07-30 14:12:59,87900.0,300,Buy,227459782
2024-07-30 14:13:37,87800.0,300,Sell,227460827
2024-07-30 14:13:37,87800.0,2700,Sell,227460828
2024-07-30 14:13:37,87800.0,1100,Sell,227460829
2024-07-30 14:14:56,87800.0,400,Buy,227462700
2024-07-30 14:15:29,87800.0,600,Sell,227463496
2024-07-30 14:15:51,87800.0,1100,Buy,227464122
2024-07-30 14:16:09,87800.0,1000,Buy,227464639
2024-07-30 14:16:45,87800.0,1000,Buy,227465697
2024-07-30 14:17:33,87700.0,100,Sell,227466885
2024-07-30 14:17:38,87800.0,1000,Buy,227467062
2024-07-30 14:18:32,87800.0,600,Buy,227468771
2024-07-30 14:18:32,87800.0,400,Buy,227468772
2024-07-30 14:18:32,87800.0,1000,Buy,227468770
2024-07-30 14:18:32,87800.0,200,Buy,227468767
2024-07-30 14:18:32,87800.0,100,Buy,227468768
2024-07-30 14:18:32,87800.0,300,Buy,227468766
2024-07-30 14:18:32,87800.0,100,Buy,227468769
2024-07-30 14:19:02,87900.0,3400,Buy,227469677
2024-07-30 14:19:02,87900.0,3400,Buy,227469678
2024-07-30 14:19:02,87900.0,2900,Buy,227469684
2024-07-30 14:19:02,87900.0,100,Buy,227469685
2024-07-30 14:19:02,87900.0,400,Buy,227469686
2024-07-30 14:19:02,87900.0,3400,Buy,227469687
2024-07-30 14:19:26,87900.0,1000,Buy,227470589
2024-07-30 14:19:27,87900.0,900,Buy,227470600
2024-07-30 14:19:30,87900.0,4000,Buy,227470688
2024-07-30 14:19:39,87900.0,300,Buy,227470900
2024-07-30 14:19:39,87900.0,1000,Buy,227470899
2024-07-30 14:19:39,87900.0,300,Buy,227470901
2024-07-30 14:19:39,87900.0,100,Buy,227470897
2024-07-30 14:19:39,87900.0,1000,Buy,227470898
2024-07-30 14:19:39,87900.0,300,Buy,227470896
2024-07-30 14:20:01,87900.0,400,Sell,227471589
2024-07-30 14:20:01,87900.0,3400,Sell,227471590
2024-07-30 14:20:01,87900.0,3400,Sell,227471591
2024-07-30 14:20:06,87900.0,300,Buy,227471794
2024-07-30 14:20:21,87900.0,900,Buy,227472197
2024-07-30 14:20:33,87900.0,1600,Buy,227472571
2024-07-30 14:20:33,87900.0,2500,Buy,227472572
2024-07-30 14:21:15,87900.0,1000,Buy,227473997
2024-07-30 14:22:09,87900.0,900,Buy,227475673
2024-07-30 14:22:48,87800.0,100,Sell,227476792
2024-07-30 14:23:03,87900.0,800,Buy,227477338
2024-07-30 14:23:33,87900.0,100,Buy,227478223
2024-07-30 14:23:46,87900.0,1000,Buy,227478685
2024-07-30 14:23:57,87900.0,800,Buy,227479245
2024-07-30 14:24:28,87800.0,100,Sell,227480658
2024-07-30 14:24:48,87800.0,2100,Sell,227481517
2024-07-30 14:24:48,87800.0,2900,Sell,227481518
2024-07-30 14:24:51,87900.0,800,Buy,227481606
2024-07-30 14:25:45,87900.0,800,Buy,227483703
2024-07-30 14:26:22,87800.0,100,Sell,227485143
2024-07-30 14:26:22,87800.0,100,Sell,227485144
2024-07-30 14:26:22,87800.0,200,Sell,227485145
2024-07-30 14:26:22,87800.0,600,Sell,227485146
2024-07-30 14:26:24,87900.0,500,Buy,227485293
2024-07-30 14:26:34,87900.0,500,Buy,227485781
2024-07-30 14:26:38,87900.0,5400,Buy,227485992
2024-07-30 14:26:38,87900.0,300,Buy,227485990
2024-07-30 14:26:38,87900.0,4300,Buy,227485991
2024-07-30 14:27:12,87900.0,300,Buy,227487674
2024-07-30 14:27:12,87900.0,100,Buy,227487675
2024-07-30 14:27:15,87900.0,600,Sell,227487784
2024-07-30 14:27:26,87900.0,200,Buy,227488285
2024-07-30 14:27:34,87800.0,1200,Sell,227488588
2024-07-30 14:28:09,87900.0,200,Buy,227490207
2024-07-30 14:28:28,87800.0,100,Sell,227491052
2024-07-30 14:44:41,87500.0,175700,ATO/ATC,227495732
