time,price,volume,match_type,id
2024-08-13 09:14:39,87600.0,6500,ATO/ATC,231071200
2024-08-13 09:14:52,87600.0,100,Sell,231071548
2024-08-13 09:14:52,87600.0,100,Sell,231071549
2024-08-13 09:15:07,87600.0,100,Sell,231071804
2024-08-13 09:15:07,87600.0,300,Sell,231071801
2024-08-13 09:15:07,87600.0,200,Sell,231071802
2024-08-13 09:15:07,87600.0,100,Sell,231071803
2024-08-13 09:15:21,87600.0,200,Buy,231072080
2024-08-13 09:15:33,87800.0,300,Buy,231072385
2024-08-13 09:15:33,87800.0,100,Buy,231072386
2024-08-13 09:15:33,87800.0,1000,Buy,231072387
2024-08-13 09:15:33,87800.0,100,Buy,231072388
2024-08-13 09:15:33,87800.0,500,Buy,231072389
2024-08-13 09:15:34,87600.0,200,Sell,231072395
2024-08-13 09:15:34,87600.0,200,Sell,231072396
2024-08-13 09:15:39,87600.0,1000,Buy,231072504
2024-08-13 09:15:42,87600.0,1000,Buy,231072560
2024-08-13 09:15:45,87600.0,900,Buy,231072603
2024-08-13 09:16:45,87600.0,900,Sell,231073923
2024-08-13 09:17:16,87700.0,1000,Buy,231074822
2024-08-13 09:17:27,87800.0,1000,Buy,231075047
2024-08-13 09:18:23,87800.0,800,Sell,231076359
2024-08-13 09:19:10,87900.0,100,Buy,231077270
2024-08-13 09:19:10,87900.0,200,Buy,231077269
2024-08-13 09:19:10,87900.0,100,Buy,231077258
2024-08-13 09:19:10,87900.0,200,Buy,231077260
2024-08-13 09:19:10,87900.0,200,Buy,231077259
2024-08-13 09:19:10,87900.0,300,Buy,231077261
2024-08-13 09:19:37,88000.0,200,Buy,231077967
2024-08-13 09:19:37,88000.0,100,Buy,231077968
2024-08-13 09:19:37,88000.0,100,Buy,231077969
2024-08-13 09:19:37,88000.0,500,Buy,231077970
2024-08-13 09:19:48,88100.0,100,Buy,231078215
2024-08-13 09:19:48,88100.0,100,Buy,231078216
2024-08-13 09:19:48,88100.0,500,Buy,231078217
2024-08-13 09:21:17,88000.0,300,Buy,231080300
2024-08-13 09:21:17,88000.0,100,Buy,231080296
2024-08-13 09:21:17,88000.0,900,Buy,231080299
2024-08-13 09:21:17,88000.0,200,Buy,231080297
2024-08-13 09:21:17,88000.0,200,Buy,231080294
2024-08-13 09:21:17,88000.0,100,Buy,231080293
2024-08-13 09:21:17,88000.0,200,Buy,231080295
2024-08-13 09:21:27,88100.0,100,Buy,231080503
2024-08-13 09:21:50,88100.0,700,Buy,231081039
2024-08-13 09:22:12,88000.0,100,Sell,231081507
2024-08-13 09:23:00,87900.0,200,Sell,231082715
2024-08-13 09:23:02,88000.0,900,Buy,231082750
2024-08-13 09:23:02,88000.0,100,Buy,231082751
2024-08-13 09:24:41,87900.0,400,Sell,231085513
2024-08-13 09:24:46,87900.0,1400,Sell,231085750
2024-08-13 09:24:46,87900.0,100,Sell,231085749
2024-08-13 09:24:46,87900.0,100,Sell,231085747
2024-08-13 09:24:46,87900.0,100,Sell,231085748
2024-08-13 09:24:46,87900.0,600,Sell,231085745
2024-08-13 09:24:46,87900.0,100,Sell,231085744
2024-08-13 09:24:46,87900.0,100,Sell,231085743
2024-08-13 09:24:46,87900.0,200,Sell,231085742
2024-08-13 09:24:46,87900.0,600,Sell,231085746
2024-08-13 09:24:47,87900.0,600,Sell,231085791
2024-08-13 09:24:47,87900.0,100,Sell,231085792
2024-08-13 09:24:55,87900.0,100,Sell,231086002
2024-08-13 09:24:55,87900.0,100,Sell,231086003
2024-08-13 09:24:55,87900.0,500,Sell,231086000
2024-08-13 09:24:55,87900.0,100,Sell,231086001
2024-08-13 09:24:57,87900.0,400,Sell,231086042
2024-08-13 09:24:57,87900.0,500,Sell,231086043
2024-08-13 09:24:57,87900.0,100,Sell,231086044
2024-08-13 09:26:03,87900.0,100,Sell,231087798
2024-08-13 09:26:18,88000.0,6100,Buy,231088120
2024-08-13 09:26:51,88000.0,400,Buy,231089016
2024-08-13 09:27:57,88000.0,1500,Buy,231090742
2024-08-13 09:28:25,88000.0,400,Buy,231091515
2024-08-13 09:29:34,88000.0,500,Buy,231093282
2024-08-13 09:29:50,88000.0,200,Buy,231093646
2024-08-13 09:29:50,88000.0,300,Buy,231093670
2024-08-13 09:29:50,88000.0,100,Buy,231093669
2024-08-13 09:29:50,88000.0,100,Buy,231093668
2024-08-13 09:29:50,88000.0,200,Buy,231093645
2024-08-13 09:29:50,88000.0,200,Buy,231093649
2024-08-13 09:29:50,88000.0,100,Buy,231093648
2024-08-13 09:29:50,88000.0,600,Buy,231093647
2024-08-13 09:29:50,88000.0,200,Buy,231093652
2024-08-13 09:30:05,87900.0,100,Sell,231094251
2024-08-13 09:30:05,87900.0,100,Sell,231094252
2024-08-13 09:30:05,87900.0,100,Sell,231094253
2024-08-13 09:30:05,87900.0,1500,Sell,231094254
2024-08-13 09:30:05,87900.0,300,Sell,231094255
2024-08-13 09:30:05,87900.0,1100,Sell,231094256
2024-08-13 09:30:05,87900.0,100,Sell,231094250
2024-08-13 09:30:44,88000.0,500,Buy,231095403
2024-08-13 09:31:53,88000.0,300,Buy,231097195
2024-08-13 09:31:53,88000.0,200,Buy,231097194
2024-08-13 09:33:02,88000.0,500,Buy,231098954
2024-08-13 09:33:13,87900.0,100,Sell,231099230
2024-08-13 09:33:13,87900.0,200,Sell,231099231
2024-08-13 09:33:13,87900.0,1000,Sell,231099232
2024-08-13 09:33:13,87900.0,1000,Sell,231099233
2024-08-13 09:33:13,87900.0,200,Sell,231099234
2024-08-13 09:33:13,87900.0,300,Sell,231099229
2024-08-13 09:33:13,87900.0,100,Sell,231099235
2024-08-13 09:33:13,87900.0,100,Sell,231099238
2024-08-13 09:33:13,87900.0,100,Sell,231099239
2024-08-13 09:33:13,87900.0,100,Sell,231099240
2024-08-13 09:33:13,87900.0,100,Sell,231099241
2024-08-13 09:33:13,87900.0,500,Sell,231099242
2024-08-13 09:33:13,87900.0,200,Sell,231099243
2024-08-13 09:33:13,87900.0,200,Sell,231099237
2024-08-13 09:33:13,87900.0,900,Sell,231099228
2024-08-13 09:33:13,87900.0,100,Sell,231099224
2024-08-13 09:33:13,87900.0,200,Sell,231099226
2024-08-13 09:33:13,87900.0,100,Sell,231099227
2024-08-13 09:33:13,87900.0,100,Sell,231099212
2024-08-13 09:33:13,87900.0,100,Sell,231099213
2024-08-13 09:33:13,87900.0,1000,Sell,231099214
2024-08-13 09:33:13,87900.0,500,Sell,231099215
2024-08-13 09:33:13,87900.0,200,Sell,231099216
2024-08-13 09:33:13,87900.0,200,Sell,231099217
2024-08-13 09:33:13,87900.0,400,Sell,231099211
2024-08-13 09:33:13,87900.0,900,Sell,231099219
2024-08-13 09:33:13,87900.0,100,Sell,231099220
2024-08-13 09:33:13,87900.0,100,Sell,231099221
2024-08-13 09:33:13,87900.0,200,Sell,231099222
2024-08-13 09:33:13,87900.0,300,Sell,231099223
2024-08-13 09:33:13,87900.0,200,Sell,231099225
2024-08-13 09:33:13,87900.0,200,Sell,231099218
2024-08-13 09:33:49,87900.0,100,Sell,231100055
2024-08-13 09:34:44,87900.0,100,Sell,231101357
2024-08-13 09:34:44,87900.0,200,Sell,231101355
2024-08-13 09:34:44,87900.0,500,Sell,231101356
2024-08-13 09:35:21,87900.0,200,Sell,231102192
2024-08-13 09:35:54,87900.0,200,Sell,231103069
2024-08-13 09:35:54,87900.0,100,Sell,231103075
2024-08-13 09:35:54,87900.0,300,Sell,231103074
2024-08-13 09:35:54,87900.0,100,Sell,231103073
2024-08-13 09:35:54,87900.0,100,Sell,231103072
2024-08-13 09:35:54,87900.0,900,Sell,231103071
2024-08-13 09:35:54,87900.0,200,Sell,231103070
2024-08-13 09:35:54,87900.0,200,Sell,231103068
2024-08-13 09:35:54,87900.0,500,Sell,231103065
2024-08-13 09:35:54,87900.0,1100,Sell,231103066
2024-08-13 09:35:54,87900.0,500,Sell,231103059
2024-08-13 09:35:54,87900.0,100,Sell,231103060
2024-08-13 09:35:54,87900.0,1100,Sell,231103061
2024-08-13 09:35:54,87900.0,100,Sell,231103067
2024-08-13 09:35:54,87900.0,100,Sell,231103063
2024-08-13 09:35:54,87900.0,200,Sell,231103064
2024-08-13 09:35:54,87900.0,1000,Sell,231103058
2024-08-13 09:35:54,87900.0,100,Sell,231103062
2024-08-13 09:36:36,87900.0,100,Buy,231104337
2024-08-13 09:36:57,87800.0,100,Sell,231104803
2024-08-13 09:37:13,87800.0,1000,Sell,231105135
2024-08-13 09:37:17,87900.0,100,Buy,231105243
2024-08-13 09:37:17,87900.0,100,Buy,231105244
2024-08-13 09:37:17,87900.0,100,Buy,231105253
2024-08-13 09:37:17,87900.0,500,Buy,231105254
2024-08-13 09:37:56,87900.0,200,Buy,231106383
2024-08-13 09:38:12,87800.0,200,Sell,231106800
2024-08-13 09:39:38,87800.0,800,Sell,231108886
2024-08-13 09:39:46,87800.0,600,Sell,231109154
2024-08-13 09:39:59,87900.0,500,Buy,231109442
2024-08-13 09:40:40,87800.0,500,Sell,231110261
2024-08-13 09:40:40,87800.0,500,Sell,231110262
2024-08-13 09:41:08,87900.0,500,Buy,231110906
2024-08-13 09:42:18,87900.0,500,Buy,231112464
2024-08-13 09:42:40,87900.0,400,Buy,231112918
2024-08-13 09:43:27,87900.0,100,Buy,231114552
2024-08-13 09:43:27,87900.0,400,Buy,231114553
2024-08-13 09:43:38,87900.0,100,Buy,231114798
2024-08-13 09:43:47,87800.0,100,Sell,231115013
2024-08-13 09:44:10,87800.0,400,Sell,231115528
2024-08-13 09:44:10,87800.0,600,Sell,231115529
2024-08-13 09:44:32,87800.0,100,Sell,231115984
2024-08-13 09:44:32,87800.0,300,Sell,231115981
2024-08-13 09:44:32,87800.0,200,Sell,231115982
2024-08-13 09:44:32,87800.0,200,Sell,231115983
2024-08-13 09:44:36,87900.0,200,Buy,231116075
2024-08-13 09:44:36,87900.0,300,Buy,231116076
2024-08-13 09:45:46,87900.0,500,Buy,231117821
2024-08-13 09:46:43,87800.0,300,Sell,231119299
2024-08-13 09:46:43,87800.0,100,Sell,231119300
2024-08-13 09:46:56,87900.0,500,Buy,231119705
2024-08-13 09:47:17,87900.0,100,Buy,231120203
2024-08-13 09:47:17,87900.0,900,Buy,231120202
2024-08-13 09:47:17,87900.0,200,Buy,231120196
2024-08-13 09:47:17,87900.0,200,Buy,231120213
2024-08-13 09:47:17,87900.0,100,Buy,231120194
2024-08-13 09:47:17,87900.0,200,Buy,231120193
2024-08-13 09:47:17,87900.0,200,Buy,231120192
2024-08-13 09:47:17,87900.0,100,Buy,231120195
2024-08-13 09:47:37,87900.0,100,Buy,231120764
2024-08-13 09:48:04,87900.0,500,Buy,231121389
2024-08-13 09:48:42,87800.0,100,Sell,231122511
2024-08-13 09:48:42,87800.0,200,Sell,231122510
2024-08-13 09:48:42,87800.0,100,Sell,231122509
2024-08-13 09:48:42,87800.0,100,Sell,231122508
2024-08-13 09:48:42,87800.0,100,Sell,231122506
2024-08-13 09:48:42,87800.0,100,Sell,231122505
2024-08-13 09:48:42,87800.0,200,Sell,231122507
2024-08-13 09:49:14,87800.0,200,Sell,231123469
2024-08-13 09:49:14,87800.0,100,Sell,231123468
2024-08-13 09:49:14,87800.0,200,Sell,231123467
2024-08-13 09:49:14,87800.0,100,Sell,231123465
2024-08-13 09:49:14,87800.0,200,Sell,231123466
2024-08-13 09:49:14,87800.0,600,Sell,231123463
2024-08-13 09:49:14,87900.0,200,Buy,231123448
2024-08-13 09:49:14,87900.0,100,Buy,231123447
2024-08-13 09:49:14,87900.0,200,Buy,231123446
2024-08-13 09:49:14,87800.0,100,Sell,231123464
2024-08-13 09:49:15,87900.0,200,Buy,231123502
2024-08-13 09:50:23,87900.0,400,Buy,231125188
2024-08-13 09:50:23,87900.0,100,Buy,231125189
2024-08-13 09:50:47,87900.0,300,Buy,231125899
2024-08-13 09:50:47,87900.0,100,Buy,231125900
2024-08-13 09:50:57,87900.0,400,Buy,231126175
2024-08-13 09:51:27,87800.0,100,Sell,231126879
2024-08-13 09:51:27,87800.0,200,Sell,231126880
2024-08-13 09:51:33,87900.0,400,Buy,231127086
2024-08-13 09:51:33,87900.0,100,Buy,231127087
2024-08-13 09:52:38,87900.0,100,Buy,231128311
2024-08-13 09:52:42,87900.0,500,Buy,231128416
2024-08-13 09:53:04,87900.0,500,Buy,231129001
2024-08-13 09:53:04,87900.0,800,Buy,231129002
2024-08-13 09:53:04,87900.0,300,Buy,231129003
2024-08-13 09:53:04,87900.0,800,Buy,231129004
2024-08-13 09:53:04,87900.0,1100,Buy,231129005
2024-08-13 09:53:04,87900.0,800,Buy,231129006
2024-08-13 09:53:04,87900.0,700,Buy,231129007
2024-08-13 09:53:51,87900.0,400,Buy,231130149
2024-08-13 09:53:51,87900.0,100,Buy,231130150
2024-08-13 09:54:19,87900.0,100,Buy,231130683
2024-08-13 09:54:19,87900.0,100,Buy,231130680
2024-08-13 09:54:19,87900.0,100,Buy,231130679
2024-08-13 09:54:19,87900.0,800,Buy,231130681
2024-08-13 09:54:19,87900.0,300,Buy,231130676
2024-08-13 09:54:19,87900.0,100,Buy,231130675
2024-08-13 09:54:19,87900.0,200,Buy,231130674
2024-08-13 09:54:19,87900.0,200,Buy,231130673
2024-08-13 09:54:19,87900.0,100,Buy,231130678
2024-08-13 09:54:36,87900.0,200,Buy,231131014
2024-08-13 09:55:01,87900.0,500,Buy,231131572
2024-08-13 09:56:03,87800.0,100,Sell,231132856
2024-08-13 09:56:10,87900.0,500,Buy,231133003
2024-08-13 09:57:17,87800.0,800,Sell,231134293
2024-08-13 09:57:17,87800.0,300,Sell,231134292
2024-08-13 09:57:17,87800.0,100,Sell,231134291
2024-08-13 09:57:17,87800.0,100,Sell,231134290
2024-08-13 09:57:17,87800.0,200,Sell,231134288
2024-08-13 09:57:17,87800.0,200,Sell,231134287
2024-08-13 09:57:17,87800.0,100,Sell,231134286
2024-08-13 09:57:17,87800.0,400,Sell,231134285
2024-08-13 09:57:17,87800.0,100,Sell,231134283
2024-08-13 09:57:17,87800.0,200,Sell,231134282
2024-08-13 09:57:17,87800.0,100,Sell,231134281
2024-08-13 09:57:17,87800.0,100,Sell,231134280
2024-08-13 09:57:17,87800.0,500,Sell,231134279
2024-08-13 09:57:17,87800.0,600,Sell,231134278
2024-08-13 09:57:17,87800.0,200,Sell,231134277
2024-08-13 09:57:17,87800.0,600,Sell,231134276
2024-08-13 09:57:17,87800.0,400,Sell,231134284
2024-08-13 09:57:20,87900.0,500,Buy,231134363
2024-08-13 09:57:45,87800.0,100,Sell,231134824
2024-08-13 09:57:45,87800.0,100,Sell,231134823
2024-08-13 09:57:45,87800.0,100,Sell,231134827
2024-08-13 09:57:45,87800.0,400,Sell,231134832
2024-08-13 09:57:45,87800.0,100,Sell,231134829
2024-08-13 09:57:45,87800.0,500,Sell,231134830
2024-08-13 09:57:45,87800.0,1000,Sell,231134831
2024-08-13 09:57:45,87800.0,100,Sell,231134828
2024-08-13 09:57:45,87800.0,500,Sell,231134822
2024-08-13 09:57:45,87800.0,500,Sell,231134826
2024-08-13 09:57:45,87800.0,100,Sell,231134820
2024-08-13 09:57:45,87800.0,100,Sell,231134821
2024-08-13 09:57:45,87800.0,100,Sell,231134812
2024-08-13 09:57:45,87800.0,200,Sell,231134813
2024-08-13 09:57:45,87800.0,500,Sell,231134814
2024-08-13 09:57:45,87800.0,100,Sell,231134815
2024-08-13 09:57:45,87800.0,100,Sell,231134825
2024-08-13 09:57:45,87800.0,100,Sell,231134817
2024-08-13 09:57:45,87800.0,500,Sell,231134816
2024-08-13 09:57:45,87800.0,100,Sell,231134819
2024-08-13 09:57:45,87800.0,100,Sell,231134818
2024-08-13 09:57:52,87800.0,100,Sell,231134946
2024-08-13 09:57:52,87800.0,500,Sell,231134945
2024-08-13 09:57:52,87800.0,500,Sell,231134944
2024-08-13 09:57:52,87800.0,100,Sell,231134939
2024-08-13 09:57:52,87800.0,100,Sell,231134942
2024-08-13 09:57:52,87800.0,100,Sell,231134941
2024-08-13 09:57:52,87800.0,200,Sell,231134940
2024-08-13 09:57:52,87800.0,100,Sell,231134943
2024-08-13 09:57:59,87900.0,100,Buy,231135067
2024-08-13 09:58:01,87800.0,400,Buy,231135090
2024-08-13 09:58:27,87900.0,100,Buy,231135545
2024-08-13 09:59:19,87900.0,1300,Buy,231136535
2024-08-13 09:59:19,87900.0,700,Buy,231136536
2024-08-13 10:00:22,87800.0,49200,Sell,231137732
2024-08-13 10:00:22,87800.0,500,Sell,231137731
2024-08-13 10:00:22,87800.0,200,Sell,231137730
2024-08-13 10:00:22,87800.0,100,Sell,231137729
2024-08-13 10:00:34,87800.0,500,Sell,231137912
2024-08-13 10:00:48,87900.0,200,Buy,231138123
2024-08-13 10:01:28,87800.0,100,Sell,231139025
2024-08-13 10:01:28,87800.0,900,Sell,231139024
2024-08-13 10:01:28,87800.0,200,Sell,231139022
2024-08-13 10:01:28,87800.0,300,Sell,231139020
2024-08-13 10:01:28,87800.0,200,Sell,231139018
2024-08-13 10:01:28,87800.0,300,Sell,231139017
2024-08-13 10:01:28,87800.0,500,Sell,231139014
2024-08-13 10:01:28,87800.0,100,Sell,231139023
2024-08-13 10:01:28,87800.0,200,Sell,231139012
2024-08-13 10:01:28,87800.0,300,Sell,231139013
2024-08-13 10:01:28,87800.0,300,Sell,231139006
2024-08-13 10:01:28,87800.0,100,Sell,231139007
2024-08-13 10:01:28,87800.0,200,Sell,231139008
2024-08-13 10:01:28,87800.0,100,Sell,231139019
2024-08-13 10:01:28,87800.0,200,Sell,231139010
2024-08-13 10:01:28,87800.0,100,Sell,231139011
2024-08-13 10:01:28,87800.0,900,Sell,231139009
2024-08-13 10:01:49,87800.0,500,Sell,231139441
2024-08-13 10:01:49,87800.0,100,Sell,231139442
2024-08-13 10:01:49,87800.0,100,Sell,231139443
2024-08-13 10:01:49,87800.0,800,Sell,231139444
2024-08-13 10:01:49,87800.0,100,Sell,231139445
2024-08-13 10:01:49,87800.0,300,Sell,231139446
2024-08-13 10:01:49,87800.0,500,Sell,231139447
2024-08-13 10:02:12,87800.0,600,Buy,231139981
2024-08-13 10:02:12,87800.0,400,Buy,231139979
2024-08-13 10:02:12,87800.0,200,Buy,231139978
2024-08-13 10:02:12,87800.0,1800,Buy,231139976
2024-08-13 10:02:12,87800.0,500,Buy,231139974
2024-08-13 10:02:12,87800.0,400,Buy,231139977
2024-08-13 10:02:12,87800.0,200,Buy,231139975
2024-08-13 10:02:20,87800.0,100,Buy,231140182
2024-08-13 10:02:25,87800.0,200,Buy,231140326
2024-08-13 10:02:25,87800.0,400,Buy,231140327
2024-08-13 10:02:25,87800.0,400,Buy,231140328
2024-08-13 10:02:25,87800.0,600,Buy,231140329
2024-08-13 10:02:25,87800.0,1800,Buy,231140333
2024-08-13 10:02:25,87800.0,200,Buy,231140335
2024-08-13 10:02:26,87800.0,500,Buy,231140339
2024-08-13 10:02:47,87800.0,100,Buy,231140838
2024-08-13 10:03:02,87800.0,100,Buy,231141207
2024-08-13 10:03:17,87800.0,200,Buy,231141744
2024-08-13 10:03:33,87800.0,100,Buy,231142081
2024-08-13 10:04:05,87800.0,300,Buy,231142880
2024-08-13 10:04:05,87800.0,100,Buy,231142882
2024-08-13 10:04:05,87800.0,200,Buy,231142879
2024-08-13 10:04:05,87800.0,200,Buy,231142881
2024-08-13 10:04:06,87800.0,100,Buy,231142887
2024-08-13 10:04:06,87800.0,300,Buy,231142888
2024-08-13 10:04:06,87800.0,900,Buy,231142889
2024-08-13 10:04:10,87800.0,300,Buy,231143008
2024-08-13 10:04:10,87800.0,100,Buy,231143009
2024-08-13 10:04:10,87800.0,100,Buy,231143010
2024-08-13 10:04:10,87800.0,200,Buy,231143017
2024-08-13 10:04:10,87800.0,200,Buy,231143018
2024-08-13 10:04:10,87800.0,900,Buy,231143019
2024-08-13 10:04:10,87800.0,300,Buy,231143032
2024-08-13 10:04:25,87800.0,200,Buy,231143266
2024-08-13 10:04:40,87800.0,100,Buy,231143557
2024-08-13 10:04:55,87800.0,300,Buy,231143864
2024-08-13 10:05:24,87800.0,200,Buy,231144596
2024-08-13 10:05:25,87800.0,500,Buy,231144612
2024-08-13 10:05:32,87800.0,100,Buy,231144761
2024-08-13 10:05:45,87700.0,100,Sell,231145013
2024-08-13 10:05:47,87700.0,100,Sell,231145038
2024-08-13 10:05:47,87700.0,200,Sell,231145039
2024-08-13 10:05:47,87700.0,100,Sell,231145040
2024-08-13 10:05:47,87700.0,200,Sell,231145041
2024-08-13 10:05:47,87700.0,200,Sell,231145042
2024-08-13 10:06:35,87800.0,500,Buy,231146022
2024-08-13 10:07:11,87800.0,100,Buy,231146806
2024-08-13 10:07:40,87800.0,100,Buy,231147397
2024-08-13 10:07:44,87800.0,500,Buy,231147454
2024-08-13 10:07:53,87700.0,200,Sell,231147627
2024-08-13 10:08:15,87700.0,100,Sell,231148003
2024-08-13 10:08:53,87800.0,500,Buy,231148939
2024-08-13 10:09:24,87700.0,100,Sell,231149624
2024-08-13 10:09:24,87700.0,200,Sell,231149643
2024-08-13 10:09:24,87700.0,200,Sell,231149642
2024-08-13 10:09:24,87700.0,100,Sell,231149641
2024-08-13 10:09:24,87700.0,200,Sell,231149640
2024-08-13 10:09:24,87700.0,400,Sell,231149623
2024-08-13 10:09:24,87700.0,100,Sell,231149638
2024-08-13 10:09:24,87700.0,2000,Sell,231149637
2024-08-13 10:09:24,87700.0,200,Sell,231149636
2024-08-13 10:09:24,87700.0,100,Sell,231149635
2024-08-13 10:09:24,87700.0,800,Sell,231149639
2024-08-13 10:09:24,87700.0,2000,Sell,231149633
2024-08-13 10:09:24,87700.0,200,Sell,231149632
2024-08-13 10:09:24,87700.0,1000,Sell,231149631
2024-08-13 10:09:24,87700.0,100,Sell,231149630
2024-08-13 10:09:24,87700.0,500,Sell,231149629
2024-08-13 10:09:24,87700.0,1000,Sell,231149628
2024-08-13 10:09:24,87700.0,100,Sell,231149627
2024-08-13 10:09:24,87700.0,100,Sell,231149626
2024-08-13 10:09:24,87700.0,300,Sell,231149625
2024-08-13 10:09:24,87700.0,1000,Sell,231149634
2024-08-13 10:09:34,87700.0,100,Sell,231149938
2024-08-13 10:09:34,87700.0,200,Sell,231149939
2024-08-13 10:09:59,87700.0,500,Sell,231150571
2024-08-13 10:10:03,87800.0,500,Buy,231150711
2024-08-13 10:10:35,87800.0,200,Buy,231151736
2024-08-13 10:10:51,87700.0,200,Sell,231152196
2024-08-13 10:10:51,87700.0,100,Sell,231152197
2024-08-13 10:10:51,87700.0,100,Sell,231152198
2024-08-13 10:10:53,87700.0,100,Sell,231152231
2024-08-13 10:10:53,87700.0,100,Sell,231152230
2024-08-13 10:10:53,87700.0,100,Sell,231152232
2024-08-13 10:10:53,87700.0,200,Sell,231152227
2024-08-13 10:10:53,87700.0,100,Sell,231152228
2024-08-13 10:10:53,87700.0,400,Sell,231152229
2024-08-13 10:11:02,87800.0,100,Buy,231152410
2024-08-13 10:11:12,87800.0,500,Buy,231152690
2024-08-13 10:11:17,87800.0,100,Buy,231152777
2024-08-13 10:12:08,87700.0,200,Sell,231153668
2024-08-13 10:12:19,87700.0,100,Sell,231153981
2024-08-13 10:12:19,87700.0,200,Sell,231153982
2024-08-13 10:12:19,87700.0,200,Sell,231153983
2024-08-13 10:12:19,87700.0,300,Sell,231153984
2024-08-13 10:12:19,87700.0,100,Sell,231153980
2024-08-13 10:12:22,87800.0,500,Buy,231154056
2024-08-13 10:13:31,87800.0,500,Buy,231155359
2024-08-13 10:14:13,87800.0,5000,Buy,231156085
2024-08-13 10:14:40,87800.0,500,Buy,231156605
2024-08-13 10:15:49,87800.0,100,Buy,231158063
2024-08-13 10:15:50,87800.0,500,Buy,231158077
2024-08-13 10:16:47,87800.0,100,Buy,231159062
2024-08-13 10:16:59,87800.0,500,Buy,231159308
2024-08-13 10:17:12,87700.0,200,Sell,231159574
2024-08-13 10:17:12,87700.0,100,Sell,231159573
2024-08-13 10:17:14,87700.0,700,Sell,231159607
2024-08-13 10:17:14,87700.0,100,Sell,231159606
2024-08-13 10:17:18,87800.0,100,Buy,231159697
2024-08-13 10:17:39,87800.0,100,Buy,231160100
2024-08-13 10:17:57,87800.0,100,Buy,231160486
2024-08-13 10:18:09,87800.0,500,Buy,231160705
2024-08-13 10:18:24,87800.0,1100,Buy,231161042
2024-08-13 10:19:10,87800.0,100,Buy,231162013
2024-08-13 10:19:18,87800.0,100,Buy,231162180
2024-08-13 10:19:18,87800.0,400,Buy,231162181
2024-08-13 10:20:27,87800.0,500,Buy,231163338
2024-08-13 10:20:42,87800.0,200,Buy,231163624
2024-08-13 10:20:42,87800.0,900,Buy,231163623
2024-08-13 10:20:42,87800.0,100,Buy,231163622
2024-08-13 10:20:42,87800.0,300,Buy,231163621
2024-08-13 10:20:42,87800.0,200,Buy,231163619
2024-08-13 10:20:42,87800.0,100,Buy,231163620
2024-08-13 10:20:42,87800.0,300,Buy,231163618
2024-08-13 10:21:03,87800.0,200,Buy,231164010
2024-08-13 10:21:08,87800.0,100,Buy,231164123
2024-08-13 10:21:08,87800.0,800,Buy,231164124
2024-08-13 10:21:08,87800.0,100,Buy,231164125
2024-08-13 10:21:37,87800.0,500,Buy,231164652
2024-08-13 10:22:29,87700.0,200,Sell,231165492
2024-08-13 10:22:29,87700.0,100,Sell,231165493
2024-08-13 10:22:29,87700.0,300,Sell,231165494
2024-08-13 10:22:29,87700.0,500,Sell,231165495
2024-08-13 10:22:29,87700.0,100,Sell,231165496
2024-08-13 10:22:29,87700.0,200,Sell,231165497
2024-08-13 10:22:46,87800.0,500,Buy,231165723
2024-08-13 10:23:55,87800.0,500,Buy,231166617
2024-08-13 10:25:05,87800.0,500,Buy,231167492
2024-08-13 10:25:14,87800.0,200,Buy,231167589
2024-08-13 10:25:53,87800.0,500,Buy,231168307
2024-08-13 10:26:14,87800.0,500,Buy,231168666
2024-08-13 10:26:24,87800.0,1000,Buy,231168806
2024-08-13 10:27:21,87800.0,2300,Buy,231169695
2024-08-13 10:27:21,87800.0,700,Buy,231169696
2024-08-13 10:27:24,87800.0,100,Buy,231169772
2024-08-13 10:27:24,87800.0,400,Buy,231169773
2024-08-13 10:27:30,87800.0,200,Buy,231169911
2024-08-13 10:27:30,87800.0,200,Buy,231169912
2024-08-13 10:27:30,87800.0,200,Buy,231169913
2024-08-13 10:27:30,87800.0,100,Buy,231169914
2024-08-13 10:27:31,87800.0,100,Buy,231169919
2024-08-13 10:27:31,87800.0,500,Buy,231169918
2024-08-13 10:27:31,87800.0,400,Buy,231169917
2024-08-13 10:27:31,87800.0,300,Buy,231169916
2024-08-13 10:27:49,87800.0,200,Buy,231170387
2024-08-13 10:27:49,87800.0,100,Buy,231170388
2024-08-13 10:27:49,87800.0,100,Buy,231170389
2024-08-13 10:27:49,87800.0,100,Buy,231170390
2024-08-13 10:27:49,87800.0,200,Buy,231170391
2024-08-13 10:27:49,87800.0,300,Buy,231170394
2024-08-13 10:27:49,87800.0,200,Buy,231170396
2024-08-13 10:27:49,87800.0,100,Buy,231170397
2024-08-13 10:27:49,87800.0,600,Buy,231170398
2024-08-13 10:27:49,87800.0,100,Buy,231170395
2024-08-13 10:27:59,87800.0,200,Buy,231170520
2024-08-13 10:28:12,87800.0,200,Buy,231170797
2024-08-13 10:28:20,87800.0,300,Buy,231170902
2024-08-13 10:28:30,87800.0,100,Buy,231171020
2024-08-13 10:28:33,87800.0,200,Buy,231171054
2024-08-13 10:28:33,87800.0,300,Buy,231171053
2024-08-13 10:28:37,87800.0,600,Buy,231171086
2024-08-13 10:28:37,87800.0,800,Buy,231171087
2024-08-13 10:28:37,87800.0,800,Buy,231171088
2024-08-13 10:28:37,87800.0,100,Buy,231171089
2024-08-13 10:28:37,87800.0,800,Buy,231171090
2024-08-13 10:28:37,87800.0,200,Buy,231171091
2024-08-13 10:29:42,87800.0,500,Buy,231172155
2024-08-13 10:29:47,87800.0,400,Buy,231172250
2024-08-13 10:29:47,87800.0,100,Buy,231172249
2024-08-13 10:29:59,87800.0,200,Buy,231172397
2024-08-13 10:30:52,87800.0,200,Buy,231173097
2024-08-13 10:30:52,87800.0,300,Buy,231173098
2024-08-13 10:30:56,87800.0,100,Buy,231173180
2024-08-13 10:31:01,87800.0,700,Buy,231173258
2024-08-13 10:31:01,87800.0,200,Buy,231173257
2024-08-13 10:31:01,87800.0,300,Buy,231173255
2024-08-13 10:31:01,87800.0,100,Buy,231173254
2024-08-13 10:31:01,87800.0,200,Buy,231173246
2024-08-13 10:31:01,87800.0,100,Buy,231173247
2024-08-13 10:31:01,87800.0,100,Buy,231173245
2024-08-13 10:31:01,87800.0,200,Buy,231173244
2024-08-13 10:31:01,87800.0,200,Buy,231173248
2024-08-13 10:32:01,87800.0,100,Buy,231174188
2024-08-13 10:32:01,87800.0,400,Buy,231174189
2024-08-13 10:32:39,87800.0,800,Buy,231174768
2024-08-13 10:32:39,87800.0,800,Buy,231174769
2024-08-13 10:33:11,87900.0,500,Buy,231175214
2024-08-13 10:34:20,87900.0,500,Buy,231176535
2024-08-13 10:34:36,87800.0,100,Sell,231176802
2024-08-13 10:34:36,87800.0,500,Sell,231176801
2024-08-13 10:35:12,87800.0,400,Sell,231177385
2024-08-13 10:35:12,87800.0,200,Sell,231177386
2024-08-13 10:35:12,87800.0,200,Sell,231177387
2024-08-13 10:35:18,87800.0,1200,Sell,231177532
2024-08-13 10:35:28,87900.0,1600,Buy,231177732
2024-08-13 10:35:28,87900.0,100,Buy,231177731
2024-08-13 10:35:28,87900.0,2300,Buy,231177727
2024-08-13 10:35:28,87900.0,800,Buy,231177729
2024-08-13 10:35:28,87900.0,800,Buy,231177728
2024-08-13 10:35:28,87900.0,800,Buy,231177730
2024-08-13 10:35:29,87900.0,500,Buy,231177756
2024-08-13 10:37:10,87900.0,200,Buy,231179250
2024-08-13 10:37:48,87900.0,1000,Buy,231179868
2024-08-13 10:37:48,87900.0,1200,Buy,231179869
2024-08-13 10:37:48,87900.0,500,Buy,231179886
2024-08-13 10:38:57,87900.0,1600,Buy,231180899
2024-08-13 10:38:57,87900.0,1900,Buy,231180900
2024-08-13 10:38:57,87900.0,500,Buy,231180912
2024-08-13 10:40:08,87900.0,500,Buy,231182016
2024-08-13 10:41:16,87900.0,100,Buy,231183605
2024-08-13 10:41:16,87900.0,400,Buy,231183604
2024-08-13 10:42:26,87900.0,500,Buy,231185219
2024-08-13 10:43:35,87900.0,500,Buy,231186664
2024-08-13 10:43:47,87900.0,200,Buy,231186947
2024-08-13 10:44:31,87900.0,200,Buy,231187639
2024-08-13 10:44:31,87900.0,300,Buy,231187640
2024-08-13 10:44:31,87900.0,100,Buy,231187641
2024-08-13 10:44:31,87900.0,200,Buy,231187645
2024-08-13 10:44:31,87900.0,900,Buy,231187646
2024-08-13 10:44:31,87900.0,200,Buy,231187647
2024-08-13 10:44:31,87900.0,100,Buy,231187648
2024-08-13 10:44:31,87900.0,100,Buy,231187638
2024-08-13 10:44:38,87900.0,200,Buy,231187718
2024-08-13 10:44:38,87900.0,900,Buy,231187717
2024-08-13 10:44:38,87900.0,300,Buy,231187719
2024-08-13 10:44:38,87900.0,200,Buy,231187713
2024-08-13 10:44:38,87900.0,200,Buy,231187712
2024-08-13 10:44:38,87900.0,100,Buy,231187711
2024-08-13 10:44:38,87900.0,100,Buy,231187714
2024-08-13 10:44:44,87900.0,500,Buy,231187788
2024-08-13 10:45:54,87900.0,500,Buy,231189764
2024-08-13 10:46:53,87900.0,200,Buy,231191472
2024-08-13 10:46:53,87900.0,200,Buy,231191473
2024-08-13 10:46:53,87900.0,100,Buy,231191474
2024-08-13 10:46:53,87900.0,1100,Buy,231191475
2024-08-13 10:46:53,87900.0,200,Buy,231191476
2024-08-13 10:46:53,87900.0,1500,Buy,231191477
2024-08-13 10:47:03,87900.0,300,Buy,231191911
2024-08-13 10:47:03,87900.0,200,Buy,231191912
2024-08-13 10:47:06,87900.0,1000,Buy,231191985
2024-08-13 10:47:06,87900.0,100,Buy,231191984
2024-08-13 10:47:06,87900.0,700,Buy,231191986
2024-08-13 10:47:06,87900.0,400,Buy,231191982
2024-08-13 10:47:06,87900.0,800,Buy,231191981
2024-08-13 10:47:06,87900.0,100,Buy,231191983
2024-08-13 10:47:06,87900.0,200,Buy,231191980
2024-08-13 10:47:22,87900.0,100,Buy,231192309
2024-08-13 10:47:22,87900.0,300,Buy,231192308
2024-08-13 10:47:22,87900.0,800,Buy,231192307
2024-08-13 10:47:22,87900.0,800,Buy,231192303
2024-08-13 10:47:22,87900.0,800,Buy,231192305
2024-08-13 10:47:22,87900.0,100,Buy,231192304
2024-08-13 10:47:22,87900.0,400,Buy,231192306
2024-08-13 10:48:13,87900.0,500,Buy,231193376
2024-08-13 10:48:18,87900.0,200,Buy,231193482
2024-08-13 10:48:18,87900.0,100,Buy,231193483
2024-08-13 10:48:18,87900.0,200,Buy,231193485
2024-08-13 10:48:18,87900.0,200,Buy,231193503
2024-08-13 10:48:19,87900.0,800,Buy,231193512
2024-08-13 10:48:19,87900.0,100,Buy,231193511
2024-08-13 10:48:19,87900.0,100,Buy,231193510
2024-08-13 10:48:19,87900.0,300,Buy,231193509
2024-08-13 10:48:37,87900.0,100,Buy,231193980
2024-08-13 10:48:37,87900.0,200,Buy,231193979
2024-08-13 10:48:37,87900.0,300,Buy,231193976
2024-08-13 10:48:37,87900.0,100,Buy,231193975
2024-08-13 10:48:37,87900.0,200,Buy,231193974
2024-08-13 10:48:37,87900.0,600,Buy,231193978
2024-08-13 10:48:38,87900.0,200,Buy,231193991
2024-08-13 10:48:38,87900.0,300,Buy,231193994
2024-08-13 10:48:38,87900.0,100,Buy,231193992
2024-08-13 10:48:51,87900.0,100,Buy,231194301
2024-08-13 10:48:52,87900.0,100,Buy,231194318
2024-08-13 10:48:52,87900.0,100,Buy,231194319
2024-08-13 10:48:52,87900.0,100,Buy,231194320
2024-08-13 10:49:18,88000.0,1100,Buy,231194875
2024-08-13 10:49:19,88000.0,1100,Buy,231194925
2024-08-13 10:49:19,88000.0,1100,Buy,231194898
2024-08-13 10:49:20,88000.0,1100,Buy,231194940
2024-08-13 10:49:22,88000.0,500,Buy,231194969
2024-08-13 10:49:56,88000.0,400,Buy,231195724
2024-08-13 10:50:31,88000.0,500,Buy,231196380
2024-08-13 10:50:42,87900.0,100,Sell,231196657
2024-08-13 10:51:24,87900.0,100,Sell,231197453
2024-08-13 10:51:33,87900.0,800,Sell,231197629
2024-08-13 10:51:35,87900.0,3300,Sell,231197673
2024-08-13 10:51:35,87900.0,600,Sell,231197672
2024-08-13 10:51:35,87900.0,1100,Sell,231197671
2024-08-13 10:51:35,87900.0,500,Sell,231197670
2024-08-13 10:51:35,87900.0,300,Sell,231197667
2024-08-13 10:51:35,87900.0,100,Sell,231197666
2024-08-13 10:51:35,87900.0,100,Sell,231197669
2024-08-13 10:51:35,87900.0,100,Sell,231197664
2024-08-13 10:51:35,87900.0,100,Sell,231197665
2024-08-13 10:51:35,87900.0,2000,Sell,231197659
2024-08-13 10:51:35,87900.0,100,Sell,231197660
2024-08-13 10:51:35,87900.0,300,Sell,231197668
2024-08-13 10:51:35,87900.0,500,Sell,231197662
2024-08-13 10:51:35,87900.0,1100,Sell,231197663
2024-08-13 10:51:35,87900.0,100,Sell,231197661
2024-08-13 10:51:41,87900.0,500,Buy,231197733
2024-08-13 10:52:01,87900.0,1500,Buy,231198141
2024-08-13 10:52:03,87900.0,3300,Buy,231198186
2024-08-13 10:52:18,87900.0,5000,Buy,231198449
2024-08-13 10:52:22,87900.0,1700,Buy,231198510
2024-08-13 10:52:31,87900.0,500,Sell,231198676
2024-08-13 10:53:11,87900.0,800,Sell,231199350
2024-08-13 10:53:14,87900.0,100,Sell,231199397
2024-08-13 10:53:34,87900.0,500,Sell,231199719
2024-08-13 10:53:39,87900.0,1100,Sell,231199794
2024-08-13 10:53:39,87900.0,1400,Sell,231199792
2024-08-13 10:53:39,87900.0,500,Sell,231199793
2024-08-13 10:53:47,87900.0,1400,Buy,231199950
2024-08-13 10:53:50,87900.0,1000,Sell,231200000
2024-08-13 10:53:58,88000.0,100,Buy,231200157
2024-08-13 10:54:04,87900.0,2600,Sell,231200265
2024-08-13 10:54:04,87900.0,500,Sell,231200266
2024-08-13 10:54:13,87900.0,900,Buy,231200440
2024-08-13 10:54:13,87900.0,100,Buy,231200441
2024-08-13 10:54:22,87900.0,400,Sell,231200647
2024-08-13 10:54:23,88000.0,100,Buy,231200649
2024-08-13 10:54:56,88000.0,100,Buy,231201117
2024-08-13 10:55:09,88000.0,500,Buy,231201261
2024-08-13 10:56:56,88000.0,200,Buy,231202597
2024-08-13 10:57:12,87900.0,3200,Sell,231202805
2024-08-13 10:57:47,87900.0,100,Sell,231203475
2024-08-13 10:58:05,87900.0,200,Sell,231203729
2024-08-13 10:58:05,87900.0,300,Sell,231203728
2024-08-13 10:58:05,87900.0,300,Sell,231203727
2024-08-13 10:58:12,87900.0,1100,Sell,231203844
2024-08-13 10:58:12,87900.0,14000,Sell,231203860
2024-08-13 10:58:12,87900.0,200,Sell,231203859
2024-08-13 10:58:12,87900.0,500,Sell,231203858
2024-08-13 10:58:12,87900.0,5000,Sell,231203857
2024-08-13 10:58:12,87900.0,100,Sell,231203856
2024-08-13 10:58:12,87900.0,300,Sell,231203855
2024-08-13 10:58:12,87900.0,900,Sell,231203854
2024-08-13 10:58:12,87900.0,100,Sell,231203853
2024-08-13 10:58:12,87900.0,200,Sell,231203852
2024-08-13 10:58:12,87900.0,200,Sell,231203850
2024-08-13 10:58:12,87900.0,1100,Sell,231203849
2024-08-13 10:58:12,87900.0,500,Sell,231203848
2024-08-13 10:58:12,87900.0,200,Sell,231203843
2024-08-13 10:58:12,87900.0,200,Sell,231203851
2024-08-13 10:58:12,87900.0,500,Sell,231203841
2024-08-13 10:58:12,87900.0,100,Sell,231203829
2024-08-13 10:58:12,87900.0,900,Sell,231203830
2024-08-13 10:58:12,87900.0,200,Sell,231203831
2024-08-13 10:58:12,87900.0,300,Sell,231203832
2024-08-13 10:58:12,87900.0,1100,Sell,231203833
2024-08-13 10:58:12,87900.0,200,Sell,231203835
2024-08-13 10:58:12,87900.0,200,Sell,231203834
2024-08-13 10:58:12,87900.0,100,Sell,231203837
2024-08-13 10:58:12,87900.0,100,Sell,231203828
2024-08-13 10:58:12,87900.0,200,Sell,231203838
2024-08-13 10:58:12,87900.0,300,Sell,231203839
2024-08-13 10:58:12,87900.0,900,Sell,231203840
2024-08-13 10:58:12,87900.0,100,Sell,231203836
2024-08-13 10:58:12,87900.0,200,Sell,231203842
2024-08-13 10:59:24,88000.0,100,Buy,231204925
2024-08-13 10:59:24,88000.0,100,Buy,231204926
2024-08-13 10:59:54,87900.0,5700,Sell,231205421
2024-08-13 10:59:54,87900.0,100,Sell,231205419
2024-08-13 10:59:54,87900.0,100,Sell,231205418
2024-08-13 10:59:54,87900.0,5000,Sell,231205420
2024-08-13 11:00:02,87900.0,300,Sell,231205503
2024-08-13 11:00:08,87900.0,1400,Sell,231205589
2024-08-13 11:00:17,87900.0,100,Sell,231205756
2024-08-13 11:01:21,87900.0,800,Sell,231207040
2024-08-13 11:02:05,88000.0,500,Buy,231207836
2024-08-13 11:03:15,88000.0,200,Buy,231208934
2024-08-13 11:03:15,88000.0,300,Buy,231208935
2024-08-13 11:03:24,87900.0,200,Sell,231209057
2024-08-13 11:03:29,88000.0,100,Buy,231209152
2024-08-13 11:04:24,88000.0,500,Buy,231209996
2024-08-13 11:05:24,88000.0,200,Buy,231210903
2024-08-13 11:05:24,88000.0,100,Buy,231210904
2024-08-13 11:05:24,88000.0,200,Buy,231210905
2024-08-13 11:05:24,88000.0,900,Buy,231210906
2024-08-13 11:05:25,88000.0,100,Buy,231210916
2024-08-13 11:05:25,88000.0,200,Buy,231210914
2024-08-13 11:05:25,88000.0,300,Buy,231210915
2024-08-13 11:05:26,87900.0,100,Sell,231210927
2024-08-13 11:05:32,88000.0,200,Buy,231211032
2024-08-13 11:05:32,88000.0,200,Buy,231211033
2024-08-13 11:05:32,88000.0,100,Buy,231211034
2024-08-13 11:05:32,88000.0,100,Buy,231211035
2024-08-13 11:05:33,88000.0,100,Buy,231211037
2024-08-13 11:05:33,88000.0,100,Buy,231211038
2024-08-13 11:05:33,88000.0,100,Buy,231211039
2024-08-13 11:05:33,88000.0,700,Buy,231211040
2024-08-13 11:05:33,88000.0,200,Buy,231211041
2024-08-13 11:05:33,88000.0,300,Buy,231211042
2024-08-13 11:05:33,88000.0,500,Buy,231211046
2024-08-13 11:06:02,88000.0,200,Buy,231211556
2024-08-13 11:06:10,88000.0,300,Buy,231211728
2024-08-13 11:06:16,88000.0,200,Buy,231211817
2024-08-13 11:06:43,88000.0,500,Buy,231212197
2024-08-13 11:07:13,88000.0,1100,Buy,231212687
2024-08-13 11:07:15,88000.0,1100,Buy,231212766
2024-08-13 11:07:20,88000.0,100,Buy,231212966
2024-08-13 11:07:50,88000.0,500,Buy,231213496
2024-08-13 11:07:50,88000.0,800,Buy,231213495
2024-08-13 11:07:50,88000.0,700,Buy,231213494
2024-08-13 11:07:50,88000.0,500,Buy,231213493
2024-08-13 11:07:50,88000.0,300,Buy,231213492
2024-08-13 11:07:50,88000.0,100,Buy,231213491
2024-08-13 11:07:50,88000.0,1000,Buy,231213484
2024-08-13 11:07:50,88000.0,800,Buy,231213483
2024-08-13 11:07:50,88000.0,200,Buy,231213482
2024-08-13 11:07:50,88000.0,100,Buy,231213481
2024-08-13 11:07:50,88000.0,100,Buy,231213480
2024-08-13 11:07:50,88000.0,800,Buy,231213478
2024-08-13 11:07:50,88000.0,100,Buy,231213479
2024-08-13 11:07:50,88000.0,1000,Buy,231213476
2024-08-13 11:07:50,88000.0,100,Buy,231213477
2024-08-13 11:07:50,88000.0,2100,Buy,231213465
2024-08-13 11:07:50,88000.0,800,Buy,231213466
2024-08-13 11:07:50,88000.0,100,Buy,231213468
2024-08-13 11:07:50,88000.0,3300,Buy,231213469
2024-08-13 11:07:50,88000.0,800,Buy,231213467
2024-08-13 11:07:50,88000.0,700,Buy,231213471
2024-08-13 11:07:50,88000.0,2200,Buy,231213472
2024-08-13 11:07:50,88000.0,100,Buy,231213473
2024-08-13 11:07:50,88000.0,100,Buy,231213474
2024-08-13 11:07:50,88000.0,1900,Buy,231213475
2024-08-13 11:07:50,88000.0,800,Buy,231213470
2024-08-13 11:07:52,88000.0,400,Buy,231213525
2024-08-13 11:07:52,88000.0,100,Buy,231213526
2024-08-13 11:08:05,88000.0,800,Buy,231213754
2024-08-13 11:08:05,88000.0,3100,Buy,231213756
2024-08-13 11:08:05,88000.0,800,Buy,231213755
2024-08-13 11:08:05,88000.0,800,Buy,231213752
2024-08-13 11:08:05,88000.0,500,Buy,231213753
2024-08-13 11:08:05,88000.0,100,Buy,231213750
2024-08-13 11:08:05,88000.0,100,Buy,231213749
2024-08-13 11:08:05,88000.0,800,Buy,231213748
2024-08-13 11:08:05,88000.0,1400,Buy,231213747
2024-08-13 11:08:05,88000.0,600,Buy,231213751
2024-08-13 11:08:07,88000.0,1900,Buy,231213818
2024-08-13 11:08:07,88000.0,100,Buy,231213819
2024-08-13 11:08:07,88000.0,800,Buy,231213820
2024-08-13 11:08:19,88100.0,100,Buy,231213966
2024-08-13 11:08:19,88100.0,100,Buy,231213965
2024-08-13 11:08:33,88000.0,100,Sell,231214240
2024-08-13 11:08:34,88100.0,3000,Buy,231214248
2024-08-13 11:08:34,88100.0,1700,Buy,231214247
2024-08-13 11:08:34,88100.0,800,Buy,231214244
2024-08-13 11:08:34,88100.0,500,Buy,231214245
2024-08-13 11:08:34,88100.0,1000,Buy,231214246
2024-08-13 11:08:36,88100.0,200,Buy,231214274
2024-08-13 11:08:36,88100.0,600,Buy,231214277
2024-08-13 11:08:36,88100.0,300,Buy,231214273
2024-08-13 11:08:36,88100.0,500,Buy,231214280
2024-08-13 11:08:36,88100.0,200,Buy,231214278
2024-08-13 11:08:36,88100.0,100,Buy,231214272
2024-08-13 11:08:36,88100.0,300,Buy,231214264
2024-08-13 11:08:36,88100.0,200,Buy,231214270
2024-08-13 11:08:36,88100.0,700,Buy,231214269
2024-08-13 11:08:36,88100.0,300,Buy,231214268
2024-08-13 11:08:36,88100.0,100,Buy,231214267
2024-08-13 11:08:36,88100.0,200,Buy,231214266
2024-08-13 11:08:36,88100.0,100,Buy,231214265
2024-08-13 11:08:36,88100.0,300,Buy,231214271
2024-08-13 11:08:40,88100.0,200,Buy,231214349
2024-08-13 11:08:40,88100.0,400,Buy,231214350
2024-08-13 11:08:40,88100.0,500,Buy,231214353
2024-08-13 11:08:40,88100.0,1800,Buy,231214354
2024-08-13 11:08:40,88100.0,200,Buy,231214357
2024-08-13 11:08:40,88100.0,600,Buy,231214358
2024-08-13 11:08:40,88100.0,400,Buy,231214359
2024-08-13 11:08:41,88100.0,1000,Buy,231214375
2024-08-13 11:08:41,88100.0,100,Buy,231214374
2024-08-13 11:08:41,88100.0,4400,Buy,231214373
2024-08-13 11:08:47,88100.0,100,Sell,231214459
2024-08-13 11:08:47,88100.0,100,Sell,231214460
2024-08-13 11:08:47,88000.0,300,Sell,231214461
2024-08-13 11:09:01,88200.0,100,Buy,231214697
2024-08-13 11:09:01,88200.0,100,Buy,231214698
2024-08-13 11:09:01,88200.0,200,Buy,231214699
2024-08-13 11:09:01,88200.0,100,Buy,231214700
2024-08-13 11:09:08,88200.0,100,Buy,231214826
2024-08-13 11:09:08,88200.0,100,Buy,231214825
2024-08-13 11:09:08,88200.0,300,Buy,231214823
2024-08-13 11:09:08,88200.0,200,Buy,231214824
2024-08-13 11:09:08,88200.0,1000,Buy,231214822
2024-08-13 11:09:08,88200.0,300,Buy,231214818
2024-08-13 11:09:08,88200.0,100,Buy,231214820
2024-08-13 11:09:08,88200.0,500,Buy,231214821
2024-08-13 11:09:08,88200.0,400,Buy,231214816
2024-08-13 11:09:08,88200.0,1000,Buy,231214817
2024-08-13 11:09:08,88200.0,100,Buy,231214819
2024-08-13 11:09:16,88300.0,600,Buy,231214967
2024-08-13 11:09:16,88300.0,100,Buy,231214965
2024-08-13 11:09:16,88300.0,100,Buy,231214966
2024-08-13 11:09:23,88200.0,100,Sell,231215032
2024-08-13 11:09:32,88200.0,800,Sell,231215159
2024-08-13 11:09:39,88300.0,100,Buy,231215241
2024-08-13 11:10:11,88300.0,500,Buy,231215661
2024-08-13 11:10:18,88300.0,200,Buy,231215802
2024-08-13 11:10:19,88200.0,1000,Sell,231215816
2024-08-13 11:10:48,88200.0,100,Sell,231216224
2024-08-13 11:10:48,88200.0,100,Sell,231216225
2024-08-13 11:10:48,88200.0,200,Sell,231216226
2024-08-13 11:10:57,88200.0,100,Sell,231216308
2024-08-13 11:10:57,88200.0,400,Sell,231216309
2024-08-13 11:10:57,88200.0,500,Sell,231216310
2024-08-13 11:11:10,88200.0,200,Sell,231216729
2024-08-13 11:11:10,88200.0,500,Sell,231216728
2024-08-13 11:11:13,88200.0,100,Sell,231216755
2024-08-13 11:11:16,88200.0,300,Sell,231216809
2024-08-13 11:11:16,88200.0,1100,Sell,231216810
2024-08-13 11:11:16,88200.0,300,Sell,231216808
2024-08-13 11:11:20,88200.0,300,Buy,231216877
2024-08-13 11:11:23,88200.0,200,Sell,231216906
2024-08-13 11:11:28,88200.0,500,Buy,231216998
2024-08-13 11:12:13,88200.0,100,Buy,231217836
2024-08-13 11:12:15,88200.0,100,Buy,231217911
2024-08-13 11:12:15,88200.0,1000,Buy,231217910
2024-08-13 11:12:15,88200.0,200,Buy,231217908
2024-08-13 11:12:15,88200.0,1000,Buy,231217909
2024-08-13 11:12:25,88300.0,100,Buy,231218069
2024-08-13 11:12:30,88300.0,500,Buy,231218120
2024-08-13 11:12:39,88200.0,1000,Sell,231218246
2024-08-13 11:12:41,88200.0,500,Sell,231218258
2024-08-13 11:12:48,88200.0,200,Sell,231218362
2024-08-13 11:13:09,88200.0,200,Buy,231218753
2024-08-13 11:13:09,88200.0,200,Buy,231218751
2024-08-13 11:13:09,88200.0,200,Buy,231218752
2024-08-13 11:13:27,88200.0,100,Sell,231218963
2024-08-13 11:13:31,88300.0,900,Buy,231219044
2024-08-13 11:13:31,88300.0,100,Buy,231219045
2024-08-13 11:13:31,88300.0,100,Buy,231219046
2024-08-13 11:14:23,88300.0,300,Buy,231219781
2024-08-13 11:14:23,88300.0,300,Buy,231219780
2024-08-13 11:14:23,88300.0,500,Buy,231219779
2024-08-13 11:14:23,88300.0,300,Buy,231219777
2024-08-13 11:14:23,88300.0,100,Buy,231219776
2024-08-13 11:14:23,88300.0,100,Buy,231219775
2024-08-13 11:14:23,88300.0,700,Buy,231219778
2024-08-13 11:14:23,88300.0,200,Buy,231219773
2024-08-13 11:14:23,88300.0,200,Buy,231219772
2024-08-13 11:14:23,88300.0,100,Buy,231219771
2024-08-13 11:14:23,88300.0,300,Buy,231219770
2024-08-13 11:14:23,88300.0,200,Buy,231219769
2024-08-13 11:14:23,88300.0,100,Buy,231219768
2024-08-13 11:14:23,88300.0,100,Buy,231219767
2024-08-13 11:14:23,88300.0,600,Buy,231219774
2024-08-13 11:14:24,88200.0,2400,Sell,231219792
2024-08-13 11:14:24,88200.0,100,Sell,231219791
2024-08-13 11:14:24,88200.0,100,Sell,231219790
2024-08-13 11:14:24,88200.0,100,Sell,231219789
2024-08-13 11:14:24,88200.0,900,Sell,231219786
2024-08-13 11:14:24,88200.0,100,Sell,231219787
2024-08-13 11:14:24,88200.0,100,Sell,231219785
2024-08-13 11:14:24,88200.0,200,Sell,231219784
2024-08-13 11:14:24,88200.0,500,Sell,231219788
2024-08-13 11:14:40,88200.0,200,Buy,231220134
2024-08-13 11:14:40,88200.0,600,Buy,231220135
2024-08-13 11:14:40,88200.0,200,Buy,231220133
2024-08-13 11:14:40,88200.0,1800,Buy,231220121
2024-08-13 11:14:40,88200.0,400,Buy,231220123
2024-08-13 11:14:40,88200.0,400,Buy,231220122
2024-08-13 11:14:40,88200.0,500,Buy,231220124
2024-08-13 11:14:46,88200.0,1400,Buy,231220267
2024-08-13 11:14:46,88200.0,200,Buy,231220268
2024-08-13 11:14:47,88200.0,500,Buy,231220281
2024-08-13 11:14:52,88200.0,100,Buy,231220369
2024-08-13 11:14:52,88200.0,100,Buy,231220370
2024-08-13 11:15:15,88300.0,100,Buy,231220669
2024-08-13 11:15:18,88300.0,600,Buy,231220732
2024-08-13 11:15:18,88300.0,4600,Buy,231220733
2024-08-13 11:15:26,88300.0,9600,Buy,231220825
2024-08-13 11:15:26,88300.0,100,Buy,231220826
2024-08-13 11:15:26,88300.0,300,Buy,231220827
2024-08-13 11:15:32,88300.0,100,Buy,231220940
2024-08-13 11:15:32,88300.0,200,Buy,231220942
2024-08-13 11:15:32,88300.0,100,Buy,231220941
2024-08-13 11:15:32,88300.0,100,Buy,231220939
2024-08-13 11:15:32,88300.0,100,Buy,231220937
2024-08-13 11:15:32,88300.0,600,Buy,231220936
2024-08-13 11:15:32,88300.0,100,Buy,231220935
2024-08-13 11:15:32,88300.0,700,Buy,231220934
2024-08-13 11:15:32,88300.0,200,Buy,231220938
2024-08-13 11:15:39,88400.0,100,Buy,231221111
2024-08-13 11:15:42,88400.0,100,Buy,231221146
2024-08-13 11:15:42,88400.0,3900,Buy,231221147
2024-08-13 11:15:46,88400.0,1100,Buy,231221239
2024-08-13 11:15:50,88400.0,100,Buy,231221295
2024-08-13 11:15:50,88400.0,200,Buy,231221299
2024-08-13 11:15:50,88400.0,100,Buy,231221298
2024-08-13 11:15:50,88400.0,100,Buy,231221297
2024-08-13 11:15:50,88400.0,100,Buy,231221296
2024-08-13 11:15:50,88400.0,100,Buy,231221294
2024-08-13 11:15:50,88400.0,300,Buy,231221288
2024-08-13 11:15:50,88400.0,100,Buy,231221292
2024-08-13 11:15:50,88400.0,100,Buy,231221291
2024-08-13 11:15:50,88400.0,200,Buy,231221287
2024-08-13 11:15:50,88400.0,100,Buy,231221286
2024-08-13 11:15:50,88400.0,100,Buy,231221285
2024-08-13 11:15:50,88400.0,100,Buy,231221284
2024-08-13 11:15:50,88400.0,300,Buy,231221293
2024-08-13 11:15:57,88400.0,200,Sell,231221403
2024-08-13 11:16:03,88500.0,200,Buy,231221527
2024-08-13 11:16:05,88500.0,100,Buy,231221611
2024-08-13 11:16:05,88500.0,300,Buy,231221610
2024-08-13 11:16:05,88500.0,200,Buy,231221609
2024-08-13 11:16:05,88500.0,100,Buy,231221608
2024-08-13 11:16:05,88500.0,300,Buy,231221607
2024-08-13 11:16:05,88500.0,200,Buy,231221605
2024-08-13 11:16:05,88500.0,100,Buy,231221604
2024-08-13 11:16:05,88500.0,100,Buy,231221603
2024-08-13 11:16:05,88500.0,100,Buy,231221602
2024-08-13 11:16:05,88500.0,500,Buy,231221601
2024-08-13 11:16:05,88500.0,200,Buy,231221600
2024-08-13 11:16:05,88500.0,200,Buy,231221606
2024-08-13 11:16:11,88500.0,1400,Buy,231221709
2024-08-13 11:16:11,88500.0,300,Buy,231221708
2024-08-13 11:16:11,88500.0,100,Buy,231221707
2024-08-13 11:16:11,88500.0,100,Buy,231221706
2024-08-13 11:16:11,88500.0,100,Buy,231221705
2024-08-13 11:16:11,88500.0,500,Buy,231221704
2024-08-13 11:16:11,88500.0,100,Buy,231221703
2024-08-13 11:16:11,88500.0,1000,Buy,231221702
2024-08-13 11:16:11,88500.0,200,Buy,231221696
2024-08-13 11:16:11,88500.0,100,Buy,231221697
2024-08-13 11:16:11,88500.0,600,Buy,231221701
2024-08-13 11:16:11,88500.0,100,Buy,231221699
2024-08-13 11:16:11,88500.0,300,Buy,231221698
2024-08-13 11:16:11,88500.0,100,Buy,231221700
2024-08-13 11:16:13,88500.0,200,Buy,231221721
2024-08-13 11:16:13,88500.0,200,Buy,231221722
2024-08-13 11:16:13,88500.0,100,Buy,231221723
2024-08-13 11:16:13,88500.0,200,Buy,231221724
2024-08-13 11:16:13,88500.0,100,Buy,231221725
2024-08-13 11:16:13,88500.0,300,Buy,231221726
2024-08-13 11:16:13,88500.0,900,Buy,231221727
2024-08-13 11:16:13,88400.0,600,Sell,231221737
2024-08-13 11:16:13,88400.0,400,Sell,231221738
2024-08-13 11:16:16,88400.0,100,Sell,231221773
2024-08-13 11:16:37,88500.0,300,Buy,231222016
2024-08-13 11:16:37,88500.0,100,Buy,231222009
2024-08-13 11:16:37,88500.0,100,Buy,231222008
2024-08-13 11:16:37,88500.0,200,Buy,231222006
2024-08-13 11:16:37,88500.0,900,Buy,231222007
2024-08-13 11:16:38,88500.0,200,Buy,231222018
2024-08-13 11:16:38,88500.0,200,Buy,231222019
2024-08-13 11:16:40,88500.0,100,Buy,231222044
2024-08-13 11:16:40,88500.0,500,Buy,231222049
2024-08-13 11:16:40,88500.0,200,Buy,231222050
2024-08-13 11:16:40,88500.0,1000,Buy,231222051
2024-08-13 11:16:53,88600.0,100,Buy,231222279
2024-08-13 11:16:55,88600.0,200,Buy,231222311
2024-08-13 11:16:57,88500.0,500,Sell,231222378
2024-08-13 11:17:14,88500.0,600,Sell,231222630
2024-08-13 11:17:14,88500.0,300,Sell,231222632
2024-08-13 11:17:14,88500.0,500,Sell,231222631
2024-08-13 11:17:14,88500.0,2800,Sell,231222628
2024-08-13 11:17:14,88500.0,800,Sell,231222629
2024-08-13 11:17:17,88600.0,300,Buy,231222660
2024-08-13 11:17:17,88600.0,100,Buy,231222661
2024-08-13 11:17:17,88600.0,100,Buy,231222662
2024-08-13 11:17:19,88500.0,1000,Sell,231222692
2024-08-13 11:17:22,88600.0,100,Buy,231222710
2024-08-13 11:17:25,88500.0,800,Sell,231222746
2024-08-13 11:17:30,88600.0,200,Buy,231222796
2024-08-13 11:17:44,88600.0,100,Buy,231222997
2024-08-13 11:17:44,88600.0,100,Buy,231222996
2024-08-13 11:17:44,88600.0,100,Buy,231222995
2024-08-13 11:17:44,88600.0,100,Buy,231222994
2024-08-13 11:17:44,88600.0,100,Buy,231222993
2024-08-13 11:17:44,88600.0,300,Buy,231223001
2024-08-13 11:17:44,88600.0,100,Buy,231222992
2024-08-13 11:17:44,88600.0,100,Buy,231222990
2024-08-13 11:17:44,88600.0,200,Buy,231222989
2024-08-13 11:17:44,88600.0,100,Buy,231222988
2024-08-13 11:17:44,88600.0,200,Buy,231222987
2024-08-13 11:17:44,88600.0,100,Buy,231222986
2024-08-13 11:17:44,88600.0,100,Buy,231222979
2024-08-13 11:17:44,88600.0,200,Buy,231222978
2024-08-13 11:17:44,88600.0,200,Buy,231222991
2024-08-13 11:18:02,88600.0,200,Buy,231223230
2024-08-13 11:18:02,88600.0,100,Buy,231223231
2024-08-13 11:18:02,88600.0,100,Buy,231223232
2024-08-13 11:18:02,88600.0,200,Buy,231223233
2024-08-13 11:18:02,88600.0,300,Buy,231223234
2024-08-13 11:18:03,88600.0,300,Buy,231223239
2024-08-13 11:18:06,88600.0,100,Sell,231223299
2024-08-13 11:18:06,88700.0,100,Buy,231223298
2024-08-13 11:18:06,88700.0,1000,Buy,231223297
2024-08-13 11:18:16,88600.0,100,Sell,231223751
2024-08-13 11:18:16,88600.0,200,Sell,231223750
2024-08-13 11:18:16,88600.0,500,Sell,231223749
2024-08-13 11:18:17,88600.0,500,Buy,231223764
2024-08-13 11:18:17,88600.0,500,Buy,231223767
2024-08-13 11:18:19,88500.0,100,Sell,231223820
2024-08-13 11:18:26,88600.0,200,Buy,231223884
2024-08-13 11:18:38,88600.0,200,Buy,231224022
2024-08-13 11:18:48,88600.0,100,Buy,231224143
2024-08-13 11:18:55,88600.0,500,Buy,231224247
2024-08-13 11:18:58,88600.0,400,Buy,231224279
2024-08-13 11:18:58,88600.0,200,Buy,231224280
2024-08-13 11:18:58,88600.0,500,Buy,231224281
2024-08-13 11:18:58,88600.0,200,Buy,231224282
2024-08-13 11:18:59,88600.0,500,Buy,231224294
2024-08-13 11:18:59,88600.0,500,Buy,231224293
2024-08-13 11:18:59,88600.0,600,Buy,231224290
2024-08-13 11:18:59,88600.0,800,Buy,231224292
2024-08-13 11:18:59,88600.0,400,Buy,231224291
2024-08-13 11:19:03,88600.0,100,Buy,231224357
2024-08-13 11:19:03,88600.0,100,Buy,231224358
2024-08-13 11:19:08,88600.0,1800,Sell,231224406
2024-08-13 11:19:08,88600.0,700,Sell,231224407
2024-08-13 11:19:12,88600.0,500,Sell,231224443
2024-08-13 11:19:20,88600.0,800,Sell,231224558
2024-08-13 11:19:26,88700.0,300,Buy,231224636
2024-08-13 11:19:26,88700.0,200,Buy,231224637
2024-08-13 11:19:27,88600.0,100,Sell,231224653
2024-08-13 11:19:52,88700.0,800,Buy,231225379
2024-08-13 11:19:52,88700.0,100,Buy,231225377
2024-08-13 11:19:52,88700.0,100,Buy,231225378
2024-08-13 11:20:04,88600.0,100,Sell,231225571
2024-08-13 11:20:22,88600.0,400,Sell,231225804
2024-08-13 11:20:58,88600.0,800,Sell,231226266
2024-08-13 11:21:02,88600.0,1000,Sell,231226331
2024-08-13 11:21:02,88600.0,500,Sell,231226332
2024-08-13 11:21:11,88600.0,100,Sell,231226495
2024-08-13 11:21:11,88600.0,200,Sell,231226496
2024-08-13 11:21:11,88600.0,200,Sell,231226497
2024-08-13 11:21:11,88600.0,100,Sell,231226498
2024-08-13 11:21:11,88600.0,100,Sell,231226499
2024-08-13 11:21:11,88600.0,300,Sell,231226500
2024-08-13 11:21:20,88600.0,200,Sell,231226713
2024-08-13 11:21:31,88600.0,500,Sell,231226903
2024-08-13 11:21:31,88600.0,300,Sell,231226902
2024-08-13 11:21:31,88600.0,900,Sell,231226904
2024-08-13 11:21:31,88600.0,300,Sell,231226900
2024-08-13 11:21:31,88600.0,100,Sell,231226898
2024-08-13 11:21:31,88600.0,200,Sell,231226901
2024-08-13 11:21:34,88600.0,200,Buy,231227082
2024-08-13 11:21:34,88600.0,300,Buy,231227080
2024-08-13 11:21:34,88600.0,200,Buy,231227079
2024-08-13 11:21:34,88600.0,100,Buy,231227081
2024-08-13 11:21:34,88600.0,3400,Sell,231227077
2024-08-13 11:21:34,88600.0,500,Sell,231227076
2024-08-13 11:21:34,88600.0,200,Sell,231227075
2024-08-13 11:21:34,88600.0,100,Sell,231227078
2024-08-13 11:21:35,88600.0,700,Sell,231227095
2024-08-13 11:21:35,88600.0,300,Sell,231227096
2024-08-13 11:21:35,88600.0,200,Sell,231227097
2024-08-13 11:21:35,88600.0,100,Sell,231227098
2024-08-13 11:21:56,88600.0,100,Buy,231227501
2024-08-13 11:22:12,88600.0,100,Buy,231227747
2024-08-13 11:22:22,88600.0,500,Buy,231227830
2024-08-13 11:22:22,88600.0,100,Buy,231227831
2024-08-13 11:22:22,88700.0,100,Buy,231227844
2024-08-13 11:22:22,88700.0,100,Buy,231227843
2024-08-13 11:22:24,88600.0,100,Sell,231227874
2024-08-13 11:22:34,88600.0,500,Sell,231228033
2024-08-13 11:22:36,88600.0,800,Sell,231228083
2024-08-13 11:22:37,88600.0,100,Sell,231228190
2024-08-13 11:22:54,88600.0,400,Sell,231228493
2024-08-13 11:22:58,88600.0,400,Sell,231228586
2024-08-13 11:23:03,88600.0,200,Sell,231228668
2024-08-13 11:23:03,88600.0,100,Sell,231228669
2024-08-13 11:23:03,88600.0,200,Sell,231228667
2024-08-13 11:23:09,88600.0,100,Sell,231228744
2024-08-13 11:23:33,88600.0,200,Sell,231229195
2024-08-13 11:23:33,88600.0,100,Sell,231229196
2024-08-13 11:23:33,88600.0,900,Sell,231229197
2024-08-13 11:23:33,88600.0,300,Sell,231229198
2024-08-13 11:23:33,88600.0,100,Sell,231229199
2024-08-13 11:23:33,88600.0,400,Sell,231229200
2024-08-13 11:23:40,88600.0,300,Sell,231229385
2024-08-13 11:23:54,88600.0,200,Sell,231229580
2024-08-13 11:24:14,88600.0,800,Sell,231229871
2024-08-13 11:24:19,88600.0,300,Sell,231229965
2024-08-13 11:24:19,88600.0,300,Sell,231229964
2024-08-13 11:24:23,88600.0,100,Sell,231230036
2024-08-13 11:24:26,88600.0,100,Sell,231230085
2024-08-13 11:24:28,88700.0,100,Buy,231230097
2024-08-13 11:24:30,88600.0,200,Sell,231230115
2024-08-13 11:24:30,88600.0,100,Sell,231230116
2024-08-13 11:24:39,88600.0,800,Sell,231230204
2024-08-13 11:24:39,88600.0,100,Sell,231230205
2024-08-13 11:24:39,88600.0,100,Sell,231230206
2024-08-13 11:24:40,88600.0,300,Sell,231230218
2024-08-13 11:24:40,88600.0,500,Sell,231230219
2024-08-13 11:24:40,88600.0,1100,Sell,231230220
2024-08-13 11:24:40,88600.0,100,Sell,231230221
2024-08-13 11:24:47,88600.0,800,Sell,231230319
2024-08-13 11:24:48,88600.0,2000,Sell,231230405
2024-08-13 11:24:48,88600.0,300,Sell,231230417
2024-08-13 11:24:48,88600.0,200,Sell,231230416
2024-08-13 11:24:48,88600.0,100,Sell,231230415
2024-08-13 11:24:48,88600.0,500,Sell,231230414
2024-08-13 11:24:48,88600.0,300,Sell,231230413
2024-08-13 11:24:48,88600.0,100,Sell,231230412
2024-08-13 11:24:48,88600.0,100,Sell,231230404
2024-08-13 11:24:48,88600.0,900,Sell,231230410
2024-08-13 11:24:48,88600.0,100,Sell,231230409
2024-08-13 11:24:48,88600.0,200,Sell,231230408
2024-08-13 11:24:48,88600.0,200,Sell,231230407
2024-08-13 11:24:48,88600.0,1000,Sell,231230406
2024-08-13 11:24:48,88600.0,200,Sell,231230411
2024-08-13 11:25:01,88600.0,100,Buy,231230620
2024-08-13 11:25:07,88600.0,100,Buy,231230705
2024-08-13 11:25:13,88600.0,500,Buy,231230798
2024-08-13 11:25:21,88600.0,400,Buy,231230878
2024-08-13 11:25:21,88600.0,200,Buy,231230879
2024-08-13 11:25:21,88600.0,500,Buy,231230881
2024-08-13 11:25:21,88600.0,600,Buy,231230882
2024-08-13 11:25:21,88600.0,200,Buy,231230888
2024-08-13 11:25:21,88600.0,800,Buy,231230889
2024-08-13 11:25:21,88600.0,600,Buy,231230890
2024-08-13 11:25:21,88600.0,400,Buy,231230891
2024-08-13 11:25:21,88600.0,400,Buy,231230880
2024-08-13 11:25:29,88600.0,600,Buy,231231027
2024-08-13 11:25:29,88600.0,100,Buy,231231028
2024-08-13 11:25:29,88600.0,300,Buy,231231029
2024-08-13 11:25:41,88600.0,500,Buy,231231162
2024-08-13 11:25:56,88600.0,100,Buy,231231398
2024-08-13 11:26:00,88500.0,100,Sell,231231434
2024-08-13 11:26:14,88600.0,100,Buy,231231617
2024-08-13 11:26:22,88600.0,100,Buy,231231699
2024-08-13 11:26:22,88600.0,100,Buy,231231698
2024-08-13 11:26:33,88600.0,700,Buy,231231930
2024-08-13 11:26:33,88600.0,300,Buy,231231931
2024-08-13 11:26:38,88600.0,700,Buy,231232044
2024-08-13 11:26:38,88600.0,100,Buy,231232045
2024-08-13 11:26:38,88600.0,500,Buy,231232046
2024-08-13 11:26:38,88600.0,300,Buy,231232047
2024-08-13 11:26:38,88600.0,400,Buy,231232048
2024-08-13 11:26:42,88600.0,100,Buy,231232114
2024-08-13 11:26:42,88600.0,100,Buy,231232115
2024-08-13 11:26:57,88600.0,100,Buy,231232306
2024-08-13 11:27:00,88500.0,100,Sell,231232401
2024-08-13 11:27:05,88600.0,100,Buy,231232502
2024-08-13 11:27:05,88600.0,100,Buy,231232501
2024-08-13 11:27:05,88600.0,100,Buy,231232500
2024-08-13 11:27:05,88600.0,200,Buy,231232497
2024-08-13 11:27:05,88600.0,100,Buy,231232498
2024-08-13 11:27:05,88600.0,200,Buy,231232499
2024-08-13 11:27:05,88600.0,200,Buy,231232496
2024-08-13 11:27:10,88600.0,500,Sell,231232578
2024-08-13 11:27:13,88600.0,100,Sell,231232593
2024-08-13 11:27:26,88600.0,100,Sell,231232811
2024-08-13 11:27:26,88600.0,300,Sell,231232812
2024-08-13 11:27:26,88600.0,100,Sell,231232813
2024-08-13 11:27:26,88600.0,100,Sell,231232825
2024-08-13 11:27:27,88600.0,100,Sell,231232852
2024-08-13 11:27:27,88600.0,200,Sell,231232853
2024-08-13 11:27:27,88600.0,200,Sell,231232851
2024-08-13 11:27:27,88600.0,900,Sell,231232849
2024-08-13 11:27:27,88600.0,200,Sell,231232850
2024-08-13 11:27:30,88600.0,700,Sell,231232897
2024-08-13 11:27:30,88600.0,100,Sell,231232898
2024-08-13 11:27:31,88600.0,300,Sell,231232910
2024-08-13 11:27:31,88600.0,200,Sell,231232911
2024-08-13 11:27:38,88600.0,500,Sell,231233033
2024-08-13 11:27:50,88600.0,600,Buy,231233271
2024-08-13 11:27:50,88600.0,200,Buy,231233272
2024-08-13 11:27:55,88600.0,500,Sell,231233380
2024-08-13 11:28:20,88600.0,100,Sell,231233819
2024-08-13 11:28:23,88600.0,100,Sell,231233871
2024-08-13 11:28:35,88600.0,100,Sell,231234097
2024-08-13 11:28:37,88600.0,300,Sell,231234132
2024-08-13 11:28:38,88600.0,100,Sell,231234203
2024-08-13 11:28:41,88600.0,400,Buy,231234255
2024-08-13 11:28:41,88600.0,100,Buy,231234256
2024-08-13 11:28:54,88600.0,500,Buy,231234430
2024-08-13 11:29:04,88600.0,500,Buy,231234569
2024-08-13 11:29:04,88500.0,800,Sell,231234572
2024-08-13 11:29:08,88600.0,500,Buy,231234644
2024-08-13 12:59:37,88500.0,500,Sell,231235416
2024-08-13 12:59:37,88500.0,200,Sell,231235408
2024-08-13 12:59:37,88500.0,200,Sell,231235413
2024-08-13 12:59:37,88500.0,300,Sell,231235412
2024-08-13 12:59:37,88500.0,300,Sell,231235411
2024-08-13 12:59:37,88500.0,100,Sell,231235410
2024-08-13 12:59:37,88500.0,100,Sell,231235409
2024-08-13 12:59:37,88500.0,200,Sell,231235407
2024-08-13 12:59:37,88500.0,500,Sell,231235415
2024-08-13 12:59:37,88500.0,3300,Sell,231235405
2024-08-13 12:59:37,88500.0,200,Sell,231235406
2024-08-13 12:59:37,88500.0,6800,Sell,231235397
2024-08-13 12:59:37,88500.0,200,Sell,231235398
2024-08-13 12:59:37,88500.0,100,Sell,231235399
2024-08-13 12:59:37,88500.0,900,Sell,231235414
2024-08-13 12:59:37,88500.0,100,Sell,231235401
2024-08-13 12:59:37,88500.0,200,Sell,231235403
2024-08-13 12:59:37,88500.0,200,Sell,231235404
2024-08-13 12:59:37,88500.0,900,Sell,231235400
2024-08-13 12:59:37,88500.0,300,Sell,231235402
2024-08-13 13:00:14,88400.0,100,Sell,231240580
2024-08-13 13:00:14,88400.0,200,Sell,231240581
2024-08-13 13:00:14,88400.0,700,Sell,231240582
2024-08-13 13:00:14,88400.0,100,Sell,231240583
2024-08-13 13:00:14,88400.0,200,Sell,231240584
2024-08-13 13:00:14,88400.0,200,Sell,231240585
2024-08-13 13:00:14,88400.0,300,Sell,231240586
2024-08-13 13:00:14,88400.0,200,Sell,231240579
2024-08-13 13:00:26,88400.0,1100,Sell,231241057
2024-08-13 13:00:47,88400.0,800,Sell,231241708
2024-08-13 13:00:48,88500.0,700,Buy,231241742
2024-08-13 13:00:59,88400.0,4600,Sell,231242157
2024-08-13 13:01:00,88400.0,200,Sell,231242199
2024-08-13 13:01:00,88500.0,3300,Buy,231242192
2024-08-13 13:01:10,88500.0,700,Buy,231242606
2024-08-13 13:01:13,88500.0,3300,Buy,231242767
2024-08-13 13:01:16,88500.0,200,Buy,231242892
2024-08-13 13:01:16,88500.0,200,Buy,231242893
2024-08-13 13:01:16,88500.0,200,Buy,231242894
2024-08-13 13:01:16,88500.0,800,Buy,231242904
2024-08-13 13:01:16,88500.0,100,Buy,231242905
2024-08-13 13:01:16,88500.0,100,Buy,231242911
2024-08-13 13:01:16,88500.0,100,Buy,231242912
2024-08-13 13:01:16,88500.0,100,Buy,231242913
2024-08-13 13:01:22,88600.0,1100,Buy,231243099
2024-08-13 13:01:27,88600.0,2400,Buy,231243266
2024-08-13 13:01:27,88600.0,900,Buy,231243267
2024-08-13 13:01:28,88600.0,700,Buy,231243366
2024-08-13 13:01:30,88500.0,100,Sell,231243445
2024-08-13 13:01:35,88500.0,1100,Sell,231243642
2024-08-13 13:01:35,88500.0,100,Sell,231243641
2024-08-13 13:01:35,88500.0,200,Sell,231243643
2024-08-13 13:01:38,88500.0,100,Buy,231243788
2024-08-13 13:01:48,88500.0,1500,Buy,231244098
2024-08-13 13:01:48,88500.0,500,Buy,231244099
2024-08-13 13:01:58,88500.0,1300,Sell,231244511
2024-08-13 13:01:58,88500.0,700,Sell,231244512
2024-08-13 13:02:11,88500.0,100,Buy,231244927
2024-08-13 13:02:11,88600.0,600,Buy,231244928
2024-08-13 13:02:32,88600.0,700,Buy,231245544
2024-08-13 13:03:02,88600.0,2100,Buy,231246285
2024-08-13 13:03:02,88600.0,1100,Buy,231246286
2024-08-13 13:03:02,88600.0,100,Buy,231246287
2024-08-13 13:03:06,88600.0,100,Buy,231246404
2024-08-13 13:03:19,88600.0,200,Buy,231246759
2024-08-13 13:03:19,88600.0,300,Buy,231246758
2024-08-13 13:03:36,88600.0,700,Buy,231247256
2024-08-13 13:03:36,88600.0,300,Buy,231247257
2024-08-13 13:03:36,88600.0,100,Buy,231247258
2024-08-13 13:03:36,88600.0,500,Buy,231247259
2024-08-13 13:03:36,88600.0,1100,Buy,231247260
2024-08-13 13:03:36,88600.0,600,Buy,231247255
2024-08-13 13:04:28,88600.0,500,Buy,231248608
2024-08-13 13:04:40,88500.0,800,Sell,231248890
2024-08-13 13:04:44,88500.0,300,Sell,231248989
2024-08-13 13:04:51,88500.0,400,Sell,231249145
2024-08-13 13:04:59,88600.0,700,Buy,231249354
2024-08-13 13:05:04,88600.0,3300,Buy,231249530
2024-08-13 13:05:37,88600.0,500,Buy,231250155
2024-08-13 13:05:54,88600.0,1800,Buy,231250497
2024-08-13 13:05:56,88600.0,3300,Buy,231250571
2024-08-13 13:06:29,88600.0,1100,Buy,231251257
2024-08-13 13:06:33,88600.0,500,Buy,231251413
2024-08-13 13:06:33,88600.0,400,Buy,231251429
2024-08-13 13:06:33,88600.0,600,Buy,231251428
2024-08-13 13:06:33,88600.0,200,Buy,231251414
2024-08-13 13:06:33,88600.0,1800,Buy,231251416
2024-08-13 13:06:33,88600.0,200,Buy,231251427
2024-08-13 13:06:33,88600.0,400,Buy,231251415
2024-08-13 13:06:47,88600.0,500,Buy,231251781
2024-08-13 13:06:50,88500.0,500,Sell,231251842
2024-08-13 13:06:50,88500.0,100,Sell,231251843
2024-08-13 13:06:50,88500.0,500,Sell,231251844
2024-08-13 13:06:50,88500.0,400,Sell,231251845
2024-08-13 13:06:50,88500.0,200,Sell,231251846
2024-08-13 13:06:50,88500.0,400,Sell,231251847
2024-08-13 13:06:50,88500.0,1800,Sell,231251848
2024-08-13 13:06:50,88500.0,100,Sell,231251849
2024-08-13 13:07:07,88500.0,300,Sell,231252336
2024-08-13 13:07:09,88500.0,100,Sell,231252406
2024-08-13 13:07:13,88500.0,100,Sell,231252481
2024-08-13 13:07:13,88500.0,200,Sell,231252482
2024-08-13 13:07:13,88500.0,200,Sell,231252483
2024-08-13 13:07:19,88500.0,500,Sell,231252604
2024-08-13 13:07:19,88500.0,300,Sell,231252603
2024-08-13 13:07:41,88500.0,500,Sell,231253157
2024-08-13 13:08:28,88500.0,400,Sell,231254069
2024-08-13 13:08:46,88500.0,600,Sell,231254410
2024-08-13 13:08:46,88500.0,1100,Sell,231254411
2024-08-13 13:08:46,88500.0,300,Sell,231254412
2024-08-13 13:08:47,88500.0,100,Sell,231254439
2024-08-13 13:08:57,88500.0,100,Sell,231254668
2024-08-13 13:08:57,88500.0,100,Sell,231254669
2024-08-13 13:08:57,88500.0,100,Sell,231254670
2024-08-13 13:08:57,88500.0,200,Sell,231254671
2024-08-13 13:08:57,88500.0,300,Sell,231254672
2024-08-13 13:08:59,88500.0,500,Sell,231254727
2024-08-13 13:08:59,88500.0,100,Sell,231254726
2024-08-13 13:08:59,88500.0,200,Sell,231254725
2024-08-13 13:08:59,88500.0,200,Sell,231254724
2024-08-13 13:08:59,88500.0,300,Sell,231254722
2024-08-13 13:08:59,88500.0,200,Sell,231254723
2024-08-13 13:08:59,88500.0,600,Sell,231254721
2024-08-13 13:09:04,88500.0,100,Sell,231254900
2024-08-13 13:09:04,88500.0,200,Sell,231254901
2024-08-13 13:09:04,88500.0,200,Sell,231254902
2024-08-13 13:09:04,88500.0,200,Sell,231254903
2024-08-13 13:09:04,88500.0,200,Sell,231254904
2024-08-13 13:09:04,88500.0,200,Sell,231254905
2024-08-13 13:09:04,88500.0,100,Sell,231254899
2024-08-13 13:09:11,88600.0,100,Buy,231255026
2024-08-13 13:09:25,88500.0,300,Sell,231255331
2024-08-13 13:09:25,88500.0,200,Sell,231255330
2024-08-13 13:09:25,88500.0,100,Sell,231255333
2024-08-13 13:09:25,88500.0,100,Sell,231255328
2024-08-13 13:09:25,88500.0,100,Sell,231255329
2024-08-13 13:09:25,88500.0,500,Sell,231255332
2024-08-13 13:09:25,88500.0,700,Sell,231255327
2024-08-13 13:09:44,88500.0,400,Sell,231255632
2024-08-13 13:09:44,88500.0,400,Sell,231255633
2024-08-13 13:09:44,88500.0,400,Sell,231255634
2024-08-13 13:09:44,88500.0,600,Sell,231255635
2024-08-13 13:09:44,88500.0,1800,Sell,231255636
2024-08-13 13:09:44,88500.0,200,Sell,231255638
2024-08-13 13:09:44,88500.0,200,Sell,231255637
2024-08-13 13:10:04,88500.0,1000,Buy,231256099
2024-08-13 13:10:04,88500.0,1000,Buy,231256100
2024-08-13 13:10:04,88500.0,200,Buy,231256101
2024-08-13 13:10:04,88500.0,100,Buy,231256102
2024-08-13 13:10:04,88500.0,1000,Buy,231256103
2024-08-13 13:10:08,88500.0,100,Buy,231256203
2024-08-13 13:11:02,88500.0,100,Buy,231257271
2024-08-13 13:11:02,88500.0,800,Buy,231257270
2024-08-13 13:11:02,88500.0,100,Buy,231257269
2024-08-13 13:11:02,88500.0,100,Buy,231257268
2024-08-13 13:11:12,88500.0,100,Buy,231257488
2024-08-13 13:11:19,88500.0,700,Buy,231257612
2024-08-13 13:11:19,88500.0,800,Buy,231257611
2024-08-13 13:11:20,88500.0,100,Buy,231257622
2024-08-13 13:11:26,88500.0,100,Buy,231257726
2024-08-13 13:11:38,88500.0,100,Buy,231257904
2024-08-13 13:11:48,88500.0,100,Buy,231258076
2024-08-13 13:11:59,88500.0,100,Buy,231258276
2024-08-13 13:11:59,88500.0,200,Buy,231258277
2024-08-13 13:11:59,88500.0,100,Buy,231258278
2024-08-13 13:11:59,88500.0,100,Buy,231258279
2024-08-13 13:11:59,88500.0,100,Buy,231258280
2024-08-13 13:11:59,88500.0,100,Buy,231258281
2024-08-13 13:11:59,88500.0,300,Buy,231258282
2024-08-13 13:11:59,88500.0,200,Buy,231258283
2024-08-13 13:11:59,88500.0,900,Buy,231258284
2024-08-13 13:12:27,88500.0,2000,Buy,231258825
2024-08-13 13:12:28,88500.0,1400,Buy,231258867
2024-08-13 13:12:38,88500.0,1000,Buy,231259097
2024-08-13 13:13:08,88500.0,800,Buy,231259617
2024-08-13 13:13:43,88500.0,100,Buy,231260248
2024-08-13 13:13:51,88500.0,100,Sell,231260390
2024-08-13 13:13:51,88500.0,300,Sell,231260395
2024-08-13 13:13:57,88400.0,500,Sell,231260579
2024-08-13 13:14:16,88400.0,1000,Sell,231260993
2024-08-13 13:14:22,88500.0,100,Buy,231261079
2024-08-13 13:14:24,88500.0,400,Buy,231261189
2024-08-13 13:14:24,88500.0,200,Buy,231261190
2024-08-13 13:14:24,88500.0,100,Buy,231261191
2024-08-13 13:14:47,88500.0,1100,Buy,231261677
2024-08-13 13:14:51,88500.0,100,Sell,231261715
2024-08-13 13:14:52,88600.0,500,Buy,231261732
2024-08-13 13:15:13,88500.0,500,Sell,231262144
2024-08-13 13:15:13,88500.0,300,Sell,231262143
2024-08-13 13:15:29,88500.0,800,Sell,231262476
2024-08-13 13:15:31,88500.0,100,Sell,231262539
2024-08-13 13:15:33,88500.0,1000,Sell,231262568
2024-08-13 13:15:37,88600.0,3300,Buy,231262705
2024-08-13 13:15:46,88600.0,100,Buy,231262902
2024-08-13 13:16:02,88600.0,500,Buy,231263226
2024-08-13 13:16:58,88500.0,1200,Sell,231264515
2024-08-13 13:17:02,88600.0,5100,Buy,231264581
2024-08-13 13:17:02,88600.0,800,Buy,231264580
2024-08-13 13:17:02,88600.0,800,Buy,231264577
2024-08-13 13:17:02,88600.0,2000,Buy,231264576
2024-08-13 13:17:02,88600.0,300,Buy,231264579
2024-08-13 13:17:02,88600.0,100,Buy,231264574
2024-08-13 13:17:02,88600.0,200,Buy,231264575
2024-08-13 13:17:02,88600.0,500,Buy,231264570
2024-08-13 13:17:02,88600.0,1000,Buy,231264571
2024-08-13 13:17:02,88600.0,1000,Buy,231264578
2024-08-13 13:17:02,88600.0,1000,Buy,231264573
2024-08-13 13:17:02,88600.0,100,Buy,231264572
2024-08-13 13:17:11,88600.0,500,Buy,231264790
2024-08-13 13:18:04,88500.0,200,Sell,231265848
2024-08-13 13:18:04,88500.0,100,Sell,231265849
2024-08-13 13:18:11,88500.0,200,Sell,231265952
2024-08-13 13:18:11,88500.0,100,Sell,231265953
2024-08-13 13:18:11,88500.0,200,Sell,231265954
2024-08-13 13:18:11,88500.0,200,Sell,231265955
2024-08-13 13:18:11,88500.0,500,Sell,231265956
2024-08-13 13:18:20,88500.0,100,Sell,231266170
2024-08-13 13:18:20,88500.0,400,Sell,231266168
2024-08-13 13:18:20,88500.0,300,Sell,231266169
2024-08-13 13:18:37,88500.0,200,Sell,231266489
2024-08-13 13:18:37,88500.0,200,Sell,231266482
2024-08-13 13:18:37,88500.0,100,Sell,231266480
2024-08-13 13:18:37,88500.0,100,Sell,231266481
2024-08-13 13:18:45,88500.0,100,Sell,231266710
2024-08-13 13:18:45,88500.0,300,Sell,231266711
2024-08-13 13:18:45,88500.0,400,Sell,231266712
2024-08-13 13:18:45,88500.0,500,Sell,231266714
2024-08-13 13:18:45,88500.0,200,Sell,231266715
2024-08-13 13:18:45,88500.0,100,Sell,231266716
2024-08-13 13:18:45,88500.0,100,Sell,231266717
2024-08-13 13:18:46,88500.0,400,Sell,231266743
2024-08-13 13:18:46,88500.0,500,Sell,231266744
2024-08-13 13:18:46,88500.0,500,Sell,231266745
2024-08-13 13:18:46,88500.0,200,Sell,231266746
2024-08-13 13:19:22,88500.0,100,Buy,231267509
2024-08-13 13:19:22,88500.0,100,Buy,231267508
2024-08-13 13:19:22,88500.0,100,Buy,231267507
2024-08-13 13:19:22,88500.0,200,Buy,231267506
2024-08-13 13:19:45,88500.0,100,Sell,231268057
2024-08-13 13:19:51,88500.0,100,Sell,231268194
2024-08-13 13:19:51,88500.0,200,Sell,231268195
2024-08-13 13:20:00,88500.0,100,Sell,231268356
2024-08-13 13:20:24,88500.0,100,Sell,231268856
2024-08-13 13:20:24,88500.0,700,Sell,231268857
2024-08-13 13:20:25,88500.0,200,Sell,231268866
2024-08-13 13:20:25,88500.0,500,Sell,231268867
2024-08-13 13:20:25,88500.0,200,Sell,231268868
2024-08-13 13:20:25,88500.0,100,Sell,231268869
2024-08-13 13:20:38,88500.0,500,Sell,231269112
2024-08-13 13:20:48,88500.0,200,Sell,231269269
2024-08-13 13:20:48,88500.0,900,Sell,231269267
2024-08-13 13:20:48,88500.0,200,Sell,231269266
2024-08-13 13:20:48,88500.0,100,Sell,231269268
2024-08-13 13:20:48,88500.0,200,Sell,231269264
2024-08-13 13:20:48,88500.0,200,Sell,231269262
2024-08-13 13:20:48,88500.0,100,Sell,231269265
2024-08-13 13:20:48,88500.0,100,Sell,231269263
2024-08-13 13:20:54,88500.0,100,Sell,231269376
2024-08-13 13:20:54,88500.0,200,Sell,231269377
2024-08-13 13:20:54,88500.0,500,Sell,231269378
2024-08-13 13:21:09,88500.0,100,Buy,231269683
2024-08-13 13:21:44,88500.0,100,Sell,231270538
2024-08-13 13:21:44,88500.0,200,Sell,231270540
2024-08-13 13:21:44,88500.0,500,Sell,231270542
2024-08-13 13:21:44,88500.0,100,Sell,231270539
2024-08-13 13:22:01,88500.0,400,Sell,231270938
2024-08-13 13:22:01,88500.0,200,Sell,231270939
2024-08-13 13:22:01,88500.0,200,Sell,231270940
2024-08-13 13:22:07,88500.0,100,Sell,231271064
2024-08-13 13:22:18,88500.0,200,Sell,231271300
2024-08-13 13:22:53,88500.0,300,Sell,231272120
2024-08-13 13:22:53,88500.0,200,Sell,231272118
2024-08-13 13:22:53,88500.0,100,Sell,231272117
2024-08-13 13:22:53,88500.0,400,Sell,231272119
2024-08-13 13:22:59,88500.0,100,Sell,231272325
2024-08-13 13:23:15,88500.0,100,Sell,231272719
2024-08-13 13:23:15,88500.0,200,Sell,231272720
2024-08-13 13:23:15,88500.0,100,Sell,231272721
2024-08-13 13:23:38,88500.0,1000,Sell,231273242
2024-08-13 13:23:40,88500.0,700,Sell,231273264
2024-08-13 13:23:40,88500.0,100,Sell,231273265
2024-08-13 13:23:45,88500.0,100,Sell,231273351
2024-08-13 13:23:45,88500.0,500,Sell,231273349
2024-08-13 13:23:45,88500.0,400,Sell,231273350
2024-08-13 13:24:00,88500.0,400,Sell,231273679
2024-08-13 13:24:00,88500.0,500,Sell,231273680
2024-08-13 13:24:00,88500.0,100,Sell,231273681
2024-08-13 13:24:00,88500.0,200,Sell,231273682
2024-08-13 13:24:32,88500.0,800,Buy,231274368
2024-08-13 13:25:06,88500.0,200,Buy,231275268
2024-08-13 13:25:14,88500.0,200,Buy,231275569
2024-08-13 13:25:33,88500.0,200,Buy,231275999
2024-08-13 13:25:57,88500.0,400,Buy,231276609
2024-08-13 13:25:58,88400.0,900,Sell,231276619
2024-08-13 13:26:00,88400.0,200,Sell,231276688
2024-08-13 13:26:00,88400.0,100,Sell,231276689
2024-08-13 13:26:00,88400.0,900,Sell,231276687
2024-08-13 13:26:16,88500.0,200,Buy,231277145
2024-08-13 13:26:16,88500.0,100,Buy,231277146
2024-08-13 13:26:16,88500.0,200,Buy,231277147
2024-08-13 13:26:16,88500.0,100,Buy,231277148
2024-08-13 13:26:16,88500.0,400,Buy,231277149
2024-08-13 13:26:16,88500.0,500,Buy,231277150
2024-08-13 13:26:16,88500.0,300,Buy,231277153
2024-08-13 13:26:16,88500.0,200,Buy,231277154
2024-08-13 13:26:26,88500.0,700,Buy,231277356
2024-08-13 13:26:35,88500.0,400,Buy,231277593
2024-08-13 13:26:37,88500.0,700,Buy,231277676
2024-08-13 13:26:47,88500.0,700,Buy,231277942
2024-08-13 13:27:02,88400.0,100,Sell,231278397
2024-08-13 13:27:11,88400.0,100,Sell,231278619
2024-08-13 13:27:17,88500.0,1500,Buy,231278805
2024-08-13 13:27:17,88500.0,100,Buy,231278806
2024-08-13 13:27:17,88500.0,200,Buy,231278807
2024-08-13 13:27:17,88500.0,200,Buy,231278808
2024-08-13 13:27:17,88500.0,900,Buy,231278813
2024-08-13 13:27:17,88500.0,400,Buy,231278814
2024-08-13 13:27:32,88500.0,100,Buy,231279315
2024-08-13 13:27:32,88500.0,1000,Buy,231279316
2024-08-13 13:27:32,88500.0,100,Buy,231279317
2024-08-13 13:27:32,88500.0,200,Buy,231279318
2024-08-13 13:27:32,88500.0,800,Buy,231279319
2024-08-13 13:27:32,88500.0,1000,Buy,231279320
2024-08-13 13:27:32,88500.0,100,Buy,231279321
2024-08-13 13:27:34,88500.0,100,Buy,231279429
2024-08-13 13:27:34,88500.0,1000,Buy,231279428
2024-08-13 13:27:35,88500.0,800,Buy,231279463
2024-08-13 13:27:38,88500.0,500,Sell,231279576
2024-08-13 13:27:38,88500.0,500,Sell,231279577
2024-08-13 13:27:38,88400.0,1600,Sell,231279578
2024-08-13 13:27:38,88500.0,300,Sell,231279575
2024-08-13 13:28:19,88500.0,200,Buy,231280760
2024-08-13 13:28:45,88500.0,500,Buy,231281387
2024-08-13 13:29:21,88400.0,800,Sell,231282385
2024-08-13 13:29:37,88500.0,700,Buy,231282868
2024-08-13 13:29:41,88400.0,200,Sell,231282969
2024-08-13 13:29:42,88500.0,3300,Buy,231283030
2024-08-13 13:29:50,88500.0,700,Buy,231283204
2024-08-13 13:29:54,88500.0,500,Buy,231283344
2024-08-13 13:29:54,88400.0,200,Sell,231283348
2024-08-13 13:30:12,88400.0,500,Sell,231283894
2024-08-13 13:30:12,88400.0,400,Sell,231283893
2024-08-13 13:30:30,88400.0,2000,Sell,231284393
2024-08-13 13:30:31,88400.0,200,Sell,231284403
2024-08-13 13:30:57,88400.0,100,Sell,231285077
2024-08-13 13:31:00,88400.0,500,Sell,231285248
2024-08-13 13:31:28,88500.0,200,Buy,231285974
2024-08-13 13:31:58,88500.0,200,Buy,231286725
2024-08-13 13:32:01,88500.0,200,Buy,231286792
2024-08-13 13:32:13,88500.0,500,Buy,231287007
2024-08-13 13:33:07,88500.0,100,Buy,231288072
2024-08-13 13:33:23,88500.0,500,Buy,231288390
2024-08-13 13:33:32,88500.0,100,Buy,231288603
2024-08-13 13:34:32,88500.0,500,Buy,231289742
2024-08-13 13:35:04,88400.0,100,Sell,231290503
2024-08-13 13:35:04,88400.0,100,Sell,231290502
2024-08-13 13:35:04,88400.0,300,Sell,231290501
2024-08-13 13:35:04,88400.0,900,Sell,231290500
2024-08-13 13:35:04,88400.0,200,Sell,231290498
2024-08-13 13:35:04,88400.0,100,Sell,231290497
2024-08-13 13:35:04,88400.0,200,Sell,231290496
2024-08-13 13:35:04,88400.0,200,Sell,231290499
2024-08-13 13:35:06,88400.0,100,Sell,231290565
2024-08-13 13:35:06,88400.0,200,Sell,231290566
2024-08-13 13:35:06,88400.0,200,Sell,231290567
2024-08-13 13:35:06,88400.0,400,Sell,231290568
2024-08-13 13:35:37,88500.0,200,Buy,231291753
2024-08-13 13:35:41,88500.0,500,Buy,231292017
2024-08-13 13:35:45,88500.0,100,Buy,231292141
2024-08-13 13:35:48,88500.0,100,Buy,231292229
2024-08-13 13:36:38,88500.0,300,Buy,231293308
2024-08-13 13:36:51,88500.0,500,Buy,231293569
2024-08-13 13:37:49,88400.0,300,Sell,231294932
2024-08-13 13:37:49,88400.0,200,Sell,231294930
2024-08-13 13:37:49,88400.0,500,Sell,231294931
2024-08-13 13:37:49,88400.0,100,Sell,231294928
2024-08-13 13:37:49,88400.0,500,Sell,231294926
2024-08-13 13:37:49,88400.0,100,Sell,231294927
2024-08-13 13:37:49,88400.0,300,Sell,231294929
2024-08-13 13:37:52,88500.0,100,Buy,231294995
2024-08-13 13:38:00,88500.0,500,Buy,231295181
2024-08-13 13:38:01,88500.0,500,Buy,231295219
2024-08-13 13:38:01,88500.0,200,Buy,231295216
2024-08-13 13:38:01,88500.0,400,Buy,231295214
2024-08-13 13:38:01,88500.0,1800,Buy,231295215
2024-08-13 13:38:01,88500.0,600,Buy,231295199
2024-08-13 13:38:01,88500.0,100,Buy,231295198
2024-08-13 13:38:01,88500.0,300,Buy,231295196
2024-08-13 13:38:01,88500.0,200,Buy,231295213
2024-08-13 13:38:09,88500.0,200,Buy,231295410
2024-08-13 13:38:18,88500.0,100,Buy,231295545
2024-08-13 13:38:18,88500.0,100,Buy,231295546
2024-08-13 13:38:44,88500.0,600,Buy,231296049
2024-08-13 13:38:44,88500.0,400,Buy,231296051
2024-08-13 13:38:44,88500.0,800,Buy,231296050
2024-08-13 13:38:44,88500.0,300,Buy,231296043
2024-08-13 13:38:44,88500.0,400,Buy,231296038
2024-08-13 13:38:44,88500.0,300,Buy,231296041
2024-08-13 13:38:44,88500.0,100,Buy,231296040
2024-08-13 13:38:44,88500.0,200,Buy,231296039
2024-08-13 13:38:44,88500.0,200,Buy,231296042
2024-08-13 13:38:45,88500.0,200,Buy,231296053
2024-08-13 13:38:45,88500.0,400,Buy,231296054
2024-08-13 13:38:45,88500.0,200,Buy,231296055
2024-08-13 13:38:48,88500.0,200,Buy,231296155
2024-08-13 13:39:10,88500.0,100,Buy,231296490
2024-08-13 13:39:10,88500.0,400,Buy,231296491
2024-08-13 13:39:50,88400.0,700,Sell,231297302
2024-08-13 13:39:50,88400.0,100,Sell,231297303
2024-08-13 13:39:50,88400.0,100,Sell,231297304
2024-08-13 13:39:50,88400.0,300,Sell,231297305
2024-08-13 13:40:00,88400.0,100,Sell,231297462
2024-08-13 13:40:00,88400.0,200,Sell,231297461
2024-08-13 13:40:00,88400.0,100,Sell,231297458
2024-08-13 13:40:00,88400.0,200,Sell,231297459
2024-08-13 13:40:00,88400.0,200,Sell,231297460
2024-08-13 13:40:19,88500.0,100,Buy,231297830
2024-08-13 13:40:19,88500.0,400,Buy,231297831
2024-08-13 13:40:26,88500.0,600,Buy,231297991
2024-08-13 13:40:26,88500.0,500,Buy,231297992
2024-08-13 13:41:06,88400.0,200,Sell,231298797
2024-08-13 13:41:06,88400.0,100,Sell,231298798
2024-08-13 13:41:06,88400.0,100,Sell,231298799
2024-08-13 13:41:06,88400.0,100,Sell,231298800
2024-08-13 13:41:28,88500.0,500,Buy,231299159
2024-08-13 13:41:53,88400.0,100,Sell,231299929
2024-08-13 13:42:32,88500.0,100,Buy,231300771
2024-08-13 13:42:38,88500.0,200,Buy,231300855
2024-08-13 13:42:38,88500.0,300,Buy,231300856
2024-08-13 13:42:39,88500.0,100,Buy,231300876
2024-08-13 13:42:45,88500.0,100,Buy,231301004
2024-08-13 13:42:53,88500.0,100,Buy,231301200
2024-08-13 13:42:53,88500.0,100,Buy,231301201
2024-08-13 13:43:07,88500.0,200,Buy,231301405
2024-08-13 13:43:07,88500.0,100,Buy,231301406
2024-08-13 13:43:07,88500.0,200,Buy,231301407
2024-08-13 13:43:07,88500.0,300,Buy,231301408
2024-08-13 13:43:07,88500.0,600,Buy,231301409
2024-08-13 13:43:07,88500.0,100,Buy,231301412
2024-08-13 13:43:07,88500.0,300,Buy,231301413
2024-08-13 13:43:07,88500.0,200,Buy,231301414
2024-08-13 13:43:39,88400.0,700,Sell,231302034
2024-08-13 13:43:39,88400.0,100,Sell,231302035
2024-08-13 13:43:39,88400.0,400,Sell,231302036
2024-08-13 13:43:47,88500.0,500,Buy,231302205
2024-08-13 13:44:20,88500.0,200,Buy,231302910
2024-08-13 13:44:56,88500.0,500,Buy,231303798
2024-08-13 13:45:12,88500.0,1100,Buy,231304143
2024-08-13 13:45:32,88500.0,700,Buy,231304727
2024-08-13 13:46:06,88500.0,500,Buy,231305452
2024-08-13 13:46:14,88500.0,100,Buy,231305754
2024-08-13 13:47:15,88500.0,200,Buy,231307021
2024-08-13 13:47:15,88500.0,300,Buy,231307022
2024-08-13 13:47:37,88400.0,1200,Sell,231307489
2024-08-13 13:48:11,88400.0,600,Sell,231308327
2024-08-13 13:48:11,88400.0,300,Sell,231308328
2024-08-13 13:48:25,88500.0,500,Buy,231308673
2024-08-13 13:49:34,88500.0,500,Buy,231310485
2024-08-13 13:49:37,88400.0,500,Sell,231310575
2024-08-13 13:49:49,88400.0,800,Sell,231310970
2024-08-13 13:50:09,88400.0,100,Sell,231311545
2024-08-13 13:50:43,88500.0,500,Buy,231312429
2024-08-13 13:50:46,88400.0,800,Sell,231312499
2024-08-13 13:50:48,88400.0,400,Sell,231312593
2024-08-13 13:51:02,88400.0,400,Sell,231312890
2024-08-13 13:51:02,88400.0,200,Sell,231312891
2024-08-13 13:51:02,88400.0,200,Sell,231312892
2024-08-13 13:51:08,88400.0,300,Sell,231313094
2024-08-13 13:51:08,88400.0,100,Sell,231313095
2024-08-13 13:51:27,88400.0,100,Sell,231313560
2024-08-13 13:51:27,88400.0,800,Sell,231313561
2024-08-13 13:51:48,88400.0,100,Sell,231314806
2024-08-13 13:51:48,88400.0,300,Sell,231314805
2024-08-13 13:51:48,88400.0,200,Sell,231314802
2024-08-13 13:51:48,88400.0,200,Sell,231314804
2024-08-13 13:51:48,88400.0,100,Sell,231314803
2024-08-13 13:51:48,88400.0,100,Sell,231314800
2024-08-13 13:51:48,88400.0,100,Sell,231314799
2024-08-13 13:51:48,88400.0,100,Sell,231314798
2024-08-13 13:51:48,88400.0,800,Sell,231314801
2024-08-13 13:51:53,88500.0,500,Buy,231314908
2024-08-13 13:52:16,88400.0,300,Sell,231315470
2024-08-13 13:52:20,88400.0,200,Sell,231315613
2024-08-13 13:52:20,88400.0,100,Sell,231315612
2024-08-13 13:52:20,88400.0,100,Sell,231315611
2024-08-13 13:52:20,88400.0,200,Sell,231315610
2024-08-13 13:52:20,88400.0,300,Sell,231315614
2024-08-13 13:52:20,88400.0,100,Sell,231315608
2024-08-13 13:52:20,88400.0,100,Sell,231315606
2024-08-13 13:52:20,88400.0,500,Sell,231315605
2024-08-13 13:52:20,88400.0,200,Sell,231315609
2024-08-13 13:52:20,88400.0,200,Sell,231315607
2024-08-13 13:52:32,88400.0,500,Sell,231315891
2024-08-13 13:52:58,88400.0,200,Sell,231316507
2024-08-13 13:52:58,88400.0,400,Sell,231316509
2024-08-13 13:52:58,88400.0,400,Sell,231316506
2024-08-13 13:52:58,88400.0,200,Sell,231316508
2024-08-13 13:53:02,88500.0,500,Buy,231316599
2024-08-13 13:53:28,88500.0,2300,Buy,231317586
2024-08-13 13:53:49,88500.0,500,Buy,231318198
2024-08-13 13:54:12,88500.0,500,Buy,231318765
2024-08-13 13:54:24,88500.0,500,Buy,231319206
2024-08-13 13:54:30,88500.0,3400,Buy,231319424
2024-08-13 13:54:30,88500.0,1600,Buy,231319425
2024-08-13 13:54:36,88400.0,700,Sell,231319559
2024-08-13 13:54:36,88400.0,100,Sell,231319560
2024-08-13 13:54:43,88400.0,800,Sell,231319727
2024-08-13 13:55:06,88400.0,300,Sell,231320835
2024-08-13 13:55:06,88400.0,100,Sell,231320834
2024-08-13 13:55:06,88400.0,200,Sell,231320833
2024-08-13 13:55:06,88400.0,200,Sell,231320830
2024-08-13 13:55:06,88400.0,100,Sell,231320829
2024-08-13 13:55:06,88400.0,100,Sell,231320832
2024-08-13 13:55:06,88400.0,200,Sell,231320831
2024-08-13 13:55:21,88500.0,500,Buy,231321438
2024-08-13 13:55:29,88500.0,100,Buy,231321724
2024-08-13 13:55:46,88400.0,600,Sell,231322387
2024-08-13 13:55:46,88400.0,300,Sell,231322388
2024-08-13 13:55:46,88400.0,100,Sell,231322389
2024-08-13 13:56:21,88400.0,1000,Sell,231323720
2024-08-13 13:56:21,88400.0,100,Sell,231323714
2024-08-13 13:56:21,88400.0,500,Sell,231323716
2024-08-13 13:56:21,88400.0,100,Sell,231323717
2024-08-13 13:56:21,88400.0,100,Sell,231323718
2024-08-13 13:56:21,88400.0,500,Sell,231323719
2024-08-13 13:56:23,88400.0,100,Sell,231323782
2024-08-13 13:56:29,88400.0,100,Sell,231324107
2024-08-13 13:56:29,88400.0,500,Sell,231324108
2024-08-13 13:56:29,88400.0,1000,Sell,231324109
2024-08-13 13:56:29,88400.0,500,Sell,231324110
2024-08-13 13:56:29,88400.0,100,Sell,231324111
2024-08-13 13:56:29,88400.0,500,Sell,231324106
2024-08-13 13:56:30,88400.0,500,Buy,231324143
2024-08-13 13:57:20,88300.0,300,Sell,231325832
2024-08-13 13:57:24,88400.0,500,Buy,231326008
2024-08-13 13:57:37,88200.0,900,Sell,231326584
2024-08-13 13:57:37,88200.0,100,Sell,231326583
2024-08-13 13:57:37,88200.0,300,Sell,231326582
2024-08-13 13:57:37,88200.0,100,Sell,231326577
2024-08-13 13:57:37,88200.0,200,Sell,231326579
2024-08-13 13:57:37,88200.0,200,Sell,231326578
2024-08-13 13:57:37,88200.0,100,Sell,231326585
2024-08-13 13:57:37,88200.0,900,Sell,231326576
2024-08-13 13:57:37,88200.0,100,Sell,231326581
2024-08-13 13:57:37,88200.0,300,Sell,231326586
2024-08-13 13:57:37,88200.0,100,Sell,231326590
2024-08-13 13:57:37,88200.0,100,Sell,231326588
2024-08-13 13:57:37,88200.0,300,Sell,231326589
2024-08-13 13:57:37,88200.0,900,Sell,231326591
2024-08-13 13:57:37,88200.0,200,Sell,231326592
2024-08-13 13:57:37,88200.0,100,Sell,231326593
2024-08-13 13:57:37,88200.0,200,Sell,231326594
2024-08-13 13:57:37,88200.0,500,Sell,231326595
2024-08-13 13:57:37,88200.0,100,Sell,231326596
2024-08-13 13:57:37,88200.0,100,Sell,231326575
2024-08-13 13:57:37,88200.0,200,Sell,231326587
2024-08-13 13:57:37,88200.0,300,Sell,231326574
2024-08-13 13:57:37,88200.0,200,Sell,231326580
2024-08-13 13:57:37,88200.0,200,Sell,231326572
2024-08-13 13:57:37,88300.0,200,Sell,231326552
2024-08-13 13:57:37,88300.0,100,Sell,231326553
2024-08-13 13:57:37,88300.0,200,Sell,231326554
2024-08-13 13:57:37,88300.0,300,Sell,231326555
2024-08-13 13:57:37,88300.0,100,Sell,231326556
2024-08-13 13:57:37,88300.0,200,Sell,231326557
2024-08-13 13:57:37,88300.0,900,Sell,231326558
2024-08-13 13:57:37,88300.0,10000,Sell,231326559
2024-08-13 13:57:37,88300.0,100,Sell,231326560
2024-08-13 13:57:37,88300.0,200,Sell,231326561
2024-08-13 13:57:37,88200.0,200,Sell,231326573
2024-08-13 13:57:37,88300.0,100,Sell,231326563
2024-08-13 13:57:37,88300.0,1000,Sell,231326571
2024-08-13 13:57:37,88300.0,500,Sell,231326570
2024-08-13 13:57:37,88300.0,500,Sell,231326569
2024-08-13 13:57:37,88300.0,1000,Sell,231326568
2024-08-13 13:57:37,88300.0,200,Sell,231326562
2024-08-13 13:57:37,88300.0,100,Sell,231326567
2024-08-13 13:57:37,88300.0,300,Sell,231326566
2024-08-13 13:57:37,88300.0,900,Sell,231326565
2024-08-13 13:57:37,88300.0,200,Sell,231326564
2024-08-13 13:57:37,88300.0,2500,Sell,231326551
2024-08-13 13:57:58,88100.0,1000,Sell,231327662
2024-08-13 13:57:58,88100.0,200,Sell,231327661
2024-08-13 13:57:58,88100.0,400,Sell,231327660
2024-08-13 13:57:58,88100.0,600,Sell,231327659
2024-08-13 13:57:58,88100.0,200,Sell,231327657
2024-08-13 13:57:58,88100.0,400,Sell,231327655
2024-08-13 13:57:58,88100.0,1800,Sell,231327658
2024-08-13 13:57:58,88100.0,500,Sell,231327656
2024-08-13 13:57:59,88100.0,500,Sell,231327663
2024-08-13 13:57:59,88000.0,6400,Sell,231327664
2024-08-13 13:58:00,88100.0,1100,Buy,231327727
2024-08-13 13:58:21,88100.0,1000,Buy,231328872
2024-08-13 13:58:21,88100.0,1100,Buy,231328871
2024-08-13 13:58:46,88100.0,100,Sell,231329932
2024-08-13 13:59:28,88100.0,100,Sell,231331958
2024-08-13 13:59:37,88100.0,1000,Sell,231332380
2024-08-13 13:59:37,88100.0,500,Sell,231332383
2024-08-13 13:59:37,88100.0,500,Sell,231332384
2024-08-13 13:59:37,88100.0,100,Sell,231332381
2024-08-13 13:59:37,88100.0,200,Sell,231332382
2024-08-13 13:59:48,88100.0,600,Sell,231332890
2024-08-13 13:59:48,88100.0,600,Sell,231332891
2024-08-13 14:02:29,88300.0,200,Buy,231339951
2024-08-13 14:02:29,88300.0,100,Buy,231339952
2024-08-13 14:02:29,88400.0,400,Buy,231339953
2024-08-13 14:02:39,88400.0,700,Buy,231340279
2024-08-13 14:02:40,88400.0,200,Buy,231340324
2024-08-13 14:02:40,88400.0,2000,Buy,231340325
2024-08-13 14:02:40,88400.0,400,Buy,231340326
2024-08-13 14:02:40,88400.0,300,Buy,231340327
2024-08-13 14:02:40,88400.0,400,Buy,231340328
2024-08-13 14:02:50,88400.0,700,Buy,231340713
2024-08-13 14:03:04,88400.0,700,Buy,231341297
2024-08-13 14:03:09,88200.0,100,Sell,231341500
2024-08-13 14:03:09,88200.0,500,Sell,231341498
2024-08-13 14:03:09,88200.0,400,Sell,231341497
2024-08-13 14:03:09,88200.0,200,Sell,231341499
2024-08-13 14:03:16,88400.0,500,Buy,231341755
2024-08-13 14:03:27,88400.0,500,Buy,231342021
2024-08-13 14:03:40,88400.0,3300,Buy,231342551
2024-08-13 14:03:43,88400.0,200,Buy,231342645
2024-08-13 14:03:49,88200.0,200,Sell,231342929
2024-08-13 14:03:49,88200.0,200,Sell,231342930
2024-08-13 14:03:49,88200.0,100,Sell,231342931
2024-08-13 14:03:49,88200.0,300,Sell,231342932
2024-08-13 14:04:03,88400.0,100,Buy,231343307
2024-08-13 14:05:45,88400.0,500,Buy,231346228
2024-08-13 14:06:33,88400.0,1500,Buy,231347443
2024-08-13 14:06:55,88400.0,500,Buy,231347785
2024-08-13 14:07:02,88400.0,700,Buy,231347925
2024-08-13 14:07:09,88400.0,100,Buy,231348060
2024-08-13 14:07:09,88400.0,400,Buy,231348059
2024-08-13 14:07:22,88300.0,500,Sell,231348355
2024-08-13 14:07:22,88300.0,100,Sell,231348356
2024-08-13 14:07:22,88300.0,300,Sell,231348370
2024-08-13 14:07:22,88300.0,500,Sell,231348371
2024-08-13 14:07:22,88300.0,300,Sell,231348372
2024-08-13 14:07:22,88300.0,500,Sell,231348354
2024-08-13 14:07:49,88300.0,200,Sell,231348996
2024-08-13 14:08:02,88200.0,600,Sell,231349281
2024-08-13 14:08:02,88200.0,300,Sell,231349282
2024-08-13 14:08:10,88200.0,100,Sell,231349606
2024-08-13 14:08:10,88200.0,200,Sell,231349607
2024-08-13 14:08:10,88200.0,200,Sell,231349608
2024-08-13 14:08:10,88200.0,300,Sell,231349609
2024-08-13 14:08:10,88200.0,200,Sell,231349610
2024-08-13 14:08:10,88200.0,100,Sell,231349611
2024-08-13 14:08:19,88200.0,200,Sell,231349916
2024-08-13 14:08:19,88200.0,800,Sell,231349914
2024-08-13 14:08:19,88200.0,100,Sell,231349915
2024-08-13 14:08:23,88200.0,600,Sell,231350152
2024-08-13 14:08:23,88200.0,100,Sell,231350151
2024-08-13 14:08:28,88200.0,300,Sell,231350431
2024-08-13 14:08:28,88200.0,100,Sell,231350432
2024-08-13 14:08:28,88200.0,200,Sell,231350433
2024-08-13 14:08:28,88200.0,300,Sell,231350434
2024-08-13 14:08:28,88200.0,200,Sell,231350435
2024-08-13 14:08:35,88200.0,300,Sell,231350761
2024-08-13 14:08:35,88200.0,100,Sell,231350762
2024-08-13 14:08:35,88200.0,100,Sell,231350763
2024-08-13 14:08:35,88200.0,100,Sell,231350764
2024-08-13 14:08:35,88200.0,100,Sell,231350760
2024-08-13 14:08:40,88200.0,100,Sell,231350942
2024-08-13 14:08:40,88200.0,1000,Sell,231350943
2024-08-13 14:08:50,88200.0,300,Sell,231351369
2024-08-13 14:08:50,88200.0,800,Sell,231351368
2024-08-13 14:09:00,88200.0,700,Sell,231351865
2024-08-13 14:09:00,88200.0,400,Sell,231351866
2024-08-13 14:09:02,88200.0,100,Sell,231351995
2024-08-13 14:09:02,88200.0,500,Sell,231351996
2024-08-13 14:09:02,88100.0,200,Sell,231351997
2024-08-13 14:09:12,88100.0,1100,Sell,231352405
2024-08-13 14:09:16,88100.0,500,Sell,231352702
2024-08-13 14:09:16,88200.0,300,Buy,231352722
2024-08-13 14:09:32,88200.0,200,Buy,231353424
2024-08-13 14:09:53,88200.0,400,Sell,231354166
2024-08-13 14:09:53,88200.0,600,Sell,231354165
2024-08-13 14:09:56,88200.0,100,Sell,231354262
2024-08-13 14:10:12,88200.0,1100,Sell,231354963
2024-08-13 14:11:45,88200.0,200,Sell,231358364
2024-08-13 14:12:42,88300.0,500,Buy,231361032
2024-08-13 14:13:11,88300.0,500,Buy,231362294
2024-08-13 14:13:11,88300.0,500,Buy,231362295
2024-08-13 14:13:51,88300.0,500,Buy,231364120
2024-08-13 14:14:28,88200.0,200,Sell,231365656
2024-08-13 14:14:28,88200.0,2200,Sell,231365653
2024-08-13 14:14:28,88200.0,400,Sell,231365654
2024-08-13 14:14:28,88200.0,100,Sell,231365655
2024-08-13 14:14:49,88200.0,300,Sell,231366490
2024-08-13 14:14:49,88200.0,200,Sell,231366491
2024-08-13 14:14:54,88200.0,800,Sell,231366680
2024-08-13 14:14:54,88200.0,500,Sell,231366681
2024-08-13 14:14:54,88200.0,100,Sell,231366682
2024-08-13 14:14:54,88200.0,500,Sell,231366683
2024-08-13 14:14:54,88200.0,200,Sell,231366684
2024-08-13 14:15:15,88200.0,500,Sell,231367346
2024-08-13 14:15:15,88200.0,200,Sell,231367342
2024-08-13 14:15:15,88200.0,1000,Sell,231367345
2024-08-13 14:15:15,88200.0,100,Sell,231367344
2024-08-13 14:15:15,88200.0,1000,Sell,231367343
2024-08-13 14:15:15,88200.0,200,Sell,231367341
2024-08-13 14:15:15,88200.0,400,Sell,231367335
2024-08-13 14:15:15,88200.0,400,Sell,231367339
2024-08-13 14:15:15,88200.0,1700,Sell,231367338
2024-08-13 14:15:15,88200.0,200,Sell,231367337
2024-08-13 14:15:15,88200.0,200,Sell,231367336
2024-08-13 14:15:15,88200.0,400,Sell,231367334
2024-08-13 14:15:15,88200.0,600,Sell,231367340
2024-08-13 14:15:24,88200.0,200,Buy,231367603
2024-08-13 14:15:42,88200.0,200,Buy,231368058
2024-08-13 14:15:44,88200.0,200,Buy,231368091
2024-08-13 14:15:56,88200.0,200,Buy,231368433
2024-08-13 14:15:59,88200.0,100,Buy,231368545
2024-08-13 14:16:10,88200.0,200,Buy,231368859
2024-08-13 14:16:10,88200.0,300,Buy,231368860
2024-08-13 14:16:18,88200.0,200,Buy,231369054
2024-08-13 14:16:26,88200.0,200,Sell,231369343
2024-08-13 14:16:26,88200.0,500,Buy,231369353
2024-08-13 14:16:34,88200.0,300,Buy,231369545
2024-08-13 14:16:37,88100.0,100,Sell,231369615
2024-08-13 14:17:04,88200.0,100,Sell,231370292
2024-08-13 14:17:07,88200.0,200,Sell,231370387
2024-08-13 14:17:31,88200.0,700,Sell,231370940
2024-08-13 14:17:31,88200.0,300,Sell,231370941
2024-08-13 14:17:31,88200.0,200,Sell,231370942
2024-08-13 14:18:02,88300.0,100,Buy,231371628
2024-08-13 14:18:07,88200.0,800,Sell,231371741
2024-08-13 14:18:07,88200.0,300,Sell,231371742
2024-08-13 14:18:07,88200.0,1900,Sell,231371743
2024-08-13 14:18:41,88300.0,100,Buy,231372588
2024-08-13 14:18:42,88200.0,100,Sell,231372592
2024-08-13 14:18:42,88200.0,1100,Sell,231372593
2024-08-13 14:19:51,88300.0,500,Buy,231374545
2024-08-13 14:19:51,88300.0,1100,Buy,231374546
2024-08-13 14:19:51,88300.0,1000,Buy,231374543
2024-08-13 14:19:51,88300.0,800,Buy,231374542
2024-08-13 14:19:51,88300.0,1300,Buy,231374544
2024-08-13 14:20:20,88400.0,4300,Buy,231375251
2024-08-13 14:20:20,88400.0,1000,Buy,231375250
2024-08-13 14:20:20,88400.0,100,Buy,231375248
2024-08-13 14:20:20,88400.0,2000,Buy,231375247
2024-08-13 14:20:20,88400.0,500,Buy,231375249
2024-08-13 14:20:20,88400.0,1000,Buy,231375245
2024-08-13 14:20:20,88400.0,10000,Buy,231375244
2024-08-13 14:20:20,88400.0,100,Buy,231375243
2024-08-13 14:20:20,88400.0,900,Buy,231375242
2024-08-13 14:20:20,88400.0,100,Buy,231375246
2024-08-13 14:20:24,88200.0,100,Sell,231375348
2024-08-13 14:20:24,88200.0,3000,Sell,231375347
2024-08-13 14:20:24,88200.0,2000,Sell,231375346
2024-08-13 14:20:24,88200.0,5000,Sell,231375345
2024-08-13 14:20:24,88200.0,200,Sell,231375344
2024-08-13 14:20:24,88200.0,600,Sell,231375343
2024-08-13 14:20:24,88200.0,1800,Sell,231375341
2024-08-13 14:20:24,88200.0,200,Sell,231375340
2024-08-13 14:20:24,88200.0,400,Sell,231375339
2024-08-13 14:20:24,88200.0,500,Sell,231375338
2024-08-13 14:20:24,88200.0,400,Sell,231375337
2024-08-13 14:20:24,88300.0,300,Sell,231375336
2024-08-13 14:20:24,88200.0,400,Sell,231375342
2024-08-13 14:20:57,88200.0,900,Sell,231376163
2024-08-13 14:20:57,88200.0,100,Sell,231376164
2024-08-13 14:20:57,88200.0,500,Sell,231376165
2024-08-13 14:21:45,88400.0,700,Buy,231377622
2024-08-13 14:21:45,88400.0,100,Buy,231377623
2024-08-13 14:21:45,88400.0,100,Buy,231377624
2024-08-13 14:21:45,88400.0,100,Buy,231377625
2024-08-13 14:21:45,88400.0,1100,Buy,231377626
2024-08-13 14:21:45,88400.0,1900,Buy,231377627
2024-08-13 14:21:53,88500.0,500,Buy,231377838
2024-08-13 14:21:53,88400.0,100,Buy,231377836
2024-08-13 14:21:53,88400.0,2600,Buy,231377835
2024-08-13 14:21:53,88400.0,100,Buy,231377837
2024-08-13 14:21:58,88300.0,400,Sell,231378053
2024-08-13 14:22:38,88500.0,200,Buy,231379332
2024-08-13 14:22:45,88500.0,300,Buy,231379567
2024-08-13 14:22:45,88500.0,200,Buy,231379568
2024-08-13 14:22:45,88500.0,1000,Buy,231379569
2024-08-13 14:22:45,88500.0,1800,Buy,231379570
2024-08-13 14:22:50,88500.0,400,Buy,231379754
2024-08-13 14:22:58,88500.0,300,Buy,231380016
2024-08-13 14:23:04,88500.0,200,Buy,231380196
2024-08-13 14:23:05,88500.0,2000,Buy,231380249
2024-08-13 14:23:05,88500.0,300,Buy,231380248
2024-08-13 14:23:05,88500.0,1000,Buy,231380247
2024-08-13 14:23:10,88500.0,200,Buy,231380470
2024-08-13 14:23:10,88500.0,1100,Buy,231380467
2024-08-13 14:23:10,88500.0,5000,Buy,231380466
2024-08-13 14:23:10,88500.0,500,Buy,231380465
2024-08-13 14:23:10,88500.0,100,Buy,231380464
2024-08-13 14:23:10,88500.0,100,Buy,231380463
2024-08-13 14:23:10,88500.0,400,Buy,231380462
2024-08-13 14:23:10,88500.0,1000,Buy,231380461
2024-08-13 14:23:10,88500.0,1500,Buy,231380456
2024-08-13 14:23:10,88500.0,1000,Buy,231380459
2024-08-13 14:23:10,88500.0,100,Buy,231380458
2024-08-13 14:23:10,88500.0,1000,Buy,231380457
2024-08-13 14:23:10,88500.0,15000,Buy,231380454
2024-08-13 14:23:10,88500.0,200,Buy,231380453
2024-08-13 14:23:10,88500.0,3000,Buy,231380452
2024-08-13 14:23:10,88500.0,500,Buy,231380460
2024-08-13 14:23:10,88500.0,4500,Buy,231380455
2024-08-13 14:23:22,88500.0,100,Buy,231380880
2024-08-13 14:23:30,88500.0,1600,Buy,231381242
2024-08-13 14:23:30,88500.0,100,Buy,231381241
2024-08-13 14:23:30,88500.0,1600,Buy,231381240
2024-08-13 14:23:39,88500.0,100,Buy,231381589
2024-08-13 14:23:46,88500.0,100,Buy,231381837
2024-08-13 14:23:47,88500.0,2000,Buy,231381858
2024-08-13 14:23:52,88500.0,1200,Buy,231382063
2024-08-13 14:23:52,88500.0,2100,Buy,231382064
2024-08-13 14:23:58,88500.0,100,Buy,231382356
2024-08-13 14:24:16,88400.0,900,Sell,231382958
2024-08-13 14:24:17,88500.0,100,Buy,231383007
2024-08-13 14:24:19,88500.0,2700,Buy,231383112
2024-08-13 14:24:19,88500.0,600,Buy,231383113
2024-08-13 14:24:32,88500.0,100,Buy,231383613
2024-08-13 14:24:33,88500.0,100,Buy,231383644
2024-08-13 14:24:39,88500.0,200,Buy,231383833
2024-08-13 14:24:39,88500.0,2000,Buy,231383830
2024-08-13 14:24:39,88500.0,1000,Buy,231383831
2024-08-13 14:24:39,88500.0,100,Buy,231383832
2024-08-13 14:24:46,88500.0,100,Buy,231384165
2024-08-13 14:24:55,88500.0,100,Buy,231384550
2024-08-13 14:25:08,88500.0,500,Buy,231385081
2024-08-13 14:25:08,88500.0,400,Buy,231385082
2024-08-13 14:25:08,88500.0,700,Buy,231385087
2024-08-13 14:25:08,88500.0,1000,Buy,231385088
2024-08-13 14:25:08,88500.0,200,Buy,231385089
2024-08-13 14:25:08,88500.0,200,Buy,231385090
2024-08-13 14:25:08,88500.0,400,Buy,231385091
2024-08-13 14:25:08,88500.0,600,Buy,231385092
2024-08-13 14:25:12,88500.0,600,Buy,231385317
2024-08-13 14:25:12,88500.0,2600,Buy,231385315
2024-08-13 14:25:12,88500.0,100,Buy,231385316
2024-08-13 14:25:13,88500.0,100,Buy,231385414
2024-08-13 14:25:13,88500.0,300,Buy,231385413
2024-08-13 14:25:13,88500.0,400,Buy,231385410
2024-08-13 14:25:13,88500.0,200,Buy,231385411
2024-08-13 14:25:13,88500.0,500,Buy,231385412
2024-08-13 14:25:14,88500.0,900,Buy,231385421
2024-08-13 14:25:22,88500.0,800,Sell,231385693
2024-08-13 14:25:22,88500.0,200,Sell,231385694
2024-08-13 14:25:22,88500.0,500,Sell,231385695
2024-08-13 14:25:22,88500.0,100,Sell,231385704
2024-08-13 14:25:23,88500.0,100,Buy,231385749
2024-08-13 14:25:43,88500.0,100,Buy,231386553
2024-08-13 14:25:44,88500.0,200,Buy,231386591
2024-08-13 14:25:44,88500.0,800,Buy,231386590
2024-08-13 14:25:44,88500.0,200,Buy,231386588
2024-08-13 14:25:44,88500.0,100,Buy,231386589
2024-08-13 14:25:44,88500.0,300,Buy,231386574
2024-08-13 14:25:44,88500.0,200,Buy,231386573
2024-08-13 14:25:44,88500.0,100,Buy,231386572
2024-08-13 14:25:44,88500.0,100,Buy,231386584
2024-08-13 14:25:51,88500.0,100,Buy,231386930
2024-08-13 14:25:51,88500.0,500,Buy,231386931
2024-08-13 14:25:51,88500.0,300,Buy,231386932
2024-08-13 14:25:58,88500.0,200,Sell,231387177
2024-08-13 14:26:04,88600.0,100,Buy,231387510
2024-08-13 14:26:04,88600.0,4900,Buy,231387515
2024-08-13 14:26:04,88600.0,100,Buy,231387514
2024-08-13 14:26:04,88600.0,100,Buy,231387513
2024-08-13 14:26:04,88600.0,1000,Buy,231387512
2024-08-13 14:26:04,88600.0,1400,Buy,231387509
2024-08-13 14:26:04,88600.0,200,Buy,231387511
2024-08-13 14:26:04,88600.0,100,Buy,231387507
2024-08-13 14:26:04,88600.0,100,Buy,231387502
2024-08-13 14:26:04,88600.0,1000,Buy,231387506
2024-08-13 14:26:04,88600.0,100,Buy,231387505
2024-08-13 14:26:04,88600.0,300,Buy,231387504
2024-08-13 14:26:04,88600.0,100,Buy,231387503
2024-08-13 14:26:04,88600.0,100,Buy,231387508
2024-08-13 14:26:23,88600.0,100,Buy,231388268
2024-08-13 14:26:34,88500.0,1000,Sell,231388740
2024-08-13 14:27:26,88600.0,3000,Buy,231391066
2024-08-13 14:27:26,88600.0,400,Buy,231391067
2024-08-13 14:27:26,88600.0,100,Buy,231391068
2024-08-13 14:27:26,88600.0,500,Buy,231391069
2024-08-13 14:27:26,88600.0,500,Buy,231391070
2024-08-13 14:27:26,88600.0,1000,Buy,231391071
2024-08-13 14:27:26,88600.0,14500,Buy,231391072
2024-08-13 14:27:32,88600.0,200,Buy,231391434
2024-08-13 14:27:35,88600.0,100,Buy,231391573
2024-08-13 14:27:35,88600.0,300,Buy,231391574
2024-08-13 14:27:35,88600.0,500,Buy,231391575
2024-08-13 14:27:35,88600.0,200,Buy,231391576
2024-08-13 14:27:35,88600.0,400,Buy,231391577
2024-08-13 14:27:35,88600.0,200,Buy,231391582
2024-08-13 14:27:35,88600.0,400,Buy,231391583
2024-08-13 14:27:35,88600.0,1400,Buy,231391584
2024-08-13 14:27:35,88600.0,300,Buy,231391585
2024-08-13 14:27:35,88600.0,200,Buy,231391571
2024-08-13 14:27:42,88600.0,100,Buy,231391847
2024-08-13 14:27:42,88600.0,1000,Buy,231391853
2024-08-13 14:27:42,88600.0,100,Buy,231391848
2024-08-13 14:27:42,88600.0,300,Buy,231391846
2024-08-13 14:27:42,88600.0,100,Buy,231391854
2024-08-13 14:27:42,88600.0,200,Buy,231391844
2024-08-13 14:27:42,88600.0,500,Buy,231391843
2024-08-13 14:27:42,88600.0,200,Buy,231391827
2024-08-13 14:27:42,88600.0,400,Buy,231391826
2024-08-13 14:27:42,88600.0,400,Buy,231391825
2024-08-13 14:27:42,88600.0,100,Buy,231391845
2024-08-13 14:27:43,88600.0,600,Buy,231391863
2024-08-13 14:27:52,88500.0,700,Sell,231392348
2024-08-13 14:27:53,88600.0,100,Buy,231392411
2024-08-13 14:27:53,88600.0,600,Buy,231392410
2024-08-13 14:27:53,88600.0,5000,Buy,231392409
2024-08-13 14:27:53,88600.0,500,Buy,231392407
2024-08-13 14:27:53,88600.0,1100,Buy,231392406
2024-08-13 14:27:53,88600.0,2000,Buy,231392408
2024-08-13 14:27:53,88600.0,400,Buy,231392404
2024-08-13 14:27:53,88600.0,100,Buy,231392403
2024-08-13 14:27:53,88600.0,100,Buy,231392402
2024-08-13 14:27:53,88600.0,2500,Buy,231392401
2024-08-13 14:27:53,88600.0,200,Buy,231392400
2024-08-13 14:27:53,88600.0,500,Buy,231392405
2024-08-13 14:27:56,88700.0,200,Buy,231392573
2024-08-13 14:27:56,88600.0,100,Sell,231392595
2024-08-13 14:28:01,88700.0,600,Buy,231392802
2024-08-13 14:28:02,88700.0,400,Buy,231392817
2024-08-13 14:28:11,88700.0,100,Buy,231393243
2024-08-13 14:28:17,88600.0,100,Sell,231393504
2024-08-13 14:28:25,88700.0,100,Buy,231393839
2024-08-13 14:28:29,88700.0,2700,Buy,231393989
2024-08-13 14:28:29,88700.0,100,Buy,231393988
2024-08-13 14:28:29,88700.0,100,Buy,231393987
2024-08-13 14:28:29,88700.0,100,Buy,231393986
2024-08-13 14:28:29,88700.0,100,Buy,231393983
2024-08-13 14:28:29,88700.0,800,Buy,231393985
2024-08-13 14:28:29,88700.0,100,Buy,231393981
2024-08-13 14:28:29,88700.0,4400,Buy,231393976
2024-08-13 14:28:29,88700.0,200,Buy,231393977
2024-08-13 14:28:29,88700.0,100,Buy,231393982
2024-08-13 14:28:29,88700.0,200,Buy,231393979
2024-08-13 14:28:29,88700.0,1000,Buy,231393980
