time,price,volume,match_type,id
2024-07-18 09:14:40,88300.0,1700,ATO/ATC,224075279
2024-07-18 09:15:47,88500.0,300,Buy,224077420
2024-07-18 09:16:07,88500.0,400,Buy,224078189
2024-07-18 09:16:11,88500.0,500,Buy,224078328
2024-07-18 09:16:26,88500.0,300,Buy,224078867
2024-07-18 09:17:11,88500.0,400,Buy,224080560
2024-07-18 09:17:11,88500.0,500,Buy,224080557
2024-07-18 09:17:11,88500.0,1100,Buy,224080558
2024-07-18 09:17:11,88500.0,3000,Buy,224080559
2024-07-18 09:17:16,88400.0,800,Sell,224080797
2024-07-18 09:17:16,88400.0,200,Sell,224080796
2024-07-18 09:17:22,88400.0,1400,Sell,224081092
2024-07-18 09:17:33,88400.0,400,Sell,224081538
2024-07-18 09:17:33,88400.0,600,Sell,224081539
2024-07-18 09:17:37,88400.0,300,Sell,224081736
2024-07-18 09:17:43,88400.0,2100,Sell,224081963
2024-07-18 09:17:43,88400.0,300,Sell,224081964
2024-07-18 09:17:43,88400.0,100,Sell,224081965
2024-07-18 09:17:52,88400.0,500,Buy,224082299
2024-07-18 09:17:56,88300.0,900,Sell,224082425
2024-07-18 09:17:56,88300.0,100,Sell,224082424
2024-07-18 09:18:07,88300.0,700,Sell,224082933
2024-07-18 09:18:07,88300.0,300,Sell,224082932
2024-07-18 09:18:25,88300.0,1000,Sell,224083628
2024-07-18 09:18:28,88400.0,200,Buy,224083775
2024-07-18 09:18:40,88300.0,1000,Sell,224084218
2024-07-18 09:19:01,88300.0,1000,Sell,224085118
2024-07-18 09:19:30,88300.0,500,Sell,224086490
2024-07-18 09:20:04,88300.0,1000,Sell,224088085
2024-07-18 09:20:05,88400.0,700,Buy,224088150
2024-07-18 09:20:05,88400.0,1000,Buy,224088151
2024-07-18 09:20:05,88400.0,300,Buy,224088152
2024-07-18 09:20:27,88300.0,1000,Sell,224089161
2024-07-18 09:20:36,88400.0,2300,Buy,224089698
2024-07-18 09:20:36,88400.0,200,Buy,224089696
2024-07-18 09:20:36,88400.0,500,Buy,224089697
2024-07-18 09:20:40,88300.0,1000,Sell,224089827
2024-07-18 09:20:53,88300.0,800,Sell,224090437
2024-07-18 09:20:53,88300.0,200,Sell,224090438
2024-07-18 09:21:17,88300.0,1000,Sell,224091462
2024-07-18 09:21:31,88300.0,200,Sell,224092056
2024-07-18 09:21:31,88300.0,100,Sell,224092057
2024-07-18 09:21:31,88300.0,500,Sell,224092058
2024-07-18 09:21:31,88300.0,200,Sell,224092059
2024-07-18 09:21:35,88400.0,700,Buy,224092256
2024-07-18 09:21:40,88400.0,300,Sell,224092502
2024-07-18 09:21:47,88400.0,300,Buy,224092950
2024-07-18 09:21:48,88300.0,100,Sell,224092975
2024-07-18 09:21:48,88300.0,900,Sell,224092976
2024-07-18 09:21:58,88400.0,900,Buy,224093359
2024-07-18 09:21:58,88400.0,400,Buy,224093358
2024-07-18 09:22:02,88400.0,300,Sell,224093531
2024-07-18 09:22:06,88300.0,1000,Sell,224093750
2024-07-18 09:22:28,88400.0,2700,Buy,224094619
2024-07-18 09:22:34,88300.0,100,Sell,224094875
2024-07-18 09:23:39,88400.0,100,Buy,224097393
2024-07-18 09:23:39,88400.0,700,Buy,224097394
2024-07-18 09:24:23,88400.0,100,Buy,224099275
2024-07-18 09:25:18,88400.0,300,Sell,224101237
2024-07-18 09:25:55,88400.0,300,Sell,224102726
2024-07-18 09:26:17,88400.0,300,Sell,224103492
2024-07-18 09:26:17,88400.0,100,Sell,224103493
2024-07-18 09:26:17,88400.0,100,Sell,224103494
2024-07-18 09:26:48,88400.0,100,Sell,224104561
2024-07-18 09:26:48,88400.0,100,Sell,224104562
2024-07-18 09:27:08,88400.0,300,Buy,224105176
2024-07-18 09:27:25,88400.0,300,Buy,224105780
2024-07-18 09:27:25,88400.0,500,Buy,224105781
2024-07-18 09:27:25,88400.0,500,Sell,224105788
2024-07-18 09:27:25,88400.0,200,Buy,224105779
2024-07-18 09:28:41,88400.0,2300,Sell,224108148
2024-07-18 09:29:52,88400.0,200,Sell,224110672
2024-07-18 09:29:52,88400.0,300,Sell,224110673
2024-07-18 09:30:30,88500.0,100,Buy,224111995
2024-07-18 09:30:42,88500.0,300,Buy,224112487
2024-07-18 09:30:47,88500.0,300,Buy,224112665
2024-07-18 09:30:59,88500.0,200,Buy,224112981
2024-07-18 09:31:25,88500.0,600,Buy,224113735
2024-07-18 09:31:25,88500.0,1000,Buy,224113734
2024-07-18 09:31:25,88500.0,200,Buy,224113733
2024-07-18 09:31:25,88500.0,100,Buy,224113731
2024-07-18 09:31:25,88500.0,400,Buy,224113730
2024-07-18 09:31:25,88500.0,500,Buy,224113732
2024-07-18 09:31:35,88500.0,200,Buy,224113978
2024-07-18 09:31:35,88500.0,100,Buy,224113983
2024-07-18 09:31:40,88500.0,100,Buy,224114115
2024-07-18 09:31:40,88500.0,100,Buy,224114116
2024-07-18 09:31:40,88500.0,300,Buy,224114117
2024-07-18 09:31:47,88600.0,200,Buy,224114314
2024-07-18 09:32:29,88600.0,300,Buy,224115598
2024-07-18 09:32:42,88600.0,500,Buy,224115948
2024-07-18 09:32:42,88600.0,500,Buy,224115949
2024-07-18 09:32:43,88600.0,100,Buy,224116005
2024-07-18 09:32:47,88600.0,400,Buy,224116130
2024-07-18 09:32:50,88600.0,200,Sell,224116236
2024-07-18 09:32:52,88600.0,400,Sell,224116258
2024-07-18 09:32:55,88600.0,500,Sell,224116384
2024-07-18 09:33:23,88600.0,500,Sell,224117283
2024-07-18 09:33:39,88600.0,100,Sell,224117618
2024-07-18 09:34:28,88600.0,400,Sell,224118938
2024-07-18 09:34:28,88600.0,1000,Sell,224118942
2024-07-18 09:34:28,88600.0,200,Sell,224118943
2024-07-18 09:34:28,88600.0,300,Sell,224118944
2024-07-18 09:35:09,88600.0,100,Buy,224119998
2024-07-18 09:35:15,88600.0,100,Sell,224120162
2024-07-18 09:36:31,88600.0,100,Sell,224122135
2024-07-18 09:36:31,88600.0,400,Sell,224122134
2024-07-18 09:36:31,88600.0,300,Sell,224122133
2024-07-18 09:36:31,88600.0,1100,Sell,224122131
2024-07-18 09:36:31,88600.0,100,Sell,224122130
2024-07-18 09:36:31,88600.0,1000,Sell,224122132
2024-07-18 09:36:56,88600.0,300,Buy,224122758
2024-07-18 09:37:32,88600.0,300,Buy,224123722
2024-07-18 09:37:37,88600.0,200,Buy,224123857
2024-07-18 09:37:50,88600.0,300,Buy,224124234
2024-07-18 09:37:54,88600.0,100,Buy,224124352
2024-07-18 09:38:27,88500.0,100,Sell,224125335
2024-07-18 09:38:27,88500.0,900,Sell,224125336
2024-07-18 09:38:42,88500.0,100,Sell,224125738
2024-07-18 09:38:42,88500.0,900,Sell,224125739
2024-07-18 09:39:11,88500.0,100,Sell,224126559
2024-07-18 09:39:11,88500.0,300,Sell,224126560
2024-07-18 09:39:11,88500.0,100,Sell,224126557
2024-07-18 09:39:11,88500.0,100,Sell,224126556
2024-07-18 09:39:11,88500.0,200,Sell,224126558
2024-07-18 09:39:16,88500.0,200,Buy,224126664
2024-07-18 09:39:16,88500.0,800,Buy,224126665
2024-07-18 09:39:29,88500.0,200,Buy,224126946
2024-07-18 09:40:21,88500.0,1000,Sell,224128284
2024-07-18 09:40:29,88500.0,200,Sell,224128483
2024-07-18 09:41:18,88500.0,200,Sell,224129861
2024-07-18 09:41:19,88500.0,1000,Sell,224129872
2024-07-18 09:41:27,88500.0,1000,Sell,224130105
2024-07-18 09:41:30,88500.0,1000,Sell,224130230
2024-07-18 09:41:59,88500.0,100,Sell,224130928
2024-07-18 09:42:36,88600.0,300,Buy,224131977
2024-07-18 09:42:48,88600.0,200,Buy,224132297
2024-07-18 09:42:48,88600.0,400,Buy,224132296
2024-07-18 09:42:48,88600.0,300,Buy,224132292
2024-07-18 09:42:48,88600.0,100,Buy,224132293
2024-07-18 09:42:48,88600.0,1500,Buy,224132294
2024-07-18 09:42:55,88600.0,1000,Buy,224132503
2024-07-18 09:42:58,88600.0,1000,Buy,224132540
2024-07-18 09:43:02,88600.0,1400,Buy,224132639
2024-07-18 09:43:02,88600.0,800,Buy,224132640
2024-07-18 09:43:02,88600.0,700,Buy,224132641
2024-07-18 09:43:02,88600.0,1100,Buy,224132642
2024-07-18 09:43:02,88600.0,500,Buy,224132643
2024-07-18 09:43:03,88600.0,200,Buy,224132678
2024-07-18 09:43:03,88600.0,200,Buy,224132677
2024-07-18 09:43:03,88600.0,100,Buy,224132679
2024-07-18 09:43:03,88600.0,100,Buy,224132675
2024-07-18 09:43:03,88600.0,100,Buy,224132674
2024-07-18 09:43:03,88600.0,1500,Buy,224132673
2024-07-18 09:43:03,88600.0,1000,Buy,224132676
2024-07-18 09:43:11,88600.0,500,Sell,224132819
2024-07-18 09:43:15,88600.0,100,Sell,224132879
2024-07-18 09:43:15,88600.0,100,Sell,224132880
2024-07-18 09:43:18,88700.0,100,Buy,224132929
2024-07-18 09:43:19,88600.0,500,Sell,224132950
2024-07-18 09:43:21,88700.0,100,Buy,224132978
2024-07-18 09:43:27,88700.0,100,Buy,224133134
2024-07-18 09:43:30,88700.0,100,Buy,224133206
2024-07-18 09:43:54,88600.0,100,Sell,224133712
2024-07-18 09:44:09,88700.0,100,Buy,224134006
2024-07-18 09:44:58,88700.0,200,Buy,224135057
2024-07-18 09:44:58,88700.0,100,Buy,224135058
2024-07-18 09:45:06,88700.0,200,Buy,224135225
2024-07-18 09:45:06,88700.0,100,Buy,224135223
2024-07-18 09:45:06,88700.0,300,Buy,224135224
2024-07-18 09:45:16,88800.0,300,Buy,224135535
2024-07-18 09:45:16,88800.0,200,Buy,224135536
2024-07-18 09:45:16,88800.0,100,Buy,224135537
2024-07-18 09:45:16,88800.0,300,Buy,224135538
2024-07-18 09:45:16,88800.0,100,Buy,224135539
2024-07-18 09:45:24,88800.0,400,Buy,224135687
2024-07-18 09:45:24,88800.0,200,Buy,224135688
2024-07-18 09:45:37,88800.0,300,Buy,224136024
2024-07-18 09:45:51,88800.0,300,Buy,224136316
2024-07-18 09:45:53,88800.0,100,Buy,224136358
2024-07-18 09:46:16,88800.0,200,Buy,224137059
2024-07-18 09:46:45,88800.0,300,Buy,224137781
2024-07-18 09:47:38,88800.0,300,Buy,224138866
2024-07-18 09:48:20,88600.0,300,Sell,224139808
2024-07-18 09:48:20,88600.0,2200,Sell,224139809
2024-07-18 09:48:20,88600.0,300,Sell,224139807
2024-07-18 09:48:20,88700.0,100,Sell,224139802
2024-07-18 09:48:20,88600.0,600,Sell,224139805
2024-07-18 09:48:20,88700.0,500,Sell,224139803
2024-07-18 09:48:20,88600.0,600,Sell,224139806
2024-07-18 09:48:20,88600.0,400,Sell,224139804
2024-07-18 09:48:23,88600.0,500,Sell,224139886
2024-07-18 09:48:23,88600.0,400,Sell,224139887
2024-07-18 09:48:23,88600.0,900,Sell,224139888
2024-07-18 09:48:23,88600.0,800,Sell,224139889
2024-07-18 09:48:23,88600.0,600,Sell,224139890
2024-07-18 09:48:23,88600.0,400,Sell,224139891
2024-07-18 09:48:32,88600.0,300,Buy,224140067
2024-07-18 09:48:33,88600.0,700,Buy,224140084
2024-07-18 09:48:33,88600.0,400,Buy,224140085
2024-07-18 09:48:44,88600.0,400,Sell,224140314
2024-07-18 09:48:44,88600.0,300,Sell,224140313
2024-07-18 09:48:44,88600.0,1900,Sell,224140312
2024-07-18 09:48:44,88600.0,300,Sell,224140310
2024-07-18 09:48:44,88600.0,200,Sell,224140309
2024-07-18 09:48:44,88600.0,800,Sell,224140311
2024-07-18 09:48:51,88600.0,100,Buy,224140508
2024-07-18 09:48:55,88600.0,100,Buy,224140574
2024-07-18 09:48:57,88600.0,700,Buy,224140597
2024-07-18 09:48:57,88600.0,200,Buy,224140598
2024-07-18 09:49:25,88600.0,200,Sell,224141247
2024-07-18 09:49:52,88600.0,200,Sell,224141811
2024-07-18 09:50:27,88600.0,200,Sell,224142619
2024-07-18 09:50:34,88700.0,200,Buy,224142735
2024-07-18 09:50:51,88800.0,100,Buy,224143237
2024-07-18 09:51:12,88800.0,300,Buy,224143734
2024-07-18 09:51:20,88800.0,100,Buy,224143939
2024-07-18 09:51:55,88700.0,500,Sell,224144678
2024-07-18 09:52:06,88700.0,300,Buy,224144927
2024-07-18 09:52:56,88700.0,200,Buy,224146238
2024-07-18 09:52:59,88700.0,300,Buy,224146283
2024-07-18 09:53:07,88700.0,2500,Buy,224146457
2024-07-18 09:53:17,88700.0,100,Buy,224146663
2024-07-18 09:53:54,88700.0,300,Buy,224147496
2024-07-18 09:54:11,88600.0,100,Sell,224147840
2024-07-18 09:54:11,88600.0,800,Sell,224147841
2024-07-18 09:54:11,88600.0,600,Sell,224147842
2024-07-18 09:55:22,88600.0,100,Sell,224149478
2024-07-18 09:55:25,88600.0,300,Sell,224149511
2024-07-18 09:55:25,88600.0,700,Sell,224149512
2024-07-18 09:55:25,88600.0,1200,Sell,224149509
2024-07-18 09:55:25,88600.0,400,Sell,224149510
2024-07-18 09:55:48,88600.0,500,Sell,224150034
2024-07-18 09:56:48,88600.0,300,Sell,224151458
2024-07-18 09:57:33,88700.0,100,Buy,224152358
2024-07-18 09:58:08,88700.0,700,Buy,224153138
2024-07-18 09:58:08,88700.0,300,Buy,224153139
2024-07-18 09:58:20,88700.0,300,Buy,224153389
2024-07-18 09:58:42,88600.0,100,Sell,224153986
2024-07-18 09:59:36,88600.0,300,Sell,224155485
2024-07-18 09:59:57,88700.0,300,Buy,224156070
2024-07-18 10:00:07,88700.0,100,Buy,224156339
2024-07-18 10:00:07,88700.0,200,Buy,224156340
2024-07-18 10:00:17,88600.0,200,Sell,224156590
2024-07-18 10:00:17,88600.0,1100,Sell,224156591
2024-07-18 10:00:17,88600.0,300,Sell,224156588
2024-07-18 10:00:17,88600.0,300,Sell,224156589
2024-07-18 10:00:17,88600.0,100,Sell,224156587
2024-07-18 10:00:45,88600.0,300,Sell,224157171
2024-07-18 10:00:51,88600.0,300,Sell,224157346
2024-07-18 10:00:51,88600.0,200,Sell,224157362
2024-07-18 10:00:51,88600.0,700,Sell,224157361
2024-07-18 10:00:51,88600.0,100,Sell,224157360
2024-07-18 10:00:51,88600.0,300,Sell,224157359
2024-07-18 10:00:51,88600.0,1000,Sell,224157358
2024-07-18 10:00:51,88600.0,300,Sell,224157357
2024-07-18 10:00:51,88600.0,300,Sell,224157356
2024-07-18 10:00:51,88600.0,300,Sell,224157355
2024-07-18 10:00:51,88600.0,1100,Sell,224157345
2024-07-18 10:00:51,88600.0,400,Sell,224157353
2024-07-18 10:00:51,88600.0,100,Sell,224157347
2024-07-18 10:00:51,88600.0,300,Sell,224157348
2024-07-18 10:00:51,88600.0,700,Sell,224157349
2024-07-18 10:00:51,88600.0,1900,Sell,224157354
2024-07-18 10:00:51,88600.0,300,Sell,224157351
2024-07-18 10:00:51,88600.0,800,Sell,224157352
2024-07-18 10:00:51,88600.0,600,Sell,224157350
2024-07-18 10:01:01,88600.0,300,Buy,224157573
2024-07-18 10:01:11,88500.0,300,Sell,224157805
2024-07-18 10:01:11,88500.0,200,Sell,224157806
2024-07-18 10:01:28,88600.0,400,Buy,224158423
2024-07-18 10:01:28,88600.0,600,Buy,224158422
2024-07-18 10:01:28,88600.0,200,Buy,224158421
2024-07-18 10:01:28,88600.0,600,Buy,224158420
2024-07-18 10:01:28,88600.0,2300,Buy,224158418
2024-07-18 10:01:28,88600.0,500,Buy,224158414
2024-07-18 10:01:28,88600.0,400,Buy,224158419
2024-07-18 10:01:28,88600.0,1000,Buy,224158415
2024-07-18 10:01:54,88600.0,300,Buy,224159043
2024-07-18 10:02:18,88600.0,200,Buy,224159605
2024-07-18 10:02:21,88600.0,300,Buy,224159687
2024-07-18 10:02:21,88600.0,400,Buy,224159689
2024-07-18 10:02:21,88600.0,1900,Buy,224159688
2024-07-18 10:02:21,88600.0,800,Buy,224159685
2024-07-18 10:02:21,88600.0,600,Buy,224159683
2024-07-18 10:02:21,88600.0,500,Buy,224159682
2024-07-18 10:02:21,88600.0,200,Buy,224159681
2024-07-18 10:02:21,88600.0,300,Buy,224159684
2024-07-18 10:02:48,88600.0,200,Buy,224160280
2024-07-18 10:02:54,88600.0,100,Sell,224160359
2024-07-18 10:03:41,88600.0,100,Buy,224161362
2024-07-18 10:03:41,88600.0,200,Buy,224161363
2024-07-18 10:03:56,88600.0,600,Buy,224161725
2024-07-18 10:04:40,88600.0,100,Sell,224162591
2024-07-18 10:04:45,88600.0,100,Sell,224162678
2024-07-18 10:04:50,88600.0,100,Sell,224162761
2024-07-18 10:05:22,88600.0,100,Sell,224163624
2024-07-18 10:05:39,88600.0,1000,Sell,224163953
2024-07-18 10:05:39,88600.0,100,Sell,224163962
2024-07-18 10:05:48,88700.0,100,Buy,224164136
2024-07-18 10:06:03,88600.0,100,Sell,224164448
2024-07-18 10:06:10,88700.0,100,Buy,224164632
2024-07-18 10:06:22,88700.0,100,Buy,224164836
2024-07-18 10:06:22,88700.0,200,Buy,224164837
2024-07-18 10:07:15,88700.0,300,Buy,224166171
2024-07-18 10:07:33,88600.0,100,Sell,224166606
2024-07-18 10:08:07,88600.0,6000,Sell,224167515
2024-07-18 10:08:10,88600.0,100,Sell,224167572
2024-07-18 10:08:11,88600.0,300,Sell,224167630
2024-07-18 10:08:11,88600.0,300,Sell,224167628
2024-07-18 10:08:11,88600.0,300,Sell,224167629
2024-07-18 10:08:11,88600.0,2200,Sell,224167627
2024-07-18 10:08:14,88600.0,200,Buy,224167683
2024-07-18 10:09:02,88600.0,300,Buy,224169125
2024-07-18 10:09:14,88600.0,100,Buy,224169541
2024-07-18 10:09:36,88500.0,300,Sell,224170167
2024-07-18 10:09:36,88500.0,300,Sell,224170168
2024-07-18 10:09:36,88500.0,9300,Sell,224170169
2024-07-18 10:09:36,88500.0,100,Sell,224170166
2024-07-18 10:09:56,88500.0,1000,Sell,224170996
2024-07-18 10:10:13,88500.0,500,Sell,224171547
2024-07-18 10:10:21,88500.0,4000,Sell,224171829
2024-07-18 10:10:21,88500.0,900,Sell,224171830
2024-07-18 10:10:21,88500.0,100,Sell,224171831
2024-07-18 10:10:22,88500.0,100,Sell,224171848
2024-07-18 10:10:22,88500.0,700,Sell,224171847
2024-07-18 10:10:22,88500.0,200,Sell,224171846
2024-07-18 10:10:46,88600.0,100,Buy,224172413
2024-07-18 10:10:49,88600.0,300,Buy,224172472
2024-07-18 10:11:06,88500.0,100,Sell,224172896
2024-07-18 10:11:06,88500.0,400,Sell,224172897
2024-07-18 10:11:14,88500.0,200,Sell,224173138
2024-07-18 10:11:57,88500.0,1500,Sell,224174596
2024-07-18 10:12:30,88500.0,400,Sell,224175438
2024-07-18 10:12:30,88500.0,200,Sell,224175439
2024-07-18 10:12:30,88500.0,4400,Sell,224175440
2024-07-18 10:12:50,88500.0,1000,Sell,224176072
2024-07-18 10:13:08,88500.0,500,Sell,224176589
2024-07-18 10:13:33,88500.0,300,Sell,224177190
2024-07-18 10:13:54,88500.0,500,Sell,224177772
2024-07-18 10:14:15,88600.0,900,Buy,224178227
2024-07-18 10:14:15,88600.0,100,Buy,224178228
2024-07-18 10:14:22,88600.0,1000,Buy,224178513
2024-07-18 10:14:23,88600.0,300,Buy,224178599
2024-07-18 10:14:43,88600.0,200,Buy,224179022
2024-07-18 10:14:50,88600.0,700,Buy,224179216
2024-07-18 10:14:50,88600.0,500,Buy,224179217
2024-07-18 10:14:50,88600.0,400,Buy,224179218
2024-07-18 10:14:50,88600.0,800,Buy,224179219
2024-07-18 10:14:50,88600.0,1900,Buy,224179221
2024-07-18 10:14:50,88600.0,400,Buy,224179222
2024-07-18 10:14:50,88600.0,300,Buy,224179223
2024-07-18 10:15:01,88600.0,1000,Buy,224179539
2024-07-18 10:15:03,88600.0,400,Buy,224179664
2024-07-18 10:15:03,88600.0,300,Buy,224179663
2024-07-18 10:15:03,88600.0,800,Buy,224179662
2024-07-18 10:15:03,88600.0,300,Buy,224179655
2024-07-18 10:15:03,88600.0,800,Buy,224179656
2024-07-18 10:15:03,88600.0,600,Buy,224179654
2024-07-18 10:15:03,88600.0,700,Buy,224179653
2024-07-18 10:15:03,88600.0,1100,Buy,224179661
2024-07-18 10:15:17,88600.0,300,Buy,224180008
2024-07-18 10:15:23,88600.0,200,Buy,224180143
2024-07-18 10:15:23,88600.0,100,Buy,224180144
2024-07-18 10:15:23,88600.0,100,Buy,224180145
2024-07-18 10:15:23,88600.0,100,Buy,224180146
2024-07-18 10:15:23,88600.0,1500,Buy,224180147
2024-07-18 10:15:24,88600.0,1500,Buy,224180183
2024-07-18 10:15:24,88600.0,100,Buy,224180184
2024-07-18 10:15:46,88600.0,200,Sell,224180787
2024-07-18 10:15:53,88600.0,200,Buy,224180960
2024-07-18 10:16:06,88600.0,600,Buy,224181246
2024-07-18 10:17:27,88700.0,100,Buy,224183309
2024-07-18 10:17:28,88600.0,300,Sell,224183318
2024-07-18 10:17:28,88600.0,700,Sell,224183319
2024-07-18 10:17:43,88600.0,300,Sell,224183632
2024-07-18 10:17:43,88600.0,200,Sell,224183633
2024-07-18 10:18:40,88700.0,100,Buy,224184897
2024-07-18 10:18:50,88600.0,100,Sell,224185087
2024-07-18 10:19:26,88600.0,100,Sell,224185956
2024-07-18 10:20:41,88600.0,300,Sell,224187622
2024-07-18 10:20:41,88600.0,100,Sell,224187620
2024-07-18 10:20:41,88600.0,1000,Sell,224187619
2024-07-18 10:20:41,88600.0,100,Sell,224187621
2024-07-18 10:20:41,88600.0,200,Sell,224187617
2024-07-18 10:20:41,88600.0,200,Sell,224187615
2024-07-18 10:20:41,88600.0,300,Sell,224187616
2024-07-18 10:20:41,88600.0,300,Sell,224187618
2024-07-18 10:20:53,88600.0,600,Buy,224187928
2024-07-18 10:21:35,88600.0,1000,Sell,224188917
2024-07-18 10:21:45,88600.0,1000,Sell,224189126
2024-07-18 10:22:37,88700.0,100,Buy,224190153
2024-07-18 10:23:18,88700.0,300,Buy,224190968
2024-07-18 10:23:33,88700.0,200,Buy,224191193
2024-07-18 10:24:12,88700.0,300,Buy,224191977
2024-07-18 10:25:05,88700.0,100,Buy,224193116
2024-07-18 10:25:05,88700.0,100,Buy,224193117
2024-07-18 10:25:05,88700.0,100,Buy,224193118
2024-07-18 10:25:08,88700.0,1900,Buy,224193177
2024-07-18 10:25:08,88700.0,400,Buy,224193179
2024-07-18 10:25:08,88700.0,300,Buy,224193178
2024-07-18 10:25:08,88700.0,800,Buy,224193171
2024-07-18 10:25:08,88700.0,200,Buy,224193170
2024-07-18 10:25:08,88700.0,300,Buy,224193169
2024-07-18 10:25:08,88700.0,400,Buy,224193168
2024-07-18 10:25:08,88700.0,300,Buy,224193167
2024-07-18 10:25:08,88700.0,400,Buy,224193166
2024-07-18 10:25:22,88700.0,100,Buy,224193460
2024-07-18 10:25:59,88700.0,300,Buy,224194174
2024-07-18 10:26:30,88700.0,2000,Buy,224194658
2024-07-18 10:26:30,88700.0,1000,Buy,224194659
2024-07-18 10:26:30,88700.0,200,Buy,224194660
2024-07-18 10:26:30,88700.0,300,Buy,224194661
2024-07-18 10:26:52,88700.0,100,Buy,224195091
2024-07-18 10:26:52,88700.0,200,Buy,224195092
2024-07-18 10:27:46,88700.0,300,Buy,224196018
2024-07-18 10:28:28,88700.0,100,Buy,224196790
2024-07-18 10:28:39,88700.0,300,Buy,224196985
2024-07-18 10:29:32,88700.0,300,Buy,224198011
2024-07-18 10:30:26,88700.0,200,Buy,224199009
2024-07-18 10:30:27,88600.0,300,Sell,224199024
2024-07-18 10:30:27,88600.0,100,Sell,224199025
2024-07-18 10:30:27,88600.0,300,Sell,224199026
2024-07-18 10:30:27,88600.0,300,Sell,224199027
2024-07-18 10:31:19,88600.0,200,Sell,224200147
2024-07-18 10:31:46,88600.0,500,Sell,224200673
2024-07-18 10:33:39,88600.0,100,Sell,224202647
2024-07-18 10:33:39,88600.0,200,Sell,224202646
2024-07-18 10:33:39,88600.0,100,Sell,224202645
2024-07-18 10:33:39,88600.0,300,Sell,224202644
2024-07-18 10:33:39,88600.0,100,Sell,224202643
2024-07-18 10:33:39,88600.0,300,Sell,224202642
2024-07-18 10:33:39,88600.0,100,Sell,224202641
2024-07-18 10:33:39,88600.0,400,Sell,224202638
2024-07-18 10:33:39,88600.0,1900,Sell,224202639
2024-07-18 10:33:39,88600.0,800,Sell,224202637
2024-07-18 10:33:39,88600.0,300,Sell,224202636
2024-07-18 10:33:39,88600.0,600,Sell,224202635
2024-07-18 10:33:39,88600.0,700,Sell,224202634
2024-07-18 10:33:39,88600.0,500,Sell,224202633
2024-07-18 10:33:39,88600.0,300,Sell,224202640
2024-07-18 10:33:40,88600.0,300,Sell,224202656
2024-07-18 10:33:40,88600.0,200,Sell,224202654
2024-07-18 10:33:40,88600.0,300,Sell,224202653
2024-07-18 10:33:40,88600.0,1000,Sell,224202655
2024-07-18 10:33:40,88600.0,200,Sell,224202651
2024-07-18 10:33:40,88600.0,700,Sell,224202650
2024-07-18 10:33:40,88600.0,100,Sell,224202649
2024-07-18 10:33:40,88600.0,300,Sell,224202652
2024-07-18 10:34:00,88600.0,200,Buy,224203010
2024-07-18 10:34:06,88600.0,100,Sell,224203148
2024-07-18 10:34:40,88600.0,400,Buy,224203853
2024-07-18 10:34:53,88600.0,300,Buy,224204212
2024-07-18 10:34:55,88600.0,2200,Buy,224204253
2024-07-18 10:36:40,88600.0,3500,Sell,224206093
2024-07-18 10:36:40,88600.0,300,Sell,224206094
2024-07-18 10:36:40,88600.0,300,Sell,224206095
2024-07-18 10:36:40,88500.0,2900,Sell,224206096
2024-07-18 10:37:24,88500.0,1400,Sell,224206965
2024-07-18 10:37:24,88500.0,300,Sell,224206963
2024-07-18 10:37:24,88500.0,300,Sell,224206964
2024-07-18 10:37:24,88500.0,200,Sell,224206961
2024-07-18 10:37:24,88500.0,100,Sell,224206960
2024-07-18 10:37:24,88500.0,400,Sell,224206959
2024-07-18 10:37:24,88500.0,300,Sell,224206962
2024-07-18 10:39:53,88600.0,100,Sell,224209439
2024-07-18 10:40:53,88600.0,100,Sell,224210382
2024-07-18 10:41:28,88600.0,200,Sell,224210873
2024-07-18 10:41:28,88600.0,100,Sell,224210874
2024-07-18 10:41:28,88600.0,100,Sell,224210875
2024-07-18 10:41:28,88600.0,300,Sell,224210876
2024-07-18 10:41:28,88600.0,100,Sell,224210877
2024-07-18 10:41:28,88600.0,300,Sell,224210878
2024-07-18 10:41:52,88600.0,400,Buy,224211160
2024-07-18 10:42:01,88600.0,300,Buy,224211313
2024-07-18 10:42:27,88600.0,500,Buy,224211656
2024-07-18 10:42:55,88600.0,300,Buy,224212026
2024-07-18 10:42:57,88600.0,7400,Buy,224212038
2024-07-18 10:42:57,88600.0,200,Buy,224212039
2024-07-18 10:42:58,88600.0,500,Sell,224212046
2024-07-18 10:43:45,88600.0,600,Sell,224212658
2024-07-18 10:43:52,88600.0,100,Sell,224212766
2024-07-18 10:44:59,88600.0,500,Sell,224213612
2024-07-18 10:45:26,88600.0,100,Sell,224213914
2024-07-18 10:46:04,88600.0,100,Sell,224214399
2024-07-18 10:46:09,88700.0,100,Buy,224214439
2024-07-18 10:46:29,88700.0,300,Buy,224214683
2024-07-18 10:46:31,88700.0,100,Buy,224214708
2024-07-18 10:47:22,88700.0,300,Buy,224215339
2024-07-18 10:47:51,88700.0,5000,Buy,224215790
2024-07-18 10:48:00,88700.0,100,Buy,224215899
2024-07-18 10:48:16,88700.0,300,Buy,224216137
2024-07-18 10:48:47,88700.0,100,Buy,224216596
2024-07-18 10:48:47,88700.0,2600,Buy,224216595
2024-07-18 10:49:00,88700.0,100,Buy,224216840
2024-07-18 10:49:00,88700.0,1400,Buy,224216836
2024-07-18 10:49:00,88700.0,100,Buy,224216835
2024-07-18 10:49:00,88700.0,100,Buy,224216830
2024-07-18 10:49:00,88700.0,100,Buy,224216833
2024-07-18 10:49:00,88700.0,100,Buy,224216831
2024-07-18 10:49:00,88700.0,100,Buy,224216834
2024-07-18 10:49:00,88700.0,100,Buy,224216832
2024-07-18 10:49:09,88700.0,300,Buy,224216983
2024-07-18 10:49:32,88700.0,200,Buy,224217356
2024-07-18 10:49:37,88700.0,100,Buy,224217458
2024-07-18 10:49:37,88700.0,500,Buy,224217468
2024-07-18 10:49:37,88700.0,100,Buy,224217467
2024-07-18 10:49:37,88700.0,100,Buy,224217466
2024-07-18 10:49:37,88700.0,200,Buy,224217465
2024-07-18 10:49:37,88700.0,100,Buy,224217469
2024-07-18 10:49:37,88700.0,300,Buy,224217463
2024-07-18 10:49:37,88700.0,100,Buy,224217462
2024-07-18 10:49:37,88700.0,200,Buy,224217461
2024-07-18 10:49:37,88700.0,100,Buy,224217460
2024-07-18 10:49:37,88700.0,100,Buy,224217464
2024-07-18 10:49:37,88700.0,100,Buy,224217459
2024-07-18 10:49:44,88700.0,100,Buy,224217529
2024-07-18 10:49:56,88700.0,100,Buy,224217740
2024-07-18 10:50:03,88600.0,100,Sell,224217836
2024-07-18 10:50:03,88700.0,300,Buy,224217841
2024-07-18 10:50:07,88700.0,200,Buy,224217896
2024-07-18 10:50:09,88700.0,100,Buy,224217916
2024-07-18 10:50:17,88700.0,100,Buy,224218025
2024-07-18 10:50:58,88700.0,200,Sell,224218515
2024-07-18 10:51:09,88700.0,300,Sell,224218699
2024-07-18 10:51:55,88700.0,100,Sell,224219360
2024-07-18 10:53:16,88800.0,100,Buy,224220586
2024-07-18 10:53:16,88800.0,1000,Buy,224220587
2024-07-18 10:53:37,88800.0,300,Buy,224220828
2024-07-18 10:54:30,88800.0,300,Buy,224221443
2024-07-18 10:55:24,88800.0,400,Buy,224222075
2024-07-18 10:56:04,88800.0,100,Buy,224222601
2024-07-18 10:56:12,88800.0,2700,Buy,224222680
2024-07-18 10:56:17,88800.0,200,Buy,224222779
2024-07-18 10:56:17,88800.0,100,Buy,224222780
2024-07-18 10:56:17,88800.0,100,Buy,224222781
2024-07-18 10:57:07,88800.0,400,Buy,224223483
2024-07-18 10:57:07,88800.0,100,Buy,224223484
2024-07-18 10:57:11,88800.0,300,Buy,224223524
2024-07-18 10:57:27,88700.0,300,Sell,224223713
2024-07-18 10:57:27,88700.0,300,Sell,224223714
2024-07-18 10:57:27,88700.0,300,Sell,224223715
2024-07-18 10:57:27,88700.0,500,Sell,224223716
2024-07-18 10:57:30,88700.0,2000,Buy,224223758
2024-07-18 10:57:54,88700.0,600,Buy,224224074
2024-07-18 10:58:16,88700.0,400,Sell,224224429
2024-07-18 10:58:16,88700.0,100,Sell,224224430
2024-07-18 10:59:08,88700.0,200,Sell,224225273
2024-07-18 10:59:08,88700.0,800,Sell,224225274
2024-07-18 10:59:18,88700.0,200,Sell,224225366
2024-07-18 10:59:18,88700.0,200,Sell,224225367
2024-07-18 10:59:18,88700.0,300,Sell,224225368
2024-07-18 10:59:51,88700.0,300,Buy,224225800
2024-07-18 11:00:15,88600.0,100,Sell,224226224
2024-07-18 11:00:35,88600.0,800,Sell,224226494
2024-07-18 11:00:35,88600.0,400,Sell,224226492
2024-07-18 11:00:35,88600.0,500,Sell,224226493
2024-07-18 11:00:35,88600.0,700,Sell,224226491
2024-07-18 11:00:35,88600.0,2000,Sell,224226489
2024-07-18 11:00:35,88600.0,100,Sell,224226488
2024-07-18 11:00:35,88600.0,300,Sell,224226487
2024-07-18 11:00:35,88600.0,200,Sell,224226490
2024-07-18 11:03:12,88700.0,100,Buy,224229676
2024-07-18 11:03:25,88700.0,400,Buy,224229947
2024-07-18 11:04:19,88700.0,300,Buy,224231218
2024-07-18 11:04:25,88700.0,800,Buy,224231321
2024-07-18 11:04:25,88700.0,500,Buy,224231322
2024-07-18 11:04:25,88700.0,700,Buy,224231323
2024-07-18 11:04:50,88600.0,200,Sell,224232104
2024-07-18 11:04:50,88600.0,300,Sell,224232102
2024-07-18 11:04:50,88600.0,1900,Sell,224232101
2024-07-18 11:04:50,88600.0,400,Sell,224232103
2024-07-18 11:06:12,88600.0,200,Sell,224234075
2024-07-18 11:06:12,88600.0,300,Sell,224234083
2024-07-18 11:06:12,88600.0,300,Sell,224234082
2024-07-18 11:06:12,88600.0,300,Sell,224234081
2024-07-18 11:06:12,88600.0,400,Sell,224234080
2024-07-18 11:06:12,88600.0,1100,Sell,224234078
2024-07-18 11:06:12,88600.0,300,Sell,224234077
2024-07-18 11:06:12,88600.0,500,Sell,224234076
2024-07-18 11:06:12,88600.0,300,Sell,224234074
2024-07-18 11:06:12,88600.0,200,Sell,224234079
2024-07-18 11:06:12,88600.0,300,Sell,224234072
2024-07-18 11:06:12,88600.0,2400,Sell,224234063
2024-07-18 11:06:12,88600.0,600,Sell,224234065
2024-07-18 11:06:12,88600.0,300,Sell,224234066
2024-07-18 11:06:12,88600.0,800,Sell,224234067
2024-07-18 11:06:12,88600.0,700,Sell,224234064
2024-07-18 11:06:12,88600.0,400,Sell,224234069
2024-07-18 11:06:12,88600.0,300,Sell,224234070
2024-07-18 11:06:12,88600.0,2000,Sell,224234071
2024-07-18 11:06:12,88600.0,1900,Sell,224234068
2024-07-18 11:06:12,88600.0,300,Sell,224234073
2024-07-18 11:06:49,88600.0,100,Buy,224234787
2024-07-18 11:06:59,88600.0,300,Buy,224234962
2024-07-18 11:07:10,88600.0,300,Buy,224235176
2024-07-18 11:07:53,88600.0,300,Buy,224236076
2024-07-18 11:08:46,88600.0,300,Buy,224237122
2024-07-18 11:09:40,88600.0,400,Buy,224238597
2024-07-18 11:10:00,88600.0,900,Buy,224239043
2024-07-18 11:10:00,88600.0,400,Buy,224239041
2024-07-18 11:10:00,88600.0,500,Buy,224239040
2024-07-18 11:10:00,88600.0,2300,Buy,224239042
2024-07-18 11:10:01,88600.0,300,Buy,224239046
2024-07-18 11:10:01,88600.0,500,Buy,224239047
2024-07-18 11:10:01,88600.0,100,Buy,224239048
2024-07-18 11:10:01,88600.0,100,Buy,224239049
2024-07-18 11:10:01,88600.0,500,Buy,224239050
2024-07-18 11:10:01,88600.0,400,Buy,224239051
2024-07-18 11:10:18,88600.0,100,Buy,224239466
2024-07-18 11:10:24,88600.0,100,Buy,224239561
2024-07-18 11:10:30,88600.0,100,Buy,224239733
2024-07-18 11:10:33,88600.0,300,Buy,224239767
2024-07-18 11:10:33,88600.0,100,Buy,224239768
2024-07-18 11:10:34,88600.0,100,Buy,224239770
2024-07-18 11:10:40,88600.0,700,Buy,224239891
2024-07-18 11:10:40,88600.0,100,Buy,224239892
2024-07-18 11:10:40,88600.0,200,Buy,224239893
2024-07-18 11:11:41,88600.0,300,Sell,224241199
2024-07-18 11:13:13,88600.0,700,Sell,224242870
2024-07-18 11:13:13,88600.0,300,Sell,224242869
2024-07-18 11:14:14,88600.0,100,Sell,224243996
2024-07-18 11:14:14,88600.0,100,Sell,224243995
2024-07-18 11:15:04,88600.0,200,Sell,224245330
2024-07-18 11:15:04,88600.0,1800,Sell,224245329
2024-07-18 11:15:09,88600.0,100,Sell,224245394
2024-07-18 11:15:09,88600.0,300,Sell,224245395
2024-07-18 11:15:25,88600.0,100,Sell,224245836
2024-07-18 11:15:25,88600.0,500,Sell,224245837
2024-07-18 11:15:25,88600.0,300,Sell,224245838
2024-07-18 11:15:25,88600.0,100,Sell,224245839
2024-07-18 11:16:26,88600.0,600,Sell,224247477
2024-07-18 11:16:40,88600.0,300,Sell,224247752
2024-07-18 11:16:41,88600.0,300,Sell,224247792
2024-07-18 11:16:41,88600.0,400,Sell,224247793
2024-07-18 11:16:41,88600.0,100,Sell,224247790
2024-07-18 11:16:41,88600.0,200,Sell,224247791
2024-07-18 11:16:42,88600.0,400,Sell,224247806
2024-07-18 11:16:42,88600.0,300,Sell,224247807
2024-07-18 11:16:42,88600.0,100,Sell,224247808
2024-07-18 11:16:42,88600.0,200,Sell,224247805
2024-07-18 11:17:11,88600.0,200,Sell,224248373
2024-07-18 11:17:11,88600.0,300,Sell,224248374
2024-07-18 11:17:11,88600.0,300,Sell,224248375
2024-07-18 11:17:11,88600.0,200,Sell,224248376
2024-07-18 11:17:15,88600.0,100,Sell,224248447
2024-07-18 11:17:15,88600.0,100,Sell,224248448
2024-07-18 11:17:15,88600.0,100,Sell,224248449
2024-07-18 11:18:00,88700.0,100,Buy,224249566
2024-07-18 11:18:06,88600.0,100,Sell,224249688
2024-07-18 11:18:06,88600.0,500,Sell,224249686
2024-07-18 11:18:06,88600.0,600,Sell,224249685
2024-07-18 11:18:06,88600.0,400,Sell,224249687
2024-07-18 11:18:52,88600.0,700,Sell,224250741
2024-07-18 11:18:52,88600.0,300,Sell,224250742
2024-07-18 11:19:26,88600.0,100,Sell,224251397
2024-07-18 11:19:50,88600.0,100,Sell,224251942
2024-07-18 11:19:51,88600.0,200,Sell,224251992
2024-07-18 11:19:57,88700.0,100,Buy,224252115
2024-07-18 11:19:58,88700.0,100,Buy,224252125
2024-07-18 11:20:20,88700.0,100,Buy,224252559
2024-07-18 11:20:20,88700.0,100,Buy,224252560
2024-07-18 11:20:20,88700.0,100,Buy,224252561
2024-07-18 11:20:20,88700.0,2200,Buy,224252562
2024-07-18 11:20:22,88700.0,300,Buy,224252597
2024-07-18 11:21:15,88700.0,300,Buy,224253637
2024-07-18 11:22:09,88700.0,300,Buy,224254631
2024-07-18 11:23:02,88700.0,400,Buy,224255548
2024-07-18 11:23:13,88600.0,500,Sell,224255818
2024-07-18 11:23:42,88600.0,200,Sell,224256297
2024-07-18 11:25:06,88600.0,500,Sell,224257809
2024-07-18 11:25:56,88700.0,2600,Buy,224258874
2024-07-18 11:26:36,88700.0,300,Buy,224259640
2024-07-18 11:27:30,88700.0,300,Buy,224260541
2024-07-18 11:28:23,88700.0,300,Buy,224261467
2024-07-18 11:28:35,88700.0,3400,Buy,224261711
2024-07-18 11:29:11,88600.0,100,Sell,224262390
2024-07-18 12:59:40,88600.0,600,Sell,224263645
2024-07-18 12:59:40,88600.0,100,Sell,224263643
2024-07-18 12:59:40,88600.0,200,Sell,224263642
2024-07-18 12:59:40,88600.0,300,Sell,224263644
2024-07-18 12:59:44,88600.0,300,Sell,224265028
2024-07-18 12:59:44,88600.0,400,Sell,224265029
2024-07-18 12:59:44,88600.0,3000,Sell,224265030
2024-07-18 12:59:44,88600.0,300,Sell,224265031
2024-07-18 12:59:44,88600.0,200,Sell,224265032
2024-07-18 12:59:44,88600.0,300,Sell,224265033
2024-07-18 12:59:44,88600.0,500,Sell,224265034
2024-07-18 12:59:44,88600.0,300,Sell,224265035
2024-07-18 12:59:44,88600.0,300,Sell,224265036
2024-07-18 12:59:44,88600.0,200,Sell,224265037
2024-07-18 12:59:44,88600.0,100,Sell,224265038
2024-07-18 12:59:44,88600.0,100,Sell,224265039
2024-07-18 12:59:46,88600.0,700,Sell,224265891
2024-07-18 12:59:46,88600.0,200,Sell,224265890
2024-07-18 12:59:46,88600.0,100,Sell,224265889
2024-07-18 12:59:46,88600.0,100,Sell,224265888
2024-07-18 12:59:47,88600.0,200,Sell,224266313
2024-07-18 12:59:51,88700.0,100,Buy,224267262
2024-07-18 12:59:53,88600.0,100,Sell,224267583
2024-07-18 12:59:53,88600.0,1000,Sell,224267584
2024-07-18 12:59:54,88600.0,300,Sell,224267757
2024-07-18 13:00:04,88500.0,400,Sell,224269035
2024-07-18 13:00:04,88500.0,100,Sell,224269034
2024-07-18 13:00:04,88500.0,200,Sell,224269033
2024-07-18 13:00:04,88500.0,200,Sell,224269032
2024-07-18 13:00:04,88500.0,500,Sell,224269031
2024-07-18 13:00:04,88500.0,100,Sell,224269030
2024-07-18 13:00:04,88500.0,1500,Sell,224269029
2024-07-18 13:00:04,88500.0,1600,Sell,224269028
2024-07-18 13:00:04,88600.0,300,Sell,224269027
2024-07-18 13:00:04,88600.0,100,Sell,224269023
2024-07-18 13:00:04,88600.0,100,Sell,224269025
2024-07-18 13:00:04,88600.0,100,Sell,224269024
2024-07-18 13:00:04,88600.0,300,Sell,224269022
2024-07-18 13:00:04,88600.0,300,Sell,224269021
2024-07-18 13:00:04,88600.0,100,Sell,224269020
2024-07-18 13:00:04,88600.0,300,Sell,224269019
2024-07-18 13:00:04,88600.0,300,Sell,224269018
2024-07-18 13:00:04,88600.0,3400,Sell,224269017
2024-07-18 13:00:04,88600.0,100,Sell,224269026
2024-07-18 13:00:10,88600.0,200,Buy,224269376
2024-07-18 13:00:24,88600.0,200,Sell,224269997
2024-07-18 13:01:04,88600.0,300,Buy,224271211
2024-07-18 13:01:26,88600.0,500,Buy,224271879
2024-07-18 13:01:26,88600.0,500,Buy,224271878
2024-07-18 13:01:26,88600.0,400,Buy,224271877
2024-07-18 13:01:31,88600.0,100,Sell,224272093
2024-07-18 13:01:36,88600.0,500,Sell,224272295
2024-07-18 13:01:48,88600.0,100,Sell,224272783
2024-07-18 13:02:08,88600.0,300,Sell,224273626
2024-07-18 13:02:17,88600.0,300,Sell,224273886
2024-07-18 13:02:31,88600.0,300,Sell,224274461
2024-07-18 13:02:31,88600.0,200,Sell,224274462
2024-07-18 13:02:36,88600.0,100,Sell,224274679
2024-07-18 13:02:51,88600.0,300,Buy,224275324
2024-07-18 13:03:25,88600.0,500,Buy,224277096
2024-07-18 13:03:25,88600.0,100,Buy,224277097
2024-07-18 13:03:25,88600.0,500,Buy,224277095
2024-07-18 13:03:25,88600.0,200,Buy,224277094
2024-07-18 13:03:42,88600.0,100,Sell,224277698
2024-07-18 13:03:47,88600.0,1000,Sell,224277923
2024-07-18 13:03:50,88600.0,500,Sell,224278098
2024-07-18 13:04:10,88600.0,300,Sell,224278996
2024-07-18 13:04:10,88600.0,100,Sell,224278994
2024-07-18 13:04:22,88500.0,200,Sell,224279500
2024-07-18 13:04:52,88500.0,200,Sell,224280741
2024-07-18 13:04:56,88500.0,100,Sell,224280864
2024-07-18 13:05:07,88500.0,100,Sell,224281334
2024-07-18 13:05:19,88500.0,100,Sell,224282029
2024-07-18 13:05:28,88500.0,300,Sell,224282318
2024-07-18 13:05:35,88500.0,2000,Sell,224282647
2024-07-18 13:05:50,88500.0,200,Sell,224283371
2024-07-18 13:06:03,88500.0,200,Sell,224283914
2024-07-18 13:06:08,88500.0,1700,Sell,224284131
2024-07-18 13:06:08,88500.0,1200,Sell,224284129
2024-07-18 13:06:11,88500.0,300,Sell,224284231
2024-07-18 13:06:11,88500.0,100,Sell,224284232
2024-07-18 13:06:11,88500.0,100,Sell,224284233
2024-07-18 13:06:11,88500.0,500,Sell,224284234
2024-07-18 13:06:11,88500.0,200,Sell,224284235
2024-07-18 13:06:11,88500.0,100,Sell,224284236
2024-07-18 13:06:11,88500.0,300,Sell,224284237
2024-07-18 13:06:11,88500.0,300,Sell,224284238
2024-07-18 13:06:23,88400.0,100,Sell,224284856
2024-07-18 13:06:23,88400.0,16900,Sell,224284857
2024-07-18 13:06:35,88400.0,200,Sell,224285365
2024-07-18 13:06:35,88400.0,400,Sell,224285366
2024-07-18 13:06:35,88400.0,500,Sell,224285363
2024-07-18 13:06:35,88400.0,100,Sell,224285364
2024-07-18 13:06:35,88400.0,3100,Sell,224285362
2024-07-18 13:06:43,88300.0,1000,Sell,224285717
2024-07-18 13:06:45,88300.0,100,Sell,224285783
2024-07-18 13:07:04,88400.0,1000,Buy,224286688
2024-07-18 13:07:10,88300.0,300,Sell,224286931
2024-07-18 13:07:10,88300.0,500,Sell,224286932
2024-07-18 13:07:10,88300.0,200,Sell,224286933
2024-07-18 13:07:29,88300.0,100,Sell,224287747
2024-07-18 13:07:35,88300.0,200,Sell,224287978
2024-07-18 13:08:03,88300.0,1300,Sell,224289552
2024-07-18 13:08:03,88300.0,1900,Sell,224289553
2024-07-18 13:08:03,88300.0,400,Sell,224289550
2024-07-18 13:08:03,88300.0,100,Sell,224289549
2024-07-18 13:08:03,88300.0,300,Sell,224289551
2024-07-18 13:09:08,88300.0,500,Sell,224292086
2024-07-18 13:09:18,88300.0,600,Sell,224292483
2024-07-18 13:09:18,88300.0,300,Sell,224292484
2024-07-18 13:09:18,88300.0,100,Sell,224292485
2024-07-18 13:09:23,88300.0,100,Sell,224292611
2024-07-18 13:11:48,88400.0,100,Buy,224297832
2024-07-18 13:12:08,88400.0,100,Buy,224298526
2024-07-18 13:12:19,88400.0,3000,Buy,224298968
2024-07-18 13:12:27,88300.0,300,Sell,224299236
2024-07-18 13:12:27,88300.0,200,Sell,224299237
2024-07-18 13:14:10,88400.0,500,Sell,224302336
2024-07-18 13:14:11,88500.0,500,Buy,224302421
2024-07-18 13:14:25,88500.0,300,Buy,224302790
2024-07-18 13:14:26,88500.0,100,Buy,224302802
2024-07-18 13:14:26,88500.0,200,Buy,224302801
2024-07-18 13:14:40,88400.0,700,Sell,224303329
2024-07-18 13:14:40,88400.0,2200,Sell,224303330
2024-07-18 13:14:40,88400.0,500,Sell,224303331
2024-07-18 13:14:40,88400.0,300,Sell,224303332
2024-07-18 13:14:40,88400.0,300,Sell,224303333
2024-07-18 13:14:40,88400.0,600,Sell,224303334
2024-07-18 13:14:40,88400.0,300,Sell,224303335
2024-07-18 13:14:40,88400.0,100,Sell,224303336
2024-07-18 13:15:53,88500.0,100,Buy,224305647
2024-07-18 13:16:13,88500.0,300,Buy,224306309
2024-07-18 13:16:18,88400.0,300,Sell,224306453
2024-07-18 13:16:18,88400.0,100,Sell,224306451
2024-07-18 13:16:18,88400.0,300,Sell,224306452
2024-07-18 13:16:18,88400.0,100,Sell,224306449
2024-07-18 13:16:18,88400.0,100,Sell,224306448
2024-07-18 13:16:18,88400.0,100,Sell,224306450
2024-07-18 13:16:35,88300.0,500,Sell,224306904
2024-07-18 13:17:11,88300.0,2000,Sell,224307945
2024-07-18 13:17:55,88400.0,700,Buy,224309207
2024-07-18 13:17:55,88400.0,500,Buy,224309208
2024-07-18 13:17:55,88400.0,2200,Buy,224309209
2024-07-18 13:17:55,88400.0,300,Buy,224309210
2024-07-18 13:17:56,88400.0,300,Buy,224309214
2024-07-18 13:17:56,88400.0,300,Buy,224309215
2024-07-18 13:17:56,88400.0,300,Buy,224309216
2024-07-18 13:17:56,88400.0,300,Buy,224309217
2024-07-18 13:17:56,88400.0,100,Buy,224309221
2024-07-18 13:17:57,88400.0,100,Buy,224309248
2024-07-18 13:17:59,88400.0,100,Buy,224309305
2024-07-18 13:17:59,88400.0,100,Buy,224309299
2024-07-18 13:17:59,88400.0,100,Buy,224309298
2024-07-18 13:17:59,88400.0,100,Buy,224309304
2024-07-18 13:18:00,88400.0,300,Buy,224309330
2024-07-18 13:18:53,88400.0,200,Buy,224310818
2024-07-18 13:18:53,88400.0,100,Buy,224310819
2024-07-18 13:18:58,88400.0,200,Buy,224310966
2024-07-18 13:19:19,88400.0,400,Buy,224311553
2024-07-18 13:19:21,88400.0,500,Buy,224311593
2024-07-18 13:19:27,88300.0,300,Sell,224311766
2024-07-18 13:19:27,88300.0,300,Sell,224311767
2024-07-18 13:19:27,88300.0,1400,Sell,224311768
2024-07-18 13:20:35,88300.0,1000,Sell,224314106
2024-07-18 13:21:10,88400.0,100,Buy,224315328
2024-07-18 13:21:10,88400.0,500,Buy,224315327
2024-07-18 13:21:10,88400.0,100,Buy,224315326
2024-07-18 13:21:10,88400.0,2800,Buy,224315323
2024-07-18 13:21:10,88400.0,400,Buy,224315325
2024-07-18 13:21:10,88400.0,600,Buy,224315324
2024-07-18 13:21:11,88400.0,600,Buy,224315365
2024-07-18 13:21:11,88400.0,4900,Buy,224315331
2024-07-18 13:21:11,88400.0,3700,Buy,224315332
2024-07-18 13:21:11,88400.0,1300,Buy,224315360
2024-07-18 13:21:11,88400.0,1100,Buy,224315361
2024-07-18 13:21:11,88400.0,1400,Buy,224315362
2024-07-18 13:21:11,88400.0,1200,Buy,224315363
2024-07-18 13:21:11,88400.0,1300,Buy,224315364
2024-07-18 13:21:20,88400.0,200,Buy,224315677
2024-07-18 13:21:20,88400.0,100,Buy,224315678
2024-07-18 13:21:20,88400.0,100,Buy,224315676
2024-07-18 13:21:20,88400.0,100,Buy,224315688
2024-07-18 13:21:20,88400.0,900,Buy,224315672
2024-07-18 13:21:20,88400.0,200,Buy,224315670
2024-07-18 13:21:20,88400.0,100,Buy,224315673
2024-07-18 13:21:20,88400.0,300,Buy,224315671
2024-07-18 13:21:30,88400.0,100,Buy,224316071
2024-07-18 13:21:42,88400.0,100,Buy,224316411
2024-07-18 13:21:42,88400.0,300,Buy,224316410
2024-07-18 13:21:43,88400.0,100,Buy,224316457
2024-07-18 13:22:36,88400.0,300,Buy,224318176
2024-07-18 13:23:31,88400.0,400,Buy,224320433
2024-07-18 13:23:33,88300.0,500,Sell,224320603
2024-07-18 13:23:33,88300.0,100,Sell,224320601
2024-07-18 13:23:33,88300.0,300,Sell,224320602
2024-07-18 13:23:33,88300.0,200,Sell,224320599
2024-07-18 13:23:33,88300.0,600,Sell,224320598
2024-07-18 13:23:33,88300.0,300,Sell,224320600
2024-07-18 13:24:12,88300.0,100,Sell,224322442
2024-07-18 13:24:12,88300.0,100,Sell,224322437
2024-07-18 13:24:12,88300.0,100,Sell,224322438
2024-07-18 13:24:12,88300.0,1000,Sell,224322439
2024-07-18 13:24:12,88300.0,200,Sell,224322440
2024-07-18 13:24:12,88300.0,300,Sell,224322441
2024-07-18 13:24:12,88300.0,700,Sell,224322443
2024-07-18 13:24:12,88300.0,600,Sell,224322449
2024-07-18 13:24:12,88300.0,300,Sell,224322445
2024-07-18 13:24:12,88300.0,2200,Sell,224322446
2024-07-18 13:24:12,88300.0,300,Sell,224322447
2024-07-18 13:24:12,88300.0,300,Sell,224322448
2024-07-18 13:24:12,88300.0,300,Sell,224322436
2024-07-18 13:24:12,88300.0,400,Sell,224322451
2024-07-18 13:24:12,88300.0,500,Sell,224322452
2024-07-18 13:24:12,88300.0,500,Sell,224322444
2024-07-18 13:24:12,88300.0,100,Sell,224322450
2024-07-18 13:24:12,88300.0,500,Sell,224322435
2024-07-18 13:24:12,88300.0,300,Sell,224322420
2024-07-18 13:24:12,88300.0,1500,Sell,224322418
2024-07-18 13:24:12,88300.0,300,Sell,224322419
2024-07-18 13:24:12,88300.0,300,Sell,224322434
2024-07-18 13:24:12,88300.0,700,Sell,224322421
2024-07-18 13:24:12,88300.0,500,Sell,224322422
2024-07-18 13:24:12,88300.0,300,Sell,224322423
2024-07-18 13:24:12,88300.0,2200,Sell,224322424
2024-07-18 13:24:12,88300.0,3000,Sell,224322433
2024-07-18 13:24:12,88300.0,600,Sell,224322426
2024-07-18 13:24:12,88300.0,300,Sell,224322427
2024-07-18 13:24:12,88300.0,100,Sell,224322428
2024-07-18 13:24:12,88300.0,100,Sell,224322429
2024-07-18 13:24:12,88300.0,100,Sell,224322430
2024-07-18 13:24:12,88300.0,100,Sell,224322431
2024-07-18 13:24:12,88300.0,400,Sell,224322432
2024-07-18 13:24:12,88300.0,300,Sell,224322425
2024-07-18 13:24:20,88300.0,2000,Sell,224322759
2024-07-18 13:24:23,88400.0,1000,Buy,224322875
2024-07-18 13:24:23,88400.0,200,Buy,224322874
2024-07-18 13:24:44,88400.0,1000,Sell,224323631
2024-07-18 13:24:55,88500.0,100,Buy,224324086
2024-07-18 13:24:57,88500.0,100,Buy,224324171
2024-07-18 13:24:57,88500.0,200,Buy,224324172
2024-07-18 13:24:57,88500.0,300,Buy,224324173
2024-07-18 13:24:57,88500.0,600,Buy,224324174
2024-07-18 13:24:57,88500.0,1800,Buy,224324175
2024-07-18 13:24:58,88400.0,100,Sell,224324216
2024-07-18 13:25:54,88500.0,2800,Buy,224326102
2024-07-18 13:25:54,88500.0,200,Buy,224326101
2024-07-18 13:26:08,88500.0,100,Buy,224326662
2024-07-18 13:26:08,88500.0,200,Buy,224326659
2024-07-18 13:26:08,88500.0,1000,Buy,224326660
2024-07-18 13:26:08,88500.0,500,Buy,224326661
2024-07-18 13:26:20,88500.0,1000,Sell,224326977
2024-07-18 13:26:49,88600.0,100,Buy,224327850
2024-07-18 13:26:49,88600.0,1000,Buy,224327851
2024-07-18 13:26:49,88600.0,1900,Buy,224327852
2024-07-18 13:26:50,88500.0,100,Sell,224327880
2024-07-18 13:27:02,88500.0,100,Sell,224328182
2024-07-18 13:27:02,88500.0,400,Sell,224328183
2024-07-18 13:27:02,88500.0,700,Sell,224328184
2024-07-18 13:27:02,88500.0,300,Sell,224328185
2024-07-18 13:27:02,88500.0,200,Sell,224328186
2024-07-18 13:27:28,88500.0,100,Sell,224329002
2024-07-18 13:27:36,88500.0,100,Sell,224329190
2024-07-18 13:27:49,88600.0,3000,Buy,224329613
2024-07-18 13:28:01,88600.0,400,Buy,224329980
2024-07-18 13:28:07,88600.0,3000,Buy,224330210
2024-07-18 13:28:39,88600.0,300,Buy,224330989
2024-07-18 13:28:47,88600.0,1400,Buy,224331182
2024-07-18 13:28:47,88600.0,1600,Buy,224331183
2024-07-18 13:28:55,88600.0,400,Buy,224331427
2024-07-18 13:29:04,88600.0,3000,Buy,224331626
2024-07-18 13:29:27,88600.0,3000,Buy,224332281
2024-07-18 13:29:44,88600.0,3000,Buy,224332902
2024-07-18 13:29:49,88600.0,400,Buy,224333045
2024-07-18 13:29:58,88500.0,100,Sell,224333404
2024-07-18 13:29:58,88500.0,400,Sell,224333405
2024-07-18 13:30:13,88500.0,100,Sell,224333801
2024-07-18 13:30:16,88600.0,100,Buy,224333889
2024-07-18 13:30:37,88600.0,3000,Buy,224334575
2024-07-18 13:30:37,88500.0,500,Sell,224334582
2024-07-18 13:30:48,88500.0,100,Sell,224334918
2024-07-18 13:30:52,88500.0,100,Sell,224335050
2024-07-18 13:31:24,88600.0,500,Buy,224336279
2024-07-18 13:31:37,88600.0,400,Buy,224336645
2024-07-18 13:32:31,88600.0,400,Buy,224338468
2024-07-18 13:32:36,88500.0,100,Sell,224338705
2024-07-18 13:32:46,88600.0,3000,Buy,224339142
2024-07-18 13:32:52,88500.0,600,Sell,224339395
2024-07-18 13:32:54,88500.0,100,Sell,224339450
2024-07-18 13:33:23,88500.0,100,Sell,224340503
2024-07-18 13:33:52,88500.0,1000,Sell,224341432
2024-07-18 13:33:52,88500.0,300,Sell,224341431
2024-07-18 13:33:52,88500.0,300,Sell,224341430
2024-07-18 13:33:52,88500.0,100,Sell,224341429
2024-07-18 13:33:52,88500.0,600,Sell,224341427
2024-07-18 13:33:52,88500.0,300,Sell,224341426
2024-07-18 13:33:52,88500.0,100,Sell,224341425
2024-07-18 13:33:52,88500.0,300,Sell,224341428
2024-07-18 13:34:16,88500.0,2000,Sell,224342389
2024-07-18 13:34:16,88500.0,300,Sell,224342390
2024-07-18 13:34:16,88500.0,700,Sell,224342391
2024-07-18 13:34:16,88500.0,500,Sell,224342392
2024-07-18 13:34:16,88500.0,300,Sell,224342393
2024-07-18 13:34:16,88500.0,2200,Sell,224342394
2024-07-18 13:34:16,88500.0,600,Sell,224342395
2024-07-18 13:34:16,88500.0,300,Sell,224342402
2024-07-18 13:34:16,88500.0,300,Sell,224342403
2024-07-18 13:34:16,88500.0,100,Sell,224342404
2024-07-18 13:34:16,88500.0,400,Sell,224342405
2024-07-18 13:34:20,88500.0,400,Buy,224342549
2024-07-18 13:34:57,88500.0,1000,Buy,224344048
2024-07-18 13:35:14,88500.0,300,Buy,224344615
2024-07-18 13:35:19,88500.0,1700,Buy,224344775
2024-07-18 13:35:19,88500.0,100,Buy,224344788
2024-07-18 13:35:19,88500.0,600,Buy,224344787
2024-07-18 13:35:19,88500.0,1400,Buy,224344786
2024-07-18 13:35:19,88500.0,1000,Buy,224344774
2024-07-18 13:35:19,88500.0,400,Buy,224344784
2024-07-18 13:35:19,88500.0,900,Buy,224344776
2024-07-18 13:35:19,88500.0,4600,Buy,224344785
2024-07-18 13:35:19,88500.0,2000,Buy,224344777
2024-07-18 13:35:20,88500.0,1300,Buy,224344792
2024-07-18 13:35:40,88500.0,100,Buy,224345397
2024-07-18 13:35:48,88500.0,500,Buy,224345625
2024-07-18 13:36:11,88500.0,500,Sell,224346388
2024-07-18 13:36:11,88500.0,400,Sell,224346389
2024-07-18 13:37:02,88500.0,400,Buy,224347878
2024-07-18 13:37:07,88400.0,500,Sell,224348074
2024-07-18 13:37:33,88500.0,100,Buy,224348833
2024-07-18 13:37:38,88400.0,200,Sell,224349006
2024-07-18 13:37:38,88400.0,400,Sell,224349007
2024-07-18 13:37:38,88400.0,200,Sell,224349008
2024-07-18 13:37:59,88400.0,700,Sell,224349595
2024-07-18 13:38:18,88500.0,100,Buy,224350209
2024-07-18 13:38:19,88400.0,700,Sell,224350225
2024-07-18 13:38:37,88400.0,100,Sell,224350828
2024-07-18 13:38:39,88400.0,700,Sell,224350877
2024-07-18 13:38:50,88500.0,300,Buy,224351193
2024-07-18 13:38:59,88400.0,600,Sell,224351496
2024-07-18 13:38:59,88400.0,100,Sell,224351497
2024-07-18 13:39:06,88500.0,100,Buy,224351735
2024-07-18 13:39:19,88400.0,300,Sell,224352095
2024-07-18 13:39:19,88400.0,400,Sell,224352096
2024-07-18 13:39:39,88400.0,700,Sell,224352714
2024-07-18 13:39:47,88400.0,200,Sell,224352941
2024-07-18 13:39:52,88500.0,100,Buy,224353126
2024-07-18 13:39:59,88400.0,700,Sell,224353302
2024-07-18 13:40:19,88400.0,700,Sell,224353852
2024-07-18 13:40:20,88500.0,1400,Buy,224353879
2024-07-18 13:40:38,88500.0,400,Buy,224354421
2024-07-18 13:40:39,88400.0,300,Sell,224354449
2024-07-18 13:40:39,88400.0,400,Sell,224354450
2024-07-18 13:40:59,88400.0,700,Sell,224355071
2024-07-18 13:41:20,88400.0,300,Sell,224355629
2024-07-18 13:41:20,88400.0,300,Sell,224355630
2024-07-18 13:41:20,88400.0,100,Sell,224355631
2024-07-18 13:41:25,88400.0,100,Sell,224355744
2024-07-18 13:41:40,88400.0,300,Sell,224356267
2024-07-18 13:41:40,88400.0,400,Sell,224356268
2024-07-18 13:42:00,88400.0,700,Sell,224356826
2024-07-18 13:42:04,88400.0,200,Sell,224356925
2024-07-18 13:42:20,88400.0,700,Sell,224357447
2024-07-18 13:42:23,88400.0,2000,Sell,224357516
2024-07-18 13:42:31,88400.0,600,Sell,224357741
2024-07-18 13:42:31,88400.0,100,Sell,224357742
2024-07-18 13:42:31,88400.0,300,Sell,224357739
2024-07-18 13:42:31,88400.0,1000,Sell,224357740
2024-07-18 13:42:40,88400.0,700,Sell,224357938
2024-07-18 13:42:44,88400.0,400,Sell,224358069
2024-07-18 13:42:44,88400.0,700,Sell,224358070
2024-07-18 13:42:44,88400.0,700,Sell,224358071
2024-07-18 13:42:44,88400.0,200,Sell,224358072
2024-07-18 13:43:00,88400.0,300,Sell,224358510
2024-07-18 13:43:00,88400.0,300,Sell,224358511
2024-07-18 13:43:00,88400.0,1400,Sell,224358512
2024-07-18 13:43:00,88400.0,700,Sell,224358524
2024-07-18 13:43:10,88400.0,2400,Sell,224358800
2024-07-18 13:43:10,88400.0,100,Sell,224358798
2024-07-18 13:43:10,88400.0,400,Sell,224358799
2024-07-18 13:43:10,88400.0,300,Sell,224358797
2024-07-18 13:43:10,88400.0,300,Sell,224358792
2024-07-18 13:43:10,88400.0,100,Sell,224358795
2024-07-18 13:43:10,88400.0,400,Sell,224358796
2024-07-18 13:43:10,88400.0,100,Sell,224358791
2024-07-18 13:43:10,88400.0,600,Sell,224358794
2024-07-18 13:43:10,88400.0,300,Sell,224358793
2024-07-18 13:43:17,88400.0,600,Sell,224359012
2024-07-18 13:43:17,88400.0,400,Sell,224359013
2024-07-18 13:43:17,88400.0,100,Sell,224359014
2024-07-18 13:43:17,88400.0,400,Sell,224359015
2024-07-18 13:43:17,88400.0,100,Sell,224359032
2024-07-18 13:43:17,88400.0,100,Sell,224359033
2024-07-18 13:43:17,88400.0,300,Sell,224359034
2024-07-18 13:43:20,88400.0,400,Sell,224359155
2024-07-18 13:43:20,88400.0,300,Sell,224359156
2024-07-18 13:43:40,88400.0,200,Sell,224359687
2024-07-18 13:43:40,88400.0,300,Sell,224359686
2024-07-18 13:43:40,88400.0,200,Sell,224359685
2024-07-18 13:43:45,88400.0,1900,Sell,224359818
2024-07-18 13:43:45,88400.0,100,Sell,224359819
2024-07-18 13:43:59,88400.0,500,Sell,224360276
2024-07-18 13:43:59,88400.0,400,Sell,224360277
2024-07-18 13:43:59,88400.0,300,Sell,224360278
2024-07-18 13:43:59,88400.0,100,Sell,224360279
2024-07-18 13:43:59,88400.0,700,Sell,224360280
2024-07-18 13:44:01,88400.0,600,Sell,224360343
2024-07-18 13:44:01,88400.0,100,Sell,224360344
2024-07-18 13:44:21,88400.0,300,Sell,224360993
2024-07-18 13:44:21,88400.0,200,Sell,224360992
2024-07-18 13:44:21,88400.0,200,Sell,224360991
2024-07-18 13:44:28,88400.0,100,Sell,224361265
2024-07-18 13:44:28,88400.0,100,Sell,224361266
2024-07-18 13:44:35,88500.0,3000,Buy,224361525
2024-07-18 13:44:41,88400.0,400,Sell,224361850
2024-07-18 13:44:41,88400.0,100,Sell,224361851
2024-07-18 13:44:41,88400.0,200,Sell,224361852
2024-07-18 13:44:52,88500.0,3000,Buy,224362258
2024-07-18 13:45:01,88400.0,300,Sell,224362564
2024-07-18 13:45:01,88400.0,400,Sell,224362565
2024-07-18 13:45:21,88400.0,100,Sell,224363077
2024-07-18 13:45:21,88400.0,400,Sell,224363078
2024-07-18 13:45:21,88400.0,200,Sell,224363079
2024-07-18 13:45:41,88400.0,100,Sell,224363436
2024-07-18 13:45:41,88400.0,600,Sell,224363437
2024-07-18 13:45:59,88500.0,200,Buy,224363872
2024-07-18 13:45:59,88500.0,100,Buy,224363873
2024-07-18 13:45:59,88500.0,300,Buy,224363874
2024-07-18 13:45:59,88500.0,100,Buy,224363875
2024-07-18 13:45:59,88500.0,100,Buy,224363876
2024-07-18 13:45:59,88500.0,300,Buy,224363877
2024-07-18 13:45:59,88500.0,500,Buy,224363878
2024-07-18 13:45:59,88500.0,1000,Buy,224363879
2024-07-18 13:45:59,88500.0,300,Buy,224363880
2024-07-18 13:45:59,88500.0,100,Buy,224363881
2024-07-18 13:46:01,88400.0,400,Sell,224363961
2024-07-18 13:46:01,88300.0,300,Sell,224363962
2024-07-18 13:46:21,88300.0,200,Sell,224364381
2024-07-18 13:46:21,88300.0,400,Sell,224364382
2024-07-18 13:46:21,88300.0,100,Sell,224364383
2024-07-18 13:46:41,88300.0,700,Sell,224364833
2024-07-18 13:47:01,88300.0,400,Sell,224365442
2024-07-18 13:47:01,88300.0,300,Sell,224365441
2024-07-18 13:47:22,88300.0,800,Sell,224365909
2024-07-18 13:47:42,88300.0,800,Sell,224366319
2024-07-18 13:48:02,88300.0,800,Sell,224366910
2024-07-18 13:48:05,88400.0,100,Buy,224367006
2024-07-18 13:48:22,88300.0,800,Sell,224367361
2024-07-18 13:48:42,88300.0,800,Sell,224367831
2024-07-18 13:48:48,88400.0,300,Buy,224367954
2024-07-18 13:49:02,88300.0,800,Sell,224368313
2024-07-18 13:49:22,88400.0,200,Buy,224368815
2024-07-18 13:49:22,88300.0,800,Sell,224368816
2024-07-18 13:49:42,88300.0,800,Sell,224369328
2024-07-18 13:50:03,88300.0,800,Sell,224369938
2024-07-18 13:50:23,88300.0,800,Sell,224370328
2024-07-18 13:50:43,88300.0,800,Sell,224370771
2024-07-18 13:50:57,88300.0,800,Sell,224371209
2024-07-18 13:50:57,88300.0,100,Sell,224371210
2024-07-18 13:50:57,88300.0,400,Sell,224371211
2024-07-18 13:50:57,88300.0,100,Sell,224371212
2024-07-18 13:50:57,88300.0,300,Sell,224371213
2024-07-18 13:50:57,88300.0,300,Sell,224371214
2024-07-18 13:51:02,88300.0,100,Sell,224371384
2024-07-18 13:51:02,88300.0,900,Sell,224371385
2024-07-18 13:51:02,88300.0,100,Sell,224371448
2024-07-18 13:51:02,88300.0,400,Sell,224371449
2024-07-18 13:51:03,88300.0,800,Sell,224371466
2024-07-18 13:51:15,88300.0,200,Sell,224371805
2024-07-18 13:51:15,88300.0,100,Sell,224371804
2024-07-18 13:51:15,88300.0,200,Sell,224371803
2024-07-18 13:51:23,88300.0,100,Sell,224372179
2024-07-18 13:51:23,88300.0,200,Sell,224372176
2024-07-18 13:51:23,88300.0,400,Sell,224372177
2024-07-18 13:51:23,88300.0,100,Sell,224372178
2024-07-18 13:51:28,88300.0,300,Sell,224372286
2024-07-18 13:51:28,88300.0,100,Sell,224372287
2024-07-18 13:51:28,88300.0,100,Buy,224372302
2024-07-18 13:51:43,88300.0,200,Sell,224372799
2024-07-18 13:51:43,88200.0,600,Sell,224372800
2024-07-18 13:52:03,88200.0,800,Sell,224373417
2024-07-18 13:52:12,88200.0,1000,Sell,224373681
2024-07-18 13:52:23,88200.0,800,Sell,224374230
2024-07-18 13:52:34,88200.0,10000,Sell,224374554
2024-07-18 13:52:37,88200.0,4600,Sell,224374657
2024-07-18 13:52:43,88200.0,800,Sell,224374812
2024-07-18 13:53:04,88200.0,400,Sell,224375378
2024-07-18 13:53:04,88200.0,100,Sell,224375379
2024-07-18 13:53:04,88200.0,300,Sell,224375380
2024-07-18 13:53:20,88200.0,100,Sell,224376042
2024-07-18 13:53:20,88200.0,100,Sell,224376043
2024-07-18 13:53:20,88200.0,300,Sell,224376044
2024-07-18 13:53:24,88200.0,100,Sell,224376182
2024-07-18 13:53:24,88200.0,200,Sell,224376179
2024-07-18 13:53:24,88200.0,200,Sell,224376180
2024-07-18 13:53:24,88200.0,300,Sell,224376181
2024-07-18 13:53:44,88200.0,100,Sell,224376830
2024-07-18 13:53:44,88200.0,700,Sell,224376829
2024-07-18 13:54:04,88200.0,100,Sell,224377477
2024-07-18 13:54:04,88200.0,400,Sell,224377475
2024-07-18 13:54:04,88200.0,300,Sell,224377476
2024-07-18 13:54:24,88200.0,800,Sell,224378301
2024-07-18 13:54:44,88200.0,800,Sell,224378805
2024-07-18 13:55:04,88200.0,500,Sell,224379389
2024-07-18 13:55:04,88200.0,300,Sell,224379390
2024-07-18 13:55:05,88300.0,400,Buy,224379419
2024-07-18 13:55:24,88200.0,600,Sell,224379895
2024-07-18 13:55:24,88200.0,200,Sell,224379896
2024-07-18 13:55:44,88200.0,100,Sell,224380471
2024-07-18 13:55:44,88200.0,100,Sell,224380472
2024-07-18 13:55:44,88200.0,100,Sell,224380473
2024-07-18 13:55:44,88200.0,500,Sell,224380474
2024-07-18 13:56:05,88200.0,200,Sell,224381264
2024-07-18 13:56:05,88200.0,500,Sell,224381262
2024-07-18 13:56:05,88200.0,100,Sell,224381263
2024-07-18 13:56:25,88200.0,800,Sell,224382141
2024-07-18 13:56:45,88200.0,400,Sell,224382973
2024-07-18 13:56:45,88200.0,400,Sell,224382974
2024-07-18 13:56:53,88200.0,1000,Sell,224383270
2024-07-18 13:57:01,88200.0,700,Sell,224383531
2024-07-18 13:57:01,88200.0,300,Sell,224383532
2024-07-18 13:57:05,88200.0,200,Sell,224383687
2024-07-18 13:57:05,88200.0,300,Sell,224383688
2024-07-18 13:57:05,88200.0,300,Sell,224383689
2024-07-18 13:57:05,88200.0,1000,Sell,224383736
2024-07-18 13:57:25,88200.0,800,Sell,224384672
2024-07-18 13:57:29,88200.0,100,Sell,224384883
2024-07-18 13:57:34,88200.0,100,Sell,224385044
2024-07-18 13:57:34,88200.0,300,Sell,224385042
2024-07-18 13:57:34,88200.0,600,Sell,224385043
2024-07-18 13:57:40,88300.0,100,Buy,224385252
2024-07-18 13:57:45,88200.0,200,Sell,224385451
2024-07-18 13:57:45,88200.0,100,Sell,224385461
2024-07-18 13:57:45,88200.0,400,Sell,224385462
2024-07-18 13:57:45,88200.0,300,Sell,224385463
2024-07-18 13:57:45,88200.0,400,Sell,224385464
2024-07-18 13:57:45,88200.0,100,Sell,224385465
2024-07-18 13:57:45,88200.0,300,Sell,224385488
2024-07-18 13:57:45,88200.0,200,Sell,224385489
2024-07-18 13:57:45,88100.0,300,Sell,224385490
2024-07-18 13:58:02,88100.0,200,Sell,224386252
2024-07-18 13:58:02,88100.0,100,Sell,224386253
2024-07-18 13:58:02,88100.0,700,Sell,224386254
2024-07-18 13:58:05,88100.0,800,Sell,224386523
2024-07-18 13:58:13,88100.0,100,Sell,224386900
2024-07-18 13:58:13,88100.0,200,Sell,224386901
2024-07-18 13:58:13,88100.0,100,Sell,224386902
2024-07-18 13:58:13,88100.0,100,Sell,224386903
2024-07-18 13:58:13,88100.0,200,Sell,224386904
2024-07-18 13:58:13,88100.0,100,Sell,224386905
2024-07-18 13:58:13,88100.0,100,Sell,224386906
2024-07-18 13:58:13,88100.0,600,Sell,224386907
2024-07-18 13:58:13,88100.0,800,Sell,224386908
2024-07-18 13:58:13,88100.0,6000,Sell,224386909
2024-07-18 13:58:13,88100.0,1700,Sell,224386899
2024-07-18 13:58:26,88100.0,800,Sell,224387524
2024-07-18 13:58:33,88100.0,2500,Sell,224387934
2024-07-18 13:58:46,88100.0,100,Sell,224388852
2024-07-18 13:58:46,88100.0,700,Sell,224388851
2024-07-18 13:58:53,88100.0,100,Sell,224389212
2024-07-18 13:58:53,88100.0,600,Sell,224389209
2024-07-18 13:58:53,88100.0,500,Sell,224389210
2024-07-18 13:58:53,88100.0,300,Sell,224389211
2024-07-18 13:58:57,88100.0,600,Sell,224389456
2024-07-18 13:58:58,88100.0,1000,Sell,224389476
2024-07-18 13:59:06,88100.0,400,Sell,224390037
2024-07-18 13:59:06,88100.0,400,Sell,224390036
2024-07-18 13:59:26,88100.0,600,Sell,224391738
2024-07-18 13:59:26,88100.0,200,Sell,224391739
2024-07-18 14:00:06,88100.0,100,Sell,224395146
2024-07-18 14:00:06,88100.0,100,Sell,224395147
2024-07-18 14:00:06,88100.0,100,Sell,224395148
2024-07-18 14:00:06,88100.0,400,Sell,224395149
2024-07-18 14:00:06,88100.0,200,Sell,224395150
2024-07-18 14:00:27,88100.0,500,Sell,224396847
2024-07-18 14:00:33,88100.0,300,Sell,224397142
2024-07-18 14:00:38,88100.0,300,Sell,224397559
2024-07-18 14:00:43,88100.0,400,Sell,224397909
2024-07-18 14:01:04,88100.0,600,Sell,224399454
2024-07-18 14:01:04,88100.0,500,Sell,224399453
2024-07-18 14:01:04,88100.0,300,Sell,224399450
2024-07-18 14:01:04,88100.0,400,Sell,224399451
2024-07-18 14:01:04,88100.0,700,Sell,224399452
2024-07-18 14:01:12,88100.0,400,Sell,224400033
2024-07-18 14:01:14,88100.0,400,Sell,224400111
2024-07-18 14:01:21,88200.0,100,Buy,224400736
2024-07-18 14:01:21,88200.0,100,Buy,224400737
2024-07-18 14:01:58,88200.0,200,Sell,224404298
2024-07-18 14:02:06,88200.0,200,Sell,224405303
2024-07-18 14:02:14,88200.0,100,Buy,224406156
2024-07-18 14:02:14,88200.0,100,Buy,224406157
2024-07-18 14:02:14,88200.0,100,Buy,224406116
2024-07-18 14:02:14,88200.0,100,Buy,224406117
2024-07-18 14:02:17,88200.0,400,Buy,224406428
2024-07-18 14:02:24,88200.0,100,Buy,224407144
2024-07-18 14:02:32,88200.0,100,Buy,224407975
2024-07-18 14:02:32,88200.0,100,Buy,224407973
2024-07-18 14:02:32,88200.0,100,Buy,224407974
2024-07-18 14:02:32,88200.0,100,Buy,224407965
2024-07-18 14:02:32,88200.0,100,Buy,224407964
2024-07-18 14:02:32,88200.0,100,Buy,224407963
2024-07-18 14:02:32,88200.0,400,Buy,224407966
2024-07-18 14:02:39,88100.0,100,Sell,224408595
2024-07-18 14:02:47,88100.0,700,Sell,224409334
2024-07-18 14:02:47,88100.0,200,Sell,224409335
2024-07-18 14:03:22,88100.0,400,Sell,224412011
2024-07-18 14:03:22,88100.0,6900,Sell,224412013
2024-07-18 14:03:22,88100.0,1000,Sell,224412012
2024-07-18 14:03:22,88100.0,300,Sell,224412010
2024-07-18 14:03:22,88100.0,600,Sell,224412006
2024-07-18 14:03:22,88100.0,100,Sell,224412008
2024-07-18 14:03:22,88100.0,300,Sell,224412007
2024-07-18 14:03:22,88100.0,100,Sell,224412005
2024-07-18 14:03:22,88100.0,300,Sell,224412009
2024-07-18 14:03:25,88200.0,100,Buy,224412230
2024-07-18 14:03:37,88100.0,3100,Sell,224413248
2024-07-18 14:03:37,88100.0,100,Sell,224413249
2024-07-18 14:03:37,88100.0,1000,Sell,224413250
2024-07-18 14:03:37,88100.0,200,Sell,224413251
2024-07-18 14:03:37,88100.0,300,Sell,224413252
2024-07-18 14:03:37,88100.0,2800,Sell,224413253
2024-07-18 14:03:49,88000.0,400,Sell,224414173
2024-07-18 14:03:50,88000.0,200,Sell,224414182
2024-07-18 14:03:50,88000.0,1500,Sell,224414184
2024-07-18 14:03:50,88000.0,200,Sell,224414181
2024-07-18 14:03:50,88000.0,200,Sell,224414183
2024-07-18 14:04:16,88000.0,100,Sell,224415917
2024-07-18 14:04:20,88200.0,100,Buy,224416230
2024-07-18 14:04:58,88200.0,500,Buy,224418425
2024-07-18 14:04:59,88200.0,400,Buy,224418476
2024-07-18 14:05:09,88100.0,1000,Sell,224419093
2024-07-18 14:05:09,88100.0,500,Sell,224419094
2024-07-18 14:05:12,88200.0,100,Buy,224419231
2024-07-18 14:05:29,88200.0,100,Buy,224420336
2024-07-18 14:05:53,88200.0,400,Buy,224421551
2024-07-18 14:06:01,88200.0,500,Buy,224421958
2024-07-18 14:06:01,88200.0,600,Buy,224421959
2024-07-18 14:06:01,88200.0,100,Buy,224421960
2024-07-18 14:06:12,88200.0,1200,Sell,224422593
2024-07-18 14:06:12,88200.0,300,Sell,224422592
2024-07-18 14:06:13,88200.0,300,Sell,224422654
2024-07-18 14:06:14,88200.0,100,Buy,224422680
2024-07-18 14:06:29,88200.0,100,Buy,224423342
2024-07-18 14:06:36,88200.0,1000,Buy,224423716
2024-07-18 14:06:48,88200.0,400,Buy,224424341
2024-07-18 14:06:51,88200.0,100,Buy,224424468
2024-07-18 14:07:26,88200.0,400,Sell,224425887
2024-07-18 14:07:26,88200.0,200,Sell,224425888
2024-07-18 14:07:40,88300.0,100,Buy,224426327
2024-07-18 14:07:40,88300.0,200,Buy,224426328
2024-07-18 14:07:42,88300.0,300,Buy,224426453
2024-07-18 14:08:01,88300.0,300,Buy,224427216
2024-07-18 14:08:05,88300.0,100,Buy,224427400
2024-07-18 14:08:05,88300.0,100,Buy,224427401
2024-07-18 14:08:05,88300.0,2600,Buy,224427402
2024-07-18 14:08:05,88300.0,200,Buy,224427399
2024-07-18 14:08:10,88200.0,100,Sell,224427603
2024-07-18 14:08:10,88200.0,100,Sell,224427604
2024-07-18 14:08:10,88200.0,200,Sell,224427605
2024-07-18 14:08:10,88100.0,100,Sell,224427606
2024-07-18 14:08:21,88100.0,500,Sell,224428252
2024-07-18 14:08:59,88200.0,200,Buy,224430017
2024-07-18 14:09:00,88200.0,100,Buy,224430051
2024-07-18 14:09:00,88100.0,300,Sell,224430056
2024-07-18 14:09:02,88200.0,200,Buy,224430124
2024-07-18 14:09:18,88200.0,500,Sell,224430714
2024-07-18 14:09:19,88300.0,100,Buy,224430761
2024-07-18 14:09:29,88200.0,500,Sell,224431297
2024-07-18 14:09:38,88200.0,800,Sell,224431638
2024-07-18 14:09:38,88200.0,500,Sell,224431639
2024-07-18 14:09:38,88200.0,500,Sell,224431640
2024-07-18 14:09:58,88200.0,500,Sell,224432506
2024-07-18 14:09:58,88200.0,400,Sell,224432507
2024-07-18 14:09:58,88200.0,800,Sell,224432508
2024-07-18 14:10:01,88200.0,200,Sell,224432646
2024-07-18 14:10:01,88200.0,200,Sell,224432647
2024-07-18 14:10:01,88200.0,600,Sell,224432648
2024-07-18 14:10:01,88200.0,1300,Sell,224432649
2024-07-18 14:10:18,88200.0,1700,Sell,224433351
2024-07-18 14:10:24,88200.0,400,Buy,224433575
2024-07-18 14:10:24,88200.0,500,Sell,224433563
2024-07-18 14:10:24,88200.0,200,Sell,224433538
2024-07-18 14:10:24,88200.0,1000,Sell,224433562
2024-07-18 14:10:24,88200.0,700,Sell,224433537
2024-07-18 14:10:29,88100.0,100,Sell,224433763
2024-07-18 14:10:29,88100.0,400,Sell,224433764
2024-07-18 14:10:32,88200.0,4000,Buy,224433919
2024-07-18 14:10:37,88100.0,500,Sell,224434159
2024-07-18 14:10:37,88100.0,400,Sell,224434160
2024-07-18 14:10:37,88100.0,100,Sell,224434141
2024-07-18 14:10:38,88100.0,600,Sell,224434215
2024-07-18 14:10:38,88100.0,1100,Sell,224434216
2024-07-18 14:10:39,88100.0,500,Sell,224434272
2024-07-18 14:10:57,88100.0,1000,Sell,224434989
2024-07-18 14:10:58,88100.0,1700,Sell,224435035
2024-07-18 14:11:08,88100.0,1000,Sell,224435435
2024-07-18 14:11:18,88100.0,1700,Sell,224435777
2024-07-18 14:11:24,88200.0,100,Buy,224436016
2024-07-18 14:11:24,88100.0,2000,Sell,224436036
2024-07-18 14:11:26,88100.0,500,Sell,224436104
2024-07-18 14:11:37,88100.0,500,Sell,224436413
2024-07-18 14:11:39,88100.0,500,Sell,224436469
2024-07-18 14:11:39,88100.0,400,Sell,224436470
2024-07-18 14:11:39,88100.0,300,Sell,224436471
2024-07-18 14:11:39,88100.0,500,Sell,224436472
2024-07-18 14:11:46,88100.0,100,Sell,224436801
2024-07-18 14:11:46,88100.0,200,Sell,224436802
2024-07-18 14:11:46,88100.0,300,Sell,224436803
2024-07-18 14:11:46,88100.0,400,Sell,224436804
2024-07-18 14:11:52,88100.0,200,Sell,224437057
2024-07-18 14:11:52,88100.0,100,Sell,224437058
2024-07-18 14:11:52,88000.0,700,Sell,224437059
2024-07-18 14:11:56,88100.0,200,Sell,224437262
2024-07-18 14:11:58,88000.0,2700,Sell,224437388
2024-07-18 14:11:58,88100.0,4800,Sell,224437387
2024-07-18 14:11:58,88000.0,2500,Sell,224437389
2024-07-18 14:11:59,88000.0,1700,Sell,224437409
2024-07-18 14:12:00,88000.0,800,Sell,224437492
2024-07-18 14:12:00,88000.0,200,Sell,224437493
2024-07-18 14:12:19,88000.0,1700,Sell,224438284
2024-07-18 14:12:28,88000.0,300,Sell,224438613
2024-07-18 14:12:28,88000.0,200,Sell,224438614
2024-07-18 14:12:39,88000.0,800,Sell,224439031
2024-07-18 14:12:39,88000.0,900,Sell,224439032
2024-07-18 14:12:39,88000.0,500,Sell,224439042
2024-07-18 14:12:59,88000.0,300,Sell,224439873
2024-07-18 14:12:59,88000.0,600,Sell,224439870
2024-07-18 14:12:59,88000.0,300,Sell,224439871
2024-07-18 14:12:59,88000.0,500,Sell,224439872
2024-07-18 14:13:00,88100.0,200,Buy,224439907
2024-07-18 14:13:18,88200.0,100,Buy,224440604
2024-07-18 14:13:19,88100.0,100,Sell,224440620
2024-07-18 14:13:19,88100.0,400,Sell,224440624
2024-07-18 14:13:19,88100.0,100,Sell,224440625
2024-07-18 14:13:19,88000.0,700,Sell,224440626
2024-07-18 14:13:19,88000.0,100,Sell,224440627
2024-07-18 14:13:19,88000.0,300,Sell,224440628
2024-07-18 14:13:26,88100.0,100,Sell,224440853
2024-07-18 14:13:33,88100.0,100,Buy,224441085
2024-07-18 14:13:33,88100.0,300,Buy,224441003
2024-07-18 14:13:39,88000.0,500,Sell,224441263
2024-07-18 14:13:39,88000.0,1000,Sell,224441262
2024-07-18 14:13:39,88000.0,200,Sell,224441261
2024-07-18 14:13:49,88000.0,100,Sell,224441605
2024-07-18 14:13:49,88000.0,1000,Sell,224441604
2024-07-18 14:13:49,88000.0,200,Sell,224441603
2024-07-18 14:13:49,88000.0,400,Sell,224441602
2024-07-18 14:13:49,88000.0,1500,Sell,224441597
2024-07-18 14:13:49,88000.0,1000,Sell,224441600
2024-07-18 14:13:49,88000.0,200,Sell,224441599
2024-07-18 14:13:49,88000.0,500,Sell,224441598
2024-07-18 14:13:49,88000.0,100,Sell,224441601
2024-07-18 14:13:55,88000.0,400,Sell,224441812
2024-07-18 14:13:55,88000.0,100,Sell,224441813
2024-07-18 14:13:59,88000.0,1700,Sell,224441951
2024-07-18 14:14:03,88000.0,5000,Sell,224442082
2024-07-18 14:14:05,88000.0,500,Sell,224442170
2024-07-18 14:14:11,88000.0,100,Sell,224442428
2024-07-18 14:14:11,88000.0,100,Sell,224442427
2024-07-18 14:14:11,88000.0,100,Sell,224442426
2024-07-18 14:14:11,88000.0,200,Sell,224442425
2024-07-18 14:14:11,88000.0,100,Sell,224442424
2024-07-18 14:14:11,88000.0,100,Sell,224442423
2024-07-18 14:14:11,88000.0,200,Sell,224442418
2024-07-18 14:14:11,88000.0,100,Sell,224442421
2024-07-18 14:14:11,88000.0,500,Sell,224442420
2024-07-18 14:14:11,88000.0,200,Sell,224442419
2024-07-18 14:14:11,88000.0,100,Sell,224442417
2024-07-18 14:14:11,88000.0,200,Sell,224442416
2024-07-18 14:14:11,88000.0,100,Sell,224442429
2024-07-18 14:14:11,88000.0,100,Sell,224442422
2024-07-18 14:14:11,88000.0,2800,Sell,224442415
2024-07-18 14:14:13,88000.0,200,Sell,224442498
2024-07-18 14:14:19,88000.0,200,Sell,224442727
2024-07-18 14:14:19,88000.0,100,Sell,224442728
2024-07-18 14:14:19,88000.0,100,Sell,224442729
2024-07-18 14:14:19,88000.0,500,Sell,224442730
2024-07-18 14:14:19,88000.0,600,Sell,224442731
2024-07-18 14:14:19,88000.0,200,Sell,224442726
2024-07-18 14:14:30,88100.0,500,Buy,224443032
2024-07-18 14:14:38,88000.0,100,Sell,224443323
2024-07-18 14:14:38,88000.0,1000,Sell,224443324
2024-07-18 14:14:38,88000.0,300,Sell,224443325
2024-07-18 14:14:38,88000.0,400,Sell,224443326
2024-07-18 14:14:38,88000.0,600,Sell,224443327
2024-07-18 14:14:40,88000.0,400,Sell,224443386
2024-07-18 14:14:40,88000.0,600,Sell,224443387
2024-07-18 14:14:40,88000.0,700,Sell,224443388
2024-07-18 14:14:43,88100.0,2000,Buy,224443488
2024-07-18 14:14:46,88000.0,5000,Sell,224443633
2024-07-18 14:14:46,88100.0,1000,Buy,224443564
2024-07-18 14:14:51,88000.0,500,Sell,224443901
2024-07-18 14:14:58,88000.0,2300,Sell,224444131
2024-07-18 14:14:59,88000.0,1700,Sell,224444170
2024-07-18 14:15:03,88000.0,500,Sell,224444290
2024-07-18 14:15:15,88100.0,1000,Buy,224444773
2024-07-18 14:15:17,88000.0,400,Sell,224444806
2024-07-18 14:15:18,88000.0,2000,Sell,224444856
2024-07-18 14:15:18,88000.0,2300,Sell,224444864
2024-07-18 14:15:19,88000.0,4600,Sell,224444901
2024-07-18 14:15:19,88000.0,400,Sell,224444902
2024-07-18 14:15:20,88000.0,300,Sell,224444954
2024-07-18 14:15:20,88000.0,200,Sell,224444953
2024-07-18 14:15:20,88000.0,100,Sell,224444952
2024-07-18 14:15:20,88000.0,100,Sell,224444950
2024-07-18 14:15:20,88000.0,1000,Sell,224444951
2024-07-18 14:15:21,88000.0,400,Sell,224445032
2024-07-18 14:15:21,88000.0,200,Sell,224445043
2024-07-18 14:15:21,88000.0,100,Sell,224445042
2024-07-18 14:15:21,88000.0,400,Sell,224445041
2024-07-18 14:15:21,88000.0,500,Sell,224445040
2024-07-18 14:15:21,88000.0,400,Sell,224445039
2024-07-18 14:15:21,88000.0,300,Sell,224445031
2024-07-18 14:15:21,88000.0,1000,Sell,224445037
2024-07-18 14:15:21,88000.0,100,Sell,224445033
2024-07-18 14:15:21,88000.0,200,Sell,224445034
2024-07-18 14:15:21,88000.0,200,Sell,224445038
2024-07-18 14:15:21,88000.0,200,Sell,224445036
2024-07-18 14:15:21,88000.0,1000,Sell,224445035
2024-07-18 14:15:25,88000.0,100,Sell,224445364
2024-07-18 14:15:28,88000.0,500,Sell,224445422
2024-07-18 14:15:36,88100.0,1000,Buy,224445654
2024-07-18 14:15:37,88000.0,200,Sell,224445691
2024-07-18 14:15:37,88000.0,500,Sell,224445692
2024-07-18 14:15:37,88000.0,300,Sell,224445693
2024-07-18 14:15:38,88000.0,200,Sell,224445706
2024-07-18 14:15:38,88000.0,2100,Sell,224445707
2024-07-18 14:15:40,88000.0,800,Sell,224445757
2024-07-18 14:15:40,88000.0,900,Sell,224445756
2024-07-18 14:15:44,88000.0,4200,Sell,224445921
2024-07-18 14:15:44,88000.0,800,Sell,224445922
2024-07-18 14:15:55,88000.0,500,Sell,224446416
2024-07-18 14:15:58,88000.0,2300,Sell,224446537
2024-07-18 14:16:00,88000.0,1400,Sell,224446585
2024-07-18 14:16:00,88000.0,300,Sell,224446586
2024-07-18 14:16:03,88000.0,1600,Sell,224446757
2024-07-18 14:16:03,88000.0,300,Sell,224446756
2024-07-18 14:16:03,88000.0,500,Sell,224446754
2024-07-18 14:16:03,88000.0,2200,Sell,224446755
2024-07-18 14:16:03,88000.0,400,Sell,224446753
2024-07-18 14:16:08,88000.0,500,Sell,224447060
2024-07-18 14:16:16,88300.0,200,Buy,224447311
2024-07-18 14:16:17,88000.0,5000,Sell,224447426
2024-07-18 14:16:19,88000.0,2300,Sell,224447534
2024-07-18 14:16:20,88000.0,600,Sell,224447573
2024-07-18 14:16:20,88000.0,600,Sell,224447576
2024-07-18 14:16:20,88000.0,300,Sell,224447577
2024-07-18 14:16:20,88000.0,200,Sell,224447578
2024-07-18 14:16:32,88000.0,3300,Sell,224447991
2024-07-18 14:16:32,88000.0,100,Sell,224447990
2024-07-18 14:16:32,88000.0,100,Sell,224447989
2024-07-18 14:16:32,88000.0,100,Sell,224447986
2024-07-18 14:16:32,88000.0,100,Sell,224447985
2024-07-18 14:16:32,88000.0,1000,Sell,224447988
2024-07-18 14:16:32,88000.0,300,Sell,224447987
2024-07-18 14:16:39,88200.0,1700,Sell,224448236
2024-07-18 14:16:39,88200.0,600,Sell,224448237
2024-07-18 14:16:40,88200.0,1700,Sell,224448279
2024-07-18 14:16:42,88200.0,2700,Sell,224448349
2024-07-18 14:16:42,88000.0,100,Sell,224448350
2024-07-18 14:16:42,88000.0,2200,Sell,224448351
2024-07-18 14:16:42,88300.0,100,Buy,224448381
2024-07-18 14:16:43,88300.0,400,Buy,224448468
2024-07-18 14:16:45,88000.0,1200,Sell,224448573
2024-07-18 14:16:45,88000.0,2800,Sell,224448571
2024-07-18 14:16:45,88000.0,1000,Sell,224448572
2024-07-18 14:16:59,88000.0,2300,Sell,224449081
2024-07-18 14:17:00,88000.0,1500,Sell,224449113
2024-07-18 14:17:00,88000.0,200,Sell,224449114
2024-07-18 14:17:12,88300.0,100,Buy,224449479
2024-07-18 14:17:12,88300.0,5000,Buy,224449553
2024-07-18 14:17:16,88000.0,200,Sell,224449764
2024-07-18 14:17:16,88000.0,600,Sell,224449762
2024-07-18 14:17:16,88000.0,300,Sell,224449761
2024-07-18 14:17:16,88000.0,100,Sell,224449763
2024-07-18 14:17:16,88000.0,300,Sell,224449759
2024-07-18 14:17:16,88000.0,2200,Sell,224449758
2024-07-18 14:17:16,88000.0,500,Sell,224449757
2024-07-18 14:17:16,88000.0,500,Sell,224449756
2024-07-18 14:17:16,88000.0,300,Sell,224449760
2024-07-18 14:17:19,88000.0,2300,Sell,224449881
2024-07-18 14:17:20,88000.0,1700,Sell,224449922
2024-07-18 14:17:30,88300.0,700,Buy,224450177
2024-07-18 14:17:36,88300.0,800,Buy,224450368
2024-07-18 14:17:36,88300.0,1000,Buy,224450369
2024-07-18 14:17:36,88300.0,2000,Buy,224450370
2024-07-18 14:17:36,88300.0,500,Buy,224450371
2024-07-18 14:17:36,88300.0,100,Buy,224450372
2024-07-18 14:17:36,88300.0,600,Buy,224450373
2024-07-18 14:17:37,88300.0,400,Buy,224450399
2024-07-18 14:17:38,88000.0,1000,Sell,224450480
2024-07-18 14:17:38,88000.0,1800,Sell,224450481
2024-07-18 14:17:38,88000.0,300,Sell,224450478
2024-07-18 14:17:38,88000.0,1800,Sell,224450477
2024-07-18 14:17:38,88000.0,100,Sell,224450479
2024-07-18 14:17:39,88000.0,2400,Sell,224450603
2024-07-18 14:17:41,88000.0,800,Sell,224450647
2024-07-18 14:17:41,87900.0,100,Sell,224450648
2024-07-18 14:17:41,87900.0,800,Sell,224450649
2024-07-18 14:17:45,88000.0,500,Sell,224450809
2024-07-18 14:17:57,88000.0,4500,Sell,224451243
2024-07-18 14:17:57,88000.0,300,Sell,224451244
2024-07-18 14:17:57,88000.0,200,Sell,224451245
2024-07-18 14:17:58,88000.0,500,Sell,224451370
2024-07-18 14:17:59,88000.0,2400,Sell,224451401
2024-07-18 14:17:59,88300.0,100,Buy,224451417
2024-07-18 14:18:01,88000.0,1700,Sell,224451464
2024-07-18 14:18:04,88300.0,200,Buy,224451558
2024-07-18 14:18:08,88200.0,1200,Buy,224451757
2024-07-18 14:18:15,88000.0,100,Sell,224452082
2024-07-18 14:18:15,88000.0,100,Sell,224452083
2024-07-18 14:18:15,88000.0,1000,Sell,224452084
2024-07-18 14:18:15,88000.0,3300,Sell,224452085
2024-07-18 14:18:15,88000.0,500,Sell,224452081
2024-07-18 14:18:19,88000.0,1700,Sell,224452225
2024-07-18 14:18:19,88000.0,700,Sell,224452226
2024-07-18 14:18:21,88000.0,500,Sell,224452262
2024-07-18 14:18:21,88000.0,1200,Sell,224452263
2024-07-18 14:18:25,88200.0,800,Buy,224452399
2024-07-18 14:18:25,88300.0,300,Buy,224452400
2024-07-18 14:18:31,88300.0,300,Buy,224452611
2024-07-18 14:18:31,88300.0,100,Buy,224452612
2024-07-18 14:18:39,88000.0,300,Sell,224452884
2024-07-18 14:18:39,88000.0,200,Sell,224452885
2024-07-18 14:18:39,88000.0,300,Sell,224452880
2024-07-18 14:18:39,88000.0,600,Sell,224452881
2024-07-18 14:18:39,88000.0,1000,Sell,224452879
2024-07-18 14:18:41,88000.0,1500,Sell,224452923
2024-07-18 14:18:41,88000.0,100,Sell,224452920
2024-07-18 14:18:41,88000.0,100,Sell,224452921
2024-07-18 14:18:41,88000.0,100,Sell,224452922
2024-07-18 14:18:45,88000.0,1500,Sell,224453068
2024-07-18 14:18:45,88000.0,3500,Sell,224453067
2024-07-18 14:18:50,88000.0,500,Sell,224453323
2024-07-18 14:18:50,88000.0,100,Sell,224453324
2024-07-18 14:18:50,88000.0,4400,Sell,224453325
2024-07-18 14:18:57,88000.0,500,Sell,224453742
2024-07-18 14:18:59,88000.0,100,Sell,224453859
2024-07-18 14:18:59,88000.0,2300,Sell,224453860
2024-07-18 14:19:01,88000.0,1800,Sell,224453928
2024-07-18 14:19:09,88400.0,200,Buy,224454186
2024-07-18 14:19:09,88400.0,100,Buy,224454185
2024-07-18 14:19:09,88300.0,100,Buy,224454183
2024-07-18 14:19:09,88300.0,100,Buy,224454182
2024-07-18 14:19:09,88400.0,400,Buy,224454184
2024-07-18 14:19:11,88000.0,500,Sell,224454263
2024-07-18 14:19:11,88400.0,500,Buy,224454266
2024-07-18 14:19:11,88500.0,700,Buy,224454267
2024-07-18 14:19:11,88500.0,600,Buy,224454268
2024-07-18 14:19:15,88000.0,1500,Sell,224454438
2024-07-18 14:19:15,88000.0,200,Sell,224454478
2024-07-18 14:19:15,88000.0,100,Sell,224454479
2024-07-18 14:19:15,88000.0,2000,Sell,224454480
2024-07-18 14:19:15,88000.0,700,Sell,224454481
2024-07-18 14:19:15,88000.0,500,Sell,224454482
2024-07-18 14:19:19,88000.0,200,Sell,224454786
2024-07-18 14:19:19,88000.0,2200,Sell,224454785
2024-07-18 14:19:21,88000.0,100,Sell,224454843
2024-07-18 14:19:21,88000.0,300,Sell,224454844
2024-07-18 14:19:21,88000.0,600,Sell,224454845
2024-07-18 14:19:21,88000.0,300,Sell,224454846
2024-07-18 14:19:21,88000.0,100,Sell,224454847
2024-07-18 14:19:21,88000.0,100,Sell,224454848
2024-07-18 14:19:21,88000.0,300,Sell,224454849
2024-07-18 14:19:24,88200.0,2000,Buy,224454941
2024-07-18 14:19:24,88500.0,100,Buy,224454942
2024-07-18 14:19:25,88100.0,300,Buy,224454965
2024-07-18 14:19:35,88000.0,4700,Sell,224455349
2024-07-18 14:19:35,88000.0,300,Sell,224455350
2024-07-18 14:19:38,88100.0,2100,Buy,224455600
2024-07-18 14:19:39,88000.0,100,Sell,224455607
2024-07-18 14:19:40,88000.0,2400,Sell,224455663
2024-07-18 14:19:41,88000.0,1800,Sell,224455768
2024-07-18 14:19:45,88000.0,5000,Sell,224455981
2024-07-18 14:19:45,88000.0,400,Sell,224455982
2024-07-18 14:19:45,88000.0,1600,Sell,224455983
2024-07-18 14:19:57,88100.0,100,Buy,224456511
2024-07-18 14:20:00,88000.0,2400,Sell,224456578
2024-07-18 14:20:01,88000.0,1000,Sell,224456633
2024-07-18 14:20:01,88000.0,800,Sell,224456634
2024-07-18 14:20:04,88000.0,2200,Sell,224456744
2024-07-18 14:20:04,88000.0,100,Sell,224456746
2024-07-18 14:20:04,88000.0,500,Sell,224456743
2024-07-18 14:20:04,88000.0,200,Sell,224456745
2024-07-18 14:20:04,88000.0,1000,Sell,224456741
2024-07-18 14:20:04,88000.0,700,Sell,224456742
2024-07-18 14:20:04,88000.0,100,Sell,224456740
2024-07-18 14:20:04,88000.0,200,Sell,224456739
2024-07-18 14:20:10,88500.0,4500,Buy,224457073
2024-07-18 14:20:10,88100.0,500,Buy,224457072
2024-07-18 14:20:11,88500.0,2100,Buy,224457125
2024-07-18 14:20:14,88000.0,600,Sell,224457337
2024-07-18 14:20:14,88000.0,300,Sell,224457338
2024-07-18 14:20:14,88000.0,100,Sell,224457339
2024-07-18 14:20:14,88000.0,100,Sell,224457340
2024-07-18 14:20:14,88000.0,100,Sell,224457341
2024-07-18 14:20:14,88000.0,700,Sell,224457342
2024-07-18 14:20:14,88000.0,500,Sell,224457343
2024-07-18 14:20:14,88000.0,2200,Sell,224457344
2024-07-18 14:20:14,88000.0,100,Sell,224457345
2024-07-18 14:20:14,88000.0,300,Sell,224457336
2024-07-18 14:20:20,88000.0,100,Sell,224457544
2024-07-18 14:20:20,88000.0,300,Sell,224457543
2024-07-18 14:20:20,88000.0,500,Sell,224457542
2024-07-18 14:20:20,88000.0,300,Sell,224457540
2024-07-18 14:20:20,88000.0,300,Sell,224457538
2024-07-18 14:20:20,88000.0,200,Sell,224457537
2024-07-18 14:20:20,88000.0,100,Sell,224457541
2024-07-18 14:20:20,88000.0,600,Sell,224457539
2024-07-18 14:20:22,88000.0,400,Sell,224457622
2024-07-18 14:20:22,88000.0,1400,Sell,224457623
2024-07-18 14:20:24,88200.0,100,Sell,224457769
2024-07-18 14:20:24,88000.0,3600,Sell,224457770
2024-07-18 14:20:24,88000.0,400,Sell,224457771
2024-07-18 14:20:24,88000.0,900,Sell,224457772
2024-07-18 14:20:26,88500.0,2300,Buy,224457892
2024-07-18 14:20:39,88500.0,100,Buy,224458299
2024-07-18 14:20:40,88500.0,200,Buy,224458347
2024-07-18 14:20:40,88500.0,300,Buy,224458346
2024-07-18 14:20:40,88000.0,600,Sell,224458356
2024-07-18 14:20:40,88000.0,500,Sell,224458355
2024-07-18 14:20:40,88000.0,700,Sell,224458354
2024-07-18 14:20:40,88000.0,100,Sell,224458353
2024-07-18 14:20:40,88000.0,100,Sell,224458348
2024-07-18 14:20:40,88000.0,100,Sell,224458351
2024-07-18 14:20:40,88000.0,100,Sell,224458350
2024-07-18 14:20:40,88000.0,100,Sell,224458349
2024-07-18 14:20:40,88000.0,100,Sell,224458352
2024-07-18 14:20:42,88000.0,1600,Sell,224458449
2024-07-18 14:20:42,88000.0,200,Sell,224458450
2024-07-18 14:20:46,88000.0,500,Sell,224458733
2024-07-18 14:20:46,88000.0,2900,Sell,224458731
2024-07-18 14:20:46,88000.0,100,Sell,224458730
2024-07-18 14:20:46,88000.0,100,Sell,224458732
2024-07-18 14:20:46,88000.0,300,Sell,224458728
2024-07-18 14:20:46,88000.0,600,Sell,224458727
2024-07-18 14:20:46,88000.0,400,Sell,224458726
2024-07-18 14:20:46,88000.0,100,Sell,224458729
2024-07-18 14:20:55,88000.0,200,Sell,224459191
2024-07-18 14:20:55,88000.0,500,Sell,224459192
2024-07-18 14:20:55,88000.0,300,Sell,224459193
2024-07-18 14:20:55,88000.0,2100,Sell,224459194
2024-07-18 14:20:55,88000.0,400,Sell,224459236
2024-07-18 14:20:55,88000.0,300,Sell,224459237
2024-07-18 14:20:55,88000.0,600,Sell,224459238
2024-07-18 14:20:55,88000.0,100,Sell,224459239
2024-07-18 14:20:55,88000.0,500,Sell,224459240
2024-07-18 14:21:00,88000.0,1400,Sell,224459484
2024-07-18 14:21:00,88000.0,200,Sell,224459483
2024-07-18 14:21:00,88000.0,200,Sell,224459481
2024-07-18 14:21:00,88000.0,100,Sell,224459482
2024-07-18 14:21:00,88000.0,500,Sell,224459480
2024-07-18 14:21:02,88000.0,1800,Sell,224459564
2024-07-18 14:21:11,88500.0,100,Buy,224459954
2024-07-18 14:21:13,88500.0,200,Buy,224460068
2024-07-18 14:21:13,88500.0,100,Buy,224460069
2024-07-18 14:21:13,88500.0,100,Buy,224460070
2024-07-18 14:21:16,88100.0,100,Sell,224460169
2024-07-18 14:21:16,88100.0,4900,Sell,224460170
2024-07-18 14:21:18,88500.0,100,Buy,224460378
2024-07-18 14:21:18,88500.0,500,Buy,224460379
2024-07-18 14:21:18,88500.0,500,Buy,224460380
2024-07-18 14:21:18,88500.0,700,Buy,224460381
2024-07-18 14:21:20,87900.0,1100,Sell,224460461
2024-07-18 14:21:20,87900.0,100,Sell,224460460
2024-07-18 14:21:20,88000.0,1000,Sell,224460458
2024-07-18 14:21:20,88100.0,100,Sell,224460457
2024-07-18 14:21:20,87900.0,100,Sell,224460459
2024-07-18 14:21:22,87900.0,200,Sell,224460526
2024-07-18 14:21:22,87900.0,400,Sell,224460527
2024-07-18 14:21:22,87900.0,100,Sell,224460528
2024-07-18 14:21:22,87900.0,200,Sell,224460529
2024-07-18 14:21:22,87900.0,200,Sell,224460530
2024-07-18 14:21:22,87900.0,200,Sell,224460531
2024-07-18 14:21:22,87900.0,500,Sell,224460532
2024-07-18 14:21:28,88000.0,2300,Buy,224460776
2024-07-18 14:21:39,88400.0,100,Buy,224461265
2024-07-18 14:21:41,88000.0,400,Sell,224461370
2024-07-18 14:21:41,88000.0,2000,Sell,224461371
2024-07-18 14:21:42,88000.0,1800,Sell,224461418
2024-07-18 14:21:46,88000.0,3800,Sell,224461570
2024-07-18 14:21:46,88000.0,1200,Sell,224461569
2024-07-18 14:21:47,88000.0,1200,Sell,224461689
2024-07-18 14:21:47,88000.0,3800,Sell,224461690
2024-07-18 14:22:01,88000.0,1200,Sell,224462358
2024-07-18 14:22:01,88000.0,1200,Sell,224462359
2024-07-18 14:22:02,88000.0,1800,Sell,224462420
2024-07-18 14:22:06,88000.0,2000,Sell,224462584
2024-07-18 14:22:06,88000.0,100,Sell,224462601
2024-07-18 14:22:06,88000.0,2900,Sell,224462602
2024-07-18 14:22:09,88400.0,4900,Buy,224462831
2024-07-18 14:22:09,88400.0,100,Buy,224462832
2024-07-18 14:22:16,88000.0,2100,Sell,224463251
2024-07-18 14:22:16,88000.0,100,Sell,224463252
2024-07-18 14:22:16,88000.0,400,Sell,224463253
2024-07-18 14:22:16,88000.0,2400,Sell,224463277
2024-07-18 14:22:21,88000.0,2400,Sell,224463503
2024-07-18 14:22:22,87900.0,1400,Sell,224463582
2024-07-18 14:22:22,88000.0,200,Sell,224463579
2024-07-18 14:22:22,88000.0,100,Sell,224463580
2024-07-18 14:22:22,88000.0,100,Sell,224463581
2024-07-18 14:22:29,88400.0,100,Buy,224464027
2024-07-18 14:22:34,87900.0,3100,Sell,224464354
2024-07-18 14:22:34,87900.0,1400,Sell,224464355
2024-07-18 14:22:34,87900.0,300,Sell,224464356
2024-07-18 14:22:34,87900.0,200,Sell,224464357
2024-07-18 14:22:41,87900.0,2400,Sell,224464988
2024-07-18 14:22:42,88000.0,1800,Sell,224465037
2024-07-18 14:22:48,87900.0,200,Sell,224465357
2024-07-18 14:22:48,87900.0,4100,Sell,224465359
2024-07-18 14:22:48,87900.0,700,Sell,224465358
2024-07-18 14:22:48,87900.0,400,Sell,224465305
2024-07-18 14:22:48,88000.0,200,Sell,224465300
2024-07-18 14:22:48,87900.0,1000,Sell,224465303
2024-07-18 14:22:48,87900.0,500,Sell,224465302
2024-07-18 14:22:48,87900.0,1700,Sell,224465301
2024-07-18 14:22:48,87900.0,1200,Sell,224465304
2024-07-18 14:22:58,88400.0,300,Buy,224466055
2024-07-18 14:22:58,88400.0,800,Buy,224466056
2024-07-18 14:22:58,88400.0,800,Buy,224466057
2024-07-18 14:22:58,88400.0,300,Buy,224466058
2024-07-18 14:22:58,88500.0,800,Buy,224466059
2024-07-18 14:22:58,88500.0,2000,Buy,224466060
2024-07-18 14:23:01,88400.0,2400,Sell,224466299
2024-07-18 14:23:03,88400.0,1800,Sell,224466438
2024-07-18 14:23:03,88400.0,800,Sell,224466447
2024-07-18 14:23:03,88400.0,4200,Sell,224466448
2024-07-18 14:23:04,87900.0,100,Sell,224466515
2024-07-18 14:23:04,88000.0,400,Sell,224466514
2024-07-18 14:23:04,88400.0,400,Sell,224466501
2024-07-18 14:23:04,88400.0,800,Sell,224466500
2024-07-18 14:23:16,88000.0,300,Sell,224467380
2024-07-18 14:23:16,88000.0,1400,Sell,224467381
2024-07-18 14:23:16,88000.0,600,Sell,224467382
2024-07-18 14:23:16,88000.0,2700,Sell,224467383
2024-07-18 14:23:17,88000.0,500,Sell,224467465
2024-07-18 14:23:21,88000.0,1100,Sell,224467677
2024-07-18 14:23:21,88000.0,1000,Sell,224467678
2024-07-18 14:23:21,88000.0,300,Sell,224467679
2024-07-18 14:23:22,87900.0,400,Sell,224467752
2024-07-18 14:23:22,87900.0,100,Sell,224467711
2024-07-18 14:23:22,87900.0,100,Sell,224467710
2024-07-18 14:23:22,87900.0,100,Sell,224467709
2024-07-18 14:23:22,87900.0,200,Sell,224467708
2024-07-18 14:23:22,88000.0,1200,Sell,224467702
2024-07-18 14:23:22,87900.0,1000,Sell,224467706
2024-07-18 14:23:22,87900.0,800,Sell,224467705
2024-07-18 14:23:22,88000.0,100,Sell,224467704
2024-07-18 14:23:22,88000.0,700,Sell,224467703
2024-07-18 14:23:22,88000.0,200,Sell,224467701
2024-07-18 14:23:22,87900.0,100,Sell,224467707
2024-07-18 14:23:23,87900.0,100,Sell,224467847
2024-07-18 14:23:23,87900.0,100,Sell,224467846
2024-07-18 14:23:23,87900.0,400,Sell,224467848
2024-07-18 14:23:23,87900.0,100,Sell,224467844
2024-07-18 14:23:23,87900.0,1000,Sell,224467843
2024-07-18 14:23:23,87900.0,100,Sell,224467845
2024-07-18 14:23:24,88500.0,100,Buy,224467896
2024-07-18 14:23:38,88000.0,500,Sell,224468724
2024-07-18 14:23:38,88000.0,200,Sell,224468725
2024-07-18 14:23:39,88400.0,1000,Buy,224468761
2024-07-18 14:23:40,88400.0,4000,Sell,224468799
2024-07-18 14:23:41,88000.0,2400,Sell,224468830
2024-07-18 14:23:43,88000.0,1800,Sell,224468962
2024-07-18 14:23:46,87900.0,1000,Sell,224469171
2024-07-18 14:23:46,87900.0,100,Sell,224469172
2024-07-18 14:23:46,87900.0,100,Sell,224469170
2024-07-18 14:23:46,87900.0,1700,Sell,224469173
2024-07-18 14:23:46,87900.0,100,Sell,224469168
2024-07-18 14:23:46,88000.0,800,Sell,224469165
2024-07-18 14:23:46,87900.0,100,Sell,224469169
2024-07-18 14:23:46,88000.0,1000,Sell,224469167
2024-07-18 14:23:46,88000.0,100,Sell,224469166
2024-07-18 14:23:48,88000.0,5000,Sell,224469535
2024-07-18 14:24:01,88000.0,2400,Sell,224470170
2024-07-18 14:24:03,88000.0,1100,Sell,224470216
2024-07-18 14:24:03,88000.0,700,Sell,224470217
2024-07-18 14:24:06,88400.0,100,Buy,224470445
2024-07-18 14:24:07,88400.0,2400,Buy,224470486
2024-07-18 14:24:09,88400.0,1400,Buy,224470667
2024-07-18 14:24:09,88400.0,10000,Buy,224470668
2024-07-18 14:24:09,88400.0,2000,Buy,224470669
2024-07-18 14:24:14,88400.0,5000,Sell,224470993
2024-07-18 14:24:15,88400.0,5000,Sell,224471152
2024-07-18 14:24:17,88400.0,100,Sell,224471240
2024-07-18 14:24:20,88500.0,1800,Buy,224471369
2024-07-18 14:24:21,88400.0,2400,Sell,224471492
2024-07-18 14:24:23,88400.0,1800,Sell,224471570
2024-07-18 14:24:27,88400.0,2000,Sell,224471837
2024-07-18 14:24:27,88400.0,1300,Sell,224471838
2024-07-18 14:24:27,88400.0,3700,Sell,224471839
2024-07-18 14:24:30,88400.0,500,Sell,224472072
2024-07-18 14:24:32,88400.0,800,Sell,224472201
2024-07-18 14:24:39,88400.0,200,Buy,224472685
2024-07-18 14:24:42,88400.0,2400,Sell,224472815
2024-07-18 14:24:43,88000.0,300,Sell,224473011
2024-07-18 14:24:43,88000.0,500,Sell,224473010
2024-07-18 14:24:43,88000.0,700,Sell,224473012
2024-07-18 14:24:43,88400.0,1900,Sell,224472920
2024-07-18 14:24:43,88000.0,300,Sell,224473009
2024-07-18 14:24:43,88400.0,500,Sell,224472919
2024-07-18 14:24:58,88300.0,100,Buy,224473852
2024-07-18 14:25:02,88000.0,1000,Sell,224474111
2024-07-18 14:25:02,88000.0,1300,Sell,224474109
2024-07-18 14:25:02,88000.0,100,Sell,224474110
2024-07-18 14:25:03,88000.0,1800,Sell,224474219
2024-07-18 14:25:18,88300.0,3000,Buy,224475160
2024-07-18 14:25:20,88500.0,100,Buy,224475247
2024-07-18 14:25:20,88500.0,4900,Buy,224475248
2024-07-18 14:25:22,88300.0,2000,Sell,224475491
2024-07-18 14:25:22,88000.0,400,Sell,224475492
2024-07-18 14:25:24,88000.0,1800,Sell,224475628
2024-07-18 14:25:41,88100.0,500,Sell,224476820
2024-07-18 14:25:42,88000.0,1900,Sell,224476949
2024-07-18 14:25:42,88200.0,100,Buy,224476912
2024-07-18 14:25:42,88100.0,500,Sell,224476948
2024-07-18 14:25:43,88000.0,1800,Sell,224476998
2024-07-18 14:25:44,88200.0,2000,Buy,224477039
2024-07-18 14:25:49,88200.0,2900,Buy,224477379
2024-07-18 14:25:49,88400.0,1000,Buy,224477380
2024-07-18 14:25:49,88500.0,1100,Buy,224477381
2024-07-18 14:25:51,88000.0,500,Sell,224477651
2024-07-18 14:25:59,88500.0,5000,Buy,224478106
2024-07-18 14:26:02,88000.0,700,Sell,224478370
2024-07-18 14:26:02,88100.0,600,Sell,224478367
2024-07-18 14:26:02,88000.0,800,Sell,224478368
2024-07-18 14:26:02,88000.0,300,Sell,224478369
2024-07-18 14:26:03,88500.0,500,Buy,224478386
2024-07-18 14:26:04,88000.0,700,Sell,224478466
2024-07-18 14:26:04,88000.0,600,Sell,224478467
2024-07-18 14:26:04,88000.0,500,Sell,224478468
2024-07-18 14:26:05,88000.0,700,Sell,224478588
2024-07-18 14:26:05,88000.0,500,Sell,224478587
2024-07-18 14:26:05,88000.0,3800,Sell,224478586
2024-07-18 14:26:18,88500.0,300,Buy,224479858
2024-07-18 14:26:18,88500.0,3700,Buy,224479856
2024-07-18 14:26:18,88500.0,1000,Buy,224479857
2024-07-18 14:26:22,88100.0,500,Sell,224480199
2024-07-18 14:26:22,88100.0,1900,Sell,224480200
2024-07-18 14:26:24,88100.0,1800,Sell,224480325
2024-07-18 14:26:38,88400.0,200,Buy,224481370
2024-07-18 14:26:42,88400.0,2400,Sell,224481741
2024-07-18 14:26:44,88400.0,1800,Sell,224481900
2024-07-18 14:26:46,88400.0,600,Sell,224482012
2024-07-18 14:26:47,88100.0,200,Sell,224482100
2024-07-18 14:26:47,88100.0,100,Sell,224482101
2024-07-18 14:26:47,88100.0,200,Sell,224482103
2024-07-18 14:26:49,88400.0,1300,Buy,224482276
2024-07-18 14:26:56,88400.0,300,Buy,224482770
2024-07-18 14:26:57,88100.0,300,Sell,224482818
2024-07-18 14:26:57,88100.0,200,Sell,224482817
2024-07-18 14:27:01,88100.0,4700,Sell,224483090
2024-07-18 14:27:01,88000.0,300,Sell,224483091
2024-07-18 14:27:03,88000.0,1200,Sell,224483246
2024-07-18 14:27:03,88000.0,700,Sell,224483247
2024-07-18 14:27:03,88000.0,500,Sell,224483248
2024-07-18 14:27:04,88100.0,1800,Sell,224483380
2024-07-18 14:27:23,88100.0,100,Sell,224484554
2024-07-18 14:27:23,88000.0,2300,Sell,224484555
2024-07-18 14:27:24,88100.0,1800,Sell,224484704
2024-07-18 14:27:28,88400.0,100,Buy,224485109
2024-07-18 14:27:43,88100.0,2400,Sell,224486357
2024-07-18 14:27:44,88100.0,800,Sell,224486433
2024-07-18 14:27:44,88100.0,800,Sell,224486431
2024-07-18 14:27:44,88100.0,200,Sell,224486432
2024-07-18 14:27:45,88400.0,700,Buy,224486529
2024-07-18 14:27:45,88400.0,500,Buy,224486530
2024-07-18 14:27:59,88300.0,1000,Buy,224487669
2024-07-18 14:28:03,88100.0,100,Sell,224487950
2024-07-18 14:28:03,88100.0,800,Sell,224487951
2024-07-18 14:28:03,88100.0,100,Sell,224487952
2024-07-18 14:28:03,88100.0,1400,Sell,224487953
2024-07-18 14:28:04,88100.0,1800,Sell,224488060
2024-07-18 14:28:06,88100.0,500,Sell,224488203
2024-07-18 14:28:16,88100.0,500,Sell,224489013
2024-07-18 14:28:23,88100.0,800,Sell,224489511
2024-07-18 14:28:23,88100.0,400,Sell,224489512
2024-07-18 14:28:23,88000.0,1200,Sell,224489513
2024-07-18 14:28:24,88100.0,1800,Sell,224489585
2024-07-18 14:28:48,88100.0,3000,Sell,224491465
2024-07-18 14:28:49,88300.0,2000,Buy,224491598
2024-07-18 14:28:50,88500.0,200,Buy,224491766
2024-07-18 14:29:02,88500.0,500,Buy,224492728
2024-07-18 14:29:02,88500.0,2000,Buy,224492729
2024-07-18 14:29:02,88500.0,500,Buy,224492730
2024-07-18 14:29:06,88300.0,500,Sell,224493082
2024-07-18 14:29:09,88500.0,100,Buy,224493334
2024-07-18 14:29:09,88500.0,4900,Buy,224493335
2024-07-18 14:29:19,88400.0,500,Sell,224494011
2024-07-18 14:29:29,88400.0,100,Sell,224494818
2024-07-18 14:29:35,88400.0,100,Buy,224495208
2024-07-18 14:29:35,88400.0,100,Buy,224495209
2024-07-18 14:29:35,88400.0,100,Buy,224495216
2024-07-18 14:29:35,88400.0,100,Buy,224495217
2024-07-18 14:44:41,88000.0,334900,ATO/ATC,224496921
