time,price,volume,match_type,id
2024-07-17 09:14:40,88800.0,45700,ATO/ATC,223363796
2024-07-17 09:14:42,88100.0,100,Buy,223363968
2024-07-17 09:16:05,88200.0,100,Buy,223365744
2024-07-17 09:16:09,88200.0,100,Buy,223365861
2024-07-17 09:16:10,88200.0,100,Buy,223365896
2024-07-17 09:16:38,88600.0,500,Buy,223366632
2024-07-17 09:17:26,88700.0,200,Buy,223367967
2024-07-17 09:17:39,88700.0,100,Buy,223368249
2024-07-17 09:17:54,88700.0,100,Buy,223368688
2024-07-17 09:17:57,88700.0,600,Buy,223368825
2024-07-17 09:17:57,88700.0,200,Buy,223368826
2024-07-17 09:17:57,88700.0,500,Buy,223368827
2024-07-17 09:17:57,88700.0,1000,Buy,223368828
2024-07-17 09:17:57,88700.0,2700,Buy,223368829
2024-07-17 09:17:59,88700.0,100,Buy,223368944
2024-07-17 09:18:03,88700.0,900,Buy,223369040
2024-07-17 09:18:03,88700.0,100,Buy,223369041
2024-07-17 09:18:03,88700.0,300,Buy,223369042
2024-07-17 09:18:03,88700.0,200,Buy,223369043
2024-07-17 09:18:03,88700.0,100,Buy,223369044
2024-07-17 09:18:04,88700.0,400,Sell,223369067
2024-07-17 09:18:29,88700.0,100,Buy,223369687
2024-07-17 09:18:29,88700.0,200,Buy,223369688
2024-07-17 09:18:49,88600.0,100,Sell,223370283
2024-07-17 09:19:15,88600.0,300,Sell,223370944
2024-07-17 09:19:18,88600.0,600,Sell,223371014
2024-07-17 09:19:18,88600.0,100,Sell,223371015
2024-07-17 09:19:18,88600.0,1900,Sell,223371016
2024-07-17 09:19:28,88500.0,100,Sell,223371286
2024-07-17 09:19:28,88500.0,100,Sell,223371287
2024-07-17 09:19:29,88600.0,100,Buy,223371328
2024-07-17 09:20:16,88600.0,200,Buy,223372625
2024-07-17 09:20:16,88600.0,200,Buy,223372624
2024-07-17 09:20:16,88600.0,100,Buy,223372622
2024-07-17 09:20:16,88600.0,100,Buy,223372623
2024-07-17 09:20:16,88600.0,100,Buy,223372621
2024-07-17 09:20:16,88600.0,100,Buy,223372610
2024-07-17 09:20:16,88600.0,600,Buy,223372613
2024-07-17 09:20:16,88600.0,200,Buy,223372612
2024-07-17 09:20:16,88600.0,100,Buy,223372611
2024-07-17 09:20:16,88600.0,1700,Buy,223372609
2024-07-17 09:20:16,88600.0,500,Buy,223372608
2024-07-17 09:20:16,88600.0,100,Buy,223372614
2024-07-17 09:20:39,88600.0,100,Buy,223373321
2024-07-17 09:20:54,88600.0,300,Buy,223373808
2024-07-17 09:20:54,88600.0,200,Buy,223373807
2024-07-17 09:20:54,88600.0,800,Buy,223373800
2024-07-17 09:20:54,88600.0,100,Buy,223373801
2024-07-17 09:20:54,88600.0,700,Buy,223373798
2024-07-17 09:20:54,88600.0,500,Buy,223373797
2024-07-17 09:20:54,88600.0,2100,Buy,223373796
2024-07-17 09:20:54,88600.0,200,Buy,223373799
2024-07-17 09:21:17,88500.0,1000,Sell,223374545
2024-07-17 09:21:35,88500.0,500,Sell,223375104
2024-07-17 09:21:40,88500.0,1200,Sell,223375287
2024-07-17 09:21:55,88500.0,1200,Sell,223375801
2024-07-17 09:21:58,88500.0,100,Sell,223375889
2024-07-17 09:22:12,88500.0,200,Sell,223376308
2024-07-17 09:22:12,88500.0,1000,Sell,223376309
2024-07-17 09:22:22,88500.0,100,Sell,223376645
2024-07-17 09:22:22,88500.0,500,Sell,223376646
2024-07-17 09:22:22,88500.0,1500,Sell,223376643
2024-07-17 09:22:22,88500.0,700,Sell,223376644
2024-07-17 09:22:22,88500.0,200,Sell,223376642
2024-07-17 09:23:12,88500.0,100,Sell,223378126
2024-07-17 09:23:18,88500.0,100,Sell,223378452
2024-07-17 09:23:19,88500.0,300,Sell,223378481
2024-07-17 09:23:19,88500.0,400,Sell,223378482
2024-07-17 09:23:19,88500.0,500,Sell,223378483
2024-07-17 09:23:39,88500.0,200,Sell,223379004
2024-07-17 09:23:51,88500.0,100,Sell,223379307
2024-07-17 09:23:51,88500.0,100,Sell,223379308
2024-07-17 09:24:07,88500.0,400,Sell,223379762
2024-07-17 09:24:07,88500.0,600,Sell,223379763
2024-07-17 09:24:15,88500.0,300,Sell,223379966
2024-07-17 09:24:15,88500.0,500,Sell,223379964
2024-07-17 09:24:15,88500.0,400,Sell,223379965
2024-07-17 09:24:28,88500.0,1200,Sell,223380443
2024-07-17 09:24:42,88500.0,500,Sell,223380929
2024-07-17 09:25:05,88500.0,300,Buy,223381592
2024-07-17 09:25:38,88500.0,200,Buy,223382559
2024-07-17 09:25:38,88500.0,200,Buy,223382560
2024-07-17 09:25:38,88500.0,600,Buy,223382561
2024-07-17 09:25:55,88500.0,300,Buy,223383054
2024-07-17 09:26:24,88500.0,200,Buy,223383850
2024-07-17 09:28:11,88500.0,200,Buy,223386903
2024-07-17 09:28:53,88500.0,600,Buy,223388153
2024-07-17 09:29:13,88500.0,100,Buy,223388784
2024-07-17 09:29:13,88500.0,400,Buy,223388785
2024-07-17 09:29:18,88500.0,700,Buy,223388935
2024-07-17 09:29:44,88500.0,100,Buy,223389610
2024-07-17 09:29:44,88500.0,1000,Buy,223389611
2024-07-17 09:31:03,88400.0,200,Sell,223391424
2024-07-17 09:31:25,88400.0,500,Sell,223391975
2024-07-17 09:31:35,88400.0,100,Sell,223392198
2024-07-17 09:32:12,88400.0,3000,Sell,223393045
2024-07-17 09:32:43,88400.0,300,Sell,223393760
2024-07-17 09:33:23,88500.0,100,Buy,223394855
2024-07-17 09:33:51,88500.0,100,Buy,223395689
2024-07-17 09:33:51,88500.0,100,Buy,223395690
2024-07-17 09:33:53,88500.0,400,Buy,223395754
2024-07-17 09:33:53,88500.0,1200,Buy,223395755
2024-07-17 09:33:53,88500.0,3000,Buy,223395756
2024-07-17 09:33:53,88500.0,100,Buy,223395757
2024-07-17 09:33:53,88500.0,900,Buy,223395758
2024-07-17 09:34:09,88500.0,200,Buy,223396115
2024-07-17 09:34:14,88500.0,1000,Buy,223396248
2024-07-17 09:34:14,88500.0,400,Buy,223396249
2024-07-17 09:34:14,88500.0,100,Buy,223396250
2024-07-17 09:34:14,88500.0,3400,Buy,223396251
2024-07-17 09:34:14,88500.0,100,Buy,223396247
2024-07-17 09:35:06,88500.0,200,Buy,223397487
2024-07-17 09:35:37,88500.0,2000,Buy,223398217
2024-07-17 09:35:47,88400.0,100,Sell,223398492
2024-07-17 09:35:51,88500.0,200,Buy,223398564
2024-07-17 09:35:51,88500.0,200,Buy,223398565
2024-07-17 09:36:10,88500.0,500,Buy,223399068
2024-07-17 09:36:16,88500.0,200,Buy,223399253
2024-07-17 09:36:34,88500.0,100,Buy,223399702
2024-07-17 09:36:34,88500.0,100,Buy,223399703
2024-07-17 09:36:34,88500.0,300,Buy,223399700
2024-07-17 09:36:34,88500.0,100,Buy,223399701
2024-07-17 09:36:35,88500.0,200,Buy,223399715
2024-07-17 09:36:35,88500.0,400,Buy,223399716
2024-07-17 09:36:35,88500.0,300,Buy,223399717
2024-07-17 09:36:35,88500.0,200,Buy,223399718
2024-07-17 09:36:35,88500.0,100,Buy,223399719
2024-07-17 09:36:35,88500.0,1000,Buy,223399720
2024-07-17 09:36:35,88500.0,100,Buy,223399721
2024-07-17 09:36:35,88500.0,700,Buy,223399722
2024-07-17 09:36:58,88500.0,100,Buy,223400221
2024-07-17 09:36:59,88500.0,300,Buy,223400251
2024-07-17 09:36:59,88500.0,200,Buy,223400250
2024-07-17 09:36:59,88500.0,1300,Buy,223400249
2024-07-17 09:36:59,88500.0,200,Buy,223400248
2024-07-17 09:37:11,88500.0,4700,Buy,223400544
2024-07-17 09:37:11,88500.0,100,Buy,223400545
2024-07-17 09:37:11,88500.0,200,Buy,223400546
2024-07-17 09:37:23,88500.0,800,Buy,223400865
2024-07-17 09:37:23,88500.0,100,Buy,223400866
2024-07-17 09:37:23,88500.0,100,Buy,223400867
2024-07-17 09:37:34,88500.0,100,Sell,223401169
2024-07-17 09:37:39,88600.0,1300,Buy,223401319
2024-07-17 09:37:39,88600.0,100,Buy,223401318
2024-07-17 09:37:39,88600.0,500,Buy,223401317
2024-07-17 09:37:39,88600.0,200,Buy,223401316
2024-07-17 09:37:39,88600.0,1000,Buy,223401315
2024-07-17 09:37:39,88600.0,100,Buy,223401314
2024-07-17 09:37:39,88600.0,500,Buy,223401313
2024-07-17 09:37:39,88600.0,1200,Buy,223401312
2024-07-17 09:37:39,88600.0,100,Buy,223401311
2024-07-17 09:37:45,88600.0,2000,Buy,223401480
2024-07-17 09:37:49,88600.0,1700,Buy,223401555
2024-07-17 09:37:49,88600.0,100,Buy,223401556
2024-07-17 09:37:49,88600.0,200,Buy,223401557
2024-07-17 09:38:18,88600.0,800,Buy,223402297
2024-07-17 09:38:18,88600.0,100,Buy,223402298
2024-07-17 09:38:18,88600.0,100,Sell,223402354
2024-07-17 09:38:18,88600.0,100,Sell,223402355
2024-07-17 09:38:24,88700.0,800,Buy,223402522
2024-07-17 09:38:34,88700.0,1500,Buy,223402860
2024-07-17 09:38:34,88700.0,500,Buy,223402859
2024-07-17 09:38:55,88700.0,200,Buy,223403437
2024-07-17 09:38:55,88700.0,100,Buy,223403436
2024-07-17 09:38:55,88700.0,200,Buy,223403435
2024-07-17 09:38:55,88700.0,200,Buy,223403428
2024-07-17 09:38:55,88700.0,100,Buy,223403433
2024-07-17 09:38:55,88700.0,100,Buy,223403432
2024-07-17 09:38:55,88700.0,200,Buy,223403431
2024-07-17 09:38:55,88700.0,200,Buy,223403430
2024-07-17 09:38:55,88700.0,300,Buy,223403427
2024-07-17 09:38:55,88700.0,100,Buy,223403434
2024-07-17 09:38:55,88700.0,1300,Buy,223403425
2024-07-17 09:38:55,88700.0,300,Buy,223403414
2024-07-17 09:38:55,88700.0,200,Buy,223403415
2024-07-17 09:38:55,88700.0,300,Buy,223403416
2024-07-17 09:38:55,88700.0,600,Buy,223403420
2024-07-17 09:38:55,88700.0,100,Buy,223403426
2024-07-17 09:38:55,88700.0,100,Buy,223403422
2024-07-17 09:38:55,88700.0,100,Buy,223403423
2024-07-17 09:38:55,88700.0,100,Buy,223403424
2024-07-17 09:38:55,88700.0,200,Buy,223403421
2024-07-17 09:39:05,88700.0,200,Buy,223403716
2024-07-17 09:39:05,88700.0,800,Buy,223403717
2024-07-17 09:39:32,88700.0,200,Buy,223404398
2024-07-17 09:39:32,88700.0,100,Buy,223404399
2024-07-17 09:39:32,88700.0,100,Buy,223404400
2024-07-17 09:39:32,88700.0,600,Buy,223404401
2024-07-17 09:39:45,88700.0,200,Buy,223404645
2024-07-17 09:39:51,88600.0,100,Sell,223404767
2024-07-17 09:40:07,88700.0,200,Buy,223405160
2024-07-17 09:40:07,88700.0,100,Buy,223405162
2024-07-17 09:40:07,88700.0,100,Buy,223405163
2024-07-17 09:40:07,88700.0,100,Buy,223405164
2024-07-17 09:40:07,88700.0,500,Buy,223405165
2024-07-17 09:40:07,88700.0,100,Buy,223405166
2024-07-17 09:40:07,88700.0,500,Buy,223405167
2024-07-17 09:40:07,88700.0,100,Buy,223405161
2024-07-17 09:40:08,88700.0,500,Sell,223405198
2024-07-17 09:40:11,88700.0,100,Sell,223405245
2024-07-17 09:40:28,88700.0,200,Sell,223405789
2024-07-17 09:40:38,88700.0,3000,Sell,223406022
2024-07-17 09:41:02,88700.0,100,Sell,223406488
2024-07-17 09:41:04,88700.0,100,Sell,223406526
2024-07-17 09:41:07,88700.0,300,Sell,223406649
2024-07-17 09:41:07,88700.0,1000,Sell,223406650
2024-07-17 09:41:55,88700.0,700,Buy,223407838
2024-07-17 09:41:55,88700.0,400,Buy,223407839
2024-07-17 09:41:55,88700.0,100,Buy,223407840
2024-07-17 09:41:55,88700.0,800,Buy,223407841
2024-07-17 09:42:06,88700.0,1200,Buy,223408052
2024-07-17 09:42:06,88700.0,2000,Buy,223408053
2024-07-17 09:42:25,88600.0,300,Sell,223408541
2024-07-17 09:42:53,88600.0,300,Sell,223409396
2024-07-17 09:43:32,88600.0,1000,Sell,223410270
2024-07-17 09:43:40,88700.0,500,Buy,223410472
2024-07-17 09:43:40,88700.0,3000,Buy,223410473
2024-07-17 09:43:40,88700.0,500,Buy,223410474
2024-07-17 09:43:42,88700.0,1100,Buy,223410525
2024-07-17 09:43:42,88700.0,600,Buy,223410514
2024-07-17 09:43:42,88700.0,900,Buy,223410512
2024-07-17 09:43:42,88700.0,1100,Buy,223410510
2024-07-17 09:43:42,88700.0,100,Buy,223410513
2024-07-17 09:43:43,88700.0,3300,Buy,223410533
2024-07-17 09:43:43,88700.0,300,Buy,223410534
2024-07-17 09:43:43,88700.0,200,Buy,223410535
2024-07-17 09:43:43,88700.0,400,Buy,223410536
2024-07-17 09:43:43,88700.0,100,Buy,223410537
2024-07-17 09:44:15,88700.0,900,Sell,223411290
2024-07-17 09:44:16,88700.0,200,Sell,223411339
2024-07-17 09:44:16,88700.0,300,Sell,223411340
2024-07-17 09:44:24,88700.0,500,Sell,223411479
2024-07-17 09:44:25,88700.0,1200,Sell,223411505
2024-07-17 09:44:25,88700.0,500,Sell,223411504
2024-07-17 09:44:25,88700.0,100,Sell,223411503
2024-07-17 09:44:25,88700.0,400,Sell,223411502
2024-07-17 09:44:25,88700.0,300,Sell,223411500
2024-07-17 09:44:25,88700.0,1000,Sell,223411499
2024-07-17 09:44:25,88700.0,700,Sell,223411497
2024-07-17 09:44:25,88700.0,700,Sell,223411501
2024-07-17 09:44:25,88700.0,100,Sell,223411498
2024-07-17 09:44:33,88700.0,100,Sell,223411726
2024-07-17 09:44:37,88700.0,200,Sell,223411835
2024-07-17 09:44:58,88700.0,100,Sell,223412472
2024-07-17 09:45:02,88700.0,400,Sell,223412605
2024-07-17 09:45:02,88700.0,200,Sell,223412606
2024-07-17 09:45:02,88700.0,1500,Sell,223412607
2024-07-17 09:45:11,88700.0,500,Buy,223412836
2024-07-17 09:45:31,88700.0,400,Buy,223413335
2024-07-17 09:45:31,88700.0,100,Buy,223413336
2024-07-17 09:45:32,88700.0,800,Buy,223413371
2024-07-17 09:45:44,88700.0,200,Buy,223413594
2024-07-17 09:45:46,88700.0,300,Buy,223413656
2024-07-17 09:45:49,88700.0,400,Buy,223413760
2024-07-17 09:45:49,88700.0,600,Buy,223413761
2024-07-17 09:45:49,88700.0,200,Buy,223413750
2024-07-17 09:46:12,88700.0,100,Buy,223414402
2024-07-17 09:46:17,88600.0,100,Sell,223414577
2024-07-17 09:46:21,88700.0,1300,Buy,223414647
2024-07-17 09:46:21,88700.0,100,Buy,223414648
2024-07-17 09:46:21,88700.0,100,Buy,223414649
2024-07-17 09:46:21,88800.0,500,Buy,223414650
2024-07-17 09:46:54,88800.0,100,Buy,223415702
2024-07-17 09:46:54,88800.0,100,Buy,223415701
2024-07-17 09:46:54,88800.0,100,Buy,223415703
2024-07-17 09:46:54,88800.0,1500,Buy,223415699
2024-07-17 09:46:54,88700.0,100,Buy,223415698
2024-07-17 09:46:54,88800.0,100,Buy,223415700
2024-07-17 09:47:00,88800.0,200,Buy,223415962
2024-07-17 09:48:01,88800.0,100,Buy,223418110
2024-07-17 09:48:04,88800.0,700,Buy,223418192
2024-07-17 09:48:04,88800.0,100,Buy,223418190
2024-07-17 09:48:04,88800.0,100,Buy,223418189
2024-07-17 09:48:04,88800.0,200,Buy,223418188
2024-07-17 09:48:04,88800.0,100,Buy,223418187
2024-07-17 09:48:04,88800.0,200,Buy,223418191
2024-07-17 09:48:04,88800.0,100,Buy,223418185
2024-07-17 09:48:04,88800.0,100,Buy,223418184
2024-07-17 09:48:04,88800.0,1100,Buy,223418183
2024-07-17 09:48:04,88800.0,400,Buy,223418182
2024-07-17 09:48:04,88800.0,100,Buy,223418181
2024-07-17 09:48:04,88800.0,100,Buy,223418186
2024-07-17 09:48:26,88700.0,900,Sell,223418936
2024-07-17 09:48:30,88700.0,500,Sell,223419167
2024-07-17 09:48:30,88700.0,800,Sell,223419166
2024-07-17 09:48:30,88700.0,100,Sell,223419164
2024-07-17 09:48:30,88700.0,1600,Sell,223419165
2024-07-17 09:48:36,88800.0,200,Buy,223419453
2024-07-17 09:48:47,88700.0,100,Sell,223419982
2024-07-17 09:49:16,88700.0,1800,Sell,223421247
2024-07-17 09:49:16,88700.0,100,Sell,223421246
2024-07-17 09:49:16,88700.0,100,Sell,223421245
2024-07-17 09:49:16,88700.0,4100,Sell,223421244
2024-07-17 09:49:16,88700.0,200,Sell,223421242
2024-07-17 09:49:16,88700.0,100,Sell,223421243
2024-07-17 09:49:16,88700.0,200,Sell,223421240
2024-07-17 09:49:16,88700.0,2200,Sell,223421236
2024-07-17 09:49:16,88700.0,300,Sell,223421237
2024-07-17 09:49:16,88700.0,300,Sell,223421241
2024-07-17 09:49:16,88700.0,500,Sell,223421239
2024-07-17 09:49:16,88700.0,100,Sell,223421238
2024-07-17 09:49:22,88700.0,300,Sell,223421405
2024-07-17 09:49:22,88700.0,3200,Sell,223421404
2024-07-17 09:49:48,88600.0,1000,Sell,223422291
2024-07-17 09:51:28,88600.0,1100,Sell,223425552
2024-07-17 09:51:28,88600.0,1000,Sell,223425553
2024-07-17 09:51:28,88600.0,2200,Sell,223425554
2024-07-17 09:51:49,88600.0,100,Sell,223426231
2024-07-17 09:52:03,88600.0,100,Sell,223426771
2024-07-17 09:52:12,88600.0,600,Sell,223427343
2024-07-17 09:52:12,88600.0,600,Sell,223427344
2024-07-17 09:52:22,88600.0,300,Sell,223427786
2024-07-17 09:52:22,88600.0,100,Sell,223427785
2024-07-17 09:52:22,88600.0,300,Sell,223427783
2024-07-17 09:52:22,88600.0,200,Sell,223427784
2024-07-17 09:52:22,88600.0,300,Sell,223427782
2024-07-17 09:52:26,88600.0,100,Sell,223427994
2024-07-17 09:52:37,88600.0,100,Sell,223428479
2024-07-17 09:52:37,88600.0,200,Sell,223428480
2024-07-17 09:52:37,88600.0,100,Sell,223428481
2024-07-17 09:52:37,88600.0,800,Sell,223428482
2024-07-17 09:52:49,88600.0,1200,Sell,223429050
2024-07-17 09:52:58,88600.0,700,Sell,223429690
2024-07-17 09:52:58,88600.0,500,Sell,223429689
2024-07-17 09:53:10,88600.0,800,Sell,223430245
2024-07-17 09:53:10,88600.0,1200,Sell,223430246
2024-07-17 09:53:11,88600.0,100,Sell,223430274
2024-07-17 09:53:11,88600.0,800,Sell,223430275
2024-07-17 09:53:11,88600.0,2000,Sell,223430276
2024-07-17 09:53:11,88600.0,1400,Sell,223430277
2024-07-17 09:53:11,88600.0,300,Sell,223430278
2024-07-17 09:53:11,88600.0,300,Sell,223430279
2024-07-17 09:53:11,88600.0,100,Sell,223430273
2024-07-17 09:53:19,88700.0,100,Buy,223430531
2024-07-17 09:53:19,88700.0,100,Buy,223430532
2024-07-17 09:53:20,88600.0,400,Sell,223430542
2024-07-17 09:53:20,88600.0,100,Sell,223430540
2024-07-17 09:53:20,88600.0,700,Sell,223430541
2024-07-17 09:53:30,88600.0,500,Sell,223430977
2024-07-17 09:53:30,88600.0,500,Sell,223430979
2024-07-17 09:53:30,88600.0,100,Sell,223430980
2024-07-17 09:53:30,88600.0,100,Sell,223430978
2024-07-17 09:53:37,88600.0,1200,Sell,223431356
2024-07-17 09:53:41,88700.0,100,Buy,223431487
2024-07-17 09:55:29,88700.0,100,Buy,223435429
2024-07-17 09:55:29,88700.0,200,Buy,223435430
2024-07-17 09:55:29,88700.0,300,Buy,223435431
2024-07-17 09:55:33,88600.0,300,Sell,223435620
2024-07-17 09:56:06,88600.0,2000,Sell,223436725
2024-07-17 09:56:32,88600.0,100,Sell,223437807
2024-07-17 09:57:27,88600.0,1000,Sell,223440305
2024-07-17 09:57:50,88600.0,300,Sell,223441399
2024-07-17 09:57:50,88600.0,1700,Sell,223441400
2024-07-17 09:57:52,88600.0,2000,Sell,223441578
2024-07-17 09:57:56,88600.0,1300,Sell,223441747
2024-07-17 09:57:56,88600.0,700,Sell,223441748
2024-07-17 09:58:10,88600.0,2000,Sell,223442643
2024-07-17 09:58:18,88600.0,2000,Sell,223443017
2024-07-17 09:58:19,88600.0,300,Sell,223443109
2024-07-17 09:58:19,88600.0,300,Sell,223443110
2024-07-17 09:58:37,88600.0,600,Sell,223444289
2024-07-17 09:59:07,88600.0,2000,Sell,223445914
2024-07-17 09:59:12,88600.0,2100,Sell,223446246
2024-07-17 09:59:12,88600.0,2900,Sell,223446247
2024-07-17 09:59:23,88600.0,2000,Sell,223446746
2024-07-17 09:59:34,88600.0,2400,Sell,223447423
2024-07-17 09:59:34,88600.0,400,Sell,223447421
2024-07-17 09:59:34,88600.0,700,Sell,223447422
2024-07-17 09:59:34,88600.0,100,Sell,223447419
2024-07-17 09:59:34,88600.0,100,Sell,223447417
2024-07-17 09:59:34,88600.0,1500,Sell,223447418
2024-07-17 09:59:34,88600.0,1200,Sell,223447420
2024-07-17 09:59:36,88600.0,1000,Sell,223447501
2024-07-17 09:59:36,88600.0,200,Sell,223447499
2024-07-17 09:59:36,88600.0,500,Sell,223447498
2024-07-17 09:59:36,88600.0,100,Sell,223447500
2024-07-17 09:59:36,88600.0,100,Sell,223447496
2024-07-17 09:59:36,88600.0,300,Sell,223447495
2024-07-17 09:59:36,88600.0,1800,Sell,223447494
2024-07-17 09:59:36,88600.0,1000,Sell,223447497
2024-07-17 09:59:47,88600.0,500,Sell,223448127
2024-07-17 09:59:55,88600.0,300,Sell,223448550
2024-07-17 09:59:55,88600.0,1100,Sell,223448555
2024-07-17 09:59:55,88600.0,1000,Sell,223448554
2024-07-17 09:59:55,88600.0,1600,Sell,223448553
2024-07-17 09:59:55,88600.0,300,Sell,223448552
2024-07-17 09:59:55,88600.0,500,Sell,223448549
2024-07-17 09:59:55,88600.0,100,Sell,223448548
2024-07-17 09:59:55,88600.0,400,Sell,223448547
2024-07-17 09:59:55,88600.0,300,Sell,223448546
2024-07-17 09:59:55,88600.0,1000,Sell,223448545
2024-07-17 09:59:55,88600.0,700,Sell,223448544
2024-07-17 09:59:55,88600.0,1200,Sell,223448543
2024-07-17 09:59:55,88600.0,1500,Sell,223448542
2024-07-17 09:59:55,88600.0,2700,Sell,223448541
2024-07-17 10:01:14,88600.0,1100,Buy,223452382
2024-07-17 10:01:31,88600.0,200,Buy,223453146
2024-07-17 10:01:56,88600.0,700,Buy,223454178
2024-07-17 10:01:56,88600.0,200,Buy,223454176
2024-07-17 10:01:56,88600.0,100,Buy,223454177
2024-07-17 10:02:02,88600.0,100,Buy,223454469
2024-07-17 10:02:03,88600.0,200,Buy,223454544
2024-07-17 10:02:06,88600.0,100,Buy,223454666
2024-07-17 10:03:02,88500.0,2300,Sell,223456653
2024-07-17 10:03:30,88500.0,300,Sell,223457901
2024-07-17 10:03:30,88500.0,100,Sell,223457900
2024-07-17 10:03:30,88500.0,2000,Sell,223457899
2024-07-17 10:03:30,88500.0,1600,Sell,223457898
2024-07-17 10:03:43,88500.0,200,Sell,223458415
2024-07-17 10:03:43,88500.0,300,Sell,223458416
2024-07-17 10:03:43,88500.0,100,Sell,223458417
2024-07-17 10:03:43,88500.0,200,Sell,223458418
2024-07-17 10:03:43,88500.0,300,Sell,223458419
2024-07-17 10:03:43,88500.0,200,Sell,223458420
2024-07-17 10:03:43,88500.0,300,Sell,223458421
2024-07-17 10:03:43,88500.0,300,Sell,223458422
2024-07-17 10:03:43,88500.0,200,Sell,223458423
2024-07-17 10:03:43,88500.0,300,Sell,223458424
2024-07-17 10:03:43,88500.0,200,Sell,223458425
2024-07-17 10:03:43,88500.0,1100,Sell,223458426
2024-07-17 10:03:43,88500.0,200,Sell,223458427
2024-07-17 10:03:43,88500.0,200,Sell,223458414
2024-07-17 10:03:43,88500.0,300,Sell,223458413
2024-07-17 10:03:43,88500.0,700,Sell,223458397
2024-07-17 10:03:43,88500.0,200,Sell,223458411
2024-07-17 10:03:43,88500.0,800,Sell,223458398
2024-07-17 10:03:43,88500.0,2200,Sell,223458399
2024-07-17 10:03:43,88500.0,300,Sell,223458400
2024-07-17 10:03:43,88500.0,600,Sell,223458401
2024-07-17 10:03:43,88500.0,300,Sell,223458403
2024-07-17 10:03:43,88500.0,100,Sell,223458404
2024-07-17 10:03:43,88500.0,500,Sell,223458402
2024-07-17 10:03:43,88500.0,300,Sell,223458406
2024-07-17 10:03:43,88500.0,500,Sell,223458407
2024-07-17 10:03:43,88500.0,300,Sell,223458408
2024-07-17 10:03:43,88500.0,200,Sell,223458409
2024-07-17 10:03:43,88500.0,300,Sell,223458410
2024-07-17 10:03:43,88500.0,200,Sell,223458405
2024-07-17 10:03:43,88500.0,100,Sell,223458412
2024-07-17 10:03:55,88500.0,400,Sell,223459201
2024-07-17 10:03:55,88500.0,300,Sell,223459202
2024-07-17 10:03:55,88500.0,1300,Sell,223459203
2024-07-17 10:04:01,88500.0,700,Sell,223459441
2024-07-17 10:04:31,88400.0,100,Sell,223460795
2024-07-17 10:04:51,88400.0,400,Sell,223461620
2024-07-17 10:05:18,88400.0,200,Sell,223462784
2024-07-17 10:06:38,88400.0,4100,Sell,223465849
2024-07-17 10:06:38,88400.0,100,Sell,223465850
2024-07-17 10:06:38,88400.0,800,Sell,223465851
2024-07-17 10:07:45,88400.0,500,Sell,223468093
2024-07-17 10:08:53,88500.0,100,Buy,223470049
2024-07-17 10:09:12,88500.0,200,Buy,223470610
2024-07-17 10:09:12,88500.0,100,Buy,223470611
2024-07-17 10:10:18,88400.0,200,Sell,223472315
2024-07-17 10:10:18,88400.0,1800,Sell,223472316
2024-07-17 10:10:40,88400.0,2000,Sell,223472914
2024-07-17 10:10:56,88400.0,100,Sell,223473319
2024-07-17 10:10:56,88400.0,400,Sell,223473318
2024-07-17 10:10:57,88400.0,400,Sell,223473328
2024-07-17 10:10:57,88400.0,400,Sell,223473329
2024-07-17 10:11:03,88400.0,500,Sell,223473499
2024-07-17 10:11:33,88500.0,100,Buy,223474210
2024-07-17 10:12:00,88500.0,300,Buy,223474900
2024-07-17 10:12:21,88400.0,100,Sell,223475511
2024-07-17 10:12:21,88400.0,1200,Sell,223475510
2024-07-17 10:12:21,88400.0,100,Sell,223475508
2024-07-17 10:12:21,88400.0,500,Sell,223475509
2024-07-17 10:12:21,88400.0,100,Sell,223475507
2024-07-17 10:12:28,88400.0,600,Sell,223475708
2024-07-17 10:13:44,88400.0,200,Sell,223478518
2024-07-17 10:13:44,88400.0,300,Sell,223478517
2024-07-17 10:14:42,88400.0,200,Sell,223481081
2024-07-17 10:14:42,88400.0,300,Sell,223481082
2024-07-17 10:14:42,88400.0,100,Sell,223481080
2024-07-17 10:15:18,88400.0,100,Sell,223483508
2024-07-17 10:15:24,88400.0,100,Sell,223484044
2024-07-17 10:15:25,88400.0,100,Sell,223484098
2024-07-17 10:15:45,88400.0,200,Sell,223485276
2024-07-17 10:16:02,88400.0,1100,Sell,223486599
2024-07-17 10:16:02,88400.0,200,Sell,223486601
2024-07-17 10:16:02,88400.0,1800,Sell,223486597
2024-07-17 10:16:02,88400.0,1200,Sell,223486596
2024-07-17 10:16:02,88400.0,300,Sell,223486598
2024-07-17 10:16:02,88400.0,200,Sell,223486600
2024-07-17 10:16:05,88500.0,200,Buy,223486810
2024-07-17 10:16:07,88400.0,200,Sell,223487009
2024-07-17 10:16:07,88400.0,100,Sell,223487010
2024-07-17 10:16:07,88400.0,400,Sell,223487011
2024-07-17 10:16:07,88400.0,200,Sell,223487012
2024-07-17 10:16:07,88400.0,300,Sell,223487013
2024-07-17 10:16:07,88400.0,100,Sell,223487014
2024-07-17 10:16:09,88400.0,100,Sell,223487335
2024-07-17 10:16:28,88400.0,100,Sell,223489034
2024-07-17 10:16:28,88400.0,200,Sell,223489035
2024-07-17 10:16:53,88300.0,300,Sell,223491247
2024-07-17 10:16:53,88300.0,100,Sell,223491246
2024-07-17 10:16:53,88300.0,100,Sell,223491245
2024-07-17 10:16:53,88300.0,200,Sell,223491243
2024-07-17 10:16:53,88300.0,100,Sell,223491242
2024-07-17 10:16:53,88300.0,300,Sell,223491244
2024-07-17 10:16:55,88400.0,100,Buy,223491461
2024-07-17 10:17:39,88400.0,300,Buy,223495250
2024-07-17 10:18:40,88400.0,800,Buy,223501387
2024-07-17 10:18:40,88400.0,1000,Buy,223501388
2024-07-17 10:18:50,88400.0,500,Sell,223502238
2024-07-17 10:18:51,88400.0,700,Sell,223502340
2024-07-17 10:18:51,88400.0,300,Sell,223502341
2024-07-17 10:18:55,88500.0,200,Buy,223502690
2024-07-17 10:18:55,88500.0,200,Buy,223502691
2024-07-17 10:18:55,88500.0,200,Buy,223502688
2024-07-17 10:18:55,88500.0,400,Buy,223502687
2024-07-17 10:18:55,88500.0,100,Buy,223502689
2024-07-17 10:19:05,88500.0,100,Buy,223503562
2024-07-17 10:19:05,88500.0,100,Buy,223503563
2024-07-17 10:19:38,88400.0,800,Sell,223506288
2024-07-17 10:19:38,88400.0,1200,Sell,223506289
2024-07-17 10:19:40,88400.0,800,Sell,223506390
2024-07-17 10:19:42,88400.0,100,Buy,223506614
2024-07-17 10:20:03,88400.0,100,Buy,223508018
2024-07-17 10:20:18,88400.0,300,Buy,223509284
2024-07-17 10:20:18,88400.0,200,Buy,223509283
2024-07-17 10:20:30,88400.0,300,Buy,223510233
2024-07-17 10:21:33,88400.0,1400,Buy,223514825
2024-07-17 10:21:33,88400.0,100,Buy,223514826
2024-07-17 10:21:33,88400.0,300,Buy,223514827
2024-07-17 10:21:33,88400.0,1200,Buy,223514828
2024-07-17 10:21:55,88400.0,200,Buy,223516304
2024-07-17 10:22:07,88400.0,200,Buy,223517495
2024-07-17 10:22:07,88400.0,1200,Buy,223517496
2024-07-17 10:22:07,88400.0,600,Buy,223517494
2024-07-17 10:22:20,88400.0,1800,Buy,223518586
2024-07-17 10:22:20,88400.0,200,Buy,223518587
2024-07-17 10:22:20,88400.0,300,Buy,223518588
2024-07-17 10:22:20,88400.0,700,Buy,223518589
2024-07-17 10:22:33,88400.0,300,Buy,223519434
2024-07-17 10:22:33,88400.0,700,Buy,223519435
2024-07-17 10:22:34,88400.0,300,Buy,223519475
2024-07-17 10:22:34,88400.0,1100,Buy,223519476
2024-07-17 10:22:34,88400.0,500,Buy,223519477
2024-07-17 10:22:34,88400.0,100,Buy,223519478
2024-07-17 10:22:52,88400.0,100,Buy,223520820
2024-07-17 10:22:52,88400.0,1600,Buy,223520821
2024-07-17 10:22:54,88400.0,1000,Buy,223520970
2024-07-17 10:22:56,88300.0,500,Sell,223521071
2024-07-17 10:22:57,88300.0,2000,Sell,223521155
2024-07-17 10:22:58,88400.0,200,Buy,223521209
2024-07-17 10:22:59,88400.0,800,Buy,223521295
2024-07-17 10:22:59,88400.0,200,Buy,223521296
2024-07-17 10:23:03,88400.0,1000,Sell,223521591
2024-07-17 10:23:06,88400.0,3000,Buy,223521844
2024-07-17 10:23:15,88400.0,1000,Buy,223522501
2024-07-17 10:23:21,88400.0,600,Sell,223522988
2024-07-17 10:23:24,88500.0,1100,Buy,223523263
2024-07-17 10:23:24,88500.0,100,Buy,223523262
2024-07-17 10:23:24,88500.0,800,Buy,223523261
2024-07-17 10:23:24,88500.0,200,Buy,223523260
2024-07-17 10:23:24,88500.0,200,Buy,223523259
2024-07-17 10:23:24,88500.0,300,Buy,223523222
2024-07-17 10:23:24,88500.0,100,Buy,223523223
2024-07-17 10:23:24,88500.0,800,Buy,223523221
2024-07-17 10:23:24,88500.0,200,Buy,223523220
2024-07-17 10:23:24,88500.0,100,Buy,223523219
2024-07-17 10:23:24,88500.0,200,Buy,223523218
2024-07-17 10:23:24,88500.0,300,Buy,223523224
2024-07-17 10:23:28,88400.0,2000,Sell,223523522
2024-07-17 10:23:28,88400.0,300,Sell,223523538
2024-07-17 10:23:29,88300.0,300,Sell,223523637
2024-07-17 10:23:29,88300.0,100,Sell,223523636
2024-07-17 10:23:29,88300.0,1000,Sell,223523635
2024-07-17 10:23:29,88300.0,100,Sell,223523634
2024-07-17 10:23:29,88300.0,400,Sell,223523633
2024-07-17 10:23:29,88300.0,700,Sell,223523631
2024-07-17 10:23:29,88300.0,1500,Sell,223523630
2024-07-17 10:23:29,88300.0,900,Sell,223523629
2024-07-17 10:23:29,88300.0,1300,Sell,223523628
2024-07-17 10:23:29,88300.0,500,Sell,223523627
2024-07-17 10:23:29,88300.0,1400,Sell,223523626
2024-07-17 10:23:29,88300.0,300,Sell,223523632
2024-07-17 10:23:30,88400.0,200,Buy,223523649
2024-07-17 10:23:34,88400.0,200,Buy,223523912
2024-07-17 10:23:50,88400.0,1000,Buy,223525160
2024-07-17 10:23:55,88300.0,500,Sell,223525357
2024-07-17 10:24:30,88300.0,1000,Sell,223527264
2024-07-17 10:24:30,88300.0,1100,Sell,223527263
2024-07-17 10:24:30,88300.0,1100,Sell,223527261
2024-07-17 10:24:30,88300.0,200,Sell,223527260
2024-07-17 10:24:30,88300.0,100,Sell,223527262
2024-07-17 10:25:46,88400.0,600,Buy,223530552
2024-07-17 10:26:08,88300.0,100,Sell,223531495
2024-07-17 10:26:08,88300.0,200,Sell,223531496
2024-07-17 10:26:08,88300.0,1000,Sell,223531497
2024-07-17 10:26:08,88300.0,200,Sell,223531498
2024-07-17 10:26:08,88300.0,1000,Sell,223531499
2024-07-17 10:27:44,88400.0,200,Buy,223534883
2024-07-17 10:27:44,88400.0,100,Buy,223534882
2024-07-17 10:27:44,88400.0,300,Buy,223534881
2024-07-17 10:27:44,88400.0,1000,Buy,223534880
2024-07-17 10:27:44,88400.0,500,Buy,223534879
2024-07-17 10:27:44,88400.0,800,Buy,223534878
2024-07-17 10:27:44,88400.0,300,Buy,223534863
2024-07-17 10:27:44,88400.0,1600,Buy,223534861
2024-07-17 10:27:44,88400.0,1400,Buy,223534860
2024-07-17 10:27:44,88400.0,100,Buy,223534859
2024-07-17 10:27:44,88400.0,3900,Buy,223534858
2024-07-17 10:27:44,88400.0,700,Buy,223534857
2024-07-17 10:27:44,88400.0,100,Buy,223534862
2024-07-17 10:27:48,88300.0,500,Sell,223534980
2024-07-17 10:28:19,88400.0,300,Buy,223535975
2024-07-17 10:28:51,88300.0,600,Sell,223536962
2024-07-17 10:28:51,88300.0,100,Sell,223536961
2024-07-17 10:28:51,88300.0,200,Sell,223536958
2024-07-17 10:28:51,88300.0,200,Sell,223536960
2024-07-17 10:28:51,88300.0,300,Sell,223536956
2024-07-17 10:28:51,88300.0,900,Sell,223536957
2024-07-17 10:28:51,88400.0,100,Sell,223536953
2024-07-17 10:28:51,88300.0,200,Sell,223536959
2024-07-17 10:28:51,88300.0,2500,Sell,223536955
2024-07-17 10:28:51,88400.0,900,Sell,223536954
2024-07-17 10:29:10,88300.0,200,Sell,223537483
2024-07-17 10:29:45,88400.0,5000,Sell,223538468
2024-07-17 10:30:07,88400.0,900,Sell,223539091
2024-07-17 10:30:52,88400.0,100,Sell,223540495
2024-07-17 10:31:16,88400.0,100,Sell,223541091
2024-07-17 10:31:19,88500.0,800,Buy,223541159
2024-07-17 10:31:19,88500.0,100,Buy,223541157
2024-07-17 10:31:19,88500.0,100,Buy,223541158
2024-07-17 10:31:19,88500.0,200,Buy,223541155
2024-07-17 10:31:19,88500.0,100,Buy,223541154
2024-07-17 10:31:19,88500.0,300,Buy,223541156
2024-07-17 10:31:47,88500.0,200,Buy,223541947
2024-07-17 10:31:49,88400.0,100,Sell,223541982
2024-07-17 10:31:52,88400.0,100,Sell,223542145
2024-07-17 10:31:56,88400.0,100,Sell,223542314
2024-07-17 10:32:31,88500.0,100,Buy,223543263
2024-07-17 10:32:48,88400.0,200,Sell,223543695
2024-07-17 10:33:58,88400.0,100,Sell,223545897
2024-07-17 10:34:01,88500.0,200,Buy,223545967
2024-07-17 10:34:01,88500.0,100,Buy,223545968
2024-07-17 10:34:01,88500.0,200,Buy,223545969
2024-07-17 10:34:01,88500.0,400,Buy,223545970
2024-07-17 10:34:37,88500.0,100,Buy,223547111
2024-07-17 10:34:37,88500.0,100,Buy,223547110
2024-07-17 10:35:54,88400.0,2000,Sell,223549567
2024-07-17 10:36:05,88400.0,100,Sell,223549864
2024-07-17 10:36:16,88400.0,200,Sell,223550170
2024-07-17 10:36:41,88400.0,300,Sell,223550837
2024-07-17 10:36:41,88400.0,1100,Sell,223550838
2024-07-17 10:36:41,88400.0,1000,Sell,223550836
2024-07-17 10:38:33,88400.0,100,Sell,223554278
2024-07-17 10:38:56,88500.0,500,Buy,223555210
2024-07-17 10:38:56,88500.0,100,Buy,223555209
2024-07-17 10:38:56,88500.0,1000,Buy,223555208
2024-07-17 10:38:56,88500.0,200,Buy,223555207
2024-07-17 10:38:56,88500.0,500,Buy,223555206
2024-07-17 10:38:56,88500.0,400,Buy,223555205
2024-07-17 10:38:56,88500.0,100,Buy,223555204
2024-07-17 10:38:56,88400.0,1600,Sell,223555174
2024-07-17 10:38:56,88400.0,1300,Sell,223555173
2024-07-17 10:38:56,88400.0,900,Sell,223555171
2024-07-17 10:38:56,88400.0,1000,Sell,223555169
2024-07-17 10:38:56,88400.0,900,Sell,223555168
2024-07-17 10:38:56,88400.0,100,Sell,223555167
2024-07-17 10:38:56,88400.0,300,Sell,223555166
2024-07-17 10:38:56,88400.0,1000,Sell,223555165
2024-07-17 10:38:56,88400.0,900,Sell,223555164
2024-07-17 10:38:56,88400.0,200,Sell,223555163
2024-07-17 10:38:56,88400.0,400,Sell,223555162
2024-07-17 10:38:56,88400.0,1100,Sell,223555172
2024-07-17 10:38:56,88400.0,300,Sell,223555170
2024-07-17 10:40:16,88500.0,200,Buy,223558165
2024-07-17 10:40:23,88500.0,100,Buy,223558432
2024-07-17 10:40:31,88400.0,100,Sell,223558677
2024-07-17 10:41:09,88400.0,300,Sell,223560359
2024-07-17 10:41:22,88400.0,900,Sell,223560824
2024-07-17 10:41:28,88400.0,1300,Sell,223561037
2024-07-17 10:41:28,88400.0,1500,Sell,223561038
2024-07-17 10:41:28,88400.0,700,Sell,223561039
2024-07-17 10:41:28,88400.0,1100,Sell,223561040
2024-07-17 10:41:28,88400.0,400,Sell,223561041
2024-07-17 10:41:38,88500.0,500,Buy,223561406
2024-07-17 10:41:39,88500.0,100,Buy,223561448
2024-07-17 10:41:40,88500.0,300,Buy,223561498
2024-07-17 10:42:00,88500.0,100,Buy,223562171
2024-07-17 10:42:13,88500.0,100,Buy,223562880
2024-07-17 10:42:23,88400.0,100,Sell,223563300
2024-07-17 10:42:23,88400.0,500,Sell,223563299
2024-07-17 10:42:25,88500.0,900,Buy,223563528
2024-07-17 10:42:26,88500.0,200,Buy,223563547
2024-07-17 10:42:44,88500.0,400,Buy,223564276
2024-07-17 10:42:45,88500.0,100,Buy,223564298
2024-07-17 10:43:06,88500.0,200,Buy,223565172
2024-07-17 10:43:06,88400.0,200,Sell,223565175
2024-07-17 10:43:06,88400.0,200,Sell,223565176
2024-07-17 10:43:06,88400.0,100,Sell,223565177
2024-07-17 10:43:50,88500.0,400,Buy,223566735
2024-07-17 10:43:50,88400.0,100,Sell,223566745
2024-07-17 10:43:57,88400.0,700,Sell,223567019
2024-07-17 10:43:57,88400.0,1000,Sell,223567018
2024-07-17 10:43:57,88400.0,200,Sell,223567016
2024-07-17 10:43:57,88400.0,900,Sell,223567004
2024-07-17 10:43:57,88400.0,300,Sell,223567017
2024-07-17 10:44:09,88400.0,700,Sell,223567463
2024-07-17 10:44:09,88400.0,300,Sell,223567462
2024-07-17 10:44:19,88400.0,100,Sell,223567753
2024-07-17 10:44:19,88400.0,300,Sell,223567752
2024-07-17 10:44:23,88400.0,300,Sell,223567957
2024-07-17 10:44:23,88400.0,100,Sell,223567958
2024-07-17 10:44:23,88400.0,100,Sell,223567956
2024-07-17 10:44:51,88400.0,100,Sell,223568892
2024-07-17 10:44:56,88500.0,400,Buy,223569008
2024-07-17 10:44:57,88500.0,100,Buy,223569033
2024-07-17 10:45:16,88500.0,400,Buy,223570019
2024-07-17 10:45:16,88500.0,100,Buy,223570020
2024-07-17 10:45:16,88500.0,200,Buy,223570021
2024-07-17 10:45:16,88500.0,1300,Buy,223570022
2024-07-17 10:45:18,88500.0,500,Buy,223570073
2024-07-17 10:45:18,88400.0,100,Sell,223570059
2024-07-17 10:45:19,88500.0,100,Buy,223570121
2024-07-17 10:45:26,88400.0,600,Sell,223570353
2024-07-17 10:45:26,88400.0,1400,Sell,223570354
2024-07-17 10:45:26,88400.0,100,Sell,223570355
2024-07-17 10:45:26,88400.0,900,Sell,223570356
2024-07-17 10:45:40,88400.0,1000,Sell,223570948
2024-07-17 10:45:57,88400.0,100,Sell,223571637
2024-07-17 10:46:03,88500.0,400,Buy,223571849
2024-07-17 10:46:04,88500.0,100,Buy,223571917
2024-07-17 10:46:19,88400.0,100,Sell,223572330
2024-07-17 10:46:23,88500.0,2000,Buy,223572508
2024-07-17 10:46:25,88400.0,2100,Sell,223572604
2024-07-17 10:46:25,88500.0,500,Buy,223572572
2024-07-17 10:46:26,88500.0,100,Buy,223572620
2024-07-17 10:46:26,88400.0,600,Sell,223572619
2024-07-17 10:46:26,88400.0,100,Sell,223572615
2024-07-17 10:46:26,88400.0,400,Sell,223572617
2024-07-17 10:46:26,88400.0,1300,Sell,223572616
2024-07-17 10:46:26,88400.0,500,Sell,223572618
2024-07-17 10:46:27,88500.0,600,Buy,223572647
2024-07-17 10:46:27,88500.0,300,Buy,223572648
2024-07-17 10:46:27,88500.0,100,Buy,223572649
2024-07-17 10:46:27,88500.0,200,Buy,223572650
2024-07-17 10:46:28,88500.0,300,Buy,223572676
2024-07-17 10:47:05,88500.0,400,Buy,223574035
2024-07-17 10:47:05,88500.0,500,Buy,223574034
2024-07-17 10:47:05,88500.0,100,Buy,223574033
2024-07-17 10:47:06,88500.0,100,Buy,223574134
2024-07-17 10:47:06,88500.0,100,Buy,223574133
2024-07-17 10:47:09,88500.0,400,Buy,223574231
2024-07-17 10:47:10,88500.0,100,Buy,223574255
2024-07-17 10:47:20,88500.0,300,Buy,223574518
2024-07-17 10:48:07,88500.0,100,Buy,223576055
2024-07-17 10:48:12,88400.0,100,Sell,223576170
2024-07-17 10:48:15,88500.0,400,Buy,223576220
2024-07-17 10:48:16,88500.0,100,Buy,223576252
2024-07-17 10:48:41,88400.0,100,Sell,223577102
2024-07-17 10:48:51,88500.0,200,Buy,223577418
2024-07-17 10:48:51,88500.0,300,Buy,223577390
2024-07-17 10:48:51,88500.0,400,Buy,223577389
2024-07-17 10:48:51,88500.0,400,Buy,223577388
2024-07-17 10:48:55,88400.0,900,Sell,223577508
2024-07-17 10:48:55,88400.0,300,Sell,223577509
2024-07-17 10:48:55,88400.0,300,Sell,223577510
2024-07-17 10:49:02,88400.0,300,Sell,223577698
2024-07-17 10:49:02,88400.0,300,Sell,223577697
2024-07-17 10:49:02,88400.0,100,Sell,223577696
2024-07-17 10:49:02,88400.0,700,Sell,223577693
2024-07-17 10:49:02,88400.0,900,Sell,223577692
2024-07-17 10:49:02,88400.0,100,Sell,223577695
2024-07-17 10:49:02,88400.0,100,Sell,223577690
2024-07-17 10:49:02,88400.0,500,Sell,223577689
2024-07-17 10:49:02,88400.0,100,Sell,223577685
2024-07-17 10:49:02,88400.0,1000,Sell,223577684
2024-07-17 10:49:02,88400.0,600,Sell,223577683
2024-07-17 10:49:02,88400.0,100,Sell,223577691
2024-07-17 10:49:02,88400.0,200,Sell,223577694
2024-07-17 10:49:12,88400.0,100,Sell,223577922
2024-07-17 10:49:21,88500.0,400,Buy,223578199
2024-07-17 10:49:22,88500.0,100,Buy,223578218
2024-07-17 10:50:10,88500.0,200,Buy,223579753
2024-07-17 10:50:10,88500.0,100,Buy,223579754
2024-07-17 10:50:27,88500.0,100,Buy,223580221
2024-07-17 10:50:27,88500.0,300,Buy,223580222
2024-07-17 10:50:27,88500.0,100,Buy,223580237
2024-07-17 10:50:41,88400.0,200,Sell,223580559
2024-07-17 10:51:33,88500.0,100,Buy,223582023
2024-07-17 10:51:33,88500.0,400,Buy,223582000
2024-07-17 10:51:34,88500.0,200,Buy,223582046
2024-07-17 10:52:37,88400.0,400,Buy,223583751
2024-07-17 10:52:37,88400.0,900,Sell,223583715
2024-07-17 10:52:37,88400.0,100,Sell,223583714
2024-07-17 10:52:37,88400.0,500,Sell,223583713
2024-07-17 10:52:37,88400.0,100,Sell,223583712
2024-07-17 10:52:37,88400.0,1000,Sell,223583711
2024-07-17 10:52:37,88400.0,400,Sell,223583710
2024-07-17 10:52:37,88400.0,700,Sell,223583709
2024-07-17 10:52:37,88400.0,300,Sell,223583708
2024-07-17 10:52:37,88400.0,4200,Sell,223583707
2024-07-17 10:52:37,88400.0,1500,Sell,223583706
2024-07-17 10:52:37,88400.0,1200,Sell,223583705
2024-07-17 10:52:37,88400.0,900,Sell,223583692
2024-07-17 10:52:37,88400.0,500,Sell,223583691
2024-07-17 10:52:37,88400.0,3000,Sell,223583690
2024-07-17 10:52:37,88400.0,1200,Sell,223583689
2024-07-17 10:52:37,88400.0,300,Sell,223583688
2024-07-17 10:52:37,88400.0,200,Sell,223583687
2024-07-17 10:52:37,88400.0,1000,Sell,223583686
2024-07-17 10:52:37,88400.0,100,Sell,223583685
2024-07-17 10:52:37,88400.0,200,Sell,223583684
2024-07-17 10:52:37,88400.0,900,Sell,223583683
2024-07-17 10:52:37,88400.0,200,Sell,223583682
2024-07-17 10:52:37,88400.0,100,Sell,223583681
2024-07-17 10:52:37,88400.0,100,Sell,223583704
2024-07-17 10:52:40,88400.0,500,Buy,223583802
2024-07-17 10:52:59,88400.0,300,Buy,223584255
2024-07-17 10:53:33,88400.0,900,Buy,223585050
2024-07-17 10:53:46,88400.0,400,Buy,223585334
2024-07-17 10:53:53,88400.0,500,Buy,223585541
2024-07-17 10:54:15,88400.0,1000,Buy,223586007
2024-07-17 10:54:15,88400.0,2700,Buy,223586006
2024-07-17 10:54:15,88400.0,300,Buy,223586008
2024-07-17 10:54:24,88400.0,200,Buy,223586210
2024-07-17 10:54:29,88400.0,200,Buy,223586311
2024-07-17 10:54:48,88400.0,200,Buy,223586748
2024-07-17 10:54:48,88400.0,100,Buy,223586756
2024-07-17 10:54:48,88400.0,1700,Buy,223586757
2024-07-17 10:54:52,88400.0,400,Buy,223586921
2024-07-17 10:55:30,88400.0,900,Buy,223588105
2024-07-17 10:55:30,88300.0,100,Sell,223588125
2024-07-17 10:55:58,88400.0,400,Buy,223588956
2024-07-17 10:56:19,88400.0,1000,Buy,223589667
2024-07-17 10:56:54,88400.0,2000,Buy,223590764
2024-07-17 10:57:04,88400.0,400,Buy,223591100
2024-07-17 10:57:05,88400.0,1000,Buy,223591130
2024-07-17 10:57:14,88400.0,200,Buy,223591433
2024-07-17 10:57:26,88400.0,900,Buy,223591830
2024-07-17 10:57:31,88300.0,400,Sell,223591960
2024-07-17 10:57:34,88400.0,5000,Buy,223592074
2024-07-17 10:57:42,88300.0,100,Sell,223592605
2024-07-17 10:57:49,88400.0,2000,Buy,223592765
2024-07-17 10:57:53,88400.0,600,Buy,223592886
2024-07-17 10:57:53,88400.0,300,Buy,223592885
2024-07-17 10:57:53,88400.0,200,Buy,223592884
2024-07-17 10:57:53,88400.0,100,Buy,223592883
2024-07-17 10:57:53,88400.0,100,Buy,223592881
2024-07-17 10:57:53,88400.0,2900,Buy,223592879
2024-07-17 10:57:53,88400.0,100,Buy,223592878
2024-07-17 10:57:53,88400.0,2100,Buy,223592877
2024-07-17 10:57:53,88400.0,2000,Buy,223592869
2024-07-17 10:57:53,88400.0,1700,Buy,223592880
2024-07-17 10:57:54,88400.0,100,Buy,223592891
2024-07-17 10:57:54,88400.0,500,Buy,223592892
2024-07-17 10:58:02,88400.0,300,Sell,223593244
2024-07-17 10:58:02,88400.0,300,Sell,223593245
2024-07-17 10:58:10,88500.0,400,Buy,223593534
2024-07-17 10:58:38,88500.0,300,Buy,223594684
2024-07-17 10:58:49,88500.0,500,Buy,223595167
2024-07-17 10:59:16,88500.0,400,Buy,223596116
2024-07-17 10:59:36,88400.0,1200,Sell,223596902
2024-07-17 10:59:36,88400.0,800,Sell,223596901
2024-07-17 10:59:37,88500.0,700,Buy,223596920
2024-07-17 10:59:37,88500.0,400,Buy,223596921
2024-07-17 10:59:37,88500.0,500,Buy,223596922
2024-07-17 10:59:37,88500.0,400,Buy,223596923
2024-07-17 10:59:48,88500.0,100,Buy,223597406
2024-07-17 10:59:48,88500.0,100,Buy,223597407
2024-07-17 10:59:48,88500.0,300,Buy,223597408
2024-07-17 10:59:58,88400.0,400,Sell,223597720
2024-07-17 10:59:58,88400.0,300,Sell,223597721
2024-07-17 10:59:58,88400.0,1000,Sell,223597722
2024-07-17 10:59:58,88400.0,300,Sell,223597723
2024-07-17 11:00:20,88400.0,500,Sell,223598484
2024-07-17 11:00:23,88500.0,400,Buy,223598588
2024-07-17 11:00:29,88500.0,100,Buy,223598785
2024-07-17 11:00:30,88400.0,500,Sell,223598856
2024-07-17 11:00:42,88400.0,1000,Sell,223599369
2024-07-17 11:01:30,88500.0,400,Buy,223601084
2024-07-17 11:01:35,88500.0,100,Buy,223601254
2024-07-17 11:01:37,88500.0,100,Buy,223601303
2024-07-17 11:01:37,88500.0,900,Buy,223601304
2024-07-17 11:01:50,88500.0,100,Buy,223601633
2024-07-17 11:01:50,88500.0,100,Buy,223601634
2024-07-17 11:01:50,88500.0,500,Buy,223601635
2024-07-17 11:01:50,88500.0,2000,Buy,223601636
2024-07-17 11:01:50,88500.0,200,Buy,223601637
2024-07-17 11:01:50,88500.0,100,Buy,223601638
2024-07-17 11:02:07,88500.0,100,Buy,223602082
2024-07-17 11:02:31,88500.0,1000,Buy,223602898
2024-07-17 11:02:35,88500.0,500,Buy,223603057
2024-07-17 11:02:43,88500.0,2200,Buy,223603412
2024-07-17 11:02:53,88500.0,300,Buy,223604021
2024-07-17 11:03:23,88400.0,500,Sell,223605193
2024-07-17 11:03:25,88500.0,2800,Buy,223605304
2024-07-17 11:03:36,88500.0,1200,Buy,223605755
2024-07-17 11:03:36,88500.0,600,Buy,223605754
2024-07-17 11:03:36,88500.0,600,Buy,223605753
2024-07-17 11:03:36,88500.0,800,Buy,223605752
2024-07-17 11:03:36,88500.0,200,Buy,223605751
2024-07-17 11:03:36,88500.0,100,Buy,223605750
2024-07-17 11:03:36,88500.0,200,Buy,223605749
2024-07-17 11:03:36,88500.0,100,Buy,223605748
2024-07-17 11:03:36,88500.0,300,Buy,223605747
2024-07-17 11:03:36,88500.0,100,Buy,223605744
2024-07-17 11:03:36,88500.0,1000,Buy,223605746
2024-07-17 11:03:36,88500.0,300,Buy,223605745
2024-07-17 11:03:36,88500.0,200,Buy,223605743
2024-07-17 11:03:36,88500.0,300,Buy,223605738
2024-07-17 11:03:36,88500.0,100,Buy,223605741
2024-07-17 11:03:36,88400.0,500,Sell,223605682
2024-07-17 11:03:36,88500.0,100,Buy,223605742
2024-07-17 11:03:36,88500.0,2000,Buy,223605718
2024-07-17 11:03:36,88500.0,100,Buy,223605719
2024-07-17 11:03:36,88500.0,700,Buy,223605733
2024-07-17 11:03:36,88500.0,100,Buy,223605717
2024-07-17 11:03:36,88500.0,2000,Buy,223605735
2024-07-17 11:03:36,88500.0,300,Buy,223605736
2024-07-17 11:03:36,88500.0,500,Buy,223605737
2024-07-17 11:03:36,88500.0,100,Buy,223605739
2024-07-17 11:03:36,88500.0,500,Buy,223605740
2024-07-17 11:03:36,88500.0,100,Buy,223605734
2024-07-17 11:03:37,88500.0,1000,Buy,223605761
2024-07-17 11:03:37,88500.0,400,Buy,223605762
2024-07-17 11:03:37,88500.0,200,Buy,223605771
2024-07-17 11:03:38,88400.0,200,Sell,223605803
2024-07-17 11:03:41,88500.0,200,Buy,223605934
2024-07-17 11:03:41,88500.0,100,Buy,223605935
2024-07-17 11:03:41,88500.0,200,Buy,223605936
2024-07-17 11:03:56,88500.0,200,Sell,223606621
2024-07-17 11:04:47,88600.0,400,Buy,223608261
2024-07-17 11:05:38,88500.0,400,Sell,223609984
2024-07-17 11:05:38,88500.0,100,Sell,223609983
2024-07-17 11:05:49,88500.0,500,Sell,223610512
2024-07-17 11:05:50,88500.0,1000,Sell,223610555
2024-07-17 11:05:53,88600.0,400,Buy,223610662
2024-07-17 11:05:56,88500.0,100,Sell,223611055
2024-07-17 11:07:00,88600.0,400,Buy,223613175
2024-07-17 11:07:15,88500.0,400,Sell,223613741
2024-07-17 11:07:16,88500.0,100,Sell,223613742
2024-07-17 11:07:20,88500.0,100,Sell,223613904
2024-07-17 11:07:20,88500.0,800,Sell,223613907
2024-07-17 11:07:20,88500.0,100,Sell,223613903
2024-07-17 11:07:20,88500.0,500,Sell,223613905
2024-07-17 11:07:20,88500.0,1500,Sell,223613906
2024-07-17 11:07:27,88500.0,100,Sell,223614270
2024-07-17 11:07:27,88500.0,200,Sell,223614271
2024-07-17 11:07:27,88500.0,200,Sell,223614272
2024-07-17 11:08:06,88600.0,400,Buy,223615771
2024-07-17 11:08:17,88500.0,3300,Sell,223616447
2024-07-17 11:08:17,88500.0,1000,Sell,223616448
2024-07-17 11:08:17,88500.0,300,Sell,223616445
2024-07-17 11:08:17,88500.0,200,Sell,223616444
2024-07-17 11:08:17,88500.0,200,Sell,223616446
2024-07-17 11:08:20,88600.0,600,Buy,223616615
2024-07-17 11:09:12,88600.0,400,Buy,223618064
2024-07-17 11:09:32,88500.0,500,Sell,223618535
2024-07-17 11:09:37,88500.0,500,Sell,223618674
2024-07-17 11:09:37,88500.0,300,Sell,223618675
2024-07-17 11:09:37,88500.0,1200,Sell,223618676
2024-07-17 11:09:40,88500.0,800,Sell,223618809
2024-07-17 11:09:40,88500.0,1000,Sell,223618810
2024-07-17 11:09:40,88500.0,200,Sell,223618811
2024-07-17 11:09:43,88500.0,500,Sell,223618892
2024-07-17 11:10:01,88500.0,500,Sell,223619614
2024-07-17 11:10:18,88600.0,400,Buy,223620061
2024-07-17 11:11:17,88500.0,500,Sell,223621707
2024-07-17 11:11:24,88600.0,400,Buy,223621881
2024-07-17 11:11:29,88600.0,500,Buy,223622053
2024-07-17 11:11:31,88500.0,1000,Sell,223622122
2024-07-17 11:11:31,88500.0,500,Sell,223622123
2024-07-17 11:11:49,88500.0,1000,Sell,223622843
2024-07-17 11:12:09,88500.0,800,Sell,223623459
2024-07-17 11:12:09,88500.0,200,Sell,223623460
2024-07-17 11:12:28,88500.0,1000,Sell,223624154
2024-07-17 11:12:30,88600.0,100,Buy,223624213
2024-07-17 11:12:30,88600.0,300,Buy,223624214
2024-07-17 11:12:37,88600.0,200,Buy,223624568
2024-07-17 11:12:37,88600.0,800,Buy,223624569
2024-07-17 11:12:58,88500.0,200,Sell,223625058
2024-07-17 11:12:58,88500.0,800,Sell,223625057
2024-07-17 11:13:09,88500.0,1000,Sell,223625277
2024-07-17 11:13:09,88500.0,1400,Sell,223625278
2024-07-17 11:13:09,88500.0,2600,Sell,223625279
2024-07-17 11:13:24,88500.0,500,Sell,223625597
2024-07-17 11:13:27,88500.0,1200,Sell,223625662
2024-07-17 11:13:27,88500.0,100,Sell,223625663
2024-07-17 11:13:27,88500.0,300,Sell,223625664
2024-07-17 11:13:27,88500.0,400,Sell,223625665
2024-07-17 11:13:27,88500.0,1000,Sell,223625666
2024-07-17 11:13:27,88500.0,700,Sell,223625667
2024-07-17 11:13:36,88500.0,400,Sell,223625965
2024-07-17 11:13:36,88500.0,100,Sell,223625964
2024-07-17 11:13:36,88600.0,500,Buy,223625950
2024-07-17 11:14:05,88500.0,200,Sell,223626620
2024-07-17 11:14:05,88500.0,100,Sell,223626618
2024-07-17 11:14:05,88500.0,200,Sell,223626619
2024-07-17 11:14:13,88500.0,200,Sell,223626841
2024-07-17 11:14:39,88500.0,200,Sell,223627568
2024-07-17 11:14:43,88600.0,400,Buy,223627621
2024-07-17 11:15:02,88600.0,300,Buy,223627981
2024-07-17 11:15:02,88600.0,100,Buy,223627982
2024-07-17 11:15:02,88600.0,100,Buy,223627983
2024-07-17 11:15:49,88600.0,100,Buy,223629098
2024-07-17 11:15:49,88600.0,300,Buy,223629099
2024-07-17 11:16:05,88500.0,200,Sell,223629440
2024-07-17 11:16:05,88500.0,1000,Sell,223629439
2024-07-17 11:16:05,88500.0,300,Sell,223629438
2024-07-17 11:16:05,88500.0,200,Sell,223629437
2024-07-17 11:16:05,88500.0,200,Sell,223629436
2024-07-17 11:16:05,88500.0,100,Sell,223629434
2024-07-17 11:16:05,88500.0,2000,Sell,223629433
2024-07-17 11:16:05,88500.0,1400,Sell,223629432
2024-07-17 11:16:05,88500.0,300,Sell,223629435
2024-07-17 11:16:55,88500.0,400,Buy,223630608
2024-07-17 11:17:00,88500.0,300,Buy,223630701
2024-07-17 11:18:01,88500.0,400,Buy,223631935
2024-07-17 11:18:08,88500.0,100,Buy,223632118
2024-07-17 11:18:25,88500.0,200,Buy,223632494
2024-07-17 11:18:28,88400.0,500,Sell,223632598
2024-07-17 11:18:38,88400.0,500,Sell,223632812
2024-07-17 11:19:05,88500.0,2000,Buy,223633322
2024-07-17 11:19:07,88500.0,400,Buy,223633390
2024-07-17 11:19:37,88500.0,200,Buy,223633964
2024-07-17 11:19:47,88400.0,500,Sell,223634126
2024-07-17 11:19:47,88400.0,500,Sell,223634162
2024-07-17 11:19:50,88400.0,500,Sell,223634240
2024-07-17 11:20:03,88400.0,500,Sell,223634570
2024-07-17 11:20:08,88500.0,400,Buy,223634684
2024-07-17 11:20:13,88500.0,400,Buy,223634759
2024-07-17 11:21:14,88500.0,200,Buy,223635902
2024-07-17 11:21:20,88500.0,400,Buy,223635997
2024-07-17 11:21:45,88400.0,200,Sell,223636442
2024-07-17 11:22:26,88500.0,400,Buy,223637116
2024-07-17 11:22:38,88500.0,300,Buy,223637473
2024-07-17 11:23:32,88500.0,400,Buy,223638423
2024-07-17 11:24:03,88500.0,200,Buy,223639000
2024-07-17 11:24:38,88500.0,500,Buy,223639639
2024-07-17 11:25:28,88500.0,300,Buy,223640636
2024-07-17 11:25:28,88500.0,5000,Buy,223640637
2024-07-17 11:25:31,88500.0,1000,Buy,223640670
2024-07-17 11:26:53,88500.0,200,Buy,223642248
2024-07-17 11:27:09,88500.0,500,Buy,223642569
2024-07-17 11:27:32,88500.0,100,Buy,223642920
2024-07-17 11:28:17,88500.0,100,Buy,223643775
2024-07-17 11:28:17,88500.0,200,Buy,223643776
2024-07-17 11:28:53,88400.0,200,Sell,223644574
2024-07-17 11:28:53,88400.0,300,Sell,223644573
2024-07-17 11:29:05,88400.0,500,Sell,223644878
2024-07-17 11:29:22,88400.0,200,Sell,223645178
2024-07-17 12:59:40,88400.0,100,Sell,223646688
2024-07-17 12:59:40,88500.0,200,Buy,223646689
2024-07-17 12:59:40,88400.0,500,Sell,223646690
2024-07-17 12:59:42,88400.0,300,Sell,223647586
2024-07-17 12:59:43,88400.0,200,Sell,223647888
2024-07-17 12:59:43,88400.0,300,Sell,223647889
2024-07-17 12:59:45,88400.0,100,Sell,223648215
2024-07-17 12:59:52,88400.0,100,Sell,223649728
2024-07-17 12:59:57,88500.0,400,Buy,223650291
2024-07-17 13:00:08,88500.0,100,Buy,223651244
2024-07-17 13:00:48,88500.0,400,Buy,223652389
2024-07-17 13:00:48,88500.0,200,Buy,223652388
2024-07-17 13:01:07,88500.0,300,Buy,223652894
2024-07-17 13:01:55,88500.0,300,Buy,223654376
2024-07-17 13:02:32,88500.0,100,Buy,223655844
2024-07-17 13:02:32,88500.0,100,Buy,223655845
2024-07-17 13:03:08,88500.0,100,Buy,223657324
2024-07-17 13:03:08,88500.0,200,Buy,223657325
2024-07-17 13:03:18,88500.0,100,Buy,223657567
2024-07-17 13:03:18,88500.0,100,Buy,223657569
2024-07-17 13:03:18,88500.0,200,Buy,223657566
2024-07-17 13:03:18,88500.0,100,Buy,223657568
2024-07-17 13:03:18,88500.0,100,Buy,223657564
2024-07-17 13:03:18,88500.0,200,Buy,223657563
2024-07-17 13:03:18,88500.0,1000,Buy,223657561
2024-07-17 13:03:18,88500.0,100,Buy,223657562
2024-07-17 13:03:18,88500.0,100,Buy,223657565
2024-07-17 13:04:31,88500.0,200,Sell,223659845
2024-07-17 13:05:02,88500.0,100,Sell,223661184
2024-07-17 13:05:02,88500.0,2900,Sell,223661185
2024-07-17 13:05:22,88500.0,2100,Sell,223661786
2024-07-17 13:05:22,88500.0,300,Sell,223661787
2024-07-17 13:05:22,88500.0,100,Sell,223661788
2024-07-17 13:05:22,88500.0,300,Sell,223661789
2024-07-17 13:06:46,88500.0,200,Buy,223664762
2024-07-17 13:07:16,88400.0,200,Sell,223665768
2024-07-17 13:07:16,88400.0,500,Sell,223665769
2024-07-17 13:07:16,88400.0,300,Sell,223665766
2024-07-17 13:07:16,88400.0,2000,Sell,223665767
2024-07-17 13:09:12,88400.0,100,Sell,223669849
2024-07-17 13:09:15,88400.0,500,Sell,223669931
2024-07-17 13:09:22,88400.0,800,Sell,223670189
2024-07-17 13:09:22,88400.0,2600,Sell,223670199
2024-07-17 13:09:22,88400.0,800,Sell,223670198
2024-07-17 13:09:22,88400.0,900,Sell,223670197
2024-07-17 13:09:22,88400.0,2000,Sell,223670196
2024-07-17 13:09:22,88400.0,800,Sell,223670195
2024-07-17 13:09:22,88400.0,900,Sell,223670194
2024-07-17 13:09:22,88400.0,300,Sell,223670193
2024-07-17 13:09:22,88400.0,900,Sell,223670192
2024-07-17 13:09:22,88400.0,800,Sell,223670191
2024-07-17 13:09:22,88400.0,900,Sell,223670190
2024-07-17 13:09:22,88400.0,100,Sell,223670188
2024-07-17 13:09:22,88400.0,900,Sell,223670185
2024-07-17 13:09:22,88400.0,400,Sell,223670173
2024-07-17 13:09:22,88400.0,100,Sell,223670187
2024-07-17 13:09:22,88400.0,4200,Sell,223670175
2024-07-17 13:09:22,88400.0,700,Sell,223670176
2024-07-17 13:09:22,88400.0,500,Sell,223670177
2024-07-17 13:09:22,88400.0,400,Sell,223670178
2024-07-17 13:09:22,88400.0,1100,Sell,223670174
2024-07-17 13:09:22,88400.0,300,Sell,223670180
2024-07-17 13:09:22,88400.0,900,Sell,223670181
2024-07-17 13:09:22,88400.0,300,Sell,223670182
2024-07-17 13:09:22,88400.0,2000,Sell,223670183
2024-07-17 13:09:22,88400.0,100,Sell,223670184
2024-07-17 13:09:22,88400.0,1300,Sell,223670179
2024-07-17 13:09:36,88400.0,200,Sell,223670638
2024-07-17 13:09:36,88400.0,100,Sell,223670674
2024-07-17 13:09:49,88400.0,200,Sell,223671148
2024-07-17 13:10:06,88500.0,1000,Buy,223671573
2024-07-17 13:10:15,88500.0,100,Buy,223671925
2024-07-17 13:10:43,88500.0,700,Buy,223672959
2024-07-17 13:10:55,88500.0,2400,Buy,223673377
2024-07-17 13:11:00,88500.0,300,Buy,223673501
2024-07-17 13:12:20,88400.0,100,Sell,223676179
2024-07-17 13:12:44,88400.0,100,Sell,223677001
2024-07-17 13:13:32,88400.0,900,Sell,223679253
2024-07-17 13:13:32,88400.0,1200,Sell,223679254
2024-07-17 13:13:32,88400.0,300,Sell,223679251
2024-07-17 13:13:32,88400.0,900,Sell,223679252
2024-07-17 13:13:32,88400.0,1700,Sell,223679250
2024-07-17 13:14:05,88400.0,800,Sell,223680542
2024-07-17 13:14:05,88400.0,200,Sell,223680543
2024-07-17 13:14:06,88400.0,500,Sell,223680601
2024-07-17 13:14:15,88500.0,500,Buy,223680907
2024-07-17 13:15:14,88500.0,200,Buy,223683094
2024-07-17 13:15:41,88400.0,100,Sell,223684400
2024-07-17 13:15:41,88400.0,400,Sell,223684401
2024-07-17 13:15:53,88400.0,500,Sell,223684909
2024-07-17 13:16:43,88500.0,100,Buy,223687178
2024-07-17 13:18:04,88500.0,200,Buy,223691177
2024-07-17 13:18:36,88400.0,500,Sell,223692800
2024-07-17 13:18:46,88400.0,400,Sell,223693374
2024-07-17 13:18:46,88400.0,100,Sell,223693375
2024-07-17 13:18:46,88400.0,100,Sell,223693376
2024-07-17 13:18:46,88400.0,200,Sell,223693377
2024-07-17 13:18:46,88400.0,200,Sell,223693378
2024-07-17 13:18:48,88400.0,300,Sell,223693508
2024-07-17 13:18:48,88400.0,200,Sell,223693509
2024-07-17 13:19:02,88400.0,1100,Sell,223694173
2024-07-17 13:19:02,88400.0,3000,Sell,223694174
2024-07-17 13:19:02,88400.0,900,Sell,223694175
2024-07-17 13:19:02,88400.0,800,Sell,223694172
2024-07-17 13:19:02,88400.0,100,Sell,223694179
2024-07-17 13:19:02,88400.0,2900,Sell,223694180
2024-07-17 13:19:02,88400.0,800,Sell,223694178
2024-07-17 13:19:02,88400.0,200,Sell,223694171
2024-07-17 13:19:02,88400.0,300,Sell,223694177
2024-07-17 13:19:02,88400.0,300,Sell,223694169
2024-07-17 13:19:02,88400.0,1000,Sell,223694170
2024-07-17 13:19:02,88400.0,2800,Sell,223694160
2024-07-17 13:19:02,88400.0,800,Sell,223694161
2024-07-17 13:19:02,88400.0,900,Sell,223694162
2024-07-17 13:19:02,88400.0,800,Sell,223694163
2024-07-17 13:19:02,88400.0,200,Sell,223694176
2024-07-17 13:19:02,88400.0,900,Sell,223694164
2024-07-17 13:19:02,88400.0,1200,Sell,223694167
2024-07-17 13:19:02,88400.0,900,Sell,223694168
2024-07-17 13:19:02,88400.0,100,Sell,223694165
2024-07-17 13:19:07,88400.0,200,Sell,223694408
2024-07-17 13:19:07,88400.0,100,Sell,223694407
2024-07-17 13:19:07,88400.0,1400,Sell,223694403
2024-07-17 13:19:07,88400.0,1200,Sell,223694405
2024-07-17 13:19:07,88400.0,700,Sell,223694406
2024-07-17 13:19:07,88400.0,1400,Sell,223694404
2024-07-17 13:19:22,88400.0,800,Sell,223695119
2024-07-17 13:19:22,88400.0,200,Sell,223695120
2024-07-17 13:19:31,88400.0,100,Sell,223695671
2024-07-17 13:19:49,88400.0,900,Sell,223696787
2024-07-17 13:19:49,88400.0,300,Sell,223696786
2024-07-17 13:19:49,88400.0,700,Sell,223696789
2024-07-17 13:19:49,88400.0,100,Sell,223696780
2024-07-17 13:19:49,88400.0,500,Sell,223696779
2024-07-17 13:19:49,88400.0,400,Sell,223696778
2024-07-17 13:19:49,88400.0,800,Sell,223696785
2024-07-17 13:19:49,88400.0,300,Sell,223696788
2024-07-17 13:20:20,88400.0,100,Sell,223698346
2024-07-17 13:20:54,88400.0,200,Buy,223700116
2024-07-17 13:21:21,88300.0,100,Sell,223701402
2024-07-17 13:21:21,88300.0,400,Sell,223701408
2024-07-17 13:21:32,88300.0,500,Sell,223702201
2024-07-17 13:22:08,88300.0,1000,Sell,223704379
2024-07-17 13:22:18,88300.0,2000,Sell,223704801
2024-07-17 13:22:29,88300.0,200,Sell,223705252
2024-07-17 13:22:29,88300.0,300,Sell,223705251
2024-07-17 13:22:32,88300.0,1000,Sell,223705449
2024-07-17 13:22:41,88300.0,100,Sell,223705953
2024-07-17 13:22:41,88300.0,400,Sell,223705952
2024-07-17 13:22:46,88400.0,500,Buy,223706191
2024-07-17 13:23:37,88400.0,800,Buy,223708536
2024-07-17 13:23:44,88400.0,200,Buy,223708818
2024-07-17 13:24:27,88300.0,900,Sell,223710593
2024-07-17 13:24:27,88300.0,100,Sell,223710594
2024-07-17 13:24:42,88300.0,100,Sell,223711280
2024-07-17 13:25:41,88400.0,300,Buy,223713951
2024-07-17 13:25:49,88400.0,100,Buy,223714298
2024-07-17 13:25:56,88400.0,100,Buy,223714643
2024-07-17 13:26:04,88400.0,100,Buy,223714989
2024-07-17 13:26:15,88400.0,200,Buy,223715420
2024-07-17 13:26:20,88400.0,200,Buy,223715638
2024-07-17 13:26:29,88400.0,200,Buy,223716034
2024-07-17 13:26:33,88400.0,200,Buy,223716201
2024-07-17 13:26:46,88400.0,400,Buy,223716801
2024-07-17 13:27:06,88400.0,300,Buy,223717602
2024-07-17 13:27:06,88400.0,200,Buy,223717603
2024-07-17 13:27:06,88400.0,100,Buy,223717604
2024-07-17 13:27:06,88400.0,300,Buy,223717605
2024-07-17 13:27:06,88400.0,500,Buy,223717606
2024-07-17 13:27:06,88400.0,100,Buy,223717607
2024-07-17 13:27:06,88400.0,500,Buy,223717608
2024-07-17 13:27:18,88400.0,300,Buy,223718227
2024-07-17 13:27:18,88400.0,300,Buy,223718226
2024-07-17 13:27:18,88400.0,300,Buy,223718224
2024-07-17 13:27:18,88400.0,100,Buy,223718225
2024-07-17 13:27:30,88400.0,200,Buy,223718790
2024-07-17 13:27:30,88400.0,300,Buy,223718791
2024-07-17 13:27:30,88400.0,400,Buy,223718789
2024-07-17 13:27:57,88400.0,300,Buy,223720392
2024-07-17 13:28:40,88400.0,1400,Buy,223722278
2024-07-17 13:29:11,88400.0,200,Sell,223724188
2024-07-17 13:30:35,88400.0,200,Sell,223728582
2024-07-17 13:30:35,88400.0,400,Sell,223728583
2024-07-17 13:30:59,88400.0,100,Sell,223729962
2024-07-17 13:31:01,88400.0,2500,Sell,223730052
2024-07-17 13:31:01,88400.0,200,Sell,223730053
2024-07-17 13:31:01,88400.0,600,Sell,223730054
2024-07-17 13:31:03,88400.0,100,Sell,223730148
2024-07-17 13:31:03,88400.0,200,Sell,223730147
2024-07-17 13:31:42,88400.0,500,Sell,223732725
2024-07-17 13:31:42,88400.0,200,Sell,223732751
2024-07-17 13:31:42,88400.0,1100,Sell,223732784
2024-07-17 13:31:42,88400.0,300,Sell,223732785
2024-07-17 13:31:42,88400.0,400,Sell,223732786
2024-07-17 13:31:45,88500.0,1000,Buy,223732964
2024-07-17 13:31:45,88400.0,400,Sell,223732965
2024-07-17 13:31:52,88400.0,500,Sell,223733307
2024-07-17 13:31:57,88500.0,100,Buy,223733555
2024-07-17 13:32:12,88500.0,200,Buy,223734206
2024-07-17 13:32:15,88500.0,1000,Buy,223734441
2024-07-17 13:32:22,88500.0,2500,Buy,223734743
2024-07-17 13:32:31,88500.0,10000,Buy,223735198
2024-07-17 13:32:53,88400.0,500,Sell,223736239
2024-07-17 13:33:05,88400.0,500,Sell,223736979
2024-07-17 13:33:55,88400.0,500,Sell,223739682
2024-07-17 13:33:55,88500.0,1700,Buy,223739703
2024-07-17 13:33:55,88500.0,100,Buy,223739704
2024-07-17 13:33:55,88500.0,100,Buy,223739705
2024-07-17 13:33:55,88500.0,200,Buy,223739706
2024-07-17 13:33:55,88500.0,100,Buy,223739707
2024-07-17 13:33:55,88500.0,500,Buy,223739708
2024-07-17 13:33:55,88500.0,100,Buy,223739709
2024-07-17 13:33:55,88500.0,2200,Buy,223739710
2024-07-17 13:34:06,88400.0,500,Sell,223740152
2024-07-17 13:34:40,88400.0,2000,Sell,223742180
2024-07-17 13:34:52,88400.0,500,Sell,223742790
2024-07-17 13:34:53,88400.0,200,Sell,223742815
2024-07-17 13:35:03,88400.0,500,Sell,223743349
2024-07-17 13:35:39,88400.0,100,Sell,223745726
2024-07-17 13:35:40,88400.0,500,Sell,223745766
2024-07-17 13:35:49,88400.0,1000,Sell,223746150
2024-07-17 13:35:49,88400.0,400,Sell,223746151
2024-07-17 13:35:49,88400.0,500,Sell,223746152
2024-07-17 13:35:49,88400.0,700,Sell,223746153
2024-07-17 13:35:49,88400.0,300,Sell,223746154
2024-07-17 13:35:49,88400.0,100,Sell,223746155
2024-07-17 13:35:50,88500.0,200,Buy,223746234
2024-07-17 13:35:50,88400.0,500,Sell,223746220
2024-07-17 13:36:00,88400.0,500,Sell,223746758
2024-07-17 13:36:12,88500.0,6700,Buy,223747496
2024-07-17 13:36:12,88500.0,100,Buy,223747495
2024-07-17 13:36:12,88500.0,100,Buy,223747494
2024-07-17 13:36:12,88500.0,1100,Buy,223747491
2024-07-17 13:36:12,88500.0,200,Buy,223747492
2024-07-17 13:36:12,88500.0,100,Buy,223747490
2024-07-17 13:36:12,88500.0,600,Buy,223747489
2024-07-17 13:36:12,88500.0,200,Buy,223747493
2024-07-17 13:36:18,88500.0,4600,Buy,223747818
2024-07-17 13:36:18,88500.0,100,Buy,223747819
2024-07-17 13:36:18,88500.0,200,Buy,223747820
2024-07-17 13:36:18,88500.0,100,Buy,223747821
2024-07-17 13:36:18,88500.0,500,Buy,223747822
2024-07-17 13:36:18,88500.0,100,Buy,223747823
2024-07-17 13:36:18,88500.0,200,Buy,223747824
2024-07-17 13:36:26,88500.0,200,Buy,223748391
2024-07-17 13:36:28,88500.0,100,Buy,223748467
2024-07-17 13:36:28,88500.0,500,Buy,223748468
2024-07-17 13:36:37,88500.0,100,Buy,223748851
2024-07-17 13:36:37,88500.0,100,Buy,223748852
2024-07-17 13:36:37,88500.0,300,Buy,223748853
2024-07-17 13:36:37,88500.0,500,Buy,223748850
2024-07-17 13:36:48,88400.0,500,Sell,223749483
2024-07-17 13:36:59,88400.0,500,Sell,223749989
2024-07-17 13:38:02,88400.0,300,Sell,223753099
2024-07-17 13:38:04,88400.0,500,Sell,223753165
2024-07-17 13:38:16,88400.0,900,Sell,223754060
2024-07-17 13:38:16,88400.0,2100,Sell,223754059
2024-07-17 13:38:17,88400.0,500,Sell,223754163
2024-07-17 13:38:19,88500.0,2600,Buy,223754259
2024-07-17 13:38:39,88500.0,100,Buy,223755531
2024-07-17 13:38:47,88500.0,100,Buy,223756020
2024-07-17 13:38:47,88500.0,3000,Buy,223756021
2024-07-17 13:38:47,88500.0,200,Buy,223756022
2024-07-17 13:38:47,88500.0,1700,Buy,223756023
2024-07-17 13:39:09,88400.0,500,Sell,223757232
2024-07-17 13:39:11,88400.0,3000,Sell,223757344
2024-07-17 13:39:12,88500.0,200,Buy,223757393
2024-07-17 13:39:13,88500.0,500,Buy,223757459
2024-07-17 13:39:16,88500.0,200,Buy,223757591
2024-07-17 13:39:17,88500.0,100,Buy,223757782
2024-07-17 13:39:17,88500.0,100,Buy,223757781
2024-07-17 13:39:17,88500.0,1000,Buy,223757780
2024-07-17 13:39:17,88500.0,100,Buy,223757777
2024-07-17 13:39:17,88500.0,100,Buy,223757778
2024-07-17 13:39:17,88500.0,400,Buy,223757776
2024-07-17 13:39:17,88500.0,1000,Buy,223757779
2024-07-17 13:39:19,88500.0,300,Sell,223757919
2024-07-17 13:39:21,88600.0,300,Buy,223758182
2024-07-17 13:39:21,88600.0,100,Buy,223758179
2024-07-17 13:39:21,88600.0,200,Buy,223758180
2024-07-17 13:39:21,88600.0,200,Buy,223758178
2024-07-17 13:39:21,88600.0,300,Buy,223758181
2024-07-17 13:39:21,88600.0,300,Buy,223758176
2024-07-17 13:39:21,88600.0,2800,Buy,223758175
2024-07-17 13:39:21,88600.0,400,Buy,223758174
2024-07-17 13:39:21,88500.0,300,Buy,223758173
2024-07-17 13:39:21,88400.0,500,Sell,223758142
2024-07-17 13:39:21,88600.0,100,Buy,223758177
2024-07-17 13:39:35,88600.0,600,Buy,223759124
2024-07-17 13:39:44,88600.0,800,Buy,223759699
2024-07-17 13:39:44,88600.0,200,Buy,223759700
2024-07-17 13:39:51,88500.0,200,Sell,223760224
2024-07-17 13:40:12,88500.0,200,Sell,223761624
2024-07-17 13:40:26,88600.0,500,Buy,223762365
2024-07-17 13:40:32,88500.0,400,Sell,223762657
2024-07-17 13:40:36,88600.0,1000,Buy,223762945
2024-07-17 13:41:00,88600.0,200,Buy,223765000
2024-07-17 13:41:00,88600.0,2000,Buy,223764999
2024-07-17 13:41:00,88600.0,1000,Buy,223764998
2024-07-17 13:41:00,88600.0,100,Buy,223764997
2024-07-17 13:41:00,88600.0,200,Buy,223764995
2024-07-17 13:41:00,88600.0,400,Buy,223764994
2024-07-17 13:41:00,88600.0,100,Buy,223764996
2024-07-17 13:41:00,88600.0,200,Buy,223764992
2024-07-17 13:41:00,88600.0,100,Buy,223764991
2024-07-17 13:41:00,88600.0,100,Buy,223764990
2024-07-17 13:41:00,88600.0,500,Buy,223764989
2024-07-17 13:41:00,88600.0,100,Buy,223764988
2024-07-17 13:41:00,88600.0,100,Buy,223764987
2024-07-17 13:41:00,88600.0,4800,Buy,223764986
2024-07-17 13:41:00,88600.0,100,Buy,223764993
2024-07-17 13:41:06,88600.0,500,Buy,223765444
2024-07-17 13:41:06,88600.0,100,Buy,223765445
2024-07-17 13:41:06,88600.0,100,Buy,223765446
2024-07-17 13:41:06,88600.0,500,Buy,223765450
2024-07-17 13:41:06,88600.0,200,Buy,223765448
2024-07-17 13:41:06,88600.0,100,Buy,223765449
2024-07-17 13:41:06,88600.0,1600,Buy,223765451
2024-07-17 13:41:06,88600.0,200,Buy,223765443
2024-07-17 13:41:06,88600.0,100,Buy,223765447
2024-07-17 13:41:06,88600.0,900,Buy,223765442
2024-07-17 13:41:06,88600.0,100,Buy,223765437
2024-07-17 13:41:06,88600.0,300,Buy,223765440
2024-07-17 13:41:06,88600.0,500,Buy,223765441
2024-07-17 13:41:06,88600.0,300,Buy,223765428
2024-07-17 13:41:06,88600.0,100,Buy,223765431
2024-07-17 13:41:06,88600.0,100,Buy,223765432
2024-07-17 13:41:06,88600.0,100,Buy,223765433
2024-07-17 13:41:06,88600.0,100,Buy,223765435
2024-07-17 13:41:06,88600.0,400,Buy,223765436
2024-07-17 13:41:06,88600.0,500,Buy,223765438
2024-07-17 13:41:06,88600.0,100,Buy,223765439
2024-07-17 13:41:06,88600.0,3000,Buy,223765434
2024-07-17 13:41:07,88500.0,100,Sell,223765523
2024-07-17 13:41:12,88600.0,1000,Buy,223766100
2024-07-17 13:41:15,88600.0,500,Buy,223766446
2024-07-17 13:41:22,88600.0,1000,Buy,223766774
2024-07-17 13:41:26,88600.0,100,Buy,223766999
2024-07-17 13:41:26,88600.0,100,Buy,223766975
2024-07-17 13:41:26,88600.0,900,Buy,223766972
2024-07-17 13:41:26,88600.0,1000,Buy,223766973
2024-07-17 13:41:26,88600.0,2000,Buy,223766974
2024-07-17 13:41:36,88600.0,500,Sell,223767615
2024-07-17 13:41:37,88600.0,400,Sell,223767978
2024-07-17 13:41:37,88600.0,100,Sell,223767979
2024-07-17 13:41:46,88600.0,400,Sell,223768738
2024-07-17 13:41:46,88600.0,100,Sell,223768737
2024-07-17 13:42:12,88600.0,3000,Sell,223770555
2024-07-17 13:42:14,88700.0,100,Buy,223770772
2024-07-17 13:42:14,88700.0,4700,Buy,223770771
2024-07-17 13:42:14,88700.0,200,Buy,223770773
2024-07-17 13:42:18,88700.0,100,Buy,223771166
2024-07-17 13:42:19,88600.0,400,Sell,223771304
2024-07-17 13:42:27,88600.0,1200,Sell,223771703
2024-07-17 13:42:27,88600.0,500,Sell,223771702
2024-07-17 13:42:27,88600.0,200,Sell,223771699
2024-07-17 13:42:27,88600.0,100,Sell,223771700
2024-07-17 13:42:27,88600.0,1000,Sell,223771701
2024-07-17 13:42:28,88700.0,400,Buy,223771778
2024-07-17 13:42:32,88600.0,500,Sell,223772115
2024-07-17 13:42:39,88700.0,2000,Buy,223772580
2024-07-17 13:42:39,88700.0,400,Buy,223772581
2024-07-17 13:42:40,88600.0,3000,Sell,223772718
2024-07-17 13:42:44,88600.0,300,Sell,223772989
2024-07-17 13:42:44,88600.0,200,Sell,223772990
2024-07-17 13:42:54,88600.0,300,Sell,223773513
2024-07-17 13:42:54,88600.0,200,Sell,223773514
2024-07-17 13:42:58,88600.0,3000,Sell,223773742
2024-07-17 13:43:03,88600.0,200,Sell,223774066
2024-07-17 13:43:04,88600.0,1000,Sell,223774112
2024-07-17 13:43:04,88600.0,600,Sell,223774120
2024-07-17 13:43:04,88600.0,400,Sell,223774121
2024-07-17 13:43:07,88700.0,1900,Buy,223774362
2024-07-17 13:43:07,88700.0,1200,Buy,223774363
2024-07-17 13:43:07,88700.0,100,Buy,223774364
2024-07-17 13:43:07,88700.0,100,Buy,223774365
2024-07-17 13:43:07,88700.0,1100,Buy,223774366
2024-07-17 13:43:08,88700.0,300,Buy,223774416
2024-07-17 13:43:08,88700.0,600,Buy,223774417
2024-07-17 13:43:08,88700.0,100,Buy,223774414
2024-07-17 13:43:08,88700.0,100,Buy,223774415
2024-07-17 13:43:08,88700.0,3900,Buy,223774413
2024-07-17 13:43:10,88700.0,400,Buy,223774504
2024-07-17 13:43:10,88700.0,600,Buy,223774505
2024-07-17 13:43:14,88700.0,500,Buy,223774795
2024-07-17 13:43:14,88700.0,1100,Buy,223774794
2024-07-17 13:43:14,88700.0,200,Buy,223774793
2024-07-17 13:43:14,88700.0,600,Buy,223774797
2024-07-17 13:43:14,88700.0,200,Buy,223774791
2024-07-17 13:43:14,88700.0,6000,Buy,223774792
2024-07-17 13:43:14,88700.0,400,Buy,223774788
2024-07-17 13:43:14,88700.0,500,Buy,223774796
2024-07-17 13:43:14,88700.0,200,Buy,223774789
2024-07-17 13:43:14,88700.0,300,Buy,223774790
2024-07-17 13:43:16,88700.0,400,Buy,223774888
2024-07-17 13:43:16,88700.0,200,Buy,223774889
2024-07-17 13:43:17,88700.0,100,Buy,223774920
2024-07-17 13:43:17,88700.0,1500,Buy,223774922
2024-07-17 13:43:17,88700.0,4400,Buy,223774923
2024-07-17 13:43:17,88700.0,1000,Buy,223774921
2024-07-17 13:43:24,88700.0,1000,Buy,223775378
2024-07-17 13:43:24,88700.0,4600,Buy,223775405
2024-07-17 13:43:24,88700.0,100,Buy,223775406
2024-07-17 13:43:24,88700.0,200,Buy,223775407
2024-07-17 13:43:24,88700.0,100,Buy,223775408
2024-07-17 13:43:31,88700.0,600,Buy,223776013
2024-07-17 13:43:31,88700.0,100,Buy,223776012
2024-07-17 13:43:31,88700.0,200,Buy,223776010
2024-07-17 13:43:31,88700.0,100,Buy,223776011
2024-07-17 13:43:59,88700.0,400,Buy,223777597
2024-07-17 13:44:00,88700.0,300,Buy,223777639
2024-07-17 13:44:04,88600.0,200,Sell,223777921
2024-07-17 13:44:09,88700.0,1000,Buy,223778105
2024-07-17 13:44:11,88700.0,700,Buy,223778223
2024-07-17 13:44:11,88700.0,300,Buy,223778224
2024-07-17 13:44:17,88600.0,300,Sell,223778672
2024-07-17 13:44:17,88600.0,200,Sell,223778673
2024-07-17 13:44:31,88600.0,300,Sell,223779144
2024-07-17 13:44:31,88600.0,1800,Sell,223779145
2024-07-17 13:44:31,88600.0,900,Sell,223779146
2024-07-17 13:44:31,88600.0,500,Sell,223779147
2024-07-17 13:44:40,88600.0,100,Sell,223779943
2024-07-17 13:44:40,88700.0,2300,Buy,223779921
2024-07-17 13:44:53,88600.0,200,Sell,223780678
2024-07-17 13:45:00,88600.0,100,Sell,223781093
2024-07-17 13:45:05,88700.0,400,Buy,223781375
2024-07-17 13:45:05,88700.0,100,Buy,223781376
2024-07-17 13:45:08,88700.0,500,Buy,223781496
2024-07-17 13:45:14,88700.0,400,Buy,223781730
2024-07-17 13:45:16,88700.0,500,Buy,223781796
2024-07-17 13:45:17,88700.0,1000,Buy,223781873
2024-07-17 13:45:36,88700.0,1900,Buy,223782752
2024-07-17 13:45:53,88700.0,600,Buy,223783437
2024-07-17 13:45:53,88700.0,1000,Buy,223783438
2024-07-17 13:45:53,88700.0,600,Buy,223783439
2024-07-17 13:45:58,88700.0,500,Buy,223783790
2024-07-17 13:45:58,88700.0,100,Buy,223783789
2024-07-17 13:45:58,88700.0,400,Buy,223783786
2024-07-17 13:45:58,88700.0,1000,Buy,223783787
2024-07-17 13:45:58,88700.0,1000,Buy,223783788
2024-07-17 13:46:06,88700.0,100,Buy,223784146
2024-07-17 13:46:06,88700.0,100,Buy,223784147
2024-07-17 13:46:16,88700.0,200,Buy,223784560
2024-07-17 13:46:16,88700.0,100,Buy,223784561
2024-07-17 13:46:16,88700.0,100,Buy,223784562
2024-07-17 13:46:16,88800.0,200,Buy,223784563
2024-07-17 13:46:23,88700.0,100,Sell,223784689
2024-07-17 13:46:55,88700.0,8200,Sell,223786340
2024-07-17 13:46:55,88700.0,500,Sell,223786338
2024-07-17 13:46:55,88700.0,500,Sell,223786339
2024-07-17 13:46:55,88700.0,1000,Sell,223786336
2024-07-17 13:46:55,88700.0,900,Sell,223786335
2024-07-17 13:46:55,88700.0,100,Sell,223786337
2024-07-17 13:46:56,88700.0,500,Sell,223786377
2024-07-17 13:46:59,88600.0,200,Sell,223786547
2024-07-17 13:46:59,88600.0,100,Sell,223786548
2024-07-17 13:46:59,88600.0,200,Sell,223786549
2024-07-17 13:47:10,88600.0,500,Sell,223786999
2024-07-17 13:47:30,88600.0,300,Sell,223787924
2024-07-17 13:47:34,88600.0,200,Sell,223788109
2024-07-17 13:47:37,88700.0,100,Buy,223788254
2024-07-17 13:47:37,88700.0,100,Buy,223788255
2024-07-17 13:47:37,88700.0,100,Buy,223788256
2024-07-17 13:47:37,88700.0,100,Buy,223788257
2024-07-17 13:47:53,88700.0,500,Buy,223788947
2024-07-17 13:48:24,88600.0,500,Sell,223790372
2024-07-17 13:48:31,88700.0,4500,Buy,223790691
2024-07-17 13:48:31,88700.0,500,Buy,223790692
2024-07-17 13:48:35,88600.0,500,Sell,223790824
2024-07-17 13:49:11,88600.0,1600,Sell,223792701
2024-07-17 13:49:32,88600.0,1200,Sell,223793619
2024-07-17 13:49:32,88600.0,200,Sell,223793620
2024-07-17 13:49:32,88600.0,200,Sell,223793621
2024-07-17 13:49:35,88600.0,100,Sell,223793836
2024-07-17 13:49:35,88600.0,100,Sell,223793837
2024-07-17 13:49:35,88600.0,500,Sell,223793838
2024-07-17 13:49:35,88600.0,200,Sell,223793839
2024-07-17 13:49:42,88600.0,100,Buy,223794152
2024-07-17 13:49:42,88600.0,900,Buy,223794153
2024-07-17 13:49:48,88600.0,300,Buy,223794438
2024-07-17 13:49:54,88600.0,2000,Buy,223794897
2024-07-17 13:49:58,88600.0,1800,Buy,223795109
2024-07-17 13:50:03,88500.0,100,Sell,223795346
2024-07-17 13:50:03,88600.0,200,Sell,223795344
2024-07-17 13:50:03,88500.0,100,Sell,223795345
2024-07-17 13:50:17,88500.0,400,Sell,223796057
2024-07-17 13:50:17,88500.0,1600,Sell,223796058
2024-07-17 13:50:17,88500.0,1000,Sell,223796059
2024-07-17 13:50:17,88500.0,500,Sell,223796060
2024-07-17 13:50:17,88500.0,5000,Sell,223796061
2024-07-17 13:50:17,88500.0,300,Sell,223796062
2024-07-17 13:50:17,88500.0,1000,Sell,223796063
2024-07-17 13:50:17,88500.0,200,Sell,223796064
2024-07-17 13:50:47,88500.0,400,Sell,223797486
2024-07-17 13:50:47,88500.0,100,Sell,223797490
2024-07-17 13:50:47,88500.0,100,Sell,223797489
2024-07-17 13:50:47,88500.0,1000,Sell,223797488
2024-07-17 13:50:47,88500.0,100,Sell,223797485
2024-07-17 13:50:47,88500.0,1200,Sell,223797481
2024-07-17 13:50:47,88500.0,1400,Sell,223797483
2024-07-17 13:50:47,88500.0,300,Sell,223797484
2024-07-17 13:50:47,88500.0,800,Sell,223797479
2024-07-17 13:50:47,88500.0,300,Sell,223797480
2024-07-17 13:50:47,88500.0,4300,Sell,223797482
2024-07-17 13:50:57,88600.0,200,Buy,223797927
2024-07-17 13:50:57,88600.0,100,Buy,223797928
2024-07-17 13:50:57,88600.0,200,Buy,223797929
2024-07-17 13:50:57,88600.0,500,Buy,223797930
2024-07-17 13:51:08,88600.0,500,Buy,223798383
2024-07-17 13:51:08,88600.0,100,Buy,223798384
2024-07-17 13:51:12,88600.0,500,Sell,223798520
2024-07-17 13:51:30,88600.0,500,Sell,223799507
2024-07-17 13:51:54,88600.0,100,Sell,223800447
2024-07-17 13:52:02,88600.0,500,Sell,223800863
2024-07-17 13:52:09,88600.0,500,Sell,223801272
2024-07-17 13:52:13,88600.0,2300,Sell,223801416
2024-07-17 13:52:13,88600.0,100,Sell,223801417
2024-07-17 13:52:27,88600.0,900,Buy,223802211
2024-07-17 13:52:36,88500.0,400,Sell,223802601
2024-07-17 13:52:36,88500.0,400,Sell,223802599
2024-07-17 13:52:36,88500.0,700,Sell,223802600
2024-07-17 13:52:56,88500.0,1000,Sell,223803547
2024-07-17 13:52:56,88500.0,200,Sell,223803545
2024-07-17 13:52:56,88500.0,200,Sell,223803546
2024-07-17 13:53:16,88500.0,200,Sell,223804488
2024-07-17 13:53:16,88500.0,700,Sell,223804490
2024-07-17 13:53:16,88500.0,200,Sell,223804487
2024-07-17 13:53:16,88500.0,300,Sell,223804489
2024-07-17 13:53:36,88500.0,300,Sell,223805500
2024-07-17 13:53:36,88500.0,300,Sell,223805501
2024-07-17 13:53:36,88500.0,100,Sell,223805502
2024-07-17 13:53:36,88500.0,300,Sell,223805503
2024-07-17 13:53:36,88500.0,100,Sell,223805504
2024-07-17 13:53:36,88500.0,100,Sell,223805505
2024-07-17 13:53:36,88500.0,200,Sell,223805506
2024-07-17 13:53:41,88500.0,500,Sell,223805725
2024-07-17 13:53:41,88500.0,400,Sell,223805724
2024-07-17 13:53:41,88500.0,300,Sell,223805723
2024-07-17 13:53:41,88500.0,1500,Sell,223805722
2024-07-17 13:53:41,88500.0,4300,Sell,223805721
2024-07-17 13:53:41,88500.0,700,Sell,223805720
2024-07-17 13:53:41,88500.0,1300,Sell,223805719
2024-07-17 13:53:41,88500.0,300,Sell,223805715
2024-07-17 13:53:41,88500.0,500,Sell,223805717
2024-07-17 13:53:41,88500.0,500,Sell,223805716
2024-07-17 13:53:41,88500.0,300,Sell,223805726
2024-07-17 13:53:41,88500.0,10000,Sell,223805713
2024-07-17 13:53:41,88500.0,5000,Sell,223805712
2024-07-17 13:53:41,88500.0,100,Sell,223805711
2024-07-17 13:53:41,88500.0,1000,Sell,223805718
2024-07-17 13:53:41,88500.0,300,Sell,223805714
2024-07-17 13:53:49,88500.0,800,Buy,223806173
2024-07-17 13:53:57,88400.0,1400,Sell,223806646
2024-07-17 13:54:17,88400.0,1400,Sell,223808063
2024-07-17 13:54:29,88500.0,200,Buy,223808945
2024-07-17 13:54:29,88500.0,1200,Buy,223808946
2024-07-17 13:54:29,88500.0,600,Buy,223808944
2024-07-17 13:54:30,88500.0,200,Buy,223808968
2024-07-17 13:54:37,88400.0,1500,Sell,223809314
2024-07-17 13:54:38,88500.0,8600,Buy,223809394
2024-07-17 13:54:55,88600.0,1000,Buy,223810204
2024-07-17 13:54:57,88500.0,1400,Sell,223810280
2024-07-17 13:54:57,88500.0,100,Sell,223810281
2024-07-17 13:55:17,88500.0,900,Sell,223811551
2024-07-17 13:55:17,88500.0,300,Sell,223811552
2024-07-17 13:55:17,88500.0,300,Sell,223811553
2024-07-17 13:55:21,88500.0,200,Sell,223811770
2024-07-17 13:55:37,88500.0,1500,Sell,223812708
2024-07-17 13:55:41,88600.0,100,Buy,223812940
2024-07-17 13:55:57,88500.0,1500,Sell,223813676
2024-07-17 13:56:06,88500.0,100,Sell,223814170
2024-07-17 13:56:10,88500.0,200,Sell,223814344
2024-07-17 13:56:17,88500.0,400,Sell,223814570
2024-07-17 13:56:17,88500.0,100,Sell,223814571
2024-07-17 13:56:17,88500.0,100,Sell,223814572
2024-07-17 13:56:17,88500.0,900,Sell,223814573
2024-07-17 13:56:37,88500.0,400,Sell,223815459
2024-07-17 13:56:37,88500.0,1100,Sell,223815460
2024-07-17 13:56:56,88600.0,200,Buy,223816276
2024-07-17 13:56:56,88600.0,100,Buy,223816274
2024-07-17 13:56:56,88600.0,4900,Buy,223816273
2024-07-17 13:56:56,88600.0,9000,Buy,223816275
2024-07-17 13:56:57,88600.0,1500,Sell,223816325
2024-07-17 13:56:58,88600.0,500,Sell,223816341
2024-07-17 13:57:08,88600.0,500,Sell,223816895
2024-07-17 13:57:09,88600.0,200,Sell,223817057
2024-07-17 13:57:15,88600.0,1600,Sell,223817321
2024-07-17 13:57:17,88600.0,1500,Sell,223817459
2024-07-17 13:57:28,88700.0,500,Buy,223818041
2024-07-17 13:57:28,88700.0,300,Buy,223818042
2024-07-17 13:57:28,88700.0,200,Buy,223818043
2024-07-17 13:57:29,88600.0,1000,Sell,223818079
2024-07-17 13:57:29,88600.0,1000,Sell,223818101
2024-07-17 13:57:33,88600.0,700,Sell,223818316
2024-07-17 13:57:38,88600.0,1500,Sell,223818560
2024-07-17 13:57:40,88700.0,200,Buy,223818726
2024-07-17 13:57:45,88700.0,100,Buy,223819077
2024-07-17 13:57:45,88700.0,800,Buy,223819078
2024-07-17 13:57:45,88700.0,100,Buy,223819076
2024-07-17 13:57:52,88700.0,200,Buy,223819369
2024-07-17 13:57:52,88700.0,300,Buy,223819370
2024-07-17 13:57:58,88600.0,1500,Sell,223819742
2024-07-17 13:58:00,88600.0,500,Sell,223819899
2024-07-17 13:58:11,88600.0,500,Sell,223820569
2024-07-17 13:58:17,88700.0,5000,Buy,223820913
2024-07-17 13:58:18,88600.0,1500,Sell,223820987
2024-07-17 13:58:19,88700.0,500,Buy,223821099
2024-07-17 13:58:22,88700.0,5000,Buy,223821310
2024-07-17 13:58:25,88600.0,1000,Sell,223821422
2024-07-17 13:58:38,88600.0,1500,Sell,223822044
2024-07-17 13:58:44,88700.0,100,Buy,223822292
2024-07-17 13:58:46,88700.0,4400,Buy,223822362
2024-07-17 13:58:46,88700.0,200,Buy,223822363
2024-07-17 13:58:46,88700.0,100,Buy,223822364
2024-07-17 13:58:46,88700.0,100,Buy,223822365
2024-07-17 13:58:46,88700.0,100,Buy,223822366
2024-07-17 13:58:46,88700.0,100,Buy,223822367
2024-07-17 13:58:51,88700.0,900,Buy,223822577
2024-07-17 13:58:51,88700.0,200,Buy,223822576
2024-07-17 13:58:51,88700.0,500,Buy,223822575
2024-07-17 13:58:51,88700.0,2000,Buy,223822562
2024-07-17 13:58:51,88700.0,200,Buy,223822561
2024-07-17 13:58:51,88700.0,100,Buy,223822559
2024-07-17 13:58:51,88700.0,100,Buy,223822558
2024-07-17 13:58:51,88700.0,200,Buy,223822557
2024-07-17 13:58:51,88700.0,200,Buy,223822556
2024-07-17 13:58:51,88700.0,500,Buy,223822560
2024-07-17 13:58:52,88700.0,500,Buy,223822699
2024-07-17 13:58:58,88600.0,1500,Sell,223823304
2024-07-17 13:59:01,88700.0,1500,Buy,223823470
2024-07-17 13:59:03,88600.0,500,Sell,223823590
2024-07-17 13:59:12,88700.0,500,Buy,223824199
2024-07-17 13:59:12,88700.0,700,Buy,223824200
2024-07-17 13:59:12,88700.0,100,Buy,223824198
2024-07-17 13:59:12,88700.0,700,Buy,223824202
2024-07-17 13:59:12,88700.0,100,Buy,223824196
2024-07-17 13:59:12,88700.0,100,Buy,223824197
2024-07-17 13:59:12,88700.0,100,Buy,223824194
2024-07-17 13:59:12,88700.0,7400,Buy,223824201
2024-07-17 13:59:12,88700.0,300,Buy,223824195
2024-07-17 13:59:14,88700.0,300,Buy,223824340
2024-07-17 13:59:14,88700.0,100,Buy,223824341
2024-07-17 13:59:14,88700.0,300,Buy,223824342
2024-07-17 13:59:14,88700.0,300,Sell,223824385
2024-07-17 13:59:14,88600.0,200,Sell,223824386
2024-07-17 13:59:18,88700.0,100,Sell,223824664
2024-07-17 13:59:18,88600.0,1400,Sell,223824665
2024-07-17 13:59:29,88700.0,100,Buy,223825235
2024-07-17 13:59:38,88700.0,900,Sell,223825980
2024-07-17 13:59:38,88700.0,600,Sell,223825981
2024-07-17 13:59:42,88700.0,200,Sell,223826115
2024-07-17 13:59:49,88700.0,100,Sell,223826406
2024-07-17 13:59:49,88700.0,100,Sell,223826390
2024-07-17 13:59:49,88700.0,500,Sell,223826389
2024-07-17 13:59:49,88700.0,200,Sell,223826387
2024-07-17 13:59:49,88700.0,100,Sell,223826386
2024-07-17 13:59:49,88700.0,4100,Sell,223826385
2024-07-17 13:59:49,88700.0,5000,Sell,223826388
2024-07-17 13:59:50,88700.0,100,Sell,223826435
2024-07-17 13:59:51,88700.0,200,Buy,223826489
2024-07-17 13:59:53,88700.0,400,Buy,223826795
2024-07-17 13:59:53,88700.0,100,Buy,223826796
2024-07-17 13:59:56,88700.0,400,Sell,223826912
2024-07-17 13:59:56,88700.0,400,Sell,223826913
2024-07-17 13:59:58,88600.0,1500,Sell,223827101
2024-07-17 13:59:59,88800.0,3400,Buy,223827134
2024-07-17 13:59:59,88800.0,100,Buy,223827133
2024-07-17 13:59:59,88800.0,100,Buy,223827132
2024-07-17 13:59:59,88800.0,200,Buy,223827131
2024-07-17 13:59:59,88700.0,200,Buy,223827130
2024-07-17 14:00:03,88700.0,300,Buy,223827426
2024-07-17 14:00:03,88700.0,100,Buy,223827425
2024-07-17 14:00:08,88700.0,200,Buy,223827739
2024-07-17 14:00:12,88600.0,500,Sell,223827936
2024-07-17 14:00:13,88700.0,100,Buy,223827990
2024-07-17 14:00:17,88700.0,1200,Buy,223828188
2024-07-17 14:00:17,88700.0,100,Buy,223828189
2024-07-17 14:00:19,88700.0,1500,Sell,223828335
2024-07-17 14:00:21,88800.0,1000,Buy,223828487
2024-07-17 14:00:23,88700.0,500,Sell,223828692
2024-07-17 14:00:25,88700.0,1600,Sell,223828822
2024-07-17 14:00:25,88700.0,400,Sell,223828823
2024-07-17 14:00:28,88700.0,700,Sell,223828994
2024-07-17 14:00:28,88700.0,1100,Sell,223828993
2024-07-17 14:00:30,88700.0,500,Buy,223829062
2024-07-17 14:00:35,88700.0,300,Buy,223829525
2024-07-17 14:00:39,88600.0,1500,Sell,223829720
2024-07-17 14:00:40,88700.0,1100,Buy,223829763
2024-07-17 14:00:49,88700.0,1300,Buy,223830269
2024-07-17 14:00:49,88700.0,200,Buy,223830270
2024-07-17 14:00:49,88700.0,100,Buy,223830271
2024-07-17 14:00:53,88700.0,100,Sell,223830479
2024-07-17 14:00:59,88700.0,300,Sell,223830802
2024-07-17 14:00:59,88600.0,1200,Sell,223830803
2024-07-17 14:01:00,88800.0,400,Buy,223830873
2024-07-17 14:01:00,88800.0,100,Buy,223830872
2024-07-17 14:01:00,88800.0,1100,Buy,223830871
2024-07-17 14:01:04,88700.0,100,Buy,223831106
2024-07-17 14:01:06,88800.0,100,Buy,223831214
2024-07-17 14:01:06,88800.0,500,Buy,223831215
2024-07-17 14:01:06,88800.0,100,Buy,223831216
2024-07-17 14:01:06,88800.0,100,Buy,223831217
2024-07-17 14:01:06,88800.0,200,Buy,223831218
2024-07-17 14:01:06,88800.0,2600,Buy,223831219
2024-07-17 14:01:06,88800.0,600,Buy,223831213
2024-07-17 14:01:13,88800.0,1300,Buy,223831732
2024-07-17 14:01:19,88700.0,1500,Sell,223832033
2024-07-17 14:01:21,88800.0,1000,Buy,223832172
2024-07-17 14:01:21,88800.0,500,Buy,223832176
2024-07-17 14:01:24,88700.0,200,Sell,223832323
2024-07-17 14:01:29,88800.0,500,Buy,223832767
2024-07-17 14:01:32,88800.0,1600,Buy,223832929
2024-07-17 14:01:39,88700.0,100,Sell,223833373
2024-07-17 14:01:39,88700.0,200,Sell,223833374
2024-07-17 14:01:39,88700.0,1200,Sell,223833372
2024-07-17 14:01:50,88800.0,400,Buy,223834092
2024-07-17 14:01:55,88800.0,100,Buy,223834428
2024-07-17 14:01:56,88700.0,1800,Sell,223834527
2024-07-17 14:01:56,88700.0,200,Sell,223834528
2024-07-17 14:01:58,88800.0,100,Buy,223834727
2024-07-17 14:01:59,88700.0,800,Sell,223834752
2024-07-17 14:01:59,88700.0,700,Sell,223834753
2024-07-17 14:01:59,88800.0,1900,Buy,223834771
2024-07-17 14:01:59,88800.0,100,Buy,223834772
2024-07-17 14:01:59,88800.0,200,Buy,223834773
2024-07-17 14:02:13,88800.0,700,Buy,223835833
2024-07-17 14:02:18,88800.0,1700,Buy,223836171
2024-07-17 14:02:19,88700.0,1500,Sell,223836229
2024-07-17 14:02:20,88800.0,200,Buy,223836293
2024-07-17 14:02:21,88800.0,100,Buy,223836373
2024-07-17 14:02:26,88800.0,100,Buy,223836696
2024-07-17 14:02:26,88800.0,3000,Buy,223836697
2024-07-17 14:02:26,88800.0,500,Buy,223836698
2024-07-17 14:02:26,88800.0,1000,Buy,223836699
2024-07-17 14:02:26,88800.0,100,Buy,223836700
2024-07-17 14:02:26,88800.0,100,Buy,223836701
2024-07-17 14:02:26,88800.0,100,Buy,223836702
2024-07-17 14:02:26,88800.0,200,Buy,223836733
2024-07-17 14:02:26,88800.0,100,Buy,223836734
2024-07-17 14:02:26,88800.0,100,Buy,223836735
2024-07-17 14:02:26,88800.0,100,Buy,223836736
2024-07-17 14:02:36,88800.0,1000,Buy,223837407
2024-07-17 14:02:39,88700.0,1500,Sell,223837638
2024-07-17 14:02:43,88800.0,100,Buy,223838034
2024-07-17 14:02:47,88800.0,1800,Buy,223838297
2024-07-17 14:02:47,88800.0,500,Buy,223838298
2024-07-17 14:02:47,88800.0,100,Buy,223838299
2024-07-17 14:02:59,88700.0,1500,Sell,223839535
2024-07-17 14:03:01,88800.0,200,Buy,223839758
2024-07-17 14:03:01,88800.0,100,Buy,223839759
2024-07-17 14:03:01,88800.0,100,Buy,223839760
2024-07-17 14:03:01,88800.0,600,Buy,223839761
2024-07-17 14:03:03,88800.0,900,Buy,223839955
2024-07-17 14:03:03,88800.0,500,Buy,223839953
2024-07-17 14:03:03,88800.0,500,Buy,223839954
2024-07-17 14:03:03,88800.0,100,Buy,223839952
2024-07-17 14:03:03,88800.0,500,Buy,223839947
2024-07-17 14:03:03,88800.0,100,Buy,223839950
2024-07-17 14:03:03,88800.0,100,Buy,223839946
2024-07-17 14:03:03,88800.0,100,Buy,223839951
2024-07-17 14:03:03,88800.0,100,Buy,223839949
2024-07-17 14:03:03,88800.0,100,Buy,223839948
2024-07-17 14:03:05,88800.0,900,Buy,223840217
2024-07-17 14:03:05,88800.0,100,Buy,223840216
2024-07-17 14:03:05,88800.0,2300,Buy,223840215
2024-07-17 14:03:05,88800.0,100,Buy,223840214
2024-07-17 14:03:05,88800.0,100,Buy,223840213
2024-07-17 14:03:05,88800.0,100,Buy,223840212
2024-07-17 14:03:05,88800.0,100,Buy,223840211
2024-07-17 14:03:05,88800.0,100,Buy,223840210
2024-07-17 14:03:05,88800.0,100,Buy,223840209
2024-07-17 14:03:05,88800.0,100,Buy,223840208
2024-07-17 14:03:05,88800.0,300,Buy,223840207
2024-07-17 14:03:05,88800.0,2000,Buy,223840205
2024-07-17 14:03:05,88800.0,11000,Buy,223840204
2024-07-17 14:03:05,88800.0,100,Buy,223840203
2024-07-17 14:03:05,88800.0,100,Buy,223840202
2024-07-17 14:03:05,88800.0,200,Buy,223840201
2024-07-17 14:03:05,88800.0,300,Buy,223840200
2024-07-17 14:03:05,88800.0,100,Buy,223840199
2024-07-17 14:03:05,88800.0,500,Buy,223840198
2024-07-17 14:03:05,88800.0,100,Buy,223840197
2024-07-17 14:03:05,88800.0,1300,Buy,223840206
2024-07-17 14:03:09,88800.0,3400,Buy,223840683
2024-07-17 14:03:09,88800.0,100,Buy,223840681
2024-07-17 14:03:09,88800.0,1100,Buy,223840680
2024-07-17 14:03:09,88800.0,300,Buy,223840682
2024-07-17 14:03:12,88800.0,1100,Buy,223840960
2024-07-17 14:03:12,88800.0,900,Buy,223840961
2024-07-17 14:03:14,88800.0,100,Buy,223841190
2024-07-17 14:03:14,88800.0,300,Buy,223841191
2024-07-17 14:03:14,88800.0,200,Buy,223841192
2024-07-17 14:03:14,88800.0,4400,Buy,223841193
2024-07-17 14:03:16,88800.0,2500,Buy,223841286
2024-07-17 14:03:19,88800.0,900,Buy,223841522
2024-07-17 14:03:19,88800.0,300,Buy,223841521
2024-07-17 14:03:19,88800.0,800,Buy,223841520
2024-07-17 14:03:19,88800.0,100,Buy,223841519
2024-07-17 14:03:19,88800.0,300,Buy,223841518
2024-07-17 14:03:19,88800.0,100,Buy,223841517
2024-07-17 14:03:19,88800.0,2000,Buy,223841516
2024-07-17 14:03:19,88800.0,100,Buy,223841512
2024-07-17 14:03:19,88800.0,200,Buy,223841514
2024-07-17 14:03:19,88800.0,100,Buy,223841513
2024-07-17 14:03:19,88800.0,5000,Buy,223841511
2024-07-17 14:03:19,88800.0,400,Buy,223841510
2024-07-17 14:03:19,88800.0,500,Buy,223841509
2024-07-17 14:03:19,88800.0,100,Buy,223841508
2024-07-17 14:03:19,88800.0,100,Buy,223841515
2024-07-17 14:03:19,88800.0,600,Buy,223841577
2024-07-17 14:03:19,88800.0,100,Buy,223841578
2024-07-17 14:03:20,88800.0,400,Buy,223841600
2024-07-17 14:03:20,88800.0,100,Buy,223841601
2024-07-17 14:03:20,88800.0,200,Buy,223841602
2024-07-17 14:03:20,88800.0,100,Buy,223841603
2024-07-17 14:03:20,88800.0,100,Buy,223841604
2024-07-17 14:03:20,88800.0,500,Buy,223841605
2024-07-17 14:03:20,88800.0,100,Buy,223841606
2024-07-17 14:03:20,88800.0,1000,Buy,223841607
2024-07-17 14:03:20,88800.0,16000,Buy,223841608
2024-07-17 14:03:20,88800.0,100,Buy,223841609
2024-07-17 14:03:20,88800.0,100,Buy,223841610
2024-07-17 14:03:20,88700.0,1500,Sell,223841599
2024-07-17 14:03:22,88800.0,5000,Buy,223841920
2024-07-17 14:03:23,88800.0,1000,Buy,223842013
2024-07-17 14:03:23,88800.0,3000,Buy,223842091
2024-07-17 14:03:23,88800.0,2000,Buy,223842092
2024-07-17 14:03:23,88800.0,200,Buy,223842012
2024-07-17 14:03:24,88800.0,1000,Buy,223842174
2024-07-17 14:03:24,88800.0,200,Buy,223842255
2024-07-17 14:03:24,88800.0,100,Buy,223842256
2024-07-17 14:03:25,88800.0,100,Buy,223842288
2024-07-17 14:03:25,88800.0,600,Buy,223842290
2024-07-17 14:03:25,88800.0,500,Buy,223842289
2024-07-17 14:03:25,88800.0,100,Buy,223842287
2024-07-17 14:03:25,88800.0,2000,Buy,223842325
2024-07-17 14:03:25,88800.0,100,Buy,223842285
2024-07-17 14:03:25,88800.0,100,Buy,223842284
2024-07-17 14:03:25,88800.0,500,Buy,223842283
2024-07-17 14:03:25,88800.0,2900,Buy,223842282
2024-07-17 14:03:25,88800.0,100,Buy,223842286
2024-07-17 14:03:26,88800.0,2400,Buy,223842385
2024-07-17 14:03:26,88800.0,300,Buy,223842386
2024-07-17 14:03:28,88900.0,100,Buy,223842573
2024-07-17 14:03:36,88900.0,500,Buy,223843222
2024-07-17 14:03:36,88900.0,200,Buy,223843223
2024-07-17 14:03:36,88900.0,100,Buy,223843224
2024-07-17 14:03:36,88900.0,100,Buy,223843225
2024-07-17 14:03:36,88900.0,100,Buy,223843226
2024-07-17 14:03:36,88900.0,500,Buy,223843227
2024-07-17 14:03:36,88900.0,100,Buy,223843228
2024-07-17 14:03:36,88900.0,100,Buy,223843229
2024-07-17 14:03:39,88900.0,4500,Buy,223843425
2024-07-17 14:03:39,88800.0,1500,Sell,223843424
2024-07-17 14:03:51,88900.0,900,Buy,223844238
2024-07-17 14:03:51,88900.0,300,Buy,223844237
2024-07-17 14:03:51,88900.0,100,Buy,223844236
2024-07-17 14:03:51,88900.0,100,Buy,223844235
2024-07-17 14:03:51,88900.0,100,Buy,223844234
2024-07-17 14:03:51,88900.0,100,Buy,223844233
2024-07-17 14:03:51,88900.0,100,Buy,223844232
2024-07-17 14:03:51,88900.0,100,Buy,223844231
2024-07-17 14:03:51,88900.0,300,Buy,223844230
2024-07-17 14:03:51,88900.0,500,Buy,223844229
2024-07-17 14:03:51,88900.0,100,Buy,223844224
2024-07-17 14:03:51,88900.0,100,Buy,223844228
2024-07-17 14:03:51,88900.0,200,Buy,223844226
2024-07-17 14:03:51,88900.0,100,Buy,223844225
2024-07-17 14:03:51,88900.0,1000,Buy,223844223
2024-07-17 14:03:51,88900.0,200,Buy,223844217
2024-07-17 14:03:51,88900.0,100,Buy,223844221
2024-07-17 14:03:51,88900.0,100,Buy,223844222
2024-07-17 14:03:51,88900.0,400,Buy,223844198
2024-07-17 14:03:51,88900.0,100,Buy,223844200
2024-07-17 14:03:51,88900.0,200,Buy,223844201
2024-07-17 14:03:51,88900.0,100,Buy,223844202
2024-07-17 14:03:51,88900.0,200,Buy,223844203
2024-07-17 14:03:51,88900.0,100,Buy,223844199
2024-07-17 14:03:51,88900.0,200,Buy,223844205
2024-07-17 14:03:51,88900.0,300,Buy,223844206
2024-07-17 14:03:51,88900.0,300,Buy,223844207
2024-07-17 14:03:51,88900.0,100,Buy,223844218
2024-07-17 14:03:51,88900.0,200,Buy,223844220
2024-07-17 14:03:51,88900.0,100,Buy,223844219
2024-07-17 14:03:51,88900.0,100,Buy,223844204
2024-07-17 14:03:59,88800.0,1500,Sell,223845536
2024-07-17 14:04:07,88900.0,200,Buy,223846408
2024-07-17 14:04:16,88800.0,2000,Sell,223847235
2024-07-17 14:04:17,88800.0,500,Sell,223847292
2024-07-17 14:04:20,88900.0,100,Buy,223847587
2024-07-17 14:04:20,88800.0,1500,Sell,223847618
2024-07-17 14:04:21,88900.0,100,Buy,223847705
2024-07-17 14:04:28,88800.0,500,Sell,223848370
2024-07-17 14:04:28,88900.0,2300,Buy,223848301
2024-07-17 14:04:28,88900.0,1000,Buy,223848300
2024-07-17 14:04:28,88900.0,100,Buy,223848299
2024-07-17 14:04:28,88900.0,100,Buy,223848295
2024-07-17 14:04:28,88900.0,100,Buy,223848297
2024-07-17 14:04:28,88900.0,500,Buy,223848296
2024-07-17 14:04:28,88900.0,100,Buy,223848294
2024-07-17 14:04:28,88900.0,600,Buy,223848293
2024-07-17 14:04:28,88900.0,200,Buy,223848298
2024-07-17 14:04:31,88900.0,600,Buy,223848805
2024-07-17 14:04:32,88900.0,100,Buy,223848831
2024-07-17 14:04:33,88900.0,5000,Buy,223849003
2024-07-17 14:04:35,88900.0,300,Buy,223849202
2024-07-17 14:04:35,88900.0,1400,Buy,223849201
2024-07-17 14:04:35,88900.0,700,Buy,223849200
2024-07-17 14:04:35,88900.0,200,Buy,223849197
2024-07-17 14:04:35,88900.0,100,Buy,223849198
2024-07-17 14:04:35,88900.0,100,Buy,223849196
2024-07-17 14:04:35,88900.0,2000,Buy,223849195
2024-07-17 14:04:35,88900.0,100,Buy,223849199
2024-07-17 14:04:36,88900.0,900,Buy,223849277
2024-07-17 14:04:36,88900.0,100,Buy,223849278
2024-07-17 14:04:36,88800.0,100,Sell,223849295
2024-07-17 14:04:37,88900.0,400,Buy,223849338
2024-07-17 14:04:37,88900.0,100,Buy,223849336
2024-07-17 14:04:37,88900.0,100,Buy,223849337
2024-07-17 14:04:38,88900.0,1600,Buy,223849411
2024-07-17 14:04:38,88900.0,400,Buy,223849410
2024-07-17 14:04:38,88900.0,200,Buy,223849409
2024-07-17 14:04:38,88900.0,100,Buy,223849408
2024-07-17 14:04:38,88900.0,200,Buy,223849407
2024-07-17 14:04:38,88900.0,100,Buy,223849400
2024-07-17 14:04:38,88900.0,100,Buy,223849405
2024-07-17 14:04:38,88900.0,600,Buy,223849404
2024-07-17 14:04:38,88900.0,3000,Buy,223849403
2024-07-17 14:04:38,88900.0,200,Buy,223849402
2024-07-17 14:04:38,88900.0,500,Buy,223849401
2024-07-17 14:04:38,88900.0,2000,Buy,223849406
2024-07-17 14:04:39,88900.0,400,Buy,223849467
2024-07-17 14:04:40,88800.0,100,Sell,223849680
2024-07-17 14:04:40,88800.0,900,Sell,223849681
2024-07-17 14:04:40,88900.0,100,Sell,223849678
2024-07-17 14:04:40,88800.0,400,Sell,223849679
2024-07-17 14:04:41,89000.0,500,Buy,223849715
2024-07-17 14:04:41,89000.0,100,Buy,223849763
2024-07-17 14:04:42,88800.0,1000,Sell,223849838
2024-07-17 14:04:47,88900.0,100,Buy,223850179
2024-07-17 14:04:47,88900.0,700,Sell,223850198
2024-07-17 14:04:48,88900.0,1000,Buy,223850228
2024-07-17 14:04:49,88900.0,100,Buy,223850311
2024-07-17 14:04:55,88900.0,1800,Buy,223850893
2024-07-17 14:04:55,88900.0,300,Buy,223850854
2024-07-17 14:04:55,88900.0,300,Buy,223850855
2024-07-17 14:04:56,88900.0,800,Buy,223850969
2024-07-17 14:04:56,88900.0,100,Buy,223850970
2024-07-17 14:04:56,88900.0,100,Buy,223850971
2024-07-17 14:04:59,88900.0,100,Buy,223851242
2024-07-17 14:04:59,88900.0,2000,Buy,223851243
2024-07-17 14:05:00,88800.0,100,Sell,223851365
2024-07-17 14:05:00,88800.0,100,Sell,223851366
2024-07-17 14:05:00,88800.0,200,Sell,223851367
2024-07-17 14:05:00,88800.0,100,Sell,223851368
2024-07-17 14:05:00,88800.0,500,Sell,223851369
2024-07-17 14:05:00,88800.0,500,Sell,223851370
2024-07-17 14:05:01,88900.0,200,Buy,223851424
2024-07-17 14:05:01,88900.0,300,Buy,223851380
2024-07-17 14:05:10,88900.0,400,Buy,223852413
2024-07-17 14:05:16,89000.0,100,Buy,223853222
2024-07-17 14:05:17,88900.0,100,Sell,223853303
2024-07-17 14:05:20,89000.0,100,Buy,223853520
2024-07-17 14:05:20,88900.0,1500,Sell,223853535
2024-07-17 14:05:22,88900.0,1000,Sell,223853732
2024-07-17 14:05:22,88900.0,300,Sell,223853733
2024-07-17 14:05:22,88900.0,1700,Sell,223853734
2024-07-17 14:05:23,89000.0,100,Buy,223853953
2024-07-17 14:05:28,89000.0,3800,Buy,223854364
2024-07-17 14:05:28,89000.0,200,Buy,223854363
2024-07-17 14:05:32,89000.0,100,Buy,223854658
2024-07-17 14:05:32,89000.0,400,Buy,223854659
2024-07-17 14:05:35,89000.0,1600,Buy,223854996
2024-07-17 14:05:35,89000.0,400,Buy,223855016
2024-07-17 14:05:35,89000.0,200,Buy,223855015
2024-07-17 14:05:35,89000.0,100,Buy,223855014
2024-07-17 14:05:35,89000.0,100,Buy,223855013
2024-07-17 14:05:35,89000.0,100,Buy,223855012
2024-07-17 14:05:35,89000.0,100,Buy,223855011
2024-07-17 14:05:35,89000.0,100,Buy,223855010
2024-07-17 14:05:35,89000.0,100,Buy,223855009
2024-07-17 14:05:35,89000.0,200,Buy,223855008
2024-07-17 14:05:35,89000.0,100,Buy,223855007
2024-07-17 14:05:35,89000.0,100,Buy,223855005
2024-07-17 14:05:35,89000.0,100,Buy,223855004
2024-07-17 14:05:35,89000.0,100,Buy,223855003
2024-07-17 14:05:35,89000.0,500,Buy,223855002
2024-07-17 14:05:35,89000.0,100,Buy,223855001
2024-07-17 14:05:35,89000.0,100,Buy,223855000
2024-07-17 14:05:35,89000.0,5000,Buy,223854999
2024-07-17 14:05:35,89000.0,200,Buy,223854998
2024-07-17 14:05:35,89000.0,100,Buy,223854997
2024-07-17 14:05:35,89000.0,600,Buy,223855006
2024-07-17 14:05:38,89000.0,300,Buy,223855550
2024-07-17 14:05:38,89000.0,100,Buy,223855549
2024-07-17 14:05:38,89000.0,400,Buy,223855547
2024-07-17 14:05:38,89000.0,100,Buy,223855546
2024-07-17 14:05:38,89000.0,600,Buy,223855545
2024-07-17 14:05:38,89000.0,500,Buy,223855548
2024-07-17 14:05:39,88900.0,1500,Sell,223855637
2024-07-17 14:05:40,88900.0,1500,Sell,223855750
2024-07-17 14:05:41,89000.0,100,Buy,223855898
2024-07-17 14:05:46,89000.0,100,Buy,223856317
2024-07-17 14:05:46,89000.0,300,Buy,223856318
2024-07-17 14:05:51,89000.0,300,Buy,223856719
2024-07-17 14:05:52,89000.0,300,Buy,223856815
2024-07-17 14:05:52,89000.0,100,Buy,223856816
2024-07-17 14:05:52,89000.0,1000,Buy,223856817
2024-07-17 14:05:52,89000.0,100,Buy,223856818
2024-07-17 14:05:52,89000.0,100,Buy,223856819
2024-07-17 14:05:52,89000.0,1000,Buy,223856820
2024-07-17 14:05:52,89000.0,100,Buy,223856825
2024-07-17 14:05:52,89000.0,100,Buy,223856822
2024-07-17 14:05:52,89000.0,100,Buy,223856823
2024-07-17 14:05:52,89000.0,100,Buy,223856824
2024-07-17 14:05:52,89000.0,200,Buy,223856826
2024-07-17 14:05:52,89000.0,100,Buy,223856827
2024-07-17 14:05:52,89000.0,1000,Buy,223856814
2024-07-17 14:05:52,89000.0,300,Buy,223856821
2024-07-17 14:05:52,89000.0,2000,Buy,223856813
2024-07-17 14:05:52,89000.0,9800,Buy,223856828
2024-07-17 14:05:52,89000.0,300,Buy,223856811
2024-07-17 14:05:52,89000.0,100,Buy,223856812
2024-07-17 14:05:52,89000.0,400,Buy,223856796
2024-07-17 14:05:52,89000.0,200,Buy,223856797
2024-07-17 14:05:52,89000.0,100,Buy,223856799
2024-07-17 14:05:52,89000.0,300,Buy,223856800
2024-07-17 14:05:52,89000.0,100,Buy,223856801
2024-07-17 14:05:52,89000.0,200,Buy,223856802
2024-07-17 14:05:52,89000.0,100,Buy,223856798
2024-07-17 14:05:52,89000.0,500,Buy,223856804
2024-07-17 14:05:52,89000.0,200,Buy,223856805
2024-07-17 14:05:52,89000.0,200,Buy,223856806
2024-07-17 14:05:52,89000.0,200,Buy,223856807
2024-07-17 14:05:52,89000.0,200,Buy,223856808
2024-07-17 14:05:52,89000.0,100,Buy,223856809
2024-07-17 14:05:52,89000.0,300,Buy,223856810
2024-07-17 14:05:52,89000.0,100,Buy,223856803
2024-07-17 14:05:59,89000.0,500,Buy,223857396
2024-07-17 14:05:59,89000.0,1000,Buy,223857397
2024-07-17 14:05:59,89000.0,700,Buy,223857398
2024-07-17 14:05:59,89000.0,100,Buy,223857399
2024-07-17 14:05:59,89000.0,500,Buy,223857404
2024-07-17 14:05:59,89000.0,100,Buy,223857401
2024-07-17 14:05:59,89000.0,900,Buy,223857403
2024-07-17 14:05:59,89000.0,100,Buy,223857395
2024-07-17 14:05:59,89000.0,500,Buy,223857400
2024-07-17 14:05:59,89000.0,200,Buy,223857394
2024-07-17 14:05:59,89000.0,500,Buy,223857402
2024-07-17 14:05:59,89000.0,100,Buy,223857392
2024-07-17 14:05:59,89000.0,300,Buy,223857393
2024-07-17 14:05:59,89000.0,300,Buy,223857383
2024-07-17 14:05:59,89000.0,100,Buy,223857384
2024-07-17 14:05:59,89000.0,100,Buy,223857385
2024-07-17 14:05:59,89000.0,200,Buy,223857386
2024-07-17 14:05:59,89000.0,200,Buy,223857382
2024-07-17 14:05:59,89000.0,100,Buy,223857388
2024-07-17 14:05:59,89000.0,300,Buy,223857389
2024-07-17 14:05:59,89000.0,2100,Buy,223857390
2024-07-17 14:05:59,89000.0,100,Buy,223857391
2024-07-17 14:05:59,89000.0,1000,Buy,223857387
2024-07-17 14:06:00,89000.0,300,Buy,223857578
2024-07-17 14:06:01,89000.0,200,Buy,223857646
2024-07-17 14:06:01,89000.0,2400,Buy,223857650
2024-07-17 14:06:01,89000.0,100,Buy,223857649
2024-07-17 14:06:01,89000.0,500,Buy,223857647
2024-07-17 14:06:01,89000.0,100,Buy,223857645
2024-07-17 14:06:01,89000.0,300,Buy,223857648
2024-07-17 14:06:01,89000.0,100,Buy,223857643
2024-07-17 14:06:01,89000.0,600,Buy,223857642
2024-07-17 14:06:01,89000.0,100,Buy,223857641
2024-07-17 14:06:01,88900.0,3000,Sell,223857640
2024-07-17 14:06:01,88900.0,1300,Sell,223857615
2024-07-17 14:06:01,88900.0,200,Sell,223857614
2024-07-17 14:06:01,89000.0,500,Buy,223857644
2024-07-17 14:06:02,89000.0,100,Buy,223857801
2024-07-17 14:06:02,89000.0,100,Buy,223857802
2024-07-17 14:06:02,89000.0,400,Buy,223857803
2024-07-17 14:06:02,89000.0,300,Buy,223857804
2024-07-17 14:06:02,89000.0,100,Buy,223857805
2024-07-17 14:06:02,89000.0,100,Buy,223857806
2024-07-17 14:06:02,89000.0,100,Buy,223857807
2024-07-17 14:06:02,89000.0,100,Buy,223857808
2024-07-17 14:06:02,89000.0,3800,Buy,223857809
2024-07-17 14:06:02,89000.0,500,Buy,223857812
2024-07-17 14:06:02,89000.0,2000,Buy,223857811
2024-07-17 14:06:02,89000.0,100,Buy,223857813
2024-07-17 14:06:02,89000.0,10000,Buy,223857814
2024-07-17 14:06:02,89000.0,100,Buy,223857815
2024-07-17 14:06:02,89000.0,1000,Buy,223857816
2024-07-17 14:06:02,89000.0,100,Buy,223857817
2024-07-17 14:06:02,89000.0,400,Buy,223857818
2024-07-17 14:06:02,89000.0,100,Buy,223857800
2024-07-17 14:06:02,89000.0,200,Buy,223857810
2024-07-17 14:06:02,89000.0,100,Buy,223857799
2024-07-17 14:06:02,89000.0,1200,Buy,223857781
2024-07-17 14:06:02,89000.0,100,Buy,223857797
