time,price,volume,match_type,id
2024-08-16 09:14:38,88000.0,1600,ATO/ATC,231987789
2024-08-16 09:15:00,88000.0,100,Buy,231988155
2024-08-16 09:15:00,88000.0,300,Buy,231988153
2024-08-16 09:15:00,88000.0,100,Buy,231988154
2024-08-16 09:17:41,88000.0,600,Sell,231991467
2024-08-16 09:17:41,88000.0,100,Sell,231991465
2024-08-16 09:17:41,88000.0,100,Sell,231991466
2024-08-16 09:17:59,88200.0,100,Buy,231991944
2024-08-16 09:18:37,88200.0,100,Buy,231992730
2024-08-16 09:19:27,88000.0,200,Sell,231993644
2024-08-16 09:19:27,88100.0,100,Sell,231993642
2024-08-16 09:19:27,88100.0,100,Sell,231993643
2024-08-16 09:20:33,88100.0,100,Sell,231995104
2024-08-16 09:22:11,88200.0,500,Buy,231996973
2024-08-16 09:24:28,88200.0,300,Buy,231999302
2024-08-16 09:24:28,88200.0,300,Buy,231999303
2024-08-16 09:25:38,88100.0,1000,Sell,232000530
2024-08-16 09:25:38,88100.0,300,Sell,232000531
2024-08-16 09:25:38,88100.0,100,Sell,232000532
2024-08-16 09:25:38,88100.0,200,Sell,232000533
2024-08-16 09:25:38,88100.0,400,Sell,232000534
2024-08-16 09:26:43,88100.0,300,Buy,232001638
2024-08-16 09:28:41,88100.0,700,Buy,232003707
2024-08-16 09:29:11,88200.0,100,Buy,232004255
2024-08-16 09:32:55,88100.0,600,Sell,232007941
2024-08-16 09:32:55,88100.0,200,Sell,232007942
2024-08-16 09:32:55,88100.0,500,Sell,232007943
2024-08-16 09:32:55,88100.0,300,Sell,232007944
2024-08-16 09:35:53,88100.0,100,Buy,232011884
2024-08-16 09:36:30,88100.0,1000,Buy,232012811
2024-08-16 09:36:59,88100.0,300,Buy,232013550
2024-08-16 09:36:59,88100.0,100,Buy,232013551
2024-08-16 09:37:12,88100.0,1000,Buy,232013905
2024-08-16 09:37:32,88200.0,500,Buy,232014531
2024-08-16 09:38:02,88200.0,800,Buy,232015498
2024-08-16 09:38:02,88200.0,100,Buy,232015496
2024-08-16 09:38:02,88200.0,100,Buy,232015497
2024-08-16 09:38:37,88200.0,100,Buy,232016610
2024-08-16 09:38:37,88200.0,100,Buy,232016611
2024-08-16 09:38:37,88200.0,300,Buy,232016612
2024-08-16 09:38:54,88100.0,200,Sell,232017238
2024-08-16 09:39:41,88100.0,800,Sell,232019252
2024-08-16 09:40:42,88100.0,100,Sell,232022382
2024-08-16 09:40:52,88100.0,3000,Sell,232022937
2024-08-16 09:40:52,88100.0,500,Sell,232022940
2024-08-16 09:40:55,88100.0,3000,Sell,232023149
2024-08-16 09:40:59,88100.0,1400,Sell,232023313
2024-08-16 09:40:59,88100.0,200,Sell,232023314
2024-08-16 09:40:59,88100.0,400,Sell,232023315
2024-08-16 09:41:27,88100.0,300,Buy,232024446
2024-08-16 09:41:32,88100.0,700,Buy,232024658
2024-08-16 09:42:17,88200.0,500,Buy,232026678
2024-08-16 09:44:03,88200.0,100,Sell,232031108
2024-08-16 09:45:34,88200.0,100,Sell,232034118
2024-08-16 09:45:34,88200.0,400,Sell,232034119
2024-08-16 09:46:13,88200.0,500,Sell,232035087
2024-08-16 09:47:58,88200.0,500,Buy,232037746
2024-08-16 09:47:58,88200.0,100,Buy,232037747
2024-08-16 09:47:58,88200.0,700,Buy,232037748
2024-08-16 09:48:51,88200.0,500,Buy,232039028
2024-08-16 09:49:38,88200.0,400,Buy,232040228
2024-08-16 09:49:43,88200.0,2000,Buy,232040338
2024-08-16 09:49:44,88200.0,300,Buy,232040355
2024-08-16 09:49:50,88100.0,300,Sell,232040529
2024-08-16 09:49:50,88100.0,1000,Sell,232040530
2024-08-16 09:49:50,88100.0,700,Sell,232040531
2024-08-16 09:49:54,88100.0,1900,Sell,232040633
2024-08-16 09:50:28,88100.0,100,Buy,232041508
2024-08-16 09:51:27,88100.0,1000,Sell,232042848
2024-08-16 09:51:28,88100.0,1000,Buy,232042880
2024-08-16 09:51:41,88100.0,100,Buy,232043180
2024-08-16 09:51:41,88100.0,200,Buy,232043181
2024-08-16 09:54:21,88100.0,300,Sell,232047285
2024-08-16 09:54:21,88100.0,400,Sell,232047286
2024-08-16 09:55:40,88200.0,200,Buy,232049202
2024-08-16 09:56:12,88200.0,300,Buy,232049732
2024-08-16 09:56:28,88200.0,300,Buy,232050037
2024-08-16 09:56:28,88200.0,800,Buy,232050038
2024-08-16 09:56:44,88200.0,300,Buy,232050318
2024-08-16 09:56:44,88200.0,100,Buy,232050319
2024-08-16 09:56:44,88200.0,600,Buy,232050320
2024-08-16 09:57:02,88200.0,400,Buy,232050669
2024-08-16 09:57:02,88200.0,100,Buy,232050670
2024-08-16 09:57:56,88200.0,100,Sell,232051681
2024-08-16 09:59:02,88300.0,200,Buy,232052932
2024-08-16 09:59:02,88300.0,100,Buy,232052931
2024-08-16 09:59:28,88300.0,800,Buy,232053521
2024-08-16 09:59:28,88300.0,300,Buy,232053522
2024-08-16 10:00:28,88300.0,200,Buy,232054874
2024-08-16 10:01:11,88300.0,800,Sell,232055927
2024-08-16 10:01:11,88300.0,200,Sell,232055928
2024-08-16 10:01:14,88300.0,100,Sell,232055971
2024-08-16 10:01:28,88300.0,1000,Buy,232056301
2024-08-16 10:02:29,88300.0,900,Buy,232057889
2024-08-16 10:02:29,88300.0,100,Buy,232057890
2024-08-16 10:02:29,88300.0,100,Buy,232057891
2024-08-16 10:03:29,88300.0,700,Buy,232059423
2024-08-16 10:03:29,88300.0,300,Buy,232059424
2024-08-16 10:03:50,88300.0,100,Buy,232059772
2024-08-16 10:03:50,88300.0,900,Buy,232059773
2024-08-16 10:04:29,88300.0,200,Buy,232060739
2024-08-16 10:04:39,88300.0,800,Sell,232060930
2024-08-16 10:05:20,88300.0,1200,Buy,232062190
2024-08-16 10:05:29,88300.0,100,Buy,232062463
2024-08-16 10:05:51,88300.0,1000,Sell,232062942
2024-08-16 10:06:29,88300.0,1000,Buy,232063793
2024-08-16 10:07:29,88300.0,1000,Buy,232065324
2024-08-16 10:08:03,88300.0,2000,Buy,232066340
2024-08-16 10:08:03,88300.0,100,Buy,232066341
2024-08-16 10:08:03,88300.0,100,Buy,232066342
2024-08-16 10:08:29,88300.0,200,Buy,232066984
2024-08-16 10:08:42,88300.0,900,Sell,232067306
2024-08-16 10:08:42,88300.0,200,Sell,232067307
2024-08-16 10:08:45,88300.0,700,Buy,232067357
2024-08-16 10:08:56,88300.0,200,Buy,232067634
2024-08-16 10:09:22,88300.0,100,Buy,232068602
2024-08-16 10:09:29,88300.0,1000,Buy,232068788
2024-08-16 10:09:30,88300.0,100,Buy,232068792
2024-08-16 10:09:39,88300.0,800,Buy,232069074
2024-08-16 10:09:39,88300.0,200,Buy,232069075
2024-08-16 10:09:43,88300.0,500,Buy,232069166
2024-08-16 10:09:43,88300.0,600,Buy,232069167
2024-08-16 10:10:29,88300.0,400,Buy,232070682
2024-08-16 10:10:40,88300.0,600,Sell,232071021
2024-08-16 10:10:40,88200.0,600,Sell,232071022
2024-08-16 10:11:46,88200.0,300,Sell,232073366
2024-08-16 10:11:46,88200.0,500,Sell,232073367
2024-08-16 10:11:46,88200.0,400,Sell,232073368
2024-08-16 10:12:26,88200.0,100,Sell,232074711
2024-08-16 10:12:56,88300.0,400,Buy,232075599
2024-08-16 10:14:00,88400.0,100,Buy,232078179
2024-08-16 10:14:00,88400.0,100,Buy,232078178
2024-08-16 10:14:00,88400.0,900,Buy,232078180
2024-08-16 10:14:29,88400.0,1100,Buy,232079495
2024-08-16 10:15:11,88400.0,300,Buy,232081701
2024-08-16 10:15:19,88400.0,1100,Buy,232082026
2024-08-16 10:15:29,88400.0,100,Buy,232082632
2024-08-16 10:15:29,88400.0,1000,Buy,232082642
2024-08-16 10:15:39,88400.0,100,Buy,232083095
2024-08-16 10:15:42,88400.0,400,Buy,232083275
2024-08-16 10:15:42,88400.0,200,Buy,232083276
2024-08-16 10:15:42,88400.0,100,Buy,232083277
2024-08-16 10:15:42,88400.0,100,Buy,232083278
2024-08-16 10:15:42,88400.0,1000,Buy,232083279
2024-08-16 10:15:42,88400.0,100,Buy,232083280
2024-08-16 10:16:20,88400.0,300,Sell,232085217
2024-08-16 10:16:20,88400.0,100,Sell,232085215
2024-08-16 10:16:20,88400.0,300,Sell,232085216
2024-08-16 10:16:38,88400.0,400,Sell,232086349
2024-08-16 10:16:43,88400.0,100,Sell,232086607
2024-08-16 10:17:16,88500.0,100,Buy,232088441
2024-08-16 10:17:16,88500.0,200,Buy,232088442
2024-08-16 10:17:21,88400.0,300,Sell,232088823
2024-08-16 10:17:35,88400.0,1200,Sell,232089704
2024-08-16 10:17:55,88400.0,300,Sell,232090857
2024-08-16 10:17:55,88400.0,100,Sell,232090858
2024-08-16 10:17:55,88400.0,800,Sell,232090859
2024-08-16 10:18:04,88400.0,200,Sell,232091365
2024-08-16 10:18:04,88400.0,100,Sell,232091366
2024-08-16 10:18:16,88400.0,100,Sell,232092297
2024-08-16 10:18:16,88400.0,1000,Sell,232092295
2024-08-16 10:18:16,88400.0,100,Sell,232092296
2024-08-16 10:18:19,88400.0,100,Buy,232092580
2024-08-16 10:18:29,88400.0,400,Buy,232093198
2024-08-16 10:18:48,88400.0,400,Sell,232094575
2024-08-16 10:18:57,88400.0,200,Sell,232095169
2024-08-16 10:18:57,88300.0,200,Sell,232095170
2024-08-16 10:18:57,88300.0,800,Sell,232095171
2024-08-16 10:19:15,88400.0,100,Sell,232096225
2024-08-16 10:19:15,88300.0,200,Sell,232096226
2024-08-16 10:19:15,88300.0,200,Sell,232096227
2024-08-16 10:19:15,88300.0,700,Sell,232096228
2024-08-16 10:19:32,88300.0,300,Sell,232097258
2024-08-16 10:19:45,88500.0,5000,Buy,232098206
2024-08-16 10:19:49,88500.0,700,Buy,232098445
2024-08-16 10:19:59,88500.0,100,Buy,232099170
2024-08-16 10:20:15,88300.0,300,Sell,232100347
2024-08-16 10:20:22,88500.0,200,Buy,232100731
2024-08-16 10:20:25,88300.0,1200,Sell,232101023
2024-08-16 10:20:46,88300.0,1200,Sell,232102367
2024-08-16 10:20:59,88300.0,300,Sell,232103402
2024-08-16 10:21:08,88400.0,100,Buy,232104149
2024-08-16 10:21:08,88500.0,100,Buy,232104150
2024-08-16 10:21:29,88500.0,1000,Buy,232105634
2024-08-16 10:21:39,88500.0,100,Buy,232106214
2024-08-16 10:21:40,88300.0,300,Sell,232106331
2024-08-16 10:21:42,88300.0,400,Sell,232106461
2024-08-16 10:22:26,88300.0,300,Sell,232109767
2024-08-16 10:22:28,88500.0,600,Buy,232109897
2024-08-16 10:22:29,88500.0,100,Buy,232109980
2024-08-16 10:22:29,88500.0,1000,Buy,232109990
2024-08-16 10:22:39,88500.0,100,Buy,232110510
2024-08-16 10:23:08,88500.0,200,Buy,232112745
2024-08-16 10:23:08,88500.0,800,Buy,232112744
2024-08-16 10:23:09,88400.0,1200,Sell,232112781
2024-08-16 10:23:10,88400.0,300,Sell,232112907
2024-08-16 10:23:14,88400.0,200,Sell,232113238
2024-08-16 10:23:14,88500.0,1000,Buy,232113343
2024-08-16 10:23:19,88500.0,500,Buy,232113767
2024-08-16 10:23:19,88500.0,200,Buy,232113769
2024-08-16 10:23:29,88500.0,100,Buy,232114427
2024-08-16 10:23:29,88500.0,1100,Buy,232114492
2024-08-16 10:23:34,88500.0,100,Buy,232114823
2024-08-16 10:23:39,88500.0,100,Buy,232115153
2024-08-16 10:23:39,88500.0,100,Buy,232115165
2024-08-16 10:23:39,88500.0,100,Buy,232115196
2024-08-16 10:23:39,88500.0,200,Buy,232115202
2024-08-16 10:23:40,88500.0,200,Buy,232115207
2024-08-16 10:23:40,88500.0,100,Buy,232115213
2024-08-16 10:23:49,88500.0,100,Buy,232115812
2024-08-16 10:23:53,88400.0,400,Sell,232116215
2024-08-16 10:24:24,88500.0,500,Buy,232118103
2024-08-16 10:24:28,88500.0,500,Buy,232118382
2024-08-16 10:24:29,88500.0,100,Buy,232118462
2024-08-16 10:24:30,88500.0,1000,Buy,232118515
2024-08-16 10:24:36,88400.0,1200,Sell,232118968
2024-08-16 10:24:37,88400.0,300,Sell,232119026
2024-08-16 10:24:38,88500.0,1000,Buy,232119093
2024-08-16 10:24:39,88500.0,500,Buy,232119129
2024-08-16 10:24:52,88500.0,100,Buy,232120069
2024-08-16 10:24:56,88500.0,800,Buy,232120397
2024-08-16 10:24:59,88500.0,100,Buy,232120673
2024-08-16 10:25:18,88500.0,1300,Buy,232122170
2024-08-16 10:25:22,88400.0,300,Sell,232122432
2024-08-16 10:25:26,88500.0,700,Buy,232122892
2024-08-16 10:25:26,88500.0,1000,Buy,232122891
2024-08-16 10:25:26,88500.0,100,Buy,232122888
2024-08-16 10:25:26,88500.0,100,Buy,232122889
2024-08-16 10:25:26,88500.0,100,Buy,232122890
2024-08-16 10:25:28,88400.0,1100,Sell,232122968
2024-08-16 10:25:28,88400.0,800,Sell,232122969
2024-08-16 10:25:28,88400.0,200,Sell,232122986
2024-08-16 10:25:28,88400.0,300,Sell,232122987
2024-08-16 10:25:29,88400.0,600,Buy,232123069
2024-08-16 10:25:29,88400.0,300,Buy,232123075
2024-08-16 10:25:30,88400.0,800,Buy,232123144
2024-08-16 10:25:39,88500.0,300,Buy,232123749
2024-08-16 10:25:39,88500.0,100,Buy,232123750
2024-08-16 10:25:39,88500.0,500,Buy,232123751
2024-08-16 10:25:39,88500.0,100,Buy,232123752
2024-08-16 10:25:49,88500.0,100,Buy,232124753
2024-08-16 10:25:51,88400.0,200,Sell,232124908
2024-08-16 10:25:51,88400.0,100,Sell,232124909
2024-08-16 10:25:57,88400.0,100,Sell,232125488
2024-08-16 10:25:57,88400.0,100,Sell,232125489
2024-08-16 10:26:04,88400.0,100,Sell,232125941
2024-08-16 10:26:04,88400.0,200,Sell,232125942
2024-08-16 10:26:20,88400.0,100,Sell,232127268
2024-08-16 10:26:24,88300.0,200,Sell,232127578
2024-08-16 10:26:24,88300.0,300,Sell,232127579
2024-08-16 10:26:24,88300.0,500,Sell,232127580
2024-08-16 10:26:29,88300.0,2000,Sell,232127870
2024-08-16 10:26:33,88300.0,800,Sell,232128235
2024-08-16 10:26:33,88300.0,2500,Sell,232128236
2024-08-16 10:26:33,88300.0,100,Sell,232128181
2024-08-16 10:26:33,88300.0,2500,Sell,232128177
2024-08-16 10:26:33,88300.0,300,Sell,232128179
2024-08-16 10:26:33,88300.0,1100,Sell,232128180
2024-08-16 10:26:33,88300.0,1000,Sell,232128178
2024-08-16 10:26:48,88300.0,400,Sell,232129239
2024-08-16 10:26:50,88300.0,100,Sell,232129320
2024-08-16 10:27:00,88300.0,200,Sell,232129987
2024-08-16 10:27:00,88300.0,300,Sell,232130004
2024-08-16 10:27:05,88300.0,1500,Sell,232130275
2024-08-16 10:27:05,88300.0,1800,Sell,232130276
2024-08-16 10:27:26,88300.0,1000,Sell,232131735
2024-08-16 10:27:31,88300.0,300,Sell,232131968
2024-08-16 10:27:47,88300.0,1900,Sell,232132922
2024-08-16 10:27:47,88300.0,2000,Sell,232132938
2024-08-16 10:27:47,88300.0,1100,Sell,232132939
2024-08-16 10:27:47,88300.0,100,Sell,232132940
2024-08-16 10:27:47,88300.0,100,Sell,232132941
2024-08-16 10:28:01,88400.0,100,Sell,232134006
2024-08-16 10:28:01,88300.0,1100,Sell,232134007
2024-08-16 10:28:05,88300.0,100,Sell,232134373
2024-08-16 10:28:05,88300.0,1000,Sell,232134372
2024-08-16 10:28:05,88300.0,200,Sell,232134369
2024-08-16 10:28:05,88300.0,500,Sell,232134370
2024-08-16 10:28:05,88300.0,100,Sell,232134371
2024-08-16 10:28:05,88300.0,300,Sell,232134368
2024-08-16 10:28:12,88300.0,600,Sell,232134978
2024-08-16 10:28:12,88300.0,500,Sell,232134979
2024-08-16 10:28:15,88200.0,300,Sell,232135198
2024-08-16 10:28:21,88200.0,200,Sell,232135518
2024-08-16 10:28:21,88200.0,400,Sell,232135519
2024-08-16 10:28:21,88200.0,500,Sell,232135520
2024-08-16 10:28:21,88200.0,100,Sell,232135521
2024-08-16 10:28:22,88300.0,500,Buy,232135595
2024-08-16 10:28:29,88300.0,200,Buy,232135956
2024-08-16 10:28:30,88300.0,1000,Buy,232136024
2024-08-16 10:28:39,88300.0,100,Buy,232136484
2024-08-16 10:28:44,88300.0,300,Buy,232136761
2024-08-16 10:28:46,88200.0,200,Sell,232136819
2024-08-16 10:28:46,88200.0,100,Sell,232136820
2024-08-16 10:28:46,88200.0,300,Sell,232136821
2024-08-16 10:28:46,88200.0,100,Sell,232136822
2024-08-16 10:28:49,88200.0,400,Sell,232137056
2024-08-16 10:28:49,88200.0,1100,Sell,232137057
2024-08-16 10:28:49,88200.0,100,Sell,232137058
2024-08-16 10:28:49,88200.0,1000,Sell,232137059
2024-08-16 10:28:49,88200.0,700,Sell,232137060
2024-08-16 10:28:59,88200.0,400,Sell,232137632
2024-08-16 10:29:09,88300.0,100,Buy,232138130
2024-08-16 10:29:09,88300.0,400,Buy,232138131
2024-08-16 10:29:14,88300.0,500,Buy,232138381
2024-08-16 10:29:19,88300.0,100,Buy,232138631
2024-08-16 10:29:22,88200.0,900,Sell,232138836
2024-08-16 10:29:22,88300.0,300,Sell,232138835
2024-08-16 10:29:31,88200.0,100,Sell,232139328
2024-08-16 10:29:42,88300.0,300,Sell,232139901
2024-08-16 10:29:42,88300.0,700,Sell,232139902
2024-08-16 10:29:42,88200.0,500,Sell,232139903
2024-08-16 10:29:42,88200.0,2000,Sell,232139904
2024-08-16 10:29:42,88200.0,100,Sell,232139905
2024-08-16 10:29:52,88200.0,100,Sell,232140474
2024-08-16 10:29:52,88200.0,100,Sell,232140475
2024-08-16 10:29:52,88200.0,400,Sell,232140476
2024-08-16 10:29:52,88200.0,600,Sell,232140477
2024-08-16 10:29:56,88500.0,600,Buy,232140667
2024-08-16 10:29:56,88500.0,100,Buy,232140666
2024-08-16 10:29:56,88500.0,100,Buy,232140663
2024-08-16 10:29:56,88500.0,100,Buy,232140664
2024-08-16 10:29:56,88500.0,1000,Buy,232140665
2024-08-16 10:29:56,88500.0,100,Buy,232140662
2024-08-16 10:29:59,88500.0,400,Buy,232140827
2024-08-16 10:30:23,88200.0,400,Sell,232142131
2024-08-16 10:30:23,88200.0,400,Sell,232142132
2024-08-16 10:30:23,88200.0,100,Sell,232142133
2024-08-16 10:30:23,88200.0,100,Sell,232142134
2024-08-16 10:30:23,88200.0,200,Sell,232142135
2024-08-16 10:30:26,88200.0,300,Sell,232142410
2024-08-16 10:30:43,88200.0,600,Sell,232143206
2024-08-16 10:30:43,88200.0,300,Sell,232143207
2024-08-16 10:30:43,88200.0,100,Sell,232143208
2024-08-16 10:30:43,88200.0,200,Sell,232143209
2024-08-16 10:31:00,88200.0,200,Sell,232144308
2024-08-16 10:31:00,88200.0,200,Sell,232144307
2024-08-16 10:31:00,88200.0,300,Sell,232144306
2024-08-16 10:31:08,88300.0,1000,Sell,232144852
2024-08-16 10:31:08,88200.0,200,Sell,232144853
2024-08-16 10:31:10,88300.0,200,Sell,232145029
2024-08-16 10:31:11,88200.0,800,Sell,232145050
2024-08-16 10:31:11,88200.0,100,Sell,232145051
2024-08-16 10:31:11,88200.0,100,Sell,232145052
2024-08-16 10:31:38,88200.0,100,Sell,232146790
2024-08-16 10:31:38,88200.0,100,Sell,232146791
2024-08-16 10:31:38,88200.0,700,Sell,232146793
2024-08-16 10:31:53,88100.0,200,Sell,232147757
2024-08-16 10:31:53,88100.0,200,Sell,232147758
2024-08-16 10:31:53,88100.0,600,Sell,232147756
2024-08-16 10:31:53,88200.0,100,Sell,232147754
2024-08-16 10:31:53,88200.0,300,Sell,232147753
2024-08-16 10:31:53,88200.0,100,Sell,232147755
2024-08-16 10:31:57,88300.0,200,Buy,232147931
2024-08-16 10:32:04,88300.0,200,Sell,232148291
2024-08-16 10:32:22,88200.0,100,Buy,232149235
2024-08-16 10:32:30,88200.0,1100,Buy,232149651
2024-08-16 10:32:37,88100.0,300,Sell,232149970
2024-08-16 10:32:42,88200.0,100,Buy,232150122
2024-08-16 10:32:43,88200.0,100,Buy,232150179
2024-08-16 10:33:02,88100.0,600,Sell,232151026
2024-08-16 10:33:02,88100.0,600,Sell,232151027
2024-08-16 10:33:10,88100.0,400,Sell,232151446
2024-08-16 10:33:10,88100.0,500,Sell,232151445
2024-08-16 10:33:10,88100.0,200,Sell,232151443
2024-08-16 10:33:10,88100.0,800,Sell,232151442
2024-08-16 10:33:10,88100.0,400,Sell,232151441
2024-08-16 10:33:10,88100.0,1000,Sell,232151444
2024-08-16 10:33:20,88100.0,300,Sell,232151914
2024-08-16 10:33:23,88100.0,300,Sell,232152040
2024-08-16 10:33:23,88100.0,100,Sell,232152041
2024-08-16 10:33:23,88100.0,200,Sell,232152042
2024-08-16 10:33:23,88100.0,200,Sell,232152043
2024-08-16 10:33:23,88100.0,100,Sell,232152044
2024-08-16 10:33:23,88100.0,100,Sell,232152045
2024-08-16 10:33:23,88100.0,200,Sell,232152046
2024-08-16 10:33:27,88100.0,100,Sell,232152282
2024-08-16 10:33:27,88100.0,300,Sell,232152283
2024-08-16 10:33:43,88100.0,300,Sell,232152965
2024-08-16 10:33:43,88100.0,400,Sell,232152963
2024-08-16 10:33:43,88100.0,300,Sell,232152962
2024-08-16 10:33:43,88100.0,200,Sell,232152964
2024-08-16 10:33:52,88100.0,300,Sell,232153391
2024-08-16 10:33:52,88100.0,700,Sell,232153390
2024-08-16 10:33:53,88100.0,700,Sell,232153457
2024-08-16 10:33:53,88100.0,100,Sell,232153458
2024-08-16 10:33:53,88100.0,100,Sell,232153459
2024-08-16 10:33:53,88000.0,500,Sell,232153460
2024-08-16 10:33:53,88000.0,100,Sell,232153461
2024-08-16 10:33:53,88000.0,900,Sell,232153462
2024-08-16 10:33:53,88000.0,200,Sell,232153463
2024-08-16 10:33:53,88000.0,100,Sell,232153464
2024-08-16 10:33:53,88000.0,100,Sell,232153465
2024-08-16 10:33:53,88000.0,100,Sell,232153466
2024-08-16 10:33:53,88000.0,100,Sell,232153467
2024-08-16 10:33:53,88000.0,300,Sell,232153468
2024-08-16 10:34:02,88000.0,1100,Sell,232153877
2024-08-16 10:34:02,88200.0,100,Sell,232153876
2024-08-16 10:34:02,88200.0,100,Buy,232153852
2024-08-16 10:34:02,88200.0,100,Sell,232153870
2024-08-16 10:34:04,88000.0,400,Sell,232153968
2024-08-16 10:34:12,88000.0,3200,Sell,232154348
2024-08-16 10:34:12,88000.0,100,Sell,232154349
2024-08-16 10:34:24,88100.0,100,Sell,232154877
2024-08-16 10:34:24,88000.0,400,Sell,232154878
2024-08-16 10:34:24,88000.0,200,Sell,232154879
2024-08-16 10:34:24,88000.0,100,Sell,232154880
2024-08-16 10:34:24,88000.0,100,Sell,232154881
2024-08-16 10:34:24,88000.0,300,Sell,232154882
2024-08-16 10:34:34,88000.0,400,Sell,232155464
2024-08-16 10:34:34,88000.0,1000,Sell,232155460
2024-08-16 10:34:34,88000.0,100,Sell,232155459
2024-08-16 10:34:34,88000.0,100,Sell,232155458
2024-08-16 10:34:34,88000.0,100,Sell,232155455
2024-08-16 10:34:34,88000.0,100,Sell,232155456
2024-08-16 10:34:34,88000.0,100,Sell,232155457
2024-08-16 10:34:34,88000.0,100,Sell,232155452
2024-08-16 10:34:34,88000.0,300,Sell,232155454
2024-08-16 10:34:34,88000.0,1000,Sell,232155453
2024-08-16 10:34:48,88000.0,300,Sell,232156101
2024-08-16 10:34:56,88000.0,100,Sell,232156390
2024-08-16 10:34:56,88000.0,1000,Sell,232156388
2024-08-16 10:34:56,88000.0,100,Sell,232156387
2024-08-16 10:34:56,88000.0,300,Sell,232156386
2024-08-16 10:34:56,88000.0,100,Sell,232156389
2024-08-16 10:34:56,88100.0,400,Sell,232156384
2024-08-16 10:34:56,88100.0,400,Sell,232156383
2024-08-16 10:34:56,88100.0,200,Sell,232156382
2024-08-16 10:34:56,88100.0,600,Sell,232156381
2024-08-16 10:34:56,88100.0,100,Sell,232156385
2024-08-16 10:35:28,88100.0,500,Sell,232157644
2024-08-16 10:35:30,88100.0,400,Buy,232157739
2024-08-16 10:35:31,88100.0,300,Sell,232157776
2024-08-16 10:35:43,88300.0,1000,Buy,232158202
2024-08-16 10:35:49,88300.0,100,Buy,232158390
2024-08-16 10:36:15,88100.0,400,Sell,232159333
2024-08-16 10:36:40,88100.0,100,Sell,232160216
2024-08-16 10:36:40,88100.0,200,Sell,232160226
2024-08-16 10:36:44,88100.0,800,Sell,232160360
2024-08-16 10:36:44,88100.0,800,Buy,232160373
2024-08-16 10:36:49,88100.0,200,Buy,232160569
2024-08-16 10:36:50,88100.0,1500,Buy,232160584
2024-08-16 10:36:50,88300.0,300,Buy,232160585
2024-08-16 10:36:59,88300.0,300,Buy,232160883
2024-08-16 10:36:59,88100.0,300,Sell,232160901
2024-08-16 10:37:26,88100.0,100,Sell,232161711
2024-08-16 10:37:26,88100.0,1000,Sell,232161712
2024-08-16 10:37:26,88000.0,1000,Sell,232161713
2024-08-16 10:37:26,88000.0,500,Sell,232161714
2024-08-16 10:37:26,88000.0,100,Sell,232161715
2024-08-16 10:37:26,88000.0,100,Sell,232161716
2024-08-16 10:37:26,88000.0,500,Sell,232161717
2024-08-16 10:37:42,88000.0,300,Sell,232162339
2024-08-16 10:37:43,88300.0,300,Buy,232162342
2024-08-16 10:38:26,88000.0,200,Sell,232163728
2024-08-16 10:38:26,88000.0,200,Sell,232163729
2024-08-16 10:39:01,88100.0,1000,Sell,232164763
2024-08-16 10:39:09,88000.0,300,Sell,232164950
2024-08-16 10:39:09,88100.0,100,Buy,232164935
2024-08-16 10:39:32,88100.0,200,Buy,232165572
2024-08-16 10:39:33,88000.0,300,Sell,232165673
2024-08-16 10:39:33,88000.0,500,Sell,232165674
2024-08-16 10:39:33,88000.0,500,Sell,232165675
2024-08-16 10:39:33,88000.0,400,Sell,232165676
2024-08-16 10:39:33,88000.0,400,Sell,232165677
2024-08-16 10:39:33,88000.0,1000,Sell,232165678
2024-08-16 10:39:33,88000.0,100,Sell,232165679
2024-08-16 10:39:33,88000.0,100,Sell,232165680
2024-08-16 10:39:46,88000.0,900,Sell,232166068
2024-08-16 10:39:46,88000.0,100,Sell,232166069
2024-08-16 10:39:51,88000.0,1100,Sell,232166232
2024-08-16 10:39:51,88000.0,100,Sell,232166231
2024-08-16 10:39:51,88000.0,100,Sell,232166230
2024-08-16 10:39:51,88000.0,900,Sell,232166228
2024-08-16 10:39:51,88000.0,1100,Sell,232166229
2024-08-16 10:39:53,88000.0,300,Sell,232166282
2024-08-16 10:39:54,88100.0,100,Buy,232166291
2024-08-16 10:39:54,88000.0,200,Sell,232166306
2024-08-16 10:39:54,88000.0,200,Sell,232166315
2024-08-16 10:40:04,88100.0,500,Buy,232166564
2024-08-16 10:40:04,88100.0,100,Buy,232166567
2024-08-16 10:40:05,88100.0,600,Buy,232166571
2024-08-16 10:40:06,88100.0,400,Buy,232166619
2024-08-16 10:40:06,88100.0,600,Buy,232166620
2024-08-16 10:40:09,88100.0,300,Buy,232166675
2024-08-16 10:40:24,88100.0,200,Buy,232167363
2024-08-16 10:40:37,88100.0,300,Sell,232167769
2024-08-16 10:41:00,88100.0,100,Sell,232168453
2024-08-16 10:41:20,88100.0,400,Sell,232169012
2024-08-16 10:42:04,88100.0,200,Sell,232170312
2024-08-16 10:42:04,88100.0,100,Sell,232170313
2024-08-16 10:42:22,88200.0,100,Buy,232170713
2024-08-16 10:42:48,88200.0,300,Sell,232171386
2024-08-16 10:43:08,88200.0,100,Sell,232171821
2024-08-16 10:43:08,88200.0,300,Sell,232171822
2024-08-16 10:43:31,88200.0,400,Sell,232172294
2024-08-16 10:44:15,88200.0,300,Sell,232173346
2024-08-16 10:44:27,88300.0,1000,Buy,232173584
2024-08-16 10:44:28,88300.0,300,Buy,232173640
2024-08-16 10:44:28,88300.0,800,Buy,232173641
2024-08-16 10:44:29,88300.0,100,Buy,232173706
2024-08-16 10:44:29,88300.0,300,Buy,232173707
2024-08-16 10:44:29,88300.0,400,Buy,232173704
2024-08-16 10:44:29,88300.0,300,Buy,232173705
2024-08-16 10:44:29,88300.0,300,Buy,232173680
2024-08-16 10:44:30,88300.0,1100,Buy,232173780
2024-08-16 10:44:39,88300.0,300,Buy,232173930
2024-08-16 10:44:58,88200.0,300,Sell,232174342
2024-08-16 10:45:40,88200.0,700,Sell,232175256
2024-08-16 10:45:42,88200.0,300,Sell,232175324
2024-08-16 10:45:58,88300.0,100,Buy,232175895
2024-08-16 10:45:58,88300.0,1600,Buy,232175892
2024-08-16 10:45:58,88300.0,1000,Buy,232175893
2024-08-16 10:45:58,88300.0,700,Buy,232175894
2024-08-16 10:46:21,88300.0,200,Sell,232176414
2024-08-16 10:46:21,88300.0,200,Sell,232176411
2024-08-16 10:46:26,88300.0,400,Sell,232176530
2024-08-16 10:47:09,88300.0,300,Sell,232177406
2024-08-16 10:47:53,88300.0,300,Sell,232178443
2024-08-16 10:48:36,88400.0,400,Buy,232179440
2024-08-16 10:48:37,88300.0,400,Sell,232179467
2024-08-16 10:49:05,88400.0,500,Sell,232180143
2024-08-16 10:49:20,88300.0,300,Sell,232180568
2024-08-16 10:49:35,88300.0,100,Sell,232181310
2024-08-16 10:49:35,88300.0,200,Sell,232181314
2024-08-16 10:49:37,88300.0,100,Sell,232181361
2024-08-16 10:50:04,88300.0,300,Sell,232182413
2024-08-16 10:50:31,88300.0,100,Sell,232183384
2024-08-16 10:50:47,88300.0,400,Sell,232183925
2024-08-16 10:50:56,88300.0,1700,Sell,232184309
2024-08-16 10:51:31,88300.0,300,Sell,232186248
2024-08-16 10:52:02,88300.0,6000,Sell,232187661
2024-08-16 10:52:15,88300.0,300,Sell,232188067
2024-08-16 10:52:48,88300.0,200,Sell,232189874
2024-08-16 10:52:48,88300.0,300,Sell,232189875
2024-08-16 10:52:58,88300.0,300,Sell,232190437
2024-08-16 10:52:59,88300.0,700,Sell,232190485
2024-08-16 10:53:03,88300.0,500,Sell,232190682
2024-08-16 10:53:16,88300.0,1200,Sell,232191274
2024-08-16 10:53:42,88300.0,400,Sell,232192332
2024-08-16 10:54:26,88300.0,300,Sell,232194748
2024-08-16 10:54:37,88400.0,100,Buy,232195468
2024-08-16 10:55:09,88300.0,300,Sell,232197266
2024-08-16 10:55:09,88400.0,200,Buy,232197255
2024-08-16 10:55:48,88300.0,1200,Sell,232199391
2024-08-16 10:55:53,88300.0,400,Sell,232199830
2024-08-16 10:56:02,88300.0,100,Sell,232200466
2024-08-16 10:56:02,88300.0,200,Sell,232200472
2024-08-16 10:56:14,88400.0,200,Buy,232201188
2024-08-16 10:56:31,88400.0,900,Buy,232202171
2024-08-16 10:56:31,88400.0,200,Buy,232202172
2024-08-16 10:56:36,88300.0,300,Sell,232202494
2024-08-16 10:56:59,88400.0,400,Buy,232203931
2024-08-16 10:56:59,88400.0,100,Buy,232203928
2024-08-16 10:56:59,88400.0,500,Buy,232203930
2024-08-16 10:56:59,88400.0,1100,Buy,232203926
2024-08-16 10:56:59,88400.0,900,Buy,232203925
2024-08-16 10:56:59,88400.0,1000,Buy,232203927
2024-08-16 10:56:59,88400.0,1000,Buy,232203929
2024-08-16 10:57:05,88400.0,300,Buy,232204301
2024-08-16 10:57:09,88400.0,700,Buy,232204653
2024-08-16 10:57:19,88400.0,100,Buy,232205098
2024-08-16 10:57:20,88300.0,300,Sell,232205188
2024-08-16 10:57:22,88400.0,1000,Buy,232205318
2024-08-16 10:57:29,88400.0,200,Buy,232205695
2024-08-16 10:57:31,88400.0,300,Buy,232205809
2024-08-16 10:57:39,88400.0,500,Sell,232206183
2024-08-16 10:57:39,88400.0,100,Sell,232206184
2024-08-16 10:58:04,88400.0,100,Sell,232207541
2024-08-16 10:58:04,88400.0,100,Sell,232207540
2024-08-16 10:58:18,88400.0,200,Buy,232208299
2024-08-16 10:58:18,88400.0,100,Buy,232208300
2024-08-16 10:58:40,88500.0,2300,Buy,232209436
2024-08-16 10:58:40,88500.0,200,Buy,232209437
2024-08-16 10:58:40,88500.0,2500,Buy,232209438
2024-08-16 10:58:41,88400.0,200,Sell,232209456
2024-08-16 10:58:41,88400.0,1000,Sell,232209457
2024-08-16 10:58:41,88400.0,4300,Sell,232209458
2024-08-16 10:58:47,88400.0,300,Sell,232209789
2024-08-16 10:59:15,88400.0,200,Sell,232211214
2024-08-16 10:59:15,88400.0,100,Sell,232211213
2024-08-16 10:59:28,88400.0,100,Sell,232211922
2024-08-16 10:59:31,88400.0,300,Sell,232212092
2024-08-16 10:59:35,88500.0,400,Buy,232212330
2024-08-16 10:59:35,88500.0,600,Buy,232212331
2024-08-16 10:59:39,88500.0,100,Buy,232212488
2024-08-16 10:59:56,88400.0,1200,Sell,232213734
2024-08-16 10:59:59,88500.0,400,Buy,232213918
2024-08-16 10:59:59,88500.0,100,Buy,232213915
2024-08-16 10:59:59,88500.0,200,Buy,232213916
2024-08-16 10:59:59,88500.0,300,Buy,232213917
2024-08-16 11:00:09,88500.0,100,Buy,232214442
2024-08-16 11:00:14,88500.0,1800,Buy,232214672
2024-08-16 11:00:15,88400.0,100,Sell,232214725
2024-08-16 11:00:15,88400.0,200,Sell,232214726
2024-08-16 11:00:18,88500.0,100,Buy,232215015
2024-08-16 11:00:19,88400.0,700,Sell,232215079
2024-08-16 11:00:23,88500.0,800,Buy,232215356
2024-08-16 11:00:27,88400.0,100,Sell,232215570
2024-08-16 11:00:27,88400.0,1100,Sell,232215571
2024-08-16 11:00:49,88300.0,300,Sell,232216583
2024-08-16 11:00:49,88400.0,100,Sell,232216582
2024-08-16 11:00:49,88400.0,1000,Sell,232216581
2024-08-16 11:00:49,88400.0,100,Sell,232216577
2024-08-16 11:00:49,88400.0,300,Sell,232216579
2024-08-16 11:00:49,88400.0,100,Sell,232216578
2024-08-16 11:00:49,88400.0,1000,Sell,232216576
2024-08-16 11:00:49,88400.0,400,Sell,232216580
2024-08-16 11:00:58,88300.0,400,Sell,232217074
2024-08-16 11:01:05,88300.0,600,Sell,232217315
2024-08-16 11:01:05,88300.0,500,Sell,232217316
2024-08-16 11:01:05,88300.0,100,Sell,232217317
2024-08-16 11:01:05,88300.0,1000,Sell,232217318
2024-08-16 11:01:11,88400.0,900,Buy,232217671
2024-08-16 11:01:11,88300.0,1100,Sell,232217715
2024-08-16 11:01:11,88300.0,100,Sell,232217716
2024-08-16 11:01:42,88300.0,100,Sell,232219100
2024-08-16 11:01:42,88300.0,200,Sell,232219101
2024-08-16 11:01:44,88400.0,500,Buy,232219147
2024-08-16 11:01:49,88400.0,100,Buy,232219349
2024-08-16 11:01:58,88400.0,1000,Buy,232219732
2024-08-16 11:01:58,88300.0,800,Sell,232220054
2024-08-16 11:01:58,88300.0,100,Sell,232220055
2024-08-16 11:01:58,88300.0,300,Sell,232220056
2024-08-16 11:01:59,88400.0,100,Buy,232220096
2024-08-16 11:01:59,88300.0,200,Sell,232220097
2024-08-16 11:01:59,88300.0,1000,Sell,232220098
2024-08-16 11:01:59,88300.0,300,Sell,232220099
2024-08-16 11:01:59,88300.0,1100,Sell,232220100
2024-08-16 11:01:59,88300.0,200,Sell,232220101
2024-08-16 11:01:59,88300.0,500,Sell,232220102
2024-08-16 11:02:23,88300.0,600,Sell,232221306
2024-08-16 11:02:23,88300.0,500,Sell,232221296
2024-08-16 11:02:25,88300.0,300,Sell,232221407
2024-08-16 11:02:27,88300.0,200,Sell,232221467
2024-08-16 11:02:27,88300.0,900,Sell,232221470
2024-08-16 11:02:27,88300.0,1000,Sell,232221466
2024-08-16 11:02:27,88300.0,100,Sell,232221468
2024-08-16 11:02:27,88300.0,1100,Sell,232221469
2024-08-16 11:02:29,88300.0,100,Sell,232221641
2024-08-16 11:02:29,88300.0,100,Sell,232221653
2024-08-16 11:02:29,88300.0,200,Sell,232221654
2024-08-16 11:02:29,88300.0,100,Sell,232221640
2024-08-16 11:02:32,88300.0,800,Sell,232221823
2024-08-16 11:02:32,88300.0,100,Sell,232221824
2024-08-16 11:02:32,88300.0,100,Sell,232221825
2024-08-16 11:02:32,88300.0,100,Sell,232221826
2024-08-16 11:02:39,88300.0,500,Sell,232222148
2024-08-16 11:02:39,88300.0,300,Sell,232222147
2024-08-16 11:02:39,88300.0,5000,Sell,232222144
2024-08-16 11:02:39,88300.0,100,Sell,232222143
2024-08-16 11:02:39,88300.0,400,Sell,232222145
2024-08-16 11:02:39,88300.0,300,Sell,232222146
2024-08-16 11:03:06,88300.0,500,Sell,232223450
2024-08-16 11:03:06,88300.0,600,Sell,232223451
2024-08-16 11:03:06,88300.0,700,Sell,232223452
2024-08-16 11:03:06,88300.0,1100,Sell,232223453
2024-08-16 11:03:06,88300.0,200,Sell,232223454
2024-08-16 11:03:06,88300.0,200,Sell,232223455
2024-08-16 11:03:09,88300.0,400,Sell,232223635
2024-08-16 11:03:53,88300.0,300,Sell,232225439
2024-08-16 11:04:13,88300.0,200,Sell,232226154
2024-08-16 11:04:13,88300.0,600,Sell,232226155
2024-08-16 11:04:13,88300.0,400,Sell,232226153
2024-08-16 11:04:13,88300.0,500,Sell,232226151
2024-08-16 11:04:13,88300.0,900,Sell,232226150
2024-08-16 11:04:13,88300.0,100,Sell,232226149
2024-08-16 11:04:13,88300.0,600,Sell,232226152
2024-08-16 11:04:25,88400.0,200,Buy,232226689
2024-08-16 11:04:31,88400.0,1000,Buy,232226853
2024-08-16 11:04:36,88300.0,300,Sell,232227050
2024-08-16 11:05:20,88300.0,100,Sell,232228649
2024-08-16 11:05:20,88300.0,200,Sell,232228650
2024-08-16 11:05:43,88300.0,100,Sell,232229446
2024-08-16 11:05:43,88300.0,100,Sell,232229447
2024-08-16 11:05:43,88300.0,100,Sell,232229448
2024-08-16 11:05:54,88300.0,1000,Sell,232229795
2024-08-16 11:05:54,88300.0,100,Sell,232229796
2024-08-16 11:06:04,88300.0,100,Sell,232230269
2024-08-16 11:06:04,88300.0,300,Sell,232230270
2024-08-16 11:06:05,88300.0,800,Sell,232230353
2024-08-16 11:06:05,88300.0,5000,Sell,232230354
2024-08-16 11:06:05,88300.0,500,Sell,232230355
2024-08-16 11:06:05,88300.0,100,Sell,232230356
2024-08-16 11:06:09,88300.0,1000,Buy,232230456
2024-08-16 11:06:19,88300.0,100,Buy,232230761
2024-08-16 11:06:31,88300.0,1000,Buy,232231244
2024-08-16 11:06:39,88300.0,100,Buy,232231522
2024-08-16 11:06:47,88200.0,300,Sell,232231855
2024-08-16 11:06:51,88200.0,100,Sell,232231995
2024-08-16 11:07:18,88300.0,2000,Buy,232232990
2024-08-16 11:07:19,88300.0,300,Buy,232233033
2024-08-16 11:07:31,88200.0,300,Sell,232233394
2024-08-16 11:07:31,88300.0,1000,Buy,232233393
2024-08-16 11:07:40,88200.0,300,Sell,232233654
2024-08-16 11:07:40,88200.0,400,Sell,232233655
2024-08-16 11:07:54,88300.0,5000,Buy,232234198
2024-08-16 11:07:54,88300.0,200,Buy,232234219
2024-08-16 11:07:59,88300.0,700,Buy,232234418
2024-08-16 11:08:09,88300.0,100,Buy,232234700
2024-08-16 11:08:14,88200.0,400,Sell,232234876
2024-08-16 11:08:55,88200.0,200,Sell,232236278
2024-08-16 11:08:55,88200.0,100,Sell,232236279
2024-08-16 11:08:55,88200.0,2000,Sell,232236280
2024-08-16 11:08:55,88200.0,100,Sell,232236281
2024-08-16 11:08:55,88200.0,100,Sell,232236282
2024-08-16 11:08:55,88200.0,800,Sell,232236283
2024-08-16 11:08:56,88200.0,200,Sell,232236336
2024-08-16 11:08:56,88200.0,100,Sell,232236334
2024-08-16 11:08:56,88200.0,100,Sell,232236335
2024-08-16 11:08:58,88200.0,300,Sell,232236402
2024-08-16 11:09:24,88300.0,1000,Buy,232237157
2024-08-16 11:09:29,88300.0,100,Buy,232237302
2024-08-16 11:09:32,88300.0,1000,Buy,232237400
2024-08-16 11:09:39,88300.0,100,Buy,232237620
2024-08-16 11:09:41,88300.0,100,Buy,232237680
2024-08-16 11:09:42,88200.0,300,Sell,232237710
2024-08-16 11:10:11,88200.0,100,Sell,232238648
2024-08-16 11:10:11,88200.0,3200,Sell,232238649
2024-08-16 11:10:25,88200.0,400,Sell,232239161
2024-08-16 11:11:09,88200.0,300,Sell,232240501
2024-08-16 11:11:13,88200.0,100,Sell,232240568
2024-08-16 11:11:13,88200.0,500,Sell,232240570
2024-08-16 11:11:13,88200.0,100,Sell,232240569
2024-08-16 11:11:13,88200.0,1100,Sell,232240566
2024-08-16 11:11:13,88200.0,100,Sell,232240567
2024-08-16 11:11:18,88200.0,1100,Sell,232240698
2024-08-16 11:11:25,88200.0,400,Sell,232240953
2024-08-16 11:11:25,88200.0,100,Sell,232240954
2024-08-16 11:11:25,88200.0,600,Sell,232240955
2024-08-16 11:11:53,88200.0,300,Sell,232241760
2024-08-16 11:12:10,88200.0,100,Sell,232242333
2024-08-16 11:12:10,88200.0,100,Sell,232242342
2024-08-16 11:12:10,88200.0,200,Sell,232242343
2024-08-16 11:12:36,88200.0,300,Sell,232243086
2024-08-16 11:12:39,88200.0,500,Sell,232243162
2024-08-16 11:12:39,88200.0,100,Sell,232243163
2024-08-16 11:12:44,88200.0,400,Sell,232243302
2024-08-16 11:12:44,88200.0,200,Sell,232243301
2024-08-16 11:12:44,88200.0,400,Sell,232243299
2024-08-16 11:12:44,88200.0,100,Sell,232243300
2024-08-16 11:12:48,88200.0,1100,Sell,232243463
2024-08-16 11:13:20,88200.0,400,Sell,232244369
2024-08-16 11:13:51,88200.0,100,Sell,232245359
2024-08-16 11:13:51,88200.0,400,Sell,232245360
2024-08-16 11:13:51,88200.0,1000,Sell,232245361
2024-08-16 11:13:51,88200.0,100,Sell,232245362
2024-08-16 11:13:51,88200.0,400,Sell,232245363
2024-08-16 11:13:51,88200.0,100,Sell,232245364
2024-08-16 11:13:51,88200.0,100,Sell,232245365
2024-08-16 11:13:52,88200.0,1100,Sell,232245381
2024-08-16 11:13:52,88200.0,1000,Sell,232245382
2024-08-16 11:13:52,88200.0,400,Sell,232245383
2024-08-16 11:13:52,88200.0,800,Sell,232245384
2024-08-16 11:14:03,88200.0,100,Sell,232245766
2024-08-16 11:14:03,88200.0,200,Sell,232245765
2024-08-16 11:14:33,88200.0,900,Sell,232246613
2024-08-16 11:14:33,88200.0,600,Sell,232246616
2024-08-16 11:14:33,88200.0,1000,Sell,232246615
2024-08-16 11:14:33,88200.0,800,Sell,232246614
2024-08-16 11:14:42,88300.0,1000,Buy,232246930
2024-08-16 11:14:42,88300.0,300,Buy,232246928
2024-08-16 11:14:42,88300.0,100,Buy,232246929
2024-08-16 11:14:47,88200.0,300,Sell,232247059
2024-08-16 11:14:53,88300.0,100,Buy,232247207
2024-08-16 11:15:31,88200.0,200,Sell,232248184
2024-08-16 11:15:31,88200.0,200,Sell,232248185
2024-08-16 11:15:35,88200.0,200,Sell,232248318
2024-08-16 11:15:35,88200.0,200,Sell,232248319
2024-08-16 11:15:35,88200.0,2900,Sell,232248320
2024-08-16 11:15:49,88300.0,200,Buy,232248804
2024-08-16 11:16:09,88200.0,2100,Sell,232249416
2024-08-16 11:16:09,88200.0,100,Sell,232249417
2024-08-16 11:16:09,88200.0,1000,Sell,232249418
2024-08-16 11:16:09,88200.0,100,Sell,232249419
2024-08-16 11:16:14,88200.0,300,Sell,232249622
2024-08-16 11:16:41,88100.0,500,Sell,232250600
2024-08-16 11:16:41,88100.0,1100,Sell,232250599
2024-08-16 11:16:41,88200.0,100,Sell,232250596
2024-08-16 11:16:41,88200.0,500,Sell,232250597
2024-08-16 11:16:41,88200.0,1000,Sell,232250598
2024-08-16 11:16:41,88200.0,100,Sell,232250595
2024-08-16 11:16:58,88100.0,300,Sell,232251064
2024-08-16 11:17:13,88100.0,400,Sell,232251555
2024-08-16 11:17:13,88200.0,100,Sell,232251549
2024-08-16 11:17:13,88200.0,1000,Sell,232251550
2024-08-16 11:17:13,88100.0,200,Sell,232251551
2024-08-16 11:17:13,88100.0,100,Sell,232251552
2024-08-16 11:17:13,88100.0,1000,Sell,232251553
2024-08-16 11:17:13,88100.0,500,Sell,232251554
2024-08-16 11:17:42,88100.0,400,Sell,232252368
2024-08-16 11:18:25,88100.0,300,Sell,232253480
2024-08-16 11:18:37,88100.0,100,Sell,232253790
2024-08-16 11:18:37,88100.0,200,Sell,232253801
2024-08-16 11:19:09,88100.0,300,Sell,232254603
2024-08-16 11:19:38,88200.0,100,Sell,232255261
2024-08-16 11:19:52,88200.0,300,Sell,232255568
2024-08-16 11:20:36,88200.0,400,Sell,232256601
2024-08-16 11:21:20,88200.0,300,Sell,232257585
2024-08-16 11:21:51,88200.0,100,Sell,232258330
2024-08-16 11:21:51,88200.0,200,Sell,232258332
2024-08-16 11:22:03,88200.0,100,Sell,232258626
2024-08-16 11:22:03,88200.0,200,Sell,232258627
2024-08-16 11:22:20,88200.0,300,Sell,232258966
2024-08-16 11:22:20,88200.0,400,Sell,232258967
2024-08-16 11:22:47,88200.0,400,Sell,232259542
2024-08-16 11:23:31,88200.0,100,Sell,232260795
2024-08-16 11:23:31,88200.0,200,Sell,232260794
2024-08-16 11:23:35,88300.0,300,Buy,232260887
2024-08-16 11:23:36,88300.0,900,Buy,232260905
2024-08-16 11:23:39,88300.0,800,Buy,232260952
2024-08-16 11:23:39,88300.0,300,Buy,232260953
2024-08-16 11:23:39,88300.0,200,Buy,232260954
2024-08-16 11:23:39,88300.0,1900,Buy,232260974
2024-08-16 11:23:40,88200.0,900,Sell,232260993
2024-08-16 11:23:40,88200.0,1000,Sell,232260994
2024-08-16 11:23:41,88200.0,1100,Sell,232261007
2024-08-16 11:23:41,88300.0,700,Buy,232260999
2024-08-16 11:23:41,88300.0,200,Buy,232261001
2024-08-16 11:23:41,88300.0,200,Buy,232261000
2024-08-16 11:23:41,88200.0,1000,Sell,232260996
2024-08-16 11:23:41,88200.0,100,Sell,232260995
2024-08-16 11:23:41,88300.0,200,Buy,232260998
2024-08-16 11:23:42,88300.0,100,Buy,232261029
2024-08-16 11:23:42,88300.0,300,Buy,232261030
2024-08-16 11:23:42,88300.0,700,Buy,232261031
2024-08-16 11:23:42,88300.0,800,Buy,232261032
2024-08-16 11:23:44,88300.0,200,Buy,232261070
2024-08-16 11:23:44,88300.0,100,Buy,232261071
2024-08-16 11:23:49,88300.0,400,Buy,232261142
2024-08-16 11:24:05,88300.0,100,Sell,232261444
2024-08-16 11:24:14,88300.0,300,Sell,232261640
2024-08-16 11:24:16,88400.0,500,Buy,232261685
2024-08-16 11:24:16,88400.0,500,Buy,232261684
2024-08-16 11:24:16,88400.0,2400,Buy,232261683
2024-08-16 11:24:19,88400.0,500,Buy,232261733
2024-08-16 11:24:20,88400.0,3500,Buy,232261757
2024-08-16 11:24:58,88400.0,300,Sell,232262674
2024-08-16 11:25:04,88400.0,200,Sell,232262771
2024-08-16 11:25:04,88400.0,300,Sell,232262781
2024-08-16 11:25:41,88400.0,400,Sell,232263669
2024-08-16 11:26:18,88400.0,100,Sell,232264420
2024-08-16 11:26:25,88400.0,200,Sell,232264537
2024-08-16 11:26:25,88400.0,100,Sell,232264538
2024-08-16 11:27:09,88400.0,300,Sell,232265527
2024-08-16 11:27:16,88400.0,100,Sell,232265672
2024-08-16 11:27:16,88400.0,100,Sell,232265671
2024-08-16 11:27:16,88400.0,900,Sell,232265673
2024-08-16 11:27:16,88400.0,1100,Sell,232265669
2024-08-16 11:27:16,88400.0,200,Sell,232265668
2024-08-16 11:27:16,88400.0,100,Sell,232265670
2024-08-16 11:27:26,88400.0,100,Sell,232265956
2024-08-16 11:27:26,88400.0,400,Sell,232265957
2024-08-16 11:27:52,88400.0,300,Sell,232266535
2024-08-16 11:28:18,88400.0,100,Sell,232267129
2024-08-16 11:28:18,88400.0,200,Sell,232267134
2024-08-16 11:28:37,88400.0,400,Sell,232267500
2024-08-16 11:28:54,88400.0,100,Sell,232267758
2024-08-16 11:29:26,88400.0,400,Sell,232268379
2024-08-16 12:59:37,88400.0,100,Sell,232268705
2024-08-16 12:59:37,88400.0,100,Sell,232268903
2024-08-16 12:59:37,88400.0,400,Sell,232268904
2024-08-16 12:59:38,88500.0,300,Buy,232269572
2024-08-16 12:59:38,88500.0,100,Buy,232269571
2024-08-16 12:59:38,88500.0,100,Buy,232269569
2024-08-16 12:59:38,88500.0,300,Buy,232269570
2024-08-16 12:59:39,88400.0,600,Sell,232270163
2024-08-16 12:59:39,88400.0,100,Sell,232270164
2024-08-16 12:59:39,88400.0,1100,Sell,232270165
2024-08-16 12:59:39,88400.0,1000,Sell,232270166
2024-08-16 12:59:39,88400.0,1000,Sell,232270167
2024-08-16 12:59:39,88400.0,200,Sell,232270168
2024-08-16 12:59:39,88400.0,400,Sell,232270169
2024-08-16 12:59:41,88400.0,300,Buy,232270823
2024-08-16 12:59:42,88400.0,800,Buy,232271093
2024-08-16 12:59:44,88300.0,100,Sell,232271664
2024-08-16 12:59:44,88300.0,300,Sell,232271818
2024-08-16 12:59:52,88400.0,300,Buy,232273081
2024-08-16 12:59:52,88400.0,200,Buy,232273151
2024-08-16 12:59:56,88400.0,200,Buy,232273688
2024-08-16 12:59:59,88400.0,100,Buy,232274043
2024-08-16 12:59:59,88400.0,5000,Buy,232274035
2024-08-16 12:59:59,88400.0,600,Buy,232274036
2024-08-16 13:00:02,88400.0,200,Buy,232274436
2024-08-16 13:00:08,88400.0,100,Buy,232274921
2024-08-16 13:00:09,88400.0,1600,Buy,232275060
2024-08-16 13:00:16,88300.0,100,Sell,232275643
2024-08-16 13:00:32,88400.0,1100,Buy,232276742
2024-08-16 13:00:34,88300.0,300,Sell,232276801
2024-08-16 13:00:39,88400.0,100,Buy,232277053
2024-08-16 13:00:39,88400.0,100,Buy,232277054
2024-08-16 13:00:39,88400.0,600,Buy,232277055
2024-08-16 13:00:42,88000.0,100,Sell,232277198
2024-08-16 13:00:42,88000.0,300,Sell,232277197
2024-08-16 13:00:42,88000.0,100,Sell,232277196
2024-08-16 13:00:42,88000.0,1000,Sell,232277195
2024-08-16 13:00:42,88000.0,500,Sell,232277194
2024-08-16 13:00:42,88100.0,3700,Sell,232277189
2024-08-16 13:00:42,88100.0,500,Sell,232277192
2024-08-16 13:00:42,88100.0,100,Sell,232277191
2024-08-16 13:00:42,88100.0,500,Sell,232277190
2024-08-16 13:00:42,88000.0,100,Sell,232277199
2024-08-16 13:00:42,88000.0,300,Sell,232277193
2024-08-16 13:00:42,88000.0,500,Sell,232277200
2024-08-16 13:00:42,88000.0,500,Sell,232277205
2024-08-16 13:00:42,88000.0,100,Sell,232277202
2024-08-16 13:00:42,88000.0,200,Sell,232277203
2024-08-16 13:00:42,88000.0,500,Sell,232277204
2024-08-16 13:00:42,88100.0,100,Sell,232277188
2024-08-16 13:00:42,88000.0,6500,Sell,232277206
2024-08-16 13:00:42,88000.0,600,Sell,232277207
2024-08-16 13:00:42,88000.0,100,Sell,232277208
2024-08-16 13:00:42,88000.0,100,Sell,232277209
2024-08-16 13:00:42,88000.0,100,Sell,232277210
2024-08-16 13:00:42,88000.0,1000,Sell,232277211
2024-08-16 13:00:42,88000.0,100,Sell,232277212
2024-08-16 13:00:42,88000.0,100,Sell,232277201
2024-08-16 13:00:42,88100.0,1000,Sell,232277187
2024-08-16 13:00:42,88000.0,900,Sell,232277213
2024-08-16 13:00:42,88100.0,100,Sell,232277185
2024-08-16 13:00:42,88300.0,500,Sell,232277160
2024-08-16 13:00:42,88300.0,400,Sell,232277161
2024-08-16 13:00:42,88300.0,100,Sell,232277162
2024-08-16 13:00:42,88300.0,400,Sell,232277164
2024-08-16 13:00:42,88300.0,1300,Sell,232277165
2024-08-16 13:00:42,88300.0,1000,Sell,232277166
2024-08-16 13:00:42,88300.0,300,Sell,232277167
2024-08-16 13:00:42,88300.0,100,Sell,232277168
2024-08-16 13:00:42,88300.0,100,Sell,232277169
2024-08-16 13:00:42,88300.0,100,Sell,232277170
2024-08-16 13:00:42,88200.0,1600,Sell,232277171
2024-08-16 13:00:42,88200.0,1000,Sell,232277172
2024-08-16 13:00:42,88300.0,400,Sell,232277163
2024-08-16 13:00:42,88200.0,1000,Sell,232277174
2024-08-16 13:00:42,88200.0,1000,Sell,232277173
2024-08-16 13:00:42,88100.0,1000,Sell,232277184
2024-08-16 13:00:42,88100.0,300,Sell,232277183
2024-08-16 13:00:42,88100.0,1100,Sell,232277182
2024-08-16 13:00:42,88100.0,1200,Sell,232277181
2024-08-16 13:00:42,88100.0,1000,Sell,232277186
2024-08-16 13:00:42,88100.0,500,Sell,232277179
2024-08-16 13:00:42,88100.0,1000,Sell,232277180
2024-08-16 13:00:42,88100.0,3300,Sell,232277178
2024-08-16 13:00:42,88200.0,100,Sell,232277177
2024-08-16 13:00:42,88200.0,500,Sell,232277176
2024-08-16 13:00:42,88200.0,1000,Sell,232277175
2024-08-16 13:00:49,88400.0,200,Buy,232277438
2024-08-16 13:01:09,88400.0,200,Buy,232278469
2024-08-16 13:01:31,88000.0,200,Sell,232279435
2024-08-16 13:01:31,88000.0,100,Sell,232279434
2024-08-16 13:01:31,88000.0,100,Sell,232279433
2024-08-16 13:01:43,88000.0,800,Sell,232279845
2024-08-16 13:01:43,88000.0,400,Sell,232279846
2024-08-16 13:01:51,88000.0,500,Sell,232280341
2024-08-16 13:02:30,88200.0,300,Sell,232281771
2024-08-16 13:02:42,88200.0,100,Sell,232282284
2024-08-16 13:02:48,88300.0,700,Buy,232282746
2024-08-16 13:02:51,88200.0,100,Sell,232282880
2024-08-16 13:02:54,88200.0,900,Sell,232283083
2024-08-16 13:03:01,88200.0,100,Buy,232283406
2024-08-16 13:03:25,88300.0,300,Buy,232284412
2024-08-16 13:03:25,88300.0,1900,Buy,232284413
2024-08-16 13:03:25,88300.0,800,Buy,232284414
2024-08-16 13:03:28,88000.0,400,Sell,232284554
2024-08-16 13:03:43,88100.0,800,Sell,232285222
2024-08-16 13:03:47,88300.0,100,Buy,232285416
2024-08-16 13:04:10,88100.0,200,Sell,232286426
2024-08-16 13:04:10,88100.0,1000,Sell,232286427
2024-08-16 13:04:26,88200.0,300,Sell,232287424
2024-08-16 13:04:26,88300.0,100,Buy,232287502
2024-08-16 13:04:33,88300.0,100,Buy,232287961
2024-08-16 13:04:33,88300.0,900,Buy,232287962
2024-08-16 13:05:07,88300.0,100,Buy,232289432
2024-08-16 13:05:24,88200.0,400,Sell,232290234
2024-08-16 13:05:25,88300.0,100,Buy,232290298
2024-08-16 13:05:33,88300.0,1000,Buy,232290745
2024-08-16 13:05:44,88300.0,100,Buy,232291245
2024-08-16 13:05:47,88300.0,100,Buy,232291381
2024-08-16 13:05:48,88300.0,100,Buy,232291403
2024-08-16 13:05:48,88300.0,100,Buy,232291404
2024-08-16 13:05:48,88300.0,1800,Buy,232291405
2024-08-16 13:05:48,88300.0,100,Buy,232291406
2024-08-16 13:05:48,88300.0,300,Buy,232291407
2024-08-16 13:06:15,88300.0,500,Sell,232292658
2024-08-16 13:06:21,88300.0,300,Sell,232293109
2024-08-16 13:06:28,88400.0,100,Buy,232293487
2024-08-16 13:06:33,88400.0,1100,Buy,232293765
2024-08-16 13:06:38,88300.0,100,Sell,232294050
2024-08-16 13:07:07,88300.0,1000,Sell,232295528
2024-08-16 13:07:08,88400.0,100,Buy,232295557
2024-08-16 13:07:21,88300.0,400,Sell,232296087
2024-08-16 13:07:22,88400.0,500,Buy,232296133
2024-08-16 13:07:26,88300.0,600,Sell,232296363
2024-08-16 13:07:26,88300.0,900,Sell,232296364
2024-08-16 13:07:26,88300.0,800,Sell,232296365
2024-08-16 13:07:48,88400.0,100,Buy,232297496
2024-08-16 13:08:04,88300.0,700,Sell,232298709
2024-08-16 13:08:04,88300.0,200,Sell,232298707
2024-08-16 13:08:04,88300.0,300,Sell,232298708
2024-08-16 13:08:19,88300.0,300,Sell,232299711
2024-08-16 13:08:29,88300.0,100,Sell,232300523
2024-08-16 13:08:29,88300.0,1000,Sell,232300524
2024-08-16 13:08:29,88300.0,500,Sell,232300525
2024-08-16 13:08:29,88300.0,100,Buy,232300596
2024-08-16 13:08:33,88300.0,1000,Buy,232300788
2024-08-16 13:08:35,88300.0,100,Buy,232300863
2024-08-16 13:08:39,88200.0,100,Sell,232301173
2024-08-16 13:09:02,88200.0,900,Sell,232302506
2024-08-16 13:09:02,88200.0,2000,Sell,232302507
2024-08-16 13:09:02,88200.0,100,Sell,232302509
2024-08-16 13:09:02,88200.0,2000,Sell,232302508
2024-08-16 13:09:02,88200.0,100,Sell,232302510
2024-08-16 13:09:07,88100.0,1200,Sell,232302775
2024-08-16 13:09:07,88100.0,1700,Sell,232302754
2024-08-16 13:09:07,88100.0,500,Sell,232302751
2024-08-16 13:09:07,88100.0,100,Sell,232302752
2024-08-16 13:09:07,88100.0,1000,Sell,232302753
2024-08-16 13:09:10,88200.0,100,Buy,232303054
2024-08-16 13:09:15,88200.0,300,Buy,232303326
2024-08-16 13:09:15,88200.0,1700,Buy,232303327
2024-08-16 13:09:17,88100.0,400,Sell,232303405
2024-08-16 13:09:22,88200.0,800,Buy,232303878
2024-08-16 13:09:22,88200.0,200,Buy,232303877
2024-08-16 13:09:33,88200.0,300,Buy,232304430
2024-08-16 13:09:33,88200.0,800,Buy,232304431
2024-08-16 13:09:36,88200.0,300,Buy,232304695
2024-08-16 13:09:36,88200.0,200,Buy,232304696
2024-08-16 13:09:39,88200.0,500,Buy,232304831
2024-08-16 13:09:50,88300.0,100,Buy,232305492
2024-08-16 13:09:57,88200.0,500,Sell,232305917
2024-08-16 13:09:57,88200.0,500,Sell,232305918
2024-08-16 13:09:57,88200.0,1000,Sell,232305919
2024-08-16 13:10:06,88200.0,1100,Buy,232306677
2024-08-16 13:10:08,88200.0,100,Buy,232306803
2024-08-16 13:10:08,88100.0,1200,Sell,232306777
2024-08-16 13:10:13,88200.0,100,Buy,232307108
2024-08-16 13:10:13,88200.0,900,Buy,232307109
2024-08-16 13:10:15,88100.0,300,Sell,232307200
2024-08-16 13:10:17,88200.0,500,Buy,232307300
2024-08-16 13:10:25,88200.0,1000,Buy,232307769
2024-08-16 13:10:31,88200.0,100,Buy,232308150
2024-08-16 13:10:32,88200.0,500,Buy,232308236
2024-08-16 13:10:34,88200.0,1000,Sell,232308347
2024-08-16 13:10:34,88200.0,1000,Sell,232308348
2024-08-16 13:10:34,88100.0,200,Sell,232308349
2024-08-16 13:10:34,88100.0,1100,Sell,232308350
2024-08-16 13:10:35,88200.0,100,Sell,232308501
2024-08-16 13:10:40,88200.0,300,Sell,232308715
2024-08-16 13:10:41,88100.0,100,Sell,232308759
2024-08-16 13:10:55,88200.0,200,Buy,232309629
2024-08-16 13:11:03,88200.0,2000,Sell,232310226
2024-08-16 13:11:03,88100.0,800,Sell,232310227
2024-08-16 13:11:03,88100.0,100,Sell,232310228
2024-08-16 13:11:03,88100.0,100,Sell,232310229
2024-08-16 13:11:03,88100.0,300,Sell,232310230
2024-08-16 13:11:11,88300.0,100,Buy,232310739
2024-08-16 13:11:13,88100.0,400,Sell,232310789
2024-08-16 13:11:19,88200.0,100,Sell,232311147
2024-08-16 13:11:25,88200.0,1200,Sell,232311490
2024-08-16 13:11:30,88100.0,300,Sell,232311852
2024-08-16 13:11:30,88200.0,2000,Sell,232311851
2024-08-16 13:11:30,88200.0,500,Sell,232311849
2024-08-16 13:11:30,88200.0,200,Sell,232311848
2024-08-16 13:11:30,88200.0,300,Sell,232311850
2024-08-16 13:11:45,88200.0,300,Sell,232312756
2024-08-16 13:11:45,88100.0,900,Sell,232312757
2024-08-16 13:11:52,88300.0,100,Buy,232313147
2024-08-16 13:12:01,88200.0,100,Sell,232313837
2024-08-16 13:12:01,88200.0,300,Buy,232313838
2024-08-16 13:12:11,88100.0,300,Sell,232314331
2024-08-16 13:12:11,88200.0,1900,Buy,232314361
2024-08-16 13:12:13,88200.0,600,Buy,232314454
2024-08-16 13:12:24,88200.0,400,Buy,232315043
2024-08-16 13:12:24,88200.0,100,Sell,232315056
2024-08-16 13:12:24,88100.0,100,Sell,232315057
2024-08-16 13:12:27,88100.0,3300,Sell,232315232
2024-08-16 13:12:32,88200.0,100,Buy,232315683
2024-08-16 13:12:33,88200.0,600,Buy,232315731
2024-08-16 13:12:43,88200.0,100,Sell,232316188
2024-08-16 13:12:51,88100.0,900,Sell,232316620
2024-08-16 13:12:51,88100.0,400,Sell,232316619
2024-08-16 13:12:51,88200.0,400,Sell,232316615
2024-08-16 13:12:51,88100.0,1000,Sell,232316617
2024-08-16 13:12:51,88200.0,500,Sell,232316616
2024-08-16 13:12:51,88100.0,100,Sell,232316618
2024-08-16 13:13:09,88100.0,400,Sell,232317694
2024-08-16 13:13:10,88100.0,700,Sell,232317787
2024-08-16 13:13:10,88100.0,100,Sell,232317788
2024-08-16 13:13:10,88100.0,1000,Sell,232317789
2024-08-16 13:13:10,88100.0,800,Sell,232317790
2024-08-16 13:13:10,88100.0,100,Sell,232317791
2024-08-16 13:13:10,88100.0,600,Sell,232317792
2024-08-16 13:13:13,88200.0,100,Buy,232317962
2024-08-16 13:13:20,88300.0,200,Buy,232318204
2024-08-16 13:13:20,88300.0,300,Buy,232318205
2024-08-16 13:13:33,88200.0,1000,Buy,232318903
2024-08-16 13:13:44,88100.0,100,Sell,232319596
2024-08-16 13:13:44,88100.0,1000,Sell,232319597
2024-08-16 13:13:45,88100.0,600,Sell,232319627
2024-08-16 13:13:45,88100.0,500,Sell,232319639
2024-08-16 13:13:49,88200.0,2000,Buy,232319900
2024-08-16 13:13:54,88200.0,100,Buy,232320177
2024-08-16 13:13:56,88100.0,3300,Sell,232320323
2024-08-16 13:14:07,88100.0,300,Sell,232320947
2024-08-16 13:14:11,88100.0,100,Sell,232321150
2024-08-16 13:14:20,88100.0,1500,Sell,232321649
2024-08-16 13:14:20,88100.0,800,Sell,232321647
2024-08-16 13:14:20,88100.0,1000,Sell,232321648
2024-08-16 13:14:24,88200.0,200,Buy,232321904
2024-08-16 13:14:26,88200.0,200,Sell,232321984
2024-08-16 13:14:26,88200.0,100,Sell,232321988
2024-08-16 13:14:27,88200.0,200,Buy,232322028
2024-08-16 13:14:35,88300.0,100,Buy,232322384
2024-08-16 13:14:39,88200.0,300,Sell,232322584
2024-08-16 13:14:39,88200.0,1000,Sell,232322585
2024-08-16 13:14:39,88200.0,700,Sell,232322586
2024-08-16 13:14:42,88200.0,300,Sell,232322750
2024-08-16 13:14:42,88200.0,2000,Sell,232322751
2024-08-16 13:14:42,88100.0,1000,Sell,232322752
2024-08-16 13:14:45,88100.0,100,Sell,232322973
2024-08-16 13:14:51,88200.0,100,Sell,232323276
2024-08-16 13:15:02,88200.0,500,Buy,232323795
2024-08-16 13:15:02,88200.0,500,Buy,232323794
2024-08-16 13:15:03,88200.0,100,Buy,232323833
2024-08-16 13:15:04,88200.0,300,Sell,232323865
2024-08-16 13:15:14,88200.0,100,Buy,232324249
2024-08-16 13:15:16,88200.0,100,Buy,232324362
2024-08-16 13:15:20,88100.0,400,Sell,232324569
2024-08-16 13:15:20,88100.0,100,Sell,232324570
2024-08-16 13:15:20,88100.0,200,Sell,232324571
2024-08-16 13:15:20,88100.0,300,Sell,232324572
2024-08-16 13:15:20,88100.0,2300,Sell,232324573
2024-08-16 13:15:36,88200.0,300,Buy,232325342
2024-08-16 13:15:36,88200.0,700,Buy,232325343
2024-08-16 13:15:38,88200.0,600,Buy,232325463
2024-08-16 13:15:57,88200.0,100,Buy,232326467
2024-08-16 13:16:03,88100.0,300,Sell,232326772
2024-08-16 13:16:05,88200.0,300,Buy,232326870
2024-08-16 13:16:13,88200.0,1000,Buy,232327250
2024-08-16 13:16:19,88100.0,100,Sell,232327490
2024-08-16 13:16:25,88200.0,300,Buy,232327725
2024-08-16 13:16:27,88100.0,200,Sell,232327792
2024-08-16 13:16:38,88200.0,100,Buy,232328414
2024-08-16 13:16:43,88200.0,200,Buy,232328768
2024-08-16 13:16:48,88200.0,400,Buy,232329058
2024-08-16 13:16:48,88200.0,100,Sell,232329069
2024-08-16 13:16:53,88200.0,100,Sell,232329283
2024-08-16 13:17:01,88100.0,400,Sell,232329626
2024-08-16 13:17:11,88100.0,500,Sell,232330094
2024-08-16 13:17:19,88200.0,100,Buy,232330476
2024-08-16 13:17:24,88200.0,600,Buy,232330610
2024-08-16 13:17:39,88200.0,200,Sell,232331364
2024-08-16 13:17:39,88200.0,100,Sell,232331354
2024-08-16 13:17:59,88200.0,200,Sell,232332185
2024-08-16 13:17:59,88200.0,100,Sell,232332184
2024-08-16 13:18:00,88300.0,100,Buy,232332341
2024-08-16 13:18:00,88300.0,100,Buy,232332364
2024-08-16 13:18:00,88300.0,200,Buy,232332365
2024-08-16 13:18:00,88300.0,100,Buy,232332366
2024-08-16 13:18:00,88300.0,500,Buy,232332367
2024-08-16 13:18:10,88300.0,100,Sell,232332830
2024-08-16 13:18:10,88300.0,500,Sell,232332831
2024-08-16 13:18:16,88300.0,100,Buy,232333140
2024-08-16 13:18:24,88200.0,300,Sell,232333601
2024-08-16 13:18:24,88200.0,100,Sell,232333600
2024-08-16 13:18:24,88200.0,500,Sell,232333599
2024-08-16 13:18:24,88200.0,100,Sell,232333598
2024-08-16 13:18:24,88200.0,300,Sell,232333596
2024-08-16 13:18:24,88300.0,400,Sell,232333593
2024-08-16 13:18:24,88200.0,500,Sell,232333597
2024-08-16 13:18:24,88200.0,300,Sell,232333595
2024-08-16 13:18:24,88200.0,800,Sell,232333594
2024-08-16 13:18:41,88400.0,100,Buy,232334466
2024-08-16 13:18:50,88300.0,100,Sell,232334921
2024-08-16 13:18:53,88400.0,100,Buy,232335105
2024-08-16 13:18:53,88200.0,1200,Sell,232335145
2024-08-16 13:18:53,88200.0,400,Sell,232335146
2024-08-16 13:18:53,88200.0,100,Sell,232335147
2024-08-16 13:18:53,88200.0,1100,Sell,232335148
2024-08-16 13:18:57,88100.0,400,Sell,232335379
2024-08-16 13:19:06,88200.0,300,Buy,232335810
2024-08-16 13:19:15,88100.0,100,Sell,232336232
2024-08-16 13:19:19,88100.0,1300,Sell,232336350
2024-08-16 13:19:19,88100.0,800,Sell,232336349
2024-08-16 13:19:19,88100.0,100,Sell,232336348
2024-08-16 13:19:19,88100.0,100,Sell,232336346
2024-08-16 13:19:19,88100.0,700,Sell,232336344
2024-08-16 13:19:19,88100.0,100,Sell,232336347
2024-08-16 13:19:19,88100.0,200,Sell,232336345
2024-08-16 13:19:20,88200.0,200,Buy,232336439
2024-08-16 13:19:22,88400.0,100,Buy,232336554
2024-08-16 13:19:33,88400.0,1000,Buy,232337098
2024-08-16 13:19:54,88200.0,200,Sell,232338255
2024-08-16 13:20:03,88200.0,100,Buy,232338681
2024-08-16 13:20:04,88200.0,100,Buy,232338709
2024-08-16 13:20:24,88200.0,100,Sell,232339433
2024-08-16 13:20:24,88100.0,3200,Sell,232339434
2024-08-16 13:20:45,88300.0,100,Buy,232340628
2024-08-16 13:20:50,88300.0,300,Buy,232340920
2024-08-16 13:20:50,88200.0,200,Sell,232340928
2024-08-16 13:20:52,88200.0,100,Sell,232341012
2024-08-16 13:20:53,88200.0,200,Sell,232341023
2024-08-16 13:20:59,88200.0,200,Buy,232341424
2024-08-16 13:20:59,88200.0,200,Buy,232341425
2024-08-16 13:21:01,88200.0,100,Buy,232341515
2024-08-16 13:21:04,88200.0,400,Sell,232341669
2024-08-16 13:21:04,88200.0,300,Sell,232341670
2024-08-16 13:21:15,88200.0,700,Sell,232342188
2024-08-16 13:21:15,88200.0,500,Sell,232342189
2024-08-16 13:21:15,88100.0,2100,Sell,232342190
2024-08-16 13:21:26,88300.0,100,Buy,232342735
2024-08-16 13:21:33,88300.0,1100,Buy,232343067
2024-08-16 13:21:47,88100.0,300,Sell,232343588
2024-08-16 13:21:47,88100.0,100,Sell,232343587
2024-08-16 13:21:47,88100.0,100,Sell,232343586
2024-08-16 13:21:47,88200.0,1000,Sell,232343583
2024-08-16 13:21:47,88200.0,5000,Sell,232343584
2024-08-16 13:21:47,88200.0,100,Sell,232343582
2024-08-16 13:21:47,88100.0,3400,Sell,232343585
2024-08-16 13:21:51,88100.0,300,Sell,232343804
2024-08-16 13:21:55,88200.0,3300,Buy,232344070
2024-08-16 13:22:07,88300.0,100,Buy,232344541
2024-08-16 13:22:21,88200.0,1700,Sell,232345228
2024-08-16 13:22:22,88200.0,1000,Buy,232345320
2024-08-16 13:22:33,88200.0,600,Buy,232345750
2024-08-16 13:22:40,88100.0,100,Sell,232346082
2024-08-16 13:22:40,88100.0,200,Sell,232346083
2024-08-16 13:22:40,88100.0,200,Sell,232346080
2024-08-16 13:22:40,88200.0,400,Sell,232346079
2024-08-16 13:22:40,88100.0,1200,Sell,232346081
2024-08-16 13:22:49,88300.0,100,Buy,232346543
2024-08-16 13:22:49,88200.0,1000,Sell,232346661
2024-08-16 13:22:49,88200.0,100,Sell,232346662
2024-08-16 13:22:49,88100.0,300,Sell,232346663
2024-08-16 13:22:49,88100.0,800,Sell,232346664
2024-08-16 13:22:49,88100.0,500,Sell,232346665
2024-08-16 13:22:49,88100.0,100,Sell,232346666
2024-08-16 13:22:49,88100.0,500,Sell,232346667
2024-08-16 13:22:54,88100.0,100,Sell,232346861
2024-08-16 13:23:23,88100.0,100,Sell,232348292
2024-08-16 13:23:24,88100.0,100,Sell,232348302
2024-08-16 13:23:24,88100.0,3100,Sell,232348303
2024-08-16 13:23:30,88200.0,100,Buy,232348635
2024-08-16 13:23:33,88200.0,300,Buy,232348732
2024-08-16 13:23:40,88200.0,200,Sell,232349059
2024-08-16 13:23:48,88200.0,300,Sell,232349403
2024-08-16 13:23:53,88200.0,200,Sell,232349642
2024-08-16 13:24:00,88100.0,700,Sell,232350014
2024-08-16 13:24:00,88100.0,2600,Sell,232350027
2024-08-16 13:24:06,88200.0,100,Buy,232350468
2024-08-16 13:24:12,88200.0,100,Buy,232350686
2024-08-16 13:24:28,88200.0,500,Buy,232351239
2024-08-16 13:24:32,88200.0,100,Buy,232351404
2024-08-16 13:24:34,88200.0,100,Buy,232351467
2024-08-16 13:24:34,88200.0,200,Buy,232351468
2024-08-16 13:24:34,88200.0,300,Buy,232351469
2024-08-16 13:24:46,88200.0,400,Sell,232351883
2024-08-16 13:24:53,88300.0,100,Buy,232352166
2024-08-16 13:24:57,88200.0,100,Sell,232352335
2024-08-16 13:25:10,88200.0,700,Sell,232352910
2024-08-16 13:25:10,88200.0,100,Sell,232352909
2024-08-16 13:25:10,88200.0,200,Sell,232352907
2024-08-16 13:25:13,88200.0,100,Sell,232353038
2024-08-16 13:25:13,88200.0,300,Sell,232353036
2024-08-16 13:25:13,88200.0,100,Sell,232353037
2024-08-16 13:25:18,88200.0,100,Sell,232353235
2024-08-16 13:25:34,88200.0,400,Buy,232353914
2024-08-16 13:25:44,88200.0,300,Sell,232354262
2024-08-16 13:26:16,88300.0,100,Buy,232355625
2024-08-16 13:26:16,88300.0,100,Buy,232355626
2024-08-16 13:26:23,88300.0,1700,Buy,232355833
2024-08-16 13:26:23,88300.0,200,Buy,232355834
2024-08-16 13:26:23,88300.0,100,Buy,232355835
2024-08-16 13:26:34,88300.0,1000,Buy,232356244
2024-08-16 13:26:42,88200.0,300,Sell,232356512
2024-08-16 13:26:42,88200.0,100,Sell,232356513
2024-08-16 13:26:51,88200.0,700,Sell,232356868
2024-08-16 13:26:58,88300.0,100,Buy,232357147
2024-08-16 13:26:59,88200.0,100,Sell,232357235
2024-08-16 13:27:11,88300.0,1100,Buy,232357842
2024-08-16 13:27:11,88300.0,1100,Buy,232357843
2024-08-16 13:27:11,88300.0,7100,Buy,232357844
2024-08-16 13:27:11,88300.0,700,Buy,232357841
2024-08-16 13:27:19,88200.0,500,Sell,232358138
2024-08-16 13:27:20,88200.0,100,Sell,232358189
2024-08-16 13:27:20,88200.0,200,Sell,232358190
2024-08-16 13:27:23,88200.0,500,Sell,232358308
2024-08-16 13:27:40,88200.0,300,Sell,232358967
2024-08-16 13:27:40,88300.0,100,Buy,232358975
2024-08-16 13:28:21,88300.0,100,Buy,232360598
2024-08-16 13:28:26,88300.0,1500,Buy,232360904
2024-08-16 13:28:26,88300.0,400,Buy,232360905
2024-08-16 13:28:33,88300.0,100,Sell,232361209
2024-08-16 13:28:38,88300.0,400,Sell,232361441
2024-08-16 13:29:01,88300.0,100,Sell,232362524
2024-08-16 13:29:03,88400.0,100,Buy,232362635
2024-08-16 13:29:08,88300.0,500,Sell,232362845
2024-08-16 13:29:36,88300.0,200,Sell,232363859
2024-08-16 13:29:36,88300.0,100,Sell,232363860
2024-08-16 13:29:40,88400.0,200,Buy,232364075
2024-08-16 13:29:40,88400.0,1500,Buy,232364074
2024-08-16 13:29:40,88400.0,100,Buy,232364073
2024-08-16 13:29:40,88400.0,100,Buy,232364072
2024-08-16 13:29:40,88400.0,200,Buy,232364076
2024-08-16 13:29:40,88400.0,200,Buy,232364070
2024-08-16 13:29:40,88400.0,1000,Buy,232364069
2024-08-16 13:29:40,88400.0,800,Buy,232364068
2024-08-16 13:29:40,88400.0,100,Buy,232364067
2024-08-16 13:29:40,88400.0,100,Buy,232364066
2024-08-16 13:29:40,88400.0,200,Buy,232364071
2024-08-16 13:29:41,88400.0,100,Buy,232364086
2024-08-16 13:29:45,88400.0,100,Buy,232364358
2024-08-16 13:30:07,88400.0,100,Buy,232365477
2024-08-16 13:30:14,88400.0,300,Buy,232365951
2024-08-16 13:30:27,88400.0,100,Buy,232366658
2024-08-16 13:30:34,88400.0,100,Buy,232367054
2024-08-16 13:30:34,88400.0,100,Buy,232367055
2024-08-16 13:30:34,88400.0,300,Buy,232367056
2024-08-16 13:30:34,88400.0,400,Buy,232367057
2024-08-16 13:30:34,88400.0,200,Buy,232367058
2024-08-16 13:30:34,88300.0,300,Sell,232367028
2024-08-16 13:30:35,88400.0,200,Buy,232367103
2024-08-16 13:31:02,88400.0,200,Buy,232368300
2024-08-16 13:31:04,88300.0,100,Sell,232368377
2024-08-16 13:31:06,88400.0,1000,Buy,232368439
2024-08-16 13:31:09,88400.0,100,Buy,232368572
2024-08-16 13:31:09,88400.0,1000,Buy,232368558
2024-08-16 13:31:12,88400.0,300,Buy,232368662
2024-08-16 13:31:22,88400.0,500,Buy,232369029
2024-08-16 13:31:22,88400.0,500,Buy,232369030
2024-08-16 13:31:22,88400.0,700,Buy,232369031
2024-08-16 13:31:22,88400.0,300,Buy,232369032
2024-08-16 13:31:32,88300.0,400,Sell,232369541
2024-08-16 13:31:51,88400.0,100,Buy,232370503
2024-08-16 13:31:55,88400.0,100,Buy,232370686
2024-08-16 13:31:55,88400.0,100,Buy,232370687
2024-08-16 13:31:55,88400.0,200,Buy,232370688
2024-08-16 13:31:55,88400.0,200,Buy,232370689
2024-08-16 13:31:55,88400.0,100,Buy,232370690
2024-08-16 13:32:25,88400.0,200,Sell,232372227
2024-08-16 13:32:28,88400.0,1800,Sell,232372430
2024-08-16 13:32:30,88400.0,300,Sell,232372555
2024-08-16 13:32:33,88500.0,100,Buy,232372706
2024-08-16 13:32:57,88500.0,100,Buy,232373867
2024-08-16 13:32:57,88500.0,200,Buy,232373868
2024-08-16 13:32:57,88500.0,200,Buy,232373869
2024-08-16 13:32:57,88500.0,100,Buy,232373870
2024-08-16 13:32:57,88500.0,200,Buy,232373871
2024-08-16 13:32:57,88500.0,200,Buy,232373872
2024-08-16 13:32:58,88500.0,200,Buy,232373900
2024-08-16 13:32:59,88500.0,100,Buy,232373972
2024-08-16 13:32:59,88500.0,1900,Buy,232373973
2024-08-16 13:33:05,88500.0,1400,Buy,232374240
2024-08-16 13:33:05,88500.0,100,Buy,232374241
2024-08-16 13:33:05,88500.0,500,Buy,232374242
2024-08-16 13:33:06,88400.0,100,Sell,232374307
2024-08-16 13:33:08,88500.0,3000,Buy,232374371
2024-08-16 13:33:16,88500.0,400,Buy,232374727
2024-08-16 13:33:16,88500.0,100,Buy,232374742
2024-08-16 13:33:18,88500.0,1000,Buy,232374921
2024-08-16 13:33:19,88500.0,500,Buy,232374967
2024-08-16 13:33:19,88500.0,100,Buy,232374968
2024-08-16 13:33:19,88500.0,1000,Buy,232374969
2024-08-16 13:33:19,88500.0,400,Buy,232374970
2024-08-16 13:33:21,88500.0,100,Buy,232375025
2024-08-16 13:33:21,88500.0,100,Buy,232375023
2024-08-16 13:33:21,88500.0,500,Buy,232375022
2024-08-16 13:33:21,88500.0,400,Buy,232375021
2024-08-16 13:33:21,88500.0,400,Buy,232375024
2024-08-16 13:33:21,88500.0,100,Buy,232375019
2024-08-16 13:33:21,88500.0,800,Buy,232375018
2024-08-16 13:33:21,88500.0,500,Buy,232375017
2024-08-16 13:33:21,88500.0,500,Buy,232375016
2024-08-16 13:33:21,88500.0,100,Buy,232375015
2024-08-16 13:33:21,88500.0,100,Buy,232375020
2024-08-16 13:33:22,88500.0,100,Buy,232375065
2024-08-16 13:33:22,88500.0,400,Buy,232375064
2024-08-16 13:33:22,88500.0,700,Buy,232375063
2024-08-16 13:33:22,88500.0,200,Buy,232375061
2024-08-16 13:33:22,88500.0,100,Buy,232375060
2024-08-16 13:33:22,88500.0,200,Buy,232375059
2024-08-16 13:33:22,88500.0,100,Buy,232375062
2024-08-16 13:33:28,88500.0,400,Sell,232375293
2024-08-16 13:33:46,88500.0,500,Sell,232376204
2024-08-16 13:33:47,88500.0,100,Sell,232376230
2024-08-16 13:33:47,88500.0,300,Sell,232376240
2024-08-16 13:33:58,88600.0,100,Buy,232376668
2024-08-16 13:34:24,88600.0,100,Buy,232377685
2024-08-16 13:34:24,88600.0,1900,Buy,232377682
2024-08-16 13:34:24,88600.0,2000,Buy,232377683
2024-08-16 13:34:24,88600.0,1000,Buy,232377684
2024-08-16 13:34:26,88500.0,300,Sell,232377734
2024-08-16 13:34:27,88600.0,500,Buy,232377782
2024-08-16 13:34:27,88600.0,400,Buy,232377781
2024-08-16 13:34:27,88600.0,100,Buy,232377779
2024-08-16 13:34:27,88600.0,100,Buy,232377778
2024-08-16 13:34:27,88600.0,200,Buy,232377777
2024-08-16 13:34:27,88600.0,200,Buy,232377776
2024-08-16 13:34:27,88600.0,200,Buy,232377775
2024-08-16 13:34:27,88600.0,900,Buy,232377766
2024-08-16 13:34:27,88600.0,500,Buy,232377773
2024-08-16 13:34:27,88600.0,700,Buy,232377774
2024-08-16 13:34:27,88600.0,2000,Buy,232377767
2024-08-16 13:34:27,88600.0,200,Buy,232377768
2024-08-16 13:34:27,88600.0,100,Buy,232377780
2024-08-16 13:34:27,88600.0,1000,Buy,232377770
2024-08-16 13:34:27,88600.0,100,Buy,232377771
2024-08-16 13:34:27,88600.0,100,Buy,232377772
2024-08-16 13:34:27,88600.0,100,Buy,232377769
2024-08-16 13:34:31,88600.0,500,Buy,232377912
2024-08-16 13:34:34,88600.0,100,Buy,232378014
2024-08-16 13:34:34,88600.0,200,Buy,232378013
2024-08-16 13:34:40,88700.0,100,Buy,232378232
2024-08-16 13:34:54,88700.0,100,Buy,232378816
2024-08-16 13:35:08,88600.0,100,Sell,232379561
2024-08-16 13:35:08,88600.0,100,Sell,232379564
2024-08-16 13:35:22,88700.0,100,Buy,232380244
2024-08-16 13:35:24,88600.0,400,Sell,232380298
2024-08-16 13:35:31,88600.0,600,Sell,232380552
2024-08-16 13:35:31,88600.0,100,Sell,232380551
2024-08-16 13:35:40,88600.0,600,Sell,232380846
2024-08-16 13:35:41,88700.0,100,Buy,232380898
2024-08-16 13:35:51,88600.0,1900,Sell,232381279
2024-08-16 13:35:56,88700.0,100,Buy,232381493
2024-08-16 13:35:57,88600.0,1100,Sell,232381505
2024-08-16 13:36:01,88700.0,400,Buy,232381719
2024-08-16 13:36:03,88600.0,1100,Sell,232381839
2024-08-16 13:36:05,88700.0,200,Buy,232381879
2024-08-16 13:36:05,88700.0,100,Buy,232381878
2024-08-16 13:36:05,88700.0,100,Buy,232381877
2024-08-16 13:36:05,88700.0,2000,Buy,232381876
2024-08-16 13:36:05,88700.0,100,Buy,232381875
2024-08-16 13:36:05,88700.0,1000,Buy,232381874
2024-08-16 13:36:05,88700.0,300,Buy,232381871
2024-08-16 13:36:05,88700.0,10000,Buy,232381873
2024-08-16 13:36:05,88700.0,500,Buy,232381869
2024-08-16 13:36:05,88700.0,100,Buy,232381868
2024-08-16 13:36:05,88700.0,100,Buy,232381867
2024-08-16 13:36:05,88700.0,200,Buy,232381866
2024-08-16 13:36:05,88700.0,200,Buy,232381865
2024-08-16 13:36:05,88700.0,100,Buy,232381864
2024-08-16 13:36:05,88700.0,2200,Buy,232381863
2024-08-16 13:36:05,88700.0,1600,Buy,232381870
2024-08-16 13:36:05,88700.0,3000,Buy,232381872
2024-08-16 13:36:13,88800.0,700,Buy,232382192
2024-08-16 13:36:13,88800.0,200,Buy,232382186
2024-08-16 13:36:13,88800.0,100,Buy,232382187
2024-08-16 13:36:13,88800.0,600,Buy,232382188
2024-08-16 13:36:13,88800.0,200,Buy,232382189
2024-08-16 13:36:13,88800.0,100,Buy,232382190
2024-08-16 13:36:13,88800.0,100,Buy,232382191
2024-08-16 13:36:22,88700.0,300,Sell,232382542
2024-08-16 13:36:38,88700.0,600,Sell,232383082
2024-08-16 13:36:48,88800.0,100,Buy,232383442
2024-08-16 13:36:48,88800.0,100,Buy,232383443
2024-08-16 13:36:53,88800.0,100,Buy,232383701
2024-08-16 13:36:53,88800.0,100,Buy,232383702
2024-08-16 13:36:53,88800.0,100,Buy,232383703
2024-08-16 13:36:53,88800.0,100,Buy,232383704
2024-08-16 13:36:53,88800.0,200,Buy,232383705
2024-08-16 13:36:59,88800.0,300,Buy,232383895
2024-08-16 13:36:59,88800.0,100,Buy,232383896
2024-08-16 13:36:59,88800.0,100,Buy,232383897
2024-08-16 13:37:01,88700.0,100,Sell,232384004
2024-08-16 13:37:03,88800.0,100,Buy,232384088
2024-08-16 13:37:03,88800.0,200,Buy,232384089
2024-08-16 13:37:11,88700.0,100,Sell,232384380
2024-08-16 13:37:21,88700.0,400,Sell,232384672
2024-08-16 13:37:22,88800.0,200,Buy,232384718
2024-08-16 13:37:30,88800.0,100,Buy,232384988
2024-08-16 13:37:34,88800.0,1000,Buy,232385135
2024-08-16 13:37:46,88700.0,600,Sell,232385567
2024-08-16 13:37:46,88700.0,500,Sell,232385568
2024-08-16 13:37:46,88700.0,300,Sell,232385569
2024-08-16 13:38:01,88700.0,100,Buy,232386156
2024-08-16 13:38:08,88700.0,400,Sell,232386344
2024-08-16 13:38:13,88700.0,100,Buy,232386513
2024-08-16 13:38:19,88600.0,300,Sell,232386691
2024-08-16 13:38:19,88600.0,100,Sell,232386696
2024-08-16 13:38:24,88600.0,700,Sell,232386853
2024-08-16 13:38:27,88700.0,400,Buy,232386928
2024-08-16 13:38:34,88700.0,1000,Buy,232387322
2024-08-16 13:38:38,88700.0,2600,Buy,232387466
2024-08-16 13:38:56,88700.0,100,Buy,232388100
2024-08-16 13:38:57,88700.0,100,Buy,232388130
2024-08-16 13:38:57,88700.0,100,Buy,232388131
2024-08-16 13:38:57,88700.0,400,Buy,232388129
2024-08-16 13:39:06,88700.0,500,Sell,232388514
2024-08-16 13:39:06,88600.0,2700,Sell,232388515
2024-08-16 13:39:06,88600.0,100,Sell,232388516
2024-08-16 13:39:13,88600.0,100,Sell,232388870
2024-08-16 13:39:16,88600.0,400,Sell,232388999
2024-08-16 13:39:38,88800.0,100,Buy,232389831
2024-08-16 13:39:39,88600.0,3300,Sell,232389915
2024-08-16 13:39:53,88700.0,300,Buy,232390597
2024-08-16 13:40:04,88600.0,100,Sell,232391101
2024-08-16 13:40:04,88600.0,100,Sell,232391102
2024-08-16 13:40:04,88600.0,1000,Sell,232391099
2024-08-16 13:40:04,88600.0,1100,Sell,232391098
2024-08-16 13:40:04,88600.0,1000,Sell,232391100
2024-08-16 13:40:14,88600.0,100,Sell,232391571
2024-08-16 13:40:14,88600.0,200,Sell,232391572
2024-08-16 13:40:15,88600.0,300,Sell,232391595
2024-08-16 13:40:21,88700.0,100,Buy,232391884
2024-08-16 13:40:22,88600.0,100,Sell,232391900
2024-08-16 13:40:26,88600.0,1500,Sell,232392034
2024-08-16 13:40:29,88600.0,200,Sell,232392287
2024-08-16 13:40:30,88600.0,1000,Sell,232392298
2024-08-16 13:40:34,88600.0,3300,Sell,232392467
2024-08-16 13:40:36,88600.0,500,Sell,232392564
2024-08-16 13:40:36,88600.0,1100,Sell,232392565
2024-08-16 13:40:36,88600.0,400,Sell,232392566
2024-08-16 13:40:36,88600.0,600,Sell,232392570
2024-08-16 13:40:59,88600.0,1400,Buy,232393493
2024-08-16 13:40:59,88600.0,600,Buy,232393494
2024-08-16 13:41:03,88600.0,300,Buy,232393663
2024-08-16 13:41:04,88600.0,100,Buy,232393725
2024-08-16 13:41:13,88500.0,400,Sell,232394074
2024-08-16 13:41:15,88500.0,100,Sell,232394199
2024-08-16 13:41:18,88500.0,600,Sell,232394287
2024-08-16 13:41:18,88500.0,100,Sell,232394288
2024-08-16 13:41:31,88500.0,400,Sell,232394810
2024-08-16 13:41:48,88600.0,100,Buy,232395361
2024-08-16 13:42:05,88600.0,900,Buy,232396000
2024-08-16 13:42:05,88600.0,100,Buy,232396001
2024-08-16 13:42:11,88500.0,300,Sell,232396314
2024-08-16 13:42:23,88500.0,100,Sell,232396949
2024-08-16 13:42:31,88600.0,100,Buy,232397272
2024-08-16 13:42:34,88600.0,800,Buy,232397399
2024-08-16 13:42:34,88600.0,100,Buy,232397400
2024-08-16 13:42:34,88600.0,200,Buy,232397401
2024-08-16 13:42:49,88600.0,500,Buy,232397970
2024-08-16 13:43:09,88500.0,300,Sell,232398630
2024-08-16 13:43:09,88500.0,100,Sell,232398629
2024-08-16 13:43:14,88600.0,100,Buy,232398904
2024-08-16 13:43:18,88500.0,100,Sell,232399066
2024-08-16 13:43:28,88500.0,100,Sell,232399457
2024-08-16 13:43:28,88500.0,300,Sell,232399458
2024-08-16 13:43:55,88600.0,100,Buy,232400327
2024-08-16 13:43:57,88600.0,100,Buy,232400382
2024-08-16 13:44:07,88500.0,300,Sell,232400667
2024-08-16 13:44:12,88500.0,700,Sell,232400848
2024-08-16 13:44:25,88500.0,100,Sell,232401274
2024-08-16 13:44:40,88600.0,100,Buy,232401730
2024-08-16 13:45:05,88500.0,400,Sell,232402528
2024-08-16 13:45:18,88600.0,3900,Buy,232402995
2024-08-16 13:45:18,88600.0,400,Buy,232402996
2024-08-16 13:45:20,88500.0,100,Sell,232403064
2024-08-16 13:45:24,88600.0,100,Buy,232403200
2024-08-16 13:45:34,88600.0,1100,Buy,232403795
2024-08-16 13:45:56,88600.0,500,Buy,232404467
2024-08-16 13:46:03,88500.0,300,Sell,232404884
2024-08-16 13:46:04,88600.0,2900,Buy,232404928
2024-08-16 13:46:04,88600.0,1000,Buy,232404929
2024-08-16 13:46:04,88600.0,100,Buy,232404930
2024-08-16 13:46:04,88600.0,100,Buy,232404931
2024-08-16 13:46:04,88600.0,100,Buy,232404932
2024-08-16 13:46:04,88600.0,100,Buy,232404933
2024-08-16 13:46:04,88600.0,100,Buy,232404934
2024-08-16 13:46:04,88600.0,400,Buy,232404935
2024-08-16 13:46:07,88700.0,100,Buy,232405003
2024-08-16 13:46:24,88700.0,3000,Buy,232405666
2024-08-16 13:46:35,88700.0,1000,Buy,232406073
2024-08-16 13:46:51,88700.0,100,Buy,232406782
2024-08-16 13:47:01,88600.0,200,Sell,232407086
2024-08-16 13:47:01,88600.0,200,Sell,232407085
2024-08-16 13:47:05,88600.0,700,Sell,232407231
2024-08-16 13:47:14,88700.0,400,Buy,232407556
2024-08-16 13:47:14,88700.0,700,Buy,232407557
2024-08-16 13:47:22,88600.0,100,Sell,232408016
2024-08-16 13:47:34,88700.0,100,Buy,232408528
2024-08-16 13:47:35,88700.0,1000,Buy,232408555
2024-08-16 13:47:47,88700.0,300,Buy,232409023
2024-08-16 13:47:59,88600.0,300,Sell,232409502
2024-08-16 13:48:19,88700.0,100,Buy,232410311
2024-08-16 13:48:21,88700.0,2900,Buy,232410390
2024-08-16 13:48:34,88600.0,100,Sell,232410805
2024-08-16 13:48:56,88600.0,400,Sell,232411629
2024-08-16 13:49:02,88700.0,100,Buy,232411815
2024-08-16 13:49:24,88600.0,100,Sell,232412781
2024-08-16 13:49:46,88700.0,100,Buy,232413586
2024-08-16 13:49:55,88600.0,300,Sell,232413883
2024-08-16 13:49:59,88600.0,700,Sell,232414029
2024-08-16 13:50:05,88700.0,200,Buy,232414234
2024-08-16 13:50:17,88700.0,2000,Buy,232414627
2024-08-16 13:50:17,88700.0,900,Buy,232414628
2024-08-16 13:50:30,88700.0,100,Buy,232415084
2024-08-16 13:50:35,88700.0,200,Buy,232415484
2024-08-16 13:50:35,88700.0,100,Buy,232415485
2024-08-16 13:50:35,88700.0,700,Buy,232415486
2024-08-16 13:50:38,88800.0,2000,Buy,232415750
2024-08-16 13:50:38,88800.0,100,Buy,232415749
2024-08-16 13:50:38,88800.0,1200,Buy,232415748
2024-08-16 13:50:38,88800.0,100,Buy,232415745
2024-08-16 13:50:38,88800.0,5000,Buy,232415746
2024-08-16 13:50:38,88800.0,1000,Buy,232415751
2024-08-16 13:50:38,88800.0,100,Buy,232415744
2024-08-16 13:50:38,88800.0,3000,Buy,232415747
2024-08-16 13:50:38,88800.0,100,Buy,232415760
2024-08-16 13:50:38,88800.0,100,Buy,232415764
2024-08-16 13:50:38,88800.0,1000,Buy,232415762
2024-08-16 13:50:38,88800.0,400,Buy,232415763
2024-08-16 13:50:38,88800.0,500,Buy,232415743
2024-08-16 13:50:38,88800.0,1000,Buy,232415766
2024-08-16 13:50:38,88800.0,100,Buy,232415767
2024-08-16 13:50:38,88800.0,100,Buy,232415768
2024-08-16 13:50:38,88800.0,1000,Buy,232415769
2024-08-16 13:50:38,88800.0,100,Buy,232415770
2024-08-16 13:50:38,88800.0,1100,Buy,232415761
2024-08-16 13:50:38,88800.0,2400,Buy,232415765
2024-08-16 13:50:38,88800.0,100,Buy,232415742
2024-08-16 13:50:38,88800.0,400,Buy,232415740
2024-08-16 13:50:38,88700.0,1300,Buy,232415721
2024-08-16 13:50:38,88700.0,500,Buy,232415722
2024-08-16 13:50:38,88700.0,300,Buy,232415723
2024-08-16 13:50:38,88700.0,600,Buy,232415724
2024-08-16 13:50:38,88800.0,100,Buy,232415741
2024-08-16 13:50:38,88700.0,200,Buy,232415726
2024-08-16 13:50:38,88700.0,100,Buy,232415727
2024-08-16 13:50:38,88700.0,500,Buy,232415728
2024-08-16 13:50:38,88700.0,100,Buy,232415729
2024-08-16 13:50:38,88700.0,200,Buy,232415725
2024-08-16 13:50:38,88700.0,500,Buy,232415731
2024-08-16 13:50:38,88700.0,400,Buy,232415732
2024-08-16 13:50:38,88800.0,1400,Buy,232415733
2024-08-16 13:50:38,88800.0,500,Buy,232415734
2024-08-16 13:50:38,88800.0,3000,Buy,232415735
2024-08-16 13:50:38,88800.0,100,Buy,232415736
2024-08-16 13:50:38,88800.0,500,Buy,232415737
2024-08-16 13:50:38,88800.0,200,Buy,232415738
2024-08-16 13:50:38,88800.0,200,Buy,232415739
2024-08-16 13:50:38,88700.0,200,Buy,232415730
2024-08-16 13:50:52,88800.0,400,Sell,232416270
2024-08-16 13:51:08,88800.0,500,Sell,232416993
2024-08-16 13:51:12,88800.0,100,Sell,232417094
2024-08-16 13:51:15,88900.0,100,Buy,232417153
2024-08-16 13:51:27,88800.0,100,Sell,232417602
2024-08-16 13:51:32,88900.0,100,Buy,232417786
2024-08-16 13:51:32,88900.0,100,Buy,232417787
2024-08-16 13:51:35,88900.0,200,Buy,232418035
2024-08-16 13:51:35,88900.0,100,Buy,232418034
2024-08-16 13:51:35,88900.0,100,Buy,232418033
2024-08-16 13:51:35,88900.0,100,Buy,232418030
2024-08-16 13:51:35,88900.0,200,Buy,232418031
2024-08-16 13:51:35,88900.0,100,Buy,232418032
2024-08-16 13:51:35,88900.0,200,Buy,232418029
2024-08-16 13:51:35,88900.0,100,Buy,232418028
2024-08-16 13:51:45,88800.0,1000,Sell,232418446
2024-08-16 13:51:45,88800.0,100,Sell,232418410
2024-08-16 13:51:45,88800.0,3200,Sell,232418444
2024-08-16 13:51:45,88800.0,200,Sell,232418445
2024-08-16 13:51:50,88600.0,100,Sell,232418600
2024-08-16 13:51:50,88600.0,200,Sell,232418601
2024-08-16 13:51:51,88600.0,800,Sell,232418609
2024-08-16 13:51:51,88600.0,1000,Sell,232418610
2024-08-16 13:51:51,88600.0,100,Sell,232418611
2024-08-16 13:51:51,88600.0,400,Sell,232418618
2024-08-16 13:51:51,88600.0,600,Sell,232418619
2024-08-16 13:51:51,88600.0,100,Sell,232418620
2024-08-16 13:51:51,88600.0,1100,Sell,232418643
2024-08-16 13:51:59,88800.0,100,Buy,232418920
2024-08-16 13:51:59,88800.0,100,Buy,232418932
2024-08-16 13:52:14,88800.0,2300,Buy,232419718
2024-08-16 13:52:14,88800.0,100,Buy,232419717
2024-08-16 13:52:14,88800.0,400,Buy,232419716
2024-08-16 13:52:14,88700.0,100,Buy,232419715
2024-08-16 13:52:35,88800.0,700,Buy,232420476
2024-08-16 13:52:35,88800.0,300,Buy,232420477
2024-08-16 13:52:43,88800.0,100,Buy,232420740
2024-08-16 13:52:50,88600.0,100,Sell,232421052
2024-08-16 13:52:50,88600.0,300,Sell,232421053
2024-08-16 13:53:09,88600.0,100,Sell,232421941
2024-08-16 13:53:09,88600.0,200,Sell,232421952
2024-08-16 13:53:15,88800.0,1000,Buy,232422099
2024-08-16 13:53:16,88600.0,100,Sell,232422119
2024-08-16 13:53:19,88600.0,100,Sell,232422234
2024-08-16 13:53:19,88600.0,1000,Sell,232422233
2024-08-16 13:53:19,88600.0,1000,Sell,232422223
2024-08-16 13:53:19,88600.0,100,Sell,232422222
2024-08-16 13:53:19,88600.0,1000,Sell,232422205
2024-08-16 13:53:19,88600.0,100,Sell,232422206
2024-08-16 13:53:19,88600.0,100,Sell,232422207
2024-08-16 13:53:19,88600.0,400,Sell,232422203
2024-08-16 13:53:19,88600.0,300,Sell,232422204
2024-08-16 13:53:28,88800.0,100,Buy,232422482
2024-08-16 13:53:29,88600.0,100,Sell,232422571
2024-08-16 13:53:37,88600.0,500,Sell,232422817
2024-08-16 13:53:48,88600.0,200,Sell,232423175
2024-08-16 13:53:48,88600.0,100,Sell,232423176
2024-08-16 13:54:12,88700.0,100,Buy,232424298
2024-08-16 13:54:33,88700.0,100,Buy,232425635
2024-08-16 13:54:35,88700.0,100,Buy,232425728
2024-08-16 13:54:35,88700.0,100,Buy,232425727
2024-08-16 13:54:45,88700.0,400,Sell,232426222
2024-08-16 13:54:46,88700.0,400,Sell,232426262
2024-08-16 13:54:57,88800.0,100,Buy,232426725
2024-08-16 13:55:00,88700.0,100,Sell,232426891
2024-08-16 13:55:04,88600.0,900,Sell,232427157
2024-08-16 13:55:04,88600.0,2000,Sell,232427158
2024-08-16 13:55:04,88600.0,100,Sell,232427159
2024-08-16 13:55:04,88600.0,200,Sell,232427160
2024-08-16 13:55:04,88600.0,100,Sell,232427161
2024-08-16 13:55:08,88600.0,700,Sell,232427322
2024-08-16 13:55:31,88600.0,100,Sell,232428526
2024-08-16 13:55:34,88600.0,200,Sell,232428602
2024-08-16 13:55:34,88600.0,100,Sell,232428601
2024-08-16 13:55:37,88700.0,200,Buy,232428848
2024-08-16 13:55:41,88800.0,100,Buy,232429071
2024-08-16 13:55:44,88600.0,300,Sell,232429201
2024-08-16 13:55:57,88800.0,100,Buy,232429651
2024-08-16 13:56:07,88800.0,2900,Buy,232430170
2024-08-16 13:56:10,88600.0,300,Sell,232430280
2024-08-16 13:56:22,88600.0,100,Sell,232430745
2024-08-16 13:56:22,88600.0,200,Sell,232430746
2024-08-16 13:56:23,88600.0,1800,Sell,232430763
2024-08-16 13:56:23,88600.0,1000,Sell,232430772
2024-08-16 13:56:23,88600.0,200,Sell,232430773
2024-08-16 13:56:26,88800.0,100,Buy,232430892
2024-08-16 13:56:35,88800.0,200,Buy,232431336
2024-08-16 13:56:35,88800.0,800,Buy,232431337
2024-08-16 13:56:42,88600.0,400,Sell,232431636
2024-08-16 13:57:11,88800.0,100,Buy,232432671
2024-08-16 13:57:34,88700.0,100,Sell,232433603
2024-08-16 13:57:40,88700.0,200,Sell,232433764
2024-08-16 13:57:40,88700.0,100,Sell,232433763
2024-08-16 13:57:41,88700.0,100,Sell,232433823
2024-08-16 13:57:56,88800.0,100,Buy,232434355
2024-08-16 13:58:03,88800.0,2800,Buy,232434675
2024-08-16 13:58:25,88800.0,200,Buy,232435363
2024-08-16 13:58:35,88800.0,1000,Buy,232435734
2024-08-16 13:58:35,88800.0,500,Buy,232435735
2024-08-16 13:58:38,88700.0,300,Sell,232435868
2024-08-16 13:58:42,88800.0,100,Buy,232436039
2024-08-16 13:58:47,88800.0,700,Buy,232436242
2024-08-16 13:58:52,88700.0,900,Sell,232436365
2024-08-16 13:59:27,88700.0,100,Buy,232437658
2024-08-16 13:59:31,88700.0,200,Buy,232437888
2024-08-16 13:59:36,88700.0,200,Buy,232438062
2024-08-16 13:59:36,88700.0,100,Sell,232438110
2024-08-16 13:59:36,88600.0,400,Sell,232438061
2024-08-16 13:59:36,88700.0,200,Sell,232438101
2024-08-16 13:59:36,88700.0,300,Sell,232438102
2024-08-16 14:00:01,88700.0,300,Sell,232438977
2024-08-16 14:00:13,88800.0,100,Buy,232439420
2024-08-16 14:00:20,88700.0,300,Sell,232439729
2024-08-16 14:00:20,88700.0,2700,Sell,232439730
2024-08-16 14:00:24,88700.0,100,Sell,232439915
2024-08-16 14:00:24,88700.0,200,Sell,232439926
2024-08-16 14:00:43,88700.0,100,Sell,232440567
2024-08-16 14:00:58,88800.0,100,Buy,232441224
2024-08-16 14:01:35,88800.0,1500,Buy,232442330
2024-08-16 14:01:44,88800.0,100,Buy,232442671
2024-08-16 14:01:56,88800.0,200,Buy,232443074
2024-08-16 14:01:56,88800.0,200,Buy,232443072
2024-08-16 14:01:56,88800.0,500,Buy,232443073
2024-08-16 14:01:56,88800.0,1900,Buy,232443071
2024-08-16 14:02:20,88800.0,200,Buy,232444014
2024-08-16 14:02:30,88800.0,100,Buy,232444327
2024-08-16 14:02:35,88800.0,200,Buy,232444519
2024-08-16 14:02:35,88800.0,400,Buy,232444520
2024-08-16 14:02:35,88800.0,500,Buy,232444521
2024-08-16 14:02:35,88800.0,100,Buy,232444522
2024-08-16 14:02:35,88800.0,200,Buy,232444523
2024-08-16 14:02:43,88700.0,200,Sell,232444852
2024-08-16 14:02:46,88700.0,100,Sell,232444963
2024-08-16 14:03:00,88700.0,100,Sell,232445422
2024-08-16 14:03:16,88800.0,200,Buy,232446029
2024-08-16 14:03:17,88800.0,100,Buy,232446064
2024-08-16 14:03:35,88800.0,500,Buy,232446713
2024-08-16 14:03:35,88800.0,500,Buy,232446712
2024-08-16 14:03:35,88800.0,200,Buy,232446708
2024-08-16 14:03:35,88800.0,100,Buy,232446710
2024-08-16 14:03:35,88800.0,100,Buy,232446711
2024-08-16 14:03:35,88800.0,100,Buy,232446709
2024-08-16 14:03:53,88800.0,400,Buy,232447402
2024-08-16 14:03:53,88800.0,1000,Buy,232447401
2024-08-16 14:03:53,88800.0,500,Buy,232447397
2024-08-16 14:03:53,88800.0,200,Buy,232447399
2024-08-16 14:03:53,88800.0,100,Buy,232447398
2024-08-16 14:03:53,88800.0,700,Buy,232447400
2024-08-16 14:04:03,88800.0,100,Buy,232447714
2024-08-16 14:04:07,88800.0,200,Buy,232447874
2024-08-16 14:04:23,88800.0,700,Buy,232448433
2024-08-16 14:04:23,88800.0,100,Buy,232448431
2024-08-16 14:04:23,88800.0,1000,Buy,232448432
2024-08-16 14:04:23,88800.0,100,Buy,232448428
2024-08-16 14:04:23,88800.0,100,Buy,232448427
2024-08-16 14:04:23,88800.0,200,Buy,232448426
2024-08-16 14:04:23,88800.0,100,Buy,232448429
2024-08-16 14:04:23,88800.0,700,Buy,232448430
2024-08-16 14:04:35,88800.0,1300,Buy,232448996
2024-08-16 14:04:35,88800.0,100,Buy,232448997
2024-08-16 14:04:50,88800.0,100,Buy,232449599
2024-08-16 14:05:35,88800.0,800,Buy,232451193
2024-08-16 14:05:35,88800.0,100,Buy,232451194
2024-08-16 14:05:35,88800.0,400,Buy,232451195
2024-08-16 14:05:35,88800.0,100,Buy,232451196
2024-08-16 14:05:36,88800.0,100,Buy,232451226
2024-08-16 14:05:49,88800.0,800,Buy,232451599
2024-08-16 14:05:49,88800.0,1300,Buy,232451597
2024-08-16 14:05:49,88800.0,700,Buy,232451598
2024-08-16 14:06:23,88800.0,100,Buy,232452684
2024-08-16 14:06:35,88800.0,100,Buy,232452999
2024-08-16 14:06:35,88800.0,700,Buy,232453000
2024-08-16 14:06:35,88800.0,400,Buy,232453001
2024-08-16 14:06:35,88800.0,200,Buy,232453002
2024-08-16 14:06:35,88800.0,100,Buy,232453003
2024-08-16 14:07:10,88900.0,100,Buy,232454455
2024-08-16 14:07:35,88800.0,500,Buy,232455322
2024-08-16 14:07:35,88900.0,900,Buy,232455323
2024-08-16 14:07:43,88700.0,200,Sell,232455522
2024-08-16 14:07:50,88700.0,500,Sell,232455682
2024-08-16 14:07:57,88800.0,100,Buy,232455989
2024-08-16 14:08:36,88800.0,1400,Buy,232457200
2024-08-16 14:08:42,88800.0,2000,Buy,232457377
2024-08-16 14:08:45,88800.0,100,Buy,232457486
2024-08-16 14:09:01,88800.0,500,Buy,232457950
2024-08-16 14:09:27,88700.0,500,Sell,232458897
2024-08-16 14:09:27,88700.0,900,Sell,232458898
2024-08-16 14:09:27,88700.0,1100,Sell,232458899
2024-08-16 14:09:33,88800.0,100,Buy,232459137
2024-08-16 14:09:36,88800.0,800,Buy,232459204
2024-08-16 14:09:36,88800.0,400,Buy,232459205
2024-08-16 14:09:36,88800.0,100,Buy,232459206
2024-08-16 14:09:36,88800.0,100,Buy,232459207
2024-08-16 14:09:36,88800.0,100,Buy,232459208
2024-08-16 14:09:42,88800.0,100,Buy,232459347
2024-08-16 14:09:42,88800.0,2800,Buy,232459348
2024-08-16 14:10:06,88800.0,1000,Buy,232460160
2024-08-16 14:10:21,88800.0,100,Buy,232460611
2024-08-16 14:10:32,88800.0,100,Buy,232460927
2024-08-16 14:10:36,88800.0,1000,Buy,232461017
2024-08-16 14:10:36,88800.0,100,Buy,232461018
2024-08-16 14:10:36,88800.0,100,Buy,232461019
2024-08-16 14:10:36,88800.0,200,Buy,232461020
2024-08-16 14:10:58,88700.0,300,Sell,232461706
2024-08-16 14:11:06,88700.0,100,Sell,232461968
2024-08-16 14:11:09,88800.0,100,Buy,232462073
2024-08-16 14:11:11,88700.0,500,Sell,232462134
2024-08-16 14:11:37,88700.0,100,Sell,232463072
2024-08-16 14:11:40,88800.0,100,Buy,232463191
2024-08-16 14:11:58,88800.0,100,Buy,232463908
2024-08-16 14:12:06,88800.0,600,Buy,232464188
2024-08-16 14:12:06,88800.0,1000,Buy,232464187
2024-08-16 14:12:06,88800.0,1000,Buy,232464186
2024-08-16 14:12:06,88800.0,200,Buy,232464184
2024-08-16 14:12:06,88800.0,500,Buy,232464185
2024-08-16 14:12:08,88700.0,100,Sell,232464293
2024-08-16 14:12:22,88700.0,300,Sell,232464739
2024-08-16 14:12:23,88700.0,400,Sell,232464765
2024-08-16 14:12:46,88700.0,1200,Sell,232465422
2024-08-16 14:12:47,88800.0,100,Buy,232465466
2024-08-16 14:13:13,88700.0,800,Sell,232466380
2024-08-16 14:13:21,88700.0,100,Sell,232466585
2024-08-16 14:13:36,88800.0,100,Buy,232467013
2024-08-16 14:13:47,88700.0,100,Sell,232467468
2024-08-16 14:13:50,88700.0,1300,Sell,232467611
2024-08-16 14:13:50,88700.0,300,Sell,232467609
2024-08-16 14:13:50,88700.0,100,Sell,232467610
2024-08-16 14:13:50,88700.0,800,Sell,232467607
2024-08-16 14:13:50,88700.0,100,Sell,232467606
2024-08-16 14:13:50,88700.0,300,Sell,232467605
2024-08-16 14:13:50,88700.0,100,Sell,232467608
2024-08-16 14:14:01,88700.0,200,Sell,232467857
2024-08-16 14:14:01,88700.0,300,Sell,232467865
2024-08-16 14:14:15,88700.0,500,Sell,232468399
2024-08-16 14:14:26,88800.0,100,Buy,232468738
2024-08-16 14:14:36,88800.0,500,Buy,232469031
2024-08-16 14:14:36,88800.0,900,Buy,232469030
2024-08-16 14:14:36,88800.0,100,Buy,232469029
2024-08-16 14:14:38,88700.0,500,Sell,232469085
2024-08-16 14:15:10,88700.0,500,Sell,232470117
2024-08-16 14:15:10,88800.0,300,Buy,232470122
2024-08-16 14:15:16,88800.0,100,Buy,232470289
2024-08-16 14:15:32,88800.0,700,Buy,232470804
2024-08-16 14:15:32,88800.0,100,Buy,232470803
2024-08-16 14:15:32,88800.0,1000,Buy,232470800
2024-08-16 14:15:32,88800.0,200,Buy,232470801
2024-08-16 14:15:32,88800.0,100,Buy,232470799
2024-08-16 14:15:32,88800.0,700,Buy,232470802
2024-08-16 14:15:36,88800.0,300,Buy,232470952
2024-08-16 14:15:36,88800.0,100,Buy,232470953
2024-08-16 14:15:36,88800.0,1000,Buy,232470954
2024-08-16 14:16:05,88700.0,1000,Sell,232472120
2024-08-16 14:16:07,88800.0,100,Buy,232472160
2024-08-16 14:16:12,88700.0,1400,Sell,232472327
2024-08-16 14:16:12,88700.0,100,Sell,232472328
2024-08-16 14:16:12,88700.0,2800,Sell,232472329
2024-08-16 14:16:12,88700.0,1400,Sell,232472330
2024-08-16 14:16:12,88700.0,4300,Sell,232472331
2024-08-16 14:16:19,88700.0,500,Sell,232472517
2024-08-16 14:16:47,88700.0,100,Sell,232473529
2024-08-16 14:16:47,88700.0,300,Sell,232473528
2024-08-16 14:16:58,88800.0,100,Buy,232473939
2024-08-16 14:17:06,88700.0,500,Sell,232474225
2024-08-16 14:17:18,88800.0,800,Buy,232474657
2024-08-16 14:17:18,88800.0,2500,Buy,232474658
2024-08-16 14:17:28,88800.0,2200,Buy,232474938
2024-08-16 14:17:28,88800.0,700,Buy,232474939
2024-08-16 14:17:36,88800.0,300,Buy,232475165
2024-08-16 14:17:36,88800.0,1100,Buy,232475166
2024-08-16 14:17:50,88800.0,100,Buy,232475587
2024-08-16 14:18:02,88800.0,2800,Buy,232475966
2024-08-16 14:18:02,88800.0,500,Buy,232475967
2024-08-16 14:18:06,88700.0,500,Sell,232476101
2024-08-16 14:18:17,88700.0,200,Sell,232476597
2024-08-16 14:18:25,88700.0,200,Sell,232476873
2024-08-16 14:18:31,88800.0,100,Buy,232477042
2024-08-16 14:18:32,88700.0,300,Sell,232477059
2024-08-16 14:18:34,88700.0,500,Sell,232477120
2024-08-16 14:18:35,88700.0,200,Sell,232477149
2024-08-16 14:18:35,88700.0,2200,Sell,232477150
2024-08-16 14:18:35,88700.0,200,Sell,232477151
2024-08-16 14:18:35,88700.0,400,Sell,232477152
2024-08-16 14:18:40,88800.0,100,Buy,232477285
2024-08-16 14:18:42,88700.0,600,Sell,232477419
2024-08-16 14:18:42,88700.0,3200,Sell,232477420
2024-08-16 14:18:47,88700.0,500,Sell,232477621
2024-08-16 14:18:50,88700.0,100,Sell,232477740
2024-08-16 14:18:52,88700.0,600,Sell,232477806
2024-08-16 14:18:52,88700.0,100,Sell,232477807
2024-08-16 14:19:03,88700.0,500,Sell,232478354
2024-08-16 14:19:09,88700.0,100,Sell,232478521
2024-08-16 14:19:09,88700.0,400,Sell,232478520
2024-08-16 14:19:15,88700.0,500,Sell,232478768
2024-08-16 14:19:26,88700.0,500,Sell,232479463
2024-08-16 14:19:33,88800.0,100,Buy,232480106
2024-08-16 14:19:36,88800.0,200,Buy,232480217
2024-08-16 14:19:36,88800.0,500,Buy,232480218
2024-08-16 14:19:36,88800.0,300,Buy,232480219
2024-08-16 14:19:36,88800.0,500,Buy,232480220
2024-08-16 14:19:38,88700.0,300,Sell,232480364
2024-08-16 14:19:38,88700.0,300,Sell,232480365
2024-08-16 14:19:38,88700.0,200,Sell,232480366
2024-08-16 14:19:38,88700.0,200,Sell,232480367
2024-08-16 14:20:00,88700.0,500,Sell,232481068
2024-08-16 14:20:10,88700.0,1000,Sell,232481366
2024-08-16 14:20:14,88700.0,500,Sell,232481502
2024-08-16 14:20:19,88700.0,500,Sell,232481660
2024-08-16 14:20:27,88800.0,100,Buy,232481883
2024-08-16 14:20:36,88800.0,100,Buy,232482210
2024-08-16 14:20:37,88800.0,100,Buy,232482264
2024-08-16 14:20:46,88700.0,100,Sell,232482630
2024-08-16 14:20:46,88700.0,200,Sell,232482631
2024-08-16 14:20:50,88700.0,2000,Sell,232482761
2024-08-16 14:20:53,88700.0,500,Sell,232482893
2024-08-16 14:21:04,88700.0,1000,Sell,232483299
2024-08-16 14:21:12,88700.0,400,Sell,232483527
2024-08-16 14:21:14,88800.0,2200,Buy,232483697
2024-08-16 14:21:20,88800.0,100,Buy,232484063
2024-08-16 14:21:22,88800.0,2800,Buy,232484123
2024-08-16 14:21:36,88700.0,500,Sell,232484681
2024-08-16 14:21:36,88700.0,100,Sell,232484682
2024-08-16 14:21:37,88800.0,2200,Buy,232484712
2024-08-16 14:21:52,88700.0,100,Sell,232485255
2024-08-16 14:21:52,88700.0,500,Sell,232485254
2024-08-16 14:21:54,88600.0,100,Sell,232485300
2024-08-16 14:21:54,88600.0,100,Sell,232485301
2024-08-16 14:22:01,88700.0,500,Buy,232485553
2024-08-16 14:22:02,88800.0,2000,Buy,232485559
2024-08-16 14:22:05,88600.0,100,Sell,232485673
2024-08-16 14:22:05,88600.0,100,Sell,232485674
2024-08-16 14:22:09,88600.0,100,Sell,232485779
2024-08-16 14:22:10,88700.0,100,Buy,232485828
2024-08-16 14:22:11,88800.0,3000,Buy,232485853
2024-08-16 14:22:14,88800.0,100,Buy,232486036
2024-08-16 14:22:39,88700.0,500,Sell,232486960
2024-08-16 14:23:06,88700.0,100,Sell,232487842
2024-08-16 14:23:07,88800.0,100,Buy,232487883
2024-08-16 14:23:18,88800.0,2900,Buy,232488297
2024-08-16 14:23:24,88700.0,500,Sell,232488473
2024-08-16 14:23:39,88700.0,500,Sell,232488982
2024-08-16 14:23:54,88700.0,500,Sell,232489518
2024-08-16 14:24:00,88700.0,100,Sell,232489766
2024-08-16 14:24:00,88700.0,900,Sell,232489767
2024-08-16 14:24:01,88700.0,700,Sell,232489851
2024-08-16 14:24:01,88700.0,100,Sell,232489852
2024-08-16 14:24:01,88700.0,200,Sell,232489853
2024-08-16 14:24:05,88700.0,1000,Sell,232490015
2024-08-16 14:24:09,88800.0,100,Buy,232490151
2024-08-16 14:24:27,88700.0,100,Sell,232490797
2024-08-16 14:24:36,88700.0,500,Sell,232491052
2024-08-16 14:25:10,88700.0,400,Sell,232492296
2024-08-16 14:25:10,88700.0,100,Sell,232492297
2024-08-16 14:25:13,88800.0,100,Buy,232492391
2024-08-16 14:25:24,88700.0,300,Sell,232492857
2024-08-16 14:25:24,88700.0,600,Sell,232492856
2024-08-16 14:25:24,88700.0,100,Sell,232492855
2024-08-16 14:25:27,88700.0,500,Sell,232492962
2024-08-16 14:25:36,88800.0,1400,Buy,232493305
2024-08-16 14:25:36,88700.0,400,Sell,232493331
2024-08-16 14:25:55,88700.0,100,Sell,232494141
2024-08-16 14:25:55,88700.0,400,Sell,232494142
2024-08-16 14:26:03,88700.0,1000,Sell,232494479
2024-08-16 14:26:06,88700.0,100,Sell,232494609
2024-08-16 14:26:10,88700.0,500,Sell,232494716
2024-08-16 14:26:22,88700.0,500,Sell,232495248
2024-08-16 14:26:36,88700.0,300,Sell,232495781
2024-08-16 14:26:38,88700.0,100,Buy,232495826
2024-08-16 14:26:39,88700.0,400,Buy,232495845
2024-08-16 14:26:47,88700.0,100,Buy,232496122
2024-08-16 14:27:05,88600.0,500,Sell,232496909
2024-08-16 14:28:04,88600.0,100,Sell,232499514
2024-08-16 14:28:06,88700.0,100,Buy,232499600
2024-08-16 14:28:07,88700.0,2900,Buy,232499687
2024-08-16 14:28:10,88700.0,100,Sell,232499896
2024-08-16 14:28:17,88600.0,100,Sell,232500176
2024-08-16 14:28:20,88600.0,1000,Sell,232500258
2024-08-16 14:28:29,88600.0,100,Sell,232500724
2024-08-16 14:28:35,88600.0,100,Sell,232501035
2024-08-16 14:28:51,88600.0,100,Sell,232501700
2024-08-16 14:28:51,88600.0,100,Sell,232501714
2024-08-16 14:28:56,88600.0,100,Sell,232501959
2024-08-16 14:28:58,88600.0,400,Sell,232502149
2024-08-16 14:29:13,88700.0,100,Buy,232502970
2024-08-16 14:29:34,88700.0,500,Sell,232504278
2024-08-16 14:44:38,88100.0,341300,ATO/ATC,232505686
