time,price,volume,match_type,id
2024-07-24 09:14:39,87400.0,11100,ATO/ATC,225854144
2024-07-24 09:15:34,87400.0,500,Sell,225856370
2024-07-24 09:15:38,87400.0,900,Sell,225856597
2024-07-24 09:15:48,87500.0,100,Buy,225856972
2024-07-24 09:15:53,87500.0,1300,Buy,225857152
2024-07-24 09:15:53,87500.0,500,Buy,225857151
2024-07-24 09:15:54,87400.0,4500,Sell,225857216
2024-07-24 09:15:56,87400.0,500,Sell,225857311
2024-07-24 09:15:59,87400.0,100,Sell,225857437
2024-07-24 09:16:06,87400.0,2000,Sell,225857649
2024-07-24 09:16:37,87400.0,4000,Sell,225858996
2024-07-24 09:16:52,87400.0,100,Sell,225859486
2024-07-24 09:17:12,87500.0,100,Buy,225860414
2024-07-24 09:17:24,87500.0,600,Buy,225860908
2024-07-24 09:17:24,87500.0,100,Buy,225860909
2024-07-24 09:17:24,87500.0,500,Buy,225860910
2024-07-24 09:17:26,87500.0,200,Buy,225861084
2024-07-24 09:17:26,87700.0,100,Buy,225861085
2024-07-24 09:17:26,87500.0,1200,Buy,225861082
2024-07-24 09:17:26,87500.0,400,Buy,225861083
2024-07-24 09:17:40,87700.0,800,Buy,225861734
2024-07-24 09:17:40,87700.0,100,Buy,225861735
2024-07-24 09:17:40,87700.0,1300,Sell,225861802
2024-07-24 09:17:42,87800.0,1500,Buy,225861899
2024-07-24 09:17:42,87800.0,800,Buy,225861900
2024-07-24 09:17:44,87700.0,800,Sell,225862023
2024-07-24 09:17:44,87400.0,200,Sell,225862025
2024-07-24 09:17:59,88000.0,100,Buy,225862676
2024-07-24 09:17:59,88000.0,100,Buy,225862675
2024-07-24 09:17:59,88000.0,1000,Buy,225862674
2024-07-24 09:17:59,87900.0,200,Buy,225862673
2024-07-24 09:17:59,87800.0,200,Buy,225862672
2024-07-24 09:18:07,88000.0,900,Buy,225863052
2024-07-24 09:18:07,88000.0,2000,Buy,225863053
2024-07-24 09:18:07,88000.0,100,Buy,225863054
2024-07-24 09:18:17,87900.0,1600,Buy,225863517
2024-07-24 09:18:32,87700.0,500,Sell,225864242
2024-07-24 09:18:32,87900.0,400,Buy,225864292
2024-07-24 09:18:32,87900.0,2600,Buy,225864293
2024-07-24 09:18:35,87900.0,2000,Buy,225864468
2024-07-24 09:18:52,87900.0,3000,Buy,225865247
2024-07-24 09:18:55,87900.0,100,Buy,225865385
2024-07-24 09:18:55,87900.0,100,Buy,225865384
2024-07-24 09:19:14,88000.0,1000,Buy,225866300
2024-07-24 09:19:15,88000.0,5100,Buy,225866365
2024-07-24 09:19:15,88000.0,100,Buy,225866364
2024-07-24 09:19:15,88000.0,100,Buy,225866363
2024-07-24 09:19:15,88000.0,2000,Buy,225866362
2024-07-24 09:19:15,88000.0,900,Buy,225866361
2024-07-24 09:19:15,88000.0,500,Buy,225866358
2024-07-24 09:19:15,88000.0,2400,Buy,225866359
2024-07-24 09:19:15,88000.0,300,Buy,225866360
2024-07-24 09:19:15,88000.0,2000,Buy,225866355
2024-07-24 09:19:15,88000.0,100,Buy,225866357
2024-07-24 09:19:15,88000.0,2000,Buy,225866356
2024-07-24 09:19:35,87900.0,200,Sell,225867265
2024-07-24 09:20:03,87900.0,800,Sell,225868421
2024-07-24 09:20:03,87900.0,3000,Sell,225868422
2024-07-24 09:22:03,87800.0,100,Buy,225872680
2024-07-24 09:23:09,87700.0,100,Buy,225875009
2024-07-24 09:24:40,87600.0,100,Sell,225878235
2024-07-24 09:25:55,87600.0,100,Sell,225881129
2024-07-24 09:25:55,87600.0,1000,Sell,225881130
2024-07-24 09:25:55,87600.0,100,Sell,225881131
2024-07-24 09:26:04,87500.0,7200,Sell,225881424
2024-07-24 09:26:48,87500.0,800,Sell,225883011
2024-07-24 09:26:53,87500.0,800,Sell,225883200
2024-07-24 09:27:38,87600.0,1600,Buy,225885007
2024-07-24 09:27:52,87600.0,100,Buy,225885474
2024-07-24 09:28:00,87600.0,500,Buy,225885731
2024-07-24 09:28:00,87600.0,200,Buy,225885732
2024-07-24 09:28:00,87600.0,200,Buy,225885733
2024-07-24 09:28:00,87600.0,2100,Buy,225885730
2024-07-24 09:28:53,87600.0,1600,Sell,225887543
2024-07-24 09:28:53,87600.0,3000,Sell,225887544
2024-07-24 09:28:53,87600.0,3000,Sell,225887545
2024-07-24 09:28:54,87600.0,3000,Buy,225887560
2024-07-24 09:29:00,87500.0,2000,Sell,225887808
2024-07-24 09:29:13,87500.0,1500,Sell,225888255
2024-07-24 09:29:29,87600.0,1400,Buy,225888752
2024-07-24 09:30:42,87700.0,100,Buy,225891177
2024-07-24 09:30:42,87700.0,900,Buy,225891178
2024-07-24 09:30:57,87700.0,100,Buy,225891890
2024-07-24 09:30:57,87700.0,900,Buy,225891891
2024-07-24 09:31:43,87700.0,800,Buy,225893148
2024-07-24 09:31:43,87700.0,200,Buy,225893149
2024-07-24 09:32:21,87800.0,2200,Buy,225894392
2024-07-24 09:32:21,87700.0,800,Buy,225894391
2024-07-24 09:32:37,87800.0,100,Buy,225894943
2024-07-24 09:32:37,87800.0,2700,Buy,225894940
2024-07-24 09:32:37,87800.0,100,Buy,225894941
2024-07-24 09:32:37,87800.0,100,Buy,225894942
2024-07-24 09:32:46,87600.0,200,Sell,225895247
2024-07-24 09:33:27,87600.0,200,Sell,225896174
2024-07-24 09:33:37,87600.0,1200,Sell,225896386
2024-07-24 09:33:37,87600.0,3800,Sell,225896387
2024-07-24 09:33:45,87500.0,1600,Sell,225896611
2024-07-24 09:33:45,87500.0,3000,Sell,225896610
2024-07-24 09:33:45,87500.0,100,Sell,225896608
2024-07-24 09:33:45,87500.0,100,Sell,225896607
2024-07-24 09:33:45,87500.0,100,Sell,225896606
2024-07-24 09:33:45,87500.0,1000,Sell,225896605
2024-07-24 09:33:45,87500.0,100,Sell,225896604
2024-07-24 09:33:45,87500.0,200,Sell,225896603
2024-07-24 09:33:45,87500.0,3000,Sell,225896609
2024-07-24 09:33:45,87600.0,3000,Sell,225896601
2024-07-24 09:33:45,87600.0,6000,Sell,225896597
2024-07-24 09:33:45,87600.0,3000,Sell,225896596
2024-07-24 09:33:45,87600.0,100,Sell,225896595
2024-07-24 09:33:45,87600.0,100,Sell,225896594
2024-07-24 09:33:45,87600.0,1200,Sell,225896591
2024-07-24 09:33:45,87600.0,3000,Sell,225896593
2024-07-24 09:33:45,87600.0,3000,Sell,225896592
2024-07-24 09:33:45,87500.0,1400,Sell,225896602
2024-07-24 09:34:35,87700.0,1000,Sell,225897877
2024-07-24 09:35:00,87800.0,1800,Buy,225898540
2024-07-24 09:35:00,87800.0,100,Buy,225898539
2024-07-24 09:35:00,87800.0,400,Buy,225898537
2024-07-24 09:35:00,87800.0,100,Buy,225898536
2024-07-24 09:35:00,87800.0,600,Buy,225898538
2024-07-24 09:35:12,87800.0,3000,Buy,225898911
2024-07-24 09:35:15,87800.0,200,Buy,225899016
2024-07-24 09:35:15,87800.0,100,Buy,225899017
2024-07-24 09:35:15,87800.0,500,Buy,225899018
2024-07-24 09:35:17,87800.0,100,Sell,225899083
2024-07-24 09:36:04,87900.0,100,Buy,225900282
2024-07-24 09:36:34,87800.0,300,Sell,225901012
2024-07-24 09:36:34,87800.0,500,Sell,225901013
2024-07-24 09:36:35,87900.0,800,Buy,225901043
2024-07-24 09:36:35,87900.0,100,Buy,225901042
2024-07-24 09:36:35,87900.0,500,Buy,225901041
2024-07-24 09:36:35,87900.0,100,Buy,225901038
2024-07-24 09:36:35,87900.0,900,Buy,225901039
2024-07-24 09:36:35,87900.0,400,Buy,225901040
2024-07-24 09:36:35,87800.0,2200,Buy,225901037
2024-07-24 09:37:55,87900.0,1200,Buy,225903127
2024-07-24 09:37:55,87900.0,600,Buy,225903128
2024-07-24 09:37:55,87900.0,1200,Buy,225903126
2024-07-24 09:38:17,87900.0,200,Buy,225903644
2024-07-24 09:38:17,87900.0,2000,Buy,225903645
2024-07-24 09:38:17,87900.0,800,Buy,225903646
2024-07-24 09:39:34,87800.0,600,Buy,225905579
2024-07-24 09:39:34,87900.0,200,Buy,225905580
2024-07-24 09:39:34,87900.0,2200,Buy,225905581
2024-07-24 09:39:41,87900.0,3800,Buy,225905726
2024-07-24 09:39:41,87900.0,1000,Buy,225905727
2024-07-24 09:39:41,87900.0,200,Buy,225905728
2024-07-24 09:40:49,87900.0,1800,Buy,225907469
2024-07-24 09:40:49,87900.0,200,Buy,225907470
2024-07-24 09:40:49,87900.0,800,Buy,225907467
2024-07-24 09:40:49,87900.0,100,Buy,225907468
2024-07-24 09:41:01,87900.0,100,Sell,225907750
2024-07-24 09:42:00,87900.0,5000,Buy,225909220
2024-07-24 09:43:31,87900.0,100,Buy,225911437
2024-07-24 09:43:34,87900.0,100,Buy,225911464
2024-07-24 09:43:34,87900.0,300,Buy,225911465
2024-07-24 09:43:34,87900.0,600,Buy,225911466
2024-07-24 09:44:25,87800.0,1000,Sell,225912725
2024-07-24 09:44:33,87800.0,100,Sell,225912860
2024-07-24 09:44:33,87900.0,1200,Buy,225912859
2024-07-24 09:44:33,87900.0,300,Buy,225912856
2024-07-24 09:44:33,87900.0,200,Buy,225912857
2024-07-24 09:44:33,87900.0,2800,Buy,225912855
2024-07-24 09:44:33,87900.0,500,Buy,225912858
2024-07-24 09:44:36,87800.0,1900,Sell,225912940
2024-07-24 09:44:36,87800.0,2900,Sell,225912941
2024-07-24 09:44:52,87900.0,3000,Buy,225913265
2024-07-24 09:45:03,88000.0,14100,Buy,225913514
2024-07-24 09:45:03,87900.0,100,Buy,225913513
2024-07-24 09:45:03,87900.0,300,Buy,225913512
2024-07-24 09:45:05,87800.0,300,Sell,225913549
2024-07-24 09:45:59,87700.0,200,Sell,225914874
2024-07-24 09:47:24,87900.0,5000,Buy,225916936
2024-07-24 09:47:59,87900.0,3000,Buy,225917878
2024-07-24 09:48:26,87900.0,3000,Buy,225918718
2024-07-24 09:50:04,87900.0,3000,Buy,225921206
2024-07-24 09:50:17,87900.0,1000,Buy,225921555
2024-07-24 09:50:17,87900.0,100,Buy,225921556
2024-07-24 09:50:17,87900.0,200,Buy,225921557
2024-07-24 09:50:17,87900.0,500,Buy,225921558
2024-07-24 09:50:17,87900.0,100,Buy,225921559
2024-07-24 09:50:17,87900.0,500,Buy,225921560
2024-07-24 09:50:17,87900.0,200,Buy,225921561
2024-07-24 09:50:17,87900.0,400,Buy,225921562
2024-07-24 09:50:33,87800.0,1000,Sell,225922006
2024-07-24 09:50:33,87800.0,1000,Sell,225922007
2024-07-24 09:50:41,87800.0,3000,Buy,225922243
2024-07-24 09:51:09,87900.0,1600,Buy,225923027
2024-07-24 09:51:09,87900.0,1400,Buy,225923028
2024-07-24 09:51:21,87900.0,3000,Buy,225923380
2024-07-24 09:51:48,87800.0,100,Buy,225924050
2024-07-24 09:52:33,87800.0,2100,Sell,225925298
2024-07-24 09:52:33,87800.0,900,Sell,225925297
2024-07-24 09:52:36,87800.0,100,Sell,225925389
2024-07-24 09:53:11,87800.0,1000,Sell,225926601
2024-07-24 09:53:11,87800.0,100,Sell,225926602
2024-07-24 09:53:11,87700.0,200,Sell,225926603
2024-07-24 09:53:11,87800.0,800,Sell,225926600
2024-07-24 09:53:22,87700.0,100,Sell,225927044
2024-07-24 09:53:25,87700.0,200,Sell,225927119
2024-07-24 09:54:00,87700.0,6300,Sell,225928459
2024-07-24 09:54:00,87700.0,1400,Sell,225928461
2024-07-24 09:54:00,87700.0,1000,Sell,225928460
2024-07-24 09:54:29,87800.0,100,Sell,225929607
2024-07-24 09:54:30,87800.0,100,Sell,225929673
2024-07-24 09:54:50,87800.0,2000,Sell,225930236
2024-07-24 09:55:05,87800.0,500,Sell,225930618
2024-07-24 09:55:09,87800.0,300,Sell,225930789
2024-07-24 09:55:09,87800.0,100,Sell,225930790
2024-07-24 09:55:46,87700.0,1000,Sell,225931862
2024-07-24 09:56:01,87900.0,400,Buy,225932359
2024-07-24 09:56:01,87800.0,1200,Buy,225932358
2024-07-24 09:56:09,87900.0,2700,Buy,225932690
2024-07-24 09:56:09,87900.0,200,Buy,225932688
2024-07-24 09:56:09,87900.0,100,Buy,225932689
2024-07-24 09:56:42,87900.0,300,Buy,225933611
2024-07-24 09:56:42,87900.0,1000,Buy,225933612
2024-07-24 09:56:42,87900.0,400,Buy,225933613
2024-07-24 09:56:42,87900.0,100,Buy,225933614
2024-07-24 09:56:42,87900.0,1200,Buy,225933615
2024-07-24 09:57:04,87900.0,600,Buy,225934304
2024-07-24 09:57:04,87900.0,100,Buy,225934305
2024-07-24 09:57:04,87900.0,400,Buy,225934306
2024-07-24 09:57:04,87900.0,500,Buy,225934307
2024-07-24 09:57:04,87900.0,1000,Buy,225934308
2024-07-24 09:57:14,87900.0,100,Sell,225934740
2024-07-24 09:57:21,87900.0,100,Sell,225935024
2024-07-24 09:57:23,87900.0,200,Sell,225935063
2024-07-24 09:57:23,87900.0,100,Sell,225935064
2024-07-24 09:57:59,88000.0,400,Buy,225936486
2024-07-24 09:57:59,88000.0,100,Buy,225936485
2024-07-24 09:57:59,87900.0,1000,Buy,225936483
2024-07-24 09:57:59,88000.0,800,Buy,225936484
2024-07-24 09:57:59,87900.0,700,Buy,225936482
2024-07-24 09:58:56,87800.0,1600,Buy,225938625
2024-07-24 09:59:23,87800.0,1000,Buy,225939601
2024-07-24 09:59:32,87800.0,100,Buy,225939897
2024-07-24 10:00:04,87700.0,100,Sell,225941451
2024-07-24 10:00:34,87700.0,100,Sell,225943048
2024-07-24 10:01:03,87700.0,100,Sell,225944202
2024-07-24 10:01:23,87700.0,500,Sell,225945516
2024-07-24 10:01:23,87700.0,1000,Sell,225945515
2024-07-24 10:01:26,87700.0,1000,Sell,225945592
2024-07-24 10:01:26,87700.0,3000,Sell,225945593
2024-07-24 10:01:26,87700.0,1000,Sell,225945594
2024-07-24 10:01:26,87700.0,200,Sell,225945595
2024-07-24 10:01:26,87700.0,2000,Sell,225945596
2024-07-24 10:01:26,87700.0,2500,Sell,225945591
2024-07-24 10:01:53,87600.0,500,Sell,225947035
2024-07-24 10:02:05,87700.0,1600,Buy,225947829
2024-07-24 10:02:23,87600.0,200,Sell,225948964
2024-07-24 10:02:30,87600.0,400,Sell,225949568
2024-07-24 10:02:35,87600.0,1000,Sell,225949940
2024-07-24 10:02:35,87600.0,1000,Sell,225949939
2024-07-24 10:02:35,87600.0,1000,Sell,225949938
2024-07-24 10:02:35,87600.0,100,Sell,225949937
2024-07-24 10:02:35,87600.0,400,Sell,225949932
2024-07-24 10:02:35,87600.0,100,Sell,225949935
2024-07-24 10:02:35,87600.0,100,Sell,225949933
2024-07-24 10:02:35,87600.0,500,Sell,225949936
2024-07-24 10:02:35,87600.0,100,Sell,225949934
2024-07-24 10:02:36,87500.0,100,Sell,225949961
2024-07-24 10:02:46,87600.0,100,Buy,225950587
2024-07-24 10:02:50,87600.0,600,Buy,225950783
2024-07-24 10:02:50,87700.0,1000,Buy,225950784
2024-07-24 10:03:10,87700.0,1600,Buy,225951893
2024-07-24 10:03:20,87700.0,1000,Buy,225952518
2024-07-24 10:03:20,87700.0,2000,Buy,225952576
2024-07-24 10:03:27,87700.0,1000,Buy,225952967
2024-07-24 10:03:30,87700.0,1600,Buy,225953194
2024-07-24 10:03:34,87700.0,500,Buy,225953409
2024-07-24 10:03:34,87700.0,500,Buy,225953410
2024-07-24 10:03:39,87700.0,100,Buy,225953732
2024-07-24 10:03:39,87700.0,900,Buy,225953733
2024-07-24 10:03:48,87700.0,1000,Buy,225954184
2024-07-24 10:03:48,87700.0,200,Buy,225954235
2024-07-24 10:03:54,87700.0,100,Buy,225954503
2024-07-24 10:03:54,87700.0,500,Buy,225954504
2024-07-24 10:03:54,87700.0,100,Buy,225954505
2024-07-24 10:03:54,87700.0,900,Buy,225954502
2024-07-24 10:03:56,87700.0,200,Buy,225954661
2024-07-24 10:03:56,87700.0,100,Buy,225954662
2024-07-24 10:03:56,87700.0,500,Buy,225954663
2024-07-24 10:03:56,87700.0,200,Buy,225954664
2024-07-24 10:04:05,87700.0,100,Buy,225955058
2024-07-24 10:04:21,87700.0,500,Buy,225955651
2024-07-24 10:04:21,87700.0,500,Buy,225955652
2024-07-24 10:04:46,87600.0,100,Sell,225956704
2024-07-24 10:04:46,87600.0,100,Sell,225956705
2024-07-24 10:05:36,87600.0,600,Buy,225958475
2024-07-24 10:05:44,87600.0,100,Buy,225958678
2024-07-24 10:05:57,87600.0,500,Buy,225959272
2024-07-24 10:06:02,87600.0,100,Buy,225959402
2024-07-24 10:06:18,87600.0,500,Buy,225959853
2024-07-24 10:06:37,87600.0,2000,Buy,225960433
2024-07-24 10:06:39,87700.0,500,Buy,225960487
2024-07-24 10:06:40,87600.0,100,Sell,225960514
2024-07-24 10:06:53,87700.0,1600,Buy,225960888
2024-07-24 10:07:00,87700.0,400,Buy,225961138
2024-07-24 10:07:00,87700.0,100,Buy,225961139
2024-07-24 10:07:13,87700.0,200,Buy,225961522
2024-07-24 10:07:13,87800.0,300,Buy,225961523
2024-07-24 10:07:13,87800.0,1000,Buy,225961524
2024-07-24 10:07:13,87800.0,100,Buy,225961525
2024-07-24 10:07:34,87900.0,600,Buy,225962290
2024-07-24 10:07:34,87900.0,1000,Buy,225962289
2024-07-24 10:07:53,87900.0,400,Buy,225962860
2024-07-24 10:07:53,87900.0,1200,Buy,225962861
2024-07-24 10:08:07,87800.0,100,Sell,225963446
2024-07-24 10:08:08,87800.0,100,Sell,225963456
2024-07-24 10:08:50,87900.0,200,Buy,225964875
2024-07-24 10:08:53,87800.0,800,Sell,225964968
2024-07-24 10:10:04,87700.0,700,Sell,225966921
2024-07-24 10:11:02,87800.0,100,Buy,225968574
2024-07-24 10:12:31,87800.0,300,Buy,225970811
2024-07-24 10:13:37,87800.0,400,Buy,225972744
2024-07-24 10:13:37,87800.0,200,Buy,225972743
2024-07-24 10:13:48,87800.0,200,Buy,225973117
2024-07-24 10:13:48,87800.0,500,Buy,225973121
2024-07-24 10:13:48,87800.0,500,Buy,225973122
2024-07-24 10:13:48,87800.0,200,Buy,225973123
2024-07-24 10:13:53,87800.0,100,Buy,225973340
2024-07-24 10:13:58,87800.0,600,Buy,225973491
2024-07-24 10:14:19,87800.0,600,Buy,225974124
2024-07-24 10:14:23,87800.0,500,Buy,225974208
2024-07-24 10:14:23,87800.0,400,Buy,225974209
2024-07-24 10:14:40,87800.0,100,Buy,225974715
2024-07-24 10:14:40,87800.0,100,Buy,225974716
2024-07-24 10:14:40,87800.0,100,Buy,225974717
2024-07-24 10:14:40,87800.0,300,Buy,225974718
2024-07-24 10:14:49,87900.0,500,Buy,225975245
2024-07-24 10:14:49,87800.0,300,Buy,225975244
2024-07-24 10:14:49,87800.0,300,Buy,225975243
2024-07-24 10:15:00,87900.0,200,Buy,225975538
2024-07-24 10:15:18,87700.0,100,Sell,225976145
2024-07-24 10:15:42,87800.0,1000,Sell,225976771
2024-07-24 10:15:42,87800.0,500,Sell,225976772
2024-07-24 10:16:07,87800.0,100,Sell,225977563
2024-07-24 10:16:24,87800.0,600,Sell,225978164
2024-07-24 10:16:24,87800.0,400,Sell,225978163
2024-07-24 10:16:30,87800.0,200,Sell,225978331
2024-07-24 10:16:47,87800.0,200,Sell,225978990
2024-07-24 10:16:47,87800.0,800,Sell,225978991
2024-07-24 10:17:13,87800.0,200,Sell,225980000
2024-07-24 10:17:13,87800.0,1000,Sell,225980001
2024-07-24 10:17:13,87800.0,1000,Sell,225980002
2024-07-24 10:17:13,87800.0,1000,Sell,225980003
2024-07-24 10:17:13,87800.0,1800,Sell,225980004
2024-07-24 10:17:18,87800.0,200,Sell,225980310
2024-07-24 10:17:18,87800.0,200,Sell,225980311
2024-07-24 10:17:18,87800.0,600,Sell,225980312
2024-07-24 10:17:18,87800.0,500,Buy,225980317
2024-07-24 10:17:18,87900.0,900,Buy,225980318
2024-07-24 10:17:40,87800.0,100,Buy,225981401
2024-07-24 10:17:40,87900.0,200,Buy,225981402
2024-07-24 10:17:59,87900.0,1600,Buy,225982113
2024-07-24 10:18:05,87900.0,300,Buy,225982364
2024-07-24 10:18:05,87900.0,200,Buy,225982362
2024-07-24 10:18:05,87900.0,100,Buy,225982363
2024-07-24 10:18:21,87900.0,1600,Buy,225982974
2024-07-24 10:18:29,87900.0,400,Buy,225983269
2024-07-24 10:18:44,87900.0,700,Buy,225983777
2024-07-24 10:18:44,87900.0,100,Buy,225983778
2024-07-24 10:18:44,87900.0,100,Buy,225983779
2024-07-24 10:18:44,87900.0,500,Buy,225983780
2024-07-24 10:18:44,87900.0,100,Buy,225983781
2024-07-24 10:18:44,87900.0,100,Buy,225983782
2024-07-24 10:18:53,87900.0,100,Buy,225984299
2024-07-24 10:18:53,87900.0,200,Buy,225984298
2024-07-24 10:18:53,87900.0,100,Buy,225984297
2024-07-24 10:18:53,87900.0,400,Buy,225984293
2024-07-24 10:18:53,87900.0,100,Buy,225984295
2024-07-24 10:18:53,87900.0,200,Buy,225984294
2024-07-24 10:18:53,87900.0,200,Buy,225984296
2024-07-24 10:19:16,87800.0,1000,Buy,225985210
2024-07-24 10:19:19,87900.0,1400,Buy,225985389
2024-07-24 10:19:19,87900.0,200,Buy,225985388
2024-07-24 10:19:19,87900.0,1000,Buy,225985374
2024-07-24 10:19:19,87900.0,200,Buy,225985373
2024-07-24 10:19:19,87900.0,100,Buy,225985375
2024-07-24 10:19:19,87800.0,500,Buy,225985372
2024-07-24 10:19:39,87900.0,1600,Buy,225986256
2024-07-24 10:20:29,87700.0,100,Sell,225988516
2024-07-24 10:20:29,87700.0,100,Sell,225988517
2024-07-24 10:20:59,87800.0,400,Sell,225990197
2024-07-24 10:21:09,87900.0,1600,Buy,225991089
2024-07-24 10:21:10,87800.0,600,Sell,225991128
2024-07-24 10:21:10,87800.0,600,Sell,225991129
2024-07-24 10:21:15,87800.0,600,Buy,225991379
2024-07-24 10:21:21,87800.0,2200,Buy,225991935
2024-07-24 10:21:25,87800.0,1000,Buy,225992262
2024-07-24 10:21:25,87900.0,400,Buy,225992263
2024-07-24 10:21:25,87900.0,100,Buy,225992264
2024-07-24 10:21:25,87900.0,100,Buy,225992265
2024-07-24 10:21:45,87900.0,1200,Buy,225993209
2024-07-24 10:21:46,87900.0,1600,Buy,225993230
2024-07-24 10:21:52,87700.0,100,Sell,225993579
2024-07-24 10:22:00,87900.0,200,Buy,225994041
2024-07-24 10:22:09,87900.0,600,Buy,225994670
2024-07-24 10:22:09,87900.0,1000,Buy,225994669
2024-07-24 10:22:12,87800.0,500,Sell,225994821
2024-07-24 10:22:19,87800.0,600,Sell,225995044
2024-07-24 10:22:19,87800.0,1000,Buy,225995199
2024-07-24 10:22:19,87800.0,1000,Buy,225995204
2024-07-24 10:22:19,87800.0,1000,Buy,225995210
2024-07-24 10:22:20,87800.0,1400,Buy,225995213
2024-07-24 10:22:22,87900.0,300,Buy,225995355
2024-07-24 10:22:22,87900.0,100,Buy,225995354
2024-07-24 10:22:22,87900.0,400,Buy,225995353
2024-07-24 10:22:27,87900.0,700,Buy,225995640
2024-07-24 10:22:27,87900.0,100,Buy,225995641
2024-07-24 10:22:27,87900.0,200,Buy,225995642
2024-07-24 10:22:27,87900.0,600,Buy,225995643
2024-07-24 10:22:32,87800.0,400,Sell,225995858
2024-07-24 10:22:34,87800.0,100,Sell,225995914
2024-07-24 10:22:37,87800.0,400,Sell,225996092
2024-07-24 10:22:37,87800.0,1000,Sell,225996091
2024-07-24 10:22:37,87800.0,100,Sell,225996090
2024-07-24 10:22:45,87800.0,200,Sell,225996469
2024-07-24 10:22:49,87900.0,700,Buy,225996659
2024-07-24 10:22:49,87900.0,300,Buy,225996688
2024-07-24 10:22:49,87800.0,300,Buy,225996658
2024-07-24 10:22:49,87900.0,100,Buy,225996660
2024-07-24 10:22:49,87900.0,500,Buy,225996661
2024-07-24 10:23:11,87900.0,800,Buy,225997889
2024-07-24 10:25:04,87700.0,400,Sell,226003273
2024-07-24 10:25:20,87700.0,400,Sell,226004190
2024-07-24 10:25:20,87700.0,100,Sell,226004191
2024-07-24 10:25:22,87800.0,700,Buy,226004273
2024-07-24 10:25:25,87700.0,500,Sell,226004449
2024-07-24 10:25:43,87800.0,600,Buy,226005401
2024-07-24 10:25:54,87700.0,200,Sell,226005984
2024-07-24 10:26:03,87700.0,200,Sell,226006465
2024-07-24 10:26:03,87700.0,100,Sell,226006466
2024-07-24 10:26:03,87700.0,200,Sell,226006467
2024-07-24 10:26:04,87800.0,600,Buy,226006499
2024-07-24 10:26:06,87700.0,800,Sell,226006727
2024-07-24 10:26:06,87700.0,200,Sell,226006728
2024-07-24 10:26:07,87800.0,100,Buy,226006768
2024-07-24 10:26:11,87800.0,100,Buy,226007132
2024-07-24 10:26:25,87800.0,600,Buy,226007875
2024-07-24 10:26:30,87700.0,1000,Sell,226008143
2024-07-24 10:26:30,87700.0,1000,Sell,226008144
2024-07-24 10:26:30,87700.0,200,Sell,226008145
2024-07-24 10:26:30,87700.0,800,Sell,226008142
2024-07-24 10:26:37,87700.0,800,Sell,226008607
2024-07-24 10:26:37,87700.0,1000,Sell,226008608
2024-07-24 10:26:37,87700.0,1000,Sell,226008609
2024-07-24 10:26:46,87700.0,600,Buy,226009039
2024-07-24 10:27:00,87600.0,1500,Sell,226009904
2024-07-24 10:27:00,87600.0,900,Sell,226009902
2024-07-24 10:27:00,87600.0,2000,Sell,226009903
2024-07-24 10:27:07,87700.0,600,Buy,226010427
2024-07-24 10:27:09,87600.0,100,Sell,226010593
2024-07-24 10:27:12,87500.0,1400,Sell,226010750
2024-07-24 10:27:12,87500.0,200,Sell,226010749
2024-07-24 10:27:12,87500.0,100,Sell,226010748
2024-07-24 10:27:12,87500.0,100,Sell,226010747
2024-07-24 10:27:12,87500.0,100,Sell,226010745
2024-07-24 10:27:12,87500.0,1000,Sell,226010746
2024-07-24 10:27:12,87500.0,2000,Sell,226010744
2024-07-24 10:27:12,87600.0,2000,Sell,226010740
2024-07-24 10:27:12,87500.0,100,Sell,226010742
2024-07-24 10:27:12,87500.0,100,Sell,226010743
2024-07-24 10:27:12,87600.0,400,Sell,226010736
2024-07-24 10:27:12,87600.0,100,Sell,226010737
2024-07-24 10:27:12,87600.0,500,Sell,226010739
2024-07-24 10:27:12,87600.0,100,Sell,226010741
2024-07-24 10:27:12,87600.0,200,Sell,226010738
2024-07-24 10:27:27,87700.0,500,Buy,226011708
2024-07-24 10:27:27,87700.0,100,Buy,226011709
2024-07-24 10:27:49,87700.0,200,Buy,226013186
2024-07-24 10:27:49,87700.0,400,Buy,226013187
2024-07-24 10:28:10,87700.0,600,Buy,226014444
2024-07-24 10:28:37,87700.0,100,Buy,226016482
2024-07-24 10:28:37,87700.0,1800,Buy,226016483
2024-07-24 10:28:37,87700.0,100,Buy,226016484
2024-07-24 10:28:39,87500.0,100,Sell,226016576
2024-07-24 10:28:39,87500.0,100,Sell,226016577
2024-07-24 10:28:54,87600.0,3000,Sell,226017471
2024-07-24 10:29:07,87600.0,200,Sell,226018168
2024-07-24 10:29:08,87600.0,100,Sell,226018172
2024-07-24 10:29:25,87600.0,200,Sell,226019053
2024-07-24 10:29:42,87700.0,500,Buy,226020143
2024-07-24 10:29:42,87700.0,100,Buy,226020144
2024-07-24 10:29:42,87700.0,400,Buy,226020142
2024-07-24 10:29:48,87700.0,500,Buy,226020542
2024-07-24 10:29:48,87700.0,500,Buy,226020543
2024-07-24 10:29:48,87700.0,100,Buy,226020544
2024-07-24 10:29:48,87700.0,300,Buy,226020545
2024-07-24 10:29:48,87700.0,3000,Buy,226020546
2024-07-24 10:29:49,87700.0,1100,Sell,226020619
2024-07-24 10:30:07,87800.0,1000,Buy,226021642
2024-07-24 10:30:15,87800.0,1000,Buy,226022099
2024-07-24 10:30:15,87800.0,1200,Buy,226022100
2024-07-24 10:30:23,87800.0,1000,Buy,226022596
2024-07-24 10:30:41,87800.0,1000,Buy,226023609
2024-07-24 10:30:42,87800.0,3700,Buy,226023664
2024-07-24 10:30:45,87800.0,1000,Buy,226023922
2024-07-24 10:30:45,87800.0,300,Buy,226023903
2024-07-24 10:30:45,87800.0,1000,Buy,226023902
2024-07-24 10:30:45,87800.0,1000,Buy,226023901
2024-07-24 10:30:45,87800.0,3400,Buy,226023896
2024-07-24 10:30:45,87800.0,1000,Buy,226023899
2024-07-24 10:30:45,87800.0,1000,Buy,226023897
2024-07-24 10:30:45,87800.0,300,Buy,226023900
2024-07-24 10:30:45,87800.0,500,Buy,226023898
2024-07-24 10:30:46,87800.0,1000,Buy,226023949
2024-07-24 10:30:49,87700.0,1100,Sell,226024213
2024-07-24 10:30:55,87800.0,2400,Buy,226024508
2024-07-24 10:30:55,87800.0,600,Buy,226024509
2024-07-24 10:30:55,87800.0,100,Buy,226024510
2024-07-24 10:30:55,87800.0,100,Buy,226024512
2024-07-24 10:30:55,87800.0,300,Buy,226024511
2024-07-24 10:30:59,87800.0,1500,Sell,226024793
2024-07-24 10:30:59,87700.0,500,Sell,226024794
2024-07-24 10:31:06,87900.0,1000,Buy,226025264
2024-07-24 10:31:07,87800.0,200,Sell,226025354
2024-07-24 10:31:13,87900.0,500,Buy,226025690
2024-07-24 10:31:13,87900.0,400,Buy,226025688
2024-07-24 10:31:13,87900.0,100,Buy,226025689
2024-07-24 10:31:19,87900.0,1000,Buy,226026009
2024-07-24 10:31:29,87900.0,300,Buy,226026578
2024-07-24 10:31:29,87900.0,200,Buy,226026579
2024-07-24 10:31:29,87900.0,500,Buy,226026577
2024-07-24 10:31:34,87800.0,800,Sell,226026897
2024-07-24 10:31:34,87800.0,3000,Sell,226026898
2024-07-24 10:31:37,87800.0,1000,Buy,226027048
2024-07-24 10:31:58,87800.0,200,Buy,226028120
2024-07-24 10:31:58,87800.0,300,Buy,226028121
2024-07-24 10:32:45,87900.0,200,Buy,226030022
2024-07-24 10:33:04,87800.0,1600,Sell,226030520
2024-07-24 10:33:04,87800.0,200,Sell,226030518
2024-07-24 10:33:04,87800.0,200,Sell,226030519
2024-07-24 10:33:18,87800.0,500,Sell,226031062
2024-07-24 10:33:38,87800.0,100,Sell,226031627
2024-07-24 10:34:47,87800.0,200,Sell,226033526
2024-07-24 10:36:07,87800.0,1000,Sell,226035551
2024-07-24 10:36:15,87800.0,1000,Sell,226035709
2024-07-24 10:36:15,87800.0,1100,Sell,226035710
2024-07-24 10:36:15,87800.0,1600,Sell,226035707
2024-07-24 10:36:15,87800.0,1000,Sell,226035708
2024-07-24 10:36:31,87800.0,1100,Buy,226036072
2024-07-24 10:36:52,87800.0,1100,Buy,226036640
2024-07-24 10:37:13,87800.0,1100,Buy,226037170
2024-07-24 10:37:33,87800.0,1100,Buy,226037626
2024-07-24 10:37:44,87800.0,600,Buy,226037834
2024-07-24 10:37:54,87800.0,1100,Buy,226038042
2024-07-24 10:38:16,87800.0,1100,Buy,226038563
2024-07-24 10:38:52,87700.0,100,Sell,226039307
2024-07-24 10:39:36,87700.0,100,Sell,226040224
2024-07-24 10:39:36,87700.0,100,Sell,226040223
2024-07-24 10:39:36,87700.0,300,Sell,226040222
2024-07-24 10:39:43,87700.0,1900,Sell,226040344
2024-07-24 10:39:43,87700.0,100,Sell,226040345
2024-07-24 10:39:43,87700.0,2000,Sell,226040346
2024-07-24 10:39:43,87700.0,100,Sell,226040347
2024-07-24 10:39:48,87800.0,800,Buy,226040470
2024-07-24 10:39:48,87800.0,100,Buy,226040469
2024-07-24 10:39:48,87800.0,100,Buy,226040468
2024-07-24 10:39:48,87800.0,7900,Buy,226040467
2024-07-24 10:39:48,87800.0,200,Buy,226040464
2024-07-24 10:39:48,87800.0,500,Buy,226040465
2024-07-24 10:39:48,87800.0,1400,Buy,226040463
2024-07-24 10:39:48,87700.0,900,Buy,226040462
2024-07-24 10:39:48,87800.0,100,Buy,226040466
2024-07-24 10:40:39,87700.0,500,Sell,226041398
2024-07-24 10:41:39,87800.0,200,Buy,226042678
2024-07-24 10:41:39,87800.0,200,Buy,226042679
2024-07-24 10:41:39,87800.0,1000,Buy,226042680
2024-07-24 10:42:03,87800.0,100,Buy,226043266
2024-07-24 10:42:03,87800.0,2000,Buy,226043267
2024-07-24 10:42:09,87800.0,5000,Buy,226043413
2024-07-24 10:42:14,87800.0,1000,Buy,226043496
2024-07-24 10:42:19,87800.0,7000,Buy,226043662
2024-07-24 10:42:19,87800.0,1000,Buy,226043663
2024-07-24 10:42:26,87800.0,400,Buy,226043852
2024-07-24 10:42:27,87900.0,800,Buy,226043904
2024-07-24 10:42:27,87900.0,1000,Buy,226043903
2024-07-24 10:42:27,87900.0,400,Buy,226043902
2024-07-24 10:42:27,87900.0,100,Buy,226043901
2024-07-24 10:42:33,87900.0,400,Buy,226044124
2024-07-24 10:42:33,87900.0,200,Buy,226044123
2024-07-24 10:42:33,87900.0,1000,Buy,226044118
2024-07-24 10:42:49,87900.0,1200,Buy,226044485
2024-07-24 10:42:49,87900.0,100,Buy,226044482
2024-07-24 10:42:49,87900.0,1000,Buy,226044483
2024-07-24 10:42:49,87900.0,100,Buy,226044484
2024-07-24 10:43:42,87900.0,500,Buy,226045825
2024-07-24 10:44:50,87800.0,100,Sell,226047589
2024-07-24 10:45:03,87900.0,1300,Buy,226047918
2024-07-24 10:45:03,87900.0,300,Buy,226047919
2024-07-24 10:45:03,87900.0,200,Buy,226047921
2024-07-24 10:45:03,87900.0,100,Buy,226047920
2024-07-24 10:45:26,87900.0,800,Buy,226048727
2024-07-24 10:45:26,87900.0,1400,Buy,226048728
2024-07-24 10:45:31,87900.0,1000,Buy,226048988
2024-07-24 10:45:31,87800.0,400,Sell,226049013
2024-07-24 10:45:31,87800.0,600,Sell,226049014
2024-07-24 10:45:51,87900.0,400,Buy,226049848
2024-07-24 10:45:55,87900.0,1000,Buy,226050142
2024-07-24 10:46:02,87900.0,300,Buy,226050386
2024-07-24 10:46:11,87900.0,1000,Buy,226050790
2024-07-24 10:46:13,87900.0,2300,Buy,226050880
2024-07-24 10:46:18,87900.0,1000,Buy,226051137
2024-07-24 10:46:23,87900.0,1000,Buy,226051334
2024-07-24 10:46:28,87900.0,500,Buy,226051533
2024-07-24 10:46:28,87900.0,500,Buy,226051534
2024-07-24 10:47:08,87900.0,1000,Buy,226053005
2024-07-24 10:47:36,87900.0,500,Buy,226054028
2024-07-24 10:48:07,87900.0,1200,Buy,226054997
2024-07-24 10:48:14,87900.0,1000,Buy,226055268
2024-07-24 10:48:34,87900.0,500,Buy,226056142
2024-07-24 10:48:36,87900.0,1000,Buy,226056236
2024-07-24 10:48:47,87900.0,100,Buy,226056741
2024-07-24 10:48:47,87900.0,100,Buy,226056740
2024-07-24 10:48:47,87900.0,100,Buy,226056738
2024-07-24 10:48:47,87900.0,200,Buy,226056736
2024-07-24 10:48:47,87900.0,100,Buy,226056739
2024-07-24 10:48:47,87900.0,100,Buy,226056737
2024-07-24 10:48:47,87900.0,100,Buy,226056734
2024-07-24 10:48:47,87900.0,100,Buy,226056733
2024-07-24 10:48:47,87900.0,200,Buy,226056732
2024-07-24 10:48:47,87900.0,2800,Buy,226056731
2024-07-24 10:48:47,87900.0,100,Buy,226056735
2024-07-24 10:49:16,87900.0,100,Buy,226057835
2024-07-24 10:49:16,87900.0,1900,Buy,226057836
2024-07-24 10:49:20,87900.0,100,Buy,226057990
2024-07-24 10:49:59,87900.0,100,Sell,226059378
2024-07-24 10:51:20,87900.0,100,Sell,226061820
2024-07-24 10:51:29,87900.0,200,Sell,226062036
2024-07-24 10:52:41,87900.0,100,Sell,226064053
2024-07-24 10:53:06,87900.0,100,Sell,226064800
2024-07-24 10:53:36,87900.0,600,Sell,226065687
2024-07-24 10:53:48,87900.0,200,Sell,226066137
2024-07-24 10:54:07,87900.0,1500,Sell,226066665
2024-07-24 10:54:07,87900.0,100,Sell,226066666
2024-07-24 10:55:27,87900.0,500,Buy,226068656
2024-07-24 10:56:26,87900.0,300,Buy,226069859
2024-07-24 10:56:48,87900.0,2300,Buy,226070248
2024-07-24 10:57:05,87900.0,1200,Buy,226070728
2024-07-24 10:57:05,87900.0,300,Buy,226070725
2024-07-24 10:57:05,87900.0,300,Buy,226070726
2024-07-24 10:57:05,87900.0,200,Buy,226070727
2024-07-24 10:57:12,87900.0,200,Buy,226070893
2024-07-24 10:57:59,87900.0,600,Buy,226071618
2024-07-24 10:57:59,87900.0,100,Buy,226071619
2024-07-24 10:57:59,87900.0,100,Buy,226071620
2024-07-24 10:57:59,87900.0,300,Buy,226071621
2024-07-24 10:57:59,87900.0,100,Buy,226071622
2024-07-24 10:57:59,87900.0,800,Buy,226071623
2024-07-24 10:59:07,87800.0,100,Sell,226072652
2024-07-24 10:59:41,87900.0,100,Buy,226073200
2024-07-24 10:59:41,87900.0,100,Buy,226073201
2024-07-24 10:59:41,87900.0,500,Buy,226073202
2024-07-24 10:59:41,87900.0,1200,Buy,226073199
2024-07-24 11:01:40,87900.0,200,Buy,226074963
2024-07-24 11:01:40,87900.0,100,Buy,226074964
2024-07-24 11:01:40,87900.0,500,Buy,226074965
2024-07-24 11:01:40,87900.0,100,Buy,226074966
2024-07-24 11:01:40,87900.0,100,Buy,226074967
2024-07-24 11:01:48,87800.0,1000,Sell,226075083
2024-07-24 11:03:05,87900.0,2000,Buy,226076004
2024-07-24 11:03:33,87900.0,500,Buy,226076396
2024-07-24 11:03:33,87900.0,1000,Buy,226076397
2024-07-24 11:03:33,87900.0,500,Buy,226076398
2024-07-24 11:03:33,87900.0,200,Buy,226076399
2024-07-24 11:03:33,87900.0,500,Buy,226076400
2024-07-24 11:03:33,87900.0,500,Buy,226076401
2024-07-24 11:03:33,87900.0,7900,Buy,226076395
2024-07-24 11:03:36,87900.0,100,Sell,226076489
2024-07-24 11:03:58,87900.0,100,Buy,226076699
2024-07-24 11:04:23,87900.0,100,Sell,226077022
2024-07-24 11:04:41,88000.0,100,Buy,226077244
2024-07-24 11:04:41,88000.0,100,Buy,226077245
2024-07-24 11:04:41,88000.0,100,Buy,226077246
2024-07-24 11:04:41,88000.0,100,Buy,226077247
2024-07-24 11:04:41,88000.0,100,Buy,226077248
2024-07-24 11:04:41,88000.0,100,Buy,226077249
2024-07-24 11:04:41,88000.0,800,Buy,226077250
2024-07-24 11:04:41,88000.0,600,Buy,226077243
2024-07-24 11:08:19,87900.0,100,Sell,226079748
2024-07-24 11:09:42,87900.0,500,Sell,226080964
2024-07-24 11:09:52,88000.0,100,Buy,226081128
2024-07-24 11:09:52,88000.0,900,Buy,226081140
2024-07-24 11:09:52,88000.0,500,Buy,226081139
2024-07-24 11:09:52,88000.0,500,Buy,226081138
2024-07-24 11:09:52,88000.0,3200,Buy,226081127
2024-07-24 11:09:52,88000.0,500,Buy,226081136
2024-07-24 11:09:52,88000.0,100,Buy,226081135
2024-07-24 11:09:52,88000.0,100,Buy,226081137
2024-07-24 11:09:52,88000.0,600,Buy,226081133
2024-07-24 11:09:52,88000.0,100,Buy,226081132
2024-07-24 11:09:52,88000.0,200,Buy,226081131
2024-07-24 11:09:52,88000.0,100,Buy,226081130
2024-07-24 11:09:52,88000.0,200,Buy,226081129
2024-07-24 11:09:52,88000.0,900,Buy,226081134
2024-07-24 11:10:21,88000.0,100,Buy,226081526
2024-07-24 11:10:21,88000.0,300,Buy,226081527
2024-07-24 11:10:21,88000.0,200,Buy,226081528
2024-07-24 11:10:21,88000.0,500,Buy,226081529
2024-07-24 11:10:21,88000.0,900,Buy,226081530
2024-07-24 11:10:31,88000.0,4300,Buy,226081650
2024-07-24 11:10:31,88000.0,500,Buy,226081649
2024-07-24 11:10:31,88000.0,100,Buy,226081648
2024-07-24 11:10:31,88000.0,100,Buy,226081647
2024-07-24 11:11:44,88000.0,2000,Buy,226082762
2024-07-24 11:11:53,87900.0,100,Sell,226082868
2024-07-24 11:11:57,88000.0,900,Buy,226082923
2024-07-24 11:12:13,88000.0,2800,Buy,226083149
2024-07-24 11:12:13,88000.0,100,Buy,226083150
2024-07-24 11:12:13,88000.0,100,Buy,226083151
2024-07-24 11:12:15,88000.0,1900,Buy,226083200
2024-07-24 11:12:15,88000.0,100,Buy,226083199
2024-07-24 11:12:15,88000.0,3000,Buy,226083198
2024-07-24 11:12:15,88000.0,100,Buy,226083197
2024-07-24 11:12:15,88000.0,100,Buy,226083195
2024-07-24 11:12:15,88000.0,500,Buy,226083194
2024-07-24 11:12:15,88000.0,100,Buy,226083193
2024-07-24 11:12:15,88000.0,100,Buy,226083192
2024-07-24 11:12:15,88000.0,100,Buy,226083196
2024-07-24 11:12:15,88000.0,200,Buy,226083190
2024-07-24 11:12:15,88000.0,100,Buy,226083189
2024-07-24 11:12:15,88000.0,100,Buy,226083188
2024-07-24 11:12:15,88000.0,200,Buy,226083183
2024-07-24 11:12:15,88000.0,1000,Buy,226083187
2024-07-24 11:12:15,88000.0,3000,Buy,226083186
2024-07-24 11:12:15,88000.0,1000,Buy,226083185
2024-07-24 11:12:15,88000.0,300,Buy,226083184
2024-07-24 11:12:15,88000.0,100,Buy,226083191
2024-07-24 11:12:33,88000.0,200,Buy,226083472
2024-07-24 11:12:59,87900.0,100,Sell,226083806
2024-07-24 11:12:59,87900.0,400,Sell,226083807
2024-07-24 11:13:14,88000.0,200,Buy,226084011
2024-07-24 11:13:42,88000.0,300,Buy,226084475
2024-07-24 11:13:42,88000.0,100,Buy,226084474
2024-07-24 11:13:42,88000.0,500,Buy,226084473
2024-07-24 11:13:42,88000.0,700,Buy,226084469
2024-07-24 11:13:42,88000.0,100,Buy,226084471
2024-07-24 11:13:42,88000.0,100,Buy,226084470
2024-07-24 11:13:42,88000.0,1200,Buy,226084472
2024-07-24 11:13:48,88000.0,100,Buy,226084535
2024-07-24 11:13:48,88000.0,900,Buy,226084538
2024-07-24 11:13:48,88000.0,100,Buy,226084537
2024-07-24 11:13:48,88000.0,100,Buy,226084536
2024-07-24 11:13:48,88000.0,1000,Buy,226084534
2024-07-24 11:13:48,88000.0,100,Buy,226084530
2024-07-24 11:13:48,88000.0,100,Buy,226084532
2024-07-24 11:13:48,88000.0,100,Buy,226084528
2024-07-24 11:13:48,88000.0,100,Buy,226084529
2024-07-24 11:13:48,88000.0,100,Buy,226084533
2024-07-24 11:13:48,88000.0,100,Buy,226084531
2024-07-24 11:13:48,88000.0,200,Buy,226084527
2024-07-24 11:13:52,88000.0,100,Buy,226084600
2024-07-24 11:13:52,88000.0,4900,Buy,226084601
2024-07-24 11:14:07,88000.0,100,Buy,226084780
2024-07-24 11:14:07,88000.0,100,Buy,226084781
2024-07-24 11:14:07,88000.0,1000,Buy,226084783
2024-07-24 11:14:07,88000.0,800,Buy,226084782
2024-07-24 11:16:37,88000.0,100,Buy,226087137
2024-07-24 11:16:37,88000.0,200,Buy,226087138
2024-07-24 11:16:37,88000.0,200,Buy,226087139
2024-07-24 11:16:37,88000.0,100,Buy,226087140
2024-07-24 11:17:15,88000.0,1000,Buy,226087670
2024-07-24 11:17:23,88000.0,800,Buy,226087802
2024-07-24 11:17:32,88000.0,1000,Buy,226087930
2024-07-24 11:17:40,88000.0,2000,Buy,226088095
2024-07-24 11:18:03,87900.0,300,Sell,226088476
2024-07-24 11:19:39,87900.0,100,Sell,226089898
2024-07-24 11:20:54,88000.0,300,Buy,226090851
2024-07-24 11:20:56,87900.0,100,Sell,226090872
2024-07-24 11:21:08,87900.0,200,Sell,226091015
2024-07-24 11:24:55,87900.0,300,Sell,226094151
2024-07-24 11:25:39,88000.0,4000,Buy,226094698
2024-07-24 11:26:00,88000.0,2000,Buy,226094907
2024-07-24 11:27:18,87900.0,200,Sell,226095811
2024-07-24 11:29:13,87900.0,100,Sell,226097449
2024-07-24 11:29:32,88000.0,300,Buy,226097654
2024-07-24 12:59:37,87900.0,200,Sell,226097780
2024-07-24 12:59:38,88000.0,1100,Buy,226098182
2024-07-24 12:59:42,87900.0,100,Sell,226099354
2024-07-24 12:59:44,87900.0,100,Sell,226099851
2024-07-24 12:59:45,88000.0,300,Buy,226100212
2024-07-24 12:59:46,87900.0,1800,Sell,226100404
2024-07-24 12:59:46,87900.0,500,Sell,226100405
2024-07-24 12:59:46,87900.0,3000,Sell,226100402
2024-07-24 12:59:46,87900.0,1300,Sell,226100401
2024-07-24 12:59:46,87900.0,200,Sell,226100403
2024-07-24 12:59:50,88000.0,200,Buy,226101030
2024-07-24 13:00:03,87900.0,500,Sell,226101979
2024-07-24 13:00:03,87900.0,100,Sell,226101980
2024-07-24 13:03:51,87800.0,1200,Sell,226106484
2024-07-24 13:03:51,87800.0,100,Sell,226106485
2024-07-24 13:03:51,87800.0,700,Sell,226106486
2024-07-24 13:03:56,87800.0,500,Sell,226106569
2024-07-24 13:04:49,87800.0,100,Sell,226107621
2024-07-24 13:06:33,87800.0,100,Sell,226109720
2024-07-24 13:06:53,87900.0,100,Buy,226110195
2024-07-24 13:06:53,87900.0,900,Buy,226110196
2024-07-24 13:06:53,87900.0,500,Buy,226110194
2024-07-24 13:07:17,87900.0,100,Buy,226110768
2024-07-24 13:07:17,87900.0,100,Buy,226110769
2024-07-24 13:07:17,87900.0,600,Buy,226110770
2024-07-24 13:07:17,87900.0,100,Buy,226110771
2024-07-24 13:07:17,87900.0,100,Buy,226110772
2024-07-24 13:07:44,87900.0,400,Buy,226111479
2024-07-24 13:08:07,88000.0,1100,Buy,226113226
2024-07-24 13:08:07,87900.0,400,Buy,226113224
2024-07-24 13:08:07,87900.0,900,Buy,226113225
2024-07-24 13:08:20,88000.0,1000,Buy,226113673
2024-07-24 13:08:22,88000.0,900,Buy,226113764
2024-07-24 13:08:22,88000.0,100,Buy,226113765
2024-07-24 13:08:27,88000.0,100,Buy,226113874
2024-07-24 13:08:27,88000.0,900,Buy,226113875
2024-07-24 13:08:27,88000.0,100,Buy,226113909
2024-07-24 13:08:27,88000.0,900,Buy,226113910
2024-07-24 13:08:34,88000.0,2000,Buy,226114232
2024-07-24 13:08:34,88000.0,1000,Buy,226114231
2024-07-24 13:08:56,88000.0,1000,Buy,226115017
2024-07-24 13:08:56,88000.0,2400,Buy,226115054
2024-07-24 13:09:05,88000.0,4000,Buy,226115340
2024-07-24 13:09:16,88000.0,5000,Buy,226115744
2024-07-24 13:09:20,88000.0,1000,Buy,226115853
2024-07-24 13:09:22,88000.0,1000,Buy,226115947
2024-07-24 13:09:22,88000.0,1100,Buy,226115949
2024-07-24 13:09:22,88000.0,100,Buy,226115946
2024-07-24 13:09:22,88000.0,100,Buy,226115948
2024-07-24 13:09:22,88000.0,100,Buy,226115944
2024-07-24 13:09:22,88000.0,200,Buy,226115942
2024-07-24 13:09:22,88000.0,100,Buy,226115945
2024-07-24 13:09:22,88000.0,400,Buy,226115943
2024-07-24 13:09:22,88000.0,1900,Buy,226115941
2024-07-24 13:09:25,88000.0,600,Buy,226116018
2024-07-24 13:09:25,88000.0,200,Buy,226116019
2024-07-24 13:09:25,88000.0,100,Buy,226116020
2024-07-24 13:09:25,88000.0,100,Buy,226116024
2024-07-24 13:09:25,88000.0,100,Buy,226116025
2024-07-24 13:09:25,88000.0,300,Buy,226116026
2024-07-24 13:09:25,88000.0,1000,Buy,226116027
2024-07-24 13:09:25,88000.0,100,Buy,226116028
2024-07-24 13:09:25,88000.0,100,Buy,226116029
2024-07-24 13:09:25,88000.0,100,Buy,226116030
2024-07-24 13:09:25,88000.0,1600,Buy,226116017
2024-07-24 13:09:26,88000.0,700,Buy,226116035
2024-07-24 13:09:29,88000.0,100,Buy,226116101
2024-07-24 13:09:29,88000.0,1000,Buy,226116102
2024-07-24 13:09:29,88000.0,400,Buy,226116103
2024-07-24 13:09:29,88000.0,100,Buy,226116104
2024-07-24 13:09:29,88000.0,1100,Buy,226116105
2024-07-24 13:09:29,88000.0,1300,Buy,226116100
2024-07-24 13:09:34,88000.0,4400,Buy,226116290
2024-07-24 13:09:34,88000.0,100,Buy,226116289
2024-07-24 13:09:34,88000.0,500,Buy,226116288
2024-07-24 13:09:34,88000.0,500,Buy,226116278
2024-07-24 13:09:34,88000.0,500,Buy,226116280
2024-07-24 13:09:34,88000.0,1000,Buy,226116279
2024-07-24 13:09:34,88000.0,100,Buy,226116281
2024-07-24 13:09:34,88000.0,400,Buy,226116277
2024-07-24 13:09:47,88100.0,100,Buy,226116895
2024-07-24 13:09:47,88100.0,1900,Buy,226116896
2024-07-24 13:09:48,88100.0,100,Buy,226116914
2024-07-24 13:10:05,88100.0,100,Buy,226117498
2024-07-24 13:11:10,88100.0,100,Buy,226119913
2024-07-24 13:11:50,88000.0,200,Sell,226121324
2024-07-24 13:12:07,88000.0,500,Sell,226121825
2024-07-24 13:12:44,88000.0,200,Sell,226122911
2024-07-24 13:12:53,88000.0,100,Sell,226123186
2024-07-24 13:12:56,88000.0,100,Sell,226123267
2024-07-24 13:13:11,88000.0,300,Sell,226123711
2024-07-24 13:13:34,88000.0,200,Sell,226124598
2024-07-24 13:13:55,88000.0,200,Sell,226125248
2024-07-24 13:14:05,88000.0,300,Sell,226125590
2024-07-24 13:14:05,88000.0,200,Sell,226125589
2024-07-24 13:14:05,88000.0,500,Sell,226125591
2024-07-24 13:14:11,88000.0,500,Sell,226125718
2024-07-24 13:15:02,88000.0,100,Buy,226127372
2024-07-24 13:15:12,88000.0,100,Buy,226127693
2024-07-24 13:15:12,88000.0,800,Buy,226127694
2024-07-24 13:16:17,87900.0,500,Sell,226129605
2024-07-24 13:16:18,88000.0,1500,Buy,226129612
2024-07-24 13:16:44,88000.0,500,Buy,226130351
2024-07-24 13:16:44,88000.0,1000,Buy,226130350
2024-07-24 13:17:23,88000.0,500,Buy,226131372
2024-07-24 13:18:04,87900.0,300,Sell,226132464
2024-07-24 13:18:16,88000.0,900,Buy,226132757
2024-07-24 13:20:40,88000.0,700,Buy,226136182
2024-07-24 13:20:40,88000.0,100,Buy,226136181
2024-07-24 13:20:40,88000.0,100,Buy,226136180
2024-07-24 13:20:40,88000.0,600,Buy,226136179
2024-07-24 13:20:40,88000.0,500,Buy,226136178
2024-07-24 13:20:40,88000.0,10000,Buy,226136177
2024-07-24 13:20:40,88000.0,200,Buy,226136175
2024-07-24 13:20:40,88000.0,500,Buy,226136174
2024-07-24 13:20:40,88000.0,300,Buy,226136173
2024-07-24 13:20:40,88000.0,300,Buy,226136172
2024-07-24 13:20:40,88000.0,100,Buy,226136171
2024-07-24 13:20:40,88000.0,100,Buy,226136170
2024-07-24 13:20:40,88000.0,100,Buy,226136176
2024-07-24 13:21:43,88100.0,2800,Buy,226137788
2024-07-24 13:21:43,88100.0,100,Buy,226137789
2024-07-24 13:21:43,88100.0,2000,Buy,226137790
2024-07-24 13:21:43,88100.0,500,Buy,226137791
2024-07-24 13:21:49,88100.0,100,Buy,226137958
2024-07-24 13:21:49,88100.0,200,Buy,226137957
2024-07-24 13:21:49,88100.0,100,Buy,226137956
2024-07-24 13:21:49,88100.0,100,Buy,226137955
2024-07-24 13:21:49,88100.0,100,Buy,226137949
2024-07-24 13:21:49,88100.0,2000,Buy,226137953
2024-07-24 13:21:49,88100.0,1000,Buy,226137952
2024-07-24 13:21:49,88100.0,100,Buy,226137951
2024-07-24 13:21:49,88100.0,200,Buy,226137950
2024-07-24 13:21:49,88100.0,1000,Buy,226137954
2024-07-24 13:21:49,88100.0,100,Buy,226137959
2024-07-24 13:21:54,88100.0,100,Buy,226138083
2024-07-24 13:22:02,88000.0,500,Sell,226138271
2024-07-24 13:22:52,88000.0,1100,Sell,226139788
2024-07-24 13:23:04,88000.0,100,Sell,226140186
2024-07-24 13:23:18,88000.0,200,Sell,226140579
2024-07-24 13:23:46,88000.0,100,Sell,226141435
2024-07-24 13:23:46,88000.0,100,Sell,226141436
2024-07-24 13:24:13,88100.0,1000,Buy,226142357
2024-07-24 13:24:13,88100.0,100,Buy,226142358
2024-07-24 13:24:13,88100.0,500,Buy,226142359
2024-07-24 13:24:13,88100.0,100,Buy,226142360
2024-07-24 13:24:13,88100.0,400,Buy,226142361
2024-07-24 13:24:20,88000.0,100,Sell,226142577
2024-07-24 13:24:20,88000.0,1900,Sell,226142576
2024-07-24 13:25:42,88100.0,600,Buy,226146150
2024-07-24 13:25:42,88100.0,900,Buy,226146151
2024-07-24 13:25:57,88000.0,100,Sell,226146937
2024-07-24 13:26:51,88000.0,2800,Sell,226149801
2024-07-24 13:26:51,88000.0,2000,Sell,226149802
2024-07-24 13:26:51,88000.0,1500,Sell,226149803
2024-07-24 13:26:51,88000.0,3000,Sell,226149804
2024-07-24 13:27:03,88000.0,700,Buy,226150398
2024-07-24 13:28:11,88000.0,700,Sell,226153857
2024-07-24 13:28:11,88000.0,1300,Sell,226153852
2024-07-24 13:29:08,88000.0,100,Sell,226156745
2024-07-24 13:29:53,88100.0,100,Buy,226158687
2024-07-24 13:29:58,88100.0,100,Buy,226158933
2024-07-24 13:29:58,88100.0,100,Buy,226158934
2024-07-24 13:29:58,88100.0,800,Buy,226158935
2024-07-24 13:30:38,88000.0,100,Sell,226160680
2024-07-24 13:30:52,88000.0,1000,Sell,226161221
2024-07-24 13:30:52,88000.0,600,Sell,226161237
2024-07-24 13:30:52,88000.0,400,Sell,226161238
2024-07-24 13:30:57,88000.0,1000,Sell,226161561
2024-07-24 13:31:10,88000.0,1600,Sell,226162216
2024-07-24 13:31:48,87900.0,800,Sell,226164054
2024-07-24 13:31:48,87900.0,200,Sell,226164053
2024-07-24 13:32:05,88000.0,2000,Buy,226164943
2024-07-24 13:32:10,88000.0,1000,Buy,226165179
2024-07-24 13:32:16,88000.0,1000,Buy,226165452
2024-07-24 13:34:22,88000.0,400,Buy,226170279
2024-07-24 13:34:22,88000.0,100,Buy,226170280
2024-07-24 13:34:41,88000.0,1100,Buy,226170969
2024-07-24 13:34:41,88000.0,200,Buy,226170968
2024-07-24 13:34:41,88000.0,100,Buy,226170965
2024-07-24 13:34:41,88000.0,500,Buy,226170966
2024-07-24 13:34:41,88000.0,1200,Buy,226170967
2024-07-24 13:34:41,88000.0,900,Buy,226170964
2024-07-24 13:35:28,88000.0,100,Buy,226172286
2024-07-24 13:36:40,88000.0,800,Buy,226173983
2024-07-24 13:36:40,88000.0,1000,Buy,226173984
2024-07-24 13:36:40,88000.0,200,Buy,226173985
2024-07-24 13:37:37,88000.0,100,Buy,226175217
2024-07-24 13:37:37,88000.0,200,Buy,226175218
2024-07-24 13:37:48,88000.0,400,Buy,226175516
2024-07-24 13:37:48,88000.0,500,Buy,226175515
2024-07-24 13:38:34,88000.0,3000,Buy,226176603
2024-07-24 13:39:05,88000.0,1600,Buy,226177276
2024-07-24 13:39:05,88000.0,100,Buy,226177277
2024-07-24 13:39:05,88000.0,3300,Buy,226177278
2024-07-24 13:39:11,88000.0,100,Buy,226177416
2024-07-24 13:39:28,87900.0,200,Sell,226177771
2024-07-24 13:39:28,87900.0,400,Sell,226177772
2024-07-24 13:39:42,88000.0,200,Buy,226178104
2024-07-24 13:39:42,88000.0,100,Buy,226178103
2024-07-24 13:39:42,88000.0,300,Buy,226178101
2024-07-24 13:39:42,88000.0,100,Buy,226178100
2024-07-24 13:39:42,88000.0,1600,Buy,226178099
2024-07-24 13:39:42,88000.0,700,Buy,226178102
2024-07-24 13:40:56,88000.0,100,Buy,226179868
2024-07-24 13:40:56,88000.0,1000,Buy,226179869
2024-07-24 13:40:56,88000.0,1000,Buy,226179870
2024-07-24 13:40:56,88000.0,200,Buy,226179871
2024-07-24 13:40:56,88000.0,700,Buy,226179872
2024-07-24 13:40:59,88000.0,1000,Sell,226179956
2024-07-24 13:41:08,88100.0,100,Buy,226180119
2024-07-24 13:41:11,88100.0,100,Buy,226180187
2024-07-24 13:41:16,88100.0,100,Buy,226180307
2024-07-24 13:44:53,88100.0,100,Buy,226185562
2024-07-24 13:44:53,88100.0,600,Buy,226185567
2024-07-24 13:44:53,88100.0,1000,Buy,226185566
2024-07-24 13:44:53,88100.0,100,Buy,226185565
2024-07-24 13:44:53,88100.0,500,Buy,226185564
2024-07-24 13:44:53,88100.0,100,Buy,226185563
2024-07-24 13:44:53,88100.0,200,Buy,226185561
2024-07-24 13:44:53,88100.0,500,Buy,226185553
2024-07-24 13:44:53,88100.0,100,Buy,226185559
2024-07-24 13:44:53,88100.0,100,Buy,226185554
2024-07-24 13:44:53,88100.0,1100,Buy,226185555
2024-07-24 13:44:53,88100.0,200,Buy,226185560
2024-07-24 13:44:53,88100.0,100,Buy,226185557
2024-07-24 13:44:53,88100.0,100,Buy,226185556
2024-07-24 13:44:53,88100.0,200,Buy,226185558
2024-07-24 13:46:50,88100.0,300,Buy,226187967
2024-07-24 13:46:53,88000.0,2000,Sell,226188027
2024-07-24 13:46:53,88000.0,1200,Sell,226188028
2024-07-24 13:46:53,88000.0,2000,Sell,226188026
2024-07-24 13:46:54,88100.0,300,Buy,226188058
2024-07-24 13:47:07,88000.0,100,Sell,226188300
2024-07-24 13:48:21,88000.0,100,Sell,226189956
2024-07-24 13:48:24,88100.0,300,Buy,226190015
2024-07-24 13:48:30,88000.0,600,Sell,226190231
2024-07-24 13:48:30,88000.0,400,Sell,226190232
2024-07-24 13:48:30,88000.0,2000,Sell,226190233
2024-07-24 13:49:25,88100.0,300,Buy,226191364
2024-07-24 13:49:45,88000.0,4000,Sell,226191758
2024-07-24 13:49:45,88000.0,4000,Sell,226191757
2024-07-24 13:49:45,88000.0,3000,Sell,226191759
2024-07-24 13:49:45,88000.0,100,Sell,226191755
2024-07-24 13:49:45,88000.0,200,Sell,226191754
2024-07-24 13:49:45,88000.0,5000,Sell,226191756
2024-07-24 13:49:45,88000.0,1000,Sell,226191753
2024-07-24 13:50:01,88000.0,10000,Buy,226192110
2024-07-24 13:51:03,88000.0,2000,Buy,226193662
2024-07-24 13:52:16,88000.0,300,Buy,226195169
2024-07-24 13:53:15,88000.0,400,Buy,226196831
2024-07-24 13:53:15,88000.0,1600,Buy,226196832
2024-07-24 13:53:39,87900.0,100,Sell,226197447
2024-07-24 13:53:55,87900.0,1000,Sell,226197784
2024-07-24 13:53:55,87900.0,1900,Sell,226197786
2024-07-24 13:53:55,87900.0,1500,Sell,226197787
2024-07-24 13:53:55,87900.0,200,Sell,226197788
2024-07-24 13:53:55,87900.0,2000,Sell,226197789
2024-07-24 13:53:55,87900.0,100,Sell,226197790
2024-07-24 13:53:55,87900.0,600,Sell,226197791
2024-07-24 13:53:55,87900.0,2000,Sell,226197792
2024-07-24 13:53:55,87900.0,3000,Sell,226197793
2024-07-24 13:53:55,87900.0,1500,Sell,226197785
2024-07-24 13:54:13,87900.0,3000,Buy,226198255
2024-07-24 13:54:17,87900.0,2000,Buy,226198458
2024-07-24 13:54:30,87900.0,2000,Buy,226198886
2024-07-24 13:54:31,87900.0,300,Buy,226198926
2024-07-24 13:54:37,87900.0,3000,Buy,226199196
2024-07-24 13:54:45,87900.0,100,Buy,226199461
2024-07-24 13:54:48,87800.0,200,Sell,226199755
2024-07-24 13:54:48,87800.0,500,Sell,226199756
2024-07-24 13:54:48,87800.0,100,Sell,226199757
2024-07-24 13:54:48,87800.0,100,Sell,226199758
2024-07-24 13:54:48,87800.0,1000,Sell,226199754
2024-07-24 13:54:59,87800.0,200,Sell,226200293
2024-07-24 13:55:04,87800.0,1000,Sell,226200499
2024-07-24 13:55:55,87900.0,1000,Buy,226203264
2024-07-24 13:56:06,87900.0,2000,Buy,226203799
2024-07-24 13:56:09,87900.0,2000,Buy,226203950
2024-07-24 13:56:12,87800.0,100,Sell,226204031
2024-07-24 13:56:12,87800.0,100,Sell,226204035
2024-07-24 13:56:12,87800.0,3000,Sell,226204034
2024-07-24 13:56:12,87800.0,2000,Sell,226204033
2024-07-24 13:56:12,87800.0,2000,Sell,226204032
2024-07-24 13:56:12,87800.0,100,Sell,226204030
2024-07-24 13:56:12,87800.0,5000,Sell,226204028
2024-07-24 13:56:12,87800.0,200,Sell,226204024
2024-07-24 13:56:12,87800.0,100,Sell,226204025
2024-07-24 13:56:12,87800.0,7500,Sell,226204029
2024-07-24 13:56:12,87800.0,100,Sell,226204027
2024-07-24 13:56:12,87800.0,1500,Sell,226204026
2024-07-24 13:56:13,87800.0,100,Buy,226204116
2024-07-24 13:56:14,87800.0,1000,Buy,226204134
2024-07-24 13:56:28,87800.0,2000,Buy,226204839
2024-07-24 13:56:33,87700.0,400,Sell,226205060
2024-07-24 13:57:07,87700.0,2000,Sell,226206687
2024-07-24 13:57:12,87800.0,700,Buy,226206905
2024-07-24 13:57:15,87700.0,100,Sell,226207018
2024-07-24 13:57:58,87800.0,2000,Buy,226208446
2024-07-24 13:58:22,87800.0,2000,Buy,226209178
2024-07-24 13:58:27,87800.0,1500,Buy,226209341
2024-07-24 13:58:27,87800.0,500,Buy,226209340
2024-07-24 13:58:46,87800.0,500,Buy,226209835
2024-07-24 13:58:46,87800.0,2000,Buy,226209836
2024-07-24 13:59:02,87900.0,200,Buy,226210454
2024-07-24 13:59:02,87900.0,800,Buy,226210452
2024-07-24 13:59:02,87900.0,500,Buy,226210453
2024-07-24 14:00:04,87800.0,1100,Sell,226212204
2024-07-24 14:00:16,87900.0,500,Buy,226212541
2024-07-24 14:00:38,87900.0,1300,Buy,226213097
2024-07-24 14:00:38,87900.0,200,Buy,226213098
2024-07-24 14:00:50,87800.0,700,Sell,226213447
2024-07-24 14:00:59,87900.0,100,Buy,226213645
2024-07-24 14:01:13,87900.0,1000,Buy,226213976
2024-07-24 14:01:13,87900.0,600,Buy,226213977
2024-07-24 14:01:13,87900.0,200,Buy,226213978
2024-07-24 14:01:13,87900.0,200,Buy,226213975
2024-07-24 14:01:14,87800.0,200,Sell,226214015
2024-07-24 14:01:14,87800.0,600,Sell,226214016
2024-07-24 14:01:47,88000.0,1000,Buy,226214888
2024-07-24 14:01:56,88000.0,1200,Buy,226215190
2024-07-24 14:02:01,87900.0,2000,Sell,226215353
2024-07-24 14:02:02,88000.0,1000,Buy,226215377
2024-07-24 14:02:09,88000.0,1000,Buy,226215595
2024-07-24 14:02:10,87800.0,100,Sell,226215698
2024-07-24 14:02:35,87900.0,400,Buy,226216416
2024-07-24 14:03:02,87700.0,400,Sell,226217042
2024-07-24 14:03:02,87700.0,2000,Sell,226217041
2024-07-24 14:03:02,87700.0,400,Sell,226217040
2024-07-24 14:03:02,87700.0,100,Sell,226217039
2024-07-24 14:03:02,87700.0,1500,Sell,226217038
2024-07-24 14:03:02,87700.0,300,Sell,226217037
2024-07-24 14:03:02,87700.0,400,Sell,226217036
2024-07-24 14:03:02,87800.0,2000,Sell,226217034
2024-07-24 14:03:02,87800.0,2000,Sell,226217032
2024-07-24 14:03:02,87800.0,2000,Sell,226217031
2024-07-24 14:03:02,87800.0,100,Sell,226217030
2024-07-24 14:03:02,87800.0,1300,Sell,226217029
2024-07-24 14:03:02,87700.0,2500,Sell,226217035
2024-07-24 14:03:03,87900.0,100,Buy,226217062
2024-07-24 14:05:29,87900.0,3000,Sell,226220306
2024-07-24 14:05:29,87900.0,2000,Sell,226220307
2024-07-24 14:05:29,87900.0,1900,Sell,226220304
2024-07-24 14:05:29,87900.0,2000,Sell,226220305
2024-07-24 14:05:50,87900.0,2000,Buy,226220681
2024-07-24 14:05:58,87900.0,10000,Buy,226220870
2024-07-24 14:06:02,87900.0,3000,Buy,226220945
2024-07-24 14:06:12,87900.0,300,Buy,226221122
2024-07-24 14:06:19,87900.0,100,Buy,226221315
2024-07-24 14:06:19,87900.0,9900,Buy,226221316
2024-07-24 14:06:27,87900.0,1900,Buy,226221602
2024-07-24 14:06:27,87800.0,1000,Sell,226221571
2024-07-24 14:06:27,87900.0,100,Buy,226221601
2024-07-24 14:06:33,87900.0,100,Buy,226221739
2024-07-24 14:06:43,87900.0,1000,Sell,226222002
2024-07-24 14:06:46,87900.0,3900,Sell,226222087
2024-07-24 14:06:48,87900.0,1900,Buy,226222117
2024-07-24 14:06:51,87900.0,2000,Buy,226222186
2024-07-24 14:06:52,87800.0,1000,Sell,226222218
2024-07-24 14:07:00,87900.0,12000,Buy,226222444
2024-07-24 14:07:04,87900.0,200,Buy,226222536
2024-07-24 14:07:14,87900.0,2000,Sell,226222823
2024-07-24 14:07:14,87900.0,5800,Sell,226222822
2024-07-24 14:07:16,87800.0,1000,Sell,226222897
2024-07-24 14:07:21,87900.0,5000,Buy,226223057
2024-07-24 14:07:37,87900.0,7000,Buy,226223450
2024-07-24 14:07:44,87900.0,200,Buy,226223586
2024-07-24 14:08:37,87900.0,500,Sell,226224942
2024-07-24 14:09:03,87900.0,9300,Sell,226225630
2024-07-24 14:09:03,87900.0,700,Sell,226225631
2024-07-24 14:09:03,87900.0,1300,Sell,226225636
2024-07-24 14:09:03,87900.0,700,Sell,226225637
2024-07-24 14:09:13,87900.0,2300,Sell,226225882
2024-07-24 14:09:18,87900.0,300,Buy,226226040
2024-07-24 14:09:43,87900.0,2000,Sell,226226484
2024-07-24 14:09:54,88000.0,200,Buy,226226748
2024-07-24 14:10:01,88000.0,200,Buy,226226852
2024-07-24 14:10:16,87900.0,500,Sell,226227164
2024-07-24 14:10:29,87900.0,1000,Sell,226227484
2024-07-24 14:10:50,87900.0,100,Sell,226227919
2024-07-24 14:10:59,88000.0,300,Buy,226228068
2024-07-24 14:11:02,87900.0,6000,Sell,226228162
2024-07-24 14:11:48,87900.0,1100,Sell,226228996
2024-07-24 14:11:50,87900.0,500,Sell,226229028
2024-07-24 14:11:55,87900.0,500,Sell,226229153
2024-07-24 14:11:55,87900.0,500,Sell,226229154
2024-07-24 14:12:20,87900.0,100,Sell,226229608
2024-07-24 14:12:23,87900.0,1000,Sell,226229679
2024-07-24 14:12:29,87900.0,1400,Sell,226229768
2024-07-24 14:12:29,87900.0,3000,Sell,226229769
2024-07-24 14:12:31,87900.0,2000,Buy,226229816
2024-07-24 14:12:55,87900.0,3600,Buy,226230304
2024-07-24 14:12:55,87900.0,1400,Buy,226230305
2024-07-24 14:12:55,87900.0,100,Buy,226230317
2024-07-24 14:13:11,87900.0,8000,Buy,226230694
2024-07-24 14:13:17,87900.0,200,Buy,226230803
2024-07-24 14:13:18,87900.0,1000,Buy,226230819
2024-07-24 14:13:18,87900.0,100,Buy,226230818
2024-07-24 14:13:18,87900.0,300,Buy,226230817
2024-07-24 14:13:19,87900.0,3600,Sell,226230834
2024-07-24 14:13:34,87900.0,6400,Buy,226231212
2024-07-24 14:13:42,87900.0,600,Sell,226231400
2024-07-24 14:13:43,87900.0,9400,Buy,226231431
2024-07-24 14:13:48,87900.0,600,Sell,226231503
2024-07-24 14:13:48,87900.0,200,Sell,226231504
2024-07-24 14:14:11,87800.0,500,Sell,226231934
2024-07-24 14:15:07,87800.0,200,Sell,226233288
2024-07-24 14:15:37,87900.0,2000,Buy,226234123
2024-07-24 14:15:40,87900.0,1000,Buy,226234197
2024-07-24 14:15:41,87900.0,300,Buy,226234258
2024-07-24 14:15:59,87900.0,1700,Buy,226234748
2024-07-24 14:16:23,87900.0,1900,Buy,226235616
2024-07-24 14:16:35,87900.0,1000,Buy,226236008
2024-07-24 14:16:40,87800.0,100,Sell,226236232
2024-07-24 14:16:43,87900.0,1300,Buy,226236289
2024-07-24 14:16:43,87900.0,100,Buy,226236290
2024-07-24 14:16:43,87900.0,600,Buy,226236291
2024-07-24 14:16:46,87900.0,1400,Buy,226236436
2024-07-24 14:16:46,87900.0,1000,Buy,226236440
2024-07-24 14:16:48,87900.0,2000,Buy,226236533
2024-07-24 14:16:58,88000.0,500,Buy,226236932
2024-07-24 14:16:58,88000.0,200,Buy,226236933
2024-07-24 14:16:58,88000.0,300,Buy,226236931
2024-07-24 14:17:08,88000.0,18800,Buy,226237387
2024-07-24 14:17:08,88000.0,300,Buy,226237383
2024-07-24 14:17:08,88000.0,100,Buy,226237386
2024-07-24 14:17:08,88000.0,2000,Buy,226237385
2024-07-24 14:17:08,88000.0,100,Buy,226237384
2024-07-24 14:17:08,88000.0,100,Buy,226237382
2024-07-24 14:17:08,88000.0,200,Buy,226237375
2024-07-24 14:17:08,88000.0,1000,Buy,226237380
2024-07-24 14:17:08,88000.0,300,Buy,226237381
2024-07-24 14:17:08,88000.0,100,Buy,226237376
2024-07-24 14:17:08,88000.0,1800,Buy,226237374
2024-07-24 14:17:08,88000.0,5000,Buy,226237378
2024-07-24 14:17:08,88000.0,100,Buy,226237377
2024-07-24 14:17:08,88000.0,1100,Buy,226237379
2024-07-24 14:17:18,88000.0,1200,Buy,226238000
2024-07-24 14:17:18,88000.0,7000,Buy,226238001
2024-07-24 14:17:21,88000.0,400,Buy,226238107
2024-07-24 14:17:31,88000.0,2000,Buy,226238654
2024-07-24 14:18:08,87900.0,3000,Sell,226241048
2024-07-24 14:19:23,87900.0,2000,Sell,226245194
2024-07-24 14:19:23,87900.0,2000,Sell,226245195
2024-07-24 14:19:23,87900.0,1000,Sell,226245196
2024-07-24 14:19:23,87900.0,3000,Sell,226245197
2024-07-24 14:19:29,87900.0,1000,Buy,226245472
2024-07-24 14:19:45,87900.0,300,Buy,226246487
2024-07-24 14:20:27,87900.0,1700,Sell,226248709
2024-07-24 14:20:27,87900.0,400,Sell,226248710
2024-07-24 14:20:28,87900.0,2900,Buy,226248829
2024-07-24 14:20:28,87900.0,100,Buy,226248830
2024-07-24 14:20:33,87900.0,100,Buy,226249064
2024-07-24 14:20:45,87900.0,2000,Buy,226249666
2024-07-24 14:20:52,87900.0,2800,Buy,226250163
2024-07-24 14:20:52,87900.0,1000,Buy,226250164
2024-07-24 14:20:52,87900.0,1000,Buy,226250165
2024-07-24 14:20:52,87900.0,1000,Buy,226250166
2024-07-24 14:20:52,87900.0,1000,Buy,226250167
2024-07-24 14:20:52,87900.0,200,Buy,226250168
2024-07-24 14:21:03,87900.0,800,Buy,226250891
2024-07-24 14:21:03,87900.0,200,Buy,226250892
2024-07-24 14:21:08,87900.0,500,Buy,226251154
2024-07-24 14:21:17,87900.0,300,Buy,226251999
2024-07-24 14:21:25,87900.0,700,Sell,226252811
2024-07-24 14:21:27,87900.0,100,Buy,226253005
2024-07-24 14:21:52,87900.0,300,Buy,226255008
2024-07-24 14:22:11,87900.0,3900,Buy,226256635
2024-07-24 14:22:11,87900.0,4100,Buy,226256636
2024-07-24 14:22:27,87900.0,900,Buy,226257715
2024-07-24 14:22:27,87900.0,100,Buy,226257716
2024-07-24 14:22:27,87900.0,1000,Buy,226257717
2024-07-24 14:22:27,87900.0,1000,Buy,226257718
2024-07-24 14:23:22,87900.0,100,Sell,226261363
2024-07-24 14:24:20,87900.0,2900,Sell,226265109
2024-07-24 14:24:20,87900.0,5000,Sell,226265110
2024-07-24 14:24:43,87900.0,200,Buy,226266563
2024-07-24 14:24:44,87900.0,1100,Buy,226266663
2024-07-24 14:24:49,87900.0,100,Buy,226266990
2024-07-24 14:25:03,87800.0,1000,Sell,226267754
2024-07-24 14:25:03,87800.0,1000,Sell,226267792
2024-07-24 14:25:10,87800.0,2200,Sell,226268275
2024-07-24 14:25:10,87900.0,400,Buy,226268253
2024-07-24 14:25:21,87800.0,2600,Sell,226268957
2024-07-24 14:25:21,87800.0,400,Sell,226268956
2024-07-24 14:25:22,87800.0,2300,Sell,226269041
2024-07-24 14:25:24,87800.0,900,Sell,226269281
2024-07-24 14:25:24,87800.0,100,Sell,226269280
2024-07-24 14:25:36,87800.0,100,Sell,226270116
2024-07-24 14:25:36,87800.0,300,Sell,226270113
2024-07-24 14:25:36,87800.0,200,Sell,226270112
2024-07-24 14:25:36,87800.0,100,Sell,226270115
2024-07-24 14:25:36,87800.0,200,Sell,226270110
2024-07-24 14:25:36,87800.0,300,Sell,226270109
2024-07-24 14:25:36,87800.0,1100,Sell,226270108
2024-07-24 14:25:36,87800.0,100,Sell,226270111
2024-07-24 14:25:36,87800.0,100,Sell,226270114
2024-07-24 14:25:44,87700.0,100,Sell,226270659
2024-07-24 14:25:44,87700.0,3000,Sell,226270654
2024-07-24 14:25:44,87700.0,200,Sell,226270655
2024-07-24 14:25:44,87700.0,100,Sell,226270656
2024-07-24 14:25:44,87700.0,400,Sell,226270657
2024-07-24 14:25:44,87700.0,100,Sell,226270658
2024-07-24 14:25:46,87700.0,300,Buy,226270782
2024-07-24 14:25:46,87700.0,100,Buy,226270783
2024-07-24 14:25:50,87700.0,5000,Buy,226270978
2024-07-24 14:25:55,87600.0,1000,Sell,226271292
2024-07-24 14:26:05,87600.0,1200,Sell,226271884
2024-07-24 14:26:12,87700.0,200,Buy,226272297
2024-07-24 14:26:19,87600.0,1000,Sell,226272706
2024-07-24 14:26:44,87600.0,1000,Sell,226274197
2024-07-24 14:26:45,87600.0,600,Sell,226274277
2024-07-24 14:26:46,87600.0,1000,Sell,226274328
2024-07-24 14:26:47,87600.0,300,Sell,226274391
2024-07-24 14:26:49,87600.0,500,Sell,226274578
2024-07-24 14:26:59,87600.0,10000,Sell,226275029
2024-07-24 14:27:17,87700.0,500,Buy,226276119
2024-07-24 14:27:17,87700.0,100,Buy,226276118
2024-07-24 14:27:17,87700.0,2100,Buy,226276116
2024-07-24 14:27:17,87700.0,1000,Buy,226276115
2024-07-24 14:27:17,87700.0,500,Buy,226276117
2024-07-24 14:27:17,87700.0,300,Buy,226276113
2024-07-24 14:27:17,87700.0,700,Buy,226276086
2024-07-24 14:27:17,87700.0,1000,Buy,226276085
2024-07-24 14:27:17,87700.0,1000,Buy,226276084
2024-07-24 14:27:17,87700.0,1000,Buy,226276114
2024-07-24 14:27:18,87700.0,100,Buy,226276125
2024-07-24 14:27:27,87700.0,1700,Buy,226276671
2024-07-24 14:27:46,87800.0,500,Buy,226277623
2024-07-24 14:28:24,87700.0,3300,Sell,226279572
2024-07-24 14:28:24,87700.0,6900,Sell,226279573
2024-07-24 14:28:53,87600.0,500,Sell,226281098
2024-07-24 14:29:13,87700.0,200,Buy,226282159
2024-07-24 14:29:18,87700.0,100,Buy,226282387
2024-07-24 14:29:19,87600.0,300,Sell,226282418
2024-07-24 14:29:19,87700.0,200,Buy,226282419
2024-07-24 14:29:19,87700.0,100,Buy,226282439
2024-07-24 14:29:35,87700.0,200,Buy,226283195
2024-07-24 14:29:35,87700.0,500,Buy,226283196
2024-07-24 14:29:35,87700.0,4300,Sell,226283205
2024-07-24 14:29:35,87600.0,500,Sell,226283206
2024-07-24 14:44:39,87500.0,229500,ATO/ATC,226284151
