time,price,volume,match_type,id
2024-08-01 09:14:41,89300.0,12100,ATO/ATC,227892956
2024-08-01 09:14:44,89300.0,400,Buy,227893190
2024-08-01 09:15:12,89200.0,100,Sell,227893655
2024-08-01 09:15:12,89200.0,500,Sell,227893657
2024-08-01 09:15:12,89300.0,100,Buy,227893638
2024-08-01 09:15:12,89200.0,100,Sell,227893656
2024-08-01 09:15:13,89200.0,300,Sell,227893658
2024-08-01 09:15:17,89300.0,400,Buy,227893730
2024-08-01 09:15:17,89300.0,100,Buy,227893729
2024-08-01 09:15:25,89300.0,100,Buy,227893886
2024-08-01 09:15:25,89300.0,200,Buy,227893885
2024-08-01 09:15:25,89300.0,100,Buy,227893887
2024-08-01 09:15:32,89200.0,1000,Sell,227894023
2024-08-01 09:15:38,89400.0,200,Buy,227894141
2024-08-01 09:15:38,89400.0,500,Buy,227894142
2024-08-01 09:15:38,89400.0,2000,Buy,227894143
2024-08-01 09:15:50,89400.0,100,Buy,227894395
2024-08-01 09:15:50,89400.0,100,Buy,227894397
2024-08-01 09:15:50,89400.0,100,Buy,227894393
2024-08-01 09:15:50,89400.0,100,Buy,227894394
2024-08-01 09:15:50,89400.0,200,Buy,227894396
2024-08-01 09:16:07,89400.0,100,Sell,227894722
2024-08-01 09:16:08,89500.0,100,Buy,227894745
2024-08-01 09:16:19,89500.0,800,Buy,227894950
2024-08-01 09:16:19,89500.0,100,Buy,227894951
2024-08-01 09:16:38,89500.0,200,Buy,227895362
2024-08-01 09:16:38,89500.0,400,Buy,227895353
2024-08-01 09:16:38,89500.0,100,Buy,227895354
2024-08-01 09:16:38,89500.0,1000,Buy,227895355
2024-08-01 09:16:40,89500.0,100,Buy,227895383
2024-08-01 09:16:40,89500.0,200,Buy,227895384
2024-08-01 09:16:48,89500.0,500,Buy,227895534
2024-08-01 09:16:48,89500.0,100,Buy,227895535
2024-08-01 09:16:59,89500.0,400,Buy,227895770
2024-08-01 09:17:01,89500.0,200,Buy,227895825
2024-08-01 09:17:01,89500.0,300,Buy,227895826
2024-08-01 09:17:01,89500.0,100,Buy,227895827
2024-08-01 09:17:05,89500.0,100,Buy,227895920
2024-08-01 09:17:05,89500.0,100,Buy,227895921
2024-08-01 09:17:09,89600.0,100,Buy,227895967
2024-08-01 09:17:09,89600.0,500,Buy,227895968
2024-08-01 09:17:17,89600.0,500,Buy,227896166
2024-08-01 09:17:20,89600.0,500,Buy,227896221
2024-08-01 09:17:22,89600.0,800,Buy,227896270
2024-08-01 09:17:38,89600.0,300,Buy,227896619
2024-08-01 09:17:58,89600.0,4800,Buy,227897112
2024-08-01 09:17:58,89600.0,100,Buy,227897113
2024-08-01 09:18:08,89700.0,100,Buy,227897340
2024-08-01 09:18:08,89700.0,600,Buy,227897341
2024-08-01 09:18:08,89700.0,200,Buy,227897327
2024-08-01 09:18:08,89700.0,300,Buy,227897339
2024-08-01 09:18:08,89700.0,500,Buy,227897326
2024-08-01 09:18:20,89700.0,100,Buy,227897557
2024-08-01 09:18:22,89700.0,3000,Buy,227897608
2024-08-01 09:18:22,89700.0,500,Buy,227897607
2024-08-01 09:18:22,89700.0,100,Buy,227897606
2024-08-01 09:18:22,89800.0,400,Buy,227897610
2024-08-01 09:18:22,89700.0,100,Buy,227897604
2024-08-01 09:18:22,89700.0,1000,Buy,227897603
2024-08-01 09:18:22,89700.0,4300,Buy,227897602
2024-08-01 09:18:22,89700.0,100,Buy,227897605
2024-08-01 09:18:22,89800.0,500,Buy,227897609
2024-08-01 09:18:24,89800.0,2600,Buy,227897669
2024-08-01 09:18:24,89800.0,1000,Buy,227897670
2024-08-01 09:18:24,89800.0,500,Buy,227897671
2024-08-01 09:18:24,89800.0,5000,Buy,227897672
2024-08-01 09:18:24,89800.0,100,Buy,227897673
2024-08-01 09:18:24,89800.0,200,Buy,227897674
2024-08-01 09:18:24,89800.0,600,Buy,227897675
2024-08-01 09:18:24,89800.0,100,Buy,227897678
2024-08-01 09:18:27,89800.0,100,Buy,227897748
2024-08-01 09:18:34,89800.0,200,Buy,227897962
2024-08-01 09:18:37,89800.0,300,Buy,227898013
2024-08-01 09:18:38,89800.0,700,Buy,227898051
2024-08-01 09:18:38,89800.0,100,Buy,227898052
2024-08-01 09:18:48,89900.0,1000,Buy,227898336
2024-08-01 09:18:50,89900.0,500,Buy,227898384
2024-08-01 09:18:50,89900.0,100,Buy,227898383
2024-08-01 09:18:50,89900.0,100,Buy,227898382
2024-08-01 09:18:50,89900.0,100,Buy,227898381
2024-08-01 09:18:50,89900.0,100,Buy,227898380
2024-08-01 09:18:50,89900.0,5000,Buy,227898379
2024-08-01 09:18:50,89900.0,100,Buy,227898377
2024-08-01 09:18:50,89900.0,100,Buy,227898376
2024-08-01 09:18:50,89900.0,100,Buy,227898375
2024-08-01 09:18:50,89900.0,500,Buy,227898374
2024-08-01 09:18:50,89900.0,100,Buy,227898373
2024-08-01 09:18:50,89900.0,600,Buy,227898378
2024-08-01 09:18:55,90000.0,200,Buy,227898517
2024-08-01 09:18:55,90000.0,100,Buy,227898516
2024-08-01 09:18:55,90000.0,100,Buy,227898513
2024-08-01 09:18:55,90000.0,600,Buy,227898512
2024-08-01 09:18:55,90000.0,100,Buy,227898515
2024-08-01 09:18:55,90000.0,200,Buy,227898510
2024-08-01 09:18:55,90000.0,100,Buy,227898511
2024-08-01 09:18:55,90000.0,500,Buy,227898507
2024-08-01 09:18:55,90000.0,100,Buy,227898514
2024-08-01 09:18:55,90000.0,500,Buy,227898509
2024-08-01 09:18:55,90000.0,500,Buy,227898508
2024-08-01 09:18:58,89900.0,1000,Sell,227898567
2024-08-01 09:19:04,90000.0,100,Buy,227898717
2024-08-01 09:19:04,90000.0,200,Buy,227898718
2024-08-01 09:19:06,90000.0,400,Buy,227898759
2024-08-01 09:19:06,90000.0,100,Buy,227898760
2024-08-01 09:19:06,90000.0,500,Buy,227898765
2024-08-01 09:19:06,90000.0,100,Buy,227898766
2024-08-01 09:19:06,90000.0,200,Buy,227898767
2024-08-01 09:19:06,90000.0,200,Buy,227898768
2024-08-01 09:19:08,90000.0,1000,Buy,227898816
2024-08-01 09:19:08,90000.0,100,Buy,227898815
2024-08-01 09:19:08,90000.0,100,Buy,227898814
2024-08-01 09:19:08,90000.0,100,Buy,227898813
2024-08-01 09:19:08,90000.0,200,Buy,227898817
2024-08-01 09:19:08,90000.0,400,Buy,227898811
2024-08-01 09:19:08,90000.0,1000,Buy,227898810
2024-08-01 09:19:08,90000.0,100,Buy,227898809
2024-08-01 09:19:08,90000.0,300,Buy,227898808
2024-08-01 09:19:08,89900.0,200,Sell,227898798
2024-08-01 09:19:08,90000.0,1000,Buy,227898812
2024-08-01 09:19:09,90000.0,100,Buy,227898838
2024-08-01 09:19:09,90000.0,100,Buy,227898837
2024-08-01 09:19:09,90000.0,300,Buy,227898836
2024-08-01 09:19:09,90000.0,5000,Buy,227898835
2024-08-01 09:19:09,90000.0,1000,Buy,227898834
2024-08-01 09:19:09,90000.0,100,Buy,227898833
2024-08-01 09:19:09,90000.0,100,Buy,227898832
2024-08-01 09:19:09,90000.0,100,Buy,227898830
2024-08-01 09:19:09,90000.0,100,Buy,227898829
2024-08-01 09:19:09,90000.0,500,Buy,227898828
2024-08-01 09:19:09,90000.0,900,Buy,227898827
2024-08-01 09:19:09,90000.0,100,Buy,227898819
2024-08-01 09:19:09,90000.0,100,Buy,227898831
2024-08-01 09:19:09,90000.0,100,Buy,227898818
2024-08-01 09:19:10,90100.0,100,Buy,227898867
2024-08-01 09:19:10,90100.0,100,Buy,227898868
2024-08-01 09:19:10,90100.0,100,Buy,227898869
2024-08-01 09:19:10,90100.0,700,Buy,227898870
2024-08-01 09:19:13,90100.0,1000,Buy,227898945
2024-08-01 09:19:14,90100.0,300,Buy,227898974
2024-08-01 09:19:14,90100.0,100,Buy,227898975
2024-08-01 09:19:15,90100.0,1900,Buy,227898983
2024-08-01 09:19:15,90100.0,100,Buy,227898984
2024-08-01 09:19:15,90100.0,1900,Buy,227898985
2024-08-01 09:19:15,90100.0,100,Buy,227898986
2024-08-01 09:19:15,90100.0,1900,Buy,227898987
2024-08-01 09:19:19,90100.0,100,Buy,227899098
2024-08-01 09:19:31,90300.0,100,Buy,227899364
2024-08-01 09:19:31,90200.0,100,Buy,227899363
2024-08-01 09:19:31,90300.0,200,Buy,227899365
2024-08-01 09:19:31,90200.0,1000,Buy,227899361
2024-08-01 09:19:31,90200.0,500,Buy,227899360
2024-08-01 09:19:31,90200.0,2000,Buy,227899346
2024-08-01 09:19:31,90200.0,100,Buy,227899362
2024-08-01 09:19:32,90100.0,100,Sell,227899371
2024-08-01 09:19:32,90300.0,1000,Buy,227899399
2024-08-01 09:19:48,90200.0,100,Buy,227899767
2024-08-01 09:19:50,90300.0,100,Buy,227899816
2024-08-01 09:19:50,90300.0,200,Buy,227899817
2024-08-01 09:19:50,90300.0,200,Buy,227899818
2024-08-01 09:19:51,90300.0,100,Buy,227899864
2024-08-01 09:19:55,90300.0,100,Buy,227899938
2024-08-01 09:19:55,90300.0,100,Buy,227899946
2024-08-01 09:19:55,90300.0,900,Buy,227899939
2024-08-01 09:19:55,90300.0,200,Buy,227899937
2024-08-01 09:19:55,90300.0,300,Buy,227899933
2024-08-01 09:19:55,90300.0,100,Buy,227899935
2024-08-01 09:19:55,90300.0,100,Buy,227899934
2024-08-01 09:19:55,90300.0,100,Buy,227899932
2024-08-01 09:19:55,90300.0,100,Buy,227899936
2024-08-01 09:19:58,90300.0,100,Buy,227899986
2024-08-01 09:19:58,90300.0,400,Buy,227899987
2024-08-01 09:19:58,90200.0,200,Sell,227899988
2024-08-01 09:20:06,90200.0,100,Sell,227900224
2024-08-01 09:20:10,90200.0,1000,Sell,227900320
2024-08-01 09:20:13,90300.0,600,Buy,227900376
2024-08-01 09:20:13,90300.0,100,Buy,227900374
2024-08-01 09:20:13,90300.0,100,Buy,227900375
2024-08-01 09:20:15,90300.0,400,Buy,227900404
2024-08-01 09:20:15,90300.0,100,Buy,227900405
2024-08-01 09:20:21,90300.0,100,Buy,227900520
2024-08-01 09:20:21,90300.0,200,Buy,227900521
2024-08-01 09:20:22,90300.0,100,Buy,227900536
2024-08-01 09:20:22,90300.0,300,Buy,227900537
2024-08-01 09:20:24,90300.0,1000,Buy,227900569
2024-08-01 09:20:25,90300.0,500,Buy,227900619
2024-08-01 09:20:25,90300.0,100,Buy,227900624
2024-08-01 09:20:25,90300.0,100,Buy,227900623
2024-08-01 09:20:25,90300.0,1700,Buy,227900618
2024-08-01 09:20:25,90300.0,100,Buy,227900621
2024-08-01 09:20:25,90300.0,100,Buy,227900622
2024-08-01 09:20:25,90300.0,200,Buy,227900620
2024-08-01 09:20:27,90300.0,500,Sell,227900698
2024-08-01 09:20:27,90300.0,100,Sell,227900696
2024-08-01 09:20:27,90300.0,100,Sell,227900697
2024-08-01 09:20:28,90300.0,200,Buy,227900709
2024-08-01 09:20:29,90300.0,600,Buy,227900723
2024-08-01 09:20:37,90200.0,1000,Sell,227900875
2024-08-01 09:20:38,90200.0,100,Sell,227900900
2024-08-01 09:20:41,90200.0,100,Sell,227900950
2024-08-01 09:20:44,90200.0,100,Sell,227901007
2024-08-01 09:20:45,90200.0,7300,Sell,227901023
2024-08-01 09:20:45,90200.0,400,Sell,227901024
2024-08-01 09:20:45,90200.0,1000,Sell,227901026
2024-08-01 09:20:45,90200.0,600,Sell,227901027
2024-08-01 09:20:45,90200.0,700,Sell,227901025
2024-08-01 09:20:47,90200.0,100,Sell,227901058
2024-08-01 09:20:47,90200.0,200,Sell,227901066
2024-08-01 09:20:47,90200.0,1100,Sell,227901074
2024-08-01 09:20:47,90200.0,600,Sell,227901075
2024-08-01 09:20:57,90200.0,300,Buy,227901290
2024-08-01 09:20:59,90200.0,100,Buy,227901319
2024-08-01 09:20:59,90200.0,200,Buy,227901320
2024-08-01 09:21:00,90200.0,100,Buy,227901355
2024-08-01 09:21:00,90200.0,100,Buy,227901356
2024-08-01 09:21:02,90200.0,100,Sell,227901431
2024-08-01 09:21:03,90200.0,700,Sell,227901442
2024-08-01 09:21:06,90200.0,500,Buy,227901554
2024-08-01 09:21:06,90200.0,1000,Buy,227901555
2024-08-01 09:21:11,90100.0,800,Sell,227901664
2024-08-01 09:21:16,90100.0,100,Sell,227901755
2024-08-01 09:21:16,90100.0,200,Sell,227901751
2024-08-01 09:21:16,90100.0,100,Sell,227901750
2024-08-01 09:21:16,90100.0,100,Sell,227901748
2024-08-01 09:21:16,90100.0,600,Sell,227901749
2024-08-01 09:21:18,90100.0,700,Sell,227901790
2024-08-01 09:21:18,90100.0,2000,Sell,227901791
2024-08-01 09:21:18,90100.0,100,Sell,227901792
2024-08-01 09:21:18,90100.0,100,Sell,227901793
2024-08-01 09:21:21,90000.0,1000,Sell,227901851
2024-08-01 09:21:23,90100.0,400,Buy,227901890
2024-08-01 09:21:29,90100.0,400,Buy,227902008
2024-08-01 09:21:32,90100.0,200,Buy,227902071
2024-08-01 09:21:32,90100.0,100,Buy,227902076
2024-08-01 09:21:32,90100.0,100,Buy,227902070
2024-08-01 09:21:32,90100.0,2000,Buy,227902072
2024-08-01 09:21:32,90100.0,600,Buy,227902073
2024-08-01 09:21:39,90100.0,100,Buy,227902244
2024-08-01 09:21:43,90100.0,100,Buy,227902344
2024-08-01 09:21:54,90100.0,100,Buy,227902628
2024-08-01 09:21:54,90100.0,100,Buy,227902629
2024-08-01 09:21:54,90100.0,200,Buy,227902630
2024-08-01 09:21:54,90100.0,600,Buy,227902631
2024-08-01 09:21:54,90100.0,400,Buy,227902632
2024-08-01 09:21:54,90100.0,1000,Buy,227902633
2024-08-01 09:21:54,90100.0,100,Buy,227902634
2024-08-01 09:21:54,90100.0,500,Buy,227902635
2024-08-01 09:22:07,90000.0,100,Sell,227902946
2024-08-01 09:22:09,90000.0,1000,Sell,227902983
2024-08-01 09:22:09,90000.0,100,Sell,227902982
2024-08-01 09:22:09,90000.0,100,Sell,227902979
2024-08-01 09:22:09,90000.0,800,Sell,227902981
2024-08-01 09:22:09,90000.0,100,Sell,227902980
2024-08-01 09:22:09,90000.0,2000,Sell,227902977
2024-08-01 09:22:09,90000.0,1200,Sell,227902976
2024-08-01 09:22:09,90000.0,500,Sell,227902975
2024-08-01 09:22:09,90000.0,3900,Sell,227902978
2024-08-01 09:22:16,90000.0,100,Buy,227903096
2024-08-01 09:22:30,89900.0,200,Sell,227903521
2024-08-01 09:22:33,90000.0,500,Buy,227903627
2024-08-01 09:22:33,90000.0,500,Buy,227903628
2024-08-01 09:22:33,90000.0,100,Buy,227903625
2024-08-01 09:22:33,90000.0,100,Buy,227903624
2024-08-01 09:22:33,90000.0,100,Buy,227903626
2024-08-01 09:22:35,90000.0,500,Sell,227903651
2024-08-01 09:22:35,90000.0,100,Sell,227903675
2024-08-01 09:22:35,90000.0,100,Sell,227903676
2024-08-01 09:22:37,90000.0,400,Buy,227903713
2024-08-01 09:22:47,90000.0,400,Buy,227903983
2024-08-01 09:22:54,89900.0,200,Sell,227904179
2024-08-01 09:22:54,89900.0,800,Sell,227904180
2024-08-01 09:22:55,90000.0,1000,Buy,227904196
2024-08-01 09:22:55,90000.0,300,Buy,227904207
2024-08-01 09:23:04,89900.0,300,Sell,227904427
2024-08-01 09:23:08,90000.0,600,Buy,227904525
2024-08-01 09:23:12,90000.0,200,Buy,227904586
2024-08-01 09:23:12,90000.0,100,Buy,227904585
2024-08-01 09:23:12,90000.0,200,Buy,227904583
2024-08-01 09:23:12,90000.0,100,Buy,227904582
2024-08-01 09:23:12,90000.0,600,Buy,227904576
2024-08-01 09:23:12,90000.0,200,Buy,227904580
2024-08-01 09:23:12,90000.0,1300,Buy,227904579
2024-08-01 09:23:12,90000.0,1400,Buy,227904578
2024-08-01 09:23:12,90000.0,200,Buy,227904577
2024-08-01 09:23:12,90000.0,1000,Buy,227904581
2024-08-01 09:23:16,90000.0,100,Sell,227904661
2024-08-01 09:23:16,90000.0,100,Sell,227904662
2024-08-01 09:23:16,90100.0,400,Buy,227904667
2024-08-01 09:23:16,90100.0,200,Buy,227904668
2024-08-01 09:23:16,90100.0,100,Buy,227904669
2024-08-01 09:23:16,90100.0,200,Buy,227904670
2024-08-01 09:23:16,90100.0,800,Buy,227904671
2024-08-01 09:23:17,90000.0,100,Sell,227904677
2024-08-01 09:23:17,90000.0,400,Sell,227904678
2024-08-01 09:23:18,90000.0,100,Sell,227904717
2024-08-01 09:23:22,90100.0,400,Buy,227904813
2024-08-01 09:23:22,90100.0,200,Buy,227904812
2024-08-01 09:23:24,90100.0,600,Buy,227904843
2024-08-01 09:23:24,90100.0,100,Buy,227904849
2024-08-01 09:23:24,90100.0,100,Buy,227904848
2024-08-01 09:23:24,90100.0,100,Buy,227904845
2024-08-01 09:23:24,90100.0,300,Buy,227904846
2024-08-01 09:23:24,90100.0,200,Buy,227904844
2024-08-01 09:23:24,90100.0,600,Buy,227904847
2024-08-01 09:23:29,90000.0,100,Sell,227904995
2024-08-01 09:23:35,90000.0,100,Sell,227905116
2024-08-01 09:23:37,90100.0,400,Buy,227905174
2024-08-01 09:23:38,90100.0,2000,Buy,227905204
2024-08-01 09:23:38,90100.0,1600,Buy,227905202
2024-08-01 09:23:38,90100.0,1000,Buy,227905203
2024-08-01 09:23:42,90200.0,200,Buy,227905328
2024-08-01 09:23:42,90200.0,1000,Buy,227905329
2024-08-01 09:23:42,90200.0,100,Buy,227905330
2024-08-01 09:23:42,90200.0,500,Buy,227905331
2024-08-01 09:23:42,90200.0,200,Buy,227905332
2024-08-01 09:23:42,90200.0,200,Buy,227905327
2024-08-01 09:23:44,90200.0,300,Buy,227905465
2024-08-01 09:23:46,90100.0,200,Sell,227905504
2024-08-01 09:23:50,90200.0,800,Buy,227905560
2024-08-01 09:23:50,90200.0,200,Buy,227905561
2024-08-01 09:23:55,90200.0,200,Buy,227905720
2024-08-01 09:23:55,90200.0,200,Buy,227905731
2024-08-01 09:23:55,90200.0,100,Buy,227905729
2024-08-01 09:23:55,90200.0,100,Buy,227905728
2024-08-01 09:23:55,90200.0,100,Buy,227905727
2024-08-01 09:23:55,90200.0,100,Buy,227905730
2024-08-01 09:23:55,90200.0,200,Buy,227905725
2024-08-01 09:23:55,90200.0,1000,Buy,227905724
2024-08-01 09:23:55,90200.0,500,Buy,227905723
2024-08-01 09:23:55,90200.0,100,Buy,227905722
2024-08-01 09:23:55,90200.0,1000,Buy,227905721
2024-08-01 09:23:55,90200.0,100,Buy,227905726
2024-08-01 09:23:56,90300.0,200,Buy,227905756
2024-08-01 09:24:04,90300.0,400,Buy,227905943
2024-08-01 09:24:04,90300.0,200,Buy,227905942
2024-08-01 09:24:04,90300.0,300,Buy,227905941
2024-08-01 09:24:04,90300.0,100,Buy,227905940
2024-08-01 09:24:04,90300.0,100,Buy,227905939
2024-08-01 09:24:04,90300.0,500,Buy,227905938
2024-08-01 09:24:04,90300.0,600,Buy,227905937
2024-08-01 09:24:04,90300.0,500,Buy,227905936
2024-08-01 09:24:04,90300.0,1000,Buy,227905933
2024-08-01 09:24:04,90300.0,300,Buy,227905934
2024-08-01 09:24:04,90300.0,300,Buy,227905932
2024-08-01 09:24:04,90300.0,300,Buy,227905931
2024-08-01 09:24:04,90300.0,500,Buy,227905930
2024-08-01 09:24:04,90300.0,500,Buy,227905929
2024-08-01 09:24:04,90300.0,1000,Buy,227905928
2024-08-01 09:24:04,90300.0,100,Buy,227905927
2024-08-01 09:24:04,90300.0,100,Buy,227905926
2024-08-01 09:24:04,90300.0,100,Buy,227905935
2024-08-01 09:24:06,90300.0,1000,Sell,227905991
2024-08-01 09:24:15,90400.0,400,Buy,227906228
2024-08-01 09:24:15,90400.0,100,Buy,227906226
2024-08-01 09:24:15,90400.0,5500,Buy,227906227
2024-08-01 09:24:23,90300.0,4000,Sell,227906415
2024-08-01 09:24:23,90300.0,11900,Sell,227906416
2024-08-01 09:24:26,90300.0,2000,Buy,227906450
2024-08-01 09:24:29,90200.0,100,Sell,227906568
2024-08-01 09:24:37,90300.0,1000,Buy,227906724
2024-08-01 09:24:37,90300.0,2000,Buy,227906725
2024-08-01 09:24:39,90200.0,100,Sell,227906769
2024-08-01 09:24:40,90300.0,1800,Buy,227906812
2024-08-01 09:24:41,90200.0,500,Sell,227906833
2024-08-01 09:24:44,90300.0,10000,Buy,227906897
2024-08-01 09:24:47,90300.0,3900,Buy,227906991
2024-08-01 09:24:48,90300.0,10000,Buy,227907026
2024-08-01 09:24:49,90300.0,1300,Buy,227907052
2024-08-01 09:24:52,90300.0,400,Buy,227907105
2024-08-01 09:24:53,90300.0,3900,Buy,227907127
2024-08-01 09:24:54,90300.0,10000,Buy,227907139
2024-08-01 09:24:54,90200.0,100,Sell,227907140
2024-08-01 09:24:54,90300.0,500,Buy,227907141
2024-08-01 09:24:55,90300.0,1300,Buy,227907168
2024-08-01 09:24:56,90300.0,1000,Buy,227907177
2024-08-01 09:24:57,90300.0,3900,Buy,227907194
2024-08-01 09:24:57,90300.0,1000,Buy,227907191
2024-08-01 09:24:58,90300.0,10000,Buy,227907216
2024-08-01 09:24:58,90300.0,100,Buy,227907233
2024-08-01 09:24:59,90300.0,1300,Buy,227907240
2024-08-01 09:25:01,90300.0,10000,Buy,227907293
2024-08-01 09:25:02,90300.0,100,Buy,227907337
2024-08-01 09:25:02,90300.0,1000,Buy,227907340
2024-08-01 09:25:02,90300.0,200,Buy,227907339
2024-08-01 09:25:02,90300.0,1000,Buy,227907338
2024-08-01 09:25:02,90300.0,100,Buy,227907336
2024-08-01 09:25:02,90300.0,100,Buy,227907334
2024-08-01 09:25:02,90300.0,5000,Buy,227907328
2024-08-01 09:25:02,90300.0,100,Buy,227907333
2024-08-01 09:25:02,90300.0,1500,Buy,227907332
2024-08-01 09:25:02,90300.0,2200,Buy,227907331
2024-08-01 09:25:02,90300.0,100,Buy,227907335
2024-08-01 09:25:06,90300.0,500,Buy,227907444
2024-08-01 09:25:06,90300.0,100,Buy,227907445
2024-08-01 09:25:08,90300.0,300,Sell,227907551
2024-08-01 09:25:08,90400.0,100,Buy,227907552
2024-08-01 09:25:08,90400.0,400,Buy,227907553
2024-08-01 09:25:17,90400.0,100,Buy,227907809
2024-08-01 09:25:17,90400.0,20000,Buy,227907811
2024-08-01 09:25:17,90400.0,2300,Buy,227907812
2024-08-01 09:25:17,90400.0,1000,Buy,227907813
2024-08-01 09:25:17,90400.0,1000,Buy,227907808
2024-08-01 09:25:17,90400.0,1000,Buy,227907817
2024-08-01 09:25:17,90400.0,200,Buy,227907818
2024-08-01 09:25:17,90400.0,100,Buy,227907819
2024-08-01 09:25:17,90400.0,100,Buy,227907816
2024-08-01 09:25:17,90400.0,1000,Buy,227907807
2024-08-01 09:25:17,90400.0,100,Buy,227907810
2024-08-01 09:25:17,90400.0,100,Buy,227907805
2024-08-01 09:25:17,90400.0,100,Buy,227907804
2024-08-01 09:25:17,90400.0,100,Buy,227907803
2024-08-01 09:25:17,90400.0,9600,Buy,227907795
2024-08-01 09:25:17,90400.0,100,Buy,227907802
2024-08-01 09:25:17,90400.0,100,Buy,227907801
2024-08-01 09:25:17,90400.0,500,Buy,227907800
2024-08-01 09:25:17,90400.0,200,Buy,227907799
2024-08-01 09:25:17,90400.0,100,Buy,227907798
2024-08-01 09:25:17,90400.0,100,Buy,227907797
2024-08-01 09:25:17,90400.0,500,Buy,227907796
2024-08-01 09:25:17,90400.0,500,Buy,227907806
2024-08-01 09:25:19,90400.0,300,Buy,227907862
2024-08-01 09:25:19,90400.0,100,Buy,227907861
2024-08-01 09:25:19,90400.0,400,Buy,227907860
2024-08-01 09:25:20,90300.0,200,Sell,227907881
2024-08-01 09:25:23,90400.0,200,Sell,227907972
2024-08-01 09:25:23,90400.0,400,Sell,227907973
2024-08-01 09:25:26,90500.0,200,Buy,227908061
2024-08-01 09:25:26,90500.0,500,Buy,227908062
2024-08-01 09:25:26,90500.0,100,Buy,227908063
2024-08-01 09:25:26,90500.0,200,Buy,227908064
2024-08-01 09:25:27,90400.0,4200,Sell,227908109
2024-08-01 09:25:27,90500.0,18300,Buy,227908093
2024-08-01 09:25:27,90500.0,600,Buy,227908091
2024-08-01 09:25:27,90500.0,600,Buy,227908092
2024-08-01 09:25:27,90500.0,500,Buy,227908089
2024-08-01 09:25:27,90500.0,100,Buy,227908088
2024-08-01 09:25:27,90500.0,2800,Buy,227908087
2024-08-01 09:25:27,90500.0,100,Buy,227908090
2024-08-01 09:25:28,90500.0,900,Buy,227908135
2024-08-01 09:25:28,90500.0,100,Buy,227908133
2024-08-01 09:25:28,90500.0,500,Buy,227908134
2024-08-01 09:25:28,90500.0,300,Buy,227908131
2024-08-01 09:25:28,90500.0,1000,Buy,227908130
2024-08-01 09:25:28,90500.0,400,Buy,227908112
2024-08-01 09:25:28,90500.0,200,Buy,227908132
2024-08-01 09:25:31,90500.0,400,Buy,227908238
2024-08-01 09:25:31,90500.0,100,Buy,227908233
2024-08-01 09:25:31,90500.0,500,Buy,227908234
2024-08-01 09:25:31,90500.0,100,Buy,227908235
2024-08-01 09:25:31,90500.0,100,Buy,227908236
2024-08-01 09:25:31,90500.0,2000,Buy,227908237
2024-08-01 09:25:31,90500.0,300,Buy,227908239
2024-08-01 09:25:31,90500.0,200,Buy,227908245
2024-08-01 09:25:31,90500.0,100,Buy,227908241
2024-08-01 09:25:31,90500.0,300,Buy,227908242
2024-08-01 09:25:31,90500.0,200,Buy,227908243
2024-08-01 09:25:31,90500.0,100,Buy,227908244
2024-08-01 09:25:31,90500.0,700,Buy,227908246
2024-08-01 09:25:31,90500.0,100,Buy,227908247
2024-08-01 09:25:31,90500.0,200,Buy,227908232
2024-08-01 09:25:31,90500.0,100,Buy,227908240
2024-08-01 09:25:31,90500.0,100,Buy,227908231
2024-08-01 09:25:31,90500.0,100,Buy,227908222
2024-08-01 09:25:31,90500.0,100,Buy,227908227
2024-08-01 09:25:31,90500.0,100,Buy,227908212
2024-08-01 09:25:31,90500.0,500,Buy,227908213
2024-08-01 09:25:31,90500.0,200,Buy,227908214
2024-08-01 09:25:31,90500.0,1000,Buy,227908215
2024-08-01 09:25:31,90500.0,100,Buy,227908216
2024-08-01 09:25:31,90500.0,500,Buy,227908217
2024-08-01 09:25:31,90500.0,300,Buy,227908230
2024-08-01 09:25:31,90500.0,100,Buy,227908218
2024-08-01 09:25:31,90500.0,100,Buy,227908220
2024-08-01 09:25:31,90500.0,500,Buy,227908221
2024-08-01 09:25:31,90500.0,100,Buy,227908211
2024-08-01 09:25:31,90500.0,200,Buy,227908223
2024-08-01 09:25:31,90500.0,100,Buy,227908224
2024-08-01 09:25:31,90500.0,200,Buy,227908225
2024-08-01 09:25:31,90500.0,100,Buy,227908226
2024-08-01 09:25:31,90500.0,1000,Buy,227908219
2024-08-01 09:25:35,90600.0,6300,Buy,227908337
2024-08-01 09:25:35,90600.0,4900,Buy,227908335
2024-08-01 09:25:35,90600.0,300,Buy,227908336
2024-08-01 09:25:35,90600.0,100,Buy,227908328
2024-08-01 09:25:35,90600.0,200,Buy,227908327
2024-08-01 09:25:35,90600.0,100,Buy,227908329
2024-08-01 09:25:36,90600.0,2000,Buy,227908371
2024-08-01 09:25:36,90600.0,1700,Buy,227908372
2024-08-01 09:25:36,90600.0,100,Buy,227908373
2024-08-01 09:25:36,90600.0,100,Buy,227908374
2024-08-01 09:25:36,90600.0,2000,Buy,227908375
2024-08-01 09:25:36,90600.0,1000,Buy,227908383
2024-08-01 09:25:40,90600.0,300,Buy,227908478
2024-08-01 09:25:40,90600.0,500,Buy,227908493
2024-08-01 09:25:41,90600.0,100,Buy,227908495
2024-08-01 09:25:46,90600.0,100,Buy,227908612
2024-08-01 09:25:47,90600.0,100,Buy,227908622
2024-08-01 09:25:47,90600.0,100,Buy,227908623
2024-08-01 09:25:47,90600.0,100,Buy,227908624
2024-08-01 09:25:47,90600.0,100,Buy,227908625
2024-08-01 09:25:48,90600.0,1600,Sell,227908662
2024-08-01 09:25:48,90600.0,400,Sell,227908663
2024-08-01 09:25:54,90700.0,200,Buy,227908796
2024-08-01 09:25:54,90700.0,100,Buy,227908794
2024-08-01 09:25:54,90700.0,1000,Buy,227908795
2024-08-01 09:25:54,90700.0,300,Buy,227908792
2024-08-01 09:25:54,90700.0,100,Buy,227908791
2024-08-01 09:25:54,90700.0,100,Buy,227908793
2024-08-01 09:25:55,90700.0,200,Buy,227908841
2024-08-01 09:25:55,90700.0,500,Buy,227908842
2024-08-01 09:25:55,90700.0,100,Buy,227908843
2024-08-01 09:25:55,90700.0,100,Sell,227908875
2024-08-01 09:25:59,91000.0,100,Buy,227909002
2024-08-01 09:25:59,91000.0,100,Buy,227909001
2024-08-01 09:25:59,91000.0,1500,Buy,227909000
2024-08-01 09:25:59,91000.0,100,Buy,227908999
2024-08-01 09:25:59,91000.0,1000,Buy,227908998
2024-08-01 09:25:59,91000.0,500,Buy,227908997
2024-08-01 09:25:59,91000.0,2000,Buy,227908988
2024-08-01 09:25:59,91000.0,100,Buy,227908994
2024-08-01 09:25:59,91000.0,100,Buy,227908995
2024-08-01 09:25:59,91000.0,200,Buy,227909003
2024-08-01 09:25:59,91000.0,3000,Buy,227908993
2024-08-01 09:25:59,91000.0,100,Buy,227908992
2024-08-01 09:25:59,91000.0,100,Buy,227908991
2024-08-01 09:25:59,91000.0,100,Buy,227908990
2024-08-01 09:25:59,91000.0,100,Buy,227908989
2024-08-01 09:25:59,91000.0,100,Buy,227908996
2024-08-01 09:25:59,91000.0,100,Buy,227909004
2024-08-01 09:25:59,91000.0,1000,Buy,227909008
2024-08-01 09:25:59,91000.0,500,Buy,227909006
2024-08-01 09:25:59,90700.0,100,Sell,227909033
2024-08-01 09:25:59,91000.0,1300,Buy,227909024
2024-08-01 09:25:59,91000.0,600,Buy,227909023
2024-08-01 09:25:59,91000.0,800,Buy,227909020
2024-08-01 09:25:59,91000.0,700,Buy,227909019
2024-08-01 09:25:59,91000.0,1000,Buy,227909018
2024-08-01 09:25:59,91000.0,100,Buy,227909017
2024-08-01 09:25:59,91000.0,500,Buy,227909005
2024-08-01 09:25:59,91000.0,10000,Buy,227909016
2024-08-01 09:25:59,91000.0,100,Buy,227909014
2024-08-01 09:25:59,91000.0,200,Buy,227909013
2024-08-01 09:25:59,91000.0,200,Buy,227909012
2024-08-01 09:25:59,91000.0,200,Buy,227909011
2024-08-01 09:25:59,91000.0,100,Buy,227909010
2024-08-01 09:25:59,91000.0,3000,Buy,227909009
2024-08-01 09:25:59,91000.0,5000,Buy,227909007
2024-08-01 09:25:59,91000.0,500,Buy,227909015
2024-08-01 09:25:59,91000.0,1000,Buy,227908987
2024-08-01 09:25:59,91000.0,2000,Buy,227908976
2024-08-01 09:25:59,91000.0,300,Buy,227908985
2024-08-01 09:25:59,90900.0,100,Buy,227908963
2024-08-01 09:25:59,90900.0,200,Buy,227908962
2024-08-01 09:25:59,90900.0,100,Buy,227908961
2024-08-01 09:25:59,90900.0,500,Buy,227908960
2024-08-01 09:25:59,90900.0,100,Buy,227908959
2024-08-01 09:25:59,90900.0,100,Buy,227908958
2024-08-01 09:25:59,90900.0,100,Buy,227908957
2024-08-01 09:25:59,90800.0,100,Buy,227908956
2024-08-01 09:25:59,90800.0,100,Buy,227908955
2024-08-01 09:25:59,90800.0,1000,Buy,227908954
2024-08-01 09:25:59,90800.0,200,Buy,227908953
2024-08-01 09:25:59,90800.0,1000,Buy,227908952
2024-08-01 09:25:59,90800.0,100,Buy,227908951
2024-08-01 09:25:59,90800.0,300,Buy,227908950
2024-08-01 09:25:59,90800.0,100,Buy,227908949
2024-08-01 09:25:59,90900.0,100,Buy,227908964
2024-08-01 09:25:59,90900.0,200,Buy,227908965
2024-08-01 09:25:59,91000.0,20000,Buy,227908986
2024-08-01 09:25:59,90900.0,5000,Buy,227908967
2024-08-01 09:25:59,90900.0,100,Buy,227908966
2024-08-01 09:25:59,91000.0,500,Buy,227908984
2024-08-01 09:25:59,91000.0,300,Buy,227908983
2024-08-01 09:25:59,91000.0,1000,Buy,227908982
2024-08-01 09:25:59,91000.0,400,Buy,227908981
2024-08-01 09:25:59,91000.0,500,Buy,227908980
2024-08-01 09:25:59,91000.0,100,Buy,227908978
2024-08-01 09:25:59,91000.0,100,Buy,227908977
2024-08-01 09:25:59,91000.0,100,Buy,227908979
2024-08-01 09:25:59,91000.0,500,Buy,227908974
2024-08-01 09:25:59,91000.0,200,Buy,227908973
2024-08-01 09:25:59,91000.0,300,Buy,227908972
2024-08-01 09:25:59,90900.0,1000,Buy,227908971
2024-08-01 09:25:59,90900.0,100,Buy,227908970
2024-08-01 09:25:59,90900.0,1000,Buy,227908969
2024-08-01 09:25:59,90900.0,1000,Buy,227908968
2024-08-01 09:25:59,91000.0,25000,Buy,227908975
2024-08-01 09:26:02,91000.0,200,Buy,227909128
2024-08-01 09:26:02,91000.0,100,Buy,227909132
2024-08-01 09:26:02,91000.0,100,Buy,227909131
2024-08-01 09:26:02,91000.0,200,Buy,227909130
2024-08-01 09:26:02,91000.0,100,Buy,227909129
2024-08-01 09:26:02,91000.0,700,Buy,227909127
2024-08-01 09:26:02,91000.0,8400,Buy,227909133
2024-08-01 09:26:02,91000.0,100,Buy,227909125
2024-08-01 09:26:02,91000.0,200,Buy,227909126
2024-08-01 09:26:02,91000.0,1000,Buy,227909119
2024-08-01 09:26:02,91000.0,100,Buy,227909120
2024-08-01 09:26:02,91000.0,200,Buy,227909124
2024-08-01 09:26:02,91000.0,200,Buy,227909122
2024-08-01 09:26:02,91000.0,300,Buy,227909123
2024-08-01 09:26:02,91000.0,200,Buy,227909121
2024-08-01 09:26:05,91000.0,1600,Buy,227909177
2024-08-01 09:26:05,91000.0,100,Buy,227909178
2024-08-01 09:26:05,91000.0,300,Buy,227909179
2024-08-01 09:26:05,91000.0,1700,Buy,227909180
2024-08-01 09:26:05,91000.0,500,Buy,227909181
2024-08-01 09:26:05,91000.0,100,Sell,227909188
2024-08-01 09:26:06,91100.0,100,Buy,227909225
2024-08-01 09:26:06,91100.0,300,Buy,227909226
2024-08-01 09:26:06,91100.0,1100,Buy,227909227
2024-08-01 09:26:06,91100.0,100,Buy,227909228
2024-08-01 09:26:09,91000.0,200,Sell,227909313
2024-08-01 09:26:10,91000.0,1000,Sell,227909332
2024-08-01 09:26:11,91200.0,100,Buy,227909347
2024-08-01 09:26:12,91300.0,100,Buy,227909374
2024-08-01 09:26:12,91300.0,1700,Buy,227909375
2024-08-01 09:26:12,91300.0,900,Buy,227909373
2024-08-01 09:26:18,91400.0,100,Buy,227909487
2024-08-01 09:26:18,91400.0,500,Buy,227909488
2024-08-01 09:26:18,91300.0,100,Sell,227909493
2024-08-01 09:26:20,91400.0,100,Buy,227909552
2024-08-01 09:26:20,91400.0,900,Buy,227909553
2024-08-01 09:26:20,91400.0,100,Buy,227909554
2024-08-01 09:26:21,91400.0,1900,Sell,227909579
2024-08-01 09:26:22,91400.0,1000,Buy,227909609
2024-08-01 09:26:22,91400.0,1200,Buy,227909592
2024-08-01 09:26:28,91400.0,1000,Buy,227909762
2024-08-01 09:26:30,91400.0,100,Buy,227909832
2024-08-01 09:26:31,91300.0,200,Sell,227909859
2024-08-01 09:26:32,91400.0,5800,Buy,227909880
2024-08-01 09:26:32,91400.0,200,Buy,227909881
2024-08-01 09:26:33,91300.0,100,Sell,227909883
2024-08-01 09:26:35,91300.0,500,Sell,227909927
2024-08-01 09:26:37,91300.0,100,Sell,227909956
2024-08-01 09:26:39,91300.0,100,Sell,227910028
2024-08-01 09:26:41,91300.0,1000,Sell,227910065
2024-08-01 09:26:41,91300.0,100,Sell,227910064
2024-08-01 09:26:41,91300.0,100,Sell,227910073
2024-08-01 09:26:43,91300.0,100,Sell,227910099
2024-08-01 09:26:44,91300.0,200,Sell,227910112
2024-08-01 09:26:45,91300.0,100,Sell,227910142
2024-08-01 09:26:47,91300.0,200,Sell,227910176
2024-08-01 09:26:48,91300.0,100,Sell,227910178
2024-08-01 09:26:48,91300.0,800,Sell,227910179
2024-08-01 09:26:49,91400.0,400,Buy,227910214
2024-08-01 09:26:49,91400.0,100,Buy,227910212
2024-08-01 09:26:49,91400.0,100,Buy,227910213
2024-08-01 09:26:53,91300.0,1000,Sell,227910300
2024-08-01 09:26:55,91300.0,100,Sell,227910332
2024-08-01 09:26:58,91300.0,100,Sell,227910422
2024-08-01 09:26:59,91300.0,200,Sell,227910449
2024-08-01 09:27:00,91200.0,100,Sell,227910476
2024-08-01 09:27:00,91300.0,100,Sell,227910475
2024-08-01 09:27:00,91300.0,700,Sell,227910474
2024-08-01 09:27:00,91300.0,100,Sell,227910472
2024-08-01 09:27:00,91300.0,100,Sell,227910471
2024-08-01 09:27:00,91300.0,800,Sell,227910470
2024-08-01 09:27:00,91300.0,200,Sell,227910464
2024-08-01 09:27:00,91300.0,100,Sell,227910473
2024-08-01 09:27:01,91300.0,1000,Buy,227910485
2024-08-01 09:27:02,91300.0,100,Buy,227910505
2024-08-01 09:27:07,91300.0,400,Buy,227910643
2024-08-01 09:27:13,91300.0,500,Buy,227910736
2024-08-01 09:27:13,91300.0,9500,Buy,227910737
2024-08-01 09:27:14,91200.0,1000,Sell,227910769
2024-08-01 09:27:14,91300.0,2000,Buy,227910784
2024-08-01 09:27:18,91200.0,900,Sell,227910922
2024-08-01 09:27:19,91200.0,100,Sell,227910949
2024-08-01 09:27:24,91200.0,100,Sell,227911053
2024-08-01 09:27:24,91200.0,4100,Sell,227911056
2024-08-01 09:27:24,91200.0,2000,Sell,227911057
2024-08-01 09:27:24,91200.0,3900,Sell,227911058
2024-08-01 09:27:24,91200.0,400,Sell,227911059
2024-08-01 09:27:36,91000.0,600,Sell,227911430
2024-08-01 09:27:36,91000.0,400,Sell,227911429
2024-08-01 09:27:37,91100.0,200,Buy,227911448
2024-08-01 09:27:40,91000.0,100,Sell,227911523
2024-08-01 09:27:40,91000.0,8400,Sell,227911522
2024-08-01 09:27:44,91000.0,1000,Sell,227911617
2024-08-01 09:27:47,91000.0,300,Sell,227911692
2024-08-01 09:27:47,91000.0,2600,Sell,227911698
2024-08-01 09:27:47,91000.0,1000,Sell,227911699
2024-08-01 09:27:47,91000.0,200,Sell,227911700
2024-08-01 09:27:50,91000.0,200,Buy,227911800
2024-08-01 09:27:53,91000.0,300,Buy,227911862
2024-08-01 09:27:56,91000.0,500,Buy,227911941
2024-08-01 09:28:00,91000.0,500,Buy,227912068
2024-08-01 09:28:00,91000.0,1500,Buy,227912069
2024-08-01 09:28:00,91000.0,200,Buy,227912070
2024-08-01 09:28:00,91000.0,100,Buy,227912071
2024-08-01 09:28:00,91000.0,500,Buy,227912072
2024-08-01 09:28:00,91000.0,100,Buy,227912073
2024-08-01 09:28:00,91000.0,100,Buy,227912077
2024-08-01 09:28:10,90800.0,100,Sell,227912339
2024-08-01 09:28:11,90800.0,600,Sell,227912342
2024-08-01 09:28:11,90800.0,100,Sell,227912341
2024-08-01 09:28:12,90900.0,100,Buy,227912379
2024-08-01 09:28:14,90900.0,100,Buy,227912403
2024-08-01 09:28:14,91000.0,100,Buy,227912404
2024-08-01 09:28:18,90900.0,100,Sell,227912476
2024-08-01 09:28:28,90900.0,100,Sell,227912755
2024-08-01 09:28:35,90900.0,100,Sell,227912896
2024-08-01 09:28:39,90900.0,100,Sell,227913003
2024-08-01 09:28:39,90900.0,100,Sell,227913004
2024-08-01 09:28:39,90900.0,300,Sell,227913005
2024-08-01 09:28:47,90900.0,100,Sell,227913222
2024-08-01 09:28:49,90900.0,100,Sell,227913285
2024-08-01 09:28:49,90900.0,500,Sell,227913286
2024-08-01 09:28:49,90900.0,1400,Sell,227913284
2024-08-01 09:28:51,90900.0,100,Sell,227913312
2024-08-01 09:28:56,91000.0,6700,Buy,227913473
2024-08-01 09:28:56,91000.0,500,Buy,227913472
2024-08-01 09:28:56,91000.0,100,Buy,227913471
2024-08-01 09:28:56,91000.0,300,Buy,227913470
2024-08-01 09:28:56,91000.0,100,Buy,227913469
2024-08-01 09:28:56,91000.0,700,Buy,227913467
2024-08-01 09:28:56,90900.0,1000,Buy,227913466
2024-08-01 09:28:56,91000.0,100,Buy,227913468
2024-08-01 09:28:56,90900.0,1000,Buy,227913463
2024-08-01 09:28:56,90900.0,100,Buy,227913465
2024-08-01 09:28:56,90900.0,100,Buy,227913464
2024-08-01 09:29:09,90800.0,100,Sell,227913831
2024-08-01 09:29:09,90800.0,400,Sell,227913832
2024-08-01 09:29:11,90800.0,200,Sell,227913894
2024-08-01 09:29:13,90900.0,3900,Buy,227913910
2024-08-01 09:29:13,90900.0,2000,Buy,227913909
2024-08-01 09:29:16,90800.0,100,Sell,227913978
2024-08-01 09:29:16,90800.0,100,Sell,227913986
2024-08-01 09:29:24,90800.0,200,Sell,227914170
2024-08-01 09:29:24,90800.0,3900,Sell,227914169
2024-08-01 09:29:24,90800.0,400,Sell,227914171
2024-08-01 09:29:24,90800.0,200,Sell,227914167
2024-08-01 09:29:24,90800.0,100,Sell,227914166
2024-08-01 09:29:24,90800.0,1000,Sell,227914165
2024-08-01 09:29:24,90800.0,2000,Sell,227914168
2024-08-01 09:29:34,90800.0,1000,Buy,227914405
2024-08-01 09:29:40,90700.0,300,Sell,227914582
2024-08-01 09:29:43,90700.0,100,Sell,227914650
2024-08-01 09:29:44,90800.0,100,Buy,227914680
2024-08-01 09:29:52,90700.0,100,Sell,227914921
2024-08-01 09:29:54,90700.0,400,Sell,227915032
2024-08-01 09:29:56,90700.0,100,Sell,227915057
2024-08-01 09:29:57,90700.0,400,Sell,227915060
2024-08-01 09:29:57,90700.0,200,Sell,227915072
2024-08-01 09:29:57,90700.0,100,Sell,227915076
2024-08-01 09:29:59,90700.0,200,Sell,227915121
2024-08-01 09:30:03,90700.0,400,Sell,227915239
2024-08-01 09:30:06,90700.0,300,Sell,227915326
2024-08-01 09:30:11,90700.0,300,Sell,227915418
2024-08-01 09:30:12,90700.0,100,Sell,227915467
2024-08-01 09:30:12,90700.0,900,Sell,227915468
2024-08-01 09:30:13,90700.0,100,Sell,227915495
2024-08-01 09:30:14,90700.0,100,Sell,227915524
2024-08-01 09:30:15,90700.0,1000,Sell,227915543
2024-08-01 09:30:24,90700.0,200,Sell,227915777
2024-08-01 09:30:32,90700.0,1600,Sell,227915946
2024-08-01 09:30:32,90700.0,500,Sell,227915947
2024-08-01 09:30:32,90700.0,100,Sell,227915948
2024-08-01 09:30:32,90700.0,300,Sell,227915949
2024-08-01 09:30:35,90700.0,400,Sell,227916027
2024-08-01 09:30:35,90700.0,100,Sell,227916026
2024-08-01 09:30:35,90700.0,100,Sell,227916015
2024-08-01 09:30:35,90700.0,100,Sell,227916017
2024-08-01 09:30:35,90700.0,100,Sell,227916016
2024-08-01 09:30:35,90700.0,400,Sell,227916018
2024-08-01 09:30:37,90700.0,100,Sell,227916102
2024-08-01 09:30:46,90700.0,200,Sell,227916339
2024-08-01 09:30:53,90700.0,100,Sell,227916533
2024-08-01 09:30:58,90600.0,200,Sell,227916690
2024-08-01 09:30:58,90700.0,100,Sell,227916689
2024-08-01 09:30:58,90700.0,1000,Sell,227916686
2024-08-01 09:30:58,90700.0,100,Sell,227916687
2024-08-01 09:30:58,90700.0,100,Sell,227916688
2024-08-01 09:31:00,90600.0,100,Sell,227916738
2024-08-01 09:31:17,90600.0,3200,Sell,227917038
2024-08-01 09:31:17,90600.0,100,Sell,227917039
2024-08-01 09:31:17,90600.0,1800,Sell,227917040
2024-08-01 09:31:17,90600.0,100,Sell,227917041
2024-08-01 09:31:17,90600.0,5000,Sell,227917042
2024-08-01 09:31:17,90600.0,1100,Buy,227917045
2024-08-01 09:31:25,90600.0,600,Buy,227917227
2024-08-01 09:31:37,90600.0,400,Buy,227917470
2024-08-01 09:31:47,90500.0,2000,Sell,227917692
2024-08-01 09:31:49,90600.0,2000,Buy,227917728
2024-08-01 09:31:49,90600.0,1000,Buy,227917727
2024-08-01 09:31:50,90600.0,2000,Buy,227917738
2024-08-01 09:31:52,90600.0,9000,Buy,227917835
2024-08-01 09:31:53,90600.0,23200,Buy,227917883
2024-08-01 09:32:07,90600.0,900,Buy,227918212
2024-08-01 09:32:13,90500.0,1000,Sell,227918376
2024-08-01 09:32:33,90500.0,100,Sell,227918907
2024-08-01 09:32:40,90500.0,100,Sell,227919113
2024-08-01 09:32:43,90600.0,3900,Buy,227919200
2024-08-01 09:32:43,90600.0,2000,Buy,227919199
2024-08-01 09:32:44,90600.0,300,Buy,227919212
2024-08-01 09:32:47,90600.0,9000,Buy,227919318
2024-08-01 09:32:51,90600.0,1400,Buy,227919528
2024-08-01 09:32:51,90600.0,500,Buy,227919520
2024-08-01 09:32:51,90600.0,400,Buy,227919498
2024-08-01 09:32:51,90600.0,100,Buy,227919497
2024-08-01 09:32:51,90600.0,700,Buy,227919499
2024-08-01 09:32:51,90600.0,300,Buy,227919495
2024-08-01 09:32:51,90600.0,200,Buy,227919494
2024-08-01 09:32:51,90600.0,3200,Buy,227919493
2024-08-01 09:32:51,90600.0,4000,Buy,227919492
2024-08-01 09:32:51,90600.0,400,Buy,227919491
2024-08-01 09:32:51,90600.0,200,Buy,227919496
2024-08-01 09:32:52,90600.0,400,Buy,227919541
2024-08-01 09:32:52,90600.0,11500,Buy,227919542
2024-08-01 09:32:54,90600.0,20000,Buy,227919579
2024-08-01 09:32:55,90600.0,11900,Buy,227919674
2024-08-01 09:32:57,90600.0,100,Buy,227919756
2024-08-01 09:32:57,90600.0,100,Buy,227919757
2024-08-01 09:32:57,90600.0,400,Buy,227919755
2024-08-01 09:32:57,90600.0,2000,Buy,227919753
2024-08-01 09:32:57,90600.0,300,Buy,227919754
2024-08-01 09:32:57,90600.0,100,Buy,227919752
2024-08-01 09:32:57,90600.0,100,Buy,227919751
2024-08-01 09:32:57,90600.0,46600,Buy,227919750
2024-08-01 09:32:59,90600.0,300,Sell,227919833
2024-08-01 09:32:59,90600.0,400,Sell,227919834
2024-08-01 09:32:59,90600.0,300,Sell,227919835
2024-08-01 09:33:02,90700.0,100,Buy,227919931
2024-08-01 09:33:02,90700.0,100,Buy,227919930
2024-08-01 09:33:02,90700.0,1000,Buy,227919929
2024-08-01 09:33:02,90700.0,100,Buy,227919928
2024-08-01 09:33:02,90700.0,100,Buy,227919926
2024-08-01 09:33:02,90700.0,300,Buy,227919925
2024-08-01 09:33:02,90700.0,100,Buy,227919924
2024-08-01 09:33:02,90700.0,100,Buy,227919923
2024-08-01 09:33:02,90700.0,1000,Buy,227919927
2024-08-01 09:33:06,90800.0,500,Buy,227920009
2024-08-01 09:33:06,90800.0,800,Buy,227920010
2024-08-01 09:33:06,90800.0,100,Buy,227920008
2024-08-01 09:33:06,90800.0,200,Buy,227920011
2024-08-01 09:33:06,90800.0,100,Buy,227920006
2024-08-01 09:33:06,90800.0,1000,Buy,227920005
2024-08-01 09:33:06,90800.0,100,Buy,227920004
2024-08-01 09:33:06,90800.0,100,Buy,227920007
2024-08-01 09:33:10,90900.0,200,Buy,227920107
2024-08-01 09:33:10,90900.0,3000,Buy,227920108
2024-08-01 09:33:10,90900.0,100,Buy,227920109
2024-08-01 09:33:10,90900.0,1000,Buy,227920110
2024-08-01 09:33:10,90900.0,100,Buy,227920111
2024-08-01 09:33:10,90900.0,200,Buy,227920112
2024-08-01 09:33:10,90900.0,200,Buy,227920113
2024-08-01 09:33:10,90900.0,200,Buy,227920118
2024-08-01 09:33:15,90900.0,400,Buy,227920254
2024-08-01 09:33:19,90900.0,1300,Sell,227920384
2024-08-01 09:33:19,90900.0,600,Sell,227920382
2024-08-01 09:33:19,90900.0,2000,Sell,227920383
2024-08-01 09:33:24,90900.0,400,Buy,227920551
2024-08-01 09:33:26,90800.0,500,Sell,227920629
2024-08-01 09:33:30,90900.0,2800,Buy,227920725
2024-08-01 09:33:30,90900.0,100,Buy,227920726
2024-08-01 09:33:31,90900.0,100,Buy,227920731
2024-08-01 09:33:40,90900.0,400,Buy,227920927
2024-08-01 09:33:40,90900.0,100,Buy,227920928
2024-08-01 09:33:45,90800.0,200,Sell,227921059
2024-08-01 09:33:49,90800.0,100,Sell,227921133
2024-08-01 09:33:50,90900.0,100,Buy,227921147
2024-08-01 09:33:52,90900.0,400,Buy,227921196
2024-08-01 09:33:57,90900.0,500,Buy,227921306
2024-08-01 09:33:58,90800.0,100,Sell,227921329
2024-08-01 09:34:16,90900.0,100,Buy,227921762
2024-08-01 09:34:16,90900.0,100,Buy,227921763
2024-08-01 09:34:16,90900.0,300,Buy,227921764
2024-08-01 09:34:16,90900.0,1000,Buy,227921765
2024-08-01 09:34:23,90900.0,9600,Buy,227921887
2024-08-01 09:34:23,90900.0,300,Buy,227921885
2024-08-01 09:34:23,90900.0,100,Buy,227921886
2024-08-01 09:34:24,90800.0,100,Sell,227921907
2024-08-01 09:34:24,90800.0,100,Sell,227921932
2024-08-01 09:34:26,90900.0,100,Buy,227921986
2024-08-01 09:34:30,90900.0,1000,Buy,227922064
2024-08-01 09:34:30,90900.0,700,Buy,227922081
2024-08-01 09:34:31,90900.0,300,Buy,227922091
2024-08-01 09:34:31,90900.0,700,Buy,227922116
2024-08-01 09:34:31,90900.0,200,Buy,227922090
2024-08-01 09:34:31,90900.0,100,Buy,227922087
2024-08-01 09:34:31,90900.0,100,Buy,227922088
2024-08-01 09:34:31,90900.0,500,Buy,227922086
2024-08-01 09:34:31,90900.0,300,Buy,227922089
2024-08-01 09:34:36,90900.0,100,Sell,227922300
2024-08-01 09:34:41,91000.0,200,Buy,227922490
2024-08-01 09:34:41,91000.0,200,Buy,227922491
2024-08-01 09:34:41,91000.0,500,Buy,227922492
2024-08-01 09:34:41,91000.0,2600,Buy,227922493
2024-08-01 09:34:41,91000.0,100,Buy,227922494
2024-08-01 09:34:41,91000.0,100,Buy,227922495
2024-08-01 09:34:41,91000.0,100,Buy,227922496
2024-08-01 09:34:41,91000.0,100,Buy,227922497
2024-08-01 09:34:41,91000.0,100,Buy,227922498
2024-08-01 09:34:41,91000.0,100,Buy,227922489
2024-08-01 09:34:41,91000.0,100,Buy,227922500
2024-08-01 09:34:41,91000.0,1900,Buy,227922501
2024-08-01 09:34:41,91000.0,2000,Buy,227922502
2024-08-01 09:34:41,91000.0,900,Buy,227922503
2024-08-01 09:34:41,91000.0,100,Buy,227922504
2024-08-01 09:34:41,91000.0,100,Buy,227922505
2024-08-01 09:34:41,91000.0,1900,Buy,227922506
2024-08-01 09:34:41,91000.0,400,Buy,227922507
2024-08-01 09:34:41,91000.0,1200,Buy,227922508
2024-08-01 09:34:41,91000.0,100,Buy,227922499
2024-08-01 09:34:41,91000.0,600,Buy,227922488
2024-08-01 09:34:41,91000.0,1000,Buy,227922477
2024-08-01 09:34:41,91000.0,1000,Buy,227922486
2024-08-01 09:34:41,91000.0,100,Buy,227922487
2024-08-01 09:34:41,91000.0,300,Buy,227922463
2024-08-01 09:34:41,91000.0,500,Buy,227922464
2024-08-01 09:34:41,91000.0,500,Buy,227922465
2024-08-01 09:34:41,91000.0,100,Buy,227922466
2024-08-01 09:34:41,91000.0,100,Buy,227922467
2024-08-01 09:34:41,91000.0,100,Buy,227922468
2024-08-01 09:34:41,91000.0,100,Buy,227922469
2024-08-01 09:34:41,91000.0,1000,Buy,227922470
2024-08-01 09:34:41,91000.0,3000,Buy,227922471
2024-08-01 09:34:41,91000.0,1000,Buy,227922474
2024-08-01 09:34:41,91000.0,500,Buy,227922473
2024-08-01 09:34:41,91000.0,900,Buy,227922484
2024-08-01 09:34:41,91000.0,1000,Buy,227922483
2024-08-01 09:34:41,91000.0,500,Buy,227922482
2024-08-01 09:34:41,91000.0,1900,Buy,227922481
2024-08-01 09:34:41,91000.0,200,Buy,227922485
2024-08-01 09:34:41,91000.0,100,Buy,227922479
2024-08-01 09:34:41,91000.0,100,Buy,227922478
2024-08-01 09:34:41,91000.0,1000,Buy,227922472
2024-08-01 09:34:41,91000.0,1000,Buy,227922480
2024-08-01 09:34:42,91000.0,400,Buy,227922510
2024-08-01 09:34:42,91000.0,1000,Buy,227922511
2024-08-01 09:34:45,90800.0,100,Sell,227922564
2024-08-01 09:34:45,90800.0,400,Sell,227922563
2024-08-01 09:34:45,90800.0,200,Sell,227922565
2024-08-01 09:34:45,90900.0,100,Sell,227922561
2024-08-01 09:34:45,90900.0,1900,Sell,227922562
2024-08-01 09:34:45,90900.0,200,Sell,227922560
2024-08-01 09:34:46,90800.0,200,Sell,227922587
2024-08-01 09:34:46,91000.0,1600,Buy,227922586
2024-08-01 09:34:46,91000.0,700,Buy,227922580
2024-08-01 09:34:46,91000.0,800,Buy,227922579
2024-08-01 09:34:46,91000.0,200,Buy,227922581
2024-08-01 09:34:46,91000.0,1900,Buy,227922577
2024-08-01 09:34:46,91000.0,1000,Buy,227922575
2024-08-01 09:34:46,91000.0,2000,Buy,227922574
2024-08-01 09:34:46,91000.0,100,Buy,227922578
2024-08-01 09:34:46,91000.0,100,Buy,227922576
2024-08-01 09:34:49,91100.0,800,Buy,227922680
2024-08-01 09:34:49,91100.0,100,Buy,227922681
2024-08-01 09:34:49,91100.0,100,Buy,227922682
2024-08-01 09:34:55,91000.0,100,Buy,227922854
2024-08-01 09:34:57,91000.0,2900,Sell,227922897
2024-08-01 09:34:59,91000.0,400,Buy,227922912
2024-08-01 09:35:07,91000.0,1000,Buy,227923093
2024-08-01 09:35:10,90900.0,100,Sell,227923157
2024-08-01 09:35:17,91000.0,700,Buy,227923301
2024-08-01 09:35:18,90900.0,100,Sell,227923339
2024-08-01 09:35:21,91000.0,600,Buy,227923423
2024-08-01 09:35:21,91000.0,100,Buy,227923424
2024-08-01 09:35:21,91000.0,1200,Buy,227923425
2024-08-01 09:35:21,91000.0,900,Buy,227923426
2024-08-01 09:35:21,91000.0,100,Buy,227923427
2024-08-01 09:35:21,91000.0,100,Buy,227923429
2024-08-01 09:35:22,91000.0,100,Buy,227923450
2024-08-01 09:35:26,91000.0,100,Sell,227923562
2024-08-01 09:35:33,91000.0,200,Sell,227923736
2024-08-01 09:35:38,91000.0,600,Sell,227923855
2024-08-01 09:35:38,91000.0,400,Sell,227923856
2024-08-01 09:35:46,91000.0,200,Sell,227923997
2024-08-01 09:35:46,91000.0,100,Sell,227923998
2024-08-01 09:35:50,91000.0,100,Sell,227924085
2024-08-01 09:36:01,91000.0,1800,Sell,227924341
2024-08-01 09:36:09,91000.0,100,Sell,227924506
2024-08-01 09:36:12,91000.0,200,Sell,227924629
2024-08-01 09:36:20,91000.0,100,Sell,227924793
2024-08-01 09:36:20,91000.0,500,Sell,227924794
2024-08-01 09:36:20,91000.0,500,Sell,227924795
2024-08-01 09:36:20,91000.0,2000,Sell,227924796
2024-08-01 09:36:20,91000.0,1800,Sell,227924797
2024-08-01 09:36:23,91000.0,700,Sell,227924879
2024-08-01 09:36:29,91000.0,700,Sell,227925007
2024-08-01 09:36:30,91000.0,700,Sell,227925011
2024-08-01 09:36:30,91000.0,400,Sell,227925012
2024-08-01 09:36:30,91000.0,600,Sell,227925013
2024-08-01 09:36:49,90900.0,100,Sell,227925497
2024-08-01 09:36:49,90900.0,100,Sell,227925496
2024-08-01 09:36:49,90900.0,10000,Sell,227925498
2024-08-01 09:36:49,90900.0,1000,Sell,227925494
2024-08-01 09:36:49,90900.0,300,Sell,227925493
2024-08-01 09:36:49,90900.0,100,Sell,227925495
2024-08-01 09:36:50,90900.0,500,Buy,227925515
2024-08-01 09:37:02,90900.0,1000,Buy,227925765
2024-08-01 09:37:02,90900.0,2000,Buy,227925766
2024-08-01 09:37:05,90900.0,100,Buy,227925826
2024-08-01 09:37:06,90900.0,800,Buy,227925847
2024-08-01 09:37:06,90900.0,3600,Buy,227925842
2024-08-01 09:37:06,90900.0,200,Buy,227925843
2024-08-01 09:37:06,90900.0,200,Buy,227925841
2024-08-01 09:37:07,90900.0,500,Sell,227925862
2024-08-01 09:37:10,90900.0,1700,Sell,227925931
2024-08-01 09:37:14,90900.0,400,Buy,227926016
2024-08-01 09:37:14,90900.0,200,Buy,227926017
2024-08-01 09:37:33,90900.0,500,Buy,227926422
2024-08-01 09:37:33,90900.0,100,Buy,227926423
2024-08-01 09:37:35,90800.0,700,Sell,227926440
2024-08-01 09:37:42,90800.0,100,Sell,227926596
2024-08-01 09:37:42,90800.0,200,Sell,227926573
2024-08-01 09:37:49,90800.0,600,Sell,227926722
2024-08-01 09:37:49,90800.0,1000,Sell,227926723
2024-08-01 09:37:55,90900.0,100,Buy,227926838
2024-08-01 09:37:55,90900.0,200,Buy,227926839
2024-08-01 09:37:55,90900.0,500,Buy,227926840
2024-08-01 09:37:55,90900.0,200,Buy,227926841
2024-08-01 09:38:00,90900.0,800,Buy,227926989
2024-08-01 09:38:05,90900.0,1000,Buy,227927117
2024-08-01 09:38:05,90900.0,2000,Buy,227927118
2024-08-01 09:38:11,90800.0,600,Sell,227927308
2024-08-01 09:38:33,90900.0,1000,Buy,227927877
2024-08-01 09:38:33,90900.0,500,Buy,227927878
2024-08-01 09:38:34,90900.0,200,Sell,227927894
2024-08-01 09:38:35,90900.0,1000,Sell,227927939
2024-08-01 09:38:38,90900.0,300,Sell,227927992
2024-08-01 09:38:38,90800.0,200,Sell,227927993
2024-08-01 09:38:49,90800.0,500,Sell,227928267
2024-08-01 09:38:49,90900.0,500,Sell,227928266
2024-08-01 09:38:56,90900.0,100,Sell,227928415
2024-08-01 09:39:11,90900.0,100,Sell,227928729
2024-08-01 09:39:14,90900.0,100,Sell,227928754
2024-08-01 09:39:15,90900.0,200,Sell,227928792
2024-08-01 09:39:24,90900.0,100,Buy,227928981
2024-08-01 09:39:29,90900.0,200,Buy,227929065
2024-08-01 09:39:29,90900.0,200,Buy,227929064
2024-08-01 09:39:35,90900.0,4800,Buy,227929226
2024-08-01 09:39:35,90900.0,200,Buy,227929225
2024-08-01 09:39:37,90900.0,1000,Buy,227929260
2024-08-01 09:39:39,90900.0,3100,Buy,227929287
2024-08-01 09:39:39,90900.0,300,Buy,227929288
2024-08-01 09:39:39,90900.0,100,Buy,227929289
2024-08-01 09:39:39,90900.0,200,Buy,227929286
2024-08-01 09:39:45,90900.0,200,Sell,227929515
2024-08-01 09:39:45,90900.0,100,Sell,227929516
2024-08-01 09:39:58,90900.0,100,Buy,227929718
2024-08-01 09:39:59,90900.0,600,Buy,227929723
2024-08-01 09:40:08,90800.0,100,Sell,227929922
2024-08-01 09:40:19,90900.0,3900,Buy,227930153
2024-08-01 09:40:19,90900.0,2000,Buy,227930152
2024-08-01 09:40:37,90900.0,400,Buy,227930518
2024-08-01 09:40:56,90900.0,1000,Buy,227930847
2024-08-01 09:40:56,90900.0,2000,Buy,227930848
2024-08-01 09:41:02,90900.0,1000,Buy,227930982
2024-08-01 09:41:09,90900.0,700,Sell,227931144
2024-08-01 09:41:09,90900.0,3000,Buy,227931113
2024-08-01 09:41:09,90900.0,100,Buy,227931112
2024-08-01 09:41:09,90900.0,1100,Buy,227931110
2024-08-01 09:41:09,90900.0,100,Buy,227931111
2024-08-01 09:41:12,90900.0,200,Buy,227931199
2024-08-01 09:41:12,90900.0,100,Buy,227931200
2024-08-01 09:41:27,90900.0,1000,Sell,227931472
2024-08-01 09:41:32,91000.0,500,Buy,227931602
2024-08-01 09:41:32,91000.0,300,Buy,227931601
2024-08-01 09:41:32,91000.0,500,Buy,227931600
2024-08-01 09:41:32,91000.0,200,Buy,227931599
2024-08-01 09:41:32,91000.0,500,Buy,227931598
2024-08-01 09:41:32,91000.0,100,Buy,227931591
2024-08-01 09:41:32,91000.0,100,Buy,227931590
2024-08-01 09:41:32,91000.0,100,Buy,227931589
2024-08-01 09:41:32,91000.0,100,Buy,227931588
2024-08-01 09:41:32,91000.0,100,Buy,227931587
2024-08-01 09:41:32,91000.0,500,Buy,227931597
2024-08-01 09:41:34,90900.0,100,Sell,227931645
2024-08-01 09:41:42,90900.0,100,Sell,227931814
2024-08-01 09:41:51,91000.0,500,Buy,227931965
2024-08-01 09:41:51,91000.0,1000,Buy,227931967
2024-08-01 09:41:51,91000.0,500,Buy,227931964
2024-08-01 09:41:51,91000.0,1000,Buy,227931966
2024-08-01 09:42:02,90900.0,100,Sell,227932154
2024-08-01 09:42:23,91000.0,100,Buy,227932574
2024-08-01 09:42:23,91000.0,200,Buy,227932575
2024-08-01 09:42:23,91000.0,100,Buy,227932576
2024-08-01 09:42:23,91000.0,200,Buy,227932577
2024-08-01 09:42:23,91000.0,100,Buy,227932578
2024-08-01 09:42:23,91000.0,100,Buy,227932579
2024-08-01 09:42:23,91000.0,2000,Buy,227932580
2024-08-01 09:42:23,91000.0,200,Buy,227932573
2024-08-01 09:42:28,90900.0,100,Sell,227932703
2024-08-01 09:42:29,91000.0,100,Buy,227932737
2024-08-01 09:42:29,91000.0,200,Buy,227932738
2024-08-01 09:42:29,91000.0,500,Buy,227932739
2024-08-01 09:42:29,91000.0,200,Buy,227932740
2024-08-01 09:42:29,91000.0,100,Buy,227932741
2024-08-01 09:42:29,91000.0,500,Buy,227932746
2024-08-01 09:42:29,91000.0,200,Buy,227932743
2024-08-01 09:42:29,91000.0,1400,Buy,227932745
2024-08-01 09:42:29,91000.0,600,Buy,227932736
2024-08-01 09:42:29,91000.0,100,Buy,227932747
2024-08-01 09:42:29,91000.0,2000,Buy,227932748
2024-08-01 09:42:29,91000.0,100,Buy,227932749
2024-08-01 09:42:29,91000.0,300,Buy,227932742
2024-08-01 09:42:29,91000.0,100,Buy,227932735
2024-08-01 09:42:29,91000.0,5000,Buy,227932731
2024-08-01 09:42:29,91000.0,200,Buy,227932733
2024-08-01 09:42:29,91000.0,100,Buy,227932732
2024-08-01 09:42:29,91000.0,100,Buy,227932729
2024-08-01 09:42:29,91000.0,100,Buy,227932728
2024-08-01 09:42:29,91000.0,100,Buy,227932727
2024-08-01 09:42:29,91000.0,200,Buy,227932726
2024-08-01 09:42:29,91000.0,200,Buy,227932725
2024-08-01 09:42:29,91000.0,100,Buy,227932724
2024-08-01 09:42:29,91000.0,1900,Buy,227932723
2024-08-01 09:42:29,91000.0,100,Buy,227932722
2024-08-01 09:42:29,91000.0,16700,Buy,227932721
2024-08-01 09:42:29,91000.0,1200,Buy,227932720
2024-08-01 09:42:29,91000.0,100,Buy,227932734
2024-08-01 09:42:29,91000.0,200,Buy,227932730
2024-08-01 09:42:30,91000.0,700,Buy,227932771
2024-08-01 09:42:30,91000.0,200,Buy,227932769
2024-08-01 09:42:30,91000.0,100,Buy,227932768
2024-08-01 09:42:30,91000.0,1000,Buy,227932770
2024-08-01 09:42:32,91000.0,300,Buy,227932813
2024-08-01 09:42:32,91000.0,100,Buy,227932822
2024-08-01 09:42:32,91000.0,300,Buy,227932812
2024-08-01 09:42:32,91000.0,500,Buy,227932819
2024-08-01 09:42:32,91000.0,500,Buy,227932818
2024-08-01 09:42:32,91000.0,3000,Buy,227932821
2024-08-01 09:42:32,91000.0,200,Buy,227932816
2024-08-01 09:42:32,91000.0,100,Buy,227932815
2024-08-01 09:42:32,91000.0,200,Buy,227932814
2024-08-01 09:42:32,91000.0,200,Buy,227932817
2024-08-01 09:42:32,91000.0,100,Buy,227932820
2024-08-01 09:42:33,91000.0,100,Sell,227932834
2024-08-01 09:42:34,91000.0,100,Sell,227932848
2024-08-01 09:42:38,91100.0,2000,Buy,227932895
2024-08-01 09:42:38,91100.0,900,Buy,227932896
2024-08-01 09:42:38,91100.0,3000,Buy,227932897
2024-08-01 09:42:43,91100.0,100,Buy,227933015
2024-08-01 09:42:45,91000.0,200,Sell,227933042
2024-08-01 09:42:47,91000.0,1900,Sell,227933061
2024-08-01 09:42:50,91100.0,100,Buy,227933120
2024-08-01 09:42:50,91100.0,200,Buy,227933133
2024-08-01 09:42:50,91100.0,300,Buy,227933132
2024-08-01 09:42:50,91100.0,100,Buy,227933131
2024-08-01 09:42:50,91100.0,100,Buy,227933130
2024-08-01 09:42:50,91100.0,1900,Buy,227933119
2024-08-01 09:42:50,91100.0,100,Buy,227933128
2024-08-01 09:42:50,91100.0,100,Buy,227933129
2024-08-01 09:42:50,91100.0,200,Buy,227933126
2024-08-01 09:42:50,91100.0,1000,Buy,227933125
2024-08-01 09:42:50,91100.0,100,Buy,227933124
2024-08-01 09:42:50,91100.0,100,Buy,227933123
2024-08-01 09:42:50,91100.0,100,Buy,227933122
2024-08-01 09:42:50,91100.0,100,Buy,227933121
2024-08-01 09:42:50,91100.0,500,Buy,227933127
2024-08-01 09:42:51,91100.0,1700,Buy,227933138
2024-08-01 09:42:52,91100.0,400,Buy,227933153
2024-08-01 09:43:00,91100.0,200,Buy,227933297
2024-08-01 09:43:00,91100.0,100,Buy,227933301
2024-08-01 09:43:02,91100.0,200,Buy,227933331
2024-08-01 09:43:07,91100.0,100,Buy,227933398
2024-08-01 09:43:07,91100.0,100,Buy,227933405
2024-08-01 09:43:07,91100.0,500,Buy,227933404
2024-08-01 09:43:07,91100.0,1000,Buy,227933403
2024-08-01 09:43:07,91100.0,200,Buy,227933397
2024-08-01 09:43:07,91100.0,500,Buy,227933401
2024-08-01 09:43:07,91100.0,200,Buy,227933400
2024-08-01 09:43:07,91100.0,200,Buy,227933399
2024-08-01 09:43:07,91100.0,100,Buy,227933402
2024-08-01 09:43:19,91100.0,100,Sell,227933575
2024-08-01 09:43:19,91100.0,100,Sell,227933576
2024-08-01 09:43:20,91200.0,500,Buy,227933604
2024-08-01 09:43:20,91200.0,1000,Buy,227933603
2024-08-01 09:43:20,91200.0,400,Buy,227933601
2024-08-01 09:43:20,91200.0,100,Buy,227933600
2024-08-01 09:43:20,91200.0,100,Buy,227933599
2024-08-01 09:43:20,91200.0,100,Buy,227933602
2024-08-01 09:43:20,91200.0,100,Buy,227933597
2024-08-01 09:43:20,91200.0,100,Buy,227933596
2024-08-01 09:43:20,91200.0,200,Buy,227933595
2024-08-01 09:43:20,91200.0,100,Buy,227933594
2024-08-01 09:43:20,91200.0,200,Buy,227933593
2024-08-01 09:43:20,91200.0,100,Buy,227933598
2024-08-01 09:43:22,91200.0,4000,Buy,227933653
2024-08-01 09:43:22,91200.0,100,Buy,227933652
2024-08-01 09:43:22,91200.0,200,Buy,227933651
2024-08-01 09:43:22,91200.0,300,Buy,227933650
2024-08-01 09:43:22,91200.0,100,Buy,227933649
2024-08-01 09:43:22,91200.0,500,Buy,227933648
2024-08-01 09:43:22,91200.0,200,Buy,227933647
2024-08-01 09:43:22,91200.0,100,Buy,227933644
2024-08-01 09:43:22,91200.0,100,Buy,227933645
2024-08-01 09:43:22,91200.0,100,Buy,227933643
2024-08-01 09:43:22,91200.0,200,Buy,227933642
2024-08-01 09:43:22,91200.0,300,Buy,227933641
2024-08-01 09:43:22,91200.0,500,Buy,227933640
2024-08-01 09:43:22,91200.0,500,Buy,227933639
2024-08-01 09:43:22,91200.0,2800,Buy,227933646
2024-08-01 09:43:22,91100.0,100,Sell,227933632
2024-08-01 09:43:23,91200.0,5000,Buy,227933656
2024-08-01 09:43:24,91200.0,800,Buy,227933684
2024-08-01 09:43:24,91200.0,1300,Buy,227933682
2024-08-01 09:43:24,91200.0,100,Buy,227933683
2024-08-01 09:43:39,91200.0,2000,Buy,227934015
2024-08-01 09:43:39,91200.0,3900,Buy,227934016
2024-08-01 09:43:39,91200.0,200,Buy,227934031
2024-08-01 09:43:41,91200.0,2100,Buy,227934073
2024-08-01 09:43:43,91200.0,5000,Buy,227934129
2024-08-01 09:43:43,91200.0,4600,Buy,227934130
2024-08-01 09:43:43,91200.0,200,Buy,227934131
2024-08-01 09:43:43,91200.0,200,Buy,227934132
2024-08-01 09:43:45,91200.0,200,Buy,227934166
2024-08-01 09:43:45,91200.0,200,Buy,227934165
2024-08-01 09:43:45,91200.0,200,Buy,227934163
2024-08-01 09:43:45,91200.0,100,Buy,227934162
2024-08-01 09:43:45,91200.0,300,Buy,227934161
2024-08-01 09:43:45,91200.0,500,Buy,227934160
2024-08-01 09:43:45,91200.0,4200,Buy,227934164
2024-08-01 09:43:45,91200.0,1000,Buy,227934158
2024-08-01 09:43:45,91200.0,100,Buy,227934157
2024-08-01 09:43:45,91200.0,100,Buy,227934156
2024-08-01 09:43:45,91200.0,100,Buy,227934155
2024-08-01 09:43:45,91200.0,500,Buy,227934154
2024-08-01 09:43:45,91200.0,100,Buy,227934153
2024-08-01 09:43:45,91200.0,300,Buy,227934152
2024-08-01 09:43:45,91200.0,100,Buy,227934159
2024-08-01 09:43:46,91200.0,100,Sell,227934194
2024-08-01 09:43:47,91200.0,100,Sell,227934207
2024-08-01 09:43:48,91200.0,100,Sell,227934255
2024-08-01 09:43:49,91200.0,1700,Sell,227934265
2024-08-01 09:43:49,91200.0,3300,Sell,227934266
2024-08-01 09:43:52,91300.0,1000,Buy,227934313
2024-08-01 09:43:52,91300.0,500,Buy,227934314
2024-08-01 09:43:52,91300.0,500,Buy,227934315
2024-08-01 09:43:52,91300.0,500,Buy,227934316
2024-08-01 09:43:52,91300.0,200,Buy,227934318
2024-08-01 09:43:52,91300.0,500,Buy,227934325
2024-08-01 09:43:52,91300.0,100,Buy,227934320
2024-08-01 09:43:52,91300.0,100,Buy,227934321
2024-08-01 09:43:52,91300.0,500,Buy,227934322
2024-08-01 09:43:52,91300.0,200,Buy,227934323
2024-08-01 09:43:52,91300.0,100,Buy,227934324
2024-08-01 09:43:52,91300.0,100,Buy,227934319
2024-08-01 09:43:52,91300.0,500,Buy,227934312
2024-08-01 09:43:52,91300.0,100,Buy,227934317
2024-08-01 09:43:52,91300.0,100,Buy,227934310
2024-08-01 09:43:52,91300.0,1000,Buy,227934298
2024-08-01 09:43:52,91300.0,200,Buy,227934299
2024-08-01 09:43:52,91300.0,200,Buy,227934300
2024-08-01 09:43:52,91300.0,100,Buy,227934301
2024-08-01 09:43:52,91300.0,100,Buy,227934302
2024-08-01 09:43:52,91300.0,100,Buy,227934303
2024-08-01 09:43:52,91300.0,100,Buy,227934311
2024-08-01 09:43:52,91300.0,100,Buy,227934305
2024-08-01 09:43:52,91300.0,500,Buy,227934309
2024-08-01 09:43:52,91300.0,100,Buy,227934308
2024-08-01 09:43:52,91300.0,100,Buy,227934304
2024-08-01 09:43:52,91300.0,200,Buy,227934306
2024-08-01 09:43:52,91300.0,200,Buy,227934307
2024-08-01 09:43:53,91300.0,100,Buy,227934344
2024-08-01 09:43:53,91300.0,400,Buy,227934349
2024-08-01 09:43:53,91300.0,200,Buy,227934350
2024-08-01 09:43:53,91300.0,500,Buy,227934351
2024-08-01 09:43:53,91300.0,500,Buy,227934352
2024-08-01 09:43:53,91300.0,100,Buy,227934353
2024-08-01 09:43:53,91300.0,300,Buy,227934354
2024-08-01 09:43:53,91300.0,200,Buy,227934355
2024-08-01 09:43:53,91300.0,700,Buy,227934356
2024-08-01 09:43:53,91300.0,200,Buy,227934357
2024-08-01 09:43:53,91300.0,2800,Buy,227934358
2024-08-01 09:43:59,91300.0,200,Buy,227934454
2024-08-01 09:43:59,91300.0,100,Buy,227934455
2024-08-01 09:44:02,91300.0,500,Buy,227934525
2024-08-01 09:44:06,91400.0,900,Buy,227934619
2024-08-01 09:44:06,91300.0,300,Buy,227934610
2024-08-01 09:44:06,91400.0,200,Buy,227934618
2024-08-01 09:44:06,91400.0,500,Buy,227934617
2024-08-01 09:44:06,91400.0,100,Buy,227934616
2024-08-01 09:44:06,91300.0,1000,Buy,227934611
2024-08-01 09:44:06,91300.0,100,Buy,227934614
2024-08-01 09:44:06,91300.0,1000,Buy,227934613
2024-08-01 09:44:06,91300.0,200,Buy,227934612
2024-08-01 09:44:06,91400.0,200,Buy,227934615
2024-08-01 09:44:10,91200.0,100,Sell,227934889
2024-08-01 09:44:13,91300.0,200,Buy,227934948
2024-08-01 09:44:19,91300.0,100,Sell,227935099
2024-08-01 09:44:28,91300.0,300,Sell,227935255
2024-08-01 09:44:32,91300.0,100,Sell,227935409
2024-08-01 09:44:38,91300.0,100,Sell,227935504
2024-08-01 09:44:38,91300.0,400,Sell,227935519
2024-08-01 09:44:43,91300.0,500,Sell,227935573
2024-08-01 09:44:44,91300.0,100,Sell,227935614
2024-08-01 09:44:47,91300.0,100,Sell,227935667
2024-08-01 09:44:47,91400.0,200,Buy,227935663
2024-08-01 09:44:49,91300.0,400,Sell,227935695
2024-08-01 09:44:49,91300.0,100,Sell,227935694
2024-08-01 09:44:50,91300.0,200,Sell,227935719
2024-08-01 09:44:51,91300.0,100,Sell,227935736
2024-08-01 09:44:53,91300.0,200,Sell,227935772
2024-08-01 09:44:55,91300.0,1100,Sell,227935803
2024-08-01 09:44:55,91300.0,100,Sell,227935804
2024-08-01 09:44:55,91300.0,100,Sell,227935805
2024-08-01 09:44:55,91300.0,1000,Sell,227935806
2024-08-01 09:44:55,91300.0,200,Sell,227935807
2024-08-01 09:45:02,91300.0,100,Sell,227935928
2024-08-01 09:45:03,91200.0,100,Sell,227935950
2024-08-01 09:45:03,91300.0,100,Sell,227935940
2024-08-01 09:45:03,91300.0,1700,Sell,227935939
2024-08-01 09:45:03,91200.0,100,Sell,227935941
2024-08-01 09:45:10,91200.0,100,Sell,227936096
2024-08-01 09:45:18,91200.0,200,Sell,227936256
2024-08-01 09:45:21,91200.0,400,Sell,227936302
2024-08-01 09:45:21,91200.0,100,Sell,227936303
2024-08-01 09:45:24,91200.0,100,Sell,227936350
2024-08-01 09:45:25,91200.0,400,Sell,227936394
2024-08-01 09:45:25,91200.0,1900,Sell,227936393
2024-08-01 09:45:25,91200.0,2000,Sell,227936391
2024-08-01 09:45:25,91200.0,100,Sell,227936389
2024-08-01 09:45:25,91200.0,100,Sell,227936390
2024-08-01 09:45:25,91200.0,2000,Sell,227936392
2024-08-01 09:45:32,91200.0,100,Buy,227936530
2024-08-01 09:45:47,91100.0,100,Sell,227936830
2024-08-01 09:46:01,91100.0,1000,Sell,227937154
2024-08-01 09:46:15,91100.0,200,Sell,227937457
2024-08-01 09:46:19,91100.0,500,Sell,227937607
2024-08-01 09:46:28,91100.0,100,Sell,227937838
2024-08-01 09:46:28,91100.0,900,Sell,227937839
2024-08-01 09:46:36,91100.0,500,Sell,227937981
2024-08-01 09:46:45,91100.0,3900,Sell,227938176
2024-08-01 09:46:45,91100.0,1000,Sell,227938177
2024-08-01 09:46:45,91100.0,400,Sell,227938178
2024-08-01 09:46:45,91100.0,100,Sell,227938179
2024-08-01 09:46:45,91100.0,100,Sell,227938180
2024-08-01 09:46:45,91100.0,600,Sell,227938175
2024-08-01 09:47:18,91000.0,1900,Sell,227938824
2024-08-01 09:47:18,91100.0,100,Buy,227938830
2024-08-01 09:47:22,91100.0,400,Buy,227938894
2024-08-01 09:47:26,91100.0,2000,Buy,227938948
2024-08-01 09:47:34,91100.0,100,Buy,227939028
2024-08-01 09:47:35,91100.0,100,Buy,227939044
2024-08-01 09:47:37,91100.0,1600,Buy,227939078
2024-08-01 09:47:37,91100.0,200,Buy,227939077
2024-08-01 09:47:37,91100.0,100,Buy,227939076
2024-08-01 09:47:37,91100.0,200,Buy,227939071
2024-08-01 09:47:37,91100.0,500,Buy,227939074
2024-08-01 09:47:37,91100.0,200,Buy,227939073
2024-08-01 09:47:37,91100.0,1000,Buy,227939072
2024-08-01 09:47:37,91100.0,1000,Buy,227939075
2024-08-01 09:47:38,91100.0,200,Buy,227939080
2024-08-01 09:47:46,91000.0,100,Sell,227939213
2024-08-01 09:47:46,91000.0,900,Sell,227939214
2024-08-01 09:47:47,91100.0,300,Buy,227939233
2024-08-01 09:47:52,91000.0,200,Sell,227939323
2024-08-01 09:48:01,91100.0,100,Sell,227939498
2024-08-01 09:48:23,91200.0,1000,Buy,227939910
2024-08-01 09:48:29,91200.0,400,Buy,227940012
2024-08-01 09:48:48,91100.0,100,Sell,227940365
2024-08-01 09:49:09,91200.0,100,Buy,227940932
2024-08-01 09:49:24,91100.0,500,Sell,227941276
2024-08-01 09:49:25,91100.0,100,Sell,227941279
2024-08-01 09:49:32,91100.0,1900,Sell,227941448
2024-08-01 09:49:42,91100.0,100,Sell,227941647
2024-08-01 09:49:44,91100.0,200,Sell,227941682
2024-08-01 09:49:47,91100.0,500,Buy,227941737
2024-08-01 09:50:11,91100.0,300,Buy,227942147
2024-08-01 09:50:11,91100.0,100,Buy,227942148
2024-08-01 09:50:11,91100.0,200,Buy,227942149
2024-08-01 09:50:17,91100.0,100,Buy,227942225
2024-08-01 09:50:17,91100.0,100,Buy,227942226
2024-08-01 09:50:17,91100.0,2600,Buy,227942227
2024-08-01 09:50:17,91100.0,100,Buy,227942228
2024-08-01 09:50:17,91100.0,100,Buy,227942229
2024-08-01 09:50:34,91000.0,500,Sell,227942470
2024-08-01 09:50:39,91000.0,800,Sell,227942585
2024-08-01 09:50:48,91100.0,200,Buy,227942729
2024-08-01 09:50:48,91100.0,100,Buy,227942730
2024-08-01 09:50:48,91100.0,100,Buy,227942731
2024-08-01 09:51:00,91100.0,100,Buy,227942938
2024-08-01 09:51:00,91100.0,600,Buy,227942939
2024-08-01 09:51:10,91100.0,100,Buy,227943117
2024-08-01 09:51:12,91000.0,400,Sell,227943163
2024-08-01 09:51:12,91100.0,100,Buy,227943168
2024-08-01 09:51:48,91000.0,1100,Sell,227943866
2024-08-01 09:51:48,91000.0,800,Sell,227943867
2024-08-01 09:52:04,91100.0,100,Buy,227944129
2024-08-01 09:52:26,91100.0,600,Buy,227944633
2024-08-01 09:52:28,91000.0,100,Sell,227944719
2024-08-01 09:52:34,91100.0,500,Buy,227944837
2024-08-01 09:52:35,91000.0,100,Sell,227944839
2024-08-01 09:52:35,91000.0,100,Sell,227944840
2024-08-01 09:52:35,91000.0,600,Sell,227944841
2024-08-01 09:52:42,91000.0,200,Sell,227945026
2024-08-01 09:52:49,91000.0,500,Sell,227945145
2024-08-01 09:53:06,91000.0,4300,Sell,227945491
2024-08-01 09:53:06,91000.0,100,Sell,227945490
2024-08-01 09:53:06,91000.0,400,Sell,227945488
2024-08-01 09:53:06,91000.0,100,Sell,227945487
2024-08-01 09:53:06,91000.0,100,Sell,227945486
2024-08-01 09:53:06,91000.0,200,Sell,227945485
2024-08-01 09:53:06,91000.0,100,Sell,227945489
2024-08-01 09:53:06,91000.0,100,Sell,227945483
2024-08-01 09:53:06,91000.0,100,Sell,227945482
2024-08-01 09:53:06,91000.0,400,Sell,227945481
2024-08-01 09:53:06,91000.0,800,Sell,227945480
2024-08-01 09:53:06,91000.0,100,Sell,227945479
2024-08-01 09:53:06,91000.0,500,Sell,227945478
2024-08-01 09:53:06,91000.0,700,Sell,227945477
2024-08-01 09:53:06,91000.0,2000,Sell,227945484
2024-08-01 09:53:13,91000.0,100,Sell,227945600
2024-08-01 09:53:14,91000.0,100,Sell,227945624
2024-08-01 09:53:15,91000.0,200,Sell,227945626
2024-08-01 09:53:22,91000.0,100,Sell,227945758
2024-08-01 09:53:23,91000.0,400,Sell,227945784
2024-08-01 09:53:23,91000.0,2000,Sell,227945783
2024-08-01 09:53:23,91000.0,100,Sell,227945781
2024-08-01 09:53:23,91000.0,1000,Sell,227945780
2024-08-01 09:53:23,91000.0,400,Sell,227945782
2024-08-01 09:53:37,90900.0,100,Sell,227946120
2024-08-01 09:53:44,90900.0,900,Sell,227946311
2024-08-01 09:53:44,90900.0,400,Sell,227946312
2024-08-01 09:53:44,90900.0,100,Sell,227946313
2024-08-01 09:53:44,90900.0,400,Sell,227946314
2024-08-01 09:53:44,90900.0,100,Sell,227946315
2024-08-01 09:53:44,90900.0,1000,Sell,227946316
2024-08-01 09:53:44,90900.0,2000,Sell,227946317
2024-08-01 09:53:44,90900.0,100,Sell,227946318
2024-08-01 09:53:54,91000.0,100,Buy,227946557
2024-08-01 09:53:57,90900.0,200,Sell,227946589
2024-08-01 09:53:58,91000.0,1000,Buy,227946619
2024-08-01 09:54:06,91000.0,1000,Buy,227946872
2024-08-01 09:54:07,91000.0,400,Buy,227946877
2024-08-01 09:54:08,90900.0,200,Sell,227946885
2024-08-01 09:54:19,90900.0,300,Sell,227947114
2024-08-01 09:54:19,90900.0,100,Sell,227947112
2024-08-01 09:54:19,90900.0,100,Sell,227947113
2024-08-01 09:54:22,90900.0,1700,Sell,227947158
2024-08-01 09:54:23,90900.0,100,Buy,227947220
2024-08-01 09:54:30,90900.0,400,Buy,227947372
2024-08-01 09:54:51,91000.0,800,Buy,227947861
2024-08-01 09:54:51,90900.0,200,Buy,227947860
2024-08-01 09:54:57,90900.0,400,Buy,227948006
2024-08-01 09:55:12,90900.0,100,Sell,227948403
2024-08-01 09:55:27,90900.0,100,Sell,227948790
2024-08-01 09:55:27,90900.0,500,Sell,227948791
2024-08-01 09:55:27,90900.0,100,Sell,227948792
2024-08-01 09:55:27,90900.0,300,Sell,227948793
2024-08-01 09:55:27,90900.0,100,Sell,227948794
2024-08-01 09:56:05,90900.0,1000,Buy,227949976
2024-08-01 09:56:05,90900.0,2000,Buy,227949977
2024-08-01 09:56:13,90800.0,3600,Sell,227950160
2024-08-01 09:56:13,90800.0,1000,Sell,227950159
2024-08-01 09:56:13,90800.0,5000,Sell,227950156
2024-08-01 09:56:13,90800.0,300,Sell,227950157
2024-08-01 09:56:13,90800.0,10000,Sell,227950155
2024-08-01 09:56:13,90800.0,100,Sell,227950158
2024-08-01 09:56:14,90800.0,400,Sell,227950183
2024-08-01 09:56:15,90900.0,200,Buy,227950212
2024-08-01 09:56:22,90900.0,400,Buy,227950407
2024-08-01 09:56:27,90800.0,500,Sell,227950567
2024-08-01 09:56:34,90800.0,500,Sell,227950828
2024-08-01 09:56:37,90800.0,2200,Sell,227950956
2024-08-01 09:56:37,90800.0,2000,Sell,227950955
2024-08-01 09:56:37,90800.0,500,Sell,227950951
2024-08-01 09:56:37,90800.0,100,Sell,227950953
2024-08-01 09:56:37,90800.0,100,Sell,227950952
2024-08-01 09:56:37,90800.0,100,Sell,227950954
2024-08-01 09:57:15,90800.0,600,Sell,227952230
2024-08-01 09:57:15,90800.0,100,Sell,227952231
2024-08-01 09:57:15,90800.0,100,Sell,227952232
2024-08-01 09:57:15,90800.0,100,Sell,227952233
2024-08-01 09:57:15,90800.0,200,Sell,227952234
2024-08-01 09:57:15,90800.0,700,Sell,227952235
2024-08-01 09:57:19,90800.0,100,Sell,227952374
2024-08-01 09:57:20,90800.0,200,Sell,227952391
2024-08-01 09:57:23,90800.0,700,Sell,227952580
2024-08-01 09:57:23,90800.0,100,Sell,227952581
2024-08-01 09:57:29,90800.0,200,Buy,227952739
2024-08-01 09:57:29,90800.0,200,Buy,227952740
2024-08-01 09:57:30,90800.0,300,Buy,227952770
2024-08-01 09:57:30,90800.0,500,Buy,227952769
2024-08-01 09:57:30,90800.0,200,Buy,227952768
2024-08-01 09:57:30,90700.0,100,Sell,227952762
2024-08-01 09:57:30,90700.0,100,Sell,227952763
2024-08-01 09:57:30,90700.0,1500,Sell,227952764
2024-08-01 09:57:30,90700.0,100,Sell,227952761
2024-08-01 09:57:33,90800.0,100,Buy,227952856
2024-08-01 09:57:33,90800.0,100,Buy,227952855
2024-08-01 09:57:34,90800.0,100,Sell,227952871
2024-08-01 09:57:46,90800.0,2500,Sell,227953400
2024-08-01 09:57:46,90800.0,100,Sell,227953401
2024-08-01 09:57:46,90800.0,100,Sell,227953402
2024-08-01 09:57:46,90800.0,2000,Sell,227953403
2024-08-01 09:58:20,90800.0,1000,Buy,227954436
2024-08-01 09:58:31,90800.0,600,Buy,227954892
2024-08-01 09:58:37,90800.0,400,Buy,227955094
2024-08-01 09:59:02,90700.0,200,Sell,227956142
2024-08-01 09:59:15,90800.0,1000,Buy,227956456
2024-08-01 09:59:15,90800.0,2000,Buy,227956457
2024-08-01 09:59:27,90700.0,5000,Sell,227957051
2024-08-01 09:59:32,90800.0,1200,Buy,227957191
2024-08-01 09:59:38,90800.0,100,Buy,227957446
2024-08-01 09:59:44,90800.0,400,Buy,227957675
2024-08-01 09:59:45,90800.0,2000,Buy,227957705
2024-08-01 09:59:45,90800.0,1000,Buy,227957704
2024-08-01 10:00:05,90800.0,1000,Buy,227958463
2024-08-01 10:00:05,90800.0,2000,Buy,227958464
2024-08-01 10:00:06,90800.0,100,Buy,227958530
2024-08-01 10:00:06,90800.0,100,Buy,227958529
2024-08-01 10:00:06,90800.0,1400,Buy,227958528
2024-08-01 10:00:06,90800.0,600,Buy,227958527
2024-08-01 10:00:06,90800.0,500,Buy,227958526
2024-08-01 10:00:06,90800.0,100,Buy,227958525
2024-08-01 10:00:06,90800.0,800,Buy,227958531
2024-08-01 10:00:06,90800.0,100,Buy,227958522
2024-08-01 10:00:06,90800.0,100,Buy,227958521
2024-08-01 10:00:06,90800.0,200,Buy,227958520
2024-08-01 10:00:06,90800.0,2400,Buy,227958519
2024-08-01 10:00:06,90800.0,500,Buy,227958518
2024-08-01 10:00:06,90800.0,300,Buy,227958524
2024-08-01 10:00:06,90800.0,2400,Buy,227958523
2024-08-01 10:00:07,90800.0,100,Sell,227958544
2024-08-01 10:00:15,90800.0,700,Sell,227958831
2024-08-01 10:00:15,90800.0,300,Sell,227958830
2024-08-01 10:00:22,90900.0,500,Buy,227959030
2024-08-01 10:00:22,90900.0,300,Buy,227959032
2024-08-01 10:00:22,90900.0,100,Buy,227959029
2024-08-01 10:00:22,90900.0,100,Buy,227959031
2024-08-01 10:00:23,90800.0,300,Sell,227959077
2024-08-01 10:00:23,90800.0,700,Sell,227959078
2024-08-01 10:00:41,90800.0,300,Sell,227959692
2024-08-01 10:00:48,90800.0,200,Sell,227959987
2024-08-01 10:00:52,90900.0,100,Buy,227960089
2024-08-01 10:00:59,90800.0,400,Sell,227960282
2024-08-01 10:00:59,90800.0,300,Sell,227960283
2024-08-01 10:00:59,90800.0,100,Sell,227960284
2024-08-01 10:00:59,90800.0,500,Sell,227960286
2024-08-01 10:00:59,90800.0,600,Sell,227960285
2024-08-01 10:01:01,90800.0,300,Sell,227960359
2024-08-01 10:01:10,90800.0,200,Sell,227960673
2024-08-01 10:01:21,90900.0,100,Buy,227961200
2024-08-01 10:01:22,90800.0,300,Sell,227961227
2024-08-01 10:01:36,90800.0,100,Sell,227961916
2024-08-01 10:01:37,90800.0,100,Sell,227961953
2024-08-01 10:01:38,90800.0,200,Sell,227961992
2024-08-01 10:01:57,90800.0,300,Sell,227962613
2024-08-01 10:01:57,90800.0,200,Sell,227962614
2024-08-01 10:01:57,90800.0,300,Sell,227962612
2024-08-01 10:02:01,90900.0,500,Buy,227962837
2024-08-01 10:02:01,90900.0,100,Buy,227962838
2024-08-01 10:02:01,90900.0,1400,Buy,227962839
2024-08-01 10:02:01,90800.0,100,Sell,227962921
2024-08-01 10:02:08,90800.0,100,Sell,227963158
2024-08-01 10:02:13,90800.0,200,Sell,227963313
2024-08-01 10:02:13,90800.0,500,Sell,227963314
2024-08-01 10:02:14,90800.0,600,Sell,227963375
2024-08-01 10:02:22,90800.0,800,Sell,227963795
2024-08-01 10:02:36,90800.0,1000,Sell,227964250
2024-08-01 10:02:49,90800.0,400,Sell,227964782
2024-08-01 10:02:49,90800.0,1000,Sell,227964783
2024-08-01 10:02:49,90800.0,400,Sell,227964784
2024-08-01 10:02:49,90800.0,2000,Sell,227964785
2024-08-01 10:02:49,90800.0,1000,Sell,227964786
2024-08-01 10:02:53,90800.0,100,Buy,227965045
2024-08-01 10:03:07,90800.0,300,Buy,227965674
2024-08-01 10:03:07,90800.0,100,Buy,227965673
2024-08-01 10:03:21,90800.0,3900,Buy,227966366
2024-08-01 10:03:21,90800.0,700,Buy,227966363
2024-08-01 10:03:21,90800.0,200,Buy,227966364
2024-08-01 10:03:21,90800.0,1100,Buy,227966365
2024-08-01 10:03:32,90800.0,100,Buy,227966723
2024-08-01 10:03:37,90700.0,100,Sell,227966969
2024-08-01 10:03:51,90800.0,100,Buy,227967701
2024-08-01 10:03:51,90700.0,3200,Sell,227967730
2024-08-01 10:03:51,90700.0,1800,Sell,227967731
2024-08-01 10:04:05,90700.0,100,Sell,227968306
2024-08-01 10:04:07,90700.0,100,Sell,227968443
2024-08-01 10:04:11,90800.0,1400,Buy,227968653
2024-08-01 10:04:14,90800.0,400,Buy,227968796
2024-08-01 10:04:17,90800.0,100,Buy,227969029
2024-08-01 10:04:24,90800.0,100,Buy,227969365
2024-08-01 10:04:26,90800.0,1000,Buy,227969471
2024-08-01 10:04:37,90800.0,200,Buy,227969883
2024-08-01 10:04:37,90800.0,200,Buy,227969880
2024-08-01 10:04:37,90800.0,1600,Buy,227969881
2024-08-01 10:04:37,90800.0,2000,Buy,227969882
2024-08-01 10:04:39,90700.0,400,Sell,227969990
2024-08-01 10:04:39,90700.0,100,Sell,227969989
2024-08-01 10:04:52,90700.0,1000,Sell,227970544
2024-08-01 10:04:53,90800.0,1000,Buy,227970605
2024-08-01 10:04:53,90800.0,800,Buy,227970604
2024-08-01 10:04:53,90800.0,200,Buy,227970612
2024-08-01 10:04:53,90800.0,100,Buy,227970610
2024-08-01 10:04:53,90800.0,200,Buy,227970613
2024-08-01 10:04:53,90800.0,100,Buy,227970608
2024-08-01 10:04:53,90800.0,100,Buy,227970607
2024-08-01 10:04:53,90800.0,1000,Buy,227970606
2024-08-01 10:04:53,90800.0,1500,Buy,227970609
2024-08-01 10:04:55,90700.0,1000,Sell,227970661
2024-08-01 10:05:01,90700.0,5100,Sell,227970968
2024-08-01 10:05:12,90700.0,400,Sell,227971424
2024-08-01 10:05:18,90700.0,600,Sell,227971633
2024-08-01 10:05:18,90700.0,2100,Sell,227971629
2024-08-01 10:05:18,90700.0,2000,Sell,227971630
2024-08-01 10:05:18,90700.0,200,Sell,227971631
2024-08-01 10:05:18,90700.0,100,Sell,227971632
2024-08-01 10:05:19,90700.0,1500,Sell,227971702
2024-08-01 10:05:19,90700.0,100,Sell,227971701
2024-08-01 10:05:19,90700.0,1400,Sell,227971700
2024-08-01 10:05:28,90700.0,400,Sell,227972163
2024-08-01 10:05:28,90700.0,1000,Sell,227972162
2024-08-01 10:05:28,90700.0,100,Sell,227972161
2024-08-01 10:05:28,90700.0,1000,Sell,227972160
2024-08-01 10:05:28,90700.0,1300,Sell,227972155
2024-08-01 10:05:28,90700.0,100,Sell,227972158
2024-08-01 10:05:28,90700.0,100,Sell,227972156
2024-08-01 10:05:28,90700.0,1000,Sell,227972159
2024-08-01 10:05:28,90700.0,100,Sell,227972157
2024-08-01 10:05:29,90700.0,1000,Buy,227972174
2024-08-01 10:05:34,90600.0,100,Sell,227972390
2024-08-01 10:05:37,90600.0,1000,Sell,227972591
2024-08-01 10:05:37,90600.0,500,Sell,227972589
2024-08-01 10:05:37,90600.0,1000,Sell,227972592
2024-08-01 10:05:37,90600.0,1000,Sell,227972587
2024-08-01 10:05:37,90600.0,5000,Sell,227972586
2024-08-01 10:05:37,90600.0,500,Sell,227972588
2024-08-01 10:05:37,90600.0,1000,Sell,227972590
2024-08-01 10:05:51,90600.0,300,Sell,227973333
2024-08-01 10:05:59,90700.0,1000,Buy,227973727
2024-08-01 10:06:09,90600.0,100,Sell,227974181
2024-08-01 10:06:11,90600.0,200,Sell,227974261
2024-08-01 10:06:39,90600.0,100,Sell,227975297
2024-08-01 10:06:56,90600.0,100,Sell,227975901
2024-08-01 10:06:56,90600.0,1500,Sell,227975902
2024-08-01 10:06:56,90600.0,2800,Sell,227975899
2024-08-01 10:06:56,90600.0,200,Sell,227975898
2024-08-01 10:06:56,90600.0,300,Sell,227975897
2024-08-01 10:06:56,90600.0,100,Sell,227975900
2024-08-01 10:07:06,90600.0,700,Sell,227976316
2024-08-01 10:07:06,90600.0,1000,Sell,227976315
2024-08-01 10:07:06,90600.0,400,Sell,227976314
2024-08-01 10:07:06,90600.0,1000,Sell,227976313
2024-08-01 10:07:06,90600.0,2000,Sell,227976312
2024-08-01 10:07:06,90600.0,100,Sell,227976311
2024-08-01 10:07:06,90600.0,100,Sell,227976309
2024-08-01 10:07:06,90600.0,100,Sell,227976308
2024-08-01 10:07:06,90600.0,100,Sell,227976307
2024-08-01 10:07:06,90600.0,7300,Sell,227976306
2024-08-01 10:07:06,90600.0,500,Sell,227976305
2024-08-01 10:07:06,90600.0,1000,Sell,227976310
2024-08-01 10:07:15,90600.0,100,Sell,227976582
2024-08-01 10:07:17,90700.0,700,Buy,227976644
2024-08-01 10:07:17,90700.0,100,Buy,227976642
2024-08-01 10:07:17,90700.0,100,Buy,227976643
2024-08-01 10:07:17,90700.0,200,Buy,227976640
2024-08-01 10:07:17,90700.0,600,Buy,227976641
2024-08-01 10:07:17,90700.0,2900,Buy,227976639
2024-08-01 10:07:22,90800.0,100,Buy,227976869
2024-08-01 10:07:26,90800.0,1000,Buy,227977000
2024-08-01 10:07:30,90600.0,200,Sell,227977141
2024-08-01 10:07:30,90600.0,700,Sell,227977142
2024-08-01 10:07:30,90600.0,200,Sell,227977140
2024-08-01 10:07:42,90700.0,500,Sell,227977523
2024-08-01 10:07:43,90700.0,2000,Sell,227977579
2024-08-01 10:07:44,90700.0,100,Sell,227977591
2024-08-01 10:08:14,90700.0,400,Sell,227978648
2024-08-01 10:08:16,90700.0,300,Sell,227978714
2024-08-01 10:08:29,90800.0,3900,Buy,227979130
2024-08-01 10:08:29,90800.0,900,Buy,227979129
2024-08-01 10:08:29,90800.0,400,Buy,227979126
2024-08-01 10:08:29,90800.0,200,Buy,227979127
2024-08-01 10:08:29,90800.0,100,Buy,227979128
2024-08-01 10:08:29,90800.0,400,Buy,227979125
2024-08-01 10:08:35,90800.0,8000,Buy,227979249
2024-08-01 10:08:35,90800.0,400,Buy,227979251
2024-08-01 10:08:35,90800.0,700,Buy,227979250
2024-08-01 10:08:35,90800.0,100,Buy,227979247
2024-08-01 10:08:35,90800.0,200,Buy,227979246
2024-08-01 10:08:35,90800.0,300,Buy,227979245
2024-08-01 10:08:35,90800.0,200,Buy,227979244
2024-08-01 10:08:35,90800.0,100,Buy,227979248
2024-08-01 10:08:44,90800.0,400,Buy,227979575
2024-08-01 10:08:45,90800.0,1500,Buy,227979602
2024-08-01 10:08:45,90800.0,600,Buy,227979603
2024-08-01 10:08:45,90800.0,200,Buy,227979604
2024-08-01 10:08:46,90800.0,700,Sell,227979631
2024-08-01 10:08:48,90800.0,3300,Buy,227979693
2024-08-01 10:08:55,90800.0,500,Sell,227979921
2024-08-01 10:08:56,90800.0,1200,Sell,227979946
2024-08-01 10:08:56,90800.0,800,Sell,227979947
2024-08-01 10:09:07,90800.0,400,Sell,227980295
2024-08-01 10:09:16,90800.0,200,Sell,227980564
2024-08-01 10:09:17,90800.0,100,Sell,227980580
2024-08-01 10:09:17,90800.0,500,Sell,227980590
2024-08-01 10:09:17,90800.0,300,Sell,227980591
2024-08-01 10:09:24,90800.0,1700,Sell,227980820
2024-08-01 10:09:24,90800.0,300,Sell,227980821
2024-08-01 10:09:38,90900.0,2000,Buy,227981211
2024-08-01 10:09:38,90900.0,200,Buy,227981209
2024-08-01 10:09:38,90900.0,800,Buy,227981210
2024-08-01 10:09:50,90800.0,100,Sell,227981526
2024-08-01 10:10:00,90800.0,1000,Sell,227981806
2024-08-01 10:10:00,90800.0,100,Sell,227981805
2024-08-01 10:10:00,90800.0,700,Sell,227981807
2024-08-01 10:10:00,90800.0,1000,Sell,227981803
2024-08-01 10:10:00,90800.0,1000,Sell,227981802
2024-08-01 10:10:00,90800.0,900,Sell,227981801
2024-08-01 10:10:00,90800.0,300,Sell,227981804
2024-08-01 10:10:11,90800.0,200,Sell,227982048
2024-08-01 10:10:19,90800.0,100,Sell,227982262
2024-08-01 10:10:19,90800.0,1900,Sell,227982263
2024-08-01 10:10:28,90800.0,100,Sell,227982470
2024-08-01 10:10:28,90800.0,100,Sell,227982471
2024-08-01 10:10:37,90800.0,100,Sell,227982673
2024-08-01 10:11:04,90900.0,200,Buy,227983357
2024-08-01 10:11:30,90900.0,800,Buy,227983937
2024-08-01 10:11:51,90900.0,1000,Buy,227984508
2024-08-01 10:11:59,90800.0,100,Sell,227984771
2024-08-01 10:12:03,90900.0,2000,Buy,227984876
2024-08-01 10:12:07,90900.0,400,Buy,227984972
2024-08-01 10:12:17,90800.0,100,Sell,227985166
2024-08-01 10:12:24,90900.0,2000,Buy,227985317
2024-08-01 10:12:24,90900.0,3900,Buy,227985318
2024-08-01 10:12:28,90800.0,600,Sell,227985397
2024-08-01 10:12:28,90800.0,400,Sell,227985398
2024-08-01 10:12:54,90800.0,100,Sell,227985880
2024-08-01 10:12:54,90800.0,1900,Sell,227985879
2024-08-01 10:12:54,90800.0,500,Sell,227985877
2024-08-01 10:12:54,90800.0,600,Sell,227985876
2024-08-01 10:12:54,90800.0,2000,Sell,227985878
2024-08-01 10:13:17,90800.0,500,Sell,227986207
2024-08-01 10:13:19,90800.0,1000,Sell,227986234
2024-08-01 10:13:30,90800.0,400,Sell,227986445
2024-08-01 10:13:30,90800.0,100,Sell,227986446
2024-08-01 10:13:38,90900.0,200,Buy,227986591
2024-08-01 10:13:51,90900.0,7100,Buy,227986858
2024-08-01 10:13:51,90900.0,200,Buy,227986856
2024-08-01 10:13:51,90900.0,100,Buy,227986857
2024-08-01 10:13:51,90900.0,600,Buy,227986854
2024-08-01 10:13:51,90900.0,6700,Buy,227986852
2024-08-01 10:13:51,90900.0,100,Buy,227986855
2024-08-01 10:13:51,90900.0,200,Buy,227986853
2024-08-01 10:13:59,90900.0,200,Buy,227986972
2024-08-01 10:14:02,90900.0,1300,Buy,227987015
2024-08-01 10:14:04,90900.0,200,Buy,227987047
2024-08-01 10:14:13,90900.0,2000,Buy,227987156
2024-08-01 10:14:16,90900.0,700,Buy,227987221
2024-08-01 10:14:22,90900.0,400,Buy,227987314
2024-08-01 10:14:44,90900.0,3900,Buy,227987662
2024-08-01 10:14:44,90900.0,2000,Buy,227987661
2024-08-01 10:14:50,90900.0,600,Buy,227987829
2024-08-01 10:14:50,90900.0,500,Buy,227987827
2024-08-01 10:14:50,90900.0,300,Buy,227987826
2024-08-01 10:14:50,90900.0,100,Buy,227987825
2024-08-01 10:14:50,90900.0,400,Buy,227987824
2024-08-01 10:14:50,90900.0,100,Buy,227987823
2024-08-01 10:14:50,90900.0,1000,Buy,227987822
2024-08-01 10:14:50,90900.0,500,Buy,227987821
2024-08-01 10:14:50,90900.0,100,Buy,227987820
2024-08-01 10:14:50,90900.0,700,Buy,227987828
2024-08-01 10:14:50,90900.0,100,Buy,227987819
2024-08-01 10:14:50,90900.0,200,Buy,227987817
2024-08-01 10:14:50,90900.0,100,Buy,227987816
2024-08-01 10:14:50,90900.0,100,Buy,227987815
2024-08-01 10:14:50,90900.0,500,Buy,227987814
2024-08-01 10:14:50,90900.0,4000,Buy,227987813
2024-08-01 10:14:50,90900.0,100,Buy,227987812
2024-08-01 10:14:50,90900.0,100,Buy,227987811
2024-08-01 10:14:50,90900.0,200,Buy,227987810
2024-08-01 10:14:50,90900.0,1700,Buy,227987809
2024-08-01 10:14:50,90900.0,500,Buy,227987808
2024-08-01 10:14:50,90900.0,100,Buy,227987818
2024-08-01 10:14:57,90900.0,5000,Buy,227987946
2024-08-01 10:15:02,90900.0,300,Buy,227988049
2024-08-01 10:15:02,90900.0,200,Sell,227988050
2024-08-01 10:15:02,90900.0,700,Buy,227988048
2024-08-01 10:15:17,90900.0,200,Sell,227988311
2024-08-01 10:15:33,90900.0,100,Sell,227988595
2024-08-01 10:16:03,90900.0,500,Sell,227989132
2024-08-01 10:16:06,90900.0,100,Sell,227989166
2024-08-01 10:16:07,90900.0,900,Sell,227989190
2024-08-01 10:16:07,90900.0,100,Sell,227989191
2024-08-01 10:16:07,90900.0,1000,Sell,227989192
2024-08-01 10:16:23,91000.0,100,Buy,227989420
2024-08-01 10:16:23,91000.0,100,Buy,227989419
2024-08-01 10:16:23,91000.0,1800,Buy,227989418
2024-08-01 10:16:23,91000.0,1000,Buy,227989417
2024-08-01 10:16:27,90900.0,1000,Sell,227989506
2024-08-01 10:16:33,90900.0,400,Sell,227989635
2024-08-01 10:16:33,90900.0,100,Sell,227989634
2024-08-01 10:16:37,90900.0,1200,Sell,227989725
2024-08-01 10:16:40,91000.0,1400,Buy,227989795
2024-08-01 10:16:40,91000.0,600,Buy,227989814
2024-08-01 10:16:40,91000.0,100,Buy,227989813
2024-08-01 10:16:40,91000.0,500,Buy,227989812
2024-08-01 10:16:40,91000.0,1000,Buy,227989811
2024-08-01 10:16:40,91000.0,500,Buy,227989810
2024-08-01 10:16:40,91000.0,100,Buy,227989806
2024-08-01 10:16:40,91000.0,1900,Buy,227989805
2024-08-01 10:16:40,91000.0,100,Buy,227989804
2024-08-01 10:16:40,91000.0,100,Buy,227989802
2024-08-01 10:16:40,91000.0,200,Buy,227989801
2024-08-01 10:16:40,91000.0,100,Buy,227989800
2024-08-01 10:16:40,91000.0,100,Buy,227989799
2024-08-01 10:16:40,91000.0,300,Buy,227989798
2024-08-01 10:16:40,91000.0,1900,Buy,227989797
2024-08-01 10:16:40,91000.0,100,Buy,227989796
2024-08-01 10:16:40,91000.0,1000,Buy,227989803
2024-08-01 10:16:47,90900.0,100,Sell,227989916
2024-08-01 10:16:51,90900.0,200,Sell,227989969
2024-08-01 10:17:07,91000.0,300,Buy,227990236
2024-08-01 10:17:07,91000.0,1300,Buy,227990235
2024-08-01 10:17:17,91000.0,200,Buy,227990499
2024-08-01 10:17:17,91000.0,200,Buy,227990500
2024-08-01 10:17:17,91000.0,300,Buy,227990501
2024-08-01 10:17:17,91000.0,1300,Buy,227990502
2024-08-01 10:17:17,91000.0,700,Buy,227990503
2024-08-01 10:17:17,91000.0,1900,Buy,227990504
2024-08-01 10:17:17,91000.0,200,Buy,227990505
2024-08-01 10:17:17,91000.0,1100,Buy,227990506
2024-08-01 10:17:19,90900.0,1000,Sell,227990545
2024-08-01 10:17:42,91000.0,100,Buy,227991044
2024-08-01 10:17:42,91000.0,500,Buy,227991043
2024-08-01 10:17:42,91000.0,400,Buy,227991042
2024-08-01 10:17:44,91000.0,400,Buy,227991072
2024-08-01 10:17:54,91000.0,1000,Buy,227991280
2024-08-01 10:18:01,91000.0,1700,Buy,227991440
2024-08-01 10:18:01,91000.0,100,Buy,227991439
2024-08-01 10:18:01,91000.0,200,Buy,227991437
2024-08-01 10:18:01,91000.0,200,Buy,227991436
2024-08-01 10:18:01,91000.0,100,Buy,227991435
2024-08-01 10:18:01,91000.0,100,Buy,227991434
2024-08-01 10:18:01,91000.0,100,Buy,227991433
2024-08-01 10:18:01,91000.0,1100,Buy,227991429
2024-08-01 10:18:01,91000.0,100,Buy,227991431
2024-08-01 10:18:01,91000.0,500,Buy,227991432
2024-08-01 10:18:01,91000.0,400,Buy,227991424
2024-08-01 10:18:01,91000.0,100,Buy,227991425
2024-08-01 10:18:01,91000.0,200,Buy,227991428
2024-08-01 10:18:01,91000.0,100,Buy,227991427
2024-08-01 10:18:01,91000.0,100,Buy,227991426
2024-08-01 10:18:01,91000.0,800,Buy,227991430
2024-08-01 10:18:04,91000.0,1200,Buy,227991518
2024-08-01 10:18:04,91000.0,300,Buy,227991517
2024-08-01 10:18:04,91000.0,500,Buy,227991516
2024-08-01 10:18:04,91000.0,1900,Buy,227991515
2024-08-01 10:18:04,91000.0,200,Buy,227991505
2024-08-01 10:18:04,91000.0,300,Buy,227991504
2024-08-01 10:18:04,91000.0,100,Buy,227991502
2024-08-01 10:18:04,91000.0,500,Buy,227991501
2024-08-01 10:18:04,91000.0,500,Buy,227991506
2024-08-01 10:18:04,91000.0,1900,Buy,227991499
2024-08-01 10:18:04,91000.0,200,Buy,227991500
2024-08-01 10:18:04,91000.0,200,Buy,227991491
2024-08-01 10:18:04,91000.0,20000,Buy,227991492
2024-08-01 10:18:04,91000.0,500,Buy,227991493
2024-08-01 10:18:04,91000.0,100,Buy,227991503
2024-08-01 10:18:04,91000.0,500,Buy,227991495
2024-08-01 10:18:04,91000.0,100,Buy,227991496
2024-08-01 10:18:04,91000.0,300,Buy,227991497
2024-08-01 10:18:04,91000.0,600,Buy,227991494
2024-08-01 10:18:04,91000.0,100,Buy,227991498
2024-08-01 10:18:05,90900.0,400,Sell,227991535
2024-08-01 10:18:05,90900.0,400,Sell,227991533
2024-08-01 10:18:05,90900.0,8700,Sell,227991532
2024-08-01 10:18:05,90900.0,400,Sell,227991534
2024-08-01 10:18:13,91000.0,1900,Buy,227991696
2024-08-01 10:18:13,91000.0,100,Buy,227991703
2024-08-01 10:18:13,91000.0,400,Buy,227991701
2024-08-01 10:18:13,91000.0,100,Buy,227991700
2024-08-01 10:18:13,91000.0,100,Buy,227991699
2024-08-01 10:18:13,91000.0,4000,Buy,227991698
2024-08-01 10:18:13,91000.0,500,Buy,227991697
2024-08-01 10:18:13,91000.0,300,Buy,227991704
2024-08-01 10:18:13,91000.0,200,Buy,227991695
2024-08-01 10:18:13,91000.0,100,Buy,227991693
2024-08-01 10:18:13,91000.0,500,Buy,227991687
2024-08-01 10:18:13,91000.0,200,Buy,227991688
2024-08-01 10:18:13,91000.0,100,Buy,227991689
2024-08-01 10:18:13,91000.0,100,Buy,227991694
2024-08-01 10:18:13,91000.0,200,Buy,227991691
2024-08-01 10:18:13,91000.0,1000,Buy,227991690
2024-08-01 10:18:13,91000.0,200,Buy,227991692
2024-08-01 10:18:36,91000.0,1000,Buy,227992158
2024-08-01 10:18:38,91000.0,400,Buy,227992182
2024-08-01 10:18:44,91000.0,300,Buy,227992292
2024-08-01 10:18:44,91000.0,200,Buy,227992293
2024-08-01 10:18:51,90900.0,200,Sell,227992380
2024-08-01 10:18:59,91000.0,100,Buy,227992603
2024-08-01 10:19:07,90900.0,800,Sell,227992722
2024-08-01 10:19:07,90900.0,200,Sell,227992723
2024-08-01 10:19:12,91000.0,100,Buy,227992831
2024-08-01 10:19:12,91000.0,300,Buy,227992832
2024-08-01 10:19:12,91000.0,500,Buy,227992833
2024-08-01 10:19:12,91000.0,1000,Buy,227992830
2024-08-01 10:19:16,91000.0,600,Buy,227992902
2024-08-01 10:19:18,91000.0,100,Buy,227992946
2024-08-01 10:19:28,91000.0,600,Buy,227993139
2024-08-01 10:19:50,90900.0,100,Sell,227993590
2024-08-01 10:20:20,90900.0,200,Sell,227994237
2024-08-01 10:20:30,90900.0,1000,Sell,227994439
2024-08-01 10:20:49,90900.0,200,Sell,227994880
2024-08-01 10:21:00,91000.0,1000,Buy,227995082
2024-08-01 10:21:02,90900.0,1000,Sell,227995107
2024-08-01 10:21:02,90900.0,200,Sell,227995108
2024-08-01 10:21:02,90900.0,800,Sell,227995106
2024-08-01 10:21:05,91000.0,800,Buy,227995242
2024-08-01 10:21:05,91000.0,100,Buy,227995243
2024-08-01 10:21:05,91000.0,2000,Buy,227995244
2024-08-01 10:21:05,91000.0,100,Buy,227995245
2024-08-01 10:21:07,91000.0,400,Buy,227995270
2024-08-01 10:21:10,90900.0,200,Sell,227995352
2024-08-01 10:21:26,90900.0,100,Sell,227995612
2024-08-01 10:21:37,90900.0,300,Sell,227995845
2024-08-01 10:21:40,90900.0,500,Sell,227995870
2024-08-01 10:21:43,90900.0,500,Sell,227995968
2024-08-01 10:21:48,91000.0,300,Buy,227996218
2024-08-01 10:21:48,90900.0,100,Sell,227996216
2024-08-01 10:21:48,91000.0,500,Buy,227996217
2024-08-01 10:22:14,91000.0,400,Buy,227996737
2024-08-01 10:22:31,90900.0,200,Sell,227997085
2024-08-01 10:23:20,90900.0,2000,Sell,227998222
2024-08-01 10:23:50,90900.0,2000,Sell,227998751
2024-08-01 10:23:50,90900.0,400,Sell,227998752
2024-08-01 10:23:50,90900.0,600,Sell,227998753
2024-08-01 10:23:50,90900.0,1100,Sell,227998754
2024-08-01 10:23:50,90900.0,300,Sell,227998765
2024-08-01 10:23:50,90900.0,1000,Sell,227998766
2024-08-01 10:23:50,90900.0,500,Sell,227998767
2024-08-01 10:23:50,90900.0,900,Sell,227998750
2024-08-01 10:24:06,90900.0,500,Sell,227999049
2024-08-01 10:24:09,90900.0,200,Sell,227999140
2024-08-01 10:24:11,90900.0,200,Sell,227999171
2024-08-01 10:24:29,90900.0,300,Buy,227999485
2024-08-01 10:25:24,90900.0,200,Buy,228000633
2024-08-01 10:25:24,90900.0,500,Buy,228000634
2024-08-01 10:25:24,90900.0,100,Buy,228000635
2024-08-01 10:25:24,90900.0,100,Buy,228000636
2024-08-01 10:25:24,90900.0,100,Buy,228000637
2024-08-01 10:25:37,90900.0,400,Buy,228000914
2024-08-01 10:25:41,90900.0,100,Buy,228001001
2024-08-01 10:25:41,90900.0,2900,Buy,228001000
2024-08-01 10:25:56,90900.0,100,Buy,228001366
2024-08-01 10:26:05,90900.0,100,Buy,228001612
2024-08-01 10:26:05,90900.0,100,Buy,228001613
2024-08-01 10:26:39,90900.0,1000,Sell,228002484
2024-08-01 10:27:01,90900.0,1000,Sell,228002933
2024-08-01 10:27:20,90900.0,200,Sell,228003301
2024-08-01 10:27:23,90900.0,500,Sell,228003360
2024-08-01 10:27:27,90900.0,500,Sell,228003440
2024-08-01 10:27:27,90900.0,1800,Sell,228003441
2024-08-01 10:27:27,90900.0,1200,Sell,228003442
2024-08-01 10:27:31,90900.0,200,Sell,228003518
2024-08-01 10:27:33,90900.0,400,Sell,228003546
2024-08-01 10:27:33,90900.0,100,Sell,228003547
2024-08-01 10:27:33,90900.0,800,Sell,228003545
2024-08-01 10:27:43,90900.0,3000,Buy,228003724
2024-08-01 10:27:52,90900.0,400,Buy,228003933
2024-08-01 10:28:59,90900.0,400,Buy,228005495
2024-08-01 10:29:45,90900.0,2000,Buy,228006533
2024-08-01 10:30:07,90900.0,300,Buy,228007032
2024-08-01 10:30:21,90900.0,100,Buy,228007368
2024-08-01 10:30:21,90900.0,2000,Buy,228007366
2024-08-01 10:30:21,90900.0,2600,Buy,228007365
2024-08-01 10:30:21,90900.0,300,Buy,228007367
2024-08-01 10:30:52,90900.0,200,Buy,228008460
2024-08-01 10:30:52,90900.0,100,Buy,228008461
2024-08-01 10:30:52,90900.0,100,Buy,228008462
2024-08-01 10:30:52,90900.0,100,Buy,228008463
2024-08-01 10:30:52,90900.0,200,Buy,228008464
2024-08-01 10:30:52,90900.0,200,Buy,228008465
2024-08-01 10:30:52,90900.0,1100,Buy,228008466
2024-08-01 10:31:05,90900.0,600,Buy,228008729
2024-08-01 10:31:15,90900.0,400,Buy,228008938
2024-08-01 10:31:28,90900.0,5000,Buy,228009313
2024-08-01 10:31:38,90800.0,200,Sell,228009634
2024-08-01 10:31:38,90800.0,300,Sell,228009633
2024-08-01 10:31:54,90800.0,100,Sell,228010247
2024-08-01 10:31:56,90900.0,2000,Buy,228010315
2024-08-01 10:31:56,90800.0,500,Sell,228010328
2024-08-01 10:31:56,90800.0,200,Sell,228010329
2024-08-01 10:32:04,90800.0,800,Sell,228010622
2024-08-01 10:32:04,90800.0,1200,Sell,228010624
2024-08-01 10:32:04,90800.0,100,Sell,228010621
2024-08-01 10:32:04,90800.0,1000,Sell,228010623
2024-08-01 10:32:04,90800.0,100,Sell,228010619
2024-08-01 10:32:04,90800.0,100,Sell,228010618
2024-08-01 10:32:04,90800.0,1000,Sell,228010616
2024-08-01 10:32:04,90800.0,300,Sell,228010617
2024-08-01 10:32:04,90800.0,100,Sell,228010620
2024-08-01 10:32:07,90800.0,1500,Sell,228010702
2024-08-01 10:32:07,90800.0,400,Sell,228010701
2024-08-01 10:32:07,90800.0,2000,Sell,228010700
2024-08-01 10:32:07,90800.0,400,Sell,228010698
2024-08-01 10:32:07,90800.0,300,Sell,228010697
2024-08-01 10:32:07,90800.0,100,Sell,228010699
2024-08-01 10:32:07,90800.0,100,Sell,228010695
2024-08-01 10:32:07,90800.0,1000,Sell,228010694
2024-08-01 10:32:07,90800.0,100,Sell,228010693
2024-08-01 10:32:07,90800.0,100,Sell,228010692
2024-08-01 10:32:07,90800.0,100,Sell,228010691
2024-08-01 10:32:07,90800.0,3800,Sell,228010690
2024-08-01 10:32:07,90800.0,100,Sell,228010696
2024-08-01 10:32:16,90800.0,100,Sell,228010915
2024-08-01 10:32:36,90800.0,400,Sell,228011531
2024-08-01 10:32:42,90800.0,100,Sell,228011726
2024-08-01 10:32:45,90800.0,100,Sell,228011824
2024-08-01 10:32:53,90800.0,2000,Sell,228012099
2024-08-01 10:32:59,90800.0,300,Sell,228012198
2024-08-01 10:32:59,90800.0,100,Sell,228012206
2024-08-01 10:33:18,90800.0,1200,Sell,228012647
2024-08-01 10:33:18,90800.0,400,Sell,228012646
2024-08-01 10:33:18,90800.0,400,Sell,228012643
2024-08-01 10:33:18,90800.0,2000,Sell,228012644
2024-08-01 10:33:18,90800.0,1000,Sell,228012645
2024-08-01 10:33:21,90800.0,300,Sell,228012690
2024-08-01 10:33:38,90800.0,800,Sell,228013229
2024-08-01 10:33:48,90800.0,200,Sell,228013512
2024-08-01 10:33:59,90800.0,300,Sell,228013975
2024-08-01 10:33:59,90800.0,100,Sell,228013976
2024-08-01 10:33:59,90800.0,100,Sell,228013977
2024-08-01 10:33:59,90800.0,100,Sell,228013978
2024-08-01 10:33:59,90800.0,1700,Sell,228013979
2024-08-01 10:34:06,90800.0,2800,Sell,228014239
2024-08-01 10:34:08,90800.0,200,Sell,228014327
2024-08-01 10:34:08,90800.0,100,Sell,228014323
2024-08-01 10:34:25,90800.0,200,Sell,228014845
2024-08-01 10:34:25,90800.0,800,Sell,228014846
2024-08-01 10:34:26,90800.0,200,Sell,228014931
2024-08-01 10:34:26,90800.0,400,Sell,228014932
2024-08-01 10:34:26,90800.0,800,Sell,228014933
2024-08-01 10:35:13,90800.0,100,Sell,228016797
2024-08-01 10:35:15,90800.0,100,Sell,228016857
2024-08-01 10:35:18,90900.0,300,Buy,228016972
2024-08-01 10:35:19,90800.0,100,Sell,228017010
2024-08-01 10:35:43,90900.0,1200,Buy,228017682
2024-08-01 10:35:45,90900.0,300,Buy,228017766
2024-08-01 10:35:51,90800.0,200,Sell,228017972
2024-08-01 10:36:09,90900.0,100,Buy,228018647
2024-08-01 10:36:09,90900.0,1000,Buy,228018648
2024-08-01 10:36:09,90900.0,500,Buy,228018649
2024-08-01 10:36:09,90900.0,500,Buy,228018676
2024-08-01 10:36:09,90900.0,1600,Buy,228018677
2024-08-01 10:36:10,90900.0,100,Buy,228018690
2024-08-01 10:36:10,90900.0,200,Buy,228018691
2024-08-01 10:36:10,90900.0,300,Buy,228018692
2024-08-01 10:36:14,90800.0,100,Sell,228018803
2024-08-01 10:36:14,90800.0,2700,Sell,228018801
2024-08-01 10:36:14,90800.0,200,Sell,228018802
2024-08-01 10:36:15,90900.0,200,Buy,228018830
2024-08-01 10:36:15,90900.0,200,Buy,228018829
2024-08-01 10:36:15,90900.0,1500,Buy,228018825
2024-08-01 10:36:15,90900.0,100,Buy,228018828
2024-08-01 10:36:15,90900.0,500,Buy,228018827
2024-08-01 10:36:15,90900.0,200,Buy,228018826
2024-08-01 10:36:15,90900.0,900,Buy,228018824
2024-08-01 10:36:15,90900.0,300,Buy,228018818
2024-08-01 10:36:15,90900.0,2900,Buy,228018822
2024-08-01 10:36:15,90900.0,700,Buy,228018816
2024-08-01 10:36:15,90900.0,200,Buy,228018817
2024-08-01 10:36:15,90900.0,200,Buy,228018823
2024-08-01 10:36:15,90900.0,100,Buy,228018820
2024-08-01 10:36:15,90900.0,200,Buy,228018819
2024-08-01 10:36:15,90900.0,500,Buy,228018821
2024-08-01 10:36:33,91000.0,300,Buy,228019375
2024-08-01 10:36:52,91000.0,400,Buy,228019984
2024-08-01 10:37:28,90900.0,200,Sell,228020914
2024-08-01 10:38:18,90900.0,200,Sell,228022298
2024-08-01 10:38:39,90900.0,100,Sell,228022662
2024-08-01 10:38:39,90900.0,900,Sell,228022663
2024-08-01 10:38:41,90900.0,1100,Sell,228022709
2024-08-01 10:38:42,90900.0,100,Sell,228022715
2024-08-01 10:38:55,90900.0,100,Sell,228023064
2024-08-01 10:39:09,90900.0,300,Sell,228023345
2024-08-01 10:39:36,90900.0,100,Sell,228023933
2024-08-01 10:39:44,90900.0,500,Sell,228024143
2024-08-01 10:39:46,90900.0,4000,Sell,228024169
2024-08-01 10:39:57,90900.0,200,Sell,228024407
2024-08-01 10:40:09,90900.0,800,Sell,228024690
2024-08-01 10:40:09,90900.0,1800,Sell,228024688
2024-08-01 10:40:09,90900.0,400,Sell,228024689
2024-08-01 10:40:10,90900.0,200,Sell,228024709
2024-08-01 10:40:10,90900.0,700,Sell,228024710
2024-08-01 10:40:22,90900.0,100,Sell,228024966
2024-08-01 10:40:36,90900.0,100,Sell,228025194
2024-08-01 10:40:39,90900.0,100,Sell,228025276
2024-08-01 10:40:39,90900.0,100,Sell,228025277
2024-08-01 10:40:44,90900.0,300,Sell,228025353
2024-08-01 10:40:47,90900.0,500,Sell,228025395
2024-08-01 10:41:02,90900.0,100,Sell,228025701
2024-08-01 10:41:02,90900.0,200,Sell,228025710
2024-08-01 10:41:30,90900.0,600,Sell,228026419
2024-08-01 10:41:53,90900.0,300,Sell,228026926
2024-08-01 10:42:13,90900.0,500,Sell,228027355
2024-08-01 10:42:19,90900.0,100,Sell,228027452
2024-08-01 10:42:34,91000.0,2500,Buy,228027793
2024-08-01 10:42:46,91000.0,100,Buy,228028000
2024-08-01 10:43:37,91000.0,400,Buy,228029155
2024-08-01 10:43:42,91000.0,4700,Buy,228029235
2024-08-01 10:43:42,91000.0,300,Buy,228029236
2024-08-01 10:44:12,91000.0,200,Buy,228029710
2024-08-01 10:44:12,91000.0,2000,Buy,228029711
2024-08-01 10:44:12,91000.0,500,Buy,228029712
2024-08-01 10:44:12,91000.0,100,Buy,228029713
2024-08-01 10:44:12,91000.0,200,Buy,228029714
2024-08-01 10:44:36,91000.0,500,Buy,228030182
2024-08-01 10:44:36,91000.0,100,Buy,228030183
2024-08-01 10:44:36,91000.0,100,Buy,228030184
2024-08-01 10:44:36,91000.0,1300,Buy,228030185
2024-08-01 10:44:45,91000.0,400,Buy,228030342
2024-08-01 10:44:46,90900.0,1200,Sell,228030366
2024-08-01 10:44:46,91000.0,500,Buy,228030355
2024-08-01 10:44:46,91000.0,200,Buy,228030354
2024-08-01 10:44:46,91000.0,300,Buy,228030356
2024-08-01 10:44:59,90900.0,100,Sell,228030572
2024-08-01 10:45:33,90900.0,100,Sell,228031096
2024-08-01 10:45:35,90900.0,1100,Sell,228031107
2024-08-01 10:45:39,90900.0,200,Sell,228031162
2024-08-01 10:46:08,90900.0,300,Sell,228031703
2024-08-01 10:46:18,91000.0,2000,Buy,228031846
2024-08-01 10:46:18,91000.0,1300,Buy,228031847
2024-08-01 10:46:18,91000.0,200,Buy,228031845
2024-08-01 10:46:18,91000.0,200,Buy,228031841
2024-08-01 10:46:18,91000.0,100,Buy,228031843
2024-08-01 10:46:18,91000.0,1100,Buy,228031842
2024-08-01 10:46:18,91000.0,100,Buy,228031844
2024-08-01 10:47:00,91000.0,400,Buy,228032750
2024-08-01 10:47:48,90900.0,100,Sell,228033661
2024-08-01 10:48:55,90900.0,100,Sell,228034598
2024-08-01 10:48:57,90900.0,100,Sell,228034659
2024-08-01 10:48:57,90900.0,300,Sell,228034660
2024-08-01 10:48:58,90900.0,100,Sell,228034664
2024-08-01 10:49:06,90900.0,1800,Sell,228034860
2024-08-01 10:49:13,90900.0,100,Sell,228034979
2024-08-01 10:49:29,90900.0,700,Sell,228035330
2024-08-01 10:49:33,90900.0,400,Sell,228035395
2024-08-01 10:49:33,90900.0,100,Sell,228035396
2024-08-01 10:49:55,91000.0,1700,Buy,228035892
2024-08-01 10:49:55,91000.0,300,Buy,228035891
2024-08-01 10:49:55,91000.0,1000,Buy,228035890
2024-08-01 10:49:55,91000.0,1900,Buy,228035888
2024-08-01 10:49:55,91000.0,100,Buy,228035889
2024-08-01 10:50:20,91000.0,300,Buy,228036381
2024-08-01 10:50:20,91000.0,200,Buy,228036380
2024-08-01 10:50:20,91000.0,100,Buy,228036382
2024-08-01 10:50:22,91000.0,400,Buy,228036449
2024-08-01 10:50:40,90900.0,500,Sell,228036798
2024-08-01 10:50:56,90900.0,200,Sell,228037135
2024-08-01 10:51:11,90900.0,100,Sell,228037378
2024-08-01 10:51:19,90900.0,100,Sell,228037529
