time,price,volume,match_type,id
2024-07-29 09:14:40,87600.0,5700,ATO/ATC,226839549
2024-07-29 09:14:46,87600.0,200,Sell,226839871
2024-07-29 09:14:59,87600.0,100,Sell,226840291
2024-07-29 09:14:59,87600.0,800,Sell,226840289
2024-07-29 09:14:59,87600.0,400,Sell,226840292
2024-07-29 09:15:26,87800.0,100,Buy,226840974
2024-07-29 09:15:40,87800.0,200,Buy,226841404
2024-07-29 09:16:22,87700.0,600,Sell,226842684
2024-07-29 09:16:22,87700.0,400,Sell,226842685
2024-07-29 09:17:29,87700.0,200,Sell,226844888
2024-07-29 09:17:29,87700.0,2800,Sell,226844889
2024-07-29 09:18:14,87700.0,700,Sell,226846575
2024-07-29 09:19:06,87700.0,1500,Sell,226848301
2024-07-29 09:19:06,87700.0,200,Sell,226848302
2024-07-29 09:19:06,87700.0,1300,Sell,226848303
2024-07-29 09:19:15,87700.0,500,Sell,226848665
2024-07-29 09:19:15,87700.0,2000,Sell,226848666
2024-07-29 09:19:15,87700.0,1600,Sell,226848663
2024-07-29 09:19:15,87700.0,100,Sell,226848659
2024-07-29 09:19:15,87700.0,500,Sell,226848664
2024-07-29 09:19:38,87700.0,300,Buy,226849318
2024-07-29 09:19:38,87700.0,600,Buy,226849319
2024-07-29 09:19:38,87700.0,1100,Buy,226849312
2024-07-29 09:19:44,87700.0,400,Buy,226849491
2024-07-29 09:19:44,87700.0,100,Buy,226849492
2024-07-29 09:19:48,87700.0,200,Buy,226849613
2024-07-29 09:20:04,87700.0,1700,Buy,226850152
2024-07-29 09:20:04,87700.0,500,Buy,226850153
2024-07-29 09:20:38,87700.0,500,Buy,226851100
2024-07-29 09:20:47,87600.0,3000,Sell,226851390
2024-07-29 09:21:15,87600.0,1000,Sell,226852338
2024-07-29 09:21:15,87600.0,1000,Sell,226852306
2024-07-29 09:22:02,87600.0,200,Sell,226853952
2024-07-29 09:23:18,87600.0,200,Sell,226856027
2024-07-29 09:23:57,87600.0,3000,Sell,226857021
2024-07-29 09:24:18,87600.0,700,Sell,226857839
2024-07-29 09:24:33,87600.0,500,Sell,226858276
2024-07-29 09:24:33,87600.0,1500,Sell,226858277
2024-07-29 09:24:41,87600.0,500,Sell,226858458
2024-07-29 09:24:48,87600.0,800,Sell,226858611
2024-07-29 09:24:48,87600.0,900,Sell,226858608
2024-07-29 09:24:48,87600.0,200,Sell,226858610
2024-07-29 09:24:48,87600.0,500,Sell,226858606
2024-07-29 09:24:48,87600.0,4700,Sell,226858605
2024-07-29 09:24:48,87600.0,1100,Sell,226858607
2024-07-29 09:24:48,87600.0,100,Sell,226858609
2024-07-29 09:26:38,87600.0,300,Buy,226861278
2024-07-29 09:26:58,87600.0,1000,Buy,226861689
2024-07-29 09:27:16,87600.0,500,Buy,226862065
2024-07-29 09:27:41,87600.0,1100,Buy,226862580
2024-07-29 09:27:41,87600.0,900,Buy,226862584
2024-07-29 09:28:15,87600.0,700,Buy,226863330
2024-07-29 09:28:17,87500.0,100,Sell,226863452
2024-07-29 09:28:17,87500.0,900,Sell,226863453
2024-07-29 09:28:17,87500.0,500,Sell,226863451
2024-07-29 09:28:17,87500.0,1000,Sell,226863449
2024-07-29 09:28:17,87500.0,500,Sell,226863450
2024-07-29 09:28:29,87500.0,100,Sell,226863788
2024-07-29 09:28:38,87500.0,100,Buy,226863928
2024-07-29 09:28:49,87500.0,100,Sell,226864177
2024-07-29 09:28:51,87500.0,100,Buy,226864236
2024-07-29 09:29:07,87500.0,1800,Buy,226864539
2024-07-29 09:30:07,87500.0,1200,Sell,226865998
2024-07-29 09:30:07,87500.0,500,Sell,226865999
2024-07-29 09:30:07,87500.0,500,Sell,226866000
2024-07-29 09:30:07,87500.0,100,Sell,226866001
2024-07-29 09:30:07,87500.0,500,Sell,226866002
2024-07-29 09:30:07,87500.0,100,Sell,226866003
2024-07-29 09:30:09,87500.0,1500,Buy,226866044
2024-07-29 09:30:32,87500.0,500,Buy,226866689
2024-07-29 09:31:50,87500.0,100,Buy,226868365
2024-07-29 09:32:42,87400.0,100,Sell,226869528
2024-07-29 09:32:42,87400.0,500,Sell,226869529
2024-07-29 09:32:42,87400.0,500,Sell,226869530
2024-07-29 09:32:42,87400.0,500,Sell,226869531
2024-07-29 09:32:42,87400.0,200,Sell,226869532
2024-07-29 09:32:42,87400.0,3200,Sell,226869533
2024-07-29 09:33:29,87400.0,900,Sell,226870663
2024-07-29 09:33:55,87400.0,100,Sell,226871356
2024-07-29 09:34:55,87400.0,200,Sell,226872684
2024-07-29 09:35:39,87400.0,600,Sell,226873886
2024-07-29 09:35:39,87400.0,100,Sell,226873887
2024-07-29 09:35:53,87500.0,5000,Buy,226874249
2024-07-29 09:36:03,87500.0,1000,Buy,226874525
2024-07-29 09:36:03,87500.0,100,Buy,226874526
2024-07-29 09:36:04,87500.0,900,Buy,226874541
2024-07-29 09:36:06,87500.0,700,Buy,226874588
2024-07-29 09:36:06,87500.0,1000,Buy,226874589
2024-07-29 09:36:06,87500.0,1000,Buy,226874590
2024-07-29 09:36:06,87500.0,1000,Buy,226874591
2024-07-29 09:36:29,87500.0,300,Sell,226875181
2024-07-29 09:36:29,87500.0,400,Sell,226875180
2024-07-29 09:38:41,87600.0,5000,Buy,226878633
2024-07-29 09:39:15,87600.0,100,Buy,226879375
2024-07-29 09:39:15,87600.0,100,Buy,226879376
2024-07-29 09:39:25,87600.0,1900,Buy,226879621
2024-07-29 09:39:25,87600.0,100,Buy,226879622
2024-07-29 09:40:56,87600.0,200,Buy,226881911
2024-07-29 09:42:03,87600.0,100,Buy,226883422
2024-07-29 09:42:44,87600.0,2000,Buy,226884364
2024-07-29 09:42:52,87600.0,400,Buy,226884530
2024-07-29 09:42:52,87600.0,1200,Buy,226884529
2024-07-29 09:42:52,87600.0,1400,Buy,226884527
2024-07-29 09:42:59,87600.0,1700,Buy,226884732
2024-07-29 09:42:59,87600.0,300,Buy,226884730
2024-07-29 09:42:59,87600.0,2000,Buy,226884731
2024-07-29 09:43:03,87600.0,700,Buy,226884807
2024-07-29 09:43:03,87600.0,300,Buy,226884804
2024-07-29 09:43:03,87600.0,1100,Buy,226884805
2024-07-29 09:43:03,87600.0,900,Buy,226884806
2024-07-29 09:43:11,87600.0,1000,Buy,226884921
2024-07-29 09:43:11,87600.0,100,Buy,226884922
2024-07-29 09:43:11,87600.0,300,Buy,226884920
2024-07-29 09:43:12,87600.0,900,Buy,226884928
2024-07-29 09:43:12,87600.0,700,Buy,226884929
2024-07-29 09:44:59,87600.0,600,Buy,226887139
2024-07-29 09:45:16,87600.0,300,Buy,226887449
2024-07-29 09:45:16,87600.0,100,Buy,226887448
2024-07-29 09:45:16,87600.0,300,Buy,226887447
2024-07-29 09:45:16,87600.0,2000,Buy,226887445
2024-07-29 09:45:16,87600.0,200,Buy,226887443
2024-07-29 09:45:16,87600.0,400,Buy,226887442
2024-07-29 09:45:16,87600.0,700,Buy,226887446
2024-07-29 09:45:16,87600.0,1000,Buy,226887444
2024-07-29 09:46:44,87600.0,700,Buy,226889380
2024-07-29 09:46:44,87600.0,600,Buy,226889381
2024-07-29 09:46:58,87600.0,100,Buy,226889696
2024-07-29 09:47:54,87600.0,100,Buy,226890906
2024-07-29 09:48:12,87600.0,200,Buy,226891268
2024-07-29 09:49:12,87600.0,2000,Buy,226892653
2024-07-29 09:50:31,87600.0,400,Buy,226894959
2024-07-29 09:50:33,87600.0,500,Buy,226895045
2024-07-29 09:50:34,87500.0,200,Sell,226895125
2024-07-29 09:50:34,87500.0,500,Sell,226895126
2024-07-29 09:50:34,87500.0,500,Sell,226895127
2024-07-29 09:50:34,87500.0,500,Sell,226895128
2024-07-29 09:50:34,87500.0,100,Sell,226895129
2024-07-29 09:50:34,87500.0,300,Sell,226895130
2024-07-29 09:50:34,87500.0,900,Sell,226895131
2024-07-29 09:50:46,87500.0,200,Sell,226895450
2024-07-29 09:50:46,87500.0,500,Sell,226895451
2024-07-29 09:50:51,87500.0,400,Sell,226895559
2024-07-29 09:50:51,87500.0,400,Sell,226895560
2024-07-29 09:50:51,87500.0,100,Sell,226895561
2024-07-29 09:50:51,87500.0,2100,Sell,226895562
2024-07-29 09:52:28,87500.0,100,Sell,226898054
2024-07-29 09:52:28,87500.0,1900,Sell,226898055
2024-07-29 09:52:51,87500.0,600,Sell,226898644
2024-07-29 09:53:03,87500.0,100,Sell,226899025
2024-07-29 09:53:03,87500.0,500,Sell,226899024
2024-07-29 09:53:03,87500.0,100,Sell,226899022
2024-07-29 09:53:03,87500.0,100,Sell,226899023
2024-07-29 09:53:03,87500.0,1000,Sell,226899021
2024-07-29 09:54:16,87500.0,100,Sell,226900945
2024-07-29 09:54:16,87500.0,100,Sell,226900946
2024-07-29 09:54:33,87500.0,700,Sell,226901461
2024-07-29 09:57:20,87600.0,1200,Buy,226905580
2024-07-29 09:58:41,87500.0,300,Sell,226907269
2024-07-29 09:58:41,87500.0,600,Sell,226907268
2024-07-29 09:58:41,87500.0,500,Sell,226907265
2024-07-29 09:58:41,87500.0,100,Sell,226907267
2024-07-29 09:58:41,87500.0,3000,Sell,226907263
2024-07-29 09:58:41,87500.0,100,Sell,226907262
2024-07-29 09:58:41,87500.0,500,Sell,226907261
2024-07-29 09:58:41,87500.0,2300,Sell,226907260
2024-07-29 09:58:41,87500.0,500,Sell,226907264
2024-07-29 09:58:41,87500.0,100,Sell,226907266
2024-07-29 10:00:41,87500.0,100,Sell,226909327
2024-07-29 10:00:41,87500.0,100,Sell,226909328
2024-07-29 10:01:54,87500.0,100,Sell,226910458
2024-07-29 10:02:07,87500.0,100,Sell,226910766
2024-07-29 10:02:07,87500.0,200,Sell,226910763
2024-07-29 10:02:07,87500.0,100,Sell,226910764
2024-07-29 10:02:07,87500.0,300,Sell,226910765
2024-07-29 10:02:23,87500.0,300,Sell,226911126
2024-07-29 10:03:17,87500.0,600,Sell,226912302
2024-07-29 10:03:17,87500.0,100,Sell,226912304
2024-07-29 10:03:17,87500.0,100,Sell,226912301
2024-07-29 10:03:17,87500.0,100,Sell,226912303
2024-07-29 10:03:54,87600.0,100,Buy,226912944
2024-07-29 10:05:55,87600.0,100,Buy,226915274
2024-07-29 10:07:13,87600.0,500,Buy,226916497
2024-07-29 10:10:23,87500.0,300,Sell,226919692
2024-07-29 10:10:23,87500.0,400,Sell,226919693
2024-07-29 10:10:42,87600.0,100,Buy,226920003
2024-07-29 10:13:02,87600.0,1600,Buy,226921955
2024-07-29 10:13:41,87500.0,100,Sell,226922585
2024-07-29 10:16:10,87500.0,300,Sell,226924683
2024-07-29 10:16:10,87500.0,100,Sell,226924684
2024-07-29 10:16:10,87500.0,100,Sell,226924701
2024-07-29 10:16:10,87500.0,500,Sell,226924681
2024-07-29 10:16:10,87500.0,100,Sell,226924682
2024-07-29 10:16:20,87400.0,500,Sell,226924923
2024-07-29 10:16:20,87400.0,400,Sell,226924904
2024-07-29 10:16:20,87400.0,100,Sell,226924905
2024-07-29 10:16:20,87400.0,500,Sell,226924906
2024-07-29 10:16:20,87400.0,500,Sell,226924922
2024-07-29 10:16:42,87400.0,1000,Sell,226925292
2024-07-29 10:16:42,87400.0,100,Sell,226925290
2024-07-29 10:16:42,87400.0,900,Sell,226925291
2024-07-29 10:16:43,87400.0,200,Sell,226925294
2024-07-29 10:16:43,87400.0,500,Sell,226925307
2024-07-29 10:16:43,87400.0,200,Sell,226925306
2024-07-29 10:16:43,87400.0,100,Sell,226925305
2024-07-29 10:16:43,87400.0,100,Sell,226925304
2024-07-29 10:16:43,87400.0,100,Sell,226925303
2024-07-29 10:16:43,87400.0,400,Sell,226925302
2024-07-29 10:16:43,87400.0,900,Sell,226925293
2024-07-29 10:16:43,87400.0,100,Sell,226925300
2024-07-29 10:16:43,87400.0,100,Sell,226925295
2024-07-29 10:16:43,87400.0,500,Sell,226925296
2024-07-29 10:16:43,87400.0,100,Sell,226925301
2024-07-29 10:16:43,87400.0,300,Sell,226925298
2024-07-29 10:16:43,87400.0,100,Sell,226925299
2024-07-29 10:16:43,87400.0,200,Sell,226925297
2024-07-29 10:17:15,87400.0,700,Sell,226925884
2024-07-29 10:20:02,87500.0,200,Sell,226928387
2024-07-29 10:20:33,87500.0,100,Sell,226928826
2024-07-29 10:20:33,87500.0,100,Sell,226928827
2024-07-29 10:24:06,87500.0,100,Buy,226932997
2024-07-29 10:25:57,87500.0,100,Buy,226934639
2024-07-29 10:26:24,87500.0,700,Buy,226935058
2024-07-29 10:26:24,87500.0,200,Buy,226935059
2024-07-29 10:28:20,87500.0,1000,Buy,226936747
2024-07-29 10:30:10,87500.0,200,Buy,226938449
2024-07-29 10:31:32,87500.0,400,Buy,226939598
2024-07-29 10:31:32,87500.0,1100,Buy,226939596
2024-07-29 10:31:32,87500.0,500,Buy,226939597
2024-07-29 10:35:12,87500.0,400,Buy,226942684
2024-07-29 10:35:12,87500.0,100,Buy,226942683
2024-07-29 10:36:00,87500.0,200,Buy,226943413
2024-07-29 10:37:18,87400.0,3300,Sell,226944379
2024-07-29 10:37:18,87400.0,100,Sell,226944377
2024-07-29 10:37:18,87400.0,100,Sell,226944376
2024-07-29 10:37:18,87400.0,300,Sell,226944375
2024-07-29 10:37:18,87400.0,400,Sell,226944378
2024-07-29 10:37:18,87400.0,100,Sell,226944373
2024-07-29 10:37:18,87400.0,100,Sell,226944372
2024-07-29 10:37:18,87400.0,300,Sell,226944371
2024-07-29 10:37:18,87400.0,800,Sell,226944370
2024-07-29 10:37:18,87400.0,200,Sell,226944374
2024-07-29 10:38:36,87400.0,500,Sell,226945456
2024-07-29 10:39:20,87400.0,200,Sell,226946088
2024-07-29 10:39:56,87400.0,500,Sell,226946664
2024-07-29 10:39:56,87400.0,200,Sell,226946665
2024-07-29 10:40:02,87400.0,100,Sell,226946786
2024-07-29 10:40:02,87400.0,1100,Sell,226946789
2024-07-29 10:40:02,87400.0,100,Sell,226946788
2024-07-29 10:40:02,87400.0,500,Sell,226946785
2024-07-29 10:40:02,87400.0,100,Sell,226946787
2024-07-29 10:40:02,87400.0,100,Sell,226946783
2024-07-29 10:40:02,87400.0,500,Sell,226946782
2024-07-29 10:40:02,87400.0,100,Sell,226946781
2024-07-29 10:40:02,87400.0,300,Sell,226946780
2024-07-29 10:40:02,87400.0,100,Sell,226946784
2024-07-29 10:42:45,87400.0,3000,Sell,226949122
2024-07-29 10:43:43,87400.0,700,Sell,226949973
2024-07-29 10:44:35,87400.0,500,Sell,226950616
2024-07-29 10:44:35,87400.0,100,Sell,226950615
2024-07-29 10:44:35,87400.0,500,Sell,226950617
2024-07-29 10:44:35,87400.0,200,Sell,226950613
2024-07-29 10:44:35,87400.0,200,Sell,226950612
2024-07-29 10:44:35,87400.0,200,Sell,226950614
2024-07-29 10:44:36,87400.0,400,Sell,226950622
2024-07-29 10:44:36,87400.0,400,Sell,226950623
2024-07-29 10:44:36,87300.0,200,Sell,226950624
2024-07-29 10:45:48,87300.0,200,Sell,226951535
2024-07-29 10:47:30,87300.0,200,Sell,226952917
2024-07-29 10:47:30,87300.0,100,Sell,226952918
2024-07-29 10:47:30,87300.0,400,Sell,226952919
2024-07-29 10:48:57,87300.0,100,Sell,226954044
2024-07-29 10:48:57,87300.0,600,Sell,226954045
2024-07-29 10:49:13,87400.0,1000,Buy,226954373
2024-07-29 10:49:13,87400.0,1000,Buy,226954372
2024-07-29 10:49:13,87400.0,1300,Buy,226954369
2024-07-29 10:49:13,87400.0,1000,Buy,226954368
2024-07-29 10:49:13,87400.0,700,Buy,226954371
2024-07-29 10:49:34,87300.0,100,Sell,226954744
2024-07-29 10:50:23,87400.0,100,Buy,226955442
2024-07-29 10:51:09,87400.0,200,Buy,226955990
2024-07-29 10:51:19,87400.0,100,Buy,226956172
2024-07-29 10:51:37,87400.0,400,Buy,226956578
2024-07-29 10:51:51,87400.0,200,Buy,226956793
2024-07-29 10:51:51,87400.0,800,Buy,226956794
2024-07-29 10:52:41,87300.0,700,Sell,226957456
2024-07-29 10:52:41,87300.0,100,Sell,226957455
2024-07-29 10:52:41,87300.0,1900,Sell,226957454
2024-07-29 10:52:41,87300.0,100,Sell,226957452
2024-07-29 10:52:41,87300.0,200,Sell,226957453
2024-07-29 10:53:14,87400.0,1000,Buy,226957836
2024-07-29 10:53:46,87400.0,300,Buy,226958285
2024-07-29 10:54:29,87400.0,100,Buy,226958914
2024-07-29 10:54:40,87400.0,200,Buy,226959052
2024-07-29 10:55:04,87400.0,100,Sell,226959317
2024-07-29 10:55:04,87400.0,100,Sell,226959318
2024-07-29 10:55:04,87400.0,500,Sell,226959319
2024-07-29 10:55:56,87500.0,100,Buy,226960083
2024-07-29 10:55:56,87500.0,100,Buy,226960069
2024-07-29 10:55:56,87500.0,200,Buy,226960082
2024-07-29 10:56:39,87500.0,100,Buy,226960701
2024-07-29 10:58:04,87500.0,600,Buy,226961675
2024-07-29 10:58:04,87500.0,400,Buy,226961676
2024-07-29 10:58:05,87500.0,300,Buy,226961684
2024-07-29 10:58:05,87500.0,100,Buy,226961685
2024-07-29 10:59:33,87500.0,1000,Buy,226962881
2024-07-29 11:00:15,87500.0,200,Buy,226963485
2024-07-29 11:00:15,87500.0,100,Buy,226963486
2024-07-29 11:00:29,87400.0,100,Sell,226963647
2024-07-29 11:02:24,87500.0,100,Buy,226965113
2024-07-29 11:02:24,87500.0,200,Buy,226965114
2024-07-29 11:03:20,87500.0,3000,Buy,226966122
2024-07-29 11:03:20,87500.0,1300,Buy,226966123
2024-07-29 11:03:20,87500.0,500,Buy,226966120
2024-07-29 11:03:20,87500.0,200,Buy,226966121
2024-07-29 11:04:33,87500.0,400,Buy,226967058
2024-07-29 11:06:43,87500.0,300,Buy,226968619
2024-07-29 11:08:52,87500.0,300,Buy,226970213
2024-07-29 11:11:02,87500.0,400,Buy,226971870
2024-07-29 11:13:11,87500.0,300,Buy,226973538
2024-07-29 11:15:20,87500.0,300,Buy,226975606
2024-07-29 11:15:38,87500.0,1000,Buy,226975786
2024-07-29 11:15:53,87400.0,200,Sell,226976010
2024-07-29 11:15:53,87400.0,100,Sell,226976009
2024-07-29 11:15:53,87400.0,200,Sell,226976008
2024-07-29 11:15:53,87400.0,500,Sell,226976006
2024-07-29 11:15:53,87400.0,500,Sell,226976005
2024-07-29 11:15:53,87400.0,400,Sell,226976004
2024-07-29 11:15:53,87400.0,100,Sell,226976007
2024-07-29 11:15:54,87500.0,100,Buy,226976024
2024-07-29 11:17:30,87500.0,400,Buy,226977425
2024-07-29 11:19:39,87500.0,300,Buy,226978912
2024-07-29 11:21:48,87500.0,200,Buy,226980215
2024-07-29 11:21:48,87500.0,100,Buy,226980216
2024-07-29 11:21:56,87500.0,100,Buy,226980285
2024-07-29 11:23:58,87500.0,400,Buy,226981595
2024-07-29 11:26:07,87500.0,300,Buy,226983069
2024-07-29 11:27:02,87400.0,200,Sell,226983722
2024-07-29 11:27:02,87400.0,100,Sell,226983723
2024-07-29 11:27:02,87400.0,100,Sell,226983724
2024-07-29 11:27:02,87400.0,800,Sell,226983721
2024-07-29 11:28:17,87500.0,400,Buy,226984525
2024-07-29 12:59:36,87500.0,300,Buy,226985603
2024-07-29 12:59:37,87500.0,300,Buy,226985686
2024-07-29 12:59:37,87500.0,200,Buy,226985920
2024-07-29 12:59:40,87500.0,200,Buy,226986807
2024-07-29 12:59:42,87500.0,100,Buy,226987372
2024-07-29 12:59:42,87500.0,300,Buy,226987370
2024-07-29 12:59:42,87500.0,100,Buy,226987371
2024-07-29 12:59:58,87500.0,100,Buy,226989089
2024-07-29 13:00:26,87500.0,300,Buy,226989746
2024-07-29 13:00:45,87400.0,300,Sell,226990119
2024-07-29 13:00:45,87400.0,100,Sell,226990118
2024-07-29 13:00:52,87400.0,500,Sell,226990266
2024-07-29 13:00:52,87400.0,500,Sell,226990274
2024-07-29 13:00:52,87400.0,400,Sell,226990275
2024-07-29 13:00:52,87400.0,200,Sell,226990276
2024-07-29 13:00:52,87400.0,100,Sell,226990280
2024-07-29 13:01:13,87400.0,300,Sell,226990752
2024-07-29 13:01:13,87400.0,1000,Sell,226990750
2024-07-29 13:01:13,87400.0,1100,Sell,226990751
2024-07-29 13:01:16,87400.0,400,Sell,226990815
2024-07-29 13:01:18,87400.0,200,Sell,226990915
2024-07-29 13:01:18,87400.0,200,Sell,226990916
2024-07-29 13:01:18,87400.0,500,Sell,226990917
2024-07-29 13:01:46,87300.0,200,Sell,226991477
2024-07-29 13:01:46,87300.0,200,Sell,226991478
2024-07-29 13:02:17,87300.0,400,Sell,226992125
2024-07-29 13:02:27,87400.0,200,Buy,226992410
2024-07-29 13:02:30,87400.0,100,Buy,226992473
2024-07-29 13:02:35,87400.0,300,Buy,226992578
2024-07-29 13:02:41,87400.0,800,Sell,226992749
2024-07-29 13:02:41,87400.0,500,Buy,226992712
2024-07-29 13:02:49,87400.0,400,Sell,226992975
2024-07-29 13:02:53,87400.0,600,Sell,226993055
2024-07-29 13:03:07,87400.0,200,Sell,226993344
2024-07-29 13:03:22,87400.0,400,Sell,226993596
2024-07-29 13:03:52,87400.0,100,Sell,226994443
2024-07-29 13:03:52,87400.0,300,Sell,226994444
2024-07-29 13:03:55,87400.0,700,Sell,226994492
2024-07-29 13:03:55,87400.0,100,Sell,226994493
2024-07-29 13:03:55,87400.0,200,Sell,226994494
2024-07-29 13:04:24,87400.0,400,Sell,226995156
2024-07-29 13:04:45,87500.0,400,Buy,226995593
2024-07-29 13:04:56,87400.0,400,Sell,226995915
2024-07-29 13:05:29,87400.0,300,Sell,226996697
2024-07-29 13:05:29,87400.0,100,Sell,226996696
2024-07-29 13:05:59,87400.0,400,Sell,226997240
2024-07-29 13:06:06,87500.0,300,Buy,226997371
2024-07-29 13:06:31,87400.0,400,Sell,226997971
2024-07-29 13:06:32,87400.0,200,Sell,226997991
2024-07-29 13:06:39,87400.0,500,Sell,226998144
2024-07-29 13:06:54,87500.0,300,Buy,226998461
2024-07-29 13:07:02,87400.0,200,Sell,226998732
2024-07-29 13:07:02,87400.0,100,Sell,226998733
2024-07-29 13:07:22,87400.0,100,Buy,226999158
2024-07-29 13:07:33,87300.0,400,Sell,226999471
2024-07-29 13:07:53,87400.0,100,Buy,226999894
2024-07-29 13:08:04,87300.0,300,Sell,227000110
2024-07-29 13:08:04,87300.0,100,Sell,227000111
2024-07-29 13:08:37,87300.0,100,Sell,227000814
2024-07-29 13:08:37,87300.0,200,Sell,227000812
2024-07-29 13:08:37,87300.0,100,Sell,227000813
2024-07-29 13:09:04,87500.0,100,Buy,227001411
2024-07-29 13:09:04,87500.0,100,Buy,227001409
2024-07-29 13:09:04,87500.0,100,Buy,227001410
2024-07-29 13:09:08,87300.0,400,Sell,227001537
2024-07-29 13:09:33,87300.0,300,Sell,227002162
2024-07-29 13:09:40,87300.0,300,Sell,227002359
2024-07-29 13:09:40,87300.0,100,Sell,227002360
2024-07-29 13:10:13,87300.0,400,Sell,227003257
2024-07-29 13:10:26,87300.0,400,Sell,227003468
2024-07-29 13:10:26,87300.0,100,Sell,227003469
2024-07-29 13:10:38,87300.0,200,Sell,227003709
2024-07-29 13:10:46,87300.0,100,Sell,227004077
2024-07-29 13:10:46,87300.0,300,Sell,227004076
2024-07-29 13:11:13,87500.0,400,Buy,227004718
2024-07-29 13:11:17,87300.0,400,Sell,227004781
2024-07-29 13:11:48,87300.0,400,Sell,227005596
2024-07-29 13:12:19,87400.0,400,Sell,227006307
2024-07-29 13:12:52,87400.0,100,Sell,227007060
2024-07-29 13:12:52,87400.0,300,Sell,227007061
2024-07-29 13:13:22,87500.0,200,Buy,227007941
2024-07-29 13:13:22,87500.0,100,Buy,227007942
2024-07-29 13:13:23,87400.0,200,Sell,227007967
2024-07-29 13:13:28,87400.0,100,Buy,227008053
2024-07-29 13:13:55,87300.0,100,Sell,227008628
2024-07-29 13:13:55,87300.0,400,Sell,227008627
2024-07-29 13:14:13,87300.0,500,Sell,227009080
2024-07-29 13:14:22,87300.0,400,Sell,227009270
2024-07-29 13:14:54,87300.0,400,Sell,227010166
2024-07-29 13:15:25,87300.0,400,Sell,227010946
2024-07-29 13:15:32,87400.0,100,Buy,227011151
2024-07-29 13:15:32,87400.0,200,Buy,227011152
2024-07-29 13:15:57,87300.0,400,Sell,227011755
2024-07-29 13:15:58,87400.0,100,Buy,227011779
2024-07-29 13:16:13,87400.0,100,Buy,227012111
2024-07-29 13:16:27,87300.0,400,Sell,227012405
2024-07-29 13:16:59,87300.0,400,Sell,227013219
2024-07-29 13:17:31,87300.0,400,Sell,227013886
2024-07-29 13:17:41,87400.0,400,Buy,227014124
2024-07-29 13:18:03,87300.0,200,Sell,227014627
2024-07-29 13:18:03,87300.0,100,Sell,227014628
2024-07-29 13:18:03,87300.0,100,Sell,227014629
2024-07-29 13:18:34,87300.0,200,Sell,227015317
2024-07-29 13:18:34,87300.0,200,Sell,227015322
2024-07-29 13:19:06,87300.0,400,Sell,227016005
2024-07-29 13:19:37,87300.0,400,Sell,227016892
2024-07-29 13:19:51,87400.0,300,Buy,227017158
2024-07-29 13:20:10,87300.0,400,Sell,227017538
2024-07-29 13:20:11,87300.0,100,Sell,227017581
2024-07-29 13:20:16,87300.0,100,Sell,227017688
2024-07-29 13:20:41,87300.0,400,Sell,227018239
2024-07-29 13:21:12,87300.0,400,Sell,227018825
2024-07-29 13:21:43,87300.0,400,Sell,227019499
2024-07-29 13:21:47,87300.0,500,Sell,227019578
2024-07-29 13:22:00,87400.0,300,Buy,227019904
2024-07-29 13:22:15,87300.0,400,Sell,227020175
2024-07-29 13:22:31,87400.0,1000,Buy,227020420
2024-07-29 13:22:36,87300.0,100,Sell,227020503
2024-07-29 13:22:47,87300.0,400,Sell,227020706
2024-07-29 13:23:19,87300.0,400,Sell,227021353
2024-07-29 13:23:49,87300.0,400,Sell,227022118
2024-07-29 13:24:08,87300.0,500,Sell,227022592
2024-07-29 13:24:09,87400.0,400,Buy,227022616
2024-07-29 13:24:22,87300.0,400,Sell,227022827
2024-07-29 13:24:52,87300.0,400,Sell,227023525
2024-07-29 13:25:24,87300.0,400,Sell,227024383
2024-07-29 13:25:34,87300.0,500,Sell,227024747
2024-07-29 13:25:57,87300.0,400,Sell,227025291
2024-07-29 13:26:19,87400.0,300,Buy,227025852
2024-07-29 13:26:29,87400.0,100,Buy,227026065
2024-07-29 13:26:29,87300.0,400,Sell,227026069
2024-07-29 13:26:30,87400.0,900,Buy,227026084
2024-07-29 13:26:30,87400.0,1100,Buy,227026079
2024-07-29 13:26:43,87400.0,1100,Buy,227026321
2024-07-29 13:26:43,87400.0,900,Buy,227026326
2024-07-29 13:27:00,87300.0,400,Sell,227026699
2024-07-29 13:27:02,87400.0,2700,Buy,227026729
2024-07-29 13:27:02,87400.0,300,Buy,227026730
2024-07-29 13:27:07,87400.0,200,Buy,227026816
2024-07-29 13:27:14,87400.0,800,Buy,227026938
2024-07-29 13:27:20,87400.0,300,Buy,227027089
2024-07-29 13:27:31,87300.0,400,Sell,227027405
2024-07-29 13:28:03,87300.0,400,Sell,227028088
2024-07-29 13:28:28,87400.0,300,Buy,227028605
2024-07-29 13:28:35,87300.0,400,Sell,227028774
2024-07-29 13:29:07,87300.0,400,Sell,227029734
2024-07-29 13:29:21,87300.0,500,Sell,227030293
2024-07-29 13:29:29,87400.0,1000,Buy,227030496
2024-07-29 13:29:37,87300.0,200,Sell,227030773
2024-07-29 13:29:37,87300.0,200,Sell,227030774
2024-07-29 13:30:02,87300.0,100,Sell,227031236
2024-07-29 13:30:03,87300.0,100,Sell,227031238
2024-07-29 13:30:03,87300.0,800,Sell,227031239
2024-07-29 13:30:09,87300.0,300,Sell,227031354
2024-07-29 13:30:09,87300.0,100,Sell,227031353
2024-07-29 13:30:09,87300.0,200,Sell,227031342
2024-07-29 13:30:37,87400.0,300,Buy,227032008
2024-07-29 13:30:37,87400.0,100,Buy,227032009
2024-07-29 13:30:41,87300.0,400,Sell,227032127
2024-07-29 13:31:05,87300.0,100,Sell,227032712
2024-07-29 13:31:05,87300.0,100,Sell,227032722
2024-07-29 13:31:05,87300.0,300,Sell,227032711
2024-07-29 13:31:05,87300.0,100,Sell,227032719
2024-07-29 13:31:05,87300.0,200,Sell,227032718
2024-07-29 13:31:05,87300.0,100,Sell,227032721
2024-07-29 13:31:05,87300.0,1000,Sell,227032716
2024-07-29 13:31:05,87300.0,1000,Sell,227032715
2024-07-29 13:31:05,87300.0,500,Sell,227032714
2024-07-29 13:31:05,87300.0,100,Sell,227032713
2024-07-29 13:31:05,87300.0,100,Sell,227032717
2024-07-29 13:31:05,87300.0,100,Sell,227032720
2024-07-29 13:31:11,87300.0,100,Sell,227033058
2024-07-29 13:31:12,87300.0,400,Sell,227033091
2024-07-29 13:31:21,87300.0,100,Sell,227033335
2024-07-29 13:31:45,87300.0,400,Sell,227034137
2024-07-29 13:32:16,87300.0,100,Sell,227034903
2024-07-29 13:32:16,87300.0,300,Sell,227034904
2024-07-29 13:32:47,87400.0,300,Buy,227035621
2024-07-29 13:32:48,87300.0,100,Sell,227035633
2024-07-29 13:32:48,87300.0,100,Sell,227035632
2024-07-29 13:32:48,87300.0,200,Sell,227035631
2024-07-29 13:33:04,87300.0,100,Sell,227036010
2024-07-29 13:33:08,87300.0,100,Sell,227036108
2024-07-29 13:33:08,87300.0,300,Sell,227036109
2024-07-29 13:33:08,87300.0,200,Sell,227036110
2024-07-29 13:33:20,87300.0,100,Sell,227036395
2024-07-29 13:33:20,87300.0,100,Sell,227036396
2024-07-29 13:33:20,87300.0,200,Sell,227036397
2024-07-29 13:33:26,87300.0,2000,Sell,227036546
2024-07-29 13:33:51,87300.0,400,Sell,227037196
2024-07-29 13:34:23,87300.0,400,Sell,227038028
2024-07-29 13:34:55,87300.0,200,Sell,227038920
2024-07-29 13:34:55,87300.0,100,Sell,227038918
2024-07-29 13:34:55,87300.0,100,Sell,227038919
2024-07-29 13:34:56,87400.0,300,Buy,227038962
2024-07-29 13:35:04,87300.0,400,Sell,227039189
2024-07-29 13:35:04,87300.0,1100,Sell,227039190
2024-07-29 13:35:04,87300.0,400,Sell,227039191
2024-07-29 13:35:10,87400.0,1200,Buy,227039358
2024-07-29 13:35:10,87400.0,800,Buy,227039359
2024-07-29 13:35:17,87400.0,100,Buy,227039544
2024-07-29 13:35:17,87400.0,2500,Buy,227039546
2024-07-29 13:35:17,87400.0,100,Buy,227039545
2024-07-29 13:35:17,87400.0,2200,Buy,227039516
2024-07-29 13:35:17,87400.0,100,Buy,227039517
2024-07-29 13:35:25,87300.0,400,Sell,227039720
2024-07-29 13:35:40,87400.0,500,Buy,227040107
2024-07-29 13:35:55,87300.0,100,Sell,227040436
2024-07-29 13:35:55,87300.0,100,Sell,227040437
2024-07-29 13:35:55,87300.0,100,Sell,227040438
2024-07-29 13:35:55,87300.0,100,Sell,227040439
2024-07-29 13:36:28,87300.0,100,Sell,227041355
2024-07-29 13:36:28,87300.0,300,Sell,227041356
2024-07-29 13:36:55,87300.0,500,Sell,227041997
2024-07-29 13:36:59,87300.0,400,Sell,227042118
2024-07-29 13:37:06,87500.0,400,Buy,227042240
2024-07-29 13:37:30,87300.0,400,Sell,227042974
2024-07-29 13:38:01,87400.0,400,Sell,227043638
2024-07-29 13:38:32,87300.0,400,Sell,227044520
2024-07-29 13:39:02,87300.0,400,Sell,227045295
2024-07-29 13:39:15,87400.0,300,Buy,227045706
2024-07-29 13:39:35,87300.0,100,Sell,227046242
2024-07-29 13:39:35,87300.0,100,Sell,227046243
2024-07-29 13:39:35,87300.0,200,Sell,227046244
2024-07-29 13:39:46,87300.0,300,Sell,227046549
2024-07-29 13:40:06,87300.0,400,Sell,227047376
2024-07-29 13:40:37,87300.0,200,Sell,227048333
2024-07-29 13:40:37,87300.0,100,Sell,227048331
2024-07-29 13:40:37,87300.0,100,Sell,227048332
2024-07-29 13:40:42,87300.0,100,Sell,227048461
2024-07-29 13:40:42,87300.0,400,Sell,227048462
2024-07-29 13:40:58,87400.0,100,Buy,227048860
2024-07-29 13:41:08,87300.0,400,Sell,227049237
2024-07-29 13:41:24,87400.0,300,Buy,227049791
2024-07-29 13:41:38,87300.0,400,Sell,227050229
2024-07-29 13:42:10,87300.0,400,Sell,227051368
2024-07-29 13:42:16,87400.0,300,Buy,227051572
2024-07-29 13:42:42,87300.0,400,Sell,227052435
2024-07-29 13:42:52,87400.0,100,Buy,227052856
2024-07-29 13:43:12,87300.0,400,Sell,227053424
2024-07-29 13:43:22,87400.0,300,Buy,227053645
2024-07-29 13:43:34,87400.0,400,Buy,227054024
2024-07-29 13:43:42,87300.0,400,Sell,227054247
2024-07-29 13:44:13,87300.0,400,Sell,227055057
2024-07-29 13:44:28,87300.0,500,Sell,227055624
2024-07-29 13:44:46,87300.0,400,Sell,227056226
2024-07-29 13:44:53,87400.0,100,Buy,227056417
2024-07-29 13:44:53,87400.0,200,Buy,227056418
2024-07-29 13:44:53,87400.0,100,Buy,227056419
2024-07-29 13:44:53,87400.0,100,Buy,227056420
2024-07-29 13:44:56,87400.0,100,Buy,227056598
2024-07-29 13:44:56,87400.0,100,Buy,227056596
2024-07-29 13:44:56,87400.0,200,Buy,227056597
2024-07-29 13:45:17,87400.0,100,Sell,227057216
2024-07-29 13:45:17,87400.0,100,Sell,227057215
2024-07-29 13:45:43,87500.0,100,Buy,227057984
2024-07-29 13:45:43,87400.0,200,Buy,227057983
2024-07-29 13:45:50,87300.0,400,Sell,227058195
2024-07-29 13:45:57,87400.0,100,Sell,227058460
2024-07-29 13:46:21,87400.0,400,Sell,227059209
2024-07-29 13:46:52,87400.0,400,Sell,227060126
2024-07-29 13:47:23,87400.0,100,Sell,227061108
2024-07-29 13:47:53,87400.0,300,Buy,227062047
2024-07-29 13:47:54,87300.0,400,Sell,227062071
2024-07-29 13:48:15,87400.0,500,Sell,227062639
2024-07-29 13:48:26,87400.0,400,Sell,227063028
2024-07-29 13:48:28,87400.0,100,Sell,227063091
2024-07-29 13:48:56,87300.0,100,Sell,227063910
2024-07-29 13:48:56,87300.0,200,Sell,227063911
2024-07-29 13:48:56,87300.0,100,Sell,227063909
2024-07-29 13:49:28,87300.0,300,Sell,227064756
2024-07-29 13:49:28,87300.0,100,Sell,227064757
2024-07-29 13:49:52,87300.0,100,Sell,227065480
2024-07-29 13:50:01,87300.0,400,Sell,227065687
2024-07-29 13:50:02,87500.0,100,Buy,227065727
2024-07-29 13:50:02,87500.0,300,Buy,227065728
2024-07-29 13:50:33,87300.0,400,Sell,227066650
2024-07-29 13:51:04,87300.0,100,Sell,227067378
2024-07-29 13:51:04,87300.0,100,Sell,227067377
2024-07-29 13:51:04,87300.0,200,Sell,227067376
2024-07-29 13:51:34,87300.0,400,Sell,227068334
2024-07-29 13:52:02,87300.0,200,Sell,227069093
2024-07-29 13:52:02,87300.0,100,Sell,227069094
2024-07-29 13:52:02,87300.0,100,Sell,227069095
2024-07-29 13:52:02,87300.0,100,Sell,227069099
2024-07-29 13:52:04,87300.0,400,Sell,227069138
2024-07-29 13:52:11,87500.0,300,Buy,227069322
2024-07-29 13:52:28,87300.0,100,Sell,227069854
2024-07-29 13:52:37,87300.0,400,Sell,227070094
2024-07-29 13:53:07,87400.0,400,Sell,227070812
2024-07-29 13:53:39,87400.0,400,Sell,227071466
2024-07-29 13:53:57,87400.0,200,Sell,227071953
2024-07-29 13:54:11,87400.0,400,Sell,227072336
2024-07-29 13:54:20,87400.0,200,Sell,227072589
2024-07-29 13:54:21,87500.0,400,Buy,227072614
2024-07-29 13:54:42,87400.0,400,Sell,227073082
2024-07-29 13:55:12,87300.0,100,Sell,227073741
2024-07-29 13:55:12,87300.0,300,Sell,227073742
2024-07-29 13:55:30,87400.0,100,Sell,227074184
2024-07-29 13:55:42,87300.0,400,Sell,227074485
2024-07-29 13:55:49,87300.0,200,Sell,227074647
2024-07-29 13:55:49,87300.0,100,Sell,227074646
2024-07-29 13:55:49,87300.0,500,Sell,227074645
2024-07-29 13:55:49,87300.0,100,Sell,227074643
2024-07-29 13:55:49,87300.0,1000,Sell,227074642
2024-07-29 13:55:49,87300.0,100,Sell,227074644
2024-07-29 13:55:49,87300.0,200,Sell,227074641
2024-07-29 13:56:13,87300.0,400,Sell,227075308
2024-07-29 13:56:31,87400.0,300,Buy,227075666
2024-07-29 13:56:40,87300.0,100,Sell,227075855
2024-07-29 13:56:43,87300.0,400,Sell,227075945
2024-07-29 13:56:52,87400.0,1000,Buy,227076260
2024-07-29 13:57:15,87300.0,400,Sell,227076740
2024-07-29 13:57:16,87400.0,600,Buy,227076768
2024-07-29 13:57:47,87400.0,400,Sell,227077599
2024-07-29 13:58:17,87400.0,400,Sell,227078325
2024-07-29 13:58:40,87500.0,300,Buy,227079165
2024-07-29 13:58:47,87400.0,400,Sell,227079353
2024-07-29 13:58:50,87400.0,300,Sell,227079439
2024-07-29 13:59:19,87400.0,400,Sell,227080176
2024-07-29 13:59:36,87400.0,900,Sell,227080850
2024-07-29 13:59:50,87300.0,400,Sell,227081208
2024-07-29 13:59:55,87400.0,1300,Buy,227081342
2024-07-29 14:00:13,87400.0,100,Sell,227081678
2024-07-29 14:00:20,87400.0,400,Sell,227081809
2024-07-29 14:00:49,87500.0,100,Buy,227082472
2024-07-29 14:00:49,87500.0,300,Buy,227082473
2024-07-29 14:00:51,87400.0,400,Sell,227082534
2024-07-29 14:01:22,87400.0,400,Sell,227083275
2024-07-29 14:01:53,87400.0,400,Sell,227084155
2024-07-29 14:02:26,87400.0,400,Sell,227085556
2024-07-29 14:02:57,87400.0,400,Sell,227086470
2024-07-29 14:02:58,87500.0,300,Buy,227086509
2024-07-29 14:03:27,87400.0,200,Sell,227087345
2024-07-29 14:03:27,87400.0,200,Sell,227087346
2024-07-29 14:03:57,87400.0,200,Sell,227088520
2024-07-29 14:03:57,87400.0,200,Sell,227088521
2024-07-29 14:04:29,87400.0,400,Sell,227089438
2024-07-29 14:04:59,87400.0,400,Sell,227090311
2024-07-29 14:04:59,87400.0,100,Sell,227090310
2024-07-29 14:05:08,87500.0,300,Buy,227090555
2024-07-29 14:05:32,87400.0,100,Sell,227091280
2024-07-29 14:05:32,87400.0,300,Sell,227091281
2024-07-29 14:05:39,87400.0,500,Sell,227091498
2024-07-29 14:05:49,87400.0,100,Sell,227091771
2024-07-29 14:05:51,87400.0,100,Sell,227091848
2024-07-29 14:06:04,87400.0,400,Sell,227092210
2024-07-29 14:06:35,87400.0,400,Sell,227093152
2024-07-29 14:07:07,87400.0,400,Sell,227094144
2024-07-29 14:07:17,87500.0,400,Buy,227094410
2024-07-29 14:07:38,87400.0,400,Sell,227095072
2024-07-29 14:08:08,87400.0,100,Sell,227095946
2024-07-29 14:08:10,87400.0,500,Sell,227095985
2024-07-29 14:08:17,87400.0,2900,Sell,227096157
2024-07-29 14:08:38,87400.0,3900,Sell,227096716
2024-07-29 14:08:38,87400.0,1100,Sell,227096717
2024-07-29 14:08:39,87400.0,800,Sell,227096735
2024-07-29 14:08:43,87400.0,400,Sell,227096838
2024-07-29 14:09:13,87400.0,400,Sell,227097589
2024-07-29 14:09:26,87500.0,300,Buy,227097946
2024-07-29 14:09:44,87400.0,500,Sell,227098358
2024-07-29 14:10:17,87400.0,400,Sell,227099097
2024-07-29 14:10:19,87400.0,100,Sell,227099164
2024-07-29 14:10:48,87400.0,500,Sell,227100038
2024-07-29 14:11:21,87400.0,400,Sell,227100873
2024-07-29 14:11:36,87500.0,300,Buy,227101263
2024-07-29 14:11:52,87400.0,400,Sell,227101632
2024-07-29 14:12:24,87400.0,100,Sell,227102344
2024-07-29 14:12:24,87400.0,300,Sell,227102345
2024-07-29 14:12:55,87400.0,500,Sell,227103132
2024-07-29 14:13:28,87400.0,400,Sell,227104128
2024-07-29 14:13:45,87500.0,400,Buy,227104505
2024-07-29 14:13:59,87400.0,200,Sell,227104886
2024-07-29 14:13:59,87400.0,300,Sell,227104887
2024-07-29 14:14:15,87400.0,1300,Sell,227105204
2024-07-29 14:14:15,87400.0,700,Sell,227105205
2024-07-29 14:14:32,87400.0,400,Sell,227105674
2024-07-29 14:14:43,87400.0,8000,Sell,227105936
2024-07-29 14:15:04,87400.0,400,Sell,227106530
2024-07-29 14:15:35,87400.0,400,Sell,227107620
2024-07-29 14:15:41,87500.0,400,Buy,227107786
2024-07-29 14:15:55,87500.0,300,Buy,227108107
2024-07-29 14:16:06,87400.0,100,Sell,227108457
2024-07-29 14:16:06,87400.0,300,Sell,227108458
2024-07-29 14:16:19,87400.0,700,Sell,227108761
2024-07-29 14:16:19,87400.0,500,Sell,227108762
2024-07-29 14:16:19,87400.0,600,Sell,227108763
2024-07-29 14:16:38,87400.0,500,Sell,227109174
2024-07-29 14:17:10,87400.0,500,Sell,227110036
2024-07-29 14:17:42,87400.0,400,Sell,227110931
2024-07-29 14:18:04,87500.0,300,Buy,227111831
2024-07-29 14:18:14,87400.0,500,Sell,227112044
2024-07-29 14:18:47,87400.0,500,Sell,227112914
2024-07-29 14:19:19,87400.0,400,Sell,227113813
2024-07-29 14:19:23,87400.0,500,Sell,227113934
2024-07-29 14:19:49,87400.0,400,Sell,227114663
2024-07-29 14:20:13,87500.0,100,Buy,227115465
2024-07-29 14:20:13,87500.0,300,Buy,227115466
2024-07-29 14:20:20,87400.0,300,Sell,227115703
2024-07-29 14:20:20,87400.0,200,Sell,227115704
2024-07-29 14:20:32,87500.0,100,Buy,227115971
2024-07-29 14:20:53,87400.0,500,Sell,227116562
2024-07-29 14:21:26,87400.0,200,Sell,227117408
2024-07-29 14:21:26,87400.0,200,Sell,227117409
2024-07-29 14:21:57,87400.0,200,Sell,227118496
2024-07-29 14:21:57,87400.0,300,Sell,227118497
2024-07-29 14:22:02,87400.0,100,Sell,227118612
2024-07-29 14:22:23,87500.0,100,Buy,227119178
2024-07-29 14:22:23,87500.0,100,Buy,227119179
2024-07-29 14:22:23,87500.0,100,Buy,227119180
2024-07-29 14:22:30,87400.0,500,Sell,227119580
2024-07-29 14:22:47,87400.0,100,Sell,227120164
2024-07-29 14:23:03,87400.0,400,Sell,227120594
2024-07-29 14:23:32,87400.0,1000,Sell,227121513
2024-07-29 14:23:34,87400.0,400,Sell,227121589
2024-07-29 14:23:49,87400.0,200,Sell,227122081
2024-07-29 14:23:49,87400.0,800,Sell,227122082
2024-07-29 14:23:53,87400.0,1000,Sell,227122222
2024-07-29 14:24:05,87400.0,400,Sell,227122534
2024-07-29 14:24:32,87500.0,300,Buy,227123524
2024-07-29 14:24:37,87400.0,500,Sell,227123658
2024-07-29 14:25:08,87400.0,400,Sell,227124939
2024-07-29 14:25:21,87400.0,1000,Sell,227125586
2024-07-29 14:25:39,87400.0,200,Sell,227126526
2024-07-29 14:25:39,87400.0,200,Sell,227126527
2024-07-29 14:25:53,87400.0,200,Sell,227127049
2024-07-29 14:25:57,87400.0,200,Sell,227127156
2024-07-29 14:25:57,87400.0,600,Sell,227127155
2024-07-29 14:26:04,87400.0,200,Sell,227127312
2024-07-29 14:26:10,87400.0,400,Sell,227127470
2024-07-29 14:26:28,87400.0,500,Sell,227128116
2024-07-29 14:26:28,87400.0,900,Sell,227128117
2024-07-29 14:26:28,87400.0,200,Sell,227128118
2024-07-29 14:26:28,87400.0,100,Sell,227128119
2024-07-29 14:26:28,87400.0,300,Sell,227128120
2024-07-29 14:26:42,87500.0,300,Buy,227128586
2024-07-29 14:27:48,87400.0,600,Sell,227130955
2024-07-29 14:28:23,87400.0,500,Sell,227132294
2024-07-29 14:28:50,87400.0,500,Sell,227133252
2024-07-29 14:28:51,87500.0,200,Buy,227133318
2024-07-29 14:28:51,87500.0,100,Buy,227133319
2024-07-29 14:28:51,87500.0,100,Buy,227133317
2024-07-29 14:28:53,87400.0,1000,Sell,227133433
2024-07-29 14:28:55,87400.0,100,Sell,227133582
2024-07-29 14:29:02,87400.0,1000,Sell,227133898
2024-07-29 14:29:05,87400.0,200,Sell,227134060
2024-07-29 14:29:22,87400.0,800,Sell,227134764
2024-07-29 14:29:22,87400.0,200,Sell,227134765
2024-07-29 14:44:39,87300.0,82900,ATO/ATC,227136093
