time,price,volume,match_type,id
2024-08-28 09:15:00,91700.0,900,ATO/ATC,235229891
2024-08-28 09:17:08,91600.0,300,Sell,235232832
2024-08-28 09:17:08,91500.0,100,Sell,235232833
2024-08-28 09:17:19,91500.0,300,Sell,235233087
2024-08-28 09:17:19,91500.0,200,Sell,235233084
2024-08-28 09:17:19,91500.0,500,Sell,235233085
2024-08-28 09:17:19,91500.0,100,Sell,235233086
2024-08-28 09:17:32,91500.0,100,Sell,235233365
2024-08-28 09:17:38,91500.0,800,Sell,235233572
2024-08-28 09:17:38,91500.0,1000,Sell,235233573
2024-08-28 09:17:38,91500.0,100,Sell,235233574
2024-08-28 09:17:38,91500.0,200,Sell,235233575
2024-08-28 09:17:38,91500.0,100,Sell,235233576
2024-08-28 09:17:38,91500.0,500,Sell,235233577
2024-08-28 09:17:38,91500.0,200,Sell,235233578
2024-08-28 09:17:38,91500.0,200,Sell,235233579
2024-08-28 09:17:38,91500.0,200,Sell,235233580
2024-08-28 09:17:55,91500.0,200,Sell,235233998
2024-08-28 09:18:02,91500.0,100,Buy,235234198
2024-08-28 09:18:04,91500.0,100,Buy,235234256
2024-08-28 09:18:21,91400.0,200,Sell,235234809
2024-08-28 09:18:21,91400.0,100,Sell,235234807
2024-08-28 09:18:21,91400.0,1000,Sell,235234806
2024-08-28 09:18:21,91400.0,100,Sell,235234808
2024-08-28 09:21:03,91400.0,600,Buy,235238375
2024-08-28 09:23:13,91300.0,100,Sell,235241109
2024-08-28 09:25:45,91300.0,100,Sell,235244144
2024-08-28 09:25:46,91300.0,200,Sell,235244155
2024-08-28 09:27:31,91300.0,100,Sell,235246142
2024-08-28 09:28:06,91300.0,400,Sell,235246948
2024-08-28 09:28:06,91300.0,100,Sell,235246949
2024-08-28 09:28:09,91300.0,100,Sell,235247033
2024-08-28 09:28:13,91300.0,100,Sell,235247106
2024-08-28 09:28:13,91300.0,100,Sell,235247105
2024-08-28 09:28:13,91300.0,400,Sell,235247104
2024-08-28 09:28:13,91300.0,200,Sell,235247103
2024-08-28 09:28:13,91300.0,200,Sell,235247102
2024-08-28 09:29:50,91300.0,100,Sell,235249325
2024-08-28 09:30:12,91300.0,100,Sell,235249825
2024-08-28 09:30:41,91300.0,100,Sell,235250489
2024-08-28 09:31:11,91400.0,1300,Buy,235251167
2024-08-28 09:31:11,91400.0,700,Buy,235251168
2024-08-28 09:32:40,91400.0,200,Buy,235253349
2024-08-28 09:32:45,91400.0,200,Buy,235253472
2024-08-28 09:32:52,91400.0,100,Buy,235253677
2024-08-28 09:32:52,91400.0,100,Buy,235253676
2024-08-28 09:32:52,91400.0,100,Buy,235253675
2024-08-28 09:32:52,91400.0,400,Buy,235253674
2024-08-28 09:32:52,91400.0,200,Buy,235253671
2024-08-28 09:32:52,91400.0,100,Buy,235253670
2024-08-28 09:32:52,91400.0,100,Buy,235253669
2024-08-28 09:32:52,91400.0,200,Buy,235253668
2024-08-28 09:33:08,91400.0,200,Buy,235254199
2024-08-28 09:33:09,91400.0,100,Buy,235254216
2024-08-28 09:34:11,91400.0,600,Buy,235255521
2024-08-28 09:34:11,91400.0,1000,Buy,235255522
2024-08-28 09:34:58,91300.0,100,Sell,235256504
2024-08-28 09:35:03,91300.0,1000,Sell,235256630
2024-08-28 09:35:03,91300.0,100,Sell,235256629
2024-08-28 09:35:03,91300.0,100,Sell,235256613
2024-08-28 09:35:03,91300.0,100,Sell,235256599
2024-08-28 09:35:03,91300.0,500,Sell,235256601
2024-08-28 09:35:03,91300.0,200,Sell,235256602
2024-08-28 09:35:03,91300.0,100,Sell,235256598
2024-08-28 09:35:03,91300.0,200,Sell,235256600
2024-08-28 09:35:06,91400.0,1100,Buy,235256731
2024-08-28 09:35:06,91400.0,100,Buy,235256732
2024-08-28 09:35:06,91400.0,500,Buy,235256733
2024-08-28 09:35:06,91400.0,100,Buy,235256734
2024-08-28 09:35:06,91400.0,700,Buy,235256735
2024-08-28 09:36:01,91300.0,100,Sell,235257990
2024-08-28 09:38:49,91300.0,500,Sell,235261210
2024-08-28 09:38:51,91400.0,100,Buy,235261227
2024-08-28 09:39:39,91400.0,300,Buy,235262225
2024-08-28 09:39:39,91400.0,600,Buy,235262226
2024-08-28 09:41:22,91400.0,200,Buy,235263972
2024-08-28 09:41:22,91400.0,100,Buy,235263954
2024-08-28 09:41:22,91400.0,100,Buy,235263953
2024-08-28 09:41:26,91400.0,100,Buy,235264031
2024-08-28 09:42:35,91300.0,400,Sell,235265294
2024-08-28 09:42:35,91300.0,100,Sell,235265295
2024-08-28 09:42:41,91400.0,600,Buy,235265397
2024-08-28 09:43:01,91400.0,400,Buy,235265774
2024-08-28 09:43:01,91400.0,200,Buy,235265775
2024-08-28 09:43:45,91300.0,500,Sell,235266594
2024-08-28 09:43:45,91300.0,100,Sell,235266593
2024-08-28 09:43:45,91300.0,200,Sell,235266592
2024-08-28 09:43:45,91300.0,200,Sell,235266591
2024-08-28 09:43:45,91300.0,100,Sell,235266587
2024-08-28 09:43:45,91300.0,500,Sell,235266589
2024-08-28 09:43:45,91300.0,400,Sell,235266590
2024-08-28 09:43:45,91400.0,600,Sell,235266585
2024-08-28 09:43:45,91300.0,300,Sell,235266586
2024-08-28 09:43:45,91300.0,200,Sell,235266588
2024-08-28 09:44:20,91300.0,4800,Buy,235267221
2024-08-28 09:44:38,91300.0,100,Buy,235267492
2024-08-28 09:44:45,91300.0,200,Buy,235267590
2024-08-28 09:44:56,91300.0,200,Buy,235267788
2024-08-28 09:44:56,91300.0,100,Buy,235267789
2024-08-28 09:44:56,91300.0,100,Buy,235267791
2024-08-28 09:44:56,91300.0,400,Buy,235267790
2024-08-28 09:45:23,91300.0,200,Sell,235268339
2024-08-28 09:47:01,91400.0,100,Buy,235270580
2024-08-28 09:47:10,91300.0,100,Sell,235270803
2024-08-28 09:47:10,91300.0,100,Sell,235270804
2024-08-28 09:47:10,91300.0,100,Sell,235270805
2024-08-28 09:47:10,91300.0,200,Sell,235270806
2024-08-28 09:47:31,91300.0,100,Sell,235271162
2024-08-28 09:47:48,91400.0,100,Buy,235271627
2024-08-28 09:50:24,91400.0,100,Buy,235275033
2024-08-28 09:50:24,91400.0,100,Buy,235275032
2024-08-28 09:50:37,91400.0,100,Sell,235275391
2024-08-28 09:52:24,91400.0,300,Sell,235277667
2024-08-28 09:52:32,91400.0,200,Sell,235277828
2024-08-28 09:52:56,91400.0,400,Sell,235278265
2024-08-28 09:53:07,91300.0,100,Sell,235278521
2024-08-28 09:53:40,91400.0,100,Buy,235279168
2024-08-28 09:53:40,91400.0,400,Buy,235279169
2024-08-28 09:53:40,91400.0,100,Buy,235279170
2024-08-28 09:54:37,91500.0,2800,Buy,235280615
2024-08-28 09:54:42,91400.0,100,Sell,235280737
2024-08-28 09:55:13,91400.0,100,Sell,235281351
2024-08-28 09:55:44,91500.0,100,Buy,235281938
2024-08-28 09:56:11,91400.0,100,Sell,235282584
2024-08-28 09:57:00,91500.0,100,Buy,235283774
2024-08-28 09:57:09,91400.0,100,Sell,235283984
2024-08-28 09:57:48,91500.0,600,Buy,235284627
2024-08-28 09:57:48,91500.0,900,Buy,235284628
2024-08-28 09:57:48,91500.0,500,Buy,235284629
2024-08-28 09:57:57,91500.0,900,Buy,235284813
2024-08-28 09:57:57,91500.0,300,Buy,235284814
2024-08-28 09:57:57,91500.0,300,Buy,235284815
2024-08-28 09:57:57,91500.0,500,Buy,235284819
2024-08-28 09:58:06,91500.0,100,Buy,235285033
2024-08-28 09:58:06,91500.0,100,Buy,235285032
2024-08-28 09:58:06,91500.0,100,Buy,235285031
2024-08-28 09:58:06,91500.0,400,Buy,235285029
2024-08-28 09:58:06,91500.0,100,Buy,235285028
2024-08-28 09:58:06,91500.0,200,Buy,235285025
2024-08-28 09:58:06,91500.0,200,Buy,235285024
2024-08-28 09:58:06,91500.0,100,Buy,235285030
2024-08-28 09:58:07,91400.0,100,Sell,235285039
2024-08-28 09:59:05,91400.0,100,Sell,235286066
2024-08-28 10:00:02,91400.0,100,Sell,235287327
2024-08-28 10:00:31,91400.0,200,Sell,235287795
2024-08-28 10:00:31,91400.0,300,Sell,235287796
2024-08-28 10:01:01,91400.0,100,Sell,235288440
2024-08-28 10:01:14,91400.0,500,Sell,235288734
2024-08-28 10:01:14,91400.0,600,Sell,235288735
2024-08-28 10:01:48,91400.0,600,Sell,235289225
2024-08-28 10:01:48,91400.0,500,Sell,235289226
2024-08-28 10:01:59,91400.0,100,Sell,235289426
2024-08-28 10:02:00,91400.0,100,Sell,235289449
2024-08-28 10:02:13,91400.0,200,Sell,235289764
2024-08-28 10:02:13,91400.0,500,Sell,235289765
2024-08-28 10:02:13,91400.0,200,Sell,235289766
2024-08-28 10:02:13,91400.0,100,Sell,235289767
2024-08-28 10:02:13,91400.0,100,Sell,235289768
2024-08-28 10:02:57,91400.0,100,Sell,235290882
2024-08-28 10:03:55,91400.0,100,Sell,235291968
2024-08-28 10:04:53,91400.0,100,Sell,235292937
2024-08-28 10:05:51,91400.0,100,Sell,235293952
2024-08-28 10:06:10,91400.0,500,Sell,235294302
2024-08-28 10:06:10,91400.0,100,Sell,235294299
2024-08-28 10:06:10,91400.0,400,Sell,235294300
2024-08-28 10:06:10,91400.0,100,Sell,235294301
2024-08-28 10:06:36,91400.0,500,Sell,235294740
2024-08-28 10:06:36,91400.0,1200,Sell,235294741
2024-08-28 10:06:36,91400.0,300,Sell,235294742
2024-08-28 10:06:49,91400.0,100,Sell,235294978
2024-08-28 10:07:13,91400.0,100,Sell,235295302
2024-08-28 10:07:47,91400.0,100,Sell,235295935
2024-08-28 10:07:51,91400.0,1100,Sell,235295993
2024-08-28 10:07:59,91400.0,200,Sell,235296156
2024-08-28 10:08:45,91400.0,100,Sell,235297111
2024-08-28 10:08:56,91500.0,600,Buy,235297425
2024-08-28 10:08:56,91500.0,400,Buy,235297424
2024-08-28 10:09:44,91400.0,100,Sell,235298434
2024-08-28 10:10:37,91500.0,900,Buy,235299472
2024-08-28 10:10:42,91400.0,100,Sell,235299571
2024-08-28 10:11:40,91400.0,100,Sell,235300685
2024-08-28 10:11:49,91400.0,100,Sell,235300886
2024-08-28 10:12:39,91400.0,100,Sell,235301989
2024-08-28 10:13:17,91500.0,300,Buy,235302878
2024-08-28 10:13:17,91500.0,600,Buy,235302879
2024-08-28 10:13:17,91500.0,300,Buy,235302884
2024-08-28 10:13:37,91400.0,100,Sell,235303270
2024-08-28 10:13:47,91500.0,300,Buy,235303539
2024-08-28 10:13:47,91500.0,600,Buy,235303538
2024-08-28 10:13:57,91500.0,200,Buy,235303750
2024-08-28 10:13:57,91500.0,200,Buy,235303751
2024-08-28 10:13:57,91500.0,100,Buy,235303752
2024-08-28 10:13:57,91500.0,400,Buy,235303753
2024-08-28 10:13:57,91500.0,100,Buy,235303754
2024-08-28 10:14:13,91500.0,700,Buy,235304126
2024-08-28 10:14:13,91500.0,500,Buy,235304127
2024-08-28 10:14:13,91500.0,800,Buy,235304128
2024-08-28 10:14:16,91500.0,100,Buy,235304179
2024-08-28 10:14:16,91500.0,200,Buy,235304177
2024-08-28 10:14:16,91500.0,100,Buy,235304178
2024-08-28 10:15:34,91500.0,100,Sell,235305619
2024-08-28 10:15:35,91500.0,100,Sell,235305646
2024-08-28 10:15:58,91600.0,400,Buy,235306092
2024-08-28 10:16:27,91600.0,100,Buy,235306755
2024-08-28 10:16:44,91700.0,200,Buy,235307107
2024-08-28 10:16:44,91700.0,100,Buy,235307108
2024-08-28 10:16:44,91700.0,100,Buy,235307109
2024-08-28 10:16:44,91700.0,200,Buy,235307110
2024-08-28 10:16:44,91700.0,600,Buy,235307115
2024-08-28 10:16:54,91700.0,1100,Buy,235307248
2024-08-28 10:16:54,91700.0,1500,Buy,235307249
2024-08-28 10:16:54,91700.0,1000,Buy,235307246
2024-08-28 10:16:54,91700.0,1100,Buy,235307247
2024-08-28 10:16:54,91700.0,300,Buy,235307245
2024-08-28 10:17:00,91700.0,200,Buy,235307369
2024-08-28 10:17:05,91700.0,100,Buy,235307476
2024-08-28 10:17:12,91700.0,100,Buy,235307584
2024-08-28 10:17:23,91700.0,100,Sell,235307863
2024-08-28 10:18:07,91700.0,100,Sell,235308652
2024-08-28 10:18:07,91700.0,200,Sell,235308653
2024-08-28 10:18:07,91700.0,100,Sell,235308654
2024-08-28 10:18:07,91700.0,100,Sell,235308655
2024-08-28 10:18:07,91700.0,200,Sell,235308656
2024-08-28 10:18:07,91700.0,400,Sell,235308657
2024-08-28 10:18:07,91700.0,800,Sell,235308658
2024-08-28 10:18:29,91600.0,100,Sell,235308978
2024-08-28 10:20:16,91700.0,100,Buy,235310752
2024-08-28 10:20:16,91700.0,100,Buy,235310753
2024-08-28 10:20:51,91600.0,6500,Sell,235311196
2024-08-28 10:20:51,91600.0,100,Sell,235311195
2024-08-28 10:20:51,91600.0,600,Sell,235311194
2024-08-28 10:20:51,91600.0,300,Sell,235311192
2024-08-28 10:20:51,91600.0,300,Sell,235311191
2024-08-28 10:20:51,91600.0,1100,Sell,235311190
2024-08-28 10:20:51,91600.0,1100,Sell,235311189
2024-08-28 10:20:51,91600.0,600,Sell,235311193
2024-08-28 10:20:56,91500.0,5300,Sell,235311282
2024-08-28 10:20:56,91500.0,100,Sell,235311290
2024-08-28 10:20:56,91500.0,300,Sell,235311289
2024-08-28 10:20:56,91500.0,500,Sell,235311288
2024-08-28 10:20:56,91500.0,100,Sell,235311286
2024-08-28 10:20:56,91500.0,300,Sell,235311285
2024-08-28 10:20:56,91500.0,2000,Sell,235311284
2024-08-28 10:20:56,91500.0,500,Sell,235311283
2024-08-28 10:20:56,91500.0,600,Sell,235311281
2024-08-28 10:20:56,91500.0,100,Sell,235311276
2024-08-28 10:20:56,91500.0,300,Sell,235311279
2024-08-28 10:20:56,91500.0,300,Sell,235311280
2024-08-28 10:20:56,91500.0,100,Sell,235311270
2024-08-28 10:20:56,91500.0,100,Sell,235311271
2024-08-28 10:20:56,91500.0,100,Sell,235311272
2024-08-28 10:20:56,91500.0,300,Sell,235311275
2024-08-28 10:20:56,91500.0,100,Sell,235311274
2024-08-28 10:20:56,91500.0,100,Sell,235311277
2024-08-28 10:20:56,91500.0,600,Sell,235311278
2024-08-28 10:20:56,91500.0,200,Sell,235311273
2024-08-28 10:21:25,91500.0,200,Sell,235311706
2024-08-28 10:21:25,91500.0,1600,Sell,235311707
2024-08-28 10:21:25,91500.0,200,Sell,235311709
2024-08-28 10:21:25,91500.0,600,Sell,235311710
2024-08-28 10:21:25,91500.0,2000,Sell,235311711
2024-08-28 10:21:25,91500.0,200,Sell,235311705
2024-08-28 10:21:28,91500.0,1000,Buy,235311761
2024-08-28 10:21:42,91500.0,1000,Buy,235312005
2024-08-28 10:22:04,91500.0,1400,Buy,235312428
2024-08-28 10:22:21,91400.0,100,Sell,235312772
2024-08-28 10:22:47,91500.0,100,Buy,235313112
2024-08-28 10:23:20,91400.0,100,Sell,235313660
2024-08-28 10:23:50,91500.0,600,Buy,235314121
2024-08-28 10:24:14,91500.0,100,Buy,235314487
2024-08-28 10:24:17,91500.0,100,Buy,235314513
2024-08-28 10:24:19,91400.0,100,Sell,235314553
2024-08-28 10:25:18,91400.0,100,Sell,235315582
2024-08-28 10:26:17,91400.0,100,Sell,235316915
2024-08-28 10:26:27,91500.0,200,Buy,235317147
2024-08-28 10:26:32,91500.0,600,Buy,235317202
2024-08-28 10:27:16,91400.0,100,Sell,235317849
2024-08-28 10:28:15,91400.0,100,Sell,235318819
2024-08-28 10:28:57,91400.0,200,Sell,235319477
2024-08-28 10:29:15,91400.0,100,Sell,235319697
2024-08-28 10:30:14,91400.0,100,Sell,235320685
2024-08-28 10:31:13,91400.0,100,Sell,235321559
2024-08-28 10:31:23,91500.0,500,Buy,235321681
2024-08-28 10:31:23,91500.0,500,Buy,235321682
2024-08-28 10:32:12,91400.0,100,Sell,235322371
2024-08-28 10:33:11,91400.0,100,Sell,235323219
2024-08-28 10:33:29,91400.0,100,Sell,235323473
2024-08-28 10:33:55,91500.0,300,Buy,235323829
2024-08-28 10:33:55,91500.0,300,Buy,235323830
2024-08-28 10:33:55,91500.0,500,Buy,235323831
2024-08-28 10:33:55,91500.0,100,Buy,235323832
2024-08-28 10:34:00,91400.0,100,Sell,235323912
2024-08-28 10:34:11,91400.0,100,Sell,235324090
2024-08-28 10:34:41,91500.0,800,Buy,235324559
2024-08-28 10:34:41,91500.0,900,Buy,235324560
2024-08-28 10:34:41,91500.0,200,Buy,235324556
2024-08-28 10:34:42,91500.0,500,Buy,235324579
2024-08-28 10:34:42,91500.0,200,Buy,235324580
2024-08-28 10:34:42,91500.0,200,Buy,235324581
2024-08-28 10:34:43,91500.0,200,Buy,235324583
2024-08-28 10:34:43,91500.0,100,Buy,235324584
2024-08-28 10:34:43,91500.0,100,Buy,235324589
2024-08-28 10:34:58,91400.0,100,Sell,235324834
2024-08-28 10:35:10,91400.0,100,Sell,235325047
2024-08-28 10:36:09,91400.0,100,Sell,235326156
2024-08-28 10:37:09,91400.0,200,Sell,235327760
2024-08-28 10:37:43,91400.0,100,Sell,235328276
2024-08-28 10:38:11,91400.0,300,Sell,235328855
2024-08-28 10:38:24,91500.0,1000,Buy,235329189
2024-08-28 10:38:24,91500.0,900,Buy,235329190
2024-08-28 10:38:46,91400.0,100,Sell,235329479
2024-08-28 10:39:23,91400.0,300,Sell,235330051
2024-08-28 10:39:23,91400.0,300,Sell,235330050
2024-08-28 10:39:23,91400.0,600,Sell,235330049
2024-08-28 10:39:23,91400.0,300,Sell,235330048
2024-08-28 10:39:23,91400.0,400,Sell,235330047
2024-08-28 10:39:23,91400.0,100,Sell,235330045
2024-08-28 10:39:23,91400.0,100,Sell,235330046
2024-08-28 10:39:23,91400.0,100,Sell,235330043
2024-08-28 10:39:23,91400.0,500,Sell,235330038
2024-08-28 10:39:23,91400.0,200,Sell,235330039
2024-08-28 10:39:23,91400.0,200,Sell,235330044
2024-08-28 10:39:23,91400.0,100,Sell,235330041
2024-08-28 10:39:23,91400.0,400,Sell,235330040
2024-08-28 10:39:23,91400.0,100,Sell,235330042
2024-08-28 10:39:45,91400.0,100,Sell,235330558
2024-08-28 10:39:55,91500.0,1100,Buy,235330702
2024-08-28 10:39:56,91500.0,3300,Buy,235330737
2024-08-28 10:40:19,91500.0,700,Buy,235331058
2024-08-28 10:40:19,91500.0,300,Buy,235331059
2024-08-28 10:40:19,91500.0,700,Buy,235331060
2024-08-28 10:40:19,91500.0,100,Buy,235331061
2024-08-28 10:40:19,91500.0,100,Buy,235331062
2024-08-28 10:40:46,91400.0,100,Sell,235331571
2024-08-28 10:41:33,91400.0,600,Sell,235332368
2024-08-28 10:41:33,91400.0,100,Sell,235332366
2024-08-28 10:41:33,91400.0,300,Sell,235332367
2024-08-28 10:41:35,91400.0,1000,Sell,235332415
2024-08-28 10:41:48,91400.0,100,Sell,235332632
2024-08-28 10:42:15,91500.0,1500,Buy,235332939
2024-08-28 10:42:30,91500.0,1000,Buy,235333095
2024-08-28 10:42:30,91500.0,900,Buy,235333096
2024-08-28 10:42:58,91500.0,3300,Buy,235333563
2024-08-28 10:42:59,91500.0,1100,Buy,235333597
2024-08-28 10:43:28,91500.0,400,Buy,235334109
2024-08-28 10:43:28,91400.0,100,Sell,235334115
2024-08-28 10:43:38,91500.0,1800,Buy,235334264
2024-08-28 10:43:38,91500.0,1200,Buy,235334265
2024-08-28 10:44:00,91500.0,1000,Buy,235334601
2024-08-28 10:44:00,91500.0,900,Buy,235334602
2024-08-28 10:44:11,91500.0,4400,Buy,235334774
2024-08-28 10:44:11,91500.0,600,Buy,235334775
2024-08-28 10:44:17,91500.0,400,Buy,235334856
2024-08-28 10:44:17,91500.0,500,Buy,235334857
2024-08-28 10:44:17,91500.0,3100,Buy,235334858
2024-08-28 10:44:54,91500.0,1900,Buy,235335306
2024-08-28 10:44:54,91500.0,100,Buy,235335307
2024-08-28 10:44:54,91500.0,1000,Buy,235335308
2024-08-28 10:44:58,91500.0,1000,Buy,235335335
2024-08-28 10:45:04,91500.0,2000,Buy,235335406
2024-08-28 10:45:04,91500.0,1000,Buy,235335407
2024-08-28 10:45:04,91500.0,800,Buy,235335408
2024-08-28 10:45:15,91500.0,1000,Buy,235335510
2024-08-28 10:45:37,91500.0,900,Buy,235335726
2024-08-28 10:45:37,91500.0,1000,Buy,235335725
2024-08-28 10:46:23,91400.0,100,Sell,235336396
2024-08-28 10:46:55,91400.0,100,Sell,235336885
2024-08-28 10:47:11,91500.0,300,Buy,235337196
2024-08-28 10:47:11,91500.0,300,Buy,235337197
2024-08-28 10:47:11,91500.0,600,Buy,235337199
2024-08-28 10:47:17,91500.0,100,Buy,235337301
2024-08-28 10:47:17,91500.0,300,Buy,235337300
2024-08-28 10:47:17,91500.0,100,Buy,235337299
2024-08-28 10:47:17,91500.0,100,Buy,235337298
2024-08-28 10:47:17,91500.0,100,Buy,235337296
2024-08-28 10:47:17,91500.0,300,Buy,235337295
2024-08-28 10:47:17,91500.0,100,Buy,235337297
2024-08-28 10:47:17,91500.0,100,Buy,235337294
2024-08-28 10:47:17,91500.0,100,Buy,235337293
2024-08-28 10:47:29,91500.0,600,Buy,235337447
2024-08-28 10:47:29,91500.0,300,Buy,235337445
2024-08-28 10:47:29,91500.0,300,Buy,235337446
2024-08-28 10:47:45,91500.0,100,Buy,235337628
2024-08-28 10:47:56,91400.0,100,Sell,235337730
2024-08-28 10:48:11,91500.0,100,Buy,235337929
2024-08-28 10:48:16,91500.0,100,Buy,235338018
2024-08-28 10:48:37,91500.0,100,Buy,235338288
2024-08-28 10:48:54,91500.0,1000,Buy,235338543
2024-08-28 10:48:56,91400.0,100,Sell,235338624
2024-08-28 10:49:09,91500.0,300,Buy,235338833
2024-08-28 10:49:09,91500.0,600,Buy,235338828
2024-08-28 10:49:09,91500.0,300,Buy,235338827
2024-08-28 10:49:19,91500.0,300,Buy,235338995
2024-08-28 10:49:28,91500.0,100,Buy,235339113
2024-08-28 10:49:57,91400.0,100,Sell,235339408
2024-08-28 10:50:54,91500.0,1000,Buy,235340143
2024-08-28 10:50:54,91500.0,900,Buy,235340144
2024-08-28 10:50:58,91400.0,100,Sell,235340185
2024-08-28 10:51:58,91400.0,100,Sell,235341251
2024-08-28 10:52:33,91500.0,1000,Buy,235341821
2024-08-28 10:52:33,91500.0,900,Buy,235341822
2024-08-28 10:52:59,91400.0,100,Sell,235342236
2024-08-28 10:53:10,91500.0,300,Buy,235342428
2024-08-28 10:53:48,91500.0,500,Buy,235343060
2024-08-28 10:53:48,91500.0,300,Buy,235343061
2024-08-28 10:53:48,91500.0,200,Buy,235343062
2024-08-28 10:53:48,91500.0,900,Buy,235343063
2024-08-28 10:54:00,91400.0,100,Sell,235343276
2024-08-28 10:55:00,91400.0,100,Sell,235344184
2024-08-28 10:55:48,91500.0,1000,Buy,235344963
2024-08-28 10:55:48,91500.0,900,Buy,235344967
2024-08-28 10:56:01,91400.0,100,Sell,235345288
2024-08-28 10:57:02,91400.0,100,Sell,235346235
2024-08-28 10:57:41,91500.0,600,Buy,235346867
2024-08-28 10:57:44,91500.0,1000,Buy,235346918
2024-08-28 10:57:44,91500.0,900,Buy,235346919
2024-08-28 10:58:03,91400.0,100,Sell,235347418
2024-08-28 10:59:04,91400.0,100,Sell,235349105
2024-08-28 10:59:17,91500.0,1000,Buy,235349366
2024-08-28 10:59:17,91500.0,900,Buy,235349367
2024-08-28 10:59:36,91500.0,1000,Buy,235349741
2024-08-28 10:59:36,91500.0,900,Buy,235349742
2024-08-28 10:59:51,91500.0,100,Buy,235350068
2024-08-28 11:00:07,91500.0,1800,Buy,235350470
2024-08-28 11:00:07,91500.0,600,Buy,235350468
2024-08-28 11:00:07,91500.0,100,Buy,235350469
2024-08-28 11:00:43,91500.0,4600,Buy,235351248
2024-08-28 11:00:43,91500.0,400,Buy,235351247
2024-08-28 11:00:51,91500.0,1100,Buy,235351452
2024-08-28 11:00:51,91500.0,700,Buy,235351458
2024-08-28 11:00:51,91500.0,5000,Buy,235351457
2024-08-28 11:00:51,91500.0,3300,Buy,235351456
2024-08-28 11:00:51,91500.0,5400,Buy,235351451
2024-08-28 11:00:51,91500.0,3300,Buy,235351454
2024-08-28 11:00:51,91500.0,100,Buy,235351453
2024-08-28 11:00:51,91500.0,1100,Buy,235351455
2024-08-28 11:01:02,91500.0,2600,Buy,235351730
2024-08-28 11:01:02,91500.0,1100,Buy,235351732
2024-08-28 11:01:02,91500.0,1100,Buy,235351733
2024-08-28 11:01:57,91500.0,500,Sell,235353454
2024-08-28 11:01:57,91500.0,600,Sell,235353455
2024-08-28 11:02:45,91500.0,100,Sell,235355856
2024-08-28 11:03:46,91600.0,1000,Buy,235359429
2024-08-28 11:03:58,91600.0,100,Buy,235360307
2024-08-28 11:04:19,91500.0,1300,Sell,235361320
2024-08-28 11:04:19,91500.0,900,Sell,235361321
2024-08-28 11:04:20,91500.0,100,Sell,235361427
2024-08-28 11:04:20,91500.0,900,Sell,235361424
2024-08-28 11:04:20,91500.0,500,Sell,235361425
2024-08-28 11:04:20,91500.0,3500,Sell,235361422
2024-08-28 11:04:20,91500.0,200,Sell,235361426
2024-08-28 11:04:20,91500.0,600,Sell,235361423
2024-08-28 11:04:20,91500.0,1000,Sell,235361420
2024-08-28 11:04:20,91500.0,100,Sell,235361419
2024-08-28 11:04:20,91500.0,1900,Sell,235361418
2024-08-28 11:04:20,91500.0,900,Sell,235361417
2024-08-28 11:04:20,91500.0,900,Sell,235361421
2024-08-28 11:04:21,91500.0,500,Sell,235361439
2024-08-28 11:04:21,91500.0,600,Sell,235361437
2024-08-28 11:04:21,91500.0,300,Sell,235361436
2024-08-28 11:04:21,91500.0,900,Sell,235361438
2024-08-28 11:04:21,91500.0,100,Sell,235361434
2024-08-28 11:04:21,91500.0,100,Sell,235361433
2024-08-28 11:04:21,91500.0,300,Sell,235361432
2024-08-28 11:04:21,91500.0,100,Sell,235361431
2024-08-28 11:04:21,91500.0,100,Sell,235361435
2024-08-28 11:04:29,91500.0,6400,Buy,235362042
2024-08-28 11:04:52,91500.0,100,Sell,235363182
2024-08-28 11:05:51,91500.0,5000,Sell,235366402
2024-08-28 11:05:52,91500.0,100,Sell,235366458
2024-08-28 11:05:52,91500.0,100,Sell,235366479
2024-08-28 11:05:56,91500.0,8300,Sell,235366671
2024-08-28 11:05:56,91500.0,100,Sell,235366672
2024-08-28 11:05:56,91500.0,100,Sell,235366673
2024-08-28 11:05:56,91500.0,1500,Sell,235366674
2024-08-28 11:05:56,91500.0,100,Sell,235366675
2024-08-28 11:06:21,91500.0,900,Buy,235368159
2024-08-28 11:06:21,91500.0,1100,Buy,235368157
2024-08-28 11:06:37,91500.0,300,Buy,235369242
2024-08-28 11:06:41,91500.0,200,Buy,235369600
2024-08-28 11:06:53,91400.0,100,Sell,235370570
2024-08-28 11:07:11,91400.0,3700,Sell,235372090
2024-08-28 11:07:11,91400.0,300,Sell,235372091
2024-08-28 11:07:11,91400.0,300,Sell,235372092
2024-08-28 11:07:11,91400.0,100,Sell,235372094
2024-08-28 11:07:11,91400.0,200,Sell,235372095
2024-08-28 11:07:11,91400.0,1000,Sell,235372096
2024-08-28 11:07:11,91400.0,200,Sell,235372098
2024-08-28 11:07:11,91400.0,300,Sell,235372089
2024-08-28 11:07:11,91400.0,100,Sell,235372099
2024-08-28 11:07:11,91400.0,900,Sell,235372100
2024-08-28 11:07:11,91400.0,500,Sell,235372101
2024-08-28 11:07:11,91400.0,100,Sell,235372102
2024-08-28 11:07:11,91400.0,900,Sell,235372097
2024-08-28 11:07:11,91400.0,600,Sell,235372088
2024-08-28 11:07:11,91400.0,600,Sell,235372093
2024-08-28 11:07:11,91400.0,1800,Sell,235372086
2024-08-28 11:07:11,91400.0,900,Sell,235372072
2024-08-28 11:07:11,91400.0,300,Sell,235372087
2024-08-28 11:07:11,91400.0,900,Sell,235372074
2024-08-28 11:07:11,91400.0,100,Sell,235372075
2024-08-28 11:07:11,91400.0,600,Sell,235372076
2024-08-28 11:07:11,91400.0,300,Sell,235372077
2024-08-28 11:07:11,91400.0,300,Sell,235372078
2024-08-28 11:07:11,91400.0,1000,Sell,235372073
2024-08-28 11:07:11,91400.0,1000,Sell,235372080
2024-08-28 11:07:11,91400.0,900,Sell,235372081
2024-08-28 11:07:11,91400.0,2000,Sell,235372085
2024-08-28 11:07:11,91400.0,600,Sell,235372082
2024-08-28 11:07:11,91400.0,100,Sell,235372083
2024-08-28 11:07:11,91400.0,500,Sell,235372084
2024-08-28 11:07:11,91400.0,200,Sell,235372079
2024-08-28 11:07:23,91400.0,1200,Buy,235372928
2024-08-28 11:07:23,91400.0,1800,Buy,235372929
2024-08-28 11:07:23,91400.0,1000,Buy,235372930
2024-08-28 11:07:32,91400.0,100,Buy,235373652
2024-08-28 11:07:32,91400.0,100,Buy,235373651
2024-08-28 11:07:32,91400.0,100,Buy,235373650
2024-08-28 11:07:32,91400.0,300,Buy,235373632
2024-08-28 11:07:32,91400.0,300,Buy,235373634
2024-08-28 11:07:32,91400.0,100,Buy,235373633
2024-08-28 11:07:32,91400.0,100,Buy,235373631
2024-08-28 11:07:32,91400.0,200,Buy,235373649
2024-08-28 11:07:34,91300.0,100,Sell,235373970
2024-08-28 11:07:34,91300.0,100,Sell,235373971
2024-08-28 11:07:34,91300.0,200,Sell,235373969
2024-08-28 11:07:34,91300.0,900,Sell,235373973
2024-08-28 11:07:34,91300.0,100,Sell,235373967
2024-08-28 11:07:34,91300.0,100,Sell,235373968
2024-08-28 11:07:34,91300.0,1100,Sell,235373964
2024-08-28 11:07:34,91300.0,100,Sell,235373972
2024-08-28 11:07:34,91300.0,100,Sell,235373965
2024-08-28 11:07:34,91300.0,200,Sell,235373966
2024-08-28 11:07:35,91400.0,200,Buy,235373987
2024-08-28 11:07:35,91400.0,100,Buy,235373988
2024-08-28 11:07:35,91400.0,100,Buy,235373989
2024-08-28 11:07:35,91400.0,100,Buy,235373990
2024-08-28 11:07:35,91400.0,100,Buy,235374019
2024-08-28 11:07:35,91400.0,100,Buy,235374020
2024-08-28 11:07:35,91400.0,300,Buy,235374021
2024-08-28 11:07:35,91400.0,300,Buy,235374022
2024-08-28 11:07:40,91400.0,2000,Buy,235374418
2024-08-28 11:07:40,91400.0,2400,Buy,235374416
2024-08-28 11:07:40,91400.0,3600,Buy,235374417
2024-08-28 11:07:44,91300.0,4000,Sell,235374683
2024-08-28 11:07:46,91400.0,100,Buy,235374823
2024-08-28 11:07:46,91400.0,100,Buy,235374824
2024-08-28 11:07:48,91400.0,200,Buy,235375013
2024-08-28 11:07:48,91400.0,200,Buy,235375015
2024-08-28 11:07:48,91400.0,100,Buy,235375014
2024-08-28 11:07:48,91400.0,600,Buy,235375012
2024-08-28 11:07:48,91400.0,300,Buy,235375007
2024-08-28 11:07:48,91400.0,100,Buy,235375008
2024-08-28 11:07:48,91400.0,400,Buy,235375006
2024-08-28 11:07:48,91400.0,200,Buy,235375005
2024-08-28 11:07:48,91400.0,200,Buy,235375009
2024-08-28 11:07:53,91400.0,100,Sell,235375416
2024-08-28 11:08:29,91400.0,200,Sell,235379076
2024-08-28 11:08:29,91400.0,100,Sell,235379088
2024-08-28 11:08:29,91400.0,300,Sell,235379087
2024-08-28 11:08:29,91400.0,100,Sell,235379086
2024-08-28 11:08:29,91400.0,100,Sell,235379085
2024-08-28 11:08:29,91400.0,100,Sell,235379080
2024-08-28 11:08:29,91400.0,300,Sell,235379079
2024-08-28 11:08:29,91400.0,200,Sell,235379078
2024-08-28 11:08:29,91400.0,100,Sell,235379077
2024-08-28 11:08:29,91400.0,600,Sell,235379075
2024-08-28 11:08:29,91400.0,200,Sell,235379064
2024-08-28 11:08:29,91400.0,900,Sell,235379073
2024-08-28 11:08:29,91400.0,300,Sell,235379072
2024-08-28 11:08:29,91400.0,100,Sell,235379071
2024-08-28 11:08:29,91400.0,100,Sell,235379070
2024-08-28 11:08:29,91400.0,100,Sell,235379069
2024-08-28 11:08:29,91400.0,100,Sell,235379068
2024-08-28 11:08:29,91400.0,100,Sell,235379067
2024-08-28 11:08:29,91400.0,200,Sell,235379066
2024-08-28 11:08:29,91400.0,300,Sell,235379065
2024-08-28 11:08:29,91400.0,500,Sell,235379074
2024-08-28 11:08:36,91300.0,100,Sell,235379652
2024-08-28 11:08:36,91300.0,200,Sell,235379653
2024-08-28 11:08:36,91300.0,800,Sell,235379654
2024-08-28 11:08:41,91400.0,300,Buy,235380194
2024-08-28 11:08:41,91400.0,300,Buy,235380187
2024-08-28 11:08:41,91400.0,300,Buy,235380168
2024-08-28 11:08:41,91400.0,400,Buy,235380166
2024-08-28 11:08:41,91400.0,800,Buy,235380167
2024-08-28 11:08:41,91400.0,100,Buy,235380186
2024-08-28 11:08:49,91400.0,100,Buy,235381104
2024-08-28 11:08:53,91300.0,100,Sell,235381373
2024-08-28 11:09:04,91400.0,100,Buy,235382447
2024-08-28 11:09:13,91400.0,100,Buy,235383238
2024-08-28 11:09:20,91300.0,100,Sell,235384155
2024-08-28 11:09:31,91300.0,1000,Sell,235385367
2024-08-28 11:09:31,91300.0,100,Sell,235385368
2024-08-28 11:09:33,91400.0,100,Buy,235385602
2024-08-28 11:09:43,91300.0,300,Sell,235386635
2024-08-28 11:09:43,91300.0,100,Sell,235386634
2024-08-28 11:09:43,91300.0,400,Sell,235386632
2024-08-28 11:09:43,91300.0,100,Sell,235386631
2024-08-28 11:09:43,91300.0,200,Sell,235386633
2024-08-28 11:09:45,91400.0,100,Buy,235386793
2024-08-28 11:09:52,91400.0,100,Buy,235387296
2024-08-28 11:10:01,91400.0,100,Buy,235388305
2024-08-28 11:10:14,91400.0,100,Buy,235389788
2024-08-28 11:10:25,91400.0,100,Buy,235390798
2024-08-28 11:10:29,91300.0,200,Sell,235391205
2024-08-28 11:10:29,91300.0,500,Sell,235391204
2024-08-28 11:10:29,91300.0,600,Sell,235391203
2024-08-28 11:10:29,91300.0,900,Sell,235391202
2024-08-28 11:10:29,91300.0,600,Sell,235391201
2024-08-28 11:10:29,91300.0,100,Sell,235391200
2024-08-28 11:10:29,91300.0,1800,Sell,235391198
2024-08-28 11:10:29,91300.0,2000,Sell,235391197
2024-08-28 11:10:29,91300.0,100,Sell,235391196
2024-08-28 11:10:29,91300.0,600,Sell,235391195
2024-08-28 11:10:29,91300.0,500,Sell,235391194
2024-08-28 11:10:29,91300.0,100,Sell,235391193
2024-08-28 11:10:29,91300.0,2000,Sell,235391199
2024-08-28 11:10:31,91300.0,700,Sell,235391536
2024-08-28 11:10:31,91300.0,300,Sell,235391537
2024-08-28 11:10:45,91300.0,300,Sell,235392945
2024-08-28 11:10:45,91300.0,500,Sell,235392946
2024-08-28 11:10:50,91300.0,600,Buy,235393409
2024-08-28 11:10:50,91300.0,900,Buy,235393410
2024-08-28 11:10:51,91300.0,500,Buy,235393430
2024-08-28 11:10:56,91200.0,100,Sell,235394061
2024-08-28 11:11:00,91300.0,200,Buy,235394388
2024-08-28 11:11:00,91300.0,100,Buy,235394389
2024-08-28 11:11:03,91300.0,200,Sell,235394607
2024-08-28 11:11:13,91300.0,100,Sell,235395365
2024-08-28 11:11:13,91300.0,200,Sell,235395366
2024-08-28 11:11:13,91300.0,300,Sell,235395367
2024-08-28 11:11:19,91300.0,200,Sell,235395854
2024-08-28 11:11:19,91300.0,600,Sell,235395855
2024-08-28 11:11:19,91300.0,200,Sell,235395856
2024-08-28 11:11:21,91300.0,100,Sell,235396063
2024-08-28 11:11:21,91300.0,300,Sell,235396061
2024-08-28 11:11:21,91300.0,200,Sell,235396062
2024-08-28 11:12:27,91300.0,200,Sell,235400806
2024-08-28 11:12:27,91300.0,900,Sell,235400805
2024-08-28 11:12:53,91300.0,200,Sell,235402237
2024-08-28 11:12:53,91300.0,700,Sell,235402236
2024-08-28 11:12:53,91300.0,100,Sell,235402238
2024-08-28 11:13:07,91400.0,100,Buy,235403130
2024-08-28 11:13:10,91300.0,500,Sell,235403202
2024-08-28 11:13:10,91300.0,900,Sell,235403203
2024-08-28 11:13:10,91300.0,500,Sell,235403204
2024-08-28 11:13:10,91300.0,100,Sell,235403205
2024-08-28 11:13:10,91400.0,100,Buy,235403231
2024-08-28 11:13:11,91300.0,1000,Sell,235403234
2024-08-28 11:13:11,91300.0,100,Sell,235403235
2024-08-28 11:13:20,91400.0,200,Buy,235403673
2024-08-28 11:13:22,91400.0,500,Buy,235403804
2024-08-28 11:13:22,91300.0,800,Sell,235403801
2024-08-28 11:13:22,91300.0,200,Sell,235403802
2024-08-28 11:13:27,91300.0,100,Sell,235404018
2024-08-28 11:13:27,91400.0,200,Buy,235404035
2024-08-28 11:13:29,91300.0,100,Sell,235404110
2024-08-28 11:13:56,91300.0,100,Sell,235405248
2024-08-28 11:14:22,91300.0,100,Sell,235406412
2024-08-28 11:14:22,91300.0,500,Sell,235406413
2024-08-28 11:14:22,91300.0,100,Sell,235406411
2024-08-28 11:14:22,91300.0,100,Sell,235406415
2024-08-28 11:14:22,91300.0,300,Sell,235406409
2024-08-28 11:14:22,91300.0,100,Sell,235406410
2024-08-28 11:14:22,91300.0,100,Sell,235406407
2024-08-28 11:14:22,91300.0,600,Sell,235406414
2024-08-28 11:14:22,91300.0,100,Sell,235406408
2024-08-28 11:14:23,91300.0,100,Sell,235406453
2024-08-28 11:14:37,91300.0,300,Sell,235407028
2024-08-28 11:14:50,91300.0,400,Sell,235407465
2024-08-28 11:14:50,91300.0,600,Sell,235407466
2024-08-28 11:14:50,91300.0,500,Sell,235407467
2024-08-28 11:14:50,91300.0,900,Sell,235407468
2024-08-28 11:14:50,91300.0,400,Sell,235407469
2024-08-28 11:14:50,91300.0,200,Sell,235407470
2024-08-28 11:14:50,91300.0,100,Sell,235407484
2024-08-28 11:15:17,91300.0,100,Sell,235408415
2024-08-28 11:15:38,91400.0,100,Buy,235409053
2024-08-28 11:15:44,91300.0,100,Sell,235409273
2024-08-28 11:15:52,91400.0,400,Buy,235409560
2024-08-28 11:16:11,91300.0,100,Sell,235410283
2024-08-28 11:16:38,91300.0,100,Sell,235411125
2024-08-28 11:16:55,91300.0,100,Sell,235411678
2024-08-28 11:16:55,91300.0,300,Sell,235411679
2024-08-28 11:16:55,91300.0,100,Sell,235411680
2024-08-28 11:16:55,91300.0,300,Sell,235411681
2024-08-28 11:16:55,91300.0,300,Sell,235411682
2024-08-28 11:16:55,91300.0,900,Sell,235411683
2024-08-28 11:17:05,91300.0,100,Sell,235412004
2024-08-28 11:17:09,91200.0,200,Sell,235412178
2024-08-28 11:17:09,91200.0,200,Sell,235412179
2024-08-28 11:17:09,91300.0,900,Sell,235412176
2024-08-28 11:17:09,91300.0,1000,Sell,235412175
2024-08-28 11:17:09,91300.0,900,Sell,235412174
2024-08-28 11:17:09,91200.0,100,Sell,235412177
2024-08-28 11:17:22,91200.0,200,Sell,235412670
2024-08-28 11:17:22,91200.0,100,Sell,235412669
2024-08-28 11:17:22,91200.0,100,Sell,235412668
2024-08-28 11:17:22,91200.0,200,Sell,235412667
2024-08-28 11:17:22,91200.0,100,Sell,235412666
2024-08-28 11:17:22,91200.0,100,Sell,235412665
2024-08-28 11:17:22,91200.0,100,Sell,235412664
2024-08-28 11:17:22,91200.0,200,Sell,235412663
2024-08-28 11:17:22,91200.0,200,Sell,235412662
2024-08-28 11:17:22,91300.0,500,Sell,235412661
2024-08-28 11:17:22,91300.0,900,Sell,235412660
2024-08-28 11:17:22,91300.0,600,Sell,235412659
2024-08-28 11:17:29,91200.0,100,Sell,235412823
2024-08-28 11:17:29,91200.0,3600,Sell,235412822
2024-08-28 11:17:29,91200.0,200,Sell,235412818
2024-08-28 11:17:29,91200.0,400,Sell,235412820
2024-08-28 11:17:29,91200.0,200,Sell,235412819
2024-08-28 11:17:29,91200.0,500,Sell,235412821
2024-08-28 11:17:32,91200.0,100,Sell,235412890
2024-08-28 11:17:42,91200.0,2900,Sell,235413145
2024-08-28 11:17:42,91200.0,400,Sell,235413146
2024-08-28 11:17:59,91300.0,100,Sell,235413675
2024-08-28 11:18:01,91200.0,100,Sell,235413773
2024-08-28 11:18:01,91200.0,100,Sell,235413778
2024-08-28 11:18:01,91200.0,100,Sell,235413777
2024-08-28 11:18:01,91200.0,100,Sell,235413772
2024-08-28 11:18:01,91200.0,2300,Sell,235413762
2024-08-28 11:18:01,91200.0,200,Sell,235413770
2024-08-28 11:18:01,91200.0,100,Sell,235413765
2024-08-28 11:18:01,91200.0,100,Sell,235413764
2024-08-28 11:18:01,91200.0,100,Sell,235413763
2024-08-28 11:18:01,91200.0,100,Sell,235413771
2024-08-28 11:18:12,91200.0,500,Sell,235414146
2024-08-28 11:18:12,91200.0,300,Sell,235414144
2024-08-28 11:18:12,91200.0,300,Sell,235414145
2024-08-28 11:18:12,91200.0,300,Sell,235414095
2024-08-28 11:18:12,91200.0,300,Sell,235414094
2024-08-28 11:18:12,91200.0,200,Sell,235414093
2024-08-28 11:18:12,91200.0,300,Sell,235414096
2024-08-28 11:18:13,91200.0,500,Sell,235414176
2024-08-28 11:18:13,91200.0,100,Sell,235414177
2024-08-28 11:18:17,91100.0,100,Sell,235414312
2024-08-28 11:18:17,91100.0,1000,Sell,235414311
2024-08-28 11:18:17,91100.0,100,Sell,235414310
2024-08-28 11:18:17,91100.0,100,Sell,235414309
2024-08-28 11:18:17,91100.0,100,Sell,235414308
2024-08-28 11:18:17,91100.0,400,Sell,235414307
2024-08-28 11:18:17,91100.0,200,Sell,235414306
2024-08-28 11:18:17,91100.0,200,Sell,235414304
2024-08-28 11:18:17,91100.0,500,Sell,235414300
2024-08-28 11:18:17,91100.0,100,Sell,235414301
2024-08-28 11:18:17,91100.0,200,Sell,235414305
2024-08-28 11:18:17,91100.0,100,Sell,235414303
2024-08-28 11:18:17,91100.0,200,Sell,235414302
2024-08-28 11:18:22,91100.0,500,Sell,235414467
2024-08-28 11:18:32,91100.0,300,Sell,235414799
2024-08-28 11:18:32,91100.0,600,Sell,235414800
2024-08-28 11:18:32,91100.0,300,Sell,235414801
2024-08-28 11:18:32,91100.0,300,Sell,235414802
2024-08-28 11:18:32,91100.0,1000,Sell,235414803
2024-08-28 11:18:32,91100.0,600,Sell,235414804
2024-08-28 11:18:32,91100.0,200,Sell,235414805
2024-08-28 11:18:45,91200.0,200,Buy,235415253
2024-08-28 11:18:51,91100.0,100,Sell,235415441
2024-08-28 11:18:51,91100.0,100,Sell,235415440
2024-08-28 11:18:51,91100.0,300,Sell,235415439
2024-08-28 11:18:51,91200.0,500,Sell,235415434
2024-08-28 11:18:51,91100.0,900,Sell,235415437
2024-08-28 11:18:51,91100.0,500,Sell,235415436
2024-08-28 11:18:51,91100.0,700,Sell,235415435
2024-08-28 11:18:51,91100.0,200,Sell,235415438
2024-08-28 11:20:01,91200.0,100,Sell,235417733
2024-08-28 11:20:26,91300.0,200,Buy,235418398
2024-08-28 11:20:26,91300.0,300,Buy,235418403
2024-08-28 11:20:26,91300.0,200,Buy,235418396
2024-08-28 11:20:26,91300.0,200,Buy,235418395
2024-08-28 11:20:26,91300.0,400,Buy,235418397
2024-08-28 11:20:28,91200.0,100,Sell,235418437
2024-08-28 11:20:37,91300.0,400,Buy,235418650
2024-08-28 11:20:37,91300.0,200,Buy,235418651
2024-08-28 11:20:37,91300.0,200,Buy,235418652
2024-08-28 11:20:37,91300.0,100,Buy,235418653
2024-08-28 11:20:37,91300.0,200,Buy,235418657
2024-08-28 11:20:37,91300.0,200,Buy,235418658
2024-08-28 11:20:53,91300.0,100,Buy,235419036
2024-08-28 11:20:54,91300.0,500,Buy,235419065
2024-08-28 11:20:55,91200.0,100,Sell,235419099
2024-08-28 11:20:57,91300.0,100,Buy,235419152
2024-08-28 11:21:27,91300.0,600,Sell,235420264
2024-08-28 11:21:27,91300.0,500,Sell,235420263
2024-08-28 11:22:10,91300.0,300,Sell,235421474
2024-08-28 11:23:20,91300.0,100,Sell,235423171
2024-08-28 11:23:31,91300.0,100,Sell,235423440
2024-08-28 11:23:32,91300.0,700,Sell,235423458
2024-08-28 11:23:32,91300.0,300,Sell,235423462
2024-08-28 11:23:32,91300.0,600,Sell,235423463
2024-08-28 11:23:32,91300.0,300,Sell,235423464
2024-08-28 11:23:32,91300.0,100,Sell,235423465
2024-08-28 11:23:46,91300.0,100,Sell,235423865
2024-08-28 11:24:11,91400.0,900,Buy,235424806
2024-08-28 11:24:11,91400.0,700,Buy,235424805
2024-08-28 11:24:11,91400.0,300,Buy,235424804
2024-08-28 11:24:13,91300.0,100,Sell,235424832
2024-08-28 11:24:40,91300.0,100,Sell,235425624
2024-08-28 11:25:34,91300.0,300,Sell,235426844
2024-08-28 11:25:34,91300.0,100,Sell,235426845
2024-08-28 11:26:09,91300.0,100,Sell,235427666
2024-08-28 11:26:11,91300.0,300,Sell,235427709
2024-08-28 11:26:11,91300.0,300,Sell,235427710
2024-08-28 11:26:11,91300.0,300,Sell,235427711
2024-08-28 11:26:11,91300.0,100,Sell,235427712
2024-08-28 11:26:36,91300.0,100,Sell,235428344
2024-08-28 11:26:37,91300.0,100,Sell,235428360
2024-08-28 11:26:37,91300.0,100,Sell,235428361
2024-08-28 11:26:53,91400.0,600,Buy,235428817
2024-08-28 11:27:45,91300.0,1100,Sell,235429990
2024-08-28 11:28:02,91400.0,900,Buy,235430536
2024-08-28 11:28:02,91400.0,1000,Buy,235430535
2024-08-28 11:28:39,91300.0,500,Sell,235431485
2024-08-28 11:28:39,91300.0,600,Sell,235431486
2024-08-28 11:29:07,91300.0,400,Sell,235432166
2024-08-28 11:29:07,91300.0,700,Sell,235432167
2024-08-28 11:29:18,91300.0,200,Sell,235432529
2024-08-28 11:29:18,91300.0,900,Sell,235432530
2024-08-28 11:29:18,91300.0,100,Sell,235432567
2024-08-28 11:29:18,91300.0,1000,Sell,235432568
2024-08-28 11:29:21,91300.0,100,Sell,235432648
2024-08-28 11:29:21,91300.0,900,Sell,235432647
2024-08-28 11:29:28,91300.0,100,Sell,235432790
2024-08-28 11:29:28,91300.0,200,Sell,235432787
2024-08-28 11:29:28,91300.0,100,Sell,235432786
2024-08-28 11:29:28,91300.0,100,Sell,235432781
2024-08-28 11:29:28,91300.0,100,Sell,235432784
2024-08-28 11:29:28,91300.0,400,Sell,235432783
2024-08-28 11:29:28,91300.0,100,Sell,235432782
2024-08-28 11:29:28,91300.0,100,Sell,235432785
2024-08-28 13:00:03,91400.0,500,Buy,235433819
2024-08-28 13:00:05,91300.0,500,Buy,235435214
2024-08-28 13:00:05,91300.0,100,Buy,235434947
2024-08-28 13:00:05,91300.0,100,Buy,235434948
2024-08-28 13:00:05,91300.0,600,Sell,235434945
2024-08-28 13:00:05,91300.0,300,Sell,235434944
2024-08-28 13:00:05,91300.0,200,Sell,235434943
2024-08-28 13:00:05,91300.0,300,Sell,235434946
2024-08-28 13:00:09,91300.0,500,Buy,235436782
2024-08-28 13:00:11,91200.0,100,Sell,235437520
2024-08-28 13:00:34,91300.0,200,Buy,235439503
2024-08-28 13:00:58,91200.0,100,Sell,235440648
2024-08-28 13:01:09,91200.0,200,Sell,235440960
2024-08-28 13:01:09,91200.0,300,Sell,235440961
2024-08-28 13:01:09,91200.0,200,Sell,235440962
2024-08-28 13:01:25,91200.0,200,Sell,235441384
2024-08-28 13:01:48,91200.0,200,Sell,235442035
2024-08-28 13:01:48,91200.0,700,Sell,235442036
2024-08-28 13:01:53,91200.0,200,Sell,235442181
2024-08-28 13:02:19,91200.0,100,Sell,235442807
2024-08-28 13:02:36,91200.0,800,Sell,235443302
2024-08-28 13:02:46,91200.0,100,Sell,235443595
2024-08-28 13:02:58,91300.0,200,Buy,235443979
2024-08-28 13:03:06,91300.0,200,Buy,235444284
2024-08-28 13:03:13,91200.0,100,Sell,235444480
2024-08-28 13:03:17,91300.0,500,Buy,235444633
2024-08-28 13:03:29,91300.0,400,Buy,235444972
2024-08-28 13:03:32,91300.0,200,Buy,235445060
2024-08-28 13:03:40,91200.0,100,Sell,235445251
2024-08-28 13:03:40,91300.0,100,Buy,235445270
2024-08-28 13:03:53,91300.0,1200,Buy,235445728
2024-08-28 13:03:53,91300.0,1000,Buy,235445729
2024-08-28 13:03:53,91300.0,1800,Buy,235445731
2024-08-28 13:04:07,91200.0,100,Sell,235446099
2024-08-28 13:04:12,91200.0,600,Sell,235446209
2024-08-28 13:04:12,91200.0,300,Sell,235446208
2024-08-28 13:04:34,91200.0,100,Sell,235446771
2024-08-28 13:04:46,91300.0,500,Buy,235447145
2024-08-28 13:05:01,91200.0,100,Sell,235447556
2024-08-28 13:05:06,91300.0,100,Buy,235447688
2024-08-28 13:05:06,91300.0,100,Buy,235447689
2024-08-28 13:05:07,91300.0,100,Buy,235447691
2024-08-28 13:05:07,91300.0,100,Buy,235447700
2024-08-28 13:05:25,91300.0,500,Buy,235448316
2024-08-28 13:05:28,91200.0,100,Sell,235448394
2024-08-28 13:05:48,91200.0,400,Sell,235448952
2024-08-28 13:05:48,91200.0,500,Sell,235448951
2024-08-28 13:05:55,91200.0,100,Sell,235449164
2024-08-28 13:06:22,91200.0,100,Sell,235449951
2024-08-28 13:06:36,91200.0,400,Sell,235450259
2024-08-28 13:06:36,91200.0,500,Sell,235450260
2024-08-28 13:06:40,91300.0,100,Buy,235450375
2024-08-28 13:06:49,91200.0,100,Sell,235450591
2024-08-28 13:07:12,91200.0,300,Sell,235451122
2024-08-28 13:07:16,91200.0,100,Sell,235451252
2024-08-28 13:07:23,91200.0,800,Sell,235451423
2024-08-28 13:07:39,91300.0,1000,Buy,235451826
2024-08-28 13:07:39,91300.0,900,Buy,235451827
2024-08-28 13:07:43,91200.0,100,Sell,235451888
2024-08-28 13:07:56,91300.0,100,Buy,235452143
2024-08-28 13:08:09,91200.0,100,Sell,235452482
2024-08-28 13:08:10,91200.0,100,Sell,235452485
2024-08-28 13:08:11,91300.0,700,Buy,235452517
2024-08-28 13:08:12,91200.0,900,Sell,235452522
2024-08-28 13:08:37,91200.0,100,Sell,235453201
2024-08-28 13:08:59,91200.0,900,Sell,235453785
2024-08-28 13:09:04,91200.0,100,Sell,235453965
2024-08-28 13:09:31,91200.0,100,Sell,235454571
2024-08-28 13:09:47,91200.0,800,Sell,235454942
2024-08-28 13:09:58,91200.0,100,Sell,235455224
2024-08-28 13:10:23,91300.0,900,Buy,235455892
2024-08-28 13:10:23,91300.0,1000,Buy,235455891
2024-08-28 13:10:25,91200.0,100,Sell,235456014
2024-08-28 13:10:31,91300.0,100,Buy,235456165
2024-08-28 13:10:52,91200.0,100,Sell,235456603
2024-08-28 13:11:13,91200.0,100,Sell,235457126
2024-08-28 13:11:19,91200.0,100,Sell,235457311
2024-08-28 13:11:22,91200.0,500,Sell,235457379
2024-08-28 13:11:22,91200.0,100,Sell,235457380
2024-08-28 13:11:22,91200.0,300,Sell,235457381
2024-08-28 13:11:46,91200.0,100,Sell,235457854
2024-08-28 13:12:11,91200.0,600,Sell,235458534
2024-08-28 13:12:11,91200.0,200,Sell,235458535
2024-08-28 13:12:13,91200.0,100,Sell,235458572
2024-08-28 13:12:40,91200.0,100,Sell,235459159
2024-08-28 13:12:58,91200.0,300,Sell,235459694
2024-08-28 13:12:58,91200.0,100,Sell,235459693
2024-08-28 13:12:58,91200.0,500,Sell,235459692
2024-08-28 13:13:02,91300.0,300,Buy,235459797
2024-08-28 13:13:02,91300.0,600,Buy,235459798
2024-08-28 13:13:02,91300.0,300,Buy,235459799
2024-08-28 13:13:07,91200.0,100,Sell,235459910
2024-08-28 13:13:34,91200.0,100,Sell,235460538
2024-08-28 13:13:37,91200.0,100,Sell,235460601
2024-08-28 13:13:47,91200.0,800,Sell,235460771
2024-08-28 13:13:47,91200.0,100,Sell,235460772
2024-08-28 13:13:47,91200.0,100,Sell,235460797
2024-08-28 13:14:01,91200.0,100,Sell,235461208
2024-08-28 13:14:10,91200.0,200,Sell,235461448
2024-08-28 13:14:28,91200.0,100,Sell,235461888
2024-08-28 13:14:28,91200.0,100,Sell,235461889
2024-08-28 13:14:34,91200.0,500,Sell,235462053
2024-08-28 13:14:34,91200.0,300,Sell,235462054
2024-08-28 13:14:46,91200.0,200,Sell,235462389
2024-08-28 13:14:55,91200.0,100,Sell,235462627
2024-08-28 13:15:22,91200.0,400,Sell,235463331
2024-08-28 13:15:22,91200.0,500,Sell,235463332
2024-08-28 13:15:22,91200.0,100,Sell,235463340
2024-08-28 13:15:28,91300.0,100,Buy,235463485
2024-08-28 13:15:33,91300.0,100,Buy,235463606
2024-08-28 13:15:41,91300.0,200,Buy,235463784
2024-08-28 13:15:46,91300.0,900,Buy,235463891
2024-08-28 13:15:46,91300.0,1000,Buy,235463890
2024-08-28 13:15:48,91300.0,100,Buy,235463947
2024-08-28 13:15:49,91200.0,100,Sell,235463972
2024-08-28 13:16:09,91300.0,100,Buy,235464464
2024-08-28 13:16:16,91200.0,100,Sell,235464641
2024-08-28 13:16:33,91300.0,100,Buy,235464960
2024-08-28 13:16:43,91200.0,100,Sell,235465249
2024-08-28 13:16:45,91300.0,500,Buy,235465282
2024-08-28 13:16:46,91200.0,200,Sell,235465314
2024-08-28 13:16:46,91200.0,200,Sell,235465315
2024-08-28 13:16:58,91200.0,400,Sell,235465570
2024-08-28 13:16:58,91200.0,300,Sell,235465569
2024-08-28 13:16:58,91200.0,100,Sell,235465568
2024-08-28 13:17:10,91200.0,200,Sell,235465870
2024-08-28 13:17:10,91200.0,100,Sell,235465896
2024-08-28 13:17:37,91200.0,100,Sell,235466579
2024-08-28 13:17:46,91200.0,100,Sell,235466769
2024-08-28 13:17:46,91200.0,100,Sell,235466770
2024-08-28 13:17:46,91200.0,100,Sell,235466771
2024-08-28 13:17:46,91200.0,100,Sell,235466772
2024-08-28 13:17:46,91200.0,100,Sell,235466773
2024-08-28 13:17:46,91200.0,400,Sell,235466768
2024-08-28 13:18:04,91200.0,100,Sell,235467260
2024-08-28 13:18:27,91200.0,1000,Sell,235467809
2024-08-28 13:18:27,91200.0,300,Sell,235467810
2024-08-28 13:18:27,91200.0,100,Sell,235467807
2024-08-28 13:18:27,91200.0,100,Sell,235467806
2024-08-28 13:18:27,91200.0,1800,Sell,235467808
2024-08-28 13:18:28,91300.0,900,Buy,235467839
2024-08-28 13:18:28,91300.0,1000,Buy,235467838
2024-08-28 13:18:31,91200.0,100,Sell,235467892
2024-08-28 13:18:33,91200.0,500,Sell,235467960
2024-08-28 13:18:33,91200.0,100,Sell,235467961
2024-08-28 13:18:33,91200.0,100,Sell,235467962
2024-08-28 13:18:33,91200.0,200,Sell,235467963
2024-08-28 13:18:58,91200.0,100,Sell,235468430
2024-08-28 13:19:10,91300.0,100,Buy,235468703
2024-08-28 13:19:25,91200.0,100,Sell,235468979
2024-08-28 13:19:52,91200.0,100,Sell,235469511
2024-08-28 13:20:06,91200.0,500,Sell,235469848
2024-08-28 13:20:06,91200.0,500,Sell,235469847
2024-08-28 13:20:08,91200.0,900,Sell,235469897
2024-08-28 13:20:19,91200.0,100,Sell,235470081
2024-08-28 13:20:46,91200.0,100,Sell,235470591
2024-08-28 13:20:53,91300.0,2000,Buy,235470710
2024-08-28 13:20:53,91300.0,100,Buy,235470711
2024-08-28 13:20:53,91300.0,200,Buy,235470712
2024-08-28 13:20:53,91300.0,100,Buy,235470713
2024-08-28 13:20:53,91300.0,900,Buy,235470714
2024-08-28 13:20:53,91300.0,500,Buy,235470715
2024-08-28 13:21:00,91300.0,500,Buy,235470896
2024-08-28 13:21:00,91300.0,100,Buy,235470895
2024-08-28 13:21:00,91300.0,200,Buy,235470893
2024-08-28 13:21:00,91300.0,400,Buy,235470892
2024-08-28 13:21:00,91300.0,800,Buy,235470894
2024-08-28 13:21:06,91300.0,200,Buy,235471028
2024-08-28 13:21:06,91300.0,400,Buy,235471029
2024-08-28 13:21:06,91300.0,600,Buy,235471030
2024-08-28 13:21:06,91300.0,300,Buy,235471031
2024-08-28 13:21:06,91300.0,500,Buy,235471050
2024-08-28 13:21:13,91300.0,200,Buy,235471195
2024-08-28 13:21:13,91300.0,100,Buy,235471196
2024-08-28 13:21:13,91200.0,100,Sell,235471202
2024-08-28 13:21:28,91300.0,100,Buy,235471490
2024-08-28 13:21:28,91300.0,300,Buy,235471489
2024-08-28 13:21:28,91300.0,100,Buy,235471488
2024-08-28 13:21:28,91300.0,100,Buy,235471477
2024-08-28 13:21:28,91300.0,200,Buy,235471476
2024-08-28 13:21:28,91300.0,100,Buy,235471478
2024-08-28 13:21:28,91300.0,400,Buy,235471475
2024-08-28 13:21:35,91300.0,400,Buy,235471656
2024-08-28 13:21:35,91300.0,600,Buy,235471657
2024-08-28 13:21:40,91200.0,100,Sell,235471796
2024-08-28 13:21:45,91200.0,800,Sell,235471859
2024-08-28 13:21:56,91300.0,300,Buy,235472150
2024-08-28 13:21:56,91300.0,200,Buy,235472143
2024-08-28 13:21:56,91300.0,100,Buy,235472149
2024-08-28 13:21:56,91300.0,400,Buy,235472141
2024-08-28 13:21:56,91300.0,500,Buy,235472140
2024-08-28 13:21:56,91300.0,200,Buy,235472139
2024-08-28 13:21:56,91300.0,100,Buy,235472142
2024-08-28 13:21:56,91300.0,300,Buy,235472144
2024-08-28 13:22:04,91300.0,100,Buy,235472310
2024-08-28 13:22:32,91300.0,500,Sell,235472862
2024-08-28 13:22:32,91300.0,400,Sell,235472863
2024-08-28 13:22:39,91300.0,100,Sell,235473019
2024-08-28 13:22:52,91400.0,1000,Buy,235473256
2024-08-28 13:22:52,91400.0,900,Buy,235473257
2024-08-28 13:23:05,91400.0,100,Buy,235473558
2024-08-28 13:23:06,91300.0,100,Sell,235473594
2024-08-28 13:23:17,91400.0,900,Buy,235473844
2024-08-28 13:23:17,91400.0,1000,Buy,235473843
2024-08-28 13:23:28,91400.0,1600,Buy,235474060
2024-08-28 13:23:28,91400.0,1400,Buy,235474061
2024-08-28 13:23:33,91300.0,100,Sell,235474194
2024-08-28 13:23:46,91400.0,1200,Buy,235474478
2024-08-28 13:23:46,91400.0,700,Buy,235474479
2024-08-28 13:23:46,91400.0,1100,Buy,235474480
2024-08-28 13:23:46,91400.0,1000,Buy,235474484
2024-08-28 13:23:47,91400.0,600,Buy,235474495
2024-08-28 13:23:51,91400.0,300,Buy,235474550
2024-08-28 13:23:51,91400.0,100,Buy,235474551
2024-08-28 13:23:51,91400.0,100,Buy,235474548
2024-08-28 13:23:51,91400.0,100,Buy,235474549
2024-08-28 13:23:52,91400.0,200,Buy,235474565
2024-08-28 13:23:52,91400.0,100,Buy,235474566
2024-08-28 13:23:52,91400.0,100,Buy,235474567
2024-08-28 13:23:52,91400.0,100,Buy,235474568
2024-08-28 13:23:52,91400.0,300,Buy,235474569
2024-08-28 13:23:52,91400.0,100,Buy,235474570
2024-08-28 13:23:52,91400.0,100,Buy,235474571
2024-08-28 13:23:52,91400.0,200,Buy,235474572
2024-08-28 13:23:53,91400.0,100,Buy,235474574
2024-08-28 13:23:55,91400.0,600,Buy,235474613
2024-08-28 13:23:55,91400.0,100,Buy,235474614
2024-08-28 13:24:04,91400.0,700,Sell,235474780
2024-08-28 13:24:04,91400.0,600,Sell,235474779
2024-08-28 13:24:32,91300.0,100,Sell,235475499
2024-08-28 13:24:36,91400.0,1000,Buy,235475577
2024-08-28 13:24:52,91400.0,100,Buy,235475990
2024-08-28 13:24:52,91400.0,100,Buy,235475989
2024-08-28 13:24:52,91400.0,100,Buy,235475983
2024-08-28 13:24:52,91400.0,100,Buy,235475985
2024-08-28 13:24:52,91400.0,100,Buy,235475984
2024-08-28 13:24:52,91400.0,100,Buy,235475986
2024-08-28 13:24:56,91400.0,2000,Buy,235476096
2024-08-28 13:24:56,91400.0,1800,Buy,235476097
2024-08-28 13:24:59,91300.0,100,Sell,235476127
2024-08-28 13:25:06,91400.0,300,Buy,235476377
2024-08-28 13:25:06,91400.0,700,Buy,235476378
2024-08-28 13:25:06,91400.0,100,Buy,235476379
2024-08-28 13:25:06,91400.0,800,Buy,235476380
2024-08-28 13:25:18,91400.0,100,Buy,235476620
2024-08-28 13:25:18,91400.0,100,Buy,235476621
2024-08-28 13:25:44,91400.0,300,Sell,235477301
2024-08-28 13:25:44,91400.0,100,Sell,235477300
2024-08-28 13:25:44,91400.0,300,Sell,235477298
2024-08-28 13:25:44,91400.0,100,Sell,235477297
2024-08-28 13:25:44,91400.0,100,Sell,235477299
2024-08-28 13:25:49,91500.0,100,Buy,235477428
2024-08-28 13:25:57,91400.0,100,Sell,235477700
2024-08-28 13:26:24,91400.0,100,Sell,235478521
2024-08-28 13:26:27,91500.0,500,Buy,235478659
2024-08-28 13:26:38,91500.0,100,Buy,235479045
2024-08-28 13:26:38,91500.0,800,Buy,235479048
2024-08-28 13:26:38,91500.0,100,Buy,235479047
2024-08-28 13:26:38,91500.0,1000,Buy,235479046
2024-08-28 13:26:38,91500.0,100,Buy,235479044
2024-08-28 13:26:38,91500.0,100,Buy,235479040
2024-08-28 13:26:38,91500.0,100,Buy,235479042
2024-08-28 13:26:38,91500.0,500,Buy,235479043
2024-08-28 13:26:38,91500.0,6800,Buy,235479038
2024-08-28 13:26:38,91500.0,10000,Buy,235479041
2024-08-28 13:26:38,91500.0,10000,Buy,235479039
2024-08-28 13:26:43,91500.0,400,Sell,235479288
2024-08-28 13:26:54,91500.0,300,Buy,235479700
2024-08-28 13:26:54,91500.0,200,Buy,235479701
2024-08-28 13:26:54,91500.0,100,Buy,235479703
2024-08-28 13:26:54,91500.0,100,Buy,235479705
2024-08-28 13:26:54,91500.0,100,Buy,235479704
2024-08-28 13:26:55,91500.0,100,Buy,235479706
2024-08-28 13:26:55,91500.0,100,Buy,235479707
2024-08-28 13:26:55,91500.0,300,Buy,235479708
2024-08-28 13:26:59,91500.0,1000,Buy,235479888
2024-08-28 13:26:59,91500.0,1800,Buy,235479963
2024-08-28 13:26:59,91500.0,1200,Buy,235479964
2024-08-28 13:27:00,91500.0,1000,Buy,235479970
2024-08-28 13:27:08,91500.0,1000,Buy,235480344
2024-08-28 13:27:08,91500.0,1800,Buy,235480319
2024-08-28 13:27:08,91500.0,1200,Buy,235480318
2024-08-28 13:27:10,91500.0,100,Buy,235480460
2024-08-28 13:27:13,91500.0,100,Buy,235480615
2024-08-28 13:27:13,91500.0,100,Buy,235480616
2024-08-28 13:27:13,91500.0,100,Buy,235480617
2024-08-28 13:27:13,91500.0,300,Buy,235480621
2024-08-28 13:27:13,91500.0,100,Buy,235480622
2024-08-28 13:27:13,91500.0,300,Buy,235480623
2024-08-28 13:27:13,91500.0,100,Buy,235480624
2024-08-28 13:27:13,91500.0,200,Buy,235480614
2024-08-28 13:27:20,91500.0,1000,Buy,235480997
2024-08-28 13:27:24,91400.0,100,Sell,235481202
2024-08-28 13:27:31,91500.0,100,Buy,235481480
2024-08-28 13:27:41,91500.0,100,Buy,235481896
2024-08-28 13:27:41,91500.0,300,Buy,235481895
2024-08-28 13:27:41,91500.0,17500,Buy,235481893
2024-08-28 13:27:41,91500.0,900,Buy,235481894
2024-08-28 13:27:41,91500.0,600,Buy,235481892
2024-08-28 13:28:08,91500.0,900,Sell,235483272
2024-08-28 13:28:24,91500.0,100,Sell,235484007
2024-08-28 13:28:25,91600.0,100,Buy,235484033
2024-08-28 13:28:32,91600.0,100,Buy,235484336
2024-08-28 13:28:32,91600.0,1000,Buy,235484337
2024-08-28 13:28:35,91600.0,900,Buy,235484462
2024-08-28 13:28:35,91600.0,100,Buy,235484463
2024-08-28 13:28:50,91700.0,200,Buy,235485232
2024-08-28 13:28:50,91700.0,200,Buy,235485230
2024-08-28 13:28:50,91700.0,100,Buy,235485229
2024-08-28 13:28:50,91700.0,100,Buy,235485231
2024-08-28 13:29:14,91700.0,400,Buy,235486368
2024-08-28 13:29:14,91700.0,200,Buy,235486369
2024-08-28 13:29:14,91700.0,100,Buy,235486370
2024-08-28 13:29:14,91700.0,100,Buy,235486371
2024-08-28 13:29:18,91700.0,100,Buy,235486583
2024-08-28 13:29:29,91700.0,800,Buy,235487101
2024-08-28 13:29:29,91700.0,100,Buy,235487102
2024-08-28 13:29:29,91700.0,100,Buy,235487103
2024-08-28 13:29:29,91700.0,100,Buy,235487104
2024-08-28 13:29:44,91700.0,400,Sell,235488244
2024-08-28 13:29:44,91700.0,500,Sell,235488245
2024-08-28 13:29:56,91800.0,700,Buy,235488832
2024-08-28 13:29:56,91800.0,100,Buy,235488831
2024-08-28 13:29:56,91800.0,1000,Buy,235488828
2024-08-28 13:29:56,91800.0,100,Buy,235488829
2024-08-28 13:29:56,91800.0,100,Buy,235488830
2024-08-28 13:30:24,91700.0,100,Sell,235490190
2024-08-28 13:30:25,91800.0,100,Buy,235490198
2024-08-28 13:30:26,91800.0,700,Buy,235490233
2024-08-28 13:30:26,91800.0,200,Buy,235490234
2024-08-28 13:30:26,91800.0,500,Buy,235490235
2024-08-28 13:30:26,91800.0,100,Buy,235490236
2024-08-28 13:30:31,91800.0,900,Sell,235490387
2024-08-28 13:30:38,91800.0,200,Sell,235490673
2024-08-28 13:30:58,91800.0,200,Sell,235491474
2024-08-28 13:31:19,91800.0,800,Sell,235492333
2024-08-28 13:31:23,91800.0,100,Sell,235492434
2024-08-28 13:31:30,91900.0,100,Buy,235492594
2024-08-28 13:31:42,91800.0,300,Sell,235493014
2024-08-28 13:31:45,91700.0,200,Sell,235493135
2024-08-28 13:31:45,91700.0,100,Sell,235493134
2024-08-28 13:31:45,91700.0,900,Sell,235493133
2024-08-28 13:31:45,91700.0,100,Sell,235493132
2024-08-28 13:31:45,91700.0,100,Sell,235493131
2024-08-28 13:31:45,91700.0,100,Sell,235493128
2024-08-28 13:31:45,91700.0,100,Sell,235493130
2024-08-28 13:31:45,91700.0,300,Sell,235493126
2024-08-28 13:31:45,91700.0,100,Sell,235493125
2024-08-28 13:31:45,91700.0,300,Sell,235493124
2024-08-28 13:31:45,91700.0,100,Sell,235493123
2024-08-28 13:31:45,91800.0,100,Sell,235493122
2024-08-28 13:31:45,91800.0,100,Sell,235493121
2024-08-28 13:31:45,91700.0,100,Sell,235493127
2024-08-28 13:31:45,91700.0,100,Sell,235493129
2024-08-28 13:31:51,91600.0,100,Sell,235493391
2024-08-28 13:31:54,91700.0,500,Buy,235493546
2024-08-28 13:31:54,91700.0,100,Buy,235493547
2024-08-28 13:32:02,91700.0,1400,Sell,235493812
2024-08-28 13:32:47,91600.0,200,Sell,235495237
2024-08-28 13:32:55,91600.0,900,Sell,235495492
2024-08-28 13:33:11,91600.0,400,Sell,235496094
2024-08-28 13:33:11,91600.0,100,Sell,235496093
2024-08-28 13:33:16,91600.0,100,Sell,235496219
2024-08-28 13:33:43,91600.0,800,Sell,235497170
2024-08-28 13:33:44,91600.0,100,Sell,235497251
2024-08-28 13:34:13,91600.0,100,Sell,235498199
2024-08-28 13:34:31,91600.0,300,Sell,235498872
2024-08-28 13:34:31,91600.0,600,Sell,235498873
2024-08-28 13:34:42,91600.0,100,Sell,235499206
2024-08-28 13:35:10,91600.0,100,Sell,235499938
2024-08-28 13:35:18,91600.0,100,Sell,235500124
2024-08-28 13:35:18,91600.0,300,Sell,235500122
2024-08-28 13:35:18,91600.0,200,Sell,235500121
2024-08-28 13:35:18,91600.0,300,Sell,235500123
2024-08-28 13:35:19,91600.0,100,Sell,235500148
2024-08-28 13:35:39,91600.0,100,Sell,235500539
2024-08-28 13:36:05,91600.0,400,Sell,235501264
2024-08-28 13:36:05,91600.0,400,Sell,235501265
2024-08-28 13:36:08,91600.0,100,Sell,235501345
2024-08-28 13:36:17,91600.0,300,Sell,235501597
2024-08-28 13:36:17,91600.0,300,Sell,235501598
2024-08-28 13:36:17,91600.0,100,Sell,235501596
2024-08-28 13:36:17,91600.0,400,Sell,235501599
2024-08-28 13:36:17,91600.0,200,Sell,235501594
2024-08-28 13:36:17,91600.0,100,Sell,235501591
2024-08-28 13:36:17,91600.0,100,Sell,235501595
2024-08-28 13:36:17,91600.0,200,Sell,235501593
2024-08-28 13:36:17,91600.0,200,Sell,235501592
2024-08-28 13:36:29,91600.0,200,Sell,235502039
2024-08-28 13:36:37,91600.0,100,Sell,235502225
2024-08-28 13:36:54,91600.0,900,Sell,235502633
2024-08-28 13:36:55,91600.0,100,Sell,235502657
2024-08-28 13:37:04,91600.0,1100,Sell,235502942
2024-08-28 13:37:04,91600.0,100,Sell,235502941
2024-08-28 13:37:04,91600.0,1100,Sell,235502940
2024-08-28 13:37:04,91600.0,100,Sell,235502939
2024-08-28 13:37:04,91600.0,100,Sell,235502937
2024-08-28 13:37:04,91600.0,100,Sell,235502938
2024-08-28 13:37:04,91600.0,100,Sell,235502935
2024-08-28 13:37:04,91600.0,100,Sell,235502934
2024-08-28 13:37:04,91600.0,100,Sell,235502933
2024-08-28 13:37:04,91600.0,100,Sell,235502932
2024-08-28 13:37:04,91600.0,2700,Sell,235502931
2024-08-28 13:37:04,91600.0,100,Sell,235502936
2024-08-28 13:37:06,91500.0,100,Sell,235503014
2024-08-28 13:37:35,91500.0,100,Sell,235503691
2024-08-28 13:37:42,91500.0,900,Sell,235503816
2024-08-28 13:37:42,91600.0,4200,Buy,235503818
2024-08-28 13:37:42,91600.0,1000,Buy,235503819
2024-08-28 13:37:42,91600.0,100,Buy,235503820
2024-08-28 13:38:17,91600.0,100,Sell,235504570
2024-08-28 13:38:17,91600.0,200,Sell,235504568
2024-08-28 13:38:17,91600.0,100,Sell,235504567
2024-08-28 13:38:17,91600.0,100,Sell,235504569
2024-08-28 13:38:30,91600.0,200,Sell,235504868
2024-08-28 13:38:30,91600.0,100,Sell,235504869
2024-08-28 13:38:30,91600.0,100,Sell,235504870
2024-08-28 13:38:30,91600.0,100,Sell,235504871
2024-08-28 13:38:30,91600.0,300,Sell,235504872
2024-08-28 13:38:31,91600.0,100,Sell,235504911
2024-08-28 13:38:33,91600.0,100,Sell,235504951
2024-08-28 13:38:41,91600.0,1500,Sell,235505118
2024-08-28 13:38:49,91600.0,500,Sell,235505274
2024-08-28 13:38:59,91600.0,700,Sell,235505477
2024-08-28 13:38:59,91600.0,1100,Sell,235505478
2024-08-28 13:38:59,91600.0,200,Sell,235505479
2024-08-28 13:39:02,91600.0,100,Sell,235505533
2024-08-28 13:39:18,91600.0,100,Sell,235505837
2024-08-28 13:39:18,91600.0,800,Sell,235505836
2024-08-28 13:39:31,91600.0,100,Sell,235506123
2024-08-28 13:39:54,91600.0,700,Sell,235506481
2024-08-28 13:39:54,91600.0,400,Sell,235506482
2024-08-28 13:40:00,91600.0,100,Sell,235506594
2024-08-28 13:40:04,91600.0,100,Sell,235506668
2024-08-28 13:40:04,91600.0,500,Sell,235506669
2024-08-28 13:40:04,91600.0,100,Sell,235506670
2024-08-28 13:40:06,91600.0,900,Sell,235506714
2024-08-28 13:40:27,91600.0,200,Sell,235507195
2024-08-28 13:40:27,91600.0,100,Sell,235507193
2024-08-28 13:40:27,91600.0,200,Sell,235507194
2024-08-28 13:40:27,91600.0,200,Sell,235507191
2024-08-28 13:40:27,91600.0,200,Sell,235507192
2024-08-28 13:40:27,91600.0,100,Sell,235507190
2024-08-28 13:40:30,91600.0,100,Sell,235507238
2024-08-28 13:40:38,91600.0,100,Sell,235507390
2024-08-28 13:40:38,91600.0,200,Sell,235507389
2024-08-28 13:40:38,91600.0,200,Sell,235507391
2024-08-28 13:40:53,91600.0,400,Sell,235507626
2024-08-28 13:40:53,91600.0,500,Sell,235507627
2024-08-28 13:40:57,91600.0,400,Sell,235507793
2024-08-28 13:41:00,91600.0,100,Sell,235507839
2024-08-28 13:41:01,91600.0,400,Sell,235507848
2024-08-28 13:41:03,91600.0,1000,Sell,235507938
2024-08-28 13:41:30,91600.0,100,Sell,235508426
2024-08-28 13:41:41,91600.0,500,Sell,235508622
2024-08-28 13:41:41,91600.0,300,Sell,235508623
2024-08-28 13:42:00,91600.0,100,Sell,235509073
2024-08-28 13:42:29,91600.0,700,Sell,235509672
2024-08-28 13:42:29,91600.0,200,Sell,235509671
2024-08-28 13:42:30,91600.0,100,Sell,235509696
2024-08-28 13:42:45,91600.0,100,Sell,235509964
2024-08-28 13:42:45,91600.0,500,Sell,235509965
2024-08-28 13:42:45,91600.0,100,Sell,235509966
2024-08-28 13:42:45,91600.0,300,Sell,235509967
2024-08-28 13:42:48,91600.0,100,Sell,235510035
2024-08-28 13:43:00,91600.0,100,Sell,235510222
2024-08-28 13:43:04,91600.0,300,Sell,235510297
2024-08-28 13:43:04,91600.0,500,Sell,235510295
2024-08-28 13:43:04,91600.0,200,Sell,235510296
2024-08-28 13:43:17,91600.0,900,Sell,235510599
2024-08-28 13:43:31,91600.0,100,Sell,235511039
2024-08-28 13:43:42,91600.0,100,Sell,235511175
2024-08-28 13:43:51,91600.0,1000,Sell,235511310
2024-08-28 13:44:01,91600.0,100,Sell,235511473
2024-08-28 13:44:05,91600.0,800,Sell,235511548
2024-08-28 13:44:30,91600.0,100,Sell,235512122
2024-08-28 13:44:52,91700.0,1600,Buy,235512565
2024-08-28 13:45:01,91600.0,100,Sell,235512780
2024-08-28 13:45:31,91600.0,100,Sell,235513532
2024-08-28 13:45:41,91600.0,900,Sell,235513735
2024-08-28 13:46:01,91600.0,100,Sell,235514241
2024-08-28 13:46:28,91600.0,800,Sell,235514811
2024-08-28 13:46:32,91600.0,100,Sell,235514895
2024-08-28 13:47:02,91600.0,100,Sell,235515653
2024-08-28 13:47:02,91600.0,100,Sell,235515672
2024-08-28 13:47:16,91600.0,900,Sell,235515981
2024-08-28 13:47:33,91600.0,100,Sell,235516350
2024-08-28 13:48:04,91600.0,700,Sell,235517183
2024-08-28 13:48:04,91600.0,200,Sell,235517184
2024-08-28 13:48:04,91600.0,100,Sell,235517188
2024-08-28 13:48:08,91600.0,100,Sell,235517292
2024-08-28 13:48:35,91600.0,100,Sell,235517936
2024-08-28 13:48:52,91600.0,100,Sell,235518229
2024-08-28 13:48:52,91600.0,400,Sell,235518227
2024-08-28 13:48:52,91600.0,300,Sell,235518228
2024-08-28 13:48:57,91700.0,300,Buy,235518318
2024-08-28 13:48:57,91700.0,300,Buy,235518317
2024-08-28 13:48:58,91600.0,100,Sell,235518338
2024-08-28 13:48:58,91600.0,300,Sell,235518341
2024-08-28 13:49:06,91600.0,100,Sell,235518456
2024-08-28 13:49:26,91600.0,100,Sell,235518905
2024-08-28 13:49:38,91600.0,100,Sell,235519222
2024-08-28 13:49:40,91600.0,300,Sell,235519299
2024-08-28 13:49:40,91600.0,600,Sell,235519300
2024-08-28 13:49:51,91600.0,100,Sell,235519593
2024-08-28 13:50:09,91600.0,100,Sell,235520206
2024-08-28 13:50:17,91600.0,200,Sell,235520388
2024-08-28 13:50:28,91600.0,800,Sell,235520907
2024-08-28 13:50:28,91600.0,100,Sell,235520906
2024-08-28 13:50:39,91700.0,600,Buy,235521242
2024-08-28 13:50:39,91700.0,5500,Buy,235521243
2024-08-28 13:50:39,91700.0,3300,Buy,235521244
2024-08-28 13:50:39,91700.0,100,Buy,235521245
2024-08-28 13:50:39,91700.0,300,Buy,235521246
2024-08-28 13:50:39,91700.0,200,Buy,235521247
2024-08-28 13:50:42,91600.0,100,Sell,235521315
2024-08-28 13:51:03,91700.0,100,Buy,235522000
2024-08-28 13:51:03,91700.0,100,Buy,235522002
2024-08-28 13:51:03,91700.0,100,Buy,235522001
2024-08-28 13:51:03,91700.0,700,Buy,235521998
2024-08-28 13:51:03,91700.0,100,Buy,235521999
2024-08-28 13:51:22,91700.0,800,Buy,235522612
2024-08-28 13:51:48,91700.0,100,Sell,235523658
2024-08-28 13:52:03,91700.0,100,Sell,235524208
2024-08-28 13:52:03,91700.0,800,Sell,235524209
2024-08-28 13:52:08,91800.0,500,Buy,235524387
2024-08-28 13:52:08,91800.0,100,Buy,235524388
2024-08-28 13:52:08,91800.0,100,Buy,235524389
2024-08-28 13:52:08,91800.0,100,Buy,235524390
2024-08-28 13:52:08,91800.0,100,Buy,235524391
2024-08-28 13:52:08,91800.0,100,Buy,235524392
2024-08-28 13:52:11,91700.0,1100,Sell,235524510
2024-08-28 13:52:11,91700.0,3300,Sell,235524509
2024-08-28 13:52:11,91700.0,200,Sell,235524508
2024-08-28 13:52:11,91700.0,300,Sell,235524504
2024-08-28 13:52:11,91700.0,1100,Sell,235524506
2024-08-28 13:52:11,91700.0,1100,Sell,235524505
2024-08-28 13:52:11,91700.0,900,Sell,235524507
2024-08-28 13:52:20,91700.0,2000,Buy,235524949
2024-08-28 13:52:20,91700.0,100,Sell,235524950
2024-08-28 13:52:30,91700.0,1000,Sell,235525290
2024-08-28 13:52:32,91700.0,200,Sell,235525330
2024-08-28 13:52:32,91700.0,3700,Sell,235525331
2024-08-28 13:52:32,91700.0,1000,Sell,235525332
2024-08-28 13:52:36,91700.0,900,Buy,235525485
2024-08-28 13:52:36,91700.0,600,Buy,235525484
2024-08-28 13:52:36,91700.0,500,Buy,235525483
2024-08-28 13:52:47,91700.0,500,Buy,235525869
2024-08-28 13:52:47,91700.0,600,Buy,235525867
2024-08-28 13:52:47,91700.0,900,Buy,235525868
2024-08-28 13:53:29,91600.0,100,Sell,235527241
2024-08-28 13:53:38,91700.0,200,Buy,235527457
2024-08-28 13:53:39,91600.0,100,Sell,235527474
2024-08-28 13:53:39,91600.0,100,Sell,235527475
2024-08-28 13:53:39,91600.0,200,Sell,235527476
2024-08-28 13:53:39,91600.0,400,Sell,235527477
2024-08-28 13:54:00,91700.0,500,Buy,235528051
2024-08-28 13:54:04,91600.0,100,Sell,235528137
2024-08-28 13:54:27,91600.0,400,Sell,235528734
2024-08-28 13:54:27,91600.0,500,Sell,235528733
2024-08-28 13:54:37,91600.0,100,Sell,235528982
2024-08-28 13:54:43,91700.0,300,Buy,235529179
2024-08-28 13:54:44,91700.0,100,Buy,235529180
2024-08-28 13:54:44,91700.0,300,Buy,235529181
2024-08-28 13:54:44,91700.0,500,Buy,235529185
2024-08-28 13:54:57,91700.0,100,Buy,235529515
2024-08-28 13:54:57,91700.0,100,Buy,235529514
2024-08-28 13:54:57,91700.0,200,Buy,235529509
2024-08-28 13:54:57,91700.0,100,Buy,235529516
2024-08-28 13:54:57,91700.0,100,Buy,235529507
2024-08-28 13:54:57,91700.0,200,Buy,235529506
2024-08-28 13:54:57,91700.0,300,Buy,235529508
2024-08-28 13:54:57,91700.0,100,Buy,235529505
2024-08-28 13:54:58,91700.0,100,Buy,235529582
2024-08-28 13:55:12,91600.0,100,Sell,235529911
2024-08-28 13:55:15,91600.0,300,Sell,235529990
2024-08-28 13:55:15,91600.0,200,Sell,235529991
2024-08-28 13:55:15,91600.0,100,Sell,235529992
2024-08-28 13:55:15,91600.0,300,Sell,235529989
2024-08-28 13:55:39,91600.0,100,Sell,235530522
2024-08-28 13:55:47,91600.0,100,Sell,235530783
2024-08-28 13:56:02,91600.0,100,Sell,235531193
2024-08-28 13:56:02,91600.0,100,Sell,235531194
2024-08-28 13:56:02,91600.0,600,Sell,235531195
2024-08-28 13:56:24,91600.0,100,Sell,235531743
2024-08-28 13:56:30,91600.0,100,Sell,235531875
2024-08-28 13:56:30,91600.0,800,Sell,235531874
2024-08-28 13:56:30,91600.0,100,Sell,235531876
2024-08-28 13:56:41,91600.0,1100,Sell,235532221
2024-08-28 13:56:44,91600.0,800,Sell,235532384
2024-08-28 13:56:44,91600.0,100,Sell,235532385
2024-08-28 13:56:44,91600.0,100,Sell,235532386
2024-08-28 13:56:44,91600.0,1000,Sell,235532387
2024-08-28 13:56:49,91600.0,600,Sell,235532556
2024-08-28 13:56:49,91600.0,300,Sell,235532557
2024-08-28 13:57:00,91600.0,200,Sell,235532846
2024-08-28 13:57:00,91600.0,100,Sell,235532847
2024-08-28 13:57:01,91600.0,100,Sell,235532905
2024-08-28 13:57:07,91600.0,2600,Sell,235533076
2024-08-28 13:57:07,91600.0,700,Sell,235533075
2024-08-28 13:57:10,91600.0,500,Sell,235533236
2024-08-28 13:57:24,91600.0,3300,Sell,235533686
2024-08-28 13:57:34,91600.0,1100,Sell,235534015
2024-08-28 13:57:37,91600.0,100,Sell,235534107
2024-08-28 13:57:38,91600.0,900,Sell,235534128
2024-08-28 13:57:45,91600.0,500,Sell,235534299
2024-08-28 13:57:53,91600.0,200,Sell,235534578
2024-08-28 13:58:05,91600.0,200,Sell,235534846
2024-08-28 13:58:15,91600.0,100,Sell,235535088
2024-08-28 13:58:26,91600.0,300,Sell,235535459
2024-08-28 13:58:26,91600.0,500,Sell,235535458
2024-08-28 13:58:27,91600.0,300,Sell,235535522
2024-08-28 13:58:27,91600.0,500,Sell,235535523
2024-08-28 13:58:27,91600.0,900,Sell,235535524
2024-08-28 13:58:27,91600.0,100,Sell,235535525
2024-08-28 13:58:27,91600.0,100,Sell,235535526
2024-08-28 13:58:27,91600.0,100,Sell,235535527
2024-08-28 13:58:33,91600.0,600,Sell,235535668
2024-08-28 13:58:33,91600.0,200,Sell,235535667
2024-08-28 13:58:33,91600.0,100,Sell,235535666
2024-08-28 13:58:33,91600.0,1200,Sell,235535665
2024-08-28 13:58:33,91600.0,800,Sell,235535669
2024-08-28 13:58:33,91600.0,500,Sell,235535663
2024-08-28 13:58:33,91600.0,100,Sell,235535662
2024-08-28 13:58:33,91600.0,100,Sell,235535661
2024-08-28 13:58:33,91600.0,200,Sell,235535660
2024-08-28 13:58:33,91600.0,100,Sell,235535664
2024-08-28 13:58:46,91600.0,100,Buy,235536043
2024-08-28 13:58:52,91600.0,100,Buy,235536158
2024-08-28 13:58:59,91500.0,100,Sell,235536392
2024-08-28 13:59:01,91600.0,100,Buy,235536436
2024-08-28 13:59:09,91600.0,100,Buy,235536663
2024-08-28 13:59:12,91600.0,100,Buy,235536786
2024-08-28 13:59:25,91600.0,100,Buy,235537148
2024-08-28 13:59:25,91600.0,100,Buy,235537147
2024-08-28 13:59:25,91600.0,100,Buy,235537146
2024-08-28 13:59:25,91600.0,300,Buy,235537145
2024-08-28 13:59:25,91600.0,200,Buy,235537143
2024-08-28 13:59:25,91600.0,100,Buy,235537142
2024-08-28 13:59:25,91600.0,300,Buy,235537140
2024-08-28 13:59:25,91600.0,100,Buy,235537144
2024-08-28 13:59:53,91600.0,300,Buy,235537826
2024-08-28 13:59:53,91600.0,100,Buy,235537827
2024-08-28 13:59:53,91600.0,300,Buy,235537833
2024-08-28 13:59:53,91600.0,200,Buy,235537834
2024-08-28 13:59:53,91600.0,200,Buy,235537835
2024-08-28 13:59:53,91600.0,200,Buy,235537836
2024-08-28 13:59:58,91500.0,100,Sell,235537981
2024-08-28 14:00:02,91500.0,900,Sell,235538084
2024-08-28 14:00:13,91600.0,600,Buy,235538484
2024-08-28 14:00:13,91600.0,500,Buy,235538485
2024-08-28 14:00:13,91600.0,900,Buy,235538489
2024-08-28 14:01:05,91600.0,200,Buy,235540385
2024-08-28 14:01:07,91600.0,1200,Buy,235540453
2024-08-28 14:01:07,91600.0,800,Buy,235540452
2024-08-28 14:02:10,91600.0,600,Buy,235542832
2024-08-28 14:02:13,91600.0,100,Buy,235542898
2024-08-28 14:02:26,91600.0,200,Buy,235543171
2024-08-28 14:02:31,91600.0,100,Buy,235543341
2024-08-28 14:02:36,91600.0,100,Buy,235543512
2024-08-28 14:02:45,91600.0,200,Buy,235543823
2024-08-28 14:02:49,91600.0,100,Buy,235543915
2024-08-28 14:02:52,91600.0,100,Buy,235543990
2024-08-28 14:02:58,91600.0,100,Buy,235544215
2024-08-28 14:03:08,91600.0,100,Buy,235544488
2024-08-28 14:03:20,91600.0,100,Buy,235544910
2024-08-28 14:04:56,91600.0,1100,Buy,235547784
2024-08-28 14:04:58,91600.0,1000,Buy,235547904
2024-08-28 14:04:58,91600.0,100,Buy,235547905
2024-08-28 14:05:00,91600.0,200,Buy,235547993
2024-08-28 14:05:00,91600.0,800,Buy,235547994
2024-08-28 14:05:00,91600.0,100,Buy,235547995
2024-08-28 14:06:16,91600.0,300,Buy,235550039
2024-08-28 14:06:23,91500.0,100,Sell,235550185
2024-08-28 14:06:24,91500.0,900,Sell,235550235
2024-08-28 14:06:25,91600.0,300,Buy,235550243
2024-08-28 14:06:25,91600.0,600,Buy,235550241
2024-08-28 14:06:25,91600.0,100,Buy,235550242
2024-08-28 14:07:39,91600.0,1100,Buy,235551994
2024-08-28 14:09:52,91500.0,100,Sell,235555761
2024-08-28 14:10:23,91500.0,800,Sell,235556573
2024-08-28 14:10:25,91600.0,600,Buy,235556617
2024-08-28 14:10:25,91600.0,600,Buy,235556618
2024-08-28 14:10:25,91600.0,800,Buy,235556619
2024-08-28 14:11:53,91500.0,300,Sell,235558640
2024-08-28 14:12:00,91500.0,900,Sell,235558765
2024-08-28 14:12:06,91500.0,100,Sell,235558941
2024-08-28 14:12:06,91500.0,200,Sell,235558940
2024-08-28 14:12:06,91500.0,100,Sell,235558936
2024-08-28 14:12:06,91500.0,500,Sell,235558938
2024-08-28 14:12:06,91500.0,200,Sell,235558942
2024-08-28 14:12:06,91500.0,100,Sell,235558939
2024-08-28 14:12:06,91500.0,200,Sell,235558943
2024-08-28 14:12:06,91500.0,900,Sell,235558948
2024-08-28 14:12:06,91500.0,100,Sell,235558945
2024-08-28 14:12:06,91500.0,300,Sell,235558946
2024-08-28 14:12:06,91500.0,1000,Sell,235558947
2024-08-28 14:12:06,91500.0,500,Sell,235558950
2024-08-28 14:12:06,91500.0,21500,Sell,235558951
2024-08-28 14:12:06,91500.0,100,Sell,235558944
2024-08-28 14:12:06,91500.0,100,Sell,235558935
2024-08-28 14:12:06,91500.0,100,Sell,235558937
2024-08-28 14:12:06,91500.0,200,Sell,235558933
2024-08-28 14:12:06,91500.0,100,Sell,235558920
2024-08-28 14:12:06,91500.0,1000,Sell,235558921
2024-08-28 14:12:06,91500.0,100,Sell,235558923
2024-08-28 14:12:06,91500.0,1000,Sell,235558924
2024-08-28 14:12:06,91500.0,900,Sell,235558925
2024-08-28 14:12:06,91500.0,100,Sell,235558926
2024-08-28 14:12:06,91500.0,900,Sell,235558922
2024-08-28 14:12:06,91500.0,1800,Sell,235558928
2024-08-28 14:12:06,91500.0,1200,Sell,235558927
2024-08-28 14:12:06,91500.0,4900,Sell,235558919
2024-08-28 14:12:06,91500.0,100,Sell,235558932
2024-08-28 14:12:06,91500.0,100,Sell,235558934
2024-08-28 14:12:06,91500.0,300,Sell,235558931
2024-08-28 14:12:06,91500.0,300,Sell,235558930
2024-08-28 14:12:06,91500.0,1000,Sell,235558929
2024-08-28 14:12:43,91600.0,100,Buy,235559850
2024-08-28 14:12:43,91600.0,500,Buy,235559851
2024-08-28 14:12:51,91600.0,200,Buy,235560035
2024-08-28 14:12:51,91600.0,400,Buy,235560036
2024-08-28 14:12:51,91600.0,400,Buy,235560037
2024-08-28 14:12:51,91600.0,500,Buy,235560038
2024-08-28 14:12:51,91600.0,400,Buy,235560039
2024-08-28 14:12:51,91600.0,100,Buy,235560040
2024-08-28 14:13:00,91600.0,400,Buy,235560221
2024-08-28 14:13:00,91600.0,500,Buy,235560220
2024-08-28 14:13:00,91600.0,200,Buy,235560218
2024-08-28 14:13:00,91600.0,600,Buy,235560217
2024-08-28 14:13:00,91600.0,300,Buy,235560219
2024-08-28 14:13:19,91600.0,200,Buy,235560656
2024-08-28 14:13:19,91600.0,300,Buy,235560657
2024-08-28 14:13:19,91600.0,200,Buy,235560658
2024-08-28 14:13:19,91600.0,200,Buy,235560659
2024-08-28 14:13:19,91600.0,100,Buy,235560662
2024-08-28 14:13:19,91600.0,100,Buy,235560663
2024-08-28 14:13:19,91600.0,100,Buy,235560664
2024-08-28 14:13:29,91600.0,100,Buy,235560927
2024-08-28 14:13:29,91600.0,100,Buy,235560926
2024-08-28 14:13:29,91600.0,200,Buy,235560925
2024-08-28 14:13:29,91600.0,200,Buy,235560923
2024-08-28 14:13:29,91600.0,300,Buy,235560922
2024-08-28 14:13:29,91600.0,200,Buy,235560921
2024-08-28 14:13:29,91600.0,100,Buy,235560924
2024-08-28 14:13:31,91600.0,1100,Buy,235560965
2024-08-28 14:13:31,91600.0,1100,Buy,235560995
2024-08-28 14:13:32,91600.0,1100,Buy,235561031
2024-08-28 14:13:33,91600.0,1100,Buy,235561064
2024-08-28 14:13:34,91600.0,1100,Buy,235561123
2024-08-28 14:13:35,91600.0,900,Buy,235561142
2024-08-28 14:13:35,91600.0,100,Buy,235561141
2024-08-28 14:13:35,91600.0,800,Buy,235561140
2024-08-28 14:13:35,91600.0,900,Buy,235561138
2024-08-28 14:13:35,91600.0,900,Buy,235561137
2024-08-28 14:13:35,91600.0,500,Buy,235561139
2024-08-28 14:13:35,91600.0,900,Buy,235561135
2024-08-28 14:13:35,91600.0,1700,Buy,235561130
2024-08-28 14:13:35,91600.0,900,Buy,235561131
2024-08-28 14:13:35,91600.0,300,Buy,235561136
2024-08-28 14:13:35,91600.0,1000,Buy,235561133
2024-08-28 14:13:35,91600.0,800,Buy,235561132
2024-08-28 14:13:35,91600.0,100,Buy,235561134
2024-08-28 14:13:46,91600.0,200,Sell,235561406
2024-08-28 14:13:46,91600.0,400,Sell,235561407
2024-08-28 14:13:52,91600.0,100,Sell,235561591
2024-08-28 14:14:23,91600.0,900,Sell,235562483
2024-08-28 14:15:11,91600.0,700,Sell,235563629
2024-08-28 14:15:11,91600.0,100,Sell,235563630
2024-08-28 14:15:35,91700.0,500,Buy,235564288
2024-08-28 14:15:35,91700.0,900,Buy,235564285
2024-08-28 14:15:35,91700.0,300,Buy,235564286
2024-08-28 14:15:35,91700.0,100,Buy,235564287
2024-08-28 14:15:36,91700.0,300,Buy,235564292
2024-08-28 14:15:38,91700.0,500,Buy,235564364
2024-08-28 14:15:51,91700.0,100,Buy,235564764
2024-08-28 14:16:11,91700.0,100,Buy,235565330
2024-08-28 14:16:18,91700.0,400,Buy,235565510
2024-08-28 14:17:19,91700.0,500,Buy,235567293
2024-08-28 14:17:20,91700.0,900,Buy,235567322
2024-08-28 14:17:20,91700.0,600,Buy,235567320
2024-08-28 14:17:20,91700.0,500,Buy,235567321
2024-08-28 14:17:22,91700.0,1100,Buy,235567359
2024-08-28 14:17:23,91700.0,1100,Buy,235567406
2024-08-28 14:17:24,91700.0,600,Buy,235567466
2024-08-28 14:17:24,91700.0,300,Buy,235567467
2024-08-28 14:17:24,91700.0,200,Buy,235567468
2024-08-28 14:17:24,91700.0,900,Buy,235567472
2024-08-28 14:17:28,91700.0,800,Buy,235567550
2024-08-28 14:17:28,91700.0,100,Buy,235567551
2024-08-28 14:17:28,91700.0,200,Buy,235567552
2024-08-28 14:17:28,91700.0,300,Buy,235567553
2024-08-28 14:17:28,91700.0,600,Buy,235567554
2024-08-28 14:17:30,91700.0,100,Buy,235567588
2024-08-28 14:17:30,91700.0,1000,Buy,235567589
2024-08-28 14:17:42,91600.0,1300,Sell,235568089
2024-08-28 14:17:42,91600.0,1200,Sell,235568087
2024-08-28 14:17:42,91600.0,1600,Sell,235568086
2024-08-28 14:17:42,91600.0,1100,Sell,235568088
2024-08-28 14:17:44,91700.0,1100,Buy,235568150
2024-08-28 14:17:48,91700.0,200,Buy,235568323
2024-08-28 14:17:48,91700.0,100,Buy,235568324
2024-08-28 14:17:48,91700.0,1000,Buy,235568325
2024-08-28 14:17:51,91800.0,200,Buy,235568443
2024-08-28 14:17:51,91800.0,500,Buy,235568444
2024-08-28 14:17:51,91800.0,1000,Buy,235568445
2024-08-28 14:17:51,91800.0,1600,Buy,235568446
2024-08-28 14:19:04,91800.0,300,Buy,235570496
2024-08-28 14:19:30,91700.0,500,Sell,235571129
2024-08-28 14:19:30,91700.0,100,Sell,235571127
2024-08-28 14:19:30,91700.0,200,Sell,235571128
2024-08-28 14:20:12,91700.0,100,Buy,235573093
2024-08-28 14:21:15,91700.0,1100,Buy,235575315
2024-08-28 14:21:16,91700.0,1100,Buy,235575351
2024-08-28 14:21:23,91700.0,200,Buy,235575568
2024-08-28 14:21:23,91700.0,100,Buy,235575567
2024-08-28 14:21:23,91700.0,100,Buy,235575566
2024-08-28 14:21:23,91700.0,100,Buy,235575565
2024-08-28 14:21:23,91700.0,200,Buy,235575564
2024-08-28 14:21:23,91700.0,200,Buy,235575563
2024-08-28 14:21:23,91700.0,200,Buy,235575562
2024-08-28 14:21:23,91700.0,200,Buy,235575561
2024-08-28 14:21:27,91700.0,100,Buy,235575689
2024-08-28 14:21:27,91700.0,100,Buy,235575688
2024-08-28 14:21:27,91700.0,100,Buy,235575687
2024-08-28 14:21:27,91700.0,200,Buy,235575685
2024-08-28 14:21:27,91700.0,200,Buy,235575674
2024-08-28 14:21:27,91700.0,100,Buy,235575677
2024-08-28 14:21:27,91700.0,100,Buy,235575676
2024-08-28 14:21:27,91700.0,300,Buy,235575675
2024-08-28 14:21:27,91700.0,100,Buy,235575678
2024-08-28 14:22:20,91700.0,100,Buy,235577291
2024-08-28 14:23:14,91700.0,200,Buy,235579054
2024-08-28 14:26:07,91700.0,600,Buy,235585612
2024-08-28 14:26:19,91600.0,4100,Sell,235586089
2024-08-28 14:26:19,91600.0,200,Sell,235586090
2024-08-28 14:26:19,91600.0,700,Sell,235586087
2024-08-28 14:26:19,91600.0,15000,Sell,235586088
2024-08-28 14:26:29,91700.0,100,Buy,235586594
2024-08-28 14:26:48,91700.0,100,Buy,235587446
2024-08-28 14:26:59,91700.0,200,Buy,235587903
2024-08-28 14:27:08,91700.0,100,Buy,235588320
2024-08-28 14:27:18,91700.0,100,Buy,235588720
2024-08-28 14:27:19,91600.0,900,Sell,235588749
2024-08-28 14:27:19,91600.0,100,Sell,235588750
2024-08-28 14:27:19,91600.0,500,Sell,235588751
2024-08-28 14:27:28,91600.0,100,Buy,235589118
2024-08-28 14:27:39,91600.0,100,Buy,235589694
2024-08-28 14:27:50,91600.0,100,Buy,235590076
2024-08-28 14:27:56,91600.0,500,Buy,235590347
2024-08-28 14:28:04,91600.0,400,Buy,235590628
2024-08-28 14:29:09,91600.0,1100,Buy,235593643
2024-08-28 14:29:10,91600.0,2200,Buy,235593650
2024-08-28 14:29:10,91600.0,700,Buy,235593651
2024-08-28 14:29:11,91600.0,1100,Buy,235593702
2024-08-28 14:29:11,91600.0,900,Buy,235593788
2024-08-28 14:29:11,91600.0,100,Buy,235593789
2024-08-28 14:29:11,91600.0,100,Buy,235593790
2024-08-28 14:29:12,91600.0,900,Buy,235593857
2024-08-28 14:29:20,91700.0,200,Buy,235594282
2024-08-28 14:29:52,91700.0,1200,Buy,235595705
2024-08-28 14:29:52,91700.0,1800,Buy,235595706
2024-08-28 14:29:52,91700.0,1000,Buy,235595708
2024-08-28 14:45:00,91100.0,194300,ATO/ATC,235596821
