time,price,volume,match_type,id
2024-07-19 09:14:40,88000.0,22600,ATO/ATC,224500979
2024-07-19 09:17:10,88100.0,200,Buy,224504795
2024-07-19 09:17:10,88100.0,300,Buy,224504796
2024-07-19 09:17:23,88100.0,400,Buy,224505217
2024-07-19 09:17:35,88100.0,300,Buy,224505547
2024-07-19 09:17:41,88100.0,200,Sell,224505729
2024-07-19 09:17:41,88000.0,300,Sell,224505730
2024-07-19 09:17:41,88000.0,100,Sell,224505731
2024-07-19 09:17:41,88000.0,100,Sell,224505732
2024-07-19 09:17:41,88000.0,900,Sell,224505733
2024-07-19 09:17:43,88300.0,100,Buy,224505833
2024-07-19 09:18:03,88000.0,200,Sell,224506448
2024-07-19 09:18:03,88000.0,300,Sell,224506449
2024-07-19 09:18:03,88000.0,100,Sell,224506446
2024-07-19 09:18:03,88000.0,1000,Sell,224506447
2024-07-19 09:18:34,88100.0,100,Sell,224507390
2024-07-19 09:19:40,88100.0,200,Sell,224509300
2024-07-19 09:19:40,88100.0,600,Sell,224509301
2024-07-19 09:19:40,88000.0,200,Sell,224509302
2024-07-19 09:19:49,88000.0,1000,Sell,224509627
2024-07-19 09:20:38,88100.0,100,Buy,224511044
2024-07-19 09:21:13,88100.0,100,Buy,224511929
2024-07-19 09:21:18,88100.0,100,Buy,224512065
2024-07-19 09:21:18,88100.0,200,Buy,224512064
2024-07-19 09:21:18,88100.0,100,Buy,224512070
2024-07-19 09:21:18,88100.0,900,Buy,224512062
2024-07-19 09:21:18,88100.0,300,Buy,224512063
2024-07-19 09:21:18,88100.0,200,Buy,224512058
2024-07-19 09:21:42,88100.0,100,Sell,224512893
2024-07-19 09:21:42,88100.0,100,Sell,224512890
2024-07-19 09:21:42,88100.0,100,Sell,224512891
2024-07-19 09:21:42,88100.0,100,Sell,224512892
2024-07-19 09:21:56,88100.0,100,Buy,224513207
2024-07-19 09:22:56,88100.0,200,Buy,224514659
2024-07-19 09:23:28,88100.0,100,Buy,224515620
2024-07-19 09:23:29,88100.0,300,Buy,224515636
2024-07-19 09:23:33,88100.0,100,Buy,224515683
2024-07-19 09:23:43,88000.0,300,Sell,224515885
2024-07-19 09:23:44,88100.0,100,Buy,224515914
2024-07-19 09:24:01,88100.0,700,Buy,224516303
2024-07-19 09:24:59,88300.0,100,Buy,224517542
2024-07-19 09:24:59,88300.0,200,Buy,224517544
2024-07-19 09:24:59,88300.0,200,Buy,224517545
2024-07-19 09:24:59,88500.0,100,Buy,224517546
2024-07-19 09:24:59,88500.0,4000,Buy,224517547
2024-07-19 09:24:59,88500.0,100,Buy,224517548
2024-07-19 09:24:59,88300.0,500,Buy,224517543
2024-07-19 09:25:21,88600.0,500,Buy,224518068
2024-07-19 09:25:21,88600.0,1100,Buy,224518069
2024-07-19 09:25:21,88600.0,100,Buy,224518070
2024-07-19 09:25:22,88600.0,300,Sell,224518093
2024-07-19 09:26:14,88600.0,1000,Sell,224519460
2024-07-19 09:26:15,88600.0,900,Sell,224519474
2024-07-19 09:27:37,88700.0,100,Buy,224521973
2024-07-19 09:27:37,88700.0,100,Buy,224521971
2024-07-19 09:27:37,88700.0,10000,Buy,224521970
2024-07-19 09:27:37,88700.0,1000,Buy,224521969
2024-07-19 09:27:37,88700.0,200,Buy,224521968
2024-07-19 09:27:37,88600.0,500,Buy,224521961
2024-07-19 09:27:37,88600.0,100,Buy,224521966
2024-07-19 09:27:37,88700.0,500,Buy,224521967
2024-07-19 09:27:37,88600.0,100,Buy,224521962
2024-07-19 09:27:37,88700.0,200,Buy,224521972
2024-07-19 09:27:37,88600.0,2000,Buy,224521964
2024-07-19 09:27:37,88600.0,500,Buy,224521965
2024-07-19 09:27:37,88600.0,500,Buy,224521963
2024-07-19 09:27:49,88700.0,100,Sell,224522407
2024-07-19 09:28:00,88700.0,300,Sell,224523039
2024-07-19 09:28:00,88700.0,700,Sell,224523040
2024-07-19 09:28:05,88800.0,100,Buy,224523213
2024-07-19 09:28:05,88800.0,300,Buy,224523214
2024-07-19 09:28:05,88800.0,500,Buy,224523215
2024-07-19 09:28:05,88800.0,100,Buy,224523216
2024-07-19 09:28:05,88800.0,300,Buy,224523217
2024-07-19 09:28:30,88600.0,200,Sell,224524182
2024-07-19 09:28:30,88600.0,600,Sell,224524183
2024-07-19 09:28:30,88600.0,100,Sell,224524180
2024-07-19 09:28:30,88600.0,200,Sell,224524179
2024-07-19 09:28:30,88600.0,100,Sell,224524178
2024-07-19 09:28:30,88600.0,400,Sell,224524181
2024-07-19 09:29:35,88600.0,700,Sell,224526600
2024-07-19 09:29:35,88600.0,200,Sell,224526601
2024-07-19 09:29:35,88600.0,400,Sell,224526602
2024-07-19 09:29:35,88600.0,200,Sell,224526603
2024-07-19 09:29:35,88600.0,500,Sell,224526604
2024-07-19 09:29:42,88700.0,200,Buy,224526830
2024-07-19 09:29:42,88700.0,2000,Buy,224526831
2024-07-19 09:29:52,88800.0,100,Buy,224527145
2024-07-19 09:30:28,88800.0,200,Buy,224528739
2024-07-19 09:30:28,88800.0,100,Buy,224528738
2024-07-19 09:30:32,88800.0,800,Buy,224528905
2024-07-19 09:30:32,88800.0,100,Buy,224528906
2024-07-19 09:30:32,88800.0,19100,Buy,224528907
2024-07-19 09:30:32,88800.0,400,Buy,224528915
2024-07-19 09:30:33,88700.0,500,Sell,224528955
2024-07-19 09:30:36,88800.0,200,Buy,224529074
2024-07-19 09:30:36,88800.0,200,Buy,224529078
2024-07-19 09:30:36,88800.0,200,Buy,224529077
2024-07-19 09:30:36,88800.0,100,Buy,224529075
2024-07-19 09:30:36,88800.0,700,Buy,224529073
2024-07-19 09:30:36,88800.0,1100,Buy,224529076
2024-07-19 09:30:36,88800.0,400,Buy,224529064
2024-07-19 09:30:36,88800.0,2000,Buy,224529060
2024-07-19 09:30:36,88800.0,100,Buy,224529061
2024-07-19 09:30:36,88800.0,600,Buy,224529065
2024-07-19 09:30:36,88800.0,100,Buy,224529062
2024-07-19 09:30:36,88800.0,500,Buy,224529059
2024-07-19 09:30:36,88800.0,300,Buy,224529063
2024-07-19 09:30:46,88800.0,100,Sell,224529580
2024-07-19 09:30:46,88800.0,400,Sell,224529581
2024-07-19 09:30:46,88800.0,600,Sell,224529582
2024-07-19 09:30:46,88800.0,900,Sell,224529583
2024-07-19 09:30:48,88800.0,200,Sell,224529702
2024-07-19 09:30:56,88800.0,500,Buy,224530107
2024-07-19 09:31:11,88700.0,1000,Sell,224530736
2024-07-19 09:31:11,88700.0,600,Sell,224530737
2024-07-19 09:31:19,88700.0,400,Sell,224531183
2024-07-19 09:31:20,88600.0,400,Sell,224531211
2024-07-19 09:31:20,88600.0,500,Sell,224531210
2024-07-19 09:31:30,88300.0,100,Sell,224531688
2024-07-19 09:31:30,88300.0,100,Sell,224531689
2024-07-19 09:31:30,88300.0,700,Sell,224531690
2024-07-19 09:31:30,88300.0,500,Sell,224531691
2024-07-19 09:31:30,88300.0,200,Sell,224531692
2024-07-19 09:31:41,88300.0,1000,Sell,224532260
2024-07-19 09:31:41,88300.0,600,Sell,224532261
2024-07-19 09:31:41,88300.0,400,Sell,224532262
2024-07-19 09:31:52,88300.0,1600,Sell,224532740
2024-07-19 09:32:11,88300.0,1500,Sell,224533748
2024-07-19 09:32:11,88300.0,100,Sell,224533749
2024-07-19 09:32:27,88600.0,200,Buy,224534523
2024-07-19 09:32:27,88600.0,500,Buy,224534524
2024-07-19 09:32:27,88700.0,1600,Buy,224534525
2024-07-19 09:32:27,88700.0,500,Buy,224534526
2024-07-19 09:32:27,88800.0,600,Buy,224534527
2024-07-19 09:32:27,88800.0,600,Buy,224534528
2024-07-19 09:32:33,88400.0,100,Sell,224534849
2024-07-19 09:32:33,88300.0,400,Sell,224534850
2024-07-19 09:32:33,88300.0,1000,Sell,224534851
2024-07-19 09:32:33,88300.0,100,Sell,224534852
2024-07-19 09:32:39,88300.0,100,Sell,224535227
2024-07-19 09:32:39,88300.0,1900,Sell,224535228
2024-07-19 09:32:51,88300.0,1600,Sell,224535782
2024-07-19 09:32:57,88300.0,500,Sell,224536179
2024-07-19 09:32:57,88300.0,1500,Sell,224536178
2024-07-19 09:33:03,88300.0,500,Sell,224536382
2024-07-19 09:33:14,88300.0,300,Sell,224537005
2024-07-19 09:33:14,88200.0,900,Sell,224537006
2024-07-19 09:33:14,88200.0,400,Sell,224537007
2024-07-19 09:33:32,88300.0,500,Sell,224537846
2024-07-19 09:33:32,88300.0,1100,Sell,224537847
2024-07-19 09:33:53,88700.0,500,Buy,224538704
2024-07-19 09:33:53,88700.0,500,Buy,224538705
2024-07-19 09:33:54,88300.0,100,Sell,224538771
2024-07-19 09:33:54,88300.0,400,Sell,224538770
2024-07-19 09:33:54,88300.0,1100,Sell,224538769
2024-07-19 09:34:13,88300.0,200,Sell,224539697
2024-07-19 09:34:13,88300.0,200,Sell,224539695
2024-07-19 09:34:13,88300.0,600,Sell,224539696
2024-07-19 09:34:14,88300.0,400,Sell,224539707
2024-07-19 09:34:14,88300.0,300,Sell,224539708
2024-07-19 09:34:14,88300.0,600,Sell,224539709
2024-07-19 09:34:14,88300.0,100,Sell,224539710
2024-07-19 09:34:14,88300.0,200,Sell,224539711
2024-07-19 09:34:19,88300.0,800,Sell,224539918
2024-07-19 09:34:19,88300.0,800,Sell,224539919
2024-07-19 09:34:40,88200.0,200,Sell,224540932
2024-07-19 09:34:40,88300.0,100,Sell,224540931
2024-07-19 09:34:40,88300.0,100,Sell,224540930
2024-07-19 09:34:40,88300.0,1200,Sell,224540929
2024-07-19 09:34:59,88300.0,100,Sell,224541723
2024-07-19 09:34:59,88200.0,400,Sell,224541724
2024-07-19 09:34:59,88200.0,400,Sell,224541725
2024-07-19 09:34:59,88300.0,100,Sell,224541722
2024-07-19 09:35:02,88200.0,1600,Sell,224541938
2024-07-19 09:35:21,88300.0,100,Sell,224542700
2024-07-19 09:35:21,88300.0,100,Sell,224542701
2024-07-19 09:35:21,88300.0,800,Sell,224542702
2024-07-19 09:35:21,88300.0,600,Sell,224542703
2024-07-19 09:38:33,88500.0,1000,Buy,224549008
2024-07-19 09:38:33,88500.0,200,Buy,224549009
2024-07-19 09:38:40,88500.0,800,Sell,224549226
2024-07-19 09:38:40,88500.0,200,Sell,224549227
2024-07-19 09:38:51,88500.0,300,Sell,224549590
2024-07-19 09:39:11,88500.0,200,Buy,224550148
2024-07-19 09:39:13,88500.0,600,Sell,224550230
2024-07-19 09:39:13,88400.0,100,Sell,224550231
2024-07-19 09:39:13,88400.0,200,Sell,224550232
2024-07-19 09:39:13,88400.0,300,Sell,224550233
2024-07-19 09:39:13,88400.0,100,Sell,224550234
2024-07-19 09:39:13,88400.0,300,Sell,224550235
2024-07-19 09:39:31,88400.0,100,Sell,224550707
2024-07-19 09:39:31,88400.0,500,Sell,224550708
2024-07-19 09:39:31,88400.0,200,Sell,224550705
2024-07-19 09:39:31,88400.0,600,Sell,224550704
2024-07-19 09:39:31,88400.0,200,Sell,224550706
2024-07-19 09:39:51,88400.0,700,Sell,224551280
2024-07-19 09:39:54,88400.0,400,Sell,224551364
2024-07-19 09:39:54,88300.0,1200,Sell,224551365
2024-07-19 09:40:14,88300.0,200,Sell,224551916
2024-07-19 09:40:21,88300.0,1600,Sell,224552130
2024-07-19 09:40:57,88300.0,100,Sell,224553184
2024-07-19 09:40:57,88300.0,1000,Sell,224553183
2024-07-19 09:40:57,88300.0,1100,Sell,224553182
2024-07-19 09:40:57,88300.0,400,Sell,224553180
2024-07-19 09:40:57,88300.0,200,Sell,224553181
2024-07-19 09:40:57,88300.0,1300,Sell,224553179
2024-07-19 09:40:57,88300.0,200,Sell,224553174
2024-07-19 09:40:57,88300.0,200,Sell,224553177
2024-07-19 09:40:57,88300.0,1400,Sell,224553171
2024-07-19 09:40:57,88300.0,600,Sell,224553172
2024-07-19 09:40:57,88300.0,200,Sell,224553178
2024-07-19 09:40:57,88300.0,400,Sell,224553175
2024-07-19 09:40:57,88300.0,100,Sell,224553176
2024-07-19 09:40:57,88300.0,2300,Sell,224553173
2024-07-19 09:41:41,88300.0,100,Buy,224554324
2024-07-19 09:41:43,88200.0,200,Sell,224554387
2024-07-19 09:41:46,88300.0,400,Buy,224554455
2024-07-19 09:42:39,88300.0,1000,Sell,224555750
2024-07-19 09:42:39,88300.0,100,Sell,224555749
2024-07-19 09:42:39,88300.0,300,Sell,224555748
2024-07-19 09:42:39,88300.0,600,Sell,224555747
2024-07-19 09:42:39,88300.0,700,Sell,224555745
2024-07-19 09:42:39,88300.0,300,Sell,224555744
2024-07-19 09:42:39,88300.0,400,Sell,224555742
2024-07-19 09:42:39,88300.0,100,Sell,224555741
2024-07-19 09:42:39,88300.0,400,Sell,224555746
2024-07-19 09:42:39,88300.0,2200,Sell,224555743
2024-07-19 09:43:27,88300.0,1000,Buy,224556935
2024-07-19 09:44:36,88200.0,300,Sell,224558866
2024-07-19 09:44:36,88200.0,200,Sell,224558867
2024-07-19 09:44:36,88200.0,700,Sell,224558864
2024-07-19 09:44:36,88200.0,300,Sell,224558863
2024-07-19 09:44:36,88200.0,400,Sell,224558862
2024-07-19 09:44:36,88200.0,100,Sell,224558865
2024-07-19 09:44:44,88300.0,100,Buy,224559078
2024-07-19 09:45:06,88300.0,100,Buy,224559640
2024-07-19 09:45:12,88300.0,2700,Buy,224559788
2024-07-19 09:45:12,88300.0,800,Buy,224559789
2024-07-19 09:45:16,88300.0,100,Buy,224559889
2024-07-19 09:45:23,88300.0,100,Buy,224560015
2024-07-19 09:45:32,88300.0,100,Buy,224560269
2024-07-19 09:47:47,88400.0,100,Buy,224563336
2024-07-19 09:47:48,88300.0,800,Sell,224563339
2024-07-19 09:48:02,88300.0,400,Buy,224563669
2024-07-19 09:49:05,88300.0,800,Sell,224565144
2024-07-19 09:49:48,88300.0,1100,Sell,224566099
2024-07-19 09:49:48,88300.0,2000,Sell,224566100
2024-07-19 09:49:48,88300.0,200,Sell,224566101
2024-07-19 09:50:36,88200.0,400,Sell,224567073
2024-07-19 09:50:36,88200.0,200,Sell,224567074
2024-07-19 09:51:45,88300.0,100,Buy,224568813
2024-07-19 09:52:07,88200.0,200,Sell,224569457
2024-07-19 09:52:07,88200.0,500,Sell,224569458
2024-07-19 09:52:07,88200.0,100,Sell,224569456
2024-07-19 09:52:07,88200.0,200,Sell,224569455
2024-07-19 09:53:11,88200.0,100,Sell,224571269
2024-07-19 09:53:16,88200.0,1400,Sell,224571490
2024-07-19 09:53:16,88200.0,600,Sell,224571491
2024-07-19 09:53:32,88200.0,1000,Sell,224571826
2024-07-19 09:53:36,88200.0,1600,Sell,224572118
2024-07-19 09:53:49,88200.0,1800,Sell,224572517
2024-07-19 09:53:49,88200.0,1900,Sell,224572518
2024-07-19 09:53:59,88200.0,1200,Sell,224572813
2024-07-19 09:54:43,88200.0,1000,Sell,224574136
2024-07-19 09:55:02,88200.0,400,Sell,224574582
2024-07-19 09:55:02,88200.0,100,Sell,224574581
2024-07-19 09:55:02,88200.0,100,Sell,224574580
2024-07-19 09:55:02,88200.0,500,Sell,224574579
2024-07-19 09:55:02,88200.0,2000,Sell,224574575
2024-07-19 09:55:02,88200.0,100,Sell,224574577
2024-07-19 09:55:02,88200.0,500,Sell,224574576
2024-07-19 09:55:02,88200.0,900,Sell,224574574
2024-07-19 09:55:02,88200.0,100,Sell,224574578
2024-07-19 09:55:29,88100.0,300,Sell,224575353
2024-07-19 09:55:29,88100.0,1300,Sell,224575354
2024-07-19 09:55:37,88100.0,400,Sell,224575618
2024-07-19 09:55:37,88100.0,500,Sell,224575616
2024-07-19 09:55:37,88100.0,300,Sell,224575617
2024-07-19 09:55:52,88100.0,100,Sell,224575956
2024-07-19 09:55:52,88100.0,100,Sell,224575957
2024-07-19 09:55:52,88100.0,300,Sell,224575958
2024-07-19 09:55:52,88100.0,200,Sell,224575959
2024-07-19 09:55:52,88100.0,500,Sell,224575960
2024-07-19 09:55:52,88100.0,400,Sell,224575961
2024-07-19 09:56:29,88200.0,300,Buy,224576988
2024-07-19 09:57:20,88200.0,100,Sell,224577898
2024-07-19 09:58:22,88200.0,100,Sell,224579373
2024-07-19 09:58:22,88200.0,900,Sell,224579372
2024-07-19 09:58:30,88200.0,2900,Sell,224579529
2024-07-19 09:58:30,88200.0,2100,Sell,224579530
2024-07-19 10:00:42,88200.0,100,Sell,224581886
2024-07-19 10:04:25,88200.0,300,Sell,224586356
2024-07-19 10:05:27,88200.0,100,Sell,224587829
2024-07-19 10:05:40,88200.0,300,Sell,224588126
2024-07-19 10:05:40,88200.0,200,Sell,224588127
2024-07-19 10:07:12,88200.0,100,Sell,224590038
2024-07-19 10:07:12,88200.0,1500,Sell,224590037
2024-07-19 10:07:12,88200.0,500,Sell,224590040
2024-07-19 10:07:12,88200.0,5000,Sell,224590039
2024-07-19 10:07:12,88200.0,100,Sell,224590036
2024-07-19 10:07:12,88200.0,3100,Sell,224590041
2024-07-19 10:07:12,88200.0,600,Sell,224590034
2024-07-19 10:07:12,88200.0,400,Sell,224590030
2024-07-19 10:07:12,88200.0,100,Sell,224590031
2024-07-19 10:07:12,88200.0,100,Sell,224590035
2024-07-19 10:07:12,88200.0,400,Sell,224590033
2024-07-19 10:07:12,88200.0,400,Sell,224590032
2024-07-19 10:09:45,88300.0,100,Buy,224594827
2024-07-19 10:09:48,88200.0,700,Sell,224594913
2024-07-19 10:10:02,88200.0,1200,Sell,224595563
2024-07-19 10:10:02,88200.0,400,Sell,224595564
2024-07-19 10:10:22,88200.0,100,Sell,224596341
2024-07-19 10:10:22,88200.0,1500,Sell,224596342
2024-07-19 10:11:42,88200.0,100,Sell,224598775
2024-07-19 10:12:11,88200.0,100,Sell,224599433
2024-07-19 10:12:48,88200.0,2000,Sell,224600118
2024-07-19 10:15:11,88200.0,400,Sell,224603542
2024-07-19 10:15:11,88200.0,100,Sell,224603541
2024-07-19 10:15:11,88200.0,200,Sell,224603539
2024-07-19 10:15:11,88200.0,1000,Sell,224603540
2024-07-19 10:15:11,88200.0,1300,Sell,224603538
2024-07-19 10:16:00,88300.0,3000,Buy,224604377
2024-07-19 10:16:42,88300.0,2700,Buy,224605444
2024-07-19 10:16:42,88300.0,3500,Buy,224605441
2024-07-19 10:16:42,88300.0,100,Buy,224605442
2024-07-19 10:16:42,88300.0,500,Buy,224605443
2024-07-19 10:18:01,88400.0,100,Buy,224607185
2024-07-19 10:18:01,88400.0,900,Buy,224607184
2024-07-19 10:18:26,88400.0,300,Buy,224607682
2024-07-19 10:21:05,88400.0,300,Buy,224611253
2024-07-19 10:21:07,88400.0,4000,Buy,224611288
2024-07-19 10:21:27,88300.0,200,Sell,224611900
2024-07-19 10:21:28,88300.0,1400,Sell,224611904
2024-07-19 10:21:47,88300.0,800,Sell,224612394
2024-07-19 10:21:47,88300.0,400,Sell,224612395
2024-07-19 10:21:47,88300.0,300,Sell,224612396
2024-07-19 10:21:47,88300.0,100,Sell,224612397
2024-07-19 10:23:57,88300.0,600,Sell,224615923
2024-07-19 10:23:57,88300.0,100,Sell,224615924
2024-07-19 10:23:57,88300.0,500,Sell,224615925
2024-07-19 10:24:13,88300.0,400,Sell,224616316
2024-07-19 10:24:13,88300.0,400,Sell,224616315
2024-07-19 10:24:13,88300.0,300,Sell,224616314
2024-07-19 10:24:13,88300.0,100,Sell,224616313
2024-07-19 10:24:20,88300.0,100,Sell,224616587
2024-07-19 10:24:20,88300.0,100,Sell,224616579
2024-07-19 10:24:20,88300.0,100,Sell,224616580
2024-07-19 10:24:20,88300.0,100,Sell,224616581
2024-07-19 10:24:20,88300.0,100,Sell,224616582
2024-07-19 10:24:20,88300.0,100,Sell,224616583
2024-07-19 10:24:20,88300.0,900,Sell,224616584
2024-07-19 10:24:20,88300.0,100,Sell,224616585
2024-07-19 10:24:20,88300.0,100,Sell,224616586
2024-07-19 10:24:29,88300.0,100,Buy,224616798
2024-07-19 10:29:21,88300.0,100,Sell,224623521
2024-07-19 10:29:21,88300.0,100,Sell,224623520
2024-07-19 10:29:48,88300.0,100,Buy,224624055
2024-07-19 10:30:00,88300.0,100,Buy,224624236
2024-07-19 10:30:04,88300.0,100,Buy,224624322
2024-07-19 10:30:24,88300.0,100,Buy,224624661
2024-07-19 10:30:58,88200.0,200,Sell,224625276
2024-07-19 10:31:03,88300.0,800,Buy,224625389
2024-07-19 10:31:03,88300.0,6900,Buy,224625390
2024-07-19 10:32:54,88300.0,200,Sell,224627421
2024-07-19 10:32:54,88300.0,700,Sell,224627422
2024-07-19 10:32:54,88300.0,400,Sell,224627423
2024-07-19 10:32:54,88300.0,200,Sell,224627424
2024-07-19 10:33:42,88300.0,1000,Sell,224628821
2024-07-19 10:33:42,88300.0,300,Sell,224628820
2024-07-19 10:33:42,88300.0,100,Sell,224628817
2024-07-19 10:33:42,88300.0,600,Sell,224628818
2024-07-19 10:33:42,88300.0,400,Sell,224628819
2024-07-19 10:33:42,88300.0,100,Sell,224628816
2024-07-19 10:34:33,88300.0,1000,Sell,224630330
2024-07-19 10:35:45,88300.0,200,Sell,224631751
2024-07-19 10:36:05,88300.0,200,Sell,224632171
2024-07-19 10:36:22,88300.0,200,Sell,224632442
2024-07-19 10:38:53,88300.0,200,Sell,224635377
2024-07-19 10:39:03,88400.0,1800,Buy,224635574
2024-07-19 10:39:03,88400.0,5300,Buy,224635573
2024-07-19 10:39:35,88400.0,1600,Buy,224636155
2024-07-19 10:40:04,88400.0,100,Buy,224636594
2024-07-19 10:41:17,88400.0,3000,Buy,224637640
2024-07-19 10:41:25,88400.0,100,Buy,224637758
2024-07-19 10:41:38,88400.0,600,Buy,224637917
2024-07-19 10:41:40,88400.0,100,Buy,224637946
2024-07-19 10:41:44,88400.0,100,Buy,224637998
2024-07-19 10:41:45,88400.0,200,Buy,224638009
2024-07-19 10:41:45,88400.0,200,Buy,224638007
2024-07-19 10:41:45,88400.0,1000,Buy,224638006
2024-07-19 10:41:45,88400.0,200,Buy,224638008
2024-07-19 10:41:45,88400.0,200,Buy,224638004
2024-07-19 10:41:45,88400.0,500,Buy,224638003
2024-07-19 10:41:45,88400.0,2600,Buy,224638002
2024-07-19 10:41:45,88400.0,100,Buy,224638005
2024-07-19 10:42:04,88400.0,100,Sell,224638308
2024-07-19 10:42:32,88400.0,100,Sell,224638932
2024-07-19 10:43:51,88500.0,1000,Buy,224640222
2024-07-19 10:45:33,88400.0,800,Sell,224642491
2024-07-19 10:45:33,88400.0,1000,Sell,224642492
2024-07-19 10:45:33,88400.0,900,Sell,224642493
2024-07-19 10:47:05,88300.0,1100,Sell,224644706
2024-07-19 10:47:05,88300.0,2200,Sell,224644705
2024-07-19 10:47:05,88300.0,300,Sell,224644704
2024-07-19 10:47:05,88300.0,100,Sell,224644701
2024-07-19 10:47:05,88300.0,400,Sell,224644703
2024-07-19 10:47:05,88300.0,600,Sell,224644702
2024-07-19 10:47:05,88300.0,200,Sell,224644696
2024-07-19 10:47:05,88300.0,600,Sell,224644697
2024-07-19 10:47:05,88300.0,700,Sell,224644700
2024-07-19 10:47:05,88300.0,300,Sell,224644699
2024-07-19 10:47:05,88300.0,400,Sell,224644698
2024-07-19 10:48:02,88300.0,1900,Sell,224646177
2024-07-19 10:48:02,88200.0,400,Sell,224646178
2024-07-19 10:50:07,88200.0,500,Sell,224649737
2024-07-19 10:50:43,88200.0,400,Sell,224650623
2024-07-19 10:51:00,88200.0,2000,Sell,224651016
2024-07-19 10:51:10,88200.0,2000,Sell,224651352
2024-07-19 10:51:28,88200.0,500,Sell,224651736
2024-07-19 10:52:16,88200.0,500,Sell,224653062
2024-07-19 10:52:16,88200.0,1800,Sell,224653064
2024-07-19 10:52:16,88200.0,100,Sell,224653065
2024-07-19 10:52:16,88200.0,300,Sell,224653066
2024-07-19 10:52:16,88200.0,100,Sell,224653070
2024-07-19 10:52:16,88200.0,400,Sell,224653068
2024-07-19 10:52:16,88200.0,5000,Sell,224653069
2024-07-19 10:52:16,88200.0,1000,Sell,224653061
2024-07-19 10:52:16,88200.0,200,Sell,224653067
2024-07-19 10:52:16,88200.0,200,Sell,224653060
2024-07-19 10:52:16,88200.0,5000,Sell,224653063
2024-07-19 10:52:16,88200.0,5000,Sell,224653058
2024-07-19 10:52:16,88200.0,600,Sell,224653057
2024-07-19 10:52:16,88200.0,200,Sell,224653056
2024-07-19 10:52:16,88200.0,3600,Sell,224653048
2024-07-19 10:52:16,88200.0,400,Sell,224653055
2024-07-19 10:52:16,88200.0,300,Sell,224653054
2024-07-19 10:52:16,88200.0,600,Sell,224653053
2024-07-19 10:52:16,88200.0,300,Sell,224653052
2024-07-19 10:52:16,88200.0,2200,Sell,224653051
2024-07-19 10:52:16,88200.0,400,Sell,224653050
2024-07-19 10:52:16,88200.0,300,Sell,224653049
2024-07-19 10:52:16,88200.0,500,Sell,224653059
2024-07-19 10:52:31,88200.0,1200,Sell,224653391
2024-07-19 10:52:31,88200.0,100,Sell,224653390
2024-07-19 10:52:31,88200.0,400,Sell,224653388
2024-07-19 10:52:31,88200.0,100,Sell,224653387
2024-07-19 10:52:31,88200.0,900,Sell,224653386
2024-07-19 10:52:31,88200.0,300,Sell,224653389
2024-07-19 10:57:41,88200.0,100,Sell,224660591
2024-07-19 10:57:41,88200.0,400,Sell,224660592
2024-07-19 10:57:55,88200.0,100,Sell,224660868
2024-07-19 10:59:22,88200.0,100,Sell,224662433
2024-07-19 11:00:40,88200.0,600,Sell,224663802
2024-07-19 11:00:40,88200.0,2200,Sell,224663806
2024-07-19 11:00:40,88200.0,400,Sell,224663805
2024-07-19 11:00:40,88200.0,600,Sell,224663804
2024-07-19 11:00:40,88200.0,400,Sell,224663803
2024-07-19 11:00:40,88200.0,400,Sell,224663801
2024-07-19 11:00:40,88200.0,1000,Sell,224663807
2024-07-19 11:00:40,88200.0,300,Sell,224663799
2024-07-19 11:00:40,88200.0,100,Sell,224663798
2024-07-19 11:00:40,88200.0,1000,Sell,224663797
2024-07-19 11:00:40,88200.0,500,Sell,224663796
2024-07-19 11:00:40,88200.0,200,Sell,224663795
2024-07-19 11:00:40,88200.0,200,Sell,224663794
2024-07-19 11:00:40,88200.0,100,Sell,224663800
2024-07-19 11:04:50,88200.0,600,Sell,224667952
2024-07-19 11:07:15,88200.0,100,Sell,224671374
2024-07-19 11:07:15,88200.0,100,Sell,224671375
2024-07-19 11:09:05,88100.0,200,Sell,224674166
2024-07-19 11:09:15,88100.0,4000,Sell,224674532
2024-07-19 11:09:15,88100.0,5000,Sell,224674533
2024-07-19 11:09:15,88100.0,200,Sell,224674534
2024-07-19 11:09:15,88100.0,100,Sell,224674535
2024-07-19 11:09:15,88100.0,300,Sell,224674560
2024-07-19 11:09:15,88100.0,1000,Sell,224674537
2024-07-19 11:09:15,88100.0,100,Sell,224674538
2024-07-19 11:09:15,88100.0,2000,Sell,224674530
2024-07-19 11:09:15,88100.0,1000,Sell,224674536
2024-07-19 11:09:15,88100.0,1000,Sell,224674529
2024-07-19 11:09:15,88100.0,1000,Sell,224674539
2024-07-19 11:09:15,88100.0,600,Sell,224674527
2024-07-19 11:09:15,88100.0,100,Sell,224674519
2024-07-19 11:09:15,88100.0,2200,Sell,224674520
2024-07-19 11:09:15,88100.0,400,Sell,224674521
2024-07-19 11:09:15,88100.0,300,Sell,224674522
2024-07-19 11:09:15,88100.0,9400,Sell,224674518
2024-07-19 11:09:15,88100.0,400,Sell,224674524
2024-07-19 11:09:15,88100.0,300,Sell,224674525
2024-07-19 11:09:15,88100.0,200,Sell,224674526
2024-07-19 11:09:15,88100.0,600,Sell,224674523
2024-07-19 11:09:15,88100.0,100,Sell,224674528
2024-07-19 11:10:33,88100.0,700,Sell,224678256
2024-07-19 11:10:33,88100.0,300,Sell,224678257
2024-07-19 11:10:33,88100.0,100,Sell,224678258
2024-07-19 11:10:33,88100.0,200,Sell,224678259
2024-07-19 11:10:33,88100.0,100,Sell,224678260
2024-07-19 11:10:33,88100.0,400,Sell,224678261
2024-07-19 11:10:33,88100.0,200,Sell,224678262
2024-07-19 11:10:45,88100.0,100,Sell,224678773
2024-07-19 11:10:45,88100.0,1300,Sell,224678772
2024-07-19 11:10:45,88100.0,200,Sell,224678770
2024-07-19 11:10:45,88100.0,400,Sell,224678771
2024-07-19 11:12:17,88100.0,100,Sell,224682076
2024-07-19 11:12:17,88100.0,100,Sell,224682077
2024-07-19 11:12:17,88100.0,100,Sell,224682078
2024-07-19 11:12:17,88100.0,100,Sell,224682079
2024-07-19 11:12:21,88100.0,1000,Buy,224682208
2024-07-19 11:13:14,88000.0,100,Sell,224684085
2024-07-19 11:13:14,88000.0,100,Sell,224684086
2024-07-19 11:13:14,88000.0,100,Sell,224684087
2024-07-19 11:13:14,88000.0,200,Sell,224684088
2024-07-19 11:13:14,88000.0,100,Sell,224684089
2024-07-19 11:13:14,88000.0,100,Sell,224684092
2024-07-19 11:13:14,88000.0,200,Sell,224684091
2024-07-19 11:13:14,88000.0,300,Sell,224684084
2024-07-19 11:13:14,88000.0,100,Sell,224684093
2024-07-19 11:13:14,88000.0,4100,Sell,224684094
2024-07-19 11:13:14,88000.0,100,Sell,224684090
2024-07-19 11:13:14,88000.0,200,Sell,224684083
2024-07-19 11:13:14,88000.0,1000,Sell,224684072
2024-07-19 11:13:14,88000.0,100,Sell,224684081
2024-07-19 11:13:14,88000.0,900,Sell,224684082
2024-07-19 11:13:14,88000.0,100,Sell,224684071
2024-07-19 11:13:14,88000.0,900,Sell,224684073
2024-07-19 11:13:14,88000.0,200,Sell,224684074
2024-07-19 11:13:14,88000.0,300,Sell,224684075
2024-07-19 11:13:14,88000.0,200,Sell,224684070
2024-07-19 11:13:14,88000.0,100,Sell,224684077
2024-07-19 11:13:14,88000.0,100,Sell,224684076
2024-07-19 11:13:14,88000.0,100,Sell,224684080
2024-07-19 11:13:14,88000.0,100,Sell,224684078
2024-07-19 11:13:14,88000.0,200,Sell,224684079
2024-07-19 11:13:27,88000.0,900,Sell,224684509
2024-07-19 11:13:27,88000.0,100,Sell,224684510
2024-07-19 11:13:27,88000.0,100,Sell,224684511
2024-07-19 11:13:27,88000.0,400,Sell,224684512
2024-07-19 11:13:27,88000.0,100,Sell,224684513
2024-07-19 11:13:50,88000.0,400,Sell,224685124
2024-07-19 11:14:20,88000.0,500,Sell,224685917
2024-07-19 11:15:18,88000.0,200,Sell,224687851
2024-07-19 11:15:18,88000.0,100,Sell,224687850
2024-07-19 11:15:18,88000.0,100,Sell,224687849
2024-07-19 11:15:18,88000.0,100,Sell,224687848
2024-07-19 11:15:38,88000.0,100,Sell,224688400
2024-07-19 11:15:38,88000.0,200,Sell,224688401
2024-07-19 11:15:38,88000.0,500,Sell,224688402
2024-07-19 11:15:38,88000.0,100,Sell,224688403
2024-07-19 11:15:38,88000.0,100,Sell,224688404
2024-07-19 11:15:54,88000.0,300,Sell,224688756
2024-07-19 11:17:58,88000.0,1000,Sell,224691528
2024-07-19 11:18:18,88000.0,100,Sell,224692008
2024-07-19 11:18:20,88000.0,600,Sell,224692045
2024-07-19 11:18:20,88000.0,400,Sell,224692046
2024-07-19 11:19:20,88100.0,3600,Buy,224693248
2024-07-19 11:19:20,88100.0,1500,Buy,224693249
2024-07-19 11:19:20,88100.0,100,Buy,224693250
2024-07-19 11:19:20,88100.0,4800,Buy,224693251
2024-07-19 11:19:21,88100.0,200,Buy,224693292
2024-07-19 11:19:21,88200.0,100,Buy,224693293
2024-07-19 11:19:35,88000.0,100,Sell,224693592
2024-07-19 11:19:35,88000.0,200,Sell,224693593
2024-07-19 11:19:35,88000.0,500,Sell,224693594
2024-07-19 11:19:35,88000.0,500,Sell,224693595
2024-07-19 11:19:35,88000.0,1400,Sell,224693604
2024-07-19 11:19:35,88000.0,100,Sell,224693596
2024-07-19 11:19:35,88000.0,2000,Sell,224693599
2024-07-19 11:19:35,88000.0,200,Sell,224693598
2024-07-19 11:19:35,88000.0,100,Sell,224693591
2024-07-19 11:19:35,88000.0,100,Sell,224693600
2024-07-19 11:19:35,88000.0,1000,Sell,224693601
2024-07-19 11:19:35,88000.0,100,Sell,224693602
2024-07-19 11:19:35,88000.0,500,Sell,224693603
2024-07-19 11:19:35,88000.0,100,Sell,224693597
2024-07-19 11:19:35,88000.0,1000,Sell,224693590
2024-07-19 11:19:35,88000.0,2000,Sell,224693576
2024-07-19 11:19:35,88000.0,100,Sell,224693588
2024-07-19 11:19:35,88000.0,500,Sell,224693589
2024-07-19 11:19:35,88000.0,600,Sell,224693567
2024-07-19 11:19:35,88000.0,1000,Sell,224693568
2024-07-19 11:19:35,88000.0,1000,Sell,224693569
2024-07-19 11:19:35,88000.0,200,Sell,224693570
2024-07-19 11:19:35,88000.0,500,Sell,224693571
2024-07-19 11:19:35,88000.0,500,Sell,224693573
2024-07-19 11:19:35,88000.0,200,Sell,224693572
2024-07-19 11:19:35,88000.0,1000,Sell,224693575
2024-07-19 11:19:35,88000.0,700,Sell,224693577
2024-07-19 11:19:35,88000.0,200,Sell,224693578
2024-07-19 11:19:35,88000.0,500,Sell,224693579
2024-07-19 11:19:35,88000.0,2000,Sell,224693586
2024-07-19 11:19:35,88000.0,1000,Sell,224693574
2024-07-19 11:19:35,88000.0,100,Sell,224693587
2024-07-19 11:20:42,88100.0,500,Sell,224694895
2024-07-19 11:21:30,88100.0,700,Sell,224695928
2024-07-19 11:22:13,88100.0,400,Sell,224696675
2024-07-19 11:22:30,88100.0,600,Sell,224697003
2024-07-19 11:22:43,88100.0,200,Sell,224697220
2024-07-19 11:23:29,88100.0,500,Sell,224697937
2024-07-19 11:24:47,88300.0,100,Buy,224699303
2024-07-19 11:24:47,88200.0,4900,Buy,224699293
2024-07-19 11:24:47,88200.0,600,Buy,224699294
2024-07-19 11:24:47,88200.0,200,Buy,224699295
2024-07-19 11:24:47,88200.0,500,Buy,224699296
2024-07-19 11:24:47,88200.0,200,Buy,224699297
2024-07-19 11:24:47,88300.0,1100,Buy,224699298
2024-07-19 11:24:47,88300.0,1000,Buy,224699299
2024-07-19 11:24:47,88300.0,500,Buy,224699300
2024-07-19 11:24:47,88300.0,500,Buy,224699301
2024-07-19 11:24:47,88300.0,100,Buy,224699302
2024-07-19 11:26:03,88300.0,5000,Sell,224700502
2024-07-19 11:26:03,88300.0,300,Sell,224700501
2024-07-19 11:26:28,88300.0,200,Buy,224700912
2024-07-19 11:27:41,88300.0,200,Sell,224702058
2024-07-19 11:28:02,88300.0,700,Sell,224702316
2024-07-19 11:28:39,88300.0,200,Sell,224702816
2024-07-19 11:28:59,88300.0,200,Sell,224703105
2024-07-19 11:29:05,88300.0,200,Sell,224703169
2024-07-19 11:29:15,88300.0,300,Sell,224703282
2024-07-19 11:29:15,88300.0,100,Sell,224703283
2024-07-19 12:59:37,88300.0,900,Sell,224703727
2024-07-19 12:59:37,88300.0,4100,Sell,224703728
2024-07-19 12:59:37,88300.0,100,Sell,224703729
2024-07-19 12:59:38,88300.0,800,Sell,224703976
2024-07-19 12:59:39,88300.0,300,Sell,224704537
2024-07-19 12:59:39,88300.0,200,Buy,224704535
2024-07-19 12:59:39,88300.0,100,Buy,224704536
2024-07-19 12:59:40,88300.0,100,Sell,224704939
2024-07-19 12:59:40,88300.0,100,Sell,224704940
2024-07-19 12:59:42,88300.0,200,Sell,224705428
2024-07-19 12:59:42,88300.0,100,Sell,224705429
2024-07-19 12:59:42,88200.0,4700,Sell,224705430
2024-07-19 12:59:44,88300.0,400,Sell,224706128
2024-07-19 12:59:45,88300.0,200,Sell,224706454
2024-07-19 12:59:51,88300.0,300,Sell,224707913
2024-07-19 12:59:57,88200.0,2200,Sell,224708435
2024-07-19 12:59:57,88200.0,100,Sell,224708439
2024-07-19 12:59:57,88200.0,100,Sell,224708438
2024-07-19 12:59:57,88200.0,300,Sell,224708437
2024-07-19 12:59:57,88200.0,700,Sell,224708436
2024-07-19 12:59:57,88200.0,400,Sell,224708434
2024-07-19 12:59:57,88200.0,200,Sell,224708431
2024-07-19 12:59:57,88200.0,700,Sell,224708432
2024-07-19 12:59:57,88300.0,100,Sell,224708418
2024-07-19 12:59:57,88200.0,400,Sell,224708430
2024-07-19 12:59:57,88200.0,300,Sell,224708429
2024-07-19 12:59:57,88300.0,100,Sell,224708428
2024-07-19 12:59:57,88300.0,100,Sell,224708427
2024-07-19 12:59:57,88200.0,100,Sell,224708433
2024-07-19 12:59:58,88200.0,2000,Buy,224708478
2024-07-19 12:59:59,88200.0,2500,Buy,224708697
2024-07-19 13:00:30,88100.0,300,Sell,224710527
2024-07-19 13:01:39,88100.0,100,Sell,224714240
2024-07-19 13:02:07,88100.0,1000,Sell,224715422
2024-07-19 13:03:05,88200.0,1700,Buy,224717887
2024-07-19 13:03:24,88200.0,1000,Buy,224718507
2024-07-19 13:03:24,88200.0,1700,Buy,224718513
2024-07-19 13:03:57,88100.0,700,Sell,224719622
2024-07-19 13:03:57,88100.0,3700,Sell,224719623
2024-07-19 13:04:07,88100.0,1000,Sell,224719995
2024-07-19 13:05:11,88100.0,100,Sell,224722307
2024-07-19 13:05:30,88100.0,200,Sell,224722893
2024-07-19 13:05:38,88100.0,100,Sell,224723092
2024-07-19 13:05:38,88100.0,200,Sell,224723093
2024-07-19 13:05:58,88100.0,200,Sell,224723825
2024-07-19 13:05:58,88100.0,100,Sell,224723826
2024-07-19 13:06:10,88100.0,400,Sell,224724102
2024-07-19 13:06:10,88100.0,400,Sell,224724101
2024-07-19 13:06:10,88100.0,200,Sell,224724098
2024-07-19 13:06:10,88100.0,100,Sell,224724099
2024-07-19 13:06:10,88100.0,600,Sell,224724100
2024-07-19 13:06:17,88100.0,1400,Sell,224724289
2024-07-19 13:06:17,88100.0,600,Sell,224724288
2024-07-19 13:06:21,88100.0,100,Sell,224724418
2024-07-19 13:06:36,88100.0,700,Sell,224724878
2024-07-19 13:06:36,88100.0,100,Sell,224724879
2024-07-19 13:06:36,88100.0,100,Sell,224724880
2024-07-19 13:06:36,88100.0,1700,Sell,224724881
2024-07-19 13:06:36,88100.0,1700,Sell,224724882
2024-07-19 13:06:36,88100.0,700,Sell,224724883
2024-07-19 13:08:15,88200.0,1700,Buy,224727827
2024-07-19 13:08:39,88200.0,100,Buy,224728549
2024-07-19 13:08:45,88200.0,3000,Buy,224728685
2024-07-19 13:08:51,88200.0,14000,Buy,224728944
2024-07-19 13:09:03,88200.0,400,Buy,224729255
2024-07-19 13:09:03,88200.0,700,Buy,224729256
2024-07-19 13:09:03,88200.0,300,Buy,224729257
2024-07-19 13:09:03,88200.0,100,Buy,224729258
2024-07-19 13:09:03,88200.0,400,Buy,224729271
2024-07-19 13:09:03,88200.0,600,Buy,224729274
2024-07-19 13:09:03,88200.0,300,Buy,224729275
2024-07-19 13:09:03,88200.0,2200,Buy,224729276
2024-07-19 13:09:10,88100.0,100,Sell,224729436
2024-07-19 13:09:39,88100.0,200,Sell,224730327
2024-07-19 13:09:39,88100.0,300,Sell,224730328
2024-07-19 13:09:50,88100.0,500,Sell,224730636
2024-07-19 13:10:14,88100.0,100,Sell,224731437
2024-07-19 13:11:48,88100.0,800,Sell,224734049
2024-07-19 13:11:48,88100.0,200,Sell,224734050
2024-07-19 13:11:53,88100.0,1200,Sell,224734206
2024-07-19 13:11:53,88100.0,500,Sell,224734205
2024-07-19 13:11:53,88100.0,100,Sell,224734203
2024-07-19 13:11:53,88100.0,400,Sell,224734202
2024-07-19 13:11:53,88100.0,300,Sell,224734201
2024-07-19 13:11:53,88100.0,1700,Sell,224734204
2024-07-19 13:11:53,88100.0,600,Sell,224734199
2024-07-19 13:11:53,88100.0,200,Sell,224734198
2024-07-19 13:11:53,88100.0,700,Sell,224734197
2024-07-19 13:11:53,88100.0,200,Sell,224734196
2024-07-19 13:11:53,88100.0,400,Sell,224734195
2024-07-19 13:11:53,88100.0,1500,Sell,224734194
2024-07-19 13:11:53,88100.0,2200,Sell,224734200
2024-07-19 13:12:15,88000.0,300,Sell,224734805
2024-07-19 13:12:15,88000.0,1000,Sell,224734798
2024-07-19 13:12:15,88000.0,2200,Sell,224734804
2024-07-19 13:12:15,88000.0,600,Sell,224734803
2024-07-19 13:12:15,88000.0,600,Sell,224734802
2024-07-19 13:12:15,88000.0,200,Sell,224734801
2024-07-19 13:12:15,88000.0,300,Sell,224734800
2024-07-19 13:12:15,88000.0,5000,Sell,224734799
2024-07-19 13:12:15,88000.0,4100,Sell,224734797
2024-07-19 13:12:15,88100.0,100,Sell,224734787
2024-07-19 13:12:15,88000.0,100,Sell,224734795
2024-07-19 13:12:15,88100.0,800,Sell,224734786
2024-07-19 13:12:15,88100.0,100,Sell,224734788
2024-07-19 13:12:15,88000.0,600,Sell,224734789
2024-07-19 13:12:15,88000.0,100,Sell,224734790
2024-07-19 13:12:15,88000.0,200,Sell,224734796
2024-07-19 13:12:15,88000.0,100,Sell,224734792
2024-07-19 13:12:15,88000.0,100,Sell,224734794
2024-07-19 13:12:15,88000.0,100,Sell,224734791
2024-07-19 13:12:15,88000.0,500,Sell,224734793
2024-07-19 13:12:16,88000.0,400,Sell,224734811
2024-07-19 13:12:16,88000.0,400,Sell,224734812
2024-07-19 13:12:16,88000.0,100,Sell,224734813
2024-07-19 13:12:16,88000.0,100,Sell,224734814
2024-07-19 13:12:16,88000.0,100,Sell,224734815
2024-07-19 13:12:16,88000.0,1800,Sell,224734816
2024-07-19 13:12:30,88100.0,2000,Buy,224735205
2024-07-19 13:12:31,88000.0,400,Sell,224735241
2024-07-19 13:12:35,88000.0,100,Sell,224735366
2024-07-19 13:12:53,88000.0,400,Sell,224735833
2024-07-19 13:13:05,88100.0,100,Buy,224736217
2024-07-19 13:13:13,88000.0,400,Sell,224736371
2024-07-19 13:13:26,88000.0,500,Sell,224736769
2024-07-19 13:13:26,88000.0,1900,Sell,224736768
2024-07-19 13:13:33,88000.0,1000,Sell,224737010
2024-07-19 13:13:34,88000.0,400,Sell,224737028
2024-07-19 13:13:45,88000.0,1000,Sell,224737368
2024-07-19 13:13:45,88100.0,100,Buy,224737395
2024-07-19 13:13:53,88000.0,300,Sell,224737693
2024-07-19 13:13:53,88000.0,100,Sell,224737692
2024-07-19 13:13:58,88000.0,9900,Sell,224737874
2024-07-19 13:14:13,88000.0,500,Sell,224738253
2024-07-19 13:14:14,88000.0,1000,Sell,224738388
2024-07-19 13:14:21,88000.0,1000,Sell,224738646
2024-07-19 13:14:33,88000.0,1000,Sell,224739106
2024-07-19 13:14:35,88000.0,400,Sell,224739180
2024-07-19 13:14:36,88000.0,2000,Sell,224739364
2024-07-19 13:14:36,88000.0,1000,Sell,224739363
2024-07-19 13:14:36,88000.0,100,Sell,224739362
2024-07-19 13:14:36,88000.0,300,Sell,224739361
2024-07-19 13:14:36,88000.0,100,Sell,224739358
2024-07-19 13:14:36,88000.0,100,Sell,224739359
2024-07-19 13:14:36,88000.0,100,Sell,224739357
2024-07-19 13:14:36,88000.0,400,Sell,224739360
2024-07-19 13:14:36,88000.0,5900,Sell,224739356
2024-07-19 13:14:51,88000.0,1000,Sell,224739973
2024-07-19 13:14:51,88000.0,1000,Sell,224739972
2024-07-19 13:14:53,88000.0,1000,Sell,224740044
2024-07-19 13:14:56,88000.0,400,Sell,224740152
2024-07-19 13:15:05,88000.0,600,Sell,224740419
2024-07-19 13:15:05,88000.0,400,Sell,224740420
2024-07-19 13:15:08,88100.0,100,Buy,224740544
2024-07-19 13:15:16,88000.0,400,Sell,224740746
2024-07-19 13:15:36,88000.0,500,Sell,224741397
2024-07-19 13:15:58,88000.0,500,Sell,224742110
2024-07-19 13:16:09,88000.0,1200,Sell,224742436
2024-07-19 13:16:09,88000.0,1200,Sell,224742435
2024-07-19 13:16:09,88000.0,400,Sell,224742434
2024-07-19 13:16:09,88000.0,700,Sell,224742433
2024-07-19 13:16:09,88000.0,300,Sell,224742431
2024-07-19 13:16:09,88000.0,900,Sell,224742430
2024-07-19 13:16:09,88000.0,700,Sell,224742429
2024-07-19 13:16:09,88000.0,100,Sell,224742428
2024-07-19 13:16:09,88000.0,200,Sell,224742427
2024-07-19 13:16:09,88000.0,1300,Sell,224742432
2024-07-19 13:16:19,88000.0,1900,Sell,224742727
2024-07-19 13:16:19,88000.0,400,Sell,224742738
2024-07-19 13:16:22,88000.0,800,Sell,224742809
2024-07-19 13:16:22,88000.0,100,Sell,224742807
2024-07-19 13:16:22,88000.0,2000,Sell,224742808
2024-07-19 13:16:22,88000.0,2300,Sell,224742805
2024-07-19 13:16:22,88000.0,1000,Sell,224742804
2024-07-19 13:16:22,88000.0,800,Sell,224742806
2024-07-19 13:16:34,88000.0,500,Sell,224743175
2024-07-19 13:16:41,88000.0,500,Sell,224743392
2024-07-19 13:17:02,88000.0,200,Sell,224743991
2024-07-19 13:17:19,88000.0,300,Buy,224744412
2024-07-19 13:17:24,88000.0,500,Sell,224744550
2024-07-19 13:17:25,88000.0,200,Sell,224744571
2024-07-19 13:17:44,88000.0,100,Buy,224745003
2024-07-19 13:17:45,87900.0,200,Sell,224745070
2024-07-19 13:17:45,87900.0,200,Sell,224745071
2024-07-19 13:18:05,87900.0,600,Sell,224745571
2024-07-19 13:18:05,87900.0,100,Sell,224745569
2024-07-19 13:18:05,87900.0,100,Sell,224745570
2024-07-19 13:18:07,87900.0,400,Sell,224745662
2024-07-19 13:18:11,88000.0,100,Buy,224745805
2024-07-19 13:18:14,87900.0,1000,Sell,224745912
2024-07-19 13:18:26,88000.0,1000,Buy,224746245
2024-07-19 13:18:26,88000.0,300,Buy,224746246
2024-07-19 13:18:27,88000.0,400,Sell,224746275
2024-07-19 13:18:29,88100.0,800,Buy,224746401
2024-07-19 13:18:29,88100.0,700,Buy,224746402
2024-07-19 13:18:29,88100.0,200,Buy,224746403
2024-07-19 13:18:48,88000.0,100,Sell,224746939
2024-07-19 13:18:48,88000.0,300,Sell,224746938
2024-07-19 13:18:48,88000.0,100,Sell,224746940
2024-07-19 13:18:51,88000.0,500,Sell,224747001
2024-07-19 13:19:10,88000.0,200,Sell,224747621
2024-07-19 13:19:10,88000.0,200,Sell,224747620
2024-07-19 13:19:18,88000.0,100,Sell,224747902
2024-07-19 13:19:30,88000.0,300,Sell,224748255
2024-07-19 13:19:30,88000.0,200,Sell,224748256
2024-07-19 13:19:49,88000.0,1500,Sell,224748680
2024-07-19 13:19:49,88000.0,100,Sell,224748679
2024-07-19 13:19:49,88000.0,2100,Sell,224748675
2024-07-19 13:19:49,88000.0,300,Sell,224748677
2024-07-19 13:19:49,88000.0,400,Sell,224748676
2024-07-19 13:19:49,88000.0,600,Sell,224748678
2024-07-19 13:19:51,88000.0,200,Sell,224748778
2024-07-19 13:19:51,88000.0,300,Sell,224748779
2024-07-19 13:20:13,88000.0,400,Sell,224749701
2024-07-19 13:20:34,88000.0,100,Sell,224750410
2024-07-19 13:20:34,88000.0,300,Sell,224750409
2024-07-19 13:20:53,88000.0,500,Sell,224750915
2024-07-19 13:20:54,88000.0,400,Sell,224750940
2024-07-19 13:21:14,88000.0,100,Sell,224751524
2024-07-19 13:21:14,88000.0,400,Sell,224751525
2024-07-19 13:21:21,88000.0,600,Sell,224751661
2024-07-19 13:21:21,88000.0,100,Sell,224751662
2024-07-19 13:21:21,88000.0,300,Sell,224751663
2024-07-19 13:21:32,88000.0,100,Sell,224751897
2024-07-19 13:21:36,88000.0,100,Sell,224752011
2024-07-19 13:21:36,88000.0,100,Sell,224752010
2024-07-19 13:21:36,88000.0,100,Sell,224752008
2024-07-19 13:21:36,88000.0,100,Sell,224752009
2024-07-19 13:21:47,88000.0,100,Sell,224752285
2024-07-19 13:21:56,88000.0,100,Sell,224752666
2024-07-19 13:21:56,88000.0,100,Sell,224752667
2024-07-19 13:21:56,88000.0,1000,Sell,224752668
2024-07-19 13:21:56,88000.0,200,Sell,224752669
2024-07-19 13:22:18,87900.0,400,Sell,224753318
2024-07-19 13:22:19,87900.0,400,Sell,224753349
2024-07-19 13:22:36,87900.0,200,Sell,224754007
2024-07-19 13:22:36,87900.0,200,Sell,224754008
2024-07-19 13:22:39,88000.0,2000,Buy,224754091
2024-07-19 13:22:56,87900.0,400,Sell,224754721
2024-07-19 13:23:08,88000.0,100,Buy,224755162
2024-07-19 13:23:14,88000.0,1500,Buy,224755280
2024-07-19 13:23:14,88000.0,500,Buy,224755281
2024-07-19 13:23:14,88000.0,200,Buy,224755282
2024-07-19 13:23:17,88000.0,500,Sell,224755354
2024-07-19 13:23:35,88000.0,300,Sell,224755959
2024-07-19 13:23:35,88000.0,3000,Sell,224755960
2024-07-19 13:23:35,88000.0,100,Sell,224755961
2024-07-19 13:23:35,88000.0,1000,Sell,224755962
2024-07-19 13:23:38,87900.0,400,Sell,224756031
2024-07-19 13:23:59,87900.0,500,Sell,224756687
2024-07-19 13:24:20,88000.0,3000,Buy,224757241
2024-07-19 13:24:21,87900.0,400,Sell,224757330
2024-07-19 13:24:41,87900.0,400,Sell,224758147
2024-07-19 13:24:44,88000.0,1000,Buy,224758201
2024-07-19 13:24:46,88000.0,1000,Buy,224758232
2024-07-19 13:24:49,88000.0,1000,Buy,224758352
2024-07-19 13:24:59,88000.0,1000,Buy,224758618
2024-07-19 13:25:01,88000.0,100,Buy,224758651
2024-07-19 13:25:01,88000.0,1000,Buy,224758652
2024-07-19 13:25:02,88000.0,500,Sell,224758709
2024-07-19 13:25:23,88000.0,400,Sell,224759329
2024-07-19 13:25:42,88100.0,600,Buy,224759998
2024-07-19 13:25:44,88000.0,400,Sell,224760094
2024-07-19 13:26:04,88000.0,400,Sell,224760775
2024-07-19 13:26:25,88000.0,400,Sell,224761464
2024-07-19 13:26:46,88000.0,400,Sell,224761930
2024-07-19 13:27:06,88000.0,500,Sell,224762501
2024-07-19 13:27:14,88100.0,100,Buy,224762776
2024-07-19 13:27:22,88100.0,2000,Buy,224762992
2024-07-19 13:27:28,88000.0,400,Sell,224763176
2024-07-19 13:27:29,88100.0,100,Buy,224763217
2024-07-19 13:27:48,88000.0,500,Sell,224763759
2024-07-19 13:28:09,88000.0,100,Sell,224764545
2024-07-19 13:28:09,88000.0,100,Sell,224764546
2024-07-19 13:28:09,88000.0,200,Sell,224764547
2024-07-19 13:28:30,88000.0,400,Sell,224765238
2024-07-19 13:28:51,88000.0,400,Sell,224765864
2024-07-19 13:28:53,88100.0,400,Buy,224765926
2024-07-19 13:28:57,88100.0,200,Buy,224766045
2024-07-19 13:28:57,88100.0,100,Buy,224766046
2024-07-19 13:28:57,88100.0,100,Buy,224766047
2024-07-19 13:28:57,88100.0,600,Buy,224766044
2024-07-19 13:29:07,88200.0,100,Buy,224766420
2024-07-19 13:29:12,88100.0,500,Sell,224766549
2024-07-19 13:29:16,88200.0,600,Buy,224766673
2024-07-19 13:29:23,88100.0,1100,Sell,224766964
2024-07-19 13:29:33,88100.0,200,Sell,224767188
2024-07-19 13:29:33,88100.0,300,Sell,224767189
2024-07-19 13:29:45,88200.0,600,Buy,224767582
2024-07-19 13:29:49,88200.0,3000,Buy,224767720
2024-07-19 13:29:54,88100.0,400,Sell,224767942
2024-07-19 13:30:15,88100.0,200,Sell,224768661
2024-07-19 13:30:15,88100.0,100,Sell,224768662
2024-07-19 13:30:15,88100.0,200,Sell,224768663
2024-07-19 13:30:34,88200.0,100,Buy,224769415
2024-07-19 13:30:37,88100.0,100,Sell,224769482
2024-07-19 13:30:37,88100.0,300,Sell,224769483
2024-07-19 13:30:40,88200.0,100,Buy,224769599
2024-07-19 13:30:40,88200.0,100,Buy,224769600
2024-07-19 13:30:46,88200.0,400,Buy,224769756
2024-07-19 13:30:57,88200.0,100,Sell,224770104
2024-07-19 13:30:57,88200.0,200,Sell,224770103
2024-07-19 13:30:57,88200.0,100,Sell,224770105
2024-07-19 13:31:16,88100.0,100,Sell,224770640
2024-07-19 13:31:16,88100.0,500,Sell,224770639
2024-07-19 13:31:16,88100.0,100,Sell,224770638
2024-07-19 13:31:16,88200.0,200,Sell,224770637
2024-07-19 13:31:16,88200.0,400,Sell,224770636
2024-07-19 13:31:16,88200.0,600,Sell,224770630
2024-07-19 13:31:16,88200.0,700,Sell,224770634
2024-07-19 13:31:16,88200.0,2200,Sell,224770631
2024-07-19 13:31:16,88200.0,200,Sell,224770635
2024-07-19 13:31:16,88200.0,300,Sell,224770633
2024-07-19 13:31:16,88200.0,400,Sell,224770632
2024-07-19 13:31:17,88100.0,400,Sell,224770672
2024-07-19 13:31:34,88100.0,100,Sell,224771175
2024-07-19 13:31:38,88100.0,500,Sell,224771308
2024-07-19 13:31:56,88200.0,200,Buy,224771991
2024-07-19 13:31:56,88300.0,200,Buy,224771992
2024-07-19 13:32:00,88100.0,500,Sell,224772112
2024-07-19 13:32:00,88100.0,400,Sell,224772119
2024-07-19 13:32:00,88100.0,600,Sell,224772120
2024-07-19 13:32:22,88200.0,100,Sell,224773036
2024-07-19 13:32:29,88200.0,200,Buy,224773250
2024-07-19 13:32:40,88200.0,100,Buy,224773517
2024-07-19 13:32:42,88100.0,500,Sell,224773571
2024-07-19 13:32:59,88100.0,900,Sell,224774070
2024-07-19 13:32:59,88100.0,100,Sell,224774071
2024-07-19 13:33:04,88100.0,400,Sell,224774281
2024-07-19 13:33:25,88100.0,500,Sell,224774884
2024-07-19 13:33:47,88100.0,500,Sell,224775486
2024-07-19 13:34:08,88100.0,400,Sell,224775987
2024-07-19 13:34:30,88100.0,100,Sell,224776649
2024-07-19 13:34:30,88100.0,400,Sell,224776650
2024-07-19 13:34:51,88100.0,400,Sell,224777187
2024-07-19 13:35:11,88100.0,200,Sell,224777871
2024-07-19 13:35:11,88100.0,200,Sell,224777872
2024-07-19 13:35:32,88100.0,500,Sell,224778518
2024-07-19 13:35:53,88100.0,400,Sell,224779133
2024-07-19 13:36:04,88100.0,500,Sell,224779449
2024-07-19 13:36:14,88100.0,400,Sell,224779733
2024-07-19 13:36:35,88100.0,500,Sell,224780366
2024-07-19 13:36:56,88100.0,500,Sell,224781050
2024-07-19 13:37:00,88100.0,200,Sell,224781146
2024-07-19 13:37:18,88100.0,500,Sell,224781660
2024-07-19 13:37:25,88100.0,600,Sell,224781819
2024-07-19 13:37:40,88100.0,400,Sell,224782226
2024-07-19 13:37:50,88100.0,600,Sell,224782472
2024-07-19 13:38:00,88100.0,400,Sell,224782733
2024-07-19 13:38:18,88100.0,200,Sell,224783204
2024-07-19 13:38:18,88100.0,100,Sell,224783203
2024-07-19 13:38:18,88100.0,300,Sell,224783201
2024-07-19 13:38:18,88100.0,500,Sell,224783202
2024-07-19 13:38:20,88100.0,500,Sell,224783241
2024-07-19 13:38:42,88100.0,300,Sell,224783828
2024-07-19 13:38:42,88100.0,100,Sell,224783829
2024-07-19 13:39:02,88100.0,500,Sell,224784387
2024-07-19 13:39:24,88100.0,500,Sell,224784906
2024-07-19 13:39:26,88100.0,900,Sell,224785008
2024-07-19 13:39:46,88100.0,100,Sell,224785613
2024-07-19 13:39:46,88100.0,100,Sell,224785614
2024-07-19 13:39:46,88100.0,100,Sell,224785615
2024-07-19 13:39:46,88100.0,100,Sell,224785616
2024-07-19 13:40:06,88100.0,100,Sell,224786258
2024-07-19 13:40:16,88000.0,1000,Sell,224786598
2024-07-19 13:40:28,88000.0,500,Sell,224787083
2024-07-19 13:40:29,88000.0,300,Sell,224787115
2024-07-19 13:40:41,88000.0,200,Sell,224787557
2024-07-19 13:40:41,88000.0,200,Sell,224787558
2024-07-19 13:40:41,88000.0,100,Sell,224787559
2024-07-19 13:40:41,88000.0,100,Sell,224787560
2024-07-19 13:40:41,88000.0,200,Sell,224787561
2024-07-19 13:40:41,88000.0,100,Sell,224787562
2024-07-19 13:40:41,88000.0,100,Sell,224787563
2024-07-19 13:40:46,88000.0,200,Sell,224787738
2024-07-19 13:40:46,88000.0,300,Sell,224787739
2024-07-19 13:41:07,88000.0,500,Sell,224788601
2024-07-19 13:41:23,88000.0,600,Sell,224789262
2024-07-19 13:41:23,88000.0,1200,Sell,224789261
2024-07-19 13:41:29,88000.0,500,Sell,224789394
2024-07-19 13:41:50,88000.0,500,Sell,224789968
2024-07-19 13:42:10,88000.0,200,Sell,224790466
2024-07-19 13:42:12,88000.0,500,Sell,224790516
2024-07-19 13:42:18,88000.0,800,Sell,224790870
2024-07-19 13:42:18,88000.0,2000,Sell,224790869
2024-07-19 13:42:18,88000.0,500,Sell,224790868
2024-07-19 13:42:18,88000.0,100,Sell,224790865
2024-07-19 13:42:18,88000.0,100,Sell,224790867
2024-07-19 13:42:18,88000.0,500,Sell,224790863
2024-07-19 13:42:18,88000.0,7000,Sell,224790862
2024-07-19 13:42:18,88000.0,4300,Sell,224790861
2024-07-19 13:42:18,88000.0,1700,Sell,224790860
2024-07-19 13:42:18,88000.0,2000,Sell,224790864
2024-07-19 13:42:18,88000.0,1000,Sell,224790866
2024-07-19 13:42:31,88000.0,200,Sell,224791291
2024-07-19 13:42:31,88000.0,300,Sell,224791292
2024-07-19 13:42:33,88000.0,400,Sell,224791399
2024-07-19 13:42:39,88000.0,1600,Sell,224791563
2024-07-19 13:42:39,88000.0,300,Sell,224791561
2024-07-19 13:42:39,88000.0,100,Sell,224791562
2024-07-19 13:42:54,88000.0,400,Sell,224791991
2024-07-19 13:43:06,88000.0,200,Sell,224792409
2024-07-19 13:43:06,88000.0,300,Sell,224792408
2024-07-19 13:43:11,87900.0,200,Sell,224792557
2024-07-19 13:43:11,88000.0,800,Sell,224792556
2024-07-19 13:43:14,87900.0,400,Sell,224792677
2024-07-19 13:43:35,87900.0,100,Sell,224793583
2024-07-19 13:43:35,87900.0,100,Sell,224793584
2024-07-19 13:43:35,87900.0,300,Sell,224793585
2024-07-19 13:43:57,87900.0,200,Sell,224794397
2024-07-19 13:43:57,87900.0,200,Sell,224794398
2024-07-19 13:44:18,87900.0,400,Sell,224795068
2024-07-19 13:44:32,88000.0,300,Buy,224795536
2024-07-19 13:44:39,87900.0,200,Sell,224795726
2024-07-19 13:44:39,87900.0,100,Sell,224795727
2024-07-19 13:44:39,87900.0,200,Sell,224795728
2024-07-19 13:45:00,87900.0,400,Sell,224796652
2024-07-19 13:45:20,87900.0,500,Sell,224797508
2024-07-19 13:45:42,87900.0,100,Sell,224798487
2024-07-19 13:45:42,87900.0,100,Sell,224798488
2024-07-19 13:45:42,87900.0,100,Sell,224798489
2024-07-19 13:45:42,87900.0,100,Sell,224798486
2024-07-19 13:46:03,87900.0,400,Sell,224799369
2024-07-19 13:46:03,87900.0,100,Sell,224799370
2024-07-19 13:46:24,87900.0,400,Sell,224800256
2024-07-19 13:46:44,87900.0,2000,Sell,224801017
2024-07-19 13:46:44,87900.0,500,Sell,224801028
2024-07-19 13:46:44,87900.0,2400,Sell,224801020
2024-07-19 13:46:44,87900.0,100,Sell,224801019
2024-07-19 13:46:44,87900.0,100,Sell,224801018
2024-07-19 13:46:44,87900.0,2000,Sell,224801016
2024-07-19 13:46:44,87900.0,100,Sell,224801011
2024-07-19 13:46:44,87900.0,100,Sell,224801014
2024-07-19 13:46:44,87900.0,100,Sell,224801013
2024-07-19 13:46:44,87900.0,500,Sell,224801012
2024-07-19 13:46:44,87900.0,9500,Sell,224801009
2024-07-19 13:46:44,87900.0,100,Sell,224801010
2024-07-19 13:46:44,87900.0,3000,Sell,224801015
2024-07-19 13:46:53,87900.0,2500,Sell,224801335
2024-07-19 13:46:53,87900.0,100,Sell,224801334
2024-07-19 13:46:53,87900.0,400,Sell,224801333
2024-07-19 13:46:53,87900.0,100,Sell,224801275
2024-07-19 13:46:53,87900.0,100,Sell,224801273
2024-07-19 13:46:53,87900.0,500,Sell,224801272
2024-07-19 13:46:53,87900.0,100,Sell,224801271
2024-07-19 13:46:53,87900.0,100,Sell,224801270
2024-07-19 13:46:53,87900.0,100,Sell,224801274
2024-07-19 13:46:55,87900.0,3000,Sell,224801438
2024-07-19 13:46:55,87900.0,1800,Sell,224801439
2024-07-19 13:46:55,87900.0,500,Sell,224801437
2024-07-19 13:46:55,87900.0,1500,Sell,224801430
2024-07-19 13:46:55,87900.0,1000,Sell,224801435
2024-07-19 13:46:55,87900.0,200,Sell,224801434
2024-07-19 13:46:55,87900.0,1000,Sell,224801433
2024-07-19 13:46:55,87900.0,1000,Sell,224801436
2024-07-19 13:47:06,87900.0,500,Sell,224801906
2024-07-19 13:47:21,87900.0,100,Sell,224802393
2024-07-19 13:47:27,87900.0,600,Sell,224802564
2024-07-19 13:47:27,87900.0,1000,Sell,224802565
2024-07-19 13:47:27,87900.0,1000,Sell,224802566
2024-07-19 13:47:27,87900.0,1400,Sell,224802567
2024-07-19 13:47:28,87900.0,500,Sell,224802601
2024-07-19 13:47:31,87900.0,1100,Sell,224802718
2024-07-19 13:47:49,87800.0,100,Sell,224803258
2024-07-19 13:47:49,87800.0,100,Sell,224803259
2024-07-19 13:47:49,87800.0,200,Sell,224803260
2024-07-19 13:47:49,87800.0,100,Sell,224803257
2024-07-19 13:48:10,87800.0,300,Sell,224803862
2024-07-19 13:48:11,87800.0,400,Sell,224803878
2024-07-19 13:48:32,87800.0,400,Sell,224804549
2024-07-19 13:48:53,87800.0,400,Sell,224805148
2024-07-19 13:49:12,87900.0,600,Buy,224805739
2024-07-19 13:49:12,87900.0,900,Buy,224805737
2024-07-19 13:49:12,87900.0,500,Buy,224805738
2024-07-19 13:49:14,87800.0,400,Sell,224806044
2024-07-19 13:49:17,87800.0,100,Sell,224806180
2024-07-19 13:49:17,87800.0,1100,Sell,224806181
2024-07-19 13:49:17,87800.0,100,Sell,224806182
2024-07-19 13:49:17,87800.0,1000,Sell,224806183
2024-07-19 13:49:17,87800.0,100,Sell,224806184
2024-07-19 13:49:17,87800.0,500,Sell,224806187
2024-07-19 13:49:17,87800.0,100,Sell,224806188
2024-07-19 13:49:17,87800.0,1500,Sell,224806190
2024-07-19 13:49:17,87800.0,1000,Sell,224806191
2024-07-19 13:49:17,87800.0,100,Sell,224806179
2024-07-19 13:49:17,87800.0,2000,Sell,224806194
2024-07-19 13:49:17,87800.0,3000,Sell,224806195
2024-07-19 13:49:17,87800.0,600,Sell,224806196
2024-07-19 13:49:17,87800.0,100,Sell,224806189
2024-07-19 13:49:17,87800.0,10000,Sell,224806178
2024-07-19 13:49:17,87800.0,400,Sell,224806193
2024-07-19 13:49:17,87800.0,100,Sell,224806176
2024-07-19 13:49:17,87800.0,300,Sell,224806177
2024-07-19 13:49:17,87800.0,1400,Sell,224806162
2024-07-19 13:49:17,87800.0,1000,Sell,224806163
2024-07-19 13:49:17,87800.0,100,Sell,224806164
2024-07-19 13:49:17,87800.0,500,Sell,224806165
2024-07-19 13:49:17,87800.0,1000,Sell,224806166
2024-07-19 13:49:17,87800.0,100,Sell,224806167
2024-07-19 13:49:17,87800.0,1000,Sell,224806192
2024-07-19 13:49:17,87800.0,100,Sell,224806169
2024-07-19 13:49:17,87800.0,500,Sell,224806174
2024-07-19 13:49:17,87800.0,200,Sell,224806173
2024-07-19 13:49:17,87800.0,300,Sell,224806172
2024-07-19 13:49:17,87800.0,1000,Sell,224806175
2024-07-19 13:49:17,87800.0,500,Sell,224806168
2024-07-19 13:49:17,87800.0,100,Sell,224806171
2024-07-19 13:49:17,87800.0,100,Sell,224806170
2024-07-19 13:49:34,87800.0,400,Sell,224806736
2024-07-19 13:49:55,87800.0,100,Sell,224807434
2024-07-19 13:49:55,87800.0,100,Sell,224807435
2024-07-19 13:49:55,87800.0,200,Sell,224807436
2024-07-19 13:50:00,87800.0,100,Sell,224807599
2024-07-19 13:50:00,87800.0,100,Sell,224807598
2024-07-19 13:50:00,87800.0,100,Sell,224807597
2024-07-19 13:50:00,87800.0,500,Sell,224807595
2024-07-19 13:50:00,87800.0,100,Sell,224807594
2024-07-19 13:50:00,87800.0,800,Sell,224807593
2024-07-19 13:50:00,87800.0,300,Sell,224807596
2024-07-19 13:50:16,87800.0,200,Sell,224808159
2024-07-19 13:50:16,87800.0,200,Sell,224808160
2024-07-19 13:50:37,87800.0,500,Sell,224808764
2024-07-19 13:50:43,87900.0,2400,Buy,224808997
2024-07-19 13:50:43,87900.0,200,Buy,224808998
2024-07-19 13:50:44,88000.0,100,Buy,224809014
2024-07-19 13:50:58,87900.0,400,Sell,224809477
2024-07-19 13:51:08,87900.0,100,Buy,224809776
2024-07-19 13:51:08,87900.0,800,Buy,224809777
2024-07-19 13:51:08,87900.0,100,Buy,224809778
2024-07-19 13:51:16,87900.0,200,Buy,224809976
2024-07-19 13:51:20,87800.0,400,Sell,224810100
2024-07-19 13:51:40,87900.0,200,Sell,224810746
2024-07-19 13:51:40,87900.0,200,Sell,224810747
2024-07-19 13:51:53,88000.0,300,Buy,224811219
2024-07-19 13:51:53,88000.0,2100,Buy,224811220
2024-07-19 13:51:53,88000.0,300,Buy,224811217
2024-07-19 13:51:53,87900.0,100,Buy,224811216
2024-07-19 13:51:53,88000.0,200,Buy,224811218
2024-07-19 13:52:02,87900.0,400,Sell,224811440
2024-07-19 13:52:23,87900.0,200,Sell,224812219
2024-07-19 13:52:23,87900.0,300,Sell,224812220
2024-07-19 13:52:38,87900.0,700,Sell,224812745
2024-07-19 13:52:38,87900.0,200,Sell,224812746
2024-07-19 13:52:38,87900.0,2100,Sell,224812747
2024-07-19 13:52:45,87900.0,400,Sell,224812952
2024-07-19 13:52:53,87900.0,500,Sell,224813228
2024-07-19 13:52:53,87900.0,1000,Sell,224813229
2024-07-19 13:53:06,87900.0,300,Sell,224813602
2024-07-19 13:53:12,87900.0,200,Buy,224813811
2024-07-19 13:53:27,87800.0,500,Sell,224814378
2024-07-19 13:53:40,87800.0,3400,Sell,224814797
2024-07-19 13:53:40,87800.0,1600,Sell,224814798
2024-07-19 13:53:44,87900.0,2000,Sell,224814925
2024-07-19 13:53:49,87900.0,400,Sell,224815105
2024-07-19 13:53:56,88000.0,300,Buy,224815372
2024-07-19 13:54:09,87900.0,400,Sell,224816010
2024-07-19 13:54:20,88000.0,200,Buy,224816378
2024-07-19 13:54:30,87900.0,400,Sell,224816725
2024-07-19 13:54:30,88000.0,100,Buy,224816734
2024-07-19 13:54:35,88000.0,1000,Buy,224816948
2024-07-19 13:54:48,88000.0,900,Buy,224817552
2024-07-19 13:54:51,87900.0,400,Sell,224817620
2024-07-19 13:54:52,87900.0,1300,Sell,224817660
2024-07-19 13:54:52,87900.0,100,Sell,224817659
2024-07-19 13:54:52,87900.0,1000,Sell,224817656
2024-07-19 13:54:52,87900.0,1400,Sell,224817655
2024-07-19 13:54:52,87900.0,500,Sell,224817657
2024-07-19 13:54:52,87900.0,200,Sell,224817658
2024-07-19 13:55:06,87900.0,100,Sell,224818196
2024-07-19 13:55:11,87900.0,400,Sell,224818418
2024-07-19 13:55:13,88000.0,3000,Buy,224818535
2024-07-19 13:55:28,88000.0,2400,Buy,224819227
2024-07-19 13:55:28,88000.0,100,Buy,224819228
2024-07-19 13:55:28,88000.0,400,Buy,224819229
2024-07-19 13:55:28,88000.0,100,Buy,224819230
2024-07-19 13:55:31,87900.0,500,Sell,224819346
2024-07-19 13:55:37,88000.0,1000,Buy,224819512
2024-07-19 13:55:37,88000.0,900,Buy,224819511
2024-07-19 13:55:44,88200.0,100,Buy,224819831
2024-07-19 13:55:52,88000.0,100,Sell,224820204
2024-07-19 13:55:52,88000.0,300,Sell,224820205
2024-07-19 13:56:13,88000.0,500,Sell,224821166
2024-07-19 13:56:35,88000.0,200,Sell,224821897
2024-07-19 13:56:35,88000.0,300,Sell,224821898
2024-07-19 13:56:56,88000.0,400,Sell,224822863
2024-07-19 13:56:58,88200.0,100,Buy,224822905
2024-07-19 13:56:58,88200.0,200,Buy,224822906
2024-07-19 13:56:58,88200.0,100,Buy,224822907
2024-07-19 13:56:58,88200.0,4600,Buy,224822908
2024-07-19 13:57:17,88000.0,300,Sell,224823473
2024-07-19 13:57:17,88000.0,200,Sell,224823474
2024-07-19 13:57:22,88200.0,4000,Buy,224823659
2024-07-19 13:57:39,88100.0,400,Sell,224824252
2024-07-19 13:57:49,88200.0,1000,Buy,224824637
2024-07-19 13:57:59,88100.0,400,Sell,224824943
2024-07-19 13:58:19,88100.0,500,Sell,224825646
2024-07-19 13:58:41,88100.0,500,Sell,224826420
2024-07-19 13:58:46,88200.0,100,Buy,224826551
2024-07-19 13:59:02,88100.0,400,Sell,224827098
2024-07-19 13:59:05,88200.0,300,Buy,224827168
2024-07-19 13:59:05,88200.0,200,Buy,224827169
2024-07-19 13:59:05,88200.0,9500,Buy,224827170
2024-07-19 13:59:23,88100.0,400,Sell,224827698
2024-07-19 13:59:44,88100.0,400,Sell,224828395
2024-07-19 14:00:04,88100.0,500,Sell,224828914
2024-07-19 14:00:26,88100.0,400,Sell,224829640
2024-07-19 14:00:47,88100.0,400,Sell,224830280
2024-07-19 14:01:07,88100.0,400,Sell,224830964
2024-07-19 14:01:22,88100.0,300,Sell,224831391
2024-07-19 14:01:22,88100.0,200,Sell,224831392
2024-07-19 14:01:28,88000.0,500,Sell,224831673
2024-07-19 14:01:31,88000.0,300,Sell,224831828
2024-07-19 14:01:31,88000.0,200,Sell,224831829
2024-07-19 14:01:31,88000.0,800,Sell,224831830
2024-07-19 14:01:31,88000.0,200,Sell,224831831
2024-07-19 14:01:49,88000.0,400,Sell,224832420
2024-07-19 14:01:59,88000.0,2000,Sell,224832785
2024-07-19 14:02:08,88000.0,2000,Sell,224833175
2024-07-19 14:02:09,88000.0,400,Sell,224833245
2024-07-19 14:02:30,88000.0,400,Sell,224834178
2024-07-19 14:02:33,88000.0,1000,Sell,224834279
2024-07-19 14:02:50,88000.0,300,Sell,224835304
2024-07-19 14:02:50,88000.0,100,Sell,224835303
2024-07-19 14:02:53,88000.0,9700,Sell,224835405
2024-07-19 14:02:53,88000.0,100,Sell,224835406
2024-07-19 14:02:53,88000.0,200,Sell,224835407
2024-07-19 14:03:11,88000.0,100,Sell,224836118
2024-07-19 14:03:11,88000.0,200,Sell,224836119
2024-07-19 14:03:11,88000.0,100,Sell,224836120
2024-07-19 14:03:31,88000.0,100,Sell,224836886
2024-07-19 14:03:31,88000.0,400,Sell,224836887
2024-07-19 14:03:52,88000.0,300,Sell,224837621
2024-07-19 14:04:04,88000.0,100,Buy,224837997
2024-07-19 14:04:13,87900.0,400,Sell,224838192
2024-07-19 14:04:33,87900.0,400,Sell,224838866
2024-07-19 14:04:46,88000.0,100,Buy,224839217
2024-07-19 14:04:54,88000.0,400,Sell,224839495
2024-07-19 14:05:04,88100.0,100,Buy,224839860
2024-07-19 14:05:14,88000.0,500,Sell,224840158
2024-07-19 14:05:28,88000.0,5400,Sell,224840620
2024-07-19 14:05:28,88000.0,200,Sell,224840621
2024-07-19 14:05:28,88000.0,100,Sell,224840622
2024-07-19 14:05:28,87900.0,1000,Sell,224840635
2024-07-19 14:05:29,88000.0,200,Buy,224840740
2024-07-19 14:05:35,87900.0,500,Sell,224840960
2024-07-19 14:05:39,87900.0,400,Sell,224841283
2024-07-19 14:05:39,87900.0,600,Sell,224841284
2024-07-19 14:05:43,88000.0,700,Buy,224841438
2024-07-19 14:05:43,88000.0,100,Buy,224841437
2024-07-19 14:05:57,87900.0,500,Sell,224841782
2024-07-19 14:06:19,87900.0,500,Sell,224842364
2024-07-19 14:06:39,87900.0,300,Sell,224843125
2024-07-19 14:06:40,87900.0,400,Sell,224843148
2024-07-19 14:07:01,87900.0,500,Sell,224843893
2024-07-19 14:07:19,87900.0,1000,Sell,224844672
2024-07-19 14:07:23,87900.0,400,Sell,224844923
2024-07-19 14:07:26,87900.0,800,Sell,224845079
2024-07-19 14:07:26,87900.0,200,Sell,224845080
2024-07-19 14:07:34,87900.0,100,Sell,224845544
2024-07-19 14:07:34,87900.0,100,Sell,224845543
2024-07-19 14:07:34,87900.0,100,Sell,224845539
2024-07-19 14:07:34,87900.0,500,Sell,224845541
2024-07-19 14:07:34,87900.0,100,Sell,224845540
2024-07-19 14:07:34,87900.0,100,Sell,224845542
2024-07-19 14:07:44,87900.0,300,Sell,224846209
2024-07-19 14:07:44,87900.0,200,Sell,224846210
2024-07-19 14:07:51,87900.0,800,Sell,224846685
2024-07-19 14:07:51,87900.0,200,Sell,224846686
2024-07-19 14:07:58,87900.0,200,Sell,224847223
2024-07-19 14:07:58,87900.0,100,Sell,224847222
2024-07-19 14:07:58,87900.0,500,Sell,224847221
2024-07-19 14:07:58,87900.0,100,Sell,224847220
2024-07-19 14:07:58,87900.0,100,Sell,224847219
2024-07-19 14:08:06,87900.0,100,Sell,224848734
2024-07-19 14:08:13,87800.0,5000,Sell,224849670
2024-07-19 14:08:13,87800.0,1100,Sell,224849671
2024-07-19 14:08:13,87800.0,100,Sell,224849672
2024-07-19 14:08:13,87800.0,100,Sell,224849673
2024-07-19 14:08:13,87800.0,100,Sell,224849674
2024-07-19 14:08:13,87800.0,1400,Sell,224849680
2024-07-19 14:08:13,87800.0,1000,Sell,224849676
2024-07-19 14:08:13,87800.0,200,Sell,224849677
2024-07-19 14:08:13,87800.0,1000,Sell,224849678
2024-07-19 14:08:13,87800.0,100,Sell,224849679
2024-07-19 14:08:13,87800.0,100,Sell,224849675
2024-07-19 14:08:13,87800.0,300,Sell,224849669
2024-07-19 14:08:13,87800.0,100,Sell,224849667
2024-07-19 14:08:13,87800.0,500,Sell,224849666
2024-07-19 14:08:13,87800.0,100,Sell,224849668
2024-07-19 14:08:13,87800.0,1500,Sell,224849657
2024-07-19 14:08:13,87800.0,100,Sell,224849658
2024-07-19 14:08:13,87800.0,3000,Sell,224849659
2024-07-19 14:08:13,87800.0,4000,Sell,224849660
2024-07-19 14:08:13,87800.0,400,Sell,224849656
2024-07-19 14:08:13,87800.0,3800,Sell,224849662
2024-07-19 14:08:13,87800.0,400,Sell,224849663
2024-07-19 14:08:13,87800.0,100,Sell,224849664
2024-07-19 14:08:13,87800.0,100,Sell,224849665
2024-07-19 14:08:13,87800.0,400,Sell,224849661
2024-07-19 14:08:14,87900.0,100,Buy,224849706
2024-07-19 14:08:27,87800.0,100,Sell,224851328
2024-07-19 14:08:27,87800.0,400,Sell,224851329
2024-07-19 14:08:32,87800.0,100,Buy,224851681
2024-07-19 14:08:39,87800.0,200,Buy,224852278
2024-07-19 14:08:45,87800.0,500,Sell,224852777
2024-07-19 14:08:47,87800.0,300,Sell,224852911
2024-07-19 14:08:53,87700.0,100,Sell,224853559
2024-07-19 14:08:53,87700.0,100,Sell,224853558
2024-07-19 14:08:53,87700.0,100,Sell,224853555
2024-07-19 14:08:53,87700.0,100,Sell,224853556
2024-07-19 14:08:53,87700.0,500,Sell,224853557
2024-07-19 14:08:53,87700.0,100,Sell,224853554
2024-07-19 14:09:02,87700.0,100,Sell,224854592
2024-07-19 14:09:02,87700.0,100,Sell,224854591
2024-07-19 14:09:06,87700.0,300,Sell,224855058
2024-07-19 14:09:06,87700.0,100,Sell,224855057
2024-07-19 14:09:08,87700.0,100,Sell,224855132
2024-07-19 14:09:08,87700.0,100,Sell,224855145
2024-07-19 14:09:08,87700.0,500,Sell,224855144
2024-07-19 14:09:08,87700.0,100,Sell,224855143
2024-07-19 14:09:08,87700.0,100,Sell,224855142
2024-07-19 14:09:08,87700.0,100,Sell,224855141
2024-07-19 14:09:08,87700.0,100,Sell,224855131
2024-07-19 14:09:08,87700.0,200,Sell,224855140
2024-07-19 14:09:08,87700.0,2000,Sell,224855138
2024-07-19 14:09:08,87700.0,4000,Sell,224855137
2024-07-19 14:09:08,87700.0,1000,Sell,224855136
2024-07-19 14:09:08,87700.0,300,Sell,224855135
2024-07-19 14:09:08,87700.0,100,Sell,224855134
2024-07-19 14:09:08,87700.0,1000,Sell,224855133
2024-07-19 14:09:08,87700.0,200,Sell,224855139
2024-07-19 14:09:12,87700.0,400,Sell,224855690
2024-07-19 14:09:12,87700.0,100,Sell,224855691
2024-07-19 14:09:12,87700.0,500,Sell,224855692
2024-07-19 14:09:21,87700.0,400,Sell,224856543
2024-07-19 14:09:21,87700.0,500,Sell,224856541
2024-07-19 14:09:21,87700.0,100,Sell,224856542
2024-07-19 14:09:23,87800.0,1000,Buy,224856871
2024-07-19 14:09:23,87800.0,300,Buy,224856872
2024-07-19 14:09:23,87800.0,300,Buy,224856870
2024-07-19 14:09:26,87800.0,400,Sell,224857173
2024-07-19 14:09:35,87800.0,1000,Sell,224858196
2024-07-19 14:09:47,87800.0,500,Sell,224859576
2024-07-19 14:09:49,87800.0,500,Sell,224859927
2024-07-19 14:09:49,87800.0,100,Sell,224859928
2024-07-19 14:09:49,87700.0,400,Sell,224859929
2024-07-19 14:10:01,87700.0,600,Sell,224861745
2024-07-19 14:10:01,87700.0,200,Sell,224861743
2024-07-19 14:10:01,87700.0,200,Sell,224861744
2024-07-19 14:10:08,87700.0,1400,Sell,224862581
2024-07-19 14:10:08,87700.0,2000,Sell,224862582
2024-07-19 14:10:08,87700.0,1000,Sell,224862583
2024-07-19 14:10:08,87700.0,100,Sell,224862584
2024-07-19 14:10:08,87700.0,500,Sell,224862585
2024-07-19 14:10:08,87700.0,100,Sell,224862586
2024-07-19 14:10:08,87700.0,200,Sell,224862587
2024-07-19 14:10:08,87700.0,1000,Sell,224862588
2024-07-19 14:10:08,87700.0,500,Sell,224862589
2024-07-19 14:10:09,87600.0,500,Sell,224862779
2024-07-19 14:10:13,87600.0,500,Sell,224863088
2024-07-19 14:10:13,87600.0,100,Sell,224863091
2024-07-19 14:10:13,87600.0,500,Sell,224863087
2024-07-19 14:10:13,87600.0,100,Sell,224863089
2024-07-19 14:10:13,87600.0,100,Sell,224863090
2024-07-19 14:10:20,87600.0,500,Sell,224864033
2024-07-19 14:10:31,87600.0,400,Sell,224865147
2024-07-19 14:10:31,87600.0,2000,Sell,224865148
2024-07-19 14:10:34,87700.0,2000,Buy,224865436
2024-07-19 14:10:36,87700.0,6000,Buy,224865654
2024-07-19 14:10:40,87700.0,200,Buy,224866177
2024-07-19 14:10:45,87700.0,200,Sell,224866725
2024-07-19 14:10:51,87700.0,100,Sell,224867606
2024-07-19 14:10:51,87700.0,400,Sell,224867607
2024-07-19 14:10:52,87700.0,500,Sell,224867655
2024-07-19 14:10:59,88000.0,100,Buy,224868367
2024-07-19 14:11:13,87700.0,100,Sell,224870976
2024-07-19 14:11:13,87700.0,300,Sell,224870977
2024-07-19 14:11:13,87900.0,800,Buy,224871003
2024-07-19 14:11:13,88000.0,1900,Buy,224871004
2024-07-19 14:11:13,88000.0,300,Buy,224871005
2024-07-19 14:11:25,88000.0,300,Buy,224872565
2024-07-19 14:11:30,88000.0,2500,Buy,224873020
2024-07-19 14:11:30,88000.0,400,Buy,224873018
2024-07-19 14:11:30,88000.0,100,Buy,224873019
2024-07-19 14:11:32,88000.0,500,Buy,224873266
2024-07-19 14:11:32,88000.0,100,Buy,224873267
2024-07-19 14:11:32,88000.0,1400,Buy,224873268
2024-07-19 14:11:33,87700.0,500,Sell,224873374
2024-07-19 14:11:40,87700.0,200,Sell,224874044
2024-07-19 14:11:40,87700.0,100,Sell,224874045
2024-07-19 14:11:42,87700.0,500,Sell,224874243
2024-07-19 14:11:55,87800.0,500,Sell,224875414
2024-07-19 14:12:04,87800.0,100,Sell,224876187
2024-07-19 14:12:04,87800.0,500,Sell,224876188
2024-07-19 14:12:06,88000.0,100,Buy,224876349
2024-07-19 14:12:08,87900.0,500,Sell,224876592
2024-07-19 14:12:10,87900.0,1000,Sell,224876774
2024-07-19 14:12:14,87900.0,200,Sell,224877003
2024-07-19 14:12:16,87900.0,400,Sell,224877093
2024-07-19 14:12:19,88000.0,3000,Buy,224877341
2024-07-19 14:12:29,88000.0,3000,Buy,224878249
2024-07-19 14:12:36,87900.0,400,Sell,224878746
2024-07-19 14:12:41,88000.0,2500,Buy,224879136
2024-07-19 14:12:41,88000.0,500,Buy,224879137
2024-07-19 14:12:46,87900.0,400,Sell,224879652
2024-07-19 14:12:53,88000.0,2000,Buy,224880154
2024-07-19 14:12:53,88000.0,1000,Buy,224880155
2024-07-19 14:12:56,87900.0,300,Sell,224880348
2024-07-19 14:12:56,87900.0,100,Sell,224880347
2024-07-19 14:13:01,88000.0,100,Buy,224880696
2024-07-19 14:13:06,88000.0,1700,Sell,224880937
2024-07-19 14:13:06,88000.0,300,Sell,224880936
2024-07-19 14:13:17,88000.0,400,Sell,224881870
2024-07-19 14:13:20,88000.0,900,Sell,224882016
2024-07-19 14:13:20,88000.0,100,Sell,224882017
2024-07-19 14:13:21,88000.0,300,Sell,224882158
2024-07-19 14:13:33,88000.0,1900,Sell,224882919
2024-07-19 14:13:35,88000.0,300,Buy,224883089
2024-07-19 14:13:37,88000.0,500,Sell,224883163
2024-07-19 14:13:37,88000.0,1200,Sell,224883195
2024-07-19 14:13:37,87900.0,800,Sell,224883196
2024-07-19 14:13:58,88000.0,500,Sell,224884463
2024-07-19 14:13:58,88000.0,500,Sell,224884455
2024-07-19 14:13:58,88100.0,100,Buy,224884444
2024-07-19 14:14:02,88100.0,3000,Buy,224884707
2024-07-19 14:14:19,87900.0,500,Sell,224885839
2024-07-19 14:14:22,88100.0,100,Buy,224885970
2024-07-19 14:14:41,88000.0,400,Sell,224887239
2024-07-19 14:14:51,88000.0,100,Sell,224887715
2024-07-19 14:14:55,88000.0,500,Sell,224887960
2024-07-19 14:14:58,88000.0,100,Sell,224888079
2024-07-19 14:15:01,87900.0,400,Sell,224888218
2024-07-19 14:15:21,87900.0,300,Sell,224889148
2024-07-19 14:15:21,87900.0,100,Sell,224889146
2024-07-19 14:15:21,87900.0,100,Sell,224889147
2024-07-19 14:15:43,87900.0,500,Sell,224890142
2024-07-19 14:15:48,87900.0,1200,Sell,224890341
2024-07-19 14:15:48,87900.0,200,Sell,224890342
2024-07-19 14:16:06,87800.0,400,Sell,224891134
2024-07-19 14:16:14,87800.0,1000,Sell,224891479
2024-07-19 14:16:24,87800.0,500,Sell,224891985
2024-07-19 14:16:24,87800.0,100,Sell,224891986
2024-07-19 14:16:24,87800.0,300,Sell,224891987
2024-07-19 14:16:24,87800.0,500,Sell,224891988
2024-07-19 14:16:24,87800.0,1600,Sell,224891989
2024-07-19 14:16:25,87800.0,400,Sell,224892036
2024-07-19 14:16:25,87900.0,200,Buy,224892015
2024-07-19 14:16:28,87900.0,200,Buy,224892135
2024-07-19 14:16:46,87800.0,300,Sell,224892838
2024-07-19 14:16:46,87800.0,200,Sell,224892839
2024-07-19 14:16:48,87800.0,800,Sell,224892887
2024-07-19 14:16:48,87800.0,200,Sell,224892888
2024-07-19 14:17:00,87800.0,700,Sell,224893428
2024-07-19 14:17:01,87800.0,100,Sell,224893496
2024-07-19 14:17:01,87800.0,100,Sell,224893497
2024-07-19 14:17:06,87800.0,500,Buy,224893650
2024-07-19 14:17:09,87800.0,400,Buy,224893757
2024-07-19 14:17:09,87800.0,800,Buy,224893789
2024-07-19 14:17:43,87800.0,1000,Sell,224895012
2024-07-19 14:18:18,87800.0,800,Sell,224896576
2024-07-19 14:18:18,87800.0,200,Sell,224896575
2024-07-19 14:18:34,87800.0,500,Sell,224897356
2024-07-19 14:18:37,87800.0,700,Sell,224897503
2024-07-19 14:18:37,87800.0,100,Sell,224897504
2024-07-19 14:18:37,87800.0,100,Sell,224897505
2024-07-19 14:18:37,87800.0,100,Sell,224897506
2024-07-19 14:18:40,87800.0,100,Sell,224897684
2024-07-19 14:18:40,87800.0,200,Sell,224897685
2024-07-19 14:18:57,87800.0,400,Sell,224898520
2024-07-19 14:18:57,87800.0,1000,Sell,224898539
2024-07-19 14:19:15,87800.0,300,Sell,224899281
2024-07-19 14:19:17,87800.0,400,Sell,224899412
2024-07-19 14:19:17,87800.0,100,Sell,224899410
2024-07-19 14:19:17,87800.0,500,Sell,224899411
2024-07-19 14:19:37,87800.0,100,Sell,224900308
2024-07-19 14:19:37,87800.0,900,Sell,224900309
2024-07-19 14:19:58,87800.0,100,Sell,224901274
2024-07-19 14:19:58,87800.0,1000,Sell,224901275
2024-07-19 14:20:09,87800.0,300,Sell,224901837
2024-07-19 14:20:09,87800.0,500,Sell,224901838
2024-07-19 14:20:09,87800.0,100,Sell,224901839
2024-07-19 14:20:09,87700.0,100,Sell,224901840
2024-07-19 14:20:19,87700.0,400,Sell,224902416
2024-07-19 14:20:19,87700.0,600,Sell,224902417
2024-07-19 14:20:20,87700.0,1000,Sell,224902522
2024-07-19 14:20:27,87700.0,1000,Sell,224902906
2024-07-19 14:20:33,87700.0,400,Sell,224903288
2024-07-19 14:20:33,87700.0,100,Sell,224903289
2024-07-19 14:20:33,87700.0,100,Sell,224903290
2024-07-19 14:20:33,87700.0,200,Sell,224903291
2024-07-19 14:20:33,87700.0,200,Sell,224903292
2024-07-19 14:20:33,87700.0,2800,Sell,224903293
2024-07-19 14:20:33,87700.0,100,Sell,224903294
2024-07-19 14:20:33,87700.0,100,Sell,224903295
2024-07-19 14:20:37,87700.0,100,Sell,224903766
2024-07-19 14:20:37,87700.0,900,Sell,224903767
2024-07-19 14:20:42,87700.0,900,Sell,224904081
2024-07-19 14:20:42,87700.0,100,Sell,224904080
2024-07-19 14:20:42,87700.0,100,Sell,224904079
2024-07-19 14:20:46,87700.0,1000,Sell,224904358
2024-07-19 14:20:46,87700.0,100,Sell,224904461
2024-07-19 14:20:46,87700.0,300,Sell,224904462
2024-07-19 14:20:46,87700.0,200,Sell,224904463
2024-07-19 14:20:46,87700.0,2400,Sell,224904464
2024-07-19 14:20:52,87700.0,1000,Sell,224904901
2024-07-19 14:20:58,87700.0,500,Sell,224905372
2024-07-19 14:20:58,87700.0,100,Sell,224905371
2024-07-19 14:20:58,87700.0,100,Sell,224905369
2024-07-19 14:20:58,87700.0,500,Sell,224905370
2024-07-19 14:20:58,87700.0,100,Sell,224905367
2024-07-19 14:20:58,87700.0,1000,Sell,224905365
2024-07-19 14:20:58,87700.0,1100,Sell,224905368
2024-07-19 14:20:58,87700.0,600,Sell,224905366
2024-07-19 14:20:59,87700.0,200,Sell,224905483
2024-07-19 14:21:03,87700.0,500,Sell,224905824
2024-07-19 14:21:03,87700.0,300,Sell,224905823
2024-07-19 14:21:15,87700.0,200,Buy,224906620
2024-07-19 14:21:15,87700.0,300,Buy,224906621
2024-07-19 14:21:24,87600.0,1000,Sell,224907323
2024-07-19 14:21:26,87600.0,400,Sell,224907498
2024-07-19 14:21:33,87600.0,600,Sell,224907909
2024-07-19 14:21:33,87600.0,100,Sell,224907910
2024-07-19 14:21:33,87600.0,300,Sell,224907911
2024-07-19 14:21:42,87600.0,200,Sell,224908514
2024-07-19 14:21:42,87600.0,100,Sell,224908513
2024-07-19 14:21:42,87600.0,100,Sell,224908512
2024-07-19 14:21:42,87600.0,100,Sell,224908511
2024-07-19 14:21:42,87600.0,100,Sell,224908508
2024-07-19 14:21:42,87600.0,100,Sell,224908509
2024-07-19 14:21:42,87700.0,500,Buy,224908506
2024-07-19 14:21:42,87600.0,100,Sell,224908510
2024-07-19 14:21:42,87600.0,200,Sell,224908507
2024-07-19 14:21:45,87600.0,100,Sell,224908719
2024-07-19 14:21:45,87600.0,700,Sell,224908717
2024-07-19 14:21:45,87600.0,200,Sell,224908718
2024-07-19 14:21:46,87700.0,200,Buy,224908818
2024-07-19 14:21:53,87700.0,500,Buy,224909369
2024-07-19 14:21:53,87700.0,500,Buy,224909368
2024-07-19 14:21:56,87800.0,100,Sell,224909617
2024-07-19 14:22:05,87600.0,1000,Sell,224910408
2024-07-19 14:22:14,87600.0,100,Sell,224910990
2024-07-19 14:22:19,87900.0,1000,Buy,224911375
2024-07-19 14:22:26,87700.0,1000,Sell,224911791
2024-07-19 14:22:29,87900.0,1000,Buy,224911932
2024-07-19 14:22:47,87700.0,1100,Sell,224913097
2024-07-19 14:23:03,87700.0,900,Sell,224913890
2024-07-19 14:23:03,87700.0,1000,Sell,224913891
2024-07-19 14:23:03,87700.0,100,Sell,224913892
2024-07-19 14:23:09,87700.0,100,Buy,224914210
2024-07-19 14:23:09,87700.0,100,Sell,224914185
2024-07-19 14:23:25,87700.0,500,Buy,224915023
2024-07-19 14:23:25,87700.0,100,Buy,224915024
2024-07-19 14:23:25,87600.0,100,Sell,224915025
2024-07-19 14:23:30,87600.0,1000,Sell,224915253
2024-07-19 14:23:34,87600.0,200,Sell,224915499
2024-07-19 14:23:47,87700.0,200,Sell,224916221
2024-07-19 14:23:47,87700.0,200,Buy,224916222
2024-07-19 14:24:00,87700.0,600,Buy,224916834
2024-07-19 14:24:08,87800.0,1000,Sell,224917306
2024-07-19 14:24:17,87700.0,200,Sell,224917808
2024-07-19 14:24:23,87900.0,1000,Buy,224918138
2024-07-19 14:24:29,87800.0,200,Sell,224918440
2024-07-19 14:24:31,87800.0,800,Buy,224918600
2024-07-19 14:24:31,87900.0,200,Buy,224918601
2024-07-19 14:24:40,87900.0,300,Buy,224919250
2024-07-19 14:24:40,87900.0,700,Buy,224919251
2024-07-19 14:24:47,87900.0,300,Buy,224919611
2024-07-19 14:24:47,87900.0,500,Buy,224919612
2024-07-19 14:24:47,87900.0,100,Buy,224919613
2024-07-19 14:24:47,88000.0,100,Buy,224919614
2024-07-19 14:24:50,87700.0,1000,Sell,224919851
2024-07-19 14:25:10,87700.0,200,Sell,224921141
2024-07-19 14:25:11,87700.0,200,Sell,224921148
2024-07-19 14:25:11,87700.0,100,Sell,224921147
2024-07-19 14:25:11,87700.0,200,Sell,224921145
2024-07-19 14:25:11,87700.0,200,Sell,224921144
2024-07-19 14:25:11,87700.0,100,Sell,224921146
2024-07-19 14:25:32,87800.0,100,Sell,224922254
2024-07-19 14:25:41,87800.0,100,Buy,224922706
2024-07-19 14:25:43,87800.0,100,Buy,224922777
2024-07-19 14:25:53,87700.0,300,Sell,224923288
2024-07-19 14:25:53,87700.0,300,Sell,224923289
2024-07-19 14:25:53,87700.0,300,Sell,224923290
2024-07-19 14:25:54,87700.0,700,Sell,224923378
2024-07-19 14:26:10,87800.0,300,Sell,224924132
2024-07-19 14:26:12,87800.0,200,Buy,224924180
2024-07-19 14:26:21,87800.0,100,Buy,224924687
2024-07-19 14:26:31,87700.0,300,Sell,224925344
2024-07-19 14:26:33,87700.0,300,Sell,224925433
2024-07-19 14:26:33,87800.0,100,Buy,224925434
2024-07-19 14:26:35,87700.0,1000,Sell,224925536
2024-07-19 14:26:39,87800.0,100,Buy,224925711
2024-07-19 14:26:46,88000.0,200,Buy,224926085
2024-07-19 14:27:36,87900.0,100,Sell,224929057
2024-07-19 14:28:13,87900.0,100,Sell,224931169
2024-07-19 14:28:16,87900.0,100,Sell,224931333
2024-07-19 14:28:31,88000.0,100,Buy,224932041
2024-07-19 14:28:31,88000.0,100,Buy,224932040
2024-07-19 14:28:31,88000.0,1000,Buy,224932039
2024-07-19 14:28:31,88000.0,10000,Buy,224932038
2024-07-19 14:28:31,88000.0,2000,Buy,224932036
2024-07-19 14:28:31,88000.0,800,Buy,224932035
2024-07-19 14:28:31,88000.0,500,Buy,224932037
2024-07-19 14:28:34,88000.0,1500,Sell,224932327
2024-07-19 14:28:38,88000.0,4000,Sell,224932625
2024-07-19 14:28:43,88000.0,100,Buy,224932912
2024-07-19 14:28:46,88000.0,500,Buy,224933166
2024-07-19 14:29:21,88000.0,500,Sell,224935757
2024-07-19 14:29:26,88000.0,100,Sell,224936162
2024-07-19 14:29:29,88000.0,400,Buy,224936409
2024-07-19 14:44:41,87500.0,223600,ATO/ATC,224938170
