time,price,volume,match_type,id
2024-08-30 09:14:57,91500.0,8100,ATO/ATC,235893488
2024-08-30 09:15:10,91500.0,100,Sell,235893765
2024-08-30 09:15:10,91500.0,100,Sell,235893766
2024-08-30 09:15:30,91500.0,100,Sell,235894020
2024-08-30 09:19:49,91500.0,200,Sell,235898029
2024-08-30 09:19:49,91500.0,600,Sell,235898028
2024-08-30 09:19:49,91500.0,500,Sell,235898030
2024-08-30 09:20:27,91500.0,200,Sell,235898671
2024-08-30 09:20:48,91600.0,100,Buy,235898926
2024-08-30 09:20:48,91600.0,100,Buy,235898927
2024-08-30 09:20:48,91600.0,200,Buy,235898931
2024-08-30 09:20:53,91600.0,300,Buy,235898991
2024-08-30 09:20:53,91600.0,200,Buy,235898992
2024-08-30 09:20:53,91600.0,100,Buy,235898998
2024-08-30 09:21:12,91600.0,100,Sell,235899233
2024-08-30 09:21:12,91600.0,100,Sell,235899234
2024-08-30 09:21:31,91700.0,100,Buy,235899478
2024-08-30 09:21:40,91700.0,100,Buy,235899598
2024-08-30 09:23:25,91700.0,100,Sell,235901689
2024-08-30 09:23:36,91700.0,300,Sell,235901944
2024-08-30 09:24:10,91800.0,100,Sell,235902603
2024-08-30 09:24:18,92000.0,100,Buy,235902776
2024-08-30 09:24:55,92000.0,100,Buy,235903607
2024-08-30 09:25:42,92000.0,1200,Buy,235904497
2024-08-30 09:26:35,92000.0,300,Buy,235905363
2024-08-30 09:26:35,92000.0,100,Buy,235905364
2024-08-30 09:26:35,92000.0,100,Buy,235905365
2024-08-30 09:26:35,92000.0,100,Buy,235905366
2024-08-30 09:26:35,92000.0,100,Buy,235905367
2024-08-30 09:26:35,92000.0,800,Buy,235905368
2024-08-30 09:26:35,92000.0,300,Buy,235905369
2024-08-30 09:26:35,92000.0,100,Buy,235905370
2024-08-30 09:26:35,92000.0,2000,Buy,235905371
2024-08-30 09:27:10,92000.0,200,Sell,235905930
2024-08-30 09:27:18,92100.0,500,Buy,235906059
2024-08-30 09:27:18,92100.0,200,Buy,235906060
2024-08-30 09:27:18,92100.0,300,Buy,235906058
2024-08-30 09:27:59,92100.0,400,Buy,235906858
2024-08-30 09:28:13,92100.0,600,Buy,235907134
2024-08-30 09:28:22,92100.0,400,Sell,235907278
2024-08-30 09:28:22,92100.0,200,Sell,235907279
2024-08-30 09:28:36,92100.0,300,Buy,235907474
2024-08-30 09:28:53,92100.0,300,Buy,235907795
2024-08-30 09:28:53,92100.0,500,Buy,235907796
2024-08-30 09:28:53,92100.0,200,Buy,235907810
2024-08-30 09:28:59,92100.0,200,Buy,235907897
2024-08-30 09:28:59,92100.0,100,Buy,235907898
2024-08-30 09:29:00,92100.0,100,Buy,235907902
2024-08-30 09:29:19,92100.0,300,Buy,235908221
2024-08-30 09:29:19,92100.0,400,Buy,235908247
2024-08-30 09:29:35,92100.0,200,Buy,235908643
2024-08-30 09:30:14,92000.0,100,Sell,235909275
2024-08-30 09:30:47,92000.0,100,Sell,235909865
2024-08-30 09:30:47,92000.0,200,Sell,235909872
2024-08-30 09:30:47,92000.0,100,Sell,235909871
2024-08-30 09:30:47,92000.0,200,Sell,235909870
2024-08-30 09:30:47,92000.0,700,Sell,235909869
2024-08-30 09:30:47,92000.0,200,Sell,235909868
2024-08-30 09:30:47,92000.0,100,Sell,235909867
2024-08-30 09:30:47,92000.0,300,Sell,235909866
2024-08-30 09:30:47,92000.0,800,Sell,235909864
2024-08-30 09:30:47,92000.0,100,Buy,235909873
2024-08-30 09:30:47,92000.0,200,Sell,235909862
2024-08-30 09:30:47,92000.0,100,Sell,235909861
2024-08-30 09:30:47,92000.0,100,Sell,235909860
2024-08-30 09:30:47,92000.0,900,Sell,235909859
2024-08-30 09:30:47,92000.0,200,Sell,235909858
2024-08-30 09:30:47,92000.0,500,Sell,235909857
2024-08-30 09:30:47,92000.0,300,Sell,235909856
2024-08-30 09:30:47,92000.0,300,Sell,235909855
2024-08-30 09:30:47,92000.0,300,Sell,235909863
2024-08-30 09:30:47,92000.0,800,Sell,235909854
2024-08-30 09:30:51,92000.0,800,Buy,235909964
2024-08-30 09:30:58,92000.0,900,Buy,235910070
2024-08-30 09:31:00,92000.0,500,Buy,235910102
2024-08-30 09:31:11,92000.0,1300,Buy,235910314
2024-08-30 09:31:23,92000.0,700,Sell,235910469
2024-08-30 09:32:06,92000.0,100,Buy,235911461
2024-08-30 09:32:29,92000.0,300,Buy,235911960
2024-08-30 09:32:33,92000.0,5000,Buy,235912015
2024-08-30 09:32:38,92000.0,100,Buy,235912121
2024-08-30 09:33:15,92000.0,500,Buy,235913034
2024-08-30 09:33:15,92000.0,300,Buy,235913035
2024-08-30 09:33:16,92000.0,200,Buy,235913039
2024-08-30 09:34:08,92000.0,1200,Buy,235914177
2024-08-30 09:34:08,92000.0,300,Buy,235914178
2024-08-30 09:34:08,92000.0,500,Buy,235914179
2024-08-30 09:34:12,92000.0,500,Buy,235914280
2024-08-30 09:34:12,92000.0,100,Buy,235914281
2024-08-30 09:34:25,92000.0,2000,Buy,235914717
2024-08-30 09:34:42,92000.0,900,Buy,235915059
2024-08-30 09:35:10,92000.0,200,Buy,235915709
2024-08-30 09:35:10,92000.0,100,Buy,235915710
2024-08-30 09:35:10,92000.0,100,Buy,235915711
2024-08-30 09:35:16,92000.0,500,Buy,235915827
2024-08-30 09:35:16,92000.0,200,Buy,235915828
2024-08-30 09:35:16,92000.0,300,Buy,235915829
2024-08-30 09:35:21,92000.0,1000,Buy,235915954
2024-08-30 09:35:21,92000.0,300,Buy,235915953
2024-08-30 09:35:21,92000.0,2700,Buy,235915952
2024-08-30 09:35:21,91900.0,100,Sell,235915946
2024-08-30 09:35:21,91900.0,100,Sell,235915945
2024-08-30 09:35:21,91900.0,200,Sell,235915944
2024-08-30 09:35:21,91900.0,300,Sell,235915943
2024-08-30 09:35:21,91900.0,200,Sell,235915942
2024-08-30 09:35:21,91900.0,200,Sell,235915940
2024-08-30 09:35:21,91900.0,200,Sell,235915941
2024-08-30 09:35:21,91900.0,100,Sell,235915933
2024-08-30 09:35:21,91900.0,100,Sell,235915934
2024-08-30 09:35:21,91900.0,400,Sell,235915935
2024-08-30 09:35:21,91900.0,100,Sell,235915937
2024-08-30 09:35:21,91900.0,100,Sell,235915938
2024-08-30 09:35:21,91900.0,100,Sell,235915939
2024-08-30 09:35:21,91900.0,300,Sell,235915936
2024-08-30 09:36:41,92000.0,500,Sell,235917648
2024-08-30 09:36:49,92000.0,600,Sell,235917794
2024-08-30 09:36:49,92000.0,500,Sell,235917787
2024-08-30 09:36:49,92000.0,100,Sell,235917788
2024-08-30 09:36:49,92000.0,500,Sell,235917789
2024-08-30 09:36:49,92000.0,300,Sell,235917790
2024-08-30 09:36:49,92000.0,200,Sell,235917791
2024-08-30 09:36:49,92000.0,100,Sell,235917792
2024-08-30 09:36:49,92000.0,100,Sell,235917793
2024-08-30 09:36:49,92000.0,1000,Sell,235917795
2024-08-30 09:37:29,92000.0,200,Sell,235918475
2024-08-30 09:37:29,92000.0,100,Sell,235918474
2024-08-30 09:37:29,92000.0,100,Sell,235918472
2024-08-30 09:37:29,92000.0,1000,Sell,235918471
2024-08-30 09:37:29,92000.0,400,Sell,235918473
2024-08-30 09:37:37,92000.0,100,Sell,235918631
2024-08-30 09:37:37,92000.0,100,Sell,235918632
2024-08-30 09:37:40,92000.0,100,Sell,235918695
2024-08-30 09:37:40,92000.0,300,Sell,235918696
2024-08-30 09:37:40,92000.0,200,Sell,235918697
2024-08-30 09:37:40,92000.0,200,Sell,235918698
2024-08-30 09:37:40,92000.0,200,Sell,235918699
2024-08-30 09:37:42,92000.0,500,Buy,235918734
2024-08-30 09:37:42,92000.0,200,Buy,235918735
2024-08-30 09:37:42,92000.0,300,Buy,235918736
2024-08-30 09:37:50,92000.0,100,Buy,235918880
2024-08-30 09:37:50,92000.0,100,Buy,235918879
2024-08-30 09:38:30,92000.0,100,Sell,235919597
2024-08-30 09:38:41,92000.0,300,Sell,235919811
2024-08-30 09:38:41,92000.0,100,Sell,235919810
2024-08-30 09:38:53,92000.0,100,Sell,235919987
2024-08-30 09:38:53,92000.0,400,Sell,235919988
2024-08-30 09:39:13,92000.0,100,Sell,235920523
2024-08-30 09:39:42,92000.0,400,Sell,235920963
2024-08-30 09:39:42,92000.0,100,Sell,235920964
2024-08-30 09:39:42,92000.0,200,Sell,235920965
2024-08-30 09:39:48,91900.0,100,Sell,235921050
2024-08-30 09:39:48,91900.0,200,Sell,235921051
2024-08-30 09:39:48,91900.0,100,Sell,235921052
2024-08-30 09:39:48,91900.0,100,Sell,235921053
2024-08-30 09:41:24,91900.0,100,Sell,235922580
2024-08-30 09:41:24,91900.0,200,Sell,235922581
2024-08-30 09:41:24,91900.0,100,Sell,235922582
2024-08-30 09:42:15,91900.0,100,Sell,235923764
2024-08-30 09:43:11,91900.0,100,Sell,235924871
2024-08-30 09:44:14,92000.0,700,Buy,235926408
2024-08-30 09:44:14,92000.0,2000,Buy,235926409
2024-08-30 09:44:14,92000.0,100,Buy,235926410
2024-08-30 09:44:14,92000.0,100,Buy,235926411
2024-08-30 09:44:14,92000.0,400,Buy,235926412
2024-08-30 09:44:30,92000.0,100,Buy,235926853
2024-08-30 09:44:30,92000.0,3200,Buy,235926854
2024-08-30 09:45:07,92000.0,3300,Buy,235927735
2024-08-30 09:45:40,92000.0,3300,Buy,235928461
2024-08-30 09:45:42,92000.0,200,Buy,235928514
2024-08-30 09:45:42,92000.0,1000,Buy,235928515
2024-08-30 09:46:22,92000.0,900,Sell,235929475
2024-08-30 09:46:22,92000.0,600,Sell,235929476
2024-08-30 09:47:40,92000.0,500,Sell,235931257
2024-08-30 09:48:33,92100.0,100,Buy,235932539
2024-08-30 09:49:15,92100.0,1000,Buy,235933658
2024-08-30 09:49:16,92100.0,3300,Buy,235933730
2024-08-30 09:49:41,92100.0,900,Buy,235934404
2024-08-30 09:49:58,92100.0,100,Buy,235934937
2024-08-30 09:51:07,92100.0,500,Buy,235937123
2024-08-30 09:51:07,92100.0,900,Buy,235937124
2024-08-30 09:51:07,92100.0,100,Buy,235937125
2024-08-30 09:51:07,92100.0,500,Buy,235937126
2024-08-30 09:51:19,92100.0,500,Buy,235937518
2024-08-30 09:51:19,92100.0,300,Buy,235937519
2024-08-30 09:51:29,92100.0,500,Buy,235937886
2024-08-30 09:51:29,92100.0,200,Buy,235937887
2024-08-30 09:51:30,92100.0,300,Buy,235937891
2024-08-30 09:51:32,92100.0,1000,Buy,235937955
2024-08-30 09:51:32,92100.0,100,Buy,235937954
2024-08-30 09:51:32,92100.0,1000,Buy,235937953
2024-08-30 09:51:32,92100.0,300,Buy,235937952
2024-08-30 09:51:32,92100.0,800,Buy,235937951
2024-08-30 09:51:32,92100.0,100,Buy,235937944
2024-08-30 09:51:32,92100.0,500,Buy,235937943
2024-08-30 09:51:32,92100.0,400,Buy,235937942
2024-08-30 09:51:32,92100.0,1000,Buy,235937941
2024-08-30 09:51:32,92100.0,1700,Buy,235937940
2024-08-30 09:51:32,92100.0,100,Buy,235937945
2024-08-30 09:51:41,92100.0,100,Buy,235938253
2024-08-30 09:51:49,92100.0,100,Buy,235938562
2024-08-30 09:52:07,92100.0,500,Buy,235939204
2024-08-30 09:52:50,92100.0,100,Buy,235940302
2024-08-30 09:53:25,92100.0,500,Buy,235941263
2024-08-30 09:53:25,92100.0,400,Buy,235941264
2024-08-30 09:53:32,92100.0,100,Buy,235941402
2024-08-30 09:53:32,92100.0,200,Buy,235941403
2024-08-30 09:53:32,92100.0,200,Buy,235941400
2024-08-30 09:53:32,92100.0,100,Buy,235941401
2024-08-30 09:53:32,92100.0,400,Buy,235941385
2024-08-30 09:53:32,92100.0,300,Buy,235941395
2024-08-30 09:53:32,92100.0,100,Buy,235941394
2024-08-30 09:53:32,92100.0,200,Buy,235941396
2024-08-30 09:53:33,92100.0,100,Buy,235941404
2024-08-30 09:54:12,92100.0,200,Sell,235942442
2024-08-30 09:54:12,92100.0,300,Sell,235942443
2024-08-30 09:54:45,92100.0,500,Buy,235943100
2024-08-30 09:54:45,92100.0,300,Buy,235943101
2024-08-30 09:54:58,92100.0,100,Sell,235943402
2024-08-30 09:55:36,92100.0,200,Sell,235944224
2024-08-30 09:56:01,92100.0,1000,Sell,235944733
2024-08-30 09:58:00,92100.0,300,Sell,235947124
2024-08-30 09:58:01,92100.0,100,Sell,235947141
2024-08-30 09:58:01,92100.0,900,Sell,235947150
2024-08-30 09:58:01,92100.0,100,Sell,235947149
2024-08-30 09:58:01,92100.0,100,Sell,235947147
2024-08-30 09:58:01,92100.0,600,Sell,235947146
2024-08-30 09:58:01,92100.0,100,Sell,235947144
2024-08-30 09:58:01,92100.0,200,Sell,235947143
2024-08-30 09:58:01,92100.0,100,Sell,235947142
2024-08-30 09:58:01,92100.0,3100,Sell,235947152
2024-08-30 09:58:01,92100.0,300,Sell,235947140
2024-08-30 09:58:01,92100.0,200,Sell,235947151
2024-08-30 09:58:01,92100.0,200,Sell,235947138
2024-08-30 09:58:01,92100.0,100,Sell,235947139
2024-08-30 09:58:01,92100.0,900,Sell,235947128
2024-08-30 09:58:01,92100.0,200,Sell,235947129
2024-08-30 09:58:01,92100.0,200,Sell,235947130
2024-08-30 09:58:01,92100.0,200,Sell,235947131
2024-08-30 09:58:01,92100.0,200,Sell,235947148
2024-08-30 09:58:01,92100.0,100,Sell,235947133
2024-08-30 09:58:01,92100.0,1000,Sell,235947134
2024-08-30 09:58:01,92100.0,300,Sell,235947135
2024-08-30 09:58:01,92100.0,500,Sell,235947136
2024-08-30 09:58:01,92100.0,100,Sell,235947132
2024-08-30 09:58:01,92100.0,200,Sell,235947137
2024-08-30 09:58:03,92100.0,200,Sell,235947200
2024-08-30 09:58:03,92100.0,200,Sell,235947201
2024-08-30 09:58:07,92100.0,400,Sell,235947267
2024-08-30 09:58:26,92100.0,100,Sell,235947542
2024-08-30 09:58:56,92100.0,100,Sell,235948109
2024-08-30 09:59:44,92200.0,700,Buy,235949048
2024-08-30 10:00:56,92200.0,100,Buy,235950545
2024-08-30 10:00:56,92200.0,500,Buy,235950544
2024-08-30 10:00:56,92200.0,300,Buy,235950543
2024-08-30 10:01:37,92200.0,200,Buy,235951305
2024-08-30 10:01:37,92200.0,300,Buy,235951304
2024-08-30 10:01:37,92200.0,100,Buy,235951303
2024-08-30 10:01:37,92200.0,100,Buy,235951302
2024-08-30 10:01:37,92200.0,100,Buy,235951298
2024-08-30 10:01:37,92200.0,1000,Buy,235951300
2024-08-30 10:01:37,92200.0,100,Buy,235951299
2024-08-30 10:01:37,92200.0,1000,Buy,235951297
2024-08-30 10:01:37,92200.0,300,Buy,235951296
2024-08-30 10:01:37,92200.0,100,Buy,235951301
2024-08-30 10:01:53,92100.0,100,Sell,235951708
2024-08-30 10:03:57,92100.0,300,Sell,235954292
2024-08-30 10:04:42,92100.0,1000,Sell,235955183
2024-08-30 10:04:46,92200.0,900,Buy,235955296
2024-08-30 10:04:46,92200.0,500,Buy,235955297
2024-08-30 10:04:46,92200.0,100,Buy,235955298
2024-08-30 10:04:47,92200.0,500,Buy,235955303
2024-08-30 10:04:52,92200.0,100,Buy,235955427
2024-08-30 10:04:52,92200.0,100,Buy,235955426
2024-08-30 10:04:52,92200.0,100,Buy,235955429
2024-08-30 10:04:52,92200.0,500,Buy,235955432
2024-08-30 10:04:52,92200.0,100,Buy,235955428
2024-08-30 10:04:52,92200.0,100,Buy,235955425
2024-08-30 10:04:52,92200.0,100,Buy,235955420
2024-08-30 10:04:52,92200.0,100,Buy,235955423
2024-08-30 10:04:52,92200.0,400,Buy,235955417
2024-08-30 10:04:52,92200.0,100,Buy,235955418
2024-08-30 10:04:52,92200.0,100,Buy,235955424
2024-08-30 10:04:52,92200.0,100,Buy,235955421
2024-08-30 10:04:52,92200.0,100,Buy,235955419
2024-08-30 10:05:15,92200.0,200,Buy,235955779
2024-08-30 10:05:15,92200.0,100,Buy,235955814
2024-08-30 10:05:15,92200.0,300,Buy,235955813
2024-08-30 10:05:15,92200.0,100,Buy,235955812
2024-08-30 10:05:15,92200.0,200,Buy,235955805
2024-08-30 10:05:15,92200.0,100,Buy,235955785
2024-08-30 10:05:15,92200.0,100,Buy,235955778
2024-08-30 10:05:15,92200.0,200,Buy,235955783
2024-08-30 10:05:15,92200.0,100,Buy,235955782
2024-08-30 10:05:15,92200.0,100,Buy,235955781
2024-08-30 10:05:15,92200.0,100,Buy,235955780
2024-08-30 10:05:15,92200.0,300,Buy,235955784
2024-08-30 10:05:40,92200.0,400,Buy,235956227
2024-08-30 10:05:40,92200.0,100,Buy,235956223
2024-08-30 10:05:40,92200.0,100,Buy,235956216
2024-08-30 10:05:40,92200.0,200,Buy,235956217
2024-08-30 10:05:40,92200.0,300,Buy,235956210
2024-08-30 10:05:40,92200.0,100,Buy,235956209
2024-08-30 10:05:40,92200.0,100,Buy,235956208
2024-08-30 10:05:40,92200.0,200,Buy,235956215
2024-08-30 10:05:40,92200.0,200,Buy,235956211
2024-08-30 10:06:05,92200.0,700,Buy,235956699
2024-08-30 10:06:32,92200.0,900,Buy,235957153
2024-08-30 10:06:32,92200.0,500,Buy,235957154
2024-08-30 10:06:32,92200.0,600,Buy,235957155
2024-08-30 10:06:42,92200.0,100,Buy,235957299
2024-08-30 10:06:42,92200.0,100,Buy,235957300
2024-08-30 10:06:42,92200.0,100,Buy,235957301
2024-08-30 10:07:26,92200.0,2000,Buy,235958103
2024-08-30 10:07:35,92100.0,700,Sell,235958274
2024-08-30 10:08:03,92100.0,100,Sell,235958710
2024-08-30 10:09:24,92100.0,100,Sell,235959956
2024-08-30 10:09:41,92100.0,200,Sell,235960188
2024-08-30 10:09:41,92100.0,100,Sell,235960189
2024-08-30 10:09:41,92100.0,100,Sell,235960190
2024-08-30 10:09:41,92100.0,300,Sell,235960191
2024-08-30 10:09:41,92100.0,600,Sell,235960192
2024-08-30 10:09:41,92100.0,100,Sell,235960193
2024-08-30 10:09:41,92100.0,200,Sell,235960194
2024-08-30 10:09:41,92100.0,100,Sell,235960195
2024-08-30 10:09:41,92100.0,100,Sell,235960196
2024-08-30 10:09:41,92100.0,200,Sell,235960187
2024-08-30 10:10:25,92100.0,200,Sell,235960889
2024-08-30 10:10:25,92100.0,800,Sell,235960890
2024-08-30 10:10:39,92100.0,400,Sell,235961130
2024-08-30 10:11:10,92100.0,100,Sell,235961603
2024-08-30 10:11:14,92200.0,200,Buy,235961688
2024-08-30 10:11:14,92200.0,100,Buy,235961689
2024-08-30 10:11:14,92200.0,100,Buy,235961690
2024-08-30 10:11:14,92200.0,200,Buy,235961694
2024-08-30 10:11:14,92200.0,300,Buy,235961695
2024-08-30 10:11:14,92200.0,100,Buy,235961696
2024-08-30 10:11:14,92200.0,200,Buy,235961697
2024-08-30 10:11:14,92200.0,100,Buy,235961698
2024-08-30 10:11:14,92200.0,200,Buy,235961687
2024-08-30 10:11:15,92200.0,400,Buy,235961704
2024-08-30 10:12:09,92200.0,900,Buy,235962512
2024-08-30 10:13:20,92200.0,100,Buy,235963740
2024-08-30 10:15:00,92100.0,200,Sell,235965407
2024-08-30 10:15:31,92100.0,500,Sell,235965820
2024-08-30 10:16:27,92100.0,500,Sell,235966748
2024-08-30 10:18:56,92100.0,300,Sell,235969067
2024-08-30 10:20:30,92100.0,100,Sell,235970317
2024-08-30 10:20:48,92200.0,100,Buy,235970594
2024-08-30 10:20:58,92200.0,100,Buy,235970851
2024-08-30 10:20:58,92200.0,100,Buy,235970852
2024-08-30 10:20:58,92200.0,200,Buy,235970853
2024-08-30 10:20:58,92200.0,600,Buy,235970854
2024-08-30 10:21:31,92200.0,100,Buy,235971382
2024-08-30 10:22:16,92200.0,100,Buy,235972063
2024-08-30 10:22:23,92200.0,100,Buy,235972183
2024-08-30 10:22:29,92200.0,1000,Buy,235972244
2024-08-30 10:22:36,92200.0,1000,Buy,235972300
2024-08-30 10:23:23,92200.0,800,Buy,235972981
2024-08-30 10:23:35,92200.0,3300,Buy,235973218
2024-08-30 10:25:07,92200.0,200,Buy,235974488
2024-08-30 10:25:18,92200.0,300,Buy,235974616
2024-08-30 10:25:18,92200.0,200,Buy,235974615
2024-08-30 10:25:18,92200.0,700,Buy,235974614
2024-08-30 10:25:18,92200.0,200,Buy,235974613
2024-08-30 10:25:18,92200.0,1000,Buy,235974611
2024-08-30 10:25:18,92200.0,800,Buy,235974610
2024-08-30 10:25:18,92200.0,100,Buy,235974612
2024-08-30 10:25:43,92200.0,200,Buy,235974946
2024-08-30 10:25:43,92200.0,300,Buy,235974947
2024-08-30 10:25:43,92200.0,100,Buy,235974948
2024-08-30 10:25:43,92200.0,100,Buy,235974949
2024-08-30 10:25:43,92200.0,200,Buy,235974950
2024-08-30 10:25:43,92200.0,1000,Buy,235974951
2024-08-30 10:25:43,92200.0,1400,Buy,235974952
2024-08-30 10:25:54,92200.0,600,Buy,235975141
2024-08-30 10:25:54,92200.0,100,Buy,235975142
2024-08-30 10:25:54,92200.0,400,Buy,235975143
2024-08-30 10:25:59,92200.0,3300,Buy,235975323
2024-08-30 10:26:17,92200.0,300,Buy,235975529
2024-08-30 10:26:17,92200.0,3000,Buy,235975530
2024-08-30 10:26:20,92200.0,1000,Buy,235975614
2024-08-30 10:26:21,92200.0,100,Buy,235975630
2024-08-30 10:26:29,92200.0,400,Buy,235975785
2024-08-30 10:26:29,92200.0,200,Buy,235975786
2024-08-30 10:26:29,92200.0,300,Buy,235975787
2024-08-30 10:26:29,92200.0,200,Buy,235975788
2024-08-30 10:26:29,92200.0,1000,Buy,235975789
2024-08-30 10:26:29,92200.0,1200,Buy,235975790
2024-08-30 10:26:36,92200.0,100,Buy,235975942
2024-08-30 10:26:40,92200.0,700,Buy,235975986
2024-08-30 10:26:40,92200.0,500,Buy,235975987
2024-08-30 10:26:40,92200.0,100,Buy,235975988
2024-08-30 10:26:40,92200.0,700,Buy,235975989
2024-08-30 10:26:42,92200.0,100,Buy,235976010
2024-08-30 10:26:42,92200.0,300,Buy,235976009
2024-08-30 10:26:42,92200.0,100,Buy,235976005
2024-08-30 10:26:42,92200.0,800,Buy,235976004
2024-08-30 10:26:42,92200.0,500,Buy,235976003
2024-08-30 10:26:42,92200.0,200,Buy,235976008
2024-08-30 10:26:45,92200.0,100,Buy,235976090
2024-08-30 10:26:45,92200.0,500,Buy,235976091
2024-08-30 10:26:45,92200.0,100,Buy,235976092
2024-08-30 10:26:59,92200.0,400,Sell,235976303
2024-08-30 10:27:05,92200.0,100,Buy,235976358
2024-08-30 10:27:09,92200.0,500,Sell,235976402
2024-08-30 10:27:09,92200.0,1000,Sell,235976403
2024-08-30 10:27:09,92200.0,400,Sell,235976404
2024-08-30 10:27:09,92200.0,300,Sell,235976405
2024-08-30 10:27:09,92200.0,400,Sell,235976406
2024-08-30 10:27:09,92200.0,800,Sell,235976407
2024-08-30 10:27:13,92200.0,500,Buy,235976465
2024-08-30 10:27:13,92200.0,900,Buy,235976462
2024-08-30 10:27:13,92200.0,600,Buy,235976463
2024-08-30 10:27:30,92200.0,100,Buy,235976716
2024-08-30 10:27:30,92200.0,100,Buy,235976734
2024-08-30 10:27:30,92200.0,200,Buy,235976733
2024-08-30 10:27:30,92200.0,300,Buy,235976732
2024-08-30 10:27:30,92200.0,400,Buy,235976731
2024-08-30 10:27:30,92200.0,200,Buy,235976715
2024-08-30 10:27:30,92200.0,100,Buy,235976727
2024-08-30 10:27:30,92200.0,200,Buy,235976726
2024-08-30 10:27:30,92200.0,200,Buy,235976717
2024-08-30 10:27:30,92200.0,100,Buy,235976728
2024-08-30 10:27:54,92200.0,600,Buy,235976990
2024-08-30 10:27:54,92200.0,1000,Buy,235976991
2024-08-30 10:28:44,92200.0,600,Buy,235977629
2024-08-30 10:28:44,92200.0,400,Buy,235977630
2024-08-30 10:28:44,92200.0,100,Buy,235977627
2024-08-30 10:28:44,92200.0,400,Buy,235977628
2024-08-30 10:28:44,92200.0,100,Buy,235977626
2024-08-30 10:29:01,92200.0,600,Buy,235977871
2024-08-30 10:29:01,92200.0,100,Buy,235977872
2024-08-30 10:29:10,92200.0,100,Sell,235977980
2024-08-30 10:29:33,92300.0,100,Buy,235978332
2024-08-30 10:29:33,92300.0,400,Buy,235978333
2024-08-30 10:29:33,92300.0,200,Buy,235978335
2024-08-30 10:29:33,92300.0,100,Buy,235978336
2024-08-30 10:29:33,92300.0,600,Buy,235978338
2024-08-30 10:29:33,92300.0,100,Buy,235978331
2024-08-30 10:29:33,92300.0,100,Buy,235978334
2024-08-30 10:30:19,92300.0,400,Buy,235979078
2024-08-30 10:30:19,92300.0,600,Buy,235979079
2024-08-30 10:30:23,92300.0,1000,Buy,235979123
2024-08-30 10:30:23,92300.0,600,Buy,235979122
2024-08-30 10:30:53,92300.0,300,Buy,235979541
2024-08-30 10:30:53,92300.0,400,Buy,235979539
2024-08-30 10:30:53,92300.0,100,Buy,235979540
2024-08-30 10:31:12,92300.0,100,Buy,235979888
2024-08-30 10:31:12,92300.0,200,Buy,235979889
2024-08-30 10:31:12,92300.0,600,Buy,235979890
2024-08-30 10:31:12,92300.0,700,Buy,235979887
2024-08-30 10:31:25,92200.0,100,Sell,235980075
2024-08-30 10:31:43,92300.0,1100,Buy,235980373
2024-08-30 10:31:50,92200.0,200,Sell,235980533
2024-08-30 10:32:02,92300.0,600,Buy,235980811
2024-08-30 10:32:02,92300.0,1000,Buy,235980812
2024-08-30 10:32:24,92300.0,100,Buy,235981190
2024-08-30 10:32:50,92300.0,600,Buy,235981692
2024-08-30 10:32:50,92300.0,1000,Buy,235981693
2024-08-30 10:33:10,92200.0,300,Sell,235982050
2024-08-30 10:33:10,92200.0,500,Sell,235982049
2024-08-30 10:33:10,92200.0,2000,Sell,235982048
2024-08-30 10:33:10,92200.0,200,Sell,235982047
2024-08-30 10:33:10,92200.0,100,Sell,235982044
2024-08-30 10:33:10,92200.0,100,Sell,235982046
2024-08-30 10:33:10,92200.0,200,Sell,235982045
2024-08-30 10:33:10,92200.0,100,Sell,235982043
2024-08-30 10:33:10,92200.0,100,Sell,235982037
2024-08-30 10:33:10,92200.0,100,Sell,235982041
2024-08-30 10:33:10,92200.0,200,Sell,235982040
2024-08-30 10:33:10,92200.0,100,Sell,235982039
2024-08-30 10:33:10,92200.0,300,Sell,235982038
2024-08-30 10:33:10,92200.0,200,Sell,235982051
2024-08-30 10:33:10,92200.0,100,Sell,235982035
2024-08-30 10:33:10,92200.0,2000,Sell,235982034
2024-08-30 10:33:10,92200.0,900,Sell,235982033
2024-08-30 10:33:10,92200.0,100,Sell,235982042
2024-08-30 10:33:10,92200.0,200,Sell,235982036
2024-08-30 10:33:35,92100.0,200,Sell,235982556
2024-08-30 10:33:36,92200.0,100,Buy,235982566
2024-08-30 10:33:41,92200.0,600,Buy,235982632
2024-08-30 10:33:41,92200.0,1000,Buy,235982637
2024-08-30 10:33:50,92200.0,500,Buy,235982811
2024-08-30 10:34:27,92200.0,200,Sell,235983417
2024-08-30 10:34:30,92300.0,600,Buy,235983473
2024-08-30 10:34:30,92300.0,1000,Buy,235983474
2024-08-30 10:34:39,92300.0,800,Buy,235983754
2024-08-30 10:35:20,92300.0,600,Buy,235984603
2024-08-30 10:35:20,92300.0,1000,Buy,235984604
2024-08-30 10:36:09,92300.0,800,Buy,235985469
2024-08-30 10:36:09,92300.0,200,Buy,235985470
2024-08-30 10:36:09,92300.0,600,Buy,235985471
2024-08-30 10:36:43,92200.0,300,Sell,235986016
2024-08-30 10:36:43,92200.0,200,Sell,235986014
2024-08-30 10:36:43,92200.0,500,Sell,235986015
2024-08-30 10:36:59,92300.0,600,Buy,235986270
2024-08-30 10:36:59,92300.0,1000,Buy,235986271
2024-08-30 10:37:48,92300.0,1000,Buy,235987100
2024-08-30 10:37:48,92300.0,600,Buy,235987101
2024-08-30 10:38:22,92300.0,800,Buy,235987753
2024-08-30 10:38:38,92300.0,600,Buy,235988122
2024-08-30 10:38:38,92300.0,1000,Buy,235988123
2024-08-30 10:39:27,92300.0,1000,Buy,235988955
2024-08-30 10:39:27,92300.0,600,Buy,235988956
2024-08-30 10:40:16,92300.0,600,Buy,235989694
2024-08-30 10:40:16,92300.0,1000,Buy,235989695
2024-08-30 10:40:56,92300.0,2000,Buy,235990325
2024-08-30 10:40:56,92300.0,200,Buy,235990327
2024-08-30 10:40:56,92300.0,200,Buy,235990315
2024-08-30 10:40:56,92300.0,200,Buy,235990326
2024-08-30 10:40:56,92300.0,100,Buy,235990313
2024-08-30 10:40:56,92300.0,100,Buy,235990312
2024-08-30 10:40:56,92300.0,400,Buy,235990311
2024-08-30 10:40:56,92300.0,100,Buy,235990314
2024-08-30 10:41:06,92300.0,600,Buy,235990487
2024-08-30 10:41:06,92300.0,1000,Buy,235990488
2024-08-30 10:41:54,92300.0,600,Buy,235991103
2024-08-30 10:41:54,92300.0,1000,Buy,235991104
2024-08-30 10:42:07,92300.0,800,Buy,235991305
2024-08-30 10:42:44,92300.0,1000,Buy,235991855
2024-08-30 10:42:44,92300.0,600,Buy,235991854
2024-08-30 10:43:34,92300.0,1000,Buy,235992792
2024-08-30 10:43:34,92300.0,600,Buy,235992793
2024-08-30 10:44:24,92300.0,600,Buy,235993805
2024-08-30 10:44:24,92300.0,1000,Buy,235993806
2024-08-30 10:45:03,92300.0,900,Buy,235994433
2024-08-30 10:45:03,92300.0,500,Buy,235994434
2024-08-30 10:45:03,92300.0,600,Buy,235994435
2024-08-30 10:45:08,92300.0,500,Buy,235994501
2024-08-30 10:45:08,92300.0,900,Buy,235994497
2024-08-30 10:45:08,92300.0,600,Buy,235994498
2024-08-30 10:45:13,92300.0,1000,Buy,235994576
2024-08-30 10:45:13,92300.0,600,Buy,235994577
2024-08-30 10:45:15,92300.0,300,Buy,235994636
2024-08-30 10:45:15,92300.0,400,Buy,235994637
2024-08-30 10:45:15,92300.0,400,Buy,235994640
2024-08-30 10:45:28,92300.0,600,Buy,235994815
2024-08-30 10:45:28,92300.0,500,Buy,235994816
2024-08-30 10:45:28,92300.0,900,Buy,235994817
2024-08-30 10:45:53,92300.0,400,Buy,235995198
2024-08-30 10:45:53,92300.0,400,Buy,235995199
2024-08-30 10:46:03,92300.0,600,Buy,235995324
2024-08-30 10:46:03,92300.0,1000,Buy,235995325
2024-08-30 10:46:23,92200.0,100,Sell,235995654
2024-08-30 10:46:23,92200.0,400,Sell,235995653
2024-08-30 10:46:23,92200.0,400,Sell,235995651
2024-08-30 10:46:23,92200.0,300,Sell,235995650
2024-08-30 10:46:23,92200.0,300,Sell,235995652
2024-08-30 10:46:48,92200.0,100,Sell,235996068
2024-08-30 10:46:52,92300.0,100,Buy,235996110
2024-08-30 10:46:52,92300.0,900,Buy,235996109
2024-08-30 10:46:52,92300.0,300,Buy,235996106
2024-08-30 10:46:52,92300.0,200,Buy,235996107
2024-08-30 10:46:52,92300.0,100,Buy,235996108
2024-08-30 10:47:11,92200.0,100,Sell,235996463
2024-08-30 10:47:11,92200.0,100,Sell,235996464
2024-08-30 10:47:11,92200.0,400,Sell,235996465
2024-08-30 10:47:11,92200.0,100,Sell,235996467
2024-08-30 10:47:11,92200.0,100,Sell,235996469
2024-08-30 10:47:11,92200.0,200,Sell,235996470
2024-08-30 10:47:11,92200.0,200,Sell,235996471
2024-08-30 10:47:11,92200.0,200,Sell,235996472
2024-08-30 10:47:11,92200.0,100,Sell,235996473
2024-08-30 10:47:11,92200.0,200,Sell,235996474
2024-08-30 10:47:11,92200.0,100,Sell,235996475
2024-08-30 10:47:11,92200.0,100,Sell,235996476
2024-08-30 10:47:11,92200.0,100,Sell,235996477
2024-08-30 10:47:11,92200.0,200,Sell,235996478
2024-08-30 10:47:11,92200.0,300,Sell,235996479
2024-08-30 10:47:11,92200.0,100,Sell,235996480
2024-08-30 10:47:11,92200.0,100,Sell,235996462
2024-08-30 10:47:11,92200.0,100,Sell,235996461
2024-08-30 10:47:11,92200.0,100,Sell,235996468
2024-08-30 10:47:11,92200.0,500,Sell,235996459
2024-08-30 10:47:11,92200.0,700,Sell,235996440
2024-08-30 10:47:11,92200.0,600,Sell,235996460
2024-08-30 10:47:11,92200.0,600,Sell,235996442
2024-08-30 10:47:11,92200.0,2000,Sell,235996443
2024-08-30 10:47:11,92200.0,200,Sell,235996444
2024-08-30 10:47:11,92200.0,200,Sell,235996445
2024-08-30 10:47:11,92200.0,100,Sell,235996446
2024-08-30 10:47:11,92200.0,100,Sell,235996447
2024-08-30 10:47:11,92200.0,200,Sell,235996448
2024-08-30 10:47:11,92200.0,500,Sell,235996441
2024-08-30 10:47:11,92200.0,300,Sell,235996450
2024-08-30 10:47:11,92200.0,100,Sell,235996449
2024-08-30 10:47:11,92200.0,900,Sell,235996458
2024-08-30 10:47:11,92200.0,200,Sell,235996457
2024-08-30 10:47:11,92200.0,200,Sell,235996455
2024-08-30 10:47:11,92200.0,100,Sell,235996466
2024-08-30 10:47:11,92200.0,800,Sell,235996453
2024-08-30 10:47:11,92200.0,300,Sell,235996452
2024-08-30 10:47:11,92200.0,500,Sell,235996451
2024-08-30 10:47:11,92200.0,300,Sell,235996454
2024-08-30 10:47:16,92200.0,100,Buy,235996553
2024-08-30 10:47:33,92200.0,200,Buy,235996786
2024-08-30 10:47:33,92200.0,100,Buy,235996790
2024-08-30 10:47:33,92200.0,200,Buy,235996789
2024-08-30 10:47:33,92200.0,100,Buy,235996788
2024-08-30 10:47:33,92200.0,400,Buy,235996787
2024-08-30 10:47:33,92200.0,100,Buy,235996781
2024-08-30 10:47:33,92200.0,200,Buy,235996782
2024-08-30 10:47:33,92200.0,200,Buy,235996780
2024-08-30 10:47:33,92200.0,100,Buy,235996778
2024-08-30 10:47:33,92200.0,300,Buy,235996783
2024-08-30 10:47:41,92200.0,1000,Buy,235996921
2024-08-30 10:47:42,92200.0,600,Buy,235996922
2024-08-30 10:47:42,92200.0,100,Buy,235996935
2024-08-30 10:48:31,92200.0,600,Buy,235997621
2024-08-30 10:48:31,92200.0,1000,Buy,235997622
2024-08-30 10:48:39,92200.0,500,Buy,235997725
2024-08-30 10:48:39,92200.0,600,Buy,235997721
2024-08-30 10:48:39,92200.0,900,Buy,235997720
2024-08-30 10:48:46,92200.0,400,Buy,235997835
2024-08-30 10:48:46,92200.0,300,Buy,235997821
2024-08-30 10:48:46,92200.0,400,Buy,235997822
2024-08-30 10:48:55,92200.0,500,Buy,235997969
2024-08-30 10:48:55,92200.0,900,Buy,235997971
2024-08-30 10:48:55,92200.0,600,Buy,235997972
2024-08-30 10:49:08,92200.0,2000,Buy,235998173
2024-08-30 10:49:17,92200.0,1700,Buy,235998316
2024-08-30 10:49:21,92200.0,600,Buy,235998362
2024-08-30 10:49:21,92200.0,1000,Buy,235998363
2024-08-30 10:49:37,92200.0,800,Buy,235998673
2024-08-30 10:50:10,92200.0,600,Buy,235999126
2024-08-30 10:50:10,92200.0,1000,Buy,235999127
2024-08-30 10:51:00,92200.0,1000,Buy,235999679
2024-08-30 10:51:00,92200.0,600,Buy,235999680
2024-08-30 10:51:37,92200.0,100,Buy,236000184
2024-08-30 10:51:49,92200.0,1000,Buy,236000293
2024-08-30 10:51:49,92200.0,600,Buy,236000294
2024-08-30 10:52:07,92200.0,400,Buy,236000525
2024-08-30 10:52:07,92200.0,400,Buy,236000526
2024-08-30 10:52:07,92200.0,300,Buy,236000527
2024-08-30 10:52:38,92200.0,100,Buy,236000975
2024-08-30 10:52:38,92200.0,200,Buy,236000974
2024-08-30 10:52:38,92200.0,300,Buy,236000976
2024-08-30 10:52:38,92200.0,1000,Buy,236000962
2024-08-30 10:52:38,92200.0,600,Buy,236000961
2024-08-30 10:52:38,92200.0,100,Buy,236000973
2024-08-30 10:52:39,92200.0,400,Buy,236000977
2024-08-30 10:52:39,92200.0,200,Buy,236000978
2024-08-30 10:52:39,92200.0,100,Buy,236000979
2024-08-30 10:52:39,92200.0,100,Buy,236000980
2024-08-30 10:53:02,92200.0,100,Buy,236001224
2024-08-30 10:53:02,92200.0,200,Buy,236001223
2024-08-30 10:53:02,92200.0,400,Buy,236001222
2024-08-30 10:53:02,92200.0,200,Buy,236001216
2024-08-30 10:53:02,92200.0,100,Buy,236001218
2024-08-30 10:53:02,92200.0,400,Buy,236001217
2024-08-30 10:53:02,92200.0,100,Buy,236001215
2024-08-30 10:53:02,92200.0,100,Buy,236001221
2024-08-30 10:53:13,92200.0,100,Buy,236001338
2024-08-30 10:53:17,92200.0,200,Buy,236001371
2024-08-30 10:53:22,92200.0,800,Buy,236001464
2024-08-30 10:53:22,92200.0,200,Buy,236001474
2024-08-30 10:53:28,92200.0,1000,Buy,236001542
2024-08-30 10:53:28,92200.0,600,Buy,236001543
2024-08-30 10:53:35,92200.0,1000,Buy,236001652
2024-08-30 10:53:39,92200.0,1300,Buy,236001697
2024-08-30 10:53:39,92200.0,800,Buy,236001701
2024-08-30 10:53:39,92200.0,900,Buy,236001702
2024-08-30 10:54:16,92200.0,600,Buy,236002282
2024-08-30 10:54:17,92200.0,1000,Buy,236002287
2024-08-30 10:55:07,92200.0,1000,Buy,236002903
2024-08-30 10:55:07,92200.0,600,Buy,236002902
2024-08-30 10:55:22,92200.0,100,Buy,236003170
2024-08-30 10:55:56,92200.0,300,Buy,236003692
2024-08-30 10:55:56,92200.0,700,Buy,236003693
2024-08-30 10:55:56,92200.0,600,Buy,236003694
2024-08-30 10:56:46,92200.0,600,Buy,236004250
2024-08-30 10:56:46,92200.0,1000,Buy,236004251
2024-08-30 10:57:06,92200.0,800,Buy,236004509
2024-08-30 10:57:35,92200.0,600,Buy,236004913
2024-08-30 10:57:35,92200.0,700,Buy,236004914
2024-08-30 10:57:35,92200.0,300,Buy,236004915
2024-08-30 10:58:25,92200.0,300,Buy,236005446
2024-08-30 10:58:25,92200.0,100,Buy,236005445
2024-08-30 10:58:25,92200.0,500,Buy,236005444
2024-08-30 10:58:25,92200.0,400,Buy,236005442
2024-08-30 10:58:25,92200.0,100,Buy,236005441
2024-08-30 10:58:25,92200.0,100,Buy,236005440
2024-08-30 10:58:25,92200.0,100,Buy,236005443
2024-08-30 10:58:34,92100.0,100,Sell,236005603
2024-08-30 10:58:34,92100.0,200,Sell,236005600
2024-08-30 10:58:34,92100.0,500,Sell,236005599
2024-08-30 10:58:34,92100.0,200,Sell,236005598
2024-08-30 10:58:34,92100.0,1000,Sell,236005597
2024-08-30 10:58:34,92100.0,500,Sell,236005596
2024-08-30 10:58:34,92100.0,200,Sell,236005595
2024-08-30 10:58:34,92100.0,100,Sell,236005594
2024-08-30 10:58:34,92100.0,100,Sell,236005593
2024-08-30 10:58:34,92100.0,200,Sell,236005592
2024-08-30 10:58:34,92100.0,100,Sell,236005591
2024-08-30 10:58:34,92100.0,400,Sell,236005589
2024-08-30 10:58:34,92100.0,200,Sell,236005604
2024-08-30 10:58:34,92100.0,700,Sell,236005588
2024-08-30 10:58:34,92100.0,100,Sell,236005586
2024-08-30 10:58:34,92100.0,100,Sell,236005585
2024-08-30 10:58:34,92100.0,100,Sell,236005584
2024-08-30 10:58:34,92100.0,900,Sell,236005583
2024-08-30 10:58:34,92100.0,1000,Sell,236005582
2024-08-30 10:58:34,92100.0,200,Sell,236005581
2024-08-30 10:58:34,92100.0,300,Sell,236005580
2024-08-30 10:58:34,92100.0,3300,Sell,236005579
2024-08-30 10:58:34,92100.0,100,Sell,236005590
2024-08-30 10:58:34,92100.0,100,Sell,236005605
2024-08-30 10:58:34,92100.0,100,Sell,236005607
2024-08-30 10:58:34,92100.0,200,Sell,236005578
2024-08-30 10:58:34,92100.0,100,Sell,236005631
2024-08-30 10:58:34,92100.0,200,Sell,236005630
2024-08-30 10:58:34,92100.0,300,Sell,236005629
2024-08-30 10:58:34,92100.0,200,Sell,236005628
2024-08-30 10:58:34,92100.0,100,Sell,236005627
2024-08-30 10:58:34,92100.0,100,Sell,236005626
2024-08-30 10:58:34,92100.0,100,Sell,236005625
2024-08-30 10:58:34,92100.0,100,Sell,236005624
2024-08-30 10:58:34,92100.0,100,Sell,236005623
2024-08-30 10:58:34,92100.0,200,Sell,236005622
2024-08-30 10:58:34,92100.0,2000,Sell,236005621
2024-08-30 10:58:34,92100.0,100,Sell,236005606
2024-08-30 10:58:34,92100.0,200,Sell,236005620
2024-08-30 10:58:34,92100.0,100,Sell,236005618
2024-08-30 10:58:34,92100.0,100,Sell,236005617
2024-08-30 10:58:34,92100.0,200,Sell,236005616
2024-08-30 10:58:34,92100.0,100,Sell,236005615
2024-08-30 10:58:34,92100.0,100,Sell,236005614
2024-08-30 10:58:34,92100.0,200,Sell,236005613
2024-08-30 10:58:34,92100.0,300,Sell,236005612
2024-08-30 10:58:34,92100.0,200,Sell,236005611
2024-08-30 10:58:34,92100.0,200,Sell,236005610
2024-08-30 10:58:34,92100.0,200,Sell,236005609
2024-08-30 10:58:34,92100.0,300,Sell,236005608
2024-08-30 10:58:34,92100.0,200,Sell,236005619
2024-08-30 10:58:34,92100.0,300,Sell,236005577
2024-08-30 10:58:34,92100.0,300,Sell,236005587
2024-08-30 10:58:34,92100.0,200,Sell,236005575
2024-08-30 10:58:34,92100.0,200,Sell,236005546
2024-08-30 10:58:34,92100.0,100,Sell,236005545
2024-08-30 10:58:34,92100.0,100,Sell,236005544
2024-08-30 10:58:34,92100.0,600,Sell,236005543
2024-08-30 10:58:34,92100.0,100,Sell,236005542
2024-08-30 10:58:34,92100.0,400,Sell,236005541
2024-08-30 10:58:34,92100.0,100,Sell,236005540
2024-08-30 10:58:34,92100.0,300,Sell,236005539
2024-08-30 10:58:34,92100.0,300,Sell,236005538
2024-08-30 10:58:34,92100.0,500,Sell,236005576
2024-08-30 10:58:34,92100.0,400,Sell,236005536
2024-08-30 10:58:34,92100.0,200,Sell,236005535
2024-08-30 10:58:34,92100.0,100,Sell,236005534
2024-08-30 10:58:34,92100.0,600,Sell,236005533
2024-08-30 10:58:34,92100.0,500,Sell,236005532
2024-08-30 10:58:34,92100.0,900,Sell,236005531
2024-08-30 10:58:34,92100.0,900,Sell,236005530
2024-08-30 10:58:34,92100.0,600,Sell,236005529
2024-08-30 10:58:34,92100.0,500,Sell,236005528
2024-08-30 10:58:34,92100.0,900,Sell,236005527
2024-08-30 10:58:34,92100.0,2000,Sell,236005526
2024-08-30 10:58:34,92100.0,200,Sell,236005525
2024-08-30 10:58:34,92100.0,200,Sell,236005524
2024-08-30 10:58:34,92100.0,200,Sell,236005547
2024-08-30 10:58:34,92100.0,200,Sell,236005548
2024-08-30 10:58:34,92100.0,400,Sell,236005537
2024-08-30 10:58:34,92100.0,1000,Sell,236005550
2024-08-30 10:58:34,92100.0,900,Sell,236005549
2024-08-30 10:58:34,92100.0,900,Sell,236005573
2024-08-30 10:58:34,92100.0,100,Sell,236005572
2024-08-30 10:58:34,92100.0,100,Sell,236005571
2024-08-30 10:58:34,92100.0,100,Sell,236005570
2024-08-30 10:58:34,92100.0,100,Sell,236005569
2024-08-30 10:58:34,92100.0,100,Sell,236005568
2024-08-30 10:58:34,92100.0,600,Sell,236005567
2024-08-30 10:58:34,92100.0,100,Sell,236005566
2024-08-30 10:58:34,92100.0,300,Sell,236005565
2024-08-30 10:58:34,92100.0,200,Sell,236005564
2024-08-30 10:58:34,92100.0,200,Sell,236005563
2024-08-30 10:58:34,92100.0,2000,Sell,236005574
2024-08-30 10:58:34,92100.0,3300,Sell,236005561
2024-08-30 10:58:34,92100.0,1300,Sell,236005562
2024-08-30 10:58:34,92100.0,1600,Sell,236005551
2024-08-30 10:58:34,92100.0,200,Sell,236005553
2024-08-30 10:58:34,92100.0,100,Sell,236005554
2024-08-30 10:58:34,92100.0,100,Sell,236005555
2024-08-30 10:58:34,92100.0,300,Sell,236005552
2024-08-30 10:58:34,92100.0,200,Sell,236005557
2024-08-30 10:58:34,92100.0,200,Sell,236005558
2024-08-30 10:58:34,92100.0,200,Sell,236005559
2024-08-30 10:58:34,92100.0,200,Sell,236005560
2024-08-30 10:58:34,92100.0,300,Sell,236005556
2024-08-30 10:59:14,92100.0,600,Buy,236006053
2024-08-30 10:59:14,92100.0,400,Buy,236006054
2024-08-30 10:59:24,92100.0,600,Sell,236006144
2024-08-30 10:59:25,92100.0,200,Buy,236006153
2024-08-30 10:59:50,92100.0,200,Buy,236006428
2024-08-30 10:59:50,92100.0,100,Buy,236006430
2024-08-30 10:59:50,92100.0,100,Buy,236006429
2024-08-30 10:59:50,92100.0,300,Buy,236006427
2024-08-30 10:59:50,92100.0,100,Buy,236006413
2024-08-30 10:59:50,92100.0,300,Buy,236006424
2024-08-30 10:59:50,92100.0,200,Buy,236006414
2024-08-30 10:59:50,92100.0,200,Buy,236006412
2024-08-30 10:59:50,92100.0,200,Buy,236006411
2024-08-30 10:59:50,92100.0,100,Buy,236006426
2024-08-30 10:59:54,92100.0,400,Buy,236006472
2024-08-30 10:59:54,92100.0,300,Buy,236006473
2024-08-30 11:00:04,92200.0,400,Buy,236006629
2024-08-30 11:00:04,92200.0,100,Buy,236006630
2024-08-30 11:00:04,92200.0,100,Buy,236006631
2024-08-30 11:00:04,92200.0,1000,Buy,236006632
2024-08-30 11:00:51,92200.0,500,Buy,236007109
2024-08-30 11:00:51,92200.0,300,Buy,236007110
2024-08-30 11:00:52,92200.0,200,Buy,236007135
2024-08-30 11:00:53,92200.0,100,Buy,236007139
2024-08-30 11:00:53,92200.0,200,Buy,236007140
2024-08-30 11:00:53,92200.0,700,Buy,236007137
2024-08-30 11:00:53,92200.0,300,Buy,236007138
2024-08-30 11:00:53,92200.0,100,Buy,236007136
2024-08-30 11:01:43,92200.0,600,Buy,236007713
2024-08-30 11:01:43,92200.0,1000,Buy,236007714
2024-08-30 11:02:31,92200.0,1000,Buy,236008306
2024-08-30 11:02:31,92200.0,600,Buy,236008307
2024-08-30 11:03:21,92200.0,1000,Buy,236008920
2024-08-30 11:03:21,92200.0,600,Buy,236008921
2024-08-30 11:04:11,92200.0,600,Buy,236009549
2024-08-30 11:04:11,92200.0,1000,Buy,236009550
2024-08-30 11:04:36,92200.0,800,Buy,236009909
2024-08-30 11:05:00,92200.0,600,Buy,236010219
2024-08-30 11:05:00,92200.0,1000,Buy,236010218
2024-08-30 11:07:46,92200.0,1000,Buy,236012288
2024-08-30 11:07:46,92200.0,600,Buy,236012289
2024-08-30 11:08:20,92200.0,800,Buy,236012731
2024-08-30 11:09:26,92100.0,1000,Sell,236013526
2024-08-30 11:09:38,92100.0,500,Sell,236013785
2024-08-30 11:09:38,92100.0,100,Sell,236013786
2024-08-30 11:09:38,92100.0,100,Sell,236013787
2024-08-30 11:10:54,92100.0,100,Sell,236014864
2024-08-30 11:11:44,92100.0,100,Sell,236015542
2024-08-30 11:14:05,92100.0,100,Sell,236017260
2024-08-30 11:15:17,92100.0,200,Sell,236018155
2024-08-30 11:15:39,92100.0,100,Sell,236018481
2024-08-30 11:16:15,92100.0,100,Sell,236018925
2024-08-30 11:16:30,92100.0,100,Sell,236019112
2024-08-30 11:18:21,92200.0,600,Buy,236020363
2024-08-30 11:18:21,92200.0,1000,Buy,236020364
2024-08-30 11:19:16,92100.0,100,Sell,236021037
2024-08-30 11:19:16,92100.0,200,Sell,236021036
2024-08-30 11:19:16,92100.0,1000,Sell,236021038
2024-08-30 11:19:16,92100.0,100,Sell,236021042
2024-08-30 11:19:16,92100.0,200,Sell,236021040
2024-08-30 11:19:16,92100.0,200,Sell,236021041
2024-08-30 11:19:16,92100.0,100,Sell,236021043
2024-08-30 11:19:16,92100.0,1000,Sell,236021039
2024-08-30 11:19:16,92100.0,500,Sell,236021035
2024-08-30 11:19:16,92100.0,100,Sell,236021030
2024-08-30 11:19:16,92100.0,900,Sell,236021033
2024-08-30 11:19:16,92100.0,100,Sell,236021032
2024-08-30 11:19:16,92100.0,300,Sell,236021029
2024-08-30 11:19:16,92100.0,1000,Sell,236021028
2024-08-30 11:19:16,92100.0,1800,Sell,236021027
2024-08-30 11:19:16,92100.0,1200,Sell,236021026
2024-08-30 11:19:16,92100.0,400,Sell,236021025
2024-08-30 11:19:16,92100.0,200,Sell,236021024
2024-08-30 11:19:16,92100.0,600,Sell,236021034
2024-08-30 11:19:55,92100.0,100,Sell,236021509
2024-08-30 11:24:23,92100.0,100,Sell,236024464
2024-08-30 11:24:23,92100.0,100,Sell,236024465
2024-08-30 11:24:23,92100.0,100,Sell,236024466
2024-08-30 11:24:47,92200.0,100,Buy,236024717
2024-08-30 11:24:47,92200.0,400,Buy,236024721
2024-08-30 11:27:04,92200.0,700,Buy,236026260
2024-08-30 11:28:55,92200.0,1000,Buy,236027859
2024-08-30 11:28:55,92200.0,600,Buy,236027858
2024-08-30 11:29:17,92100.0,100,Sell,236028072
2024-08-30 12:59:56,92100.0,100,Sell,236028821
2024-08-30 12:59:57,92100.0,100,Sell,236029340
2024-08-30 12:59:57,92100.0,200,Sell,236029339
2024-08-30 12:59:57,92100.0,800,Sell,236029338
2024-08-30 12:59:57,92100.0,100,Sell,236029337
2024-08-30 12:59:57,92100.0,100,Sell,236029336
2024-08-30 12:59:57,92100.0,200,Sell,236029335
2024-08-30 12:59:57,92100.0,1000,Sell,236029334
2024-08-30 12:59:57,92100.0,200,Sell,236029333
2024-08-30 12:59:57,92100.0,800,Sell,236029332
2024-08-30 12:59:57,92100.0,1000,Sell,236029331
2024-08-30 12:59:57,92100.0,100,Sell,236029329
2024-08-30 12:59:57,92100.0,100,Sell,236029328
2024-08-30 12:59:57,92100.0,200,Sell,236029327
2024-08-30 12:59:57,92100.0,200,Sell,236029326
2024-08-30 12:59:57,92100.0,100,Sell,236029325
2024-08-30 12:59:57,92100.0,100,Sell,236029324
2024-08-30 12:59:57,92100.0,500,Sell,236029323
2024-08-30 12:59:57,92100.0,100,Sell,236029322
2024-08-30 12:59:57,92200.0,1000,Buy,236029274
2024-08-30 12:59:57,92200.0,600,Buy,236029273
2024-08-30 12:59:57,92100.0,100,Sell,236029330
2024-08-30 12:59:58,92200.0,300,Buy,236029758
2024-08-30 12:59:58,92100.0,100,Sell,236029759
2024-08-30 12:59:59,92100.0,200,Sell,236029983
2024-08-30 12:59:59,92100.0,200,Sell,236030138
2024-08-30 13:00:03,92100.0,300,Sell,236030520
2024-08-30 13:00:03,92100.0,1200,Sell,236030521
2024-08-30 13:00:04,92100.0,100,Sell,236030653
2024-08-30 13:00:15,92100.0,500,Sell,236031530
2024-08-30 13:00:15,92100.0,500,Sell,236031531
2024-08-30 13:00:16,92100.0,2100,Sell,236031616
2024-08-30 13:00:16,92100.0,700,Sell,236031615
2024-08-30 13:00:16,92100.0,3300,Sell,236031614
2024-08-30 13:00:16,92100.0,200,Sell,236031613
2024-08-30 13:00:16,92100.0,1000,Sell,236031612
2024-08-30 13:00:16,92100.0,400,Sell,236031592
2024-08-30 13:00:16,92100.0,200,Sell,236031610
2024-08-30 13:00:16,92100.0,100,Sell,236031609
2024-08-30 13:00:16,92100.0,400,Sell,236031591
2024-08-30 13:00:16,92100.0,100,Sell,236031611
2024-08-30 13:00:16,92100.0,300,Sell,236031589
2024-08-30 13:00:16,92100.0,1000,Sell,236031582
2024-08-30 13:00:16,92100.0,1000,Sell,236031583
2024-08-30 13:00:16,92100.0,1800,Sell,236031584
2024-08-30 13:00:16,92100.0,700,Sell,236031581
2024-08-30 13:00:16,92100.0,100,Sell,236031586
2024-08-30 13:00:16,92100.0,100,Sell,236031587
2024-08-30 13:00:16,92100.0,200,Sell,236031588
2024-08-30 13:00:16,92100.0,1200,Sell,236031585
2024-08-30 13:00:16,92100.0,100,Sell,236031590
2024-08-30 13:00:27,92100.0,100,Sell,236031872
2024-08-30 13:00:41,92100.0,200,Sell,236032093
2024-08-30 13:00:41,92100.0,200,Sell,236032099
2024-08-30 13:00:41,92100.0,400,Sell,236032098
2024-08-30 13:00:41,92100.0,100,Sell,236032097
2024-08-30 13:00:41,92100.0,100,Sell,236032096
2024-08-30 13:00:41,92100.0,200,Sell,236032095
2024-08-30 13:00:41,92100.0,100,Sell,236032094
2024-08-30 13:00:41,92100.0,300,Sell,236032091
2024-08-30 13:00:41,92100.0,300,Sell,236032090
2024-08-30 13:00:41,92100.0,1000,Sell,236032089
2024-08-30 13:00:41,92100.0,1800,Sell,236032088
2024-08-30 13:00:41,92100.0,1200,Sell,236032087
2024-08-30 13:00:41,92100.0,400,Sell,236032086
2024-08-30 13:00:41,92100.0,200,Sell,236032085
2024-08-30 13:00:41,92100.0,1100,Sell,236032084
2024-08-30 13:00:41,92100.0,500,Sell,236032092
2024-08-30 13:00:43,92200.0,1400,Buy,236032151
2024-08-30 13:00:43,92100.0,1900,Buy,236032150
2024-08-30 13:00:49,92100.0,700,Buy,236032271
2024-08-30 13:01:00,92100.0,600,Buy,236032494
2024-08-30 13:01:00,92100.0,1000,Buy,236032495
2024-08-30 13:01:06,92000.0,300,Sell,236032630
2024-08-30 13:01:06,92000.0,200,Sell,236032631
2024-08-30 13:01:09,92100.0,3300,Buy,236032770
2024-08-30 13:01:21,92100.0,3300,Buy,236033058
2024-08-30 13:01:37,92100.0,3300,Buy,236033380
2024-08-30 13:01:53,92100.0,3300,Buy,236033666
2024-08-30 13:02:05,92100.0,600,Buy,236033841
2024-08-30 13:02:05,92100.0,1000,Buy,236033843
2024-08-30 13:02:08,92000.0,500,Sell,236033887
2024-08-30 13:02:26,92000.0,100,Sell,236034187
2024-08-30 13:02:32,92000.0,1000,Sell,236034292
2024-08-30 13:02:32,92000.0,3000,Sell,236034293
2024-08-30 13:02:32,92000.0,100,Sell,236034294
2024-08-30 13:02:32,92000.0,200,Sell,236034295
2024-08-30 13:02:32,92000.0,100,Sell,236034296
2024-08-30 13:02:32,92000.0,100,Sell,236034297
2024-08-30 13:02:32,92000.0,900,Sell,236034300
2024-08-30 13:02:32,92000.0,600,Sell,236034299
2024-08-30 13:02:32,92000.0,100,Sell,236034291
2024-08-30 13:02:32,92000.0,1000,Sell,236034301
2024-08-30 13:02:32,92000.0,800,Sell,236034302
2024-08-30 13:02:32,92000.0,700,Sell,236034303
2024-08-30 13:02:32,92000.0,600,Sell,236034304
2024-08-30 13:02:32,92000.0,500,Sell,236034298
2024-08-30 13:02:32,92000.0,2000,Sell,236034290
2024-08-30 13:02:32,92000.0,900,Sell,236034305
2024-08-30 13:02:32,92000.0,200,Sell,236034288
2024-08-30 13:02:32,92000.0,2700,Sell,236034274
2024-08-30 13:02:32,92000.0,200,Sell,236034289
2024-08-30 13:02:32,92000.0,200,Sell,236034276
2024-08-30 13:02:32,92000.0,300,Sell,236034277
2024-08-30 13:02:32,92000.0,200,Sell,236034278
2024-08-30 13:02:32,92000.0,200,Sell,236034279
2024-08-30 13:02:32,92000.0,3300,Sell,236034280
2024-08-30 13:02:32,92000.0,500,Sell,236034275
2024-08-30 13:02:32,92000.0,200,Sell,236034282
2024-08-30 13:02:32,92000.0,200,Sell,236034283
2024-08-30 13:02:32,92000.0,800,Sell,236034284
2024-08-30 13:02:32,92000.0,400,Sell,236034285
2024-08-30 13:02:32,92000.0,500,Sell,236034286
2024-08-30 13:02:32,92000.0,200,Sell,236034287
2024-08-30 13:02:32,92000.0,300,Sell,236034281
2024-08-30 13:02:37,92100.0,3300,Buy,236034400
2024-08-30 13:02:37,92000.0,200,Sell,236034367
2024-08-30 13:02:37,92000.0,3400,Sell,236034368
2024-08-30 13:02:53,92100.0,200,Buy,236034759
2024-08-30 13:03:11,92100.0,1000,Buy,236035113
2024-08-30 13:03:11,92100.0,600,Buy,236035114
2024-08-30 13:03:12,92000.0,500,Sell,236035153
2024-08-30 13:04:02,92100.0,100,Buy,236035986
2024-08-30 13:04:02,92100.0,400,Buy,236035985
2024-08-30 13:04:02,92100.0,300,Buy,236035983
2024-08-30 13:04:02,92100.0,100,Buy,236035982
2024-08-30 13:04:02,92100.0,200,Buy,236035977
2024-08-30 13:04:02,92100.0,200,Buy,236035980
2024-08-30 13:04:02,92100.0,200,Buy,236035975
2024-08-30 13:04:02,92100.0,100,Buy,236035974
2024-08-30 13:04:02,92100.0,100,Buy,236035973
2024-08-30 13:04:02,92100.0,200,Buy,236035981
2024-08-30 13:04:11,92100.0,200,Buy,236036192
2024-08-30 13:04:11,92100.0,200,Buy,236036193
2024-08-30 13:04:11,92100.0,100,Buy,236036197
2024-08-30 13:04:11,92100.0,200,Buy,236036198
2024-08-30 13:04:11,92100.0,400,Buy,236036199
2024-08-30 13:04:11,92100.0,100,Buy,236036200
2024-08-30 13:04:11,92100.0,100,Buy,236036201
2024-08-30 13:04:12,92100.0,100,Buy,236036210
2024-08-30 13:04:12,92100.0,200,Buy,236036208
2024-08-30 13:04:12,92100.0,300,Buy,236036209
2024-08-30 13:04:16,92000.0,500,Sell,236036324
2024-08-30 13:04:16,92100.0,1000,Buy,236036336
2024-08-30 13:04:16,92100.0,600,Buy,236036337
2024-08-30 13:04:35,92000.0,700,Buy,236036651
2024-08-30 13:04:35,92000.0,1200,Sell,236036646
2024-08-30 13:04:35,92000.0,1000,Sell,236036648
2024-08-30 13:04:35,92000.0,1800,Sell,236036647
2024-08-30 13:04:35,92000.0,3300,Sell,236036645
2024-08-30 13:04:35,92000.0,3300,Sell,236036639
2024-08-30 13:04:35,92000.0,600,Sell,236036643
2024-08-30 13:04:35,92000.0,5600,Sell,236036638
2024-08-30 13:04:35,92000.0,200,Sell,236036640
2024-08-30 13:04:35,92000.0,900,Sell,236036644
2024-08-30 13:04:35,92000.0,700,Sell,236036642
2024-08-30 13:04:35,92000.0,100,Sell,236036641
2024-08-30 13:04:38,92000.0,100,Buy,236036697
2024-08-30 13:05:19,91900.0,100,Sell,236037378
2024-08-30 13:05:19,91900.0,200,Sell,236037379
2024-08-30 13:05:19,91900.0,200,Sell,236037380
2024-08-30 13:05:21,92000.0,500,Buy,236037421
2024-08-30 13:05:21,92000.0,100,Buy,236037422
2024-08-30 13:06:07,92000.0,100,Sell,236038314
2024-08-30 13:06:23,92000.0,100,Sell,236038587
2024-08-30 13:06:23,92000.0,100,Sell,236038586
2024-08-30 13:06:23,92000.0,100,Sell,236038584
2024-08-30 13:06:23,92000.0,100,Sell,236038585
2024-08-30 13:06:23,92000.0,100,Sell,236038582
2024-08-30 13:06:23,92000.0,600,Sell,236038581
2024-08-30 13:06:23,92000.0,300,Sell,236038580
2024-08-30 13:06:23,92000.0,100,Sell,236038583
2024-08-30 13:06:26,92000.0,500,Buy,236038645
2024-08-30 13:07:26,92000.0,100,Sell,236039864
2024-08-30 13:07:26,92000.0,400,Sell,236039865
2024-08-30 13:07:32,92100.0,600,Buy,236039994
2024-08-30 13:07:32,92100.0,1000,Buy,236039998
2024-08-30 13:08:19,92100.0,700,Buy,236040901
2024-08-30 13:08:31,92000.0,500,Sell,236041333
2024-08-30 13:08:37,92100.0,600,Buy,236041442
2024-08-30 13:08:37,92100.0,1000,Buy,236041443
2024-08-30 13:09:25,92100.0,600,Buy,236042439
2024-08-30 13:09:34,92000.0,100,Sell,236042623
2024-08-30 13:09:34,92000.0,400,Sell,236042624
2024-08-30 13:09:42,92100.0,600,Buy,236042832
2024-08-30 13:09:42,92100.0,1000,Buy,236042833
2024-08-30 13:09:43,92100.0,1200,Buy,236042857
2024-08-30 13:10:37,92000.0,500,Sell,236044303
2024-08-30 13:10:47,92100.0,600,Buy,236044543
2024-08-30 13:10:47,92100.0,1000,Buy,236044544
2024-08-30 13:11:41,92000.0,500,Sell,236045787
2024-08-30 13:11:52,92100.0,600,Buy,236046019
2024-08-30 13:11:52,92100.0,1000,Buy,236046020
2024-08-30 13:11:58,92100.0,100,Buy,236046139
2024-08-30 13:12:03,92100.0,700,Buy,236046328
2024-08-30 13:12:05,92100.0,500,Buy,236046372
2024-08-30 13:12:42,92000.0,500,Sell,236047163
2024-08-30 13:12:58,92100.0,1000,Buy,236047526
2024-08-30 13:12:58,92100.0,600,Buy,236047525
2024-08-30 13:13:38,92100.0,10000,Buy,236048446
2024-08-30 13:13:43,92000.0,500,Sell,236048707
2024-08-30 13:13:58,92100.0,300,Buy,236049040
2024-08-30 13:13:58,92100.0,400,Buy,236049041
2024-08-30 13:13:58,92100.0,400,Buy,236049047
2024-08-30 13:14:03,92100.0,600,Buy,236049172
2024-08-30 13:14:03,92100.0,1000,Buy,236049173
2024-08-30 13:14:04,92100.0,3500,Buy,236049184
2024-08-30 13:14:04,92100.0,2400,Buy,236049185
2024-08-30 13:14:04,92100.0,400,Buy,236049186
2024-08-30 13:14:04,92100.0,100,Buy,236049187
2024-08-30 13:14:04,92100.0,1600,Buy,236049188
2024-08-30 13:14:06,92000.0,3600,Sell,236049229
2024-08-30 13:14:06,92000.0,300,Sell,236049230
2024-08-30 13:14:06,92000.0,100,Sell,236049231
2024-08-30 13:14:11,92100.0,300,Buy,236049382
2024-08-30 13:14:11,92100.0,300,Buy,236049381
2024-08-30 13:14:11,92100.0,500,Buy,236049389
2024-08-30 13:14:20,92100.0,300,Buy,236049584
2024-08-30 13:14:24,92100.0,100,Buy,236049645
2024-08-30 13:14:30,92100.0,100,Buy,236049743
2024-08-30 13:14:47,92000.0,200,Sell,236050169
2024-08-30 13:14:47,92000.0,300,Sell,236050168
2024-08-30 13:14:54,92100.0,200,Buy,236050337
2024-08-30 13:14:54,92100.0,100,Buy,236050338
2024-08-30 13:14:54,92100.0,100,Buy,236050339
2024-08-30 13:14:54,92100.0,200,Buy,236050340
2024-08-30 13:14:55,92100.0,200,Buy,236050351
2024-08-30 13:14:55,92100.0,100,Buy,236050352
2024-08-30 13:14:55,92100.0,200,Buy,236050353
2024-08-30 13:14:55,92100.0,300,Buy,236050354
2024-08-30 13:14:55,92100.0,300,Buy,236050355
2024-08-30 13:14:55,92100.0,100,Buy,236050362
2024-08-30 13:14:59,92100.0,1100,Buy,236050455
2024-08-30 13:15:08,92100.0,600,Buy,236050722
2024-08-30 13:15:08,92100.0,1000,Buy,236050723
2024-08-30 13:15:20,92100.0,2000,Buy,236051123
2024-08-30 13:15:20,92100.0,400,Buy,236051122
2024-08-30 13:15:21,92100.0,1100,Buy,236051152
2024-08-30 13:15:27,92100.0,100,Buy,236051303
2024-08-30 13:15:27,92100.0,300,Buy,236051307
2024-08-30 13:15:27,92100.0,100,Buy,236051308
2024-08-30 13:15:27,92100.0,200,Buy,236051309
2024-08-30 13:15:27,92100.0,400,Buy,236051310
2024-08-30 13:15:27,92100.0,100,Buy,236051311
2024-08-30 13:15:27,92100.0,400,Buy,236051326
2024-08-30 13:15:27,92100.0,100,Buy,236051327
2024-08-30 13:15:32,92100.0,1900,Buy,236051467
2024-08-30 13:15:47,92100.0,2200,Buy,236052004
2024-08-30 13:15:48,92100.0,700,Buy,236052072
2024-08-30 13:15:53,92100.0,100,Buy,236052256
2024-08-30 13:15:53,92100.0,100,Buy,236052255
2024-08-30 13:15:53,92100.0,200,Buy,236052249
2024-08-30 13:15:53,92100.0,200,Buy,236052250
2024-08-30 13:15:53,92000.0,200,Sell,236052240
2024-08-30 13:15:53,92100.0,100,Buy,236052247
2024-08-30 13:15:53,92000.0,300,Sell,236052241
2024-08-30 13:15:53,92100.0,100,Buy,236052248
2024-08-30 13:15:54,92100.0,200,Buy,236052259
2024-08-30 13:15:54,92100.0,400,Buy,236052260
2024-08-30 13:15:54,92100.0,200,Buy,236052265
2024-08-30 13:15:54,92100.0,200,Buy,236052266
2024-08-30 13:16:13,92100.0,600,Buy,236052791
2024-08-30 13:16:13,92100.0,1000,Buy,236052792
2024-08-30 13:16:14,92100.0,100,Buy,236052807
2024-08-30 13:16:14,92100.0,100,Buy,236052808
2024-08-30 13:16:14,92100.0,300,Buy,236052809
2024-08-30 13:16:55,92000.0,500,Sell,236053907
2024-08-30 13:17:10,92100.0,100,Buy,236054215
2024-08-30 13:17:18,92100.0,1000,Buy,236054508
2024-08-30 13:17:18,92100.0,600,Buy,236054507
2024-08-30 13:17:24,92100.0,100,Buy,236054630
2024-08-30 13:17:32,92100.0,100,Buy,236054964
2024-08-30 13:17:39,92100.0,100,Buy,236055126
2024-08-30 13:17:43,92000.0,200,Sell,236055195
2024-08-30 13:17:43,92000.0,200,Sell,236055199
2024-08-30 13:17:43,92000.0,900,Sell,236055200
2024-08-30 13:17:43,92000.0,300,Sell,236055201
2024-08-30 13:17:46,92100.0,100,Buy,236055268
2024-08-30 13:17:56,92000.0,200,Sell,236055498
2024-08-30 13:17:56,92000.0,300,Sell,236055499
2024-08-30 13:18:24,92100.0,1000,Buy,236056271
2024-08-30 13:18:24,92100.0,600,Buy,236056272
2024-08-30 13:19:00,92000.0,300,Sell,236057198
2024-08-30 13:19:00,92000.0,200,Sell,236057199
2024-08-30 13:19:23,92000.0,100,Sell,236057768
2024-08-30 13:19:23,92000.0,200,Sell,236057770
2024-08-30 13:19:23,92000.0,100,Sell,236057769
2024-08-30 13:19:23,92000.0,300,Sell,236057767
2024-08-30 13:19:23,92000.0,400,Sell,236057764
2024-08-30 13:19:23,92000.0,200,Sell,236057765
2024-08-30 13:19:23,92000.0,100,Sell,236057766
2024-08-30 13:19:23,92000.0,100,Sell,236057763
2024-08-30 13:19:23,92000.0,200,Sell,236057762
2024-08-30 13:19:29,92100.0,600,Buy,236057925
2024-08-30 13:19:29,92100.0,1000,Buy,236057932
2024-08-30 13:19:33,92100.0,100,Buy,236058030
2024-08-30 13:19:33,92100.0,200,Buy,236058031
2024-08-30 13:19:33,92100.0,100,Buy,236058032
2024-08-30 13:19:33,92100.0,100,Buy,236058033
2024-08-30 13:19:33,92100.0,200,Buy,236058034
2024-08-30 13:20:03,92000.0,500,Sell,236058780
2024-08-30 13:20:26,92100.0,3300,Buy,236059273
2024-08-30 13:20:34,92100.0,300,Buy,236059615
2024-08-30 13:20:34,92100.0,600,Buy,236059620
2024-08-30 13:20:34,92100.0,1000,Buy,236059622
2024-08-30 13:20:41,92100.0,1100,Buy,236059795
2024-08-30 13:20:45,92100.0,3300,Buy,236059886
2024-08-30 13:21:03,92100.0,3300,Buy,236060505
2024-08-30 13:21:08,92000.0,500,Sell,236060640
2024-08-30 13:21:09,92000.0,1600,Sell,236060658
2024-08-30 13:21:39,92100.0,1000,Buy,236061569
2024-08-30 13:21:39,92100.0,600,Buy,236061573
2024-08-30 13:22:08,92000.0,500,Sell,236062279
2024-08-30 13:22:25,92000.0,100,Sell,236062697
2024-08-30 13:22:45,92100.0,600,Buy,236063286
2024-08-30 13:22:45,92100.0,1000,Buy,236063287
2024-08-30 13:23:10,92100.0,400,Buy,236063989
2024-08-30 13:23:10,92100.0,300,Buy,236063990
2024-08-30 13:23:11,92100.0,400,Buy,236063999
2024-08-30 13:23:13,92000.0,500,Sell,236064127
2024-08-30 13:23:13,92100.0,1100,Buy,236064124
2024-08-30 13:23:23,92100.0,1200,Buy,236064332
2024-08-30 13:23:23,92100.0,1000,Buy,236064333
2024-08-30 13:23:23,92100.0,1800,Buy,236064334
2024-08-30 13:23:29,92100.0,1000,Buy,236064451
2024-08-30 13:23:29,92100.0,1800,Buy,236064452
2024-08-30 13:23:29,92100.0,1200,Buy,236064470
2024-08-30 13:23:50,92100.0,600,Buy,236064939
2024-08-30 13:23:50,92100.0,1000,Buy,236064940
2024-08-30 13:24:08,92100.0,300,Buy,236065339
2024-08-30 13:24:08,92100.0,400,Buy,236065340
2024-08-30 13:24:08,92100.0,400,Buy,236065341
2024-08-30 13:24:14,92000.0,500,Sell,236065466
2024-08-30 13:24:17,92100.0,1800,Buy,236065541
2024-08-30 13:24:17,92100.0,1200,Buy,236065542
2024-08-30 13:24:17,92100.0,800,Buy,236065538
2024-08-30 13:24:17,92100.0,200,Buy,236065539
2024-08-30 13:24:55,92100.0,100,Buy,236066353
2024-08-30 13:24:55,92100.0,100,Buy,236066354
2024-08-30 13:24:55,92100.0,900,Buy,236066355
2024-08-30 13:24:55,92100.0,500,Buy,236066352
2024-08-30 13:24:59,92100.0,200,Buy,236066448
2024-08-30 13:24:59,92100.0,100,Buy,236066449
2024-08-30 13:24:59,92100.0,200,Buy,236066450
2024-08-30 13:24:59,92100.0,100,Buy,236066451
2024-08-30 13:24:59,92100.0,200,Buy,236066452
2024-08-30 13:24:59,92100.0,200,Buy,236066453
2024-08-30 13:24:59,92100.0,200,Buy,236066454
2024-08-30 13:24:59,92100.0,100,Buy,236066455
2024-08-30 13:25:00,92100.0,100,Buy,236066459
2024-08-30 13:25:00,92100.0,300,Buy,236066458
2024-08-30 13:25:08,92100.0,100,Buy,236066618
2024-08-30 13:25:17,92000.0,500,Sell,236066875
2024-08-30 13:25:19,92100.0,200,Buy,236066938
2024-08-30 13:26:00,92100.0,1000,Buy,236067767
2024-08-30 13:26:00,92100.0,600,Buy,236067760
2024-08-30 13:26:20,92000.0,500,Sell,236068206
2024-08-30 13:26:29,92000.0,1700,Sell,236068465
2024-08-30 13:26:54,92000.0,500,Sell,236068955
2024-08-30 13:27:05,92100.0,500,Buy,236069225
2024-08-30 13:27:05,92100.0,100,Buy,236069226
2024-08-30 13:27:05,92100.0,400,Buy,236069227
2024-08-30 13:27:05,92100.0,600,Buy,236069228
2024-08-30 13:27:15,92100.0,2000,Buy,236069435
2024-08-30 13:27:15,92100.0,1000,Buy,236069436
2024-08-30 13:27:15,92100.0,300,Buy,236069437
2024-08-30 13:27:25,92000.0,500,Sell,236069671
2024-08-30 13:27:43,92100.0,100,Buy,236070054
2024-08-30 13:27:55,92100.0,100,Buy,236070272
2024-08-30 13:28:02,92100.0,100,Buy,236070425
2024-08-30 13:28:08,92100.0,100,Buy,236070558
2024-08-30 13:28:11,92100.0,400,Buy,236070619
2024-08-30 13:28:11,92100.0,100,Buy,236070620
2024-08-30 13:28:11,92100.0,500,Buy,236070621
2024-08-30 13:28:11,92100.0,600,Buy,236070618
2024-08-30 13:28:27,92000.0,500,Sell,236071015
2024-08-30 13:28:55,92000.0,100,Sell,236071602
2024-08-30 13:29:16,92100.0,600,Buy,236072367
2024-08-30 13:29:16,92100.0,500,Buy,236072368
2024-08-30 13:29:16,92100.0,100,Buy,236072369
2024-08-30 13:29:16,92100.0,400,Buy,236072370
2024-08-30 13:29:31,92000.0,500,Sell,236072671
2024-08-30 13:30:02,92000.0,100,Sell,236073282
2024-08-30 13:30:02,92000.0,100,Sell,236073281
2024-08-30 13:30:02,92000.0,100,Sell,236073284
2024-08-30 13:30:02,92000.0,200,Sell,236073279
2024-08-30 13:30:02,92000.0,100,Sell,236073280
2024-08-30 13:30:02,92000.0,200,Sell,236073283
2024-08-30 13:30:02,92000.0,800,Sell,236073278
2024-08-30 13:30:06,92100.0,700,Buy,236073392
2024-08-30 13:30:06,92100.0,900,Buy,236073393
2024-08-30 13:30:06,92100.0,100,Buy,236073394
2024-08-30 13:30:20,92100.0,100,Buy,236073714
2024-08-30 13:30:21,92100.0,600,Buy,236073728
2024-08-30 13:30:21,92100.0,1000,Buy,236073729
2024-08-30 13:30:23,92100.0,3200,Buy,236073799
2024-08-30 13:30:23,92100.0,100,Buy,236073800
2024-08-30 13:30:32,92000.0,100,Sell,236074038
2024-08-30 13:30:32,92000.0,100,Sell,236074039
2024-08-30 13:30:32,92000.0,100,Sell,236074040
2024-08-30 13:30:32,92000.0,100,Sell,236074041
2024-08-30 13:30:32,92000.0,100,Sell,236074042
2024-08-30 13:30:39,92000.0,200,Sell,236074205
2024-08-30 13:30:54,92100.0,100,Buy,236074549
2024-08-30 13:31:26,92100.0,200,Buy,236075372
2024-08-30 13:31:26,92100.0,800,Buy,236075373
2024-08-30 13:31:26,92100.0,600,Buy,236075371
2024-08-30 13:31:27,92000.0,500,Sell,236075390
2024-08-30 13:31:33,92000.0,500,Sell,236075497
2024-08-30 13:31:49,92000.0,200,Sell,236075908
2024-08-30 13:31:49,92000.0,100,Sell,236075909
2024-08-30 13:31:49,92000.0,1400,Sell,236075910
2024-08-30 13:32:32,92100.0,600,Buy,236076872
2024-08-30 13:32:32,92100.0,200,Buy,236076881
2024-08-30 13:32:32,92100.0,800,Buy,236076882
2024-08-30 13:32:35,92100.0,200,Buy,236077028
2024-08-30 13:32:35,92100.0,900,Buy,236077029
2024-08-30 13:32:35,92100.0,1000,Buy,236077030
2024-08-30 13:32:38,92000.0,500,Sell,236077072
2024-08-30 13:33:10,92000.0,100,Sell,236077674
2024-08-30 13:33:31,92100.0,900,Buy,236078365
2024-08-30 13:33:31,92100.0,400,Buy,236078367
2024-08-30 13:33:31,92100.0,100,Buy,236078364
2024-08-30 13:33:31,92100.0,1000,Buy,236078366
2024-08-30 13:33:37,92100.0,1000,Buy,236078514
2024-08-30 13:33:37,92100.0,600,Buy,236078515
2024-08-30 13:33:41,92000.0,600,Sell,236078598
2024-08-30 13:33:46,92100.0,1200,Buy,236078735
2024-08-30 13:33:46,92100.0,500,Buy,236078736
2024-08-30 13:33:46,92100.0,700,Buy,236078737
2024-08-30 13:33:55,92100.0,300,Buy,236078904
2024-08-30 13:33:55,92100.0,100,Buy,236078905
2024-08-30 13:33:55,92100.0,400,Buy,236078906
2024-08-30 13:33:55,92100.0,300,Buy,236078907
2024-08-30 13:34:04,92100.0,100,Buy,236079051
2024-08-30 13:34:04,92100.0,100,Buy,236079052
2024-08-30 13:34:12,92100.0,700,Buy,236079242
2024-08-30 13:34:12,92100.0,100,Buy,236079241
2024-08-30 13:34:12,92100.0,700,Buy,236079235
2024-08-30 13:34:12,92100.0,200,Buy,236079239
2024-08-30 13:34:12,92100.0,900,Buy,236079234
2024-08-30 13:34:12,92100.0,900,Buy,236079240
2024-08-30 13:34:32,92100.0,300,Buy,236079573
2024-08-30 13:34:32,92100.0,900,Buy,236079574
2024-08-30 13:34:32,92100.0,1000,Buy,236079575
2024-08-30 13:34:32,92100.0,200,Buy,236079576
2024-08-30 13:34:33,92100.0,700,Buy,236079588
2024-08-30 13:34:34,92100.0,200,Buy,236079639
2024-08-30 13:34:34,92100.0,300,Buy,236079640
2024-08-30 13:34:41,92100.0,1000,Buy,236079758
2024-08-30 13:34:42,92100.0,700,Buy,236079772
2024-08-30 13:34:42,92100.0,300,Buy,236079773
2024-08-30 13:34:42,92100.0,300,Buy,236079770
2024-08-30 13:34:42,92100.0,300,Buy,236079771
2024-08-30 13:34:47,92000.0,500,Sell,236079906
2024-08-30 13:35:02,92100.0,100,Buy,236080192
2024-08-30 13:35:47,92100.0,500,Buy,236081104
2024-08-30 13:35:47,92100.0,100,Buy,236081105
2024-08-30 13:35:47,92100.0,900,Buy,236081106
2024-08-30 13:35:47,92100.0,100,Buy,236081107
2024-08-30 13:35:50,92000.0,200,Sell,236081156
2024-08-30 13:35:50,92000.0,300,Sell,236081157
2024-08-30 13:36:52,92100.0,800,Buy,236082495
2024-08-30 13:36:52,92100.0,200,Buy,236082496
2024-08-30 13:36:52,92100.0,600,Buy,236082497
2024-08-30 13:36:54,92000.0,200,Sell,236082529
2024-08-30 13:36:54,92000.0,100,Sell,236082530
2024-08-30 13:36:54,92000.0,200,Sell,236082531
2024-08-30 13:37:09,92000.0,1600,Sell,236082810
2024-08-30 13:37:09,92000.0,100,Sell,236082809
2024-08-30 13:37:33,92100.0,100,Buy,236083347
2024-08-30 13:37:54,92000.0,100,Sell,236083700
2024-08-30 13:37:54,92000.0,400,Sell,236083701
2024-08-30 13:37:58,92100.0,600,Buy,236083777
2024-08-30 13:37:58,92100.0,1000,Buy,236083778
2024-08-30 13:38:06,92000.0,100,Sell,236083934
2024-08-30 13:38:12,92100.0,100,Buy,236084085
2024-08-30 13:38:12,92100.0,200,Buy,236084080
2024-08-30 13:38:12,92100.0,100,Buy,236084079
2024-08-30 13:38:12,92100.0,100,Buy,236084078
2024-08-30 13:38:12,92100.0,300,Buy,236084074
2024-08-30 13:38:12,92100.0,200,Buy,236084075
2024-08-30 13:38:12,92100.0,100,Buy,236084073
2024-08-30 13:38:12,92100.0,200,Buy,236084072
2024-08-30 13:38:12,92100.0,100,Buy,236084077
2024-08-30 13:38:12,92100.0,100,Buy,236084086
2024-08-30 13:38:13,92100.0,300,Buy,236084087
2024-08-30 13:38:16,92100.0,500,Buy,236084153
2024-08-30 13:38:16,92100.0,200,Buy,236084152
2024-08-30 13:38:59,92000.0,500,Sell,236085050
2024-08-30 13:39:03,92100.0,1000,Buy,236085162
2024-08-30 13:39:03,92100.0,600,Buy,236085163
2024-08-30 13:39:17,92100.0,1000,Buy,236085418
2024-08-30 13:40:03,92000.0,400,Sell,236086336
2024-08-30 13:40:03,92000.0,100,Sell,236086335
2024-08-30 13:40:08,92100.0,200,Buy,236086424
2024-08-30 13:40:08,92100.0,400,Buy,236086425
2024-08-30 13:40:08,92100.0,1000,Buy,236086426
2024-08-30 13:40:09,92100.0,100,Buy,236086442
2024-08-30 13:40:09,92100.0,100,Buy,236086446
2024-08-30 13:40:12,92100.0,900,Buy,236086594
2024-08-30 13:40:12,92100.0,400,Buy,236086595
2024-08-30 13:40:12,92100.0,1000,Buy,236086593
2024-08-30 13:40:27,92100.0,500,Buy,236086999
2024-08-30 13:40:27,92100.0,900,Buy,236087000
2024-08-30 13:40:27,92100.0,600,Buy,236087001
2024-08-30 13:40:38,92100.0,300,Buy,236087292
2024-08-30 13:41:06,92000.0,500,Sell,236087932
2024-08-30 13:41:13,92100.0,600,Buy,236088138
2024-08-30 13:41:13,92100.0,600,Buy,236088135
2024-08-30 13:41:13,92100.0,400,Buy,236088137
2024-08-30 13:42:01,92100.0,300,Buy,236089260
2024-08-30 13:42:01,92100.0,400,Buy,236089259
2024-08-30 13:42:10,92000.0,300,Sell,236089483
2024-08-30 13:42:10,92000.0,200,Sell,236089484
2024-08-30 13:42:10,92000.0,100,Sell,236089485
2024-08-30 13:42:13,92000.0,100,Sell,236089569
2024-08-30 13:42:13,92000.0,100,Sell,236089568
2024-08-30 13:42:13,92000.0,100,Sell,236089567
2024-08-30 13:42:13,92000.0,100,Sell,236089566
2024-08-30 13:42:13,92000.0,100,Sell,236089564
2024-08-30 13:42:13,92000.0,100,Sell,236089563
2024-08-30 13:42:13,92000.0,200,Sell,236089562
2024-08-30 13:42:13,92000.0,200,Sell,236089565
2024-08-30 13:42:18,92100.0,600,Buy,236089648
2024-08-30 13:42:18,92100.0,100,Buy,236089649
2024-08-30 13:42:18,92100.0,900,Buy,236089650
2024-08-30 13:42:39,92100.0,500,Buy,236090083
2024-08-30 13:43:15,92000.0,500,Sell,236091025
2024-08-30 13:43:24,92100.0,200,Buy,236091145
2024-08-30 13:43:24,92100.0,400,Buy,236091144
2024-08-30 13:43:24,92100.0,1000,Buy,236091146
2024-08-30 13:43:41,92100.0,1100,Buy,236091453
2024-08-30 13:43:55,92100.0,2300,Buy,236091773
2024-08-30 13:44:05,92100.0,100,Buy,236092082
2024-08-30 13:44:10,92100.0,100,Buy,236092225
2024-08-30 13:44:10,92100.0,100,Buy,236092224
2024-08-30 13:44:10,92100.0,200,Buy,236092223
2024-08-30 13:44:10,92100.0,200,Buy,236092222
2024-08-30 13:44:10,92100.0,200,Buy,236092220
2024-08-30 13:44:10,92100.0,100,Buy,236092219
2024-08-30 13:44:10,92100.0,100,Buy,236092218
2024-08-30 13:44:10,92100.0,100,Buy,236092217
2024-08-30 13:44:10,92100.0,300,Buy,236092221
2024-08-30 13:44:11,92100.0,100,Buy,236092230
2024-08-30 13:44:11,92100.0,100,Buy,236092231
2024-08-30 13:44:11,92100.0,200,Buy,236092232
2024-08-30 13:44:11,92100.0,100,Buy,236092234
2024-08-30 13:44:19,92000.0,500,Sell,236092368
2024-08-30 13:44:26,92100.0,500,Buy,236092550
2024-08-30 13:44:26,92100.0,700,Buy,236092551
2024-08-30 13:44:26,92100.0,900,Buy,236092549
2024-08-30 13:44:27,92100.0,300,Buy,236092576
2024-08-30 13:44:27,92100.0,300,Buy,236092577
2024-08-30 13:44:27,92100.0,500,Buy,236092578
2024-08-30 13:44:29,92100.0,200,Buy,236092613
2024-08-30 13:44:29,92100.0,400,Buy,236092614
2024-08-30 13:44:29,92100.0,1000,Buy,236092615
2024-08-30 13:44:36,92100.0,400,Buy,236092757
2024-08-30 13:44:36,92100.0,300,Buy,236092749
2024-08-30 13:44:36,92100.0,400,Buy,236092750
2024-08-30 13:44:37,92100.0,500,Buy,236092791
2024-08-30 13:44:37,92100.0,1400,Buy,236092792
2024-08-30 13:44:48,92100.0,100,Buy,236093003
2024-08-30 13:44:48,92100.0,300,Buy,236093004
2024-08-30 13:44:48,92100.0,800,Buy,236093002
2024-08-30 13:44:48,92100.0,700,Buy,236092999
2024-08-30 13:44:48,92100.0,1000,Buy,236093000
2024-08-30 13:44:48,92100.0,1000,Buy,236092998
2024-08-30 13:44:48,92100.0,100,Buy,236093001
2024-08-30 13:44:52,92100.0,1000,Buy,236093143
2024-08-30 13:44:52,92100.0,1800,Buy,236093144
2024-08-30 13:44:52,92100.0,1200,Buy,236093145
2024-08-30 13:44:53,92100.0,100,Buy,236093169
2024-08-30 13:45:01,92100.0,300,Buy,236093332
2024-08-30 13:45:01,92100.0,300,Buy,236093338
2024-08-30 13:45:01,92100.0,100,Buy,236093327
2024-08-30 13:45:01,92100.0,300,Buy,236093326
2024-08-30 13:45:01,92100.0,100,Buy,236093328
2024-08-30 13:45:20,92000.0,200,Sell,236093785
2024-08-30 13:45:20,92000.0,100,Sell,236093786
2024-08-30 13:45:20,92000.0,100,Sell,236093787
2024-08-30 13:45:20,92000.0,100,Sell,236093788
2024-08-30 13:45:34,92100.0,600,Buy,236094033
2024-08-30 13:45:34,92100.0,1000,Buy,236094034
2024-08-30 13:45:39,92100.0,100,Buy,236094138
2024-08-30 13:45:39,92100.0,100,Buy,236094140
2024-08-30 13:45:39,92100.0,200,Buy,236094139
2024-08-30 13:45:39,92100.0,300,Buy,236094132
2024-08-30 13:45:39,92100.0,100,Buy,236094126
2024-08-30 13:45:39,92100.0,200,Buy,236094130
2024-08-30 13:45:39,92100.0,100,Buy,236094127
2024-08-30 13:45:39,92100.0,100,Buy,236094125
2024-08-30 13:45:39,92100.0,200,Buy,236094131
2024-08-30 13:45:40,92100.0,100,Buy,236094146
2024-08-30 13:45:40,92100.0,300,Buy,236094147
2024-08-30 13:45:43,92100.0,3300,Buy,236094262
2024-08-30 13:45:46,92100.0,700,Buy,236094338
2024-08-30 13:45:48,92100.0,100,Buy,236094370
2024-08-30 13:45:58,92100.0,3300,Buy,236094641
2024-08-30 13:45:58,92100.0,200,Buy,236094645
2024-08-30 13:46:21,92000.0,600,Sell,236095111
2024-08-30 13:46:31,92100.0,100,Buy,236095328
2024-08-30 13:46:39,92100.0,600,Buy,236095484
2024-08-30 13:46:39,92100.0,600,Buy,236095482
2024-08-30 13:46:39,92100.0,400,Buy,236095483
2024-08-30 13:47:27,92000.0,600,Sell,236096553
2024-08-30 13:47:45,92100.0,600,Buy,236097064
2024-08-30 13:47:45,92100.0,400,Buy,236097065
2024-08-30 13:47:45,92100.0,200,Buy,236097066
2024-08-30 13:47:45,92100.0,400,Buy,236097067
2024-08-30 13:48:29,92100.0,700,Buy,236098248
2024-08-30 13:48:29,92100.0,400,Buy,236098249
2024-08-30 13:48:31,92000.0,600,Sell,236098293
2024-08-30 13:48:41,92000.0,100,Sell,236098550
2024-08-30 13:48:41,92000.0,200,Sell,236098549
2024-08-30 13:48:41,92000.0,3300,Sell,236098548
2024-08-30 13:48:41,92000.0,3300,Sell,236098547
2024-08-30 13:48:41,92000.0,3300,Sell,236098543
2024-08-30 13:48:41,92000.0,200,Sell,236098545
2024-08-30 13:48:41,92000.0,700,Sell,236098544
2024-08-30 13:48:41,92000.0,200,Sell,236098551
2024-08-30 13:48:41,92000.0,100,Sell,236098542
2024-08-30 13:48:41,92000.0,3300,Sell,236098546
2024-08-30 13:48:41,92000.0,100,Sell,236098552
2024-08-30 13:48:41,92000.0,1200,Sell,236098555
2024-08-30 13:48:41,92000.0,1800,Sell,236098554
2024-08-30 13:48:41,92000.0,100,Sell,236098541
2024-08-30 13:48:41,92000.0,1700,Sell,236098556
2024-08-30 13:48:41,92000.0,1300,Sell,236098557
2024-08-30 13:48:41,92000.0,1000,Sell,236098558
2024-08-30 13:48:41,92000.0,200,Sell,236098559
2024-08-30 13:48:41,92000.0,100,Sell,236098560
2024-08-30 13:48:41,92000.0,700,Sell,236098561
2024-08-30 13:48:41,92000.0,3300,Sell,236098562
2024-08-30 13:48:41,92000.0,2900,Sell,236098563
2024-08-30 13:48:41,92000.0,1000,Sell,236098553
2024-08-30 13:48:41,92000.0,100,Sell,236098540
2024-08-30 13:48:41,92000.0,400,Sell,236098523
2024-08-30 13:48:41,92000.0,100,Sell,236098538
2024-08-30 13:48:41,92000.0,200,Sell,236098539
2024-08-30 13:48:41,92000.0,200,Sell,236098514
2024-08-30 13:48:41,92000.0,100,Sell,236098515
2024-08-30 13:48:41,92000.0,100,Sell,236098516
2024-08-30 13:48:41,92000.0,200,Sell,236098517
2024-08-30 13:48:41,92000.0,100,Sell,236098518
2024-08-30 13:48:41,92000.0,100,Sell,236098519
2024-08-30 13:48:41,92000.0,100,Sell,236098520
2024-08-30 13:48:41,92000.0,200,Sell,236098521
2024-08-30 13:48:41,92000.0,400,Sell,236098524
2024-08-30 13:48:41,92000.0,300,Sell,236098525
2024-08-30 13:48:41,92000.0,300,Sell,236098522
2024-08-30 13:48:41,92000.0,400,Sell,236098527
2024-08-30 13:48:41,92000.0,700,Sell,236098528
2024-08-30 13:48:41,92000.0,400,Sell,236098526
2024-08-30 13:48:41,92000.0,1800,Sell,236098529
2024-08-30 13:48:41,92000.0,1000,Sell,236098530
2024-08-30 13:48:41,92000.0,1200,Sell,236098531
2024-08-30 13:48:41,92000.0,1000,Sell,236098532
2024-08-30 13:48:41,92000.0,10000,Sell,236098533
2024-08-30 13:48:41,92000.0,200,Sell,236098534
2024-08-30 13:48:41,92000.0,100,Sell,236098535
2024-08-30 13:48:41,92000.0,100,Sell,236098536
2024-08-30 13:48:41,92000.0,100,Sell,236098537
2024-08-30 13:48:44,92100.0,100,Buy,236098695
2024-08-30 13:48:50,92100.0,1000,Buy,236098966
2024-08-30 13:48:50,92100.0,600,Buy,236098965
2024-08-30 13:48:51,92100.0,100,Buy,236099007
2024-08-30 13:48:58,92100.0,100,Buy,236099136
2024-08-30 13:49:09,92000.0,100,Sell,236099397
2024-08-30 13:49:09,92000.0,100,Sell,236099398
2024-08-30 13:49:09,92000.0,200,Sell,236099399
2024-08-30 13:49:09,92000.0,100,Sell,236099400
2024-08-30 13:49:09,92000.0,200,Sell,236099402
2024-08-30 13:49:09,92000.0,100,Sell,236099401
2024-08-30 13:49:09,92000.0,100,Sell,236099403
2024-08-30 13:49:09,92000.0,1000,Sell,236099411
2024-08-30 13:49:09,92000.0,200,Sell,236099405
2024-08-30 13:49:09,92000.0,100,Sell,236099406
2024-08-30 13:49:09,92000.0,100,Sell,236099408
2024-08-30 13:49:09,92000.0,200,Sell,236099409
2024-08-30 13:49:09,92000.0,200,Sell,236099410
2024-08-30 13:49:09,92000.0,100,Sell,236099396
2024-08-30 13:49:09,92000.0,200,Sell,236099404
2024-08-30 13:49:09,92000.0,200,Sell,236099395
2024-08-30 13:49:09,92000.0,100,Sell,236099407
2024-08-30 13:49:09,92000.0,200,Sell,236099393
2024-08-30 13:49:09,92000.0,7100,Sell,236099376
2024-08-30 13:49:09,92000.0,200,Sell,236099377
2024-08-30 13:49:09,92000.0,3300,Sell,236099378
2024-08-30 13:49:09,92000.0,600,Sell,236099379
2024-08-30 13:49:09,92000.0,300,Sell,236099380
2024-08-30 13:49:09,92000.0,200,Sell,236099381
2024-08-30 13:49:09,92000.0,100,Sell,236099383
2024-08-30 13:49:09,92000.0,1000,Sell,236099382
2024-08-30 13:49:09,92000.0,100,Sell,236099387
2024-08-30 13:49:09,92000.0,100,Sell,236099388
2024-08-30 13:49:09,92000.0,100,Sell,236099389
2024-08-30 13:49:09,92000.0,200,Sell,236099390
2024-08-30 13:49:09,92000.0,200,Sell,236099391
2024-08-30 13:49:09,92000.0,100,Sell,236099392
2024-08-30 13:49:09,92000.0,100,Sell,236099386
2024-08-30 13:49:09,92000.0,100,Sell,236099394
2024-08-30 13:49:12,92000.0,100,Buy,236099463
2024-08-30 13:49:32,92000.0,700,Buy,236099895
2024-08-30 13:49:37,91900.0,300,Sell,236100038
2024-08-30 13:49:37,91900.0,200,Sell,236100039
2024-08-30 13:49:55,92000.0,1000,Buy,236100525
2024-08-30 13:49:55,92000.0,600,Buy,236100526
2024-08-30 13:50:03,92000.0,400,Buy,236100729
2024-08-30 13:50:25,92000.0,1800,Buy,236101198
2024-08-30 13:50:25,92000.0,1200,Buy,236101199
2024-08-30 13:50:25,92000.0,1000,Buy,236101200
2024-08-30 13:50:30,92000.0,300,Buy,236101303
2024-08-30 13:50:30,92000.0,400,Buy,236101304
2024-08-30 13:50:30,92000.0,400,Buy,236101306
2024-08-30 13:50:34,92000.0,300,Buy,236101376
2024-08-30 13:50:34,92000.0,400,Buy,236101377
2024-08-30 13:50:34,92000.0,400,Buy,236101378
2024-08-30 13:50:40,92000.0,300,Buy,236101496
2024-08-30 13:50:40,92000.0,700,Buy,236101495
2024-08-30 13:50:40,91900.0,300,Sell,236101491
2024-08-30 13:50:40,91900.0,200,Sell,236101490
2024-08-30 13:50:40,92000.0,1200,Buy,236101483
2024-08-30 13:50:40,92000.0,1800,Buy,236101482
2024-08-30 13:50:49,92000.0,200,Buy,236101673
2024-08-30 13:50:49,92000.0,200,Buy,236101674
2024-08-30 13:50:49,92000.0,200,Buy,236101675
2024-08-30 13:50:49,92000.0,100,Buy,236101676
2024-08-30 13:50:49,92000.0,100,Buy,236101677
2024-08-30 13:50:50,92000.0,100,Buy,236101688
2024-08-30 13:50:50,92000.0,300,Buy,236101685
2024-08-30 13:50:50,92000.0,100,Buy,236101683
2024-08-30 13:50:50,92000.0,300,Buy,236101681
2024-08-30 13:50:50,92000.0,100,Buy,236101680
2024-08-30 13:50:50,92000.0,100,Buy,236101684
2024-08-30 13:50:53,92000.0,100,Buy,236101761
2024-08-30 13:50:53,92000.0,200,Buy,236101760
2024-08-30 13:50:53,92000.0,200,Buy,236101755
2024-08-30 13:50:53,92000.0,300,Buy,236101754
2024-08-30 13:50:53,92000.0,300,Buy,236101764
2024-08-30 13:50:53,92000.0,100,Buy,236101746
2024-08-30 13:50:53,92000.0,100,Buy,236101745
2024-08-30 13:50:53,92000.0,100,Buy,236101744
2024-08-30 13:50:53,92000.0,200,Buy,236101743
2024-08-30 13:50:53,92000.0,200,Buy,236101753
2024-08-30 13:50:58,92000.0,200,Buy,236101870
2024-08-30 13:50:58,92000.0,100,Buy,236101871
2024-08-30 13:50:58,92000.0,100,Buy,236101872
2024-08-30 13:50:58,92000.0,100,Buy,236101873
2024-08-30 13:50:58,92000.0,100,Buy,236101874
2024-08-30 13:51:00,92100.0,600,Buy,236101913
2024-08-30 13:51:00,92100.0,1000,Buy,236101914
2024-08-30 13:51:42,92000.0,100,Sell,236102821
2024-08-30 13:51:42,92000.0,100,Sell,236102822
2024-08-30 13:51:42,92000.0,300,Sell,236102823
2024-08-30 13:51:42,92000.0,100,Sell,236102824
2024-08-30 13:51:49,92000.0,100,Sell,236102995
2024-08-30 13:51:51,92000.0,200,Sell,236103021
2024-08-30 13:51:51,92100.0,100,Buy,236103025
2024-08-30 13:51:51,92000.0,200,Sell,236103020
2024-08-30 13:51:51,92000.0,100,Sell,236103022
2024-08-30 13:51:51,92000.0,500,Sell,236103023
2024-08-30 13:51:52,92000.0,700,Sell,236103043
2024-08-30 13:51:52,92000.0,400,Sell,236103047
2024-08-30 13:51:52,92000.0,2200,Sell,236103046
2024-08-30 13:51:52,92000.0,100,Sell,236103042
2024-08-30 13:51:52,92000.0,900,Sell,236103044
2024-08-30 13:51:52,92000.0,2500,Sell,236103045
2024-08-30 13:52:05,92100.0,1000,Buy,236103413
2024-08-30 13:52:05,92100.0,600,Buy,236103412
2024-08-30 13:52:32,92000.0,1000,Sell,236104017
2024-08-30 13:52:47,92000.0,500,Sell,236104384
2024-08-30 13:52:52,92000.0,1400,Sell,236104533
2024-08-30 13:52:52,92000.0,100,Sell,236104534
2024-08-30 13:52:52,92000.0,1100,Sell,236104535
2024-08-30 13:52:52,92000.0,1200,Sell,236104536
2024-08-30 13:52:52,92000.0,1200,Sell,236104537
2024-08-30 13:53:09,92000.0,300,Sell,236104910
2024-08-30 13:53:09,92000.0,400,Sell,236104911
2024-08-30 13:53:09,92000.0,500,Sell,236104908
2024-08-30 13:53:09,92000.0,400,Sell,236104909
2024-08-30 13:53:11,92100.0,500,Buy,236104957
2024-08-30 13:53:11,92100.0,500,Buy,236104959
2024-08-30 13:53:11,92100.0,100,Buy,236104960
2024-08-30 13:53:11,92100.0,500,Buy,236104956
2024-08-30 13:53:15,92100.0,700,Buy,236105050
2024-08-30 13:53:24,92100.0,300,Buy,236105183
2024-08-30 13:53:48,92000.0,200,Sell,236105670
2024-08-30 13:53:48,92000.0,200,Sell,236105671
2024-08-30 13:53:48,92000.0,100,Sell,236105672
2024-08-30 13:54:16,92100.0,600,Buy,236106312
2024-08-30 13:54:16,92100.0,600,Buy,236106310
2024-08-30 13:54:16,92100.0,400,Buy,236106311
2024-08-30 13:54:48,92000.0,200,Sell,236106886
2024-08-30 13:54:48,92000.0,100,Sell,236106884
2024-08-30 13:54:48,92000.0,200,Sell,236106885
2024-08-30 13:54:55,92000.0,300,Sell,236107028
2024-08-30 13:54:55,92000.0,100,Sell,236107027
2024-08-30 13:54:55,92000.0,100,Sell,236107029
2024-08-30 13:54:55,92000.0,200,Sell,236107030
2024-08-30 13:54:55,92000.0,100,Sell,236107031
2024-08-30 13:54:55,92000.0,200,Sell,236107032
2024-08-30 13:54:55,92000.0,200,Sell,236107033
2024-08-30 13:54:55,92000.0,400,Sell,236107034
2024-08-30 13:55:21,92100.0,1000,Buy,236107563
2024-08-30 13:55:21,92100.0,600,Buy,236107564
2024-08-30 13:55:40,92000.0,4900,Sell,236108026
2024-08-30 13:55:40,92000.0,100,Sell,236108025
2024-08-30 13:55:40,92000.0,100,Sell,236108023
2024-08-30 13:55:40,92000.0,300,Sell,236108024
2024-08-30 13:55:40,92000.0,100,Sell,236108021
2024-08-30 13:55:40,92000.0,200,Sell,236108020
2024-08-30 13:55:40,92000.0,200,Sell,236108019
2024-08-30 13:55:40,92000.0,100,Sell,236108022
2024-08-30 13:55:51,92000.0,500,Sell,236108250
2024-08-30 13:56:26,92100.0,1000,Buy,236109021
2024-08-30 13:56:26,92100.0,600,Buy,236109022
2024-08-30 13:56:53,92000.0,600,Sell,236109748
2024-08-30 13:57:06,92000.0,500,Sell,236109980
2024-08-30 13:57:32,92100.0,600,Buy,236110584
2024-08-30 13:57:32,92100.0,1000,Buy,236110585
2024-08-30 13:57:57,92000.0,600,Sell,236111099
2024-08-30 13:58:15,92000.0,2000,Sell,236111490
2024-08-30 13:58:29,92000.0,900,Sell,236111852
2024-08-30 13:58:29,92000.0,700,Sell,236111853
2024-08-30 13:58:37,92100.0,1000,Buy,236112017
2024-08-30 13:58:37,92100.0,600,Buy,236112018
2024-08-30 13:58:53,92100.0,700,Buy,236112353
2024-08-30 13:58:53,92100.0,2600,Buy,236112352
2024-08-30 13:59:02,92000.0,500,Sell,236112536
2024-08-30 13:59:03,92000.0,1100,Sell,236112586
2024-08-30 13:59:03,92000.0,500,Sell,236112592
2024-08-30 13:59:03,92000.0,100,Sell,236112591
2024-08-30 13:59:03,92000.0,1000,Sell,236112590
2024-08-30 13:59:03,92000.0,8800,Sell,236112585
2024-08-30 13:59:03,92000.0,100,Sell,236112588
2024-08-30 13:59:03,92000.0,100,Sell,236112587
2024-08-30 13:59:03,92000.0,100,Sell,236112589
2024-08-30 13:59:04,92000.0,100,Sell,236112611
2024-08-30 13:59:04,92000.0,500,Sell,236112610
2024-08-30 13:59:04,92000.0,900,Sell,236112609
2024-08-30 13:59:04,92000.0,600,Sell,236112608
2024-08-30 13:59:04,92000.0,100,Sell,236112607
2024-08-30 13:59:04,92000.0,400,Sell,236112606
2024-08-30 13:59:04,92000.0,200,Sell,236112605
2024-08-30 13:59:04,92000.0,200,Sell,236112603
2024-08-30 13:59:04,92000.0,300,Sell,236112604
2024-08-30 13:59:04,92000.0,100,Sell,236112600
2024-08-30 13:59:04,92000.0,100,Sell,236112599
2024-08-30 13:59:04,92000.0,200,Sell,236112598
2024-08-30 13:59:04,92000.0,100,Sell,236112597
2024-08-30 13:59:04,92000.0,100,Sell,236112596
2024-08-30 13:59:04,92000.0,700,Sell,236112595
2024-08-30 13:59:04,92000.0,100,Sell,236112594
2024-08-30 13:59:04,92000.0,100,Sell,236112593
2024-08-30 13:59:04,92000.0,200,Sell,236112602
2024-08-30 13:59:04,92000.0,100,Sell,236112601
2024-08-30 13:59:14,92000.0,3300,Buy,236112816
2024-08-30 13:59:15,91900.0,200,Sell,236112839
2024-08-30 13:59:15,91900.0,200,Sell,236112840
2024-08-30 13:59:15,91900.0,200,Sell,236112841
2024-08-30 13:59:23,92000.0,200,Buy,236113005
2024-08-30 13:59:23,92000.0,200,Buy,236113004
2024-08-30 13:59:23,92000.0,300,Buy,236113002
2024-08-30 13:59:42,92100.0,1000,Buy,236113432
2024-08-30 13:59:42,92100.0,100,Buy,236113430
2024-08-30 13:59:42,92100.0,500,Buy,236113431
2024-08-30 13:59:43,92000.0,100,Sell,236113516
2024-08-30 14:00:06,92000.0,200,Sell,236113911
2024-08-30 14:00:06,92000.0,200,Sell,236113912
2024-08-30 14:00:06,92000.0,100,Sell,236113913
2024-08-30 14:00:15,92000.0,1100,Sell,236114130
2024-08-30 14:00:15,92000.0,500,Sell,236114131
2024-08-30 14:00:41,92100.0,200,Buy,236114699
2024-08-30 14:00:41,92100.0,800,Buy,236114700
2024-08-30 14:00:41,92100.0,700,Buy,236114701
2024-08-30 14:00:41,92100.0,200,Buy,236114702
2024-08-30 14:00:41,92100.0,3900,Buy,236114703
2024-08-30 14:00:45,92100.0,700,Buy,236114779
2024-08-30 14:00:47,92100.0,1000,Buy,236114820
2024-08-30 14:00:47,92100.0,600,Buy,236114821
2024-08-30 14:01:07,92100.0,500,Buy,236115202
2024-08-30 14:01:07,92000.0,500,Sell,236115205
2024-08-30 14:01:10,92000.0,100,Sell,236115252
2024-08-30 14:01:21,92100.0,500,Buy,236115556
2024-08-30 14:01:28,92100.0,100,Buy,236115728
2024-08-30 14:01:52,92100.0,200,Buy,236116273
2024-08-30 14:01:52,92100.0,400,Buy,236116274
2024-08-30 14:01:52,92100.0,100,Buy,236116275
2024-08-30 14:01:52,92100.0,900,Buy,236116276
2024-08-30 14:02:08,92000.0,600,Sell,236116615
2024-08-30 14:02:17,92100.0,500,Buy,236116825
2024-08-30 14:02:29,92100.0,200,Buy,236117044
2024-08-30 14:02:32,92100.0,500,Buy,236117135
2024-08-30 14:02:40,92100.0,100,Buy,236117354
2024-08-30 14:02:58,92100.0,1000,Buy,236117832
2024-08-30 14:02:58,92100.0,600,Buy,236117833
2024-08-30 14:03:13,92000.0,600,Sell,236118223
2024-08-30 14:03:17,92100.0,2100,Buy,236118334
2024-08-30 14:03:34,92100.0,500,Buy,236118849
2024-08-30 14:03:39,92000.0,500,Sell,236118977
2024-08-30 14:03:43,92100.0,500,Buy,236119081
2024-08-30 14:03:50,92100.0,100,Buy,236119274
2024-08-30 14:04:03,92100.0,600,Buy,236119671
2024-08-30 14:04:03,92100.0,1000,Buy,236119673
2024-08-30 14:04:18,92000.0,500,Sell,236120115
2024-08-30 14:04:35,92000.0,300,Sell,236120593
2024-08-30 14:04:47,92100.0,500,Buy,236120900
2024-08-30 14:04:58,92100.0,500,Buy,236121193
2024-08-30 14:05:07,92100.0,800,Buy,236121415
2024-08-30 14:05:08,92100.0,1000,Buy,236121425
2024-08-30 14:05:08,92100.0,600,Buy,236121426
2024-08-30 14:05:09,92100.0,100,Buy,236121452
2024-08-30 14:05:20,92000.0,500,Sell,236121932
2024-08-30 14:05:25,92000.0,100,Sell,236122112
2024-08-30 14:05:35,92000.0,600,Sell,236122355
2024-08-30 14:05:35,92000.0,1000,Sell,236122354
2024-08-30 14:06:13,92100.0,600,Buy,236123445
2024-08-30 14:06:13,92100.0,1000,Buy,236123452
2024-08-30 14:06:20,92100.0,500,Buy,236123600
2024-08-30 14:06:24,92000.0,300,Sell,236123683
2024-08-30 14:06:24,92000.0,300,Sell,236123684
2024-08-30 14:06:30,92100.0,500,Buy,236123840
2024-08-30 14:06:37,92100.0,100,Buy,236124060
2024-08-30 14:07:18,92100.0,1000,Buy,236125171
2024-08-30 14:07:18,92100.0,600,Buy,236125172
2024-08-30 14:07:29,92000.0,500,Sell,236125500
2024-08-30 14:07:35,92100.0,100,Buy,236125649
2024-08-30 14:07:40,92100.0,1100,Buy,236125736
2024-08-30 14:07:46,92100.0,500,Buy,236125908
2024-08-30 14:07:47,92100.0,200,Buy,236125921
2024-08-30 14:07:47,92100.0,300,Buy,236125940
2024-08-30 14:07:47,92100.0,200,Buy,236125938
2024-08-30 14:07:47,92100.0,100,Buy,236125937
2024-08-30 14:07:47,92100.0,200,Buy,236125931
2024-08-30 14:07:47,92100.0,300,Buy,236125920
2024-08-30 14:07:47,92100.0,300,Buy,236125929
2024-08-30 14:07:47,92100.0,300,Buy,236125928
2024-08-30 14:07:47,92100.0,200,Buy,236125927
2024-08-30 14:07:47,92100.0,100,Buy,236125930
2024-08-30 14:07:53,92100.0,300,Buy,236126135
2024-08-30 14:07:53,92100.0,200,Buy,236126136
2024-08-30 14:07:53,92100.0,600,Buy,236126143
2024-08-30 14:07:54,92100.0,400,Buy,236126169
2024-08-30 14:07:54,92100.0,300,Buy,236126160
2024-08-30 14:07:54,92100.0,100,Buy,236126174
2024-08-30 14:07:54,92100.0,400,Buy,236126152
2024-08-30 14:07:54,92100.0,100,Buy,236126151
2024-08-30 14:07:54,92100.0,200,Buy,236126150
2024-08-30 14:07:54,92100.0,100,Buy,236126153
2024-08-30 14:07:57,92100.0,300,Buy,236126317
2024-08-30 14:07:57,92100.0,200,Buy,236126318
2024-08-30 14:08:03,92100.0,1200,Buy,236126459
2024-08-30 14:08:03,92100.0,1000,Buy,236126464
2024-08-30 14:08:03,92100.0,1700,Buy,236126465
2024-08-30 14:08:03,92100.0,500,Buy,236126471
2024-08-30 14:08:03,92100.0,600,Buy,236126472
2024-08-30 14:08:04,92100.0,900,Buy,236126475
2024-08-30 14:08:04,92100.0,400,Buy,236126476
2024-08-30 14:08:06,92100.0,100,Buy,236126603
2024-08-30 14:08:14,92100.0,1000,Buy,236126867
2024-08-30 14:08:24,92100.0,1000,Buy,236127121
2024-08-30 14:08:24,92100.0,600,Buy,236127120
2024-08-30 14:08:25,92000.0,100,Sell,236127152
2024-08-30 14:08:25,92000.0,100,Sell,236127150
2024-08-30 14:08:25,92000.0,700,Sell,236127151
2024-08-30 14:08:31,92000.0,500,Sell,236127311
2024-08-30 14:09:09,92000.0,1000,Sell,236128234
2024-08-30 14:09:09,92000.0,600,Sell,236128232
2024-08-30 14:09:21,92000.0,600,Sell,236128677
2024-08-30 14:09:22,92100.0,500,Buy,236128716
2024-08-30 14:09:29,92100.0,600,Buy,236128898
2024-08-30 14:09:29,92100.0,1000,Buy,236128899
2024-08-30 14:09:33,92100.0,500,Buy,236129023
2024-08-30 14:09:35,92000.0,400,Sell,236129065
2024-08-30 14:09:35,92000.0,100,Sell,236129066
2024-08-30 14:09:42,92100.0,100,Buy,236129311
2024-08-30 14:10:04,92100.0,200,Buy,236130188
2024-08-30 14:10:34,92100.0,600,Buy,236130993
2024-08-30 14:10:34,92100.0,1000,Buy,236130994
2024-08-30 14:10:37,92000.0,500,Sell,236131040
2024-08-30 14:10:54,92100.0,500,Buy,236131597
2024-08-30 14:10:56,92000.0,200,Sell,236131679
2024-08-30 14:11:05,92100.0,500,Buy,236132109
2024-08-30 14:11:12,92100.0,100,Buy,236132387
2024-08-30 14:11:23,92000.0,100,Sell,236132696
2024-08-30 14:11:39,92100.0,1000,Buy,236133115
2024-08-30 14:11:39,92100.0,600,Buy,236133116
2024-08-30 14:11:40,92000.0,500,Sell,236133152
2024-08-30 14:12:42,92000.0,500,Sell,236135322
2024-08-30 14:12:42,92000.0,1600,Sell,236135324
2024-08-30 14:12:45,92100.0,600,Buy,236135388
2024-08-30 14:12:45,92100.0,1000,Buy,236135389
2024-08-30 14:12:52,92000.0,2000,Sell,236135608
2024-08-30 14:13:14,92000.0,1000,Sell,236136393
2024-08-30 14:13:37,92000.0,200,Sell,236137295
2024-08-30 14:13:39,92100.0,500,Buy,236137402
2024-08-30 14:13:45,92000.0,600,Sell,236137642
2024-08-30 14:13:50,92100.0,600,Buy,236137939
2024-08-30 14:13:50,92100.0,1000,Buy,236137942
2024-08-30 14:13:51,92100.0,500,Buy,236137987
2024-08-30 14:13:58,92100.0,100,Buy,236138218
2024-08-30 14:14:20,92000.0,100,Sell,236139133
2024-08-30 14:14:28,92000.0,2600,Sell,236139359
2024-08-30 14:14:28,92000.0,200,Sell,236139360
2024-08-30 14:14:28,92000.0,200,Sell,236139361
2024-08-30 14:14:28,92000.0,1000,Sell,236139362
2024-08-30 14:14:29,92000.0,100,Sell,236139460
2024-08-30 14:14:29,92000.0,100,Sell,236139461
2024-08-30 14:14:29,92000.0,100,Sell,236139462
2024-08-30 14:14:29,92000.0,1000,Sell,236139463
2024-08-30 14:14:29,92000.0,300,Sell,236139464
2024-08-30 14:14:30,92000.0,100,Sell,236139503
2024-08-30 14:14:50,92000.0,500,Sell,236140484
2024-08-30 14:14:55,92100.0,1000,Buy,236140631
2024-08-30 14:14:55,92100.0,600,Buy,236140632
2024-08-30 14:15:16,92100.0,200,Buy,236141460
2024-08-30 14:15:17,92100.0,600,Buy,236141524
2024-08-30 14:15:17,92100.0,1000,Buy,236141525
2024-08-30 14:15:18,92100.0,500,Buy,236141528
2024-08-30 14:15:28,92100.0,500,Buy,236141982
2024-08-30 14:15:36,92100.0,100,Buy,236142380
2024-08-30 14:15:38,92100.0,600,Buy,236142456
2024-08-30 14:15:38,92100.0,1000,Buy,236142457
2024-08-30 14:15:44,92100.0,900,Buy,236142720
2024-08-30 14:15:48,92100.0,700,Buy,236142913
2024-08-30 14:15:52,92000.0,100,Sell,236143051
2024-08-30 14:15:52,92000.0,400,Sell,236143052
2024-08-30 14:16:00,92100.0,600,Buy,236143334
2024-08-30 14:16:00,92100.0,1000,Buy,236143335
2024-08-30 14:16:01,92100.0,2000,Buy,236143396
2024-08-30 14:16:10,92100.0,500,Buy,236143690
2024-08-30 14:16:18,92100.0,2000,Buy,236144083
2024-08-30 14:16:20,92100.0,600,Buy,236144203
2024-08-30 14:16:20,92100.0,1000,Buy,236144204
2024-08-30 14:16:20,92100.0,500,Buy,236144214
2024-08-30 14:16:26,92100.0,1100,Buy,236144518
2024-08-30 14:16:27,92100.0,100,Buy,236144542
2024-08-30 14:16:32,92100.0,1700,Buy,236144851
2024-08-30 14:16:38,92100.0,100,Buy,236145042
2024-08-30 14:16:41,92100.0,200,Buy,236145142
2024-08-30 14:16:41,92100.0,600,Buy,236145173
2024-08-30 14:16:42,92100.0,1000,Buy,236145178
2024-08-30 14:16:53,92000.0,500,Sell,236145580
2024-08-30 14:16:53,92000.0,100,Sell,236145581
2024-08-30 14:16:59,92100.0,1000,Buy,236145794
2024-08-30 14:17:02,92100.0,1000,Buy,236145990
2024-08-30 14:17:02,92100.0,600,Buy,236145989
2024-08-30 14:17:23,92100.0,600,Buy,236146757
2024-08-30 14:17:23,92100.0,1000,Buy,236146758
2024-08-30 14:17:44,92100.0,600,Buy,236147535
2024-08-30 14:17:44,92100.0,1000,Buy,236147536
2024-08-30 14:17:46,92100.0,2800,Buy,236147595
2024-08-30 14:17:46,92100.0,200,Buy,236147596
2024-08-30 14:17:46,92100.0,100,Buy,236147597
2024-08-30 14:17:46,92100.0,200,Buy,236147603
2024-08-30 14:17:49,92100.0,600,Buy,236147722
2024-08-30 14:17:56,92100.0,700,Buy,236147913
2024-08-30 14:17:56,92100.0,800,Buy,236147907
2024-08-30 14:17:56,92100.0,100,Buy,236147908
2024-08-30 14:17:56,92100.0,500,Buy,236147909
2024-08-30 14:17:56,92100.0,100,Buy,236147910
2024-08-30 14:17:56,92100.0,1000,Buy,236147911
2024-08-30 14:17:56,92100.0,100,Buy,236147912
2024-08-30 14:17:58,92000.0,600,Sell,236148090
2024-08-30 14:18:02,92000.0,100,Sell,236148210
2024-08-30 14:18:02,92000.0,100,Sell,236148211
2024-08-30 14:18:02,92000.0,300,Sell,236148212
2024-08-30 14:18:02,92000.0,1000,Sell,236148209
2024-08-30 14:18:05,92100.0,800,Buy,236148314
2024-08-30 14:18:05,92100.0,200,Buy,236148315
2024-08-30 14:18:05,92100.0,600,Buy,236148316
2024-08-30 14:18:09,92100.0,400,Buy,236148449
2024-08-30 14:18:09,92100.0,100,Buy,236148450
2024-08-30 14:18:09,92100.0,1200,Buy,236148447
2024-08-30 14:18:09,92100.0,1600,Buy,236148448
2024-08-30 14:18:26,92100.0,600,Buy,236149036
2024-08-30 14:18:26,92100.0,900,Buy,236149037
2024-08-30 14:18:26,92100.0,100,Buy,236149038
2024-08-30 14:18:29,92100.0,1500,Buy,236149155
2024-08-30 14:18:29,92100.0,100,Buy,236149156
2024-08-30 14:18:29,92100.0,1700,Buy,236149157
2024-08-30 14:18:42,92000.0,1000,Sell,236149596
2024-08-30 14:18:42,92000.0,100,Sell,236149597
2024-08-30 14:18:42,92000.0,1100,Sell,236149595
2024-08-30 14:18:42,92000.0,800,Sell,236149591
2024-08-30 14:18:42,92000.0,2000,Sell,236149593
2024-08-30 14:18:42,92000.0,1000,Sell,236149592
2024-08-30 14:18:42,92000.0,4000,Sell,236149594
2024-08-30 14:18:47,92100.0,1000,Buy,236149750
2024-08-30 14:18:47,92100.0,300,Buy,236149751
2024-08-30 14:18:47,92100.0,300,Buy,236149752
2024-08-30 14:19:02,92000.0,100,Sell,236150294
2024-08-30 14:19:02,92000.0,500,Sell,236150295
2024-08-30 14:19:08,92100.0,600,Buy,236150510
2024-08-30 14:19:08,92100.0,700,Buy,236150511
2024-08-30 14:19:08,92100.0,300,Buy,236150512
2024-08-30 14:19:23,92100.0,2000,Buy,236151137
2024-08-30 14:19:23,92100.0,200,Buy,236151135
2024-08-30 14:19:23,92100.0,1000,Buy,236151136
2024-08-30 14:19:29,92200.0,600,Buy,236151359
2024-08-30 14:19:29,92200.0,1000,Buy,236151360
2024-08-30 14:19:31,92100.0,100,Sell,236151411
2024-08-30 14:19:31,92100.0,400,Sell,236151412
2024-08-30 14:19:37,92100.0,100,Sell,236151614
2024-08-30 14:19:48,92100.0,400,Sell,236152089
2024-08-30 14:19:50,92100.0,600,Buy,236152154
2024-08-30 14:19:50,92100.0,600,Buy,236152155
2024-08-30 14:19:50,92100.0,200,Buy,236152156
2024-08-30 14:19:50,92100.0,200,Sell,236152160
2024-08-30 14:20:06,92000.0,600,Sell,236152742
2024-08-30 14:20:11,92100.0,500,Buy,236152904
2024-08-30 14:20:11,92100.0,200,Buy,236152905
2024-08-30 14:20:11,92100.0,200,Buy,236152906
2024-08-30 14:20:32,92200.0,600,Buy,236153907
2024-08-30 14:20:32,92200.0,1000,Buy,236153906
2024-08-30 14:20:53,92200.0,600,Buy,236154882
2024-08-30 14:20:53,92200.0,1000,Buy,236154881
2024-08-30 14:21:10,92200.0,3300,Buy,236155548
2024-08-30 14:21:12,92100.0,100,Sell,236155643
2024-08-30 14:21:12,92100.0,400,Sell,236155644
2024-08-30 14:21:14,92200.0,1000,Buy,236155705
2024-08-30 14:21:14,92200.0,600,Buy,236155706
2024-08-30 14:21:33,92200.0,3300,Buy,236156363
2024-08-30 14:21:35,92200.0,600,Buy,236156486
2024-08-30 14:21:35,92200.0,1000,Buy,236156487
2024-08-30 14:21:53,92100.0,100,Sell,236157175
2024-08-30 14:21:56,92200.0,600,Buy,236157262
2024-08-30 14:21:56,92200.0,1000,Buy,236157263
2024-08-30 14:22:00,92200.0,3300,Buy,236157342
2024-08-30 14:22:05,92100.0,200,Sell,236157557
2024-08-30 14:22:05,92100.0,1100,Sell,236157556
2024-08-30 14:22:05,92100.0,100,Sell,236157554
2024-08-30 14:22:05,92100.0,3300,Sell,236157555
2024-08-30 14:22:14,92000.0,500,Sell,236157856
2024-08-30 14:22:16,92100.0,300,Buy,236157926
2024-08-30 14:22:23,92100.0,300,Sell,236158160
2024-08-30 14:22:31,92100.0,500,Sell,236158461
2024-08-30 14:22:37,92200.0,1000,Buy,236158635
2024-08-30 14:22:37,92200.0,600,Buy,236158643
2024-08-30 14:22:49,92200.0,3300,Buy,236159042
2024-08-30 14:22:58,92200.0,600,Buy,236159434
2024-08-30 14:22:58,92200.0,1000,Buy,236159439
2024-08-30 14:23:03,92100.0,500,Sell,236159622
2024-08-30 14:23:07,92100.0,100,Sell,236159806
2024-08-30 14:23:14,92100.0,100,Sell,236160075
2024-08-30 14:23:15,92200.0,200,Buy,236160252
2024-08-30 14:23:17,92100.0,500,Sell,236160358
2024-08-30 14:23:19,92200.0,600,Buy,236160432
2024-08-30 14:23:19,92200.0,1000,Buy,236160431
2024-08-30 14:23:36,92200.0,3100,Buy,236161041
2024-08-30 14:23:36,92200.0,100,Buy,236161042
2024-08-30 14:23:36,92200.0,100,Buy,236161043
2024-08-30 14:23:40,92200.0,400,Buy,236161289
2024-08-30 14:23:40,92200.0,600,Buy,236161290
2024-08-30 14:23:40,92200.0,400,Buy,236161291
2024-08-30 14:23:40,92200.0,100,Buy,236161292
2024-08-30 14:23:40,92200.0,100,Buy,236161293
2024-08-30 14:24:01,92200.0,100,Buy,236162224
2024-08-30 14:24:01,92200.0,500,Buy,236162225
2024-08-30 14:24:01,92200.0,500,Buy,236162230
2024-08-30 14:24:01,92200.0,400,Buy,236162231
2024-08-30 14:24:01,92200.0,100,Buy,236162232
2024-08-30 14:24:10,92200.0,1000,Buy,236162697
2024-08-30 14:24:10,92200.0,100,Buy,236162696
2024-08-30 14:24:10,92200.0,100,Buy,236162694
2024-08-30 14:24:10,92200.0,1900,Buy,236162693
2024-08-30 14:24:10,92200.0,200,Buy,236162695
2024-08-30 14:24:18,92100.0,600,Sell,236163127
2024-08-30 14:24:21,92200.0,200,Buy,236163306
2024-08-30 14:24:21,92200.0,100,Buy,236163307
2024-08-30 14:24:21,92200.0,300,Buy,236163308
2024-08-30 14:24:22,92200.0,200,Buy,236163370
2024-08-30 14:24:22,92200.0,200,Buy,236163371
2024-08-30 14:24:22,92200.0,100,Buy,236163372
2024-08-30 14:24:22,92200.0,100,Buy,236163373
2024-08-30 14:24:22,92200.0,900,Buy,236163374
2024-08-30 14:24:22,92200.0,100,Buy,236163375
2024-08-30 14:24:40,92200.0,3300,Buy,236164637
2024-08-30 14:24:42,92200.0,300,Buy,236164766
2024-08-30 14:24:43,92200.0,600,Buy,236164811
2024-08-30 14:24:43,92200.0,1000,Buy,236164812
2024-08-30 14:25:02,92200.0,800,Buy,236166220
2024-08-30 14:25:03,92200.0,100,Buy,236166233
2024-08-30 14:25:03,92200.0,2000,Buy,236166234
2024-08-30 14:25:03,92200.0,100,Buy,236166235
2024-08-30 14:25:03,92200.0,100,Buy,236166236
2024-08-30 14:25:03,92200.0,200,Buy,236166232
2024-08-30 14:25:04,92200.0,600,Buy,236166325
2024-08-30 14:25:04,92200.0,1000,Buy,236166326
2024-08-30 14:25:20,92100.0,500,Sell,236167277
2024-08-30 14:25:22,92200.0,3300,Buy,236167400
2024-08-30 14:25:25,92200.0,1000,Buy,236167676
2024-08-30 14:25:25,92200.0,600,Buy,236167677
2024-08-30 14:25:38,92200.0,2100,Buy,236168505
2024-08-30 14:25:38,92200.0,1200,Buy,236168506
2024-08-30 14:25:39,92200.0,700,Buy,236168530
2024-08-30 14:25:39,92200.0,600,Buy,236168529
2024-08-30 14:25:39,92200.0,100,Buy,236168528
2024-08-30 14:25:46,92200.0,300,Buy,236168943
2024-08-30 14:25:46,92200.0,300,Buy,236168944
2024-08-30 14:25:46,92200.0,700,Buy,236168945
2024-08-30 14:25:46,92200.0,300,Buy,236168946
2024-08-30 14:25:47,92200.0,200,Buy,236168963
2024-08-30 14:25:47,92200.0,100,Buy,236168965
2024-08-30 14:25:47,92200.0,300,Buy,236168966
2024-08-30 14:25:47,92200.0,500,Buy,236168967
2024-08-30 14:25:48,92200.0,100,Buy,236169063
2024-08-30 14:25:48,92200.0,100,Buy,236169064
2024-08-30 14:25:48,92200.0,300,Buy,236169065
2024-08-30 14:25:55,92200.0,500,Buy,236169542
2024-08-30 14:25:59,92200.0,1400,Buy,236169754
2024-08-30 14:25:59,92200.0,1200,Buy,236169751
2024-08-30 14:25:59,92200.0,700,Buy,236169750
2024-08-30 14:25:59,92200.0,300,Buy,236169748
2024-08-30 14:25:59,92200.0,100,Buy,236169747
2024-08-30 14:25:59,92200.0,800,Buy,236169746
2024-08-30 14:25:59,92200.0,200,Buy,236169749
2024-08-30 14:26:03,92200.0,300,Buy,236170044
2024-08-30 14:26:03,92200.0,400,Buy,236170045
2024-08-30 14:26:04,92200.0,100,Buy,236170051
2024-08-30 14:26:04,92200.0,300,Buy,236170052
2024-08-30 14:26:07,92200.0,600,Buy,236170278
2024-08-30 14:26:07,92200.0,900,Buy,236170279
2024-08-30 14:26:07,92200.0,100,Buy,236170280
2024-08-30 14:26:15,92200.0,100,Buy,236170852
2024-08-30 14:26:15,92200.0,100,Buy,236170854
2024-08-30 14:26:15,92200.0,100,Buy,236170851
2024-08-30 14:26:15,92200.0,200,Buy,236170853
2024-08-30 14:26:15,92200.0,100,Buy,236170849
2024-08-30 14:26:15,92200.0,400,Buy,236170848
2024-08-30 14:26:15,92200.0,500,Buy,236170847
2024-08-30 14:26:15,92200.0,200,Buy,236170846
2024-08-30 14:26:15,92200.0,100,Buy,236170850
2024-08-30 14:26:22,92100.0,300,Sell,236171324
2024-08-30 14:26:28,92200.0,500,Buy,236171612
2024-08-30 14:26:33,92200.0,500,Sell,236171883
2024-08-30 14:26:33,92200.0,400,Sell,236171884
2024-08-30 14:26:44,92200.0,200,Sell,236172614
2024-08-30 14:26:49,92200.0,600,Buy,236172870
2024-08-30 14:26:49,92200.0,1000,Buy,236172883
2024-08-30 14:26:50,92200.0,100,Buy,236172988
2024-08-30 14:26:51,92200.0,200,Sell,236173104
2024-08-30 14:26:53,92300.0,100,Buy,236173201
2024-08-30 14:26:59,92300.0,200,Buy,236173633
2024-08-30 14:26:59,92300.0,300,Buy,236173632
2024-08-30 14:26:59,92300.0,900,Buy,236173630
2024-08-30 14:26:59,92300.0,400,Buy,236173631
2024-08-30 14:27:10,92300.0,600,Buy,236174287
2024-08-30 14:27:10,92300.0,200,Buy,236174288
2024-08-30 14:27:10,92300.0,800,Buy,236174289
2024-08-30 14:27:12,92300.0,200,Buy,236174436
2024-08-30 14:27:28,92200.0,400,Sell,236175610
2024-08-30 14:27:31,92300.0,600,Buy,236175722
2024-08-30 14:27:31,92300.0,1000,Buy,236175723
2024-08-30 14:27:52,92300.0,600,Buy,236176994
2024-08-30 14:27:52,92300.0,1000,Buy,236176995
2024-08-30 14:27:53,92300.0,500,Buy,236177057
2024-08-30 14:28:03,92300.0,300,Buy,236177684
2024-08-30 14:28:10,92200.0,100,Sell,236178239
2024-08-30 14:28:10,92200.0,200,Sell,236178238
2024-08-30 14:28:10,92200.0,100,Sell,236178236
2024-08-30 14:28:10,92200.0,100,Sell,236178237
2024-08-30 14:28:10,92200.0,300,Sell,236178234
2024-08-30 14:28:10,92300.0,1000,Buy,236178232
2024-08-30 14:28:10,92200.0,200,Sell,236178235
2024-08-30 14:28:10,92300.0,100,Buy,236178233
2024-08-30 14:28:13,92300.0,100,Buy,236178415
2024-08-30 14:28:13,92300.0,400,Buy,236178416
2024-08-30 14:28:13,92300.0,100,Buy,236178417
2024-08-30 14:28:13,92300.0,200,Buy,236178418
2024-08-30 14:28:13,92300.0,200,Buy,236178419
