time,price,volume,match_type,id
2024-07-23 09:14:40,87800.0,3900,ATO/ATC,225457757
2024-07-23 09:14:42,87800.0,100,Sell,225457960
2024-07-23 09:16:42,87800.0,4000,Sell,225459836
2024-07-23 09:16:42,87800.0,100,Sell,225459839
2024-07-23 09:16:42,87800.0,400,Sell,225459835
2024-07-23 09:16:42,87800.0,200,Sell,225459837
2024-07-23 09:16:42,87800.0,1000,Sell,225459838
2024-07-23 09:16:53,87800.0,100,Sell,225460033
2024-07-23 09:16:53,87800.0,400,Sell,225460032
2024-07-23 09:16:53,87800.0,100,Sell,225460034
2024-07-23 09:16:55,87900.0,800,Buy,225460050
2024-07-23 09:16:55,87800.0,200,Buy,225460048
2024-07-23 09:16:55,87900.0,800,Buy,225460049
2024-07-23 09:18:30,87900.0,200,Buy,225462026
2024-07-23 09:20:14,87900.0,200,Sell,225464424
2024-07-23 09:20:16,88000.0,100,Buy,225464452
2024-07-23 09:20:43,87900.0,1000,Sell,225465094
2024-07-23 09:21:20,87900.0,2600,Sell,225466051
2024-07-23 09:21:20,87900.0,400,Sell,225466052
2024-07-23 09:22:10,87900.0,600,Sell,225467120
2024-07-23 09:22:10,87800.0,100,Sell,225467121
2024-07-23 09:22:10,87800.0,100,Sell,225467122
2024-07-23 09:22:10,87800.0,200,Sell,225467123
2024-07-23 09:23:13,87800.0,200,Sell,225468757
2024-07-23 09:23:23,88000.0,100,Buy,225468984
2024-07-23 09:23:58,87700.0,100,Sell,225469909
2024-07-23 09:23:58,87700.0,100,Sell,225469907
2024-07-23 09:23:58,87700.0,200,Sell,225469906
2024-07-23 09:23:58,87700.0,400,Sell,225469910
2024-07-23 09:23:58,87800.0,100,Sell,225469904
2024-07-23 09:23:58,87800.0,200,Sell,225469905
2024-07-23 09:23:58,87800.0,100,Sell,225469902
2024-07-23 09:23:58,87700.0,700,Sell,225469908
2024-07-23 09:23:58,87800.0,100,Sell,225469903
2024-07-23 09:26:49,87700.0,100,Sell,225473519
2024-07-23 09:26:49,87700.0,200,Sell,225473520
2024-07-23 09:26:49,87700.0,100,Sell,225473521
2024-07-23 09:26:49,87700.0,5600,Sell,225473522
2024-07-23 09:28:01,87700.0,100,Sell,225474872
2024-07-23 09:29:08,87700.0,3000,Sell,225476225
2024-07-23 09:29:59,87700.0,500,Sell,225477313
2024-07-23 09:30:59,87700.0,100,Sell,225478556
2024-07-23 09:31:28,87700.0,600,Sell,225479213
2024-07-23 09:34:05,87800.0,200,Sell,225482381
2024-07-23 09:34:05,87800.0,1300,Sell,225482380
2024-07-23 09:34:06,87800.0,500,Sell,225482393
2024-07-23 09:34:32,87800.0,2000,Sell,225482951
2024-07-23 09:34:43,87800.0,100,Sell,225483226
2024-07-23 09:34:47,87800.0,100,Sell,225483303
2024-07-23 09:34:47,87800.0,100,Sell,225483299
2024-07-23 09:34:47,87800.0,100,Sell,225483300
2024-07-23 09:34:47,87800.0,100,Sell,225483301
2024-07-23 09:34:47,87800.0,200,Sell,225483302
2024-07-23 09:34:51,87800.0,3800,Buy,225483449
2024-07-23 09:34:51,87800.0,200,Buy,225483448
2024-07-23 09:35:01,87800.0,400,Buy,225483635
2024-07-23 09:36:05,87800.0,100,Sell,225484824
2024-07-23 09:36:40,87800.0,200,Sell,225485469
2024-07-23 09:36:40,87800.0,100,Sell,225485468
2024-07-23 09:36:40,87800.0,100,Sell,225485467
2024-07-23 09:36:40,87800.0,100,Sell,225485462
2024-07-23 09:36:40,87800.0,100,Sell,225485465
2024-07-23 09:36:40,87800.0,300,Sell,225485464
2024-07-23 09:36:40,87800.0,100,Sell,225485463
2024-07-23 09:36:40,87800.0,2900,Sell,225485466
2024-07-23 09:36:59,87800.0,200,Buy,225485870
2024-07-23 09:37:27,87800.0,900,Buy,225486543
2024-07-23 09:37:27,87800.0,100,Buy,225486544
2024-07-23 09:38:58,87800.0,1000,Sell,225488383
2024-07-23 09:39:39,87900.0,400,Buy,225489215
2024-07-23 09:40:00,87900.0,400,Buy,225489729
2024-07-23 09:40:01,87900.0,300,Buy,225489736
2024-07-23 09:40:07,87900.0,100,Buy,225489860
2024-07-23 09:40:10,87900.0,300,Buy,225489910
2024-07-23 09:40:22,87900.0,400,Buy,225490144
2024-07-23 09:40:23,87900.0,100,Buy,225490196
2024-07-23 09:40:23,87900.0,100,Buy,225490195
2024-07-23 09:40:31,87900.0,1900,Buy,225490353
2024-07-23 09:40:31,87900.0,100,Buy,225490352
2024-07-23 09:40:45,88000.0,200,Buy,225490669
2024-07-23 09:40:45,87900.0,300,Buy,225490665
2024-07-23 09:40:45,87900.0,100,Buy,225490666
2024-07-23 09:40:48,88000.0,200,Buy,225490719
2024-07-23 09:41:07,88000.0,200,Buy,225491086
2024-07-23 09:41:07,88000.0,200,Buy,225491088
2024-07-23 09:41:07,88000.0,200,Buy,225491089
2024-07-23 09:41:13,88000.0,1300,Buy,225491181
2024-07-23 09:41:13,88000.0,100,Buy,225491180
2024-07-23 09:41:13,88000.0,5000,Buy,225491179
2024-07-23 09:41:13,88000.0,100,Buy,225491178
2024-07-23 09:41:13,88000.0,5000,Buy,225491177
2024-07-23 09:41:13,88000.0,100,Buy,225491174
2024-07-23 09:41:13,88000.0,6600,Buy,225491175
2024-07-23 09:41:13,88000.0,100,Buy,225491172
2024-07-23 09:41:13,88000.0,100,Buy,225491171
2024-07-23 09:41:13,88000.0,800,Buy,225491170
2024-07-23 09:41:13,88000.0,400,Buy,225491176
2024-07-23 09:41:13,88000.0,400,Buy,225491173
2024-07-23 09:41:26,88000.0,200,Buy,225491480
2024-07-23 09:41:29,88000.0,100,Buy,225491543
2024-07-23 09:41:29,88000.0,300,Buy,225491542
2024-07-23 09:41:29,88000.0,200,Buy,225491539
2024-07-23 09:41:48,88000.0,200,Buy,225491911
2024-07-23 09:41:48,88000.0,100,Buy,225491912
2024-07-23 09:41:51,88000.0,200,Buy,225492011
2024-07-23 09:41:51,88000.0,400,Buy,225492012
2024-07-23 09:42:01,88000.0,200,Buy,225492304
2024-07-23 09:42:04,88000.0,300,Buy,225492377
2024-07-23 09:42:10,88000.0,800,Buy,225492544
2024-07-23 09:42:53,88100.0,300,Buy,225493564
2024-07-23 09:43:20,88100.0,200,Buy,225494152
2024-07-23 09:43:59,88100.0,200,Buy,225495020
2024-07-23 09:44:08,88100.0,100,Buy,225495223
2024-07-23 09:44:37,88100.0,100,Buy,225495822
2024-07-23 09:44:37,88100.0,200,Buy,225495821
2024-07-23 09:44:57,88100.0,1000,Buy,225496345
2024-07-23 09:44:57,88100.0,100,Buy,225496346
2024-07-23 09:44:57,88100.0,500,Buy,225496344
2024-07-23 09:44:59,88100.0,100,Buy,225496388
2024-07-23 09:44:59,88100.0,400,Buy,225496389
2024-07-23 09:45:05,88100.0,100,Buy,225496500
2024-07-23 09:45:05,88100.0,200,Buy,225496501
2024-07-23 09:45:09,88100.0,300,Buy,225496558
2024-07-23 09:45:09,88100.0,1000,Buy,225496559
2024-07-23 09:45:15,88100.0,100,Buy,225496647
2024-07-23 09:45:15,88100.0,100,Buy,225496646
2024-07-23 09:45:37,88100.0,100,Buy,225497115
2024-07-23 09:45:42,88000.0,200,Sell,225497202
2024-07-23 09:45:42,88000.0,100,Sell,225497201
2024-07-23 09:45:56,88100.0,800,Buy,225497542
2024-07-23 09:45:56,88200.0,100,Buy,225497543
2024-07-23 09:45:56,88200.0,600,Buy,225497544
2024-07-23 09:45:56,88300.0,100,Buy,225497545
2024-07-23 09:46:31,88200.0,200,Buy,225498235
2024-07-23 09:47:40,88200.0,100,Sell,225499525
2024-07-23 09:47:44,88200.0,1000,Sell,225499594
2024-07-23 09:48:14,88200.0,100,Sell,225500187
2024-07-23 09:48:29,88200.0,200,Sell,225500452
2024-07-23 09:48:29,88200.0,1000,Sell,225500453
2024-07-23 09:48:29,88200.0,300,Sell,225500451
2024-07-23 09:49:02,88300.0,100,Buy,225501060
2024-07-23 09:49:02,88300.0,300,Buy,225501061
2024-07-23 09:49:02,88300.0,100,Buy,225501062
2024-07-23 09:49:02,88300.0,200,Buy,225501063
2024-07-23 09:49:02,88300.0,300,Buy,225501064
2024-07-23 09:49:03,88300.0,200,Buy,225501100
2024-07-23 09:49:03,88300.0,100,Buy,225501099
2024-07-23 09:49:03,88300.0,500,Buy,225501098
2024-07-23 09:49:03,88300.0,100,Buy,225501095
2024-07-23 09:49:03,88300.0,100,Buy,225501097
2024-07-23 09:49:03,88300.0,700,Buy,225501094
2024-07-23 09:49:21,88300.0,100,Sell,225501392
2024-07-23 09:49:30,88300.0,300,Sell,225501548
2024-07-23 09:49:42,88300.0,200,Buy,225501732
2024-07-23 09:50:20,88300.0,200,Buy,225502401
2024-07-23 09:50:49,88300.0,100,Buy,225502989
2024-07-23 09:50:58,88300.0,200,Buy,225503168
2024-07-23 09:51:35,88300.0,100,Buy,225504034
2024-07-23 09:51:35,88300.0,100,Buy,225504035
2024-07-23 09:51:35,88300.0,100,Buy,225504036
2024-07-23 09:51:40,88200.0,200,Sell,225504079
2024-07-23 09:52:37,88200.0,200,Sell,225505122
2024-07-23 09:52:37,88200.0,800,Sell,225505121
2024-07-23 09:52:40,88200.0,500,Sell,225505184
2024-07-23 09:52:45,88200.0,100,Sell,225505273
2024-07-23 09:53:19,88200.0,100,Sell,225505972
2024-07-23 09:53:44,88200.0,300,Sell,225506418
2024-07-23 09:53:44,88200.0,200,Sell,225506419
2024-07-23 09:54:21,88200.0,800,Sell,225507087
2024-07-23 09:54:21,88200.0,1000,Sell,225507088
2024-07-23 09:54:21,88200.0,200,Sell,225507089
2024-07-23 09:54:37,88200.0,300,Sell,225507438
2024-07-23 09:54:37,88200.0,200,Sell,225507437
2024-07-23 09:54:37,88200.0,200,Sell,225507436
2024-07-23 09:54:47,88200.0,200,Buy,225507655
2024-07-23 09:55:11,88200.0,100,Buy,225508101
2024-07-23 09:55:25,88200.0,200,Buy,225508281
2024-07-23 09:56:03,88200.0,300,Buy,225508859
2024-07-23 09:56:26,88200.0,1500,Buy,225509178
2024-07-23 09:56:41,88200.0,200,Buy,225509460
2024-07-23 09:56:48,88200.0,100,Buy,225509604
2024-07-23 09:57:19,88200.0,200,Buy,225510052
2024-07-23 09:57:57,88200.0,200,Buy,225510560
2024-07-23 09:58:31,88100.0,100,Sell,225511103
2024-07-23 09:58:31,88100.0,100,Sell,225511101
2024-07-23 09:58:31,88100.0,200,Sell,225511102
2024-07-23 09:59:36,88100.0,600,Sell,225512287
2024-07-23 10:00:17,88100.0,3000,Sell,225513166
2024-07-23 10:00:57,88100.0,1400,Sell,225514087
2024-07-23 10:00:57,88100.0,300,Sell,225514088
2024-07-23 10:00:57,88100.0,200,Sell,225514089
2024-07-23 10:00:57,88100.0,200,Sell,225514090
2024-07-23 10:00:57,88100.0,200,Sell,225514091
2024-07-23 10:00:57,88100.0,1000,Sell,225514092
2024-07-23 10:01:09,88100.0,300,Buy,225514422
2024-07-23 10:01:46,88100.0,200,Buy,225514991
2024-07-23 10:02:24,88100.0,200,Buy,225515545
2024-07-23 10:03:02,88100.0,300,Buy,225516236
2024-07-23 10:03:40,88100.0,200,Buy,225516806
2024-07-23 10:04:19,88100.0,200,Buy,225517523
2024-07-23 10:04:35,88100.0,200,Buy,225517853
2024-07-23 10:04:38,88000.0,200,Sell,225517879
2024-07-23 10:04:38,88000.0,200,Sell,225517880
2024-07-23 10:04:38,88000.0,500,Sell,225517881
2024-07-23 10:04:38,88000.0,100,Sell,225517882
2024-07-23 10:04:38,88000.0,100,Sell,225517883
2024-07-23 10:04:38,88000.0,200,Sell,225517878
2024-07-23 10:04:52,88000.0,400,Buy,225518123
2024-07-23 10:04:53,88000.0,600,Buy,225518148
2024-07-23 10:04:57,88000.0,200,Buy,225518210
2024-07-23 10:05:14,88000.0,300,Buy,225518505
2024-07-23 10:05:15,88000.0,500,Buy,225518514
2024-07-23 10:05:35,88000.0,300,Buy,225518952
2024-07-23 10:05:35,88000.0,300,Buy,225518961
2024-07-23 10:05:37,88000.0,500,Buy,225519009
2024-07-23 10:05:49,88000.0,100,Buy,225519263
2024-07-23 10:05:57,88000.0,300,Buy,225519412
2024-07-23 10:05:59,88000.0,200,Buy,225519445
2024-07-23 10:05:59,88000.0,200,Buy,225519443
2024-07-23 10:05:59,88000.0,100,Buy,225519444
2024-07-23 10:06:13,88000.0,200,Buy,225519689
2024-07-23 10:07:57,88000.0,100,Sell,225521761
2024-07-23 10:08:37,88000.0,100,Sell,225522545
2024-07-23 10:08:37,88000.0,100,Sell,225522546
2024-07-23 10:08:38,88000.0,200,Sell,225522591
2024-07-23 10:08:57,88000.0,200,Sell,225522922
2024-07-23 10:08:57,88000.0,800,Sell,225522923
2024-07-23 10:12:09,88000.0,200,Sell,225526031
2024-07-23 10:12:09,88000.0,300,Sell,225526034
2024-07-23 10:12:09,88000.0,200,Sell,225526033
2024-07-23 10:12:09,88000.0,200,Sell,225526032
2024-07-23 10:12:09,88000.0,200,Sell,225526030
2024-07-23 10:12:09,88000.0,200,Sell,225526023
2024-07-23 10:12:09,88000.0,1000,Sell,225526028
2024-07-23 10:12:09,88000.0,1000,Sell,225526027
2024-07-23 10:12:09,88000.0,200,Sell,225526026
2024-07-23 10:12:09,88000.0,1000,Sell,225526025
2024-07-23 10:12:09,88000.0,200,Sell,225526024
2024-07-23 10:12:09,88000.0,300,Sell,225526029
2024-07-23 10:12:11,88000.0,100,Sell,225526066
2024-07-23 10:12:26,88000.0,200,Sell,225526299
2024-07-23 10:12:26,88000.0,100,Sell,225526300
2024-07-23 10:12:52,88000.0,100,Sell,225526673
2024-07-23 10:12:53,87800.0,200,Sell,225526696
2024-07-23 10:12:53,87800.0,300,Sell,225526697
2024-07-23 10:12:53,87800.0,400,Sell,225526698
2024-07-23 10:12:53,87700.0,5000,Sell,225526702
2024-07-23 10:12:53,87800.0,100,Sell,225526699
2024-07-23 10:12:53,87800.0,100,Sell,225526700
2024-07-23 10:12:53,87700.0,100,Sell,225526701
2024-07-23 10:12:53,87800.0,200,Sell,225526695
2024-07-23 10:12:53,87800.0,200,Sell,225526694
2024-07-23 10:12:53,87900.0,100,Sell,225526683
2024-07-23 10:12:53,87800.0,300,Sell,225526688
2024-07-23 10:12:53,87800.0,200,Sell,225526693
2024-07-23 10:12:53,88000.0,900,Sell,225526679
2024-07-23 10:12:53,88000.0,300,Sell,225526680
2024-07-23 10:12:53,88000.0,500,Sell,225526681
2024-07-23 10:12:53,88000.0,300,Sell,225526682
2024-07-23 10:12:53,87900.0,1000,Sell,225526684
2024-07-23 10:12:53,87900.0,100,Sell,225526685
2024-07-23 10:12:53,87800.0,900,Sell,225526686
2024-07-23 10:12:53,87800.0,100,Sell,225526687
2024-07-23 10:13:25,88000.0,500,Sell,225527471
2024-07-23 10:13:25,88000.0,100,Sell,225527472
2024-07-23 10:13:26,88000.0,100,Sell,225527512
2024-07-23 10:13:38,88000.0,100,Sell,225527679
2024-07-23 10:13:56,88000.0,1000,Sell,225527991
2024-07-23 10:13:56,88000.0,500,Sell,225527992
2024-07-23 10:13:56,88000.0,300,Sell,225527993
2024-07-23 10:13:56,88000.0,200,Sell,225527994
2024-07-23 10:14:05,88000.0,100,Buy,225528125
2024-07-23 10:14:26,88000.0,100,Sell,225528545
2024-07-23 10:14:45,88000.0,300,Sell,225528864
2024-07-23 10:14:45,88000.0,500,Sell,225528862
2024-07-23 10:14:45,88000.0,300,Sell,225528863
2024-07-23 10:14:49,88000.0,600,Buy,225528944
2024-07-23 10:14:52,88000.0,300,Buy,225529041
2024-07-23 10:15:28,88000.0,200,Sell,225529892
2024-07-23 10:15:28,88000.0,600,Sell,225529893
2024-07-23 10:15:28,88000.0,300,Sell,225529894
2024-07-23 10:15:28,88000.0,200,Sell,225529895
2024-07-23 10:15:28,88000.0,700,Sell,225529896
2024-07-23 10:15:31,88000.0,400,Sell,225529953
2024-07-23 10:15:34,88000.0,600,Buy,225529986
2024-07-23 10:15:37,88000.0,300,Buy,225530031
2024-07-23 10:15:39,87800.0,1000,Sell,225530061
2024-07-23 10:15:55,88000.0,600,Buy,225530378
2024-07-23 10:15:57,88000.0,100,Buy,225530420
2024-07-23 10:16:16,88000.0,100,Sell,225530747
2024-07-23 10:16:16,88000.0,300,Sell,225530748
2024-07-23 10:16:17,88000.0,600,Buy,225530771
2024-07-23 10:16:21,88000.0,300,Buy,225530824
2024-07-23 10:16:23,88000.0,200,Buy,225530842
2024-07-23 10:16:25,88000.0,500,Buy,225530923
2024-07-23 10:16:41,88100.0,200,Buy,225531376
2024-07-23 10:16:41,88100.0,800,Buy,225531374
2024-07-23 10:16:41,88100.0,700,Buy,225531375
2024-07-23 10:16:55,88100.0,100,Buy,225531823
2024-07-23 10:16:55,88100.0,300,Buy,225531822
2024-07-23 10:16:55,88100.0,800,Buy,225531819
2024-07-23 10:16:55,88100.0,100,Buy,225531820
2024-07-23 10:16:55,88100.0,400,Buy,225531821
2024-07-23 10:17:01,88100.0,300,Buy,225531932
2024-07-23 10:17:17,88100.0,300,Buy,225532265
2024-07-23 10:17:17,88200.0,1400,Buy,225532266
2024-07-23 10:17:30,88100.0,1000,Buy,225532576
2024-07-23 10:17:30,88200.0,700,Buy,225532577
2024-07-23 10:17:39,88200.0,200,Buy,225532803
2024-07-23 10:17:49,88200.0,1700,Buy,225533184
2024-07-23 10:18:17,88100.0,200,Buy,225533779
2024-07-23 10:18:20,88100.0,200,Buy,225533842
2024-07-23 10:18:20,88200.0,300,Buy,225533843
2024-07-23 10:18:20,88200.0,100,Buy,225533844
2024-07-23 10:18:20,88200.0,100,Buy,225533845
2024-07-23 10:18:20,88200.0,100,Buy,225533846
2024-07-23 10:18:20,88200.0,100,Buy,225533847
2024-07-23 10:18:20,88100.0,800,Buy,225533841
2024-07-23 10:18:44,88200.0,800,Buy,225534376
2024-07-23 10:18:44,88200.0,200,Buy,225534375
2024-07-23 10:18:44,88200.0,200,Buy,225534374
2024-07-23 10:18:44,88200.0,500,Buy,225534373
2024-07-23 10:18:56,88200.0,200,Buy,225534553
2024-07-23 10:19:13,88200.0,700,Buy,225534904
2024-07-23 10:19:13,88200.0,1000,Buy,225534903
2024-07-23 10:19:34,88200.0,300,Buy,225535371
2024-07-23 10:19:53,88200.0,700,Buy,225535754
2024-07-23 10:19:53,88200.0,100,Buy,225535755
2024-07-23 10:20:07,88200.0,100,Buy,225536019
2024-07-23 10:20:07,88200.0,200,Buy,225536020
2024-07-23 10:20:07,88200.0,100,Buy,225536016
2024-07-23 10:20:07,88200.0,900,Buy,225536015
2024-07-23 10:20:07,88200.0,300,Buy,225536017
2024-07-23 10:20:07,88200.0,100,Buy,225536018
2024-07-23 10:20:12,88200.0,200,Buy,225536118
2024-07-23 10:20:50,88200.0,200,Buy,225536789
2024-07-23 10:21:28,88200.0,300,Buy,225537422
2024-07-23 10:21:42,88200.0,200,Buy,225537651
2024-07-23 10:22:06,88200.0,200,Buy,225538063
2024-07-23 10:22:44,88200.0,200,Buy,225538787
2024-07-23 10:23:22,88200.0,200,Buy,225539412
2024-07-23 10:24:01,88200.0,300,Buy,225539916
2024-07-23 10:24:18,88100.0,200,Sell,225540139
2024-07-23 10:25:26,88100.0,200,Sell,225541063
2024-07-23 10:25:26,88100.0,500,Sell,225541065
2024-07-23 10:25:26,88100.0,100,Sell,225541062
2024-07-23 10:25:26,88100.0,200,Sell,225541064
2024-07-23 10:25:39,88100.0,500,Sell,225541251
2024-07-23 10:25:54,88100.0,200,Buy,225541542
2024-07-23 10:26:33,88100.0,300,Buy,225542175
2024-07-23 10:27:11,88100.0,200,Buy,225542668
2024-07-23 10:27:26,88100.0,200,Buy,225542893
2024-07-23 10:27:49,88100.0,200,Buy,225543171
2024-07-23 10:28:27,88100.0,300,Buy,225543824
2024-07-23 10:29:06,88100.0,200,Buy,225544382
2024-07-23 10:29:44,88100.0,200,Buy,225544854
2024-07-23 10:30:21,88100.0,200,Buy,225545354
2024-07-23 10:30:59,88100.0,300,Buy,225545961
2024-07-23 10:31:00,88100.0,100,Buy,225545964
2024-07-23 10:31:38,88100.0,200,Buy,225546608
2024-07-23 10:32:00,88000.0,100,Sell,225547013
2024-07-23 10:32:09,88000.0,100,Sell,225547131
2024-07-23 10:33:35,88000.0,100,Sell,225548554
2024-07-23 10:33:37,88000.0,300,Sell,225548594
2024-07-23 10:35:25,88000.0,600,Sell,225550566
2024-07-23 10:35:25,88000.0,400,Sell,225550567
2024-07-23 10:35:40,88000.0,100,Sell,225550789
2024-07-23 10:35:40,88000.0,200,Sell,225550788
2024-07-23 10:35:40,88000.0,1000,Sell,225550787
2024-07-23 10:35:40,88000.0,300,Sell,225550786
2024-07-23 10:35:40,88000.0,1000,Sell,225550782
2024-07-23 10:35:40,88000.0,200,Sell,225550784
2024-07-23 10:35:40,88000.0,500,Sell,225550785
2024-07-23 10:35:40,88000.0,600,Sell,225550780
2024-07-23 10:35:40,88000.0,100,Sell,225550783
2024-07-23 10:35:40,88000.0,1000,Sell,225550781
2024-07-23 10:36:01,88000.0,900,Sell,225551076
2024-07-23 10:36:01,88000.0,200,Sell,225551077
2024-07-23 10:36:01,88000.0,200,Sell,225551078
2024-07-23 10:36:01,88000.0,200,Sell,225551079
2024-07-23 10:36:01,88000.0,1000,Sell,225551081
2024-07-23 10:36:01,88000.0,900,Sell,225551082
2024-07-23 10:36:01,88000.0,500,Sell,225551083
2024-07-23 10:36:01,88000.0,300,Sell,225551080
2024-07-23 10:36:05,88000.0,200,Buy,225551126
2024-07-23 10:36:19,88000.0,500,Buy,225551402
2024-07-23 10:36:20,88000.0,200,Buy,225551421
2024-07-23 10:36:23,88000.0,900,Buy,225551508
2024-07-23 10:36:41,88000.0,500,Buy,225551851
2024-07-23 10:36:43,88000.0,200,Buy,225551883
2024-07-23 10:36:52,88000.0,900,Buy,225552086
2024-07-23 10:37:03,88000.0,500,Buy,225552414
2024-07-23 10:37:06,88000.0,900,Buy,225552501
2024-07-23 10:37:21,88000.0,200,Buy,225552784
2024-07-23 10:37:25,88000.0,500,Buy,225552845
2024-07-23 10:37:27,87900.0,100,Sell,225552864
2024-07-23 10:37:27,87900.0,1900,Sell,225552865
2024-07-23 10:37:28,88000.0,800,Buy,225552971
2024-07-23 10:37:29,87800.0,100,Sell,225552977
2024-07-23 10:37:29,87800.0,200,Sell,225552976
2024-07-23 10:37:29,87800.0,1700,Sell,225552978
2024-07-23 10:37:48,87900.0,500,Buy,225553483
2024-07-23 10:37:52,87900.0,800,Buy,225553547
2024-07-23 10:37:59,87900.0,300,Buy,225553705
2024-07-23 10:38:05,87900.0,200,Buy,225553882
2024-07-23 10:38:10,87900.0,200,Buy,225553947
2024-07-23 10:38:10,88000.0,300,Buy,225553948
2024-07-23 10:38:20,88000.0,900,Buy,225554167
2024-07-23 10:38:33,88000.0,500,Buy,225554511
2024-07-23 10:38:37,88000.0,200,Buy,225554576
2024-07-23 10:38:47,88000.0,900,Buy,225554808
2024-07-23 10:38:55,88000.0,500,Buy,225555019
2024-07-23 10:38:55,88000.0,200,Buy,225555027
2024-07-23 10:39:10,88000.0,800,Buy,225555353
2024-07-23 10:39:16,88000.0,200,Buy,225555485
2024-07-23 10:39:17,88000.0,500,Buy,225555516
2024-07-23 10:39:31,88000.0,800,Buy,225556024
2024-07-23 10:39:39,87800.0,1000,Sell,225556210
2024-07-23 10:39:39,87800.0,1000,Sell,225556209
2024-07-23 10:39:39,87800.0,500,Sell,225556207
2024-07-23 10:39:39,87800.0,500,Sell,225556206
2024-07-23 10:39:39,88000.0,500,Buy,225556205
2024-07-23 10:39:39,87800.0,100,Sell,225556208
2024-07-23 10:39:50,87800.0,100,Buy,225556549
2024-07-23 10:39:54,87800.0,800,Buy,225556627
2024-07-23 10:39:54,87800.0,300,Buy,225556631
2024-07-23 10:40:01,87800.0,500,Buy,225556836
2024-07-23 10:40:09,87800.0,100,Buy,225557012
2024-07-23 10:40:11,87800.0,100,Buy,225557064
2024-07-23 10:40:16,87900.0,400,Buy,225557251
2024-07-23 10:40:16,87800.0,400,Buy,225557250
2024-07-23 10:40:24,87900.0,500,Buy,225557448
2024-07-23 10:40:29,87900.0,1100,Buy,225557559
2024-07-23 10:40:38,88000.0,800,Buy,225557856
2024-07-23 10:40:45,88000.0,2000,Buy,225558035
2024-07-23 10:40:45,88000.0,3000,Buy,225558062
2024-07-23 10:40:47,88000.0,500,Buy,225558107
2024-07-23 10:40:48,88000.0,2000,Buy,225558124
2024-07-23 10:41:01,88000.0,800,Buy,225558350
2024-07-23 10:41:04,88000.0,3000,Buy,225558461
2024-07-23 10:41:10,88000.0,200,Buy,225558629
2024-07-23 10:41:10,88000.0,500,Buy,225558628
2024-07-23 10:41:20,88000.0,1600,Buy,225558866
2024-07-23 10:41:23,88000.0,800,Buy,225558974
2024-07-23 10:41:31,88000.0,100,Buy,225559257
2024-07-23 10:41:31,88000.0,1000,Buy,225559255
2024-07-23 10:41:31,88000.0,100,Buy,225559256
2024-07-23 10:41:32,88000.0,500,Buy,225559308
2024-07-23 10:41:33,88000.0,3000,Buy,225559323
2024-07-23 10:41:41,87900.0,1900,Sell,225559532
2024-07-23 10:41:41,87900.0,200,Sell,225559533
2024-07-23 10:41:41,87900.0,1100,Sell,225559534
2024-07-23 10:41:41,87900.0,800,Sell,225559535
2024-07-23 10:41:42,88000.0,1600,Buy,225559548
2024-07-23 10:41:45,88000.0,800,Buy,225559631
2024-07-23 10:41:47,88000.0,200,Buy,225559703
2024-07-23 10:41:55,88000.0,500,Buy,225559852
2024-07-23 10:42:07,88000.0,800,Buy,225560144
2024-07-23 10:42:17,88000.0,500,Buy,225560343
2024-07-23 10:42:23,88000.0,1200,Buy,225560475
2024-07-23 10:42:26,88000.0,200,Buy,225560526
2024-07-23 10:42:27,88000.0,4700,Buy,225560538
2024-07-23 10:42:27,88000.0,200,Buy,225560542
2024-07-23 10:42:28,88000.0,800,Buy,225560627
2024-07-23 10:42:40,88000.0,500,Buy,225560786
2024-07-23 10:42:50,88000.0,800,Buy,225560919
2024-07-23 10:43:02,88000.0,500,Buy,225561117
2024-07-23 10:43:03,88000.0,1200,Buy,225561130
2024-07-23 10:43:04,88000.0,200,Buy,225561152
2024-07-23 10:43:12,88000.0,800,Buy,225561262
2024-07-23 10:43:15,88000.0,200,Buy,225561292
2024-07-23 10:43:25,88000.0,500,Buy,225561438
2024-07-23 10:43:35,88000.0,800,Buy,225561663
2024-07-23 10:43:41,88000.0,100,Buy,225561768
2024-07-23 10:43:47,87900.0,200,Sell,225561841
2024-07-23 10:43:47,88000.0,500,Buy,225561842
2024-07-23 10:43:57,88000.0,800,Buy,225561957
2024-07-23 10:44:10,88000.0,500,Buy,225562138
2024-07-23 10:44:19,88000.0,800,Buy,225562303
2024-07-23 10:44:21,88000.0,200,Buy,225562333
2024-07-23 10:44:31,88000.0,2900,Buy,225562489
2024-07-23 10:44:31,88000.0,100,Buy,225562490
2024-07-23 10:44:32,88000.0,500,Buy,225562508
2024-07-23 10:44:39,88000.0,200,Buy,225562608
2024-07-23 10:44:42,88000.0,800,Buy,225562641
2024-07-23 10:44:55,88000.0,500,Buy,225562885
2024-07-23 10:44:59,88000.0,200,Buy,225562948
2024-07-23 10:45:04,88000.0,800,Buy,225563004
2024-07-23 10:45:18,88000.0,500,Buy,225563272
2024-07-23 10:45:32,88000.0,900,Buy,225563420
2024-07-23 10:45:37,88000.0,200,Buy,225563478
2024-07-23 10:45:40,88000.0,500,Buy,225563518
2024-07-23 10:46:00,88000.0,900,Buy,225563773
2024-07-23 10:46:02,88000.0,500,Buy,225563789
2024-07-23 10:46:15,88000.0,200,Buy,225563957
2024-07-23 10:46:22,88000.0,800,Buy,225564037
2024-07-23 10:46:24,88000.0,500,Buy,225564069
2024-07-23 10:46:29,87900.0,100,Sell,225564148
2024-07-23 10:46:44,88000.0,800,Buy,225564370
2024-07-23 10:46:46,88000.0,500,Buy,225564392
2024-07-23 10:46:53,88000.0,200,Buy,225564573
2024-07-23 10:47:06,88000.0,800,Buy,225564709
2024-07-23 10:47:08,88000.0,500,Buy,225564734
2024-07-23 10:47:15,88000.0,4800,Buy,225564820
2024-07-23 10:47:15,88000.0,200,Buy,225564821
2024-07-23 10:47:19,88000.0,900,Buy,225564868
2024-07-23 10:47:30,88000.0,500,Buy,225564991
2024-07-23 10:47:31,88000.0,200,Buy,225565002
2024-07-23 10:47:41,88000.0,200,Buy,225565122
2024-07-23 10:47:41,88000.0,800,Buy,225565130
2024-07-23 10:47:45,88000.0,4800,Buy,225565158
2024-07-23 10:47:45,88000.0,200,Buy,225565159
2024-07-23 10:47:52,88000.0,100,Buy,225565345
2024-07-23 10:47:52,88000.0,400,Buy,225565346
2024-07-23 10:48:04,88000.0,800,Buy,225565507
2024-07-23 10:48:08,88000.0,100,Buy,225565545
2024-07-23 10:48:14,88000.0,100,Buy,225565607
2024-07-23 10:48:14,88000.0,400,Buy,225565608
2024-07-23 10:48:26,88000.0,800,Buy,225565773
2024-07-23 10:48:37,88000.0,300,Buy,225565874
2024-07-23 10:48:37,88000.0,200,Buy,225565873
2024-07-23 10:48:41,88000.0,100,Buy,225565933
2024-07-23 10:48:47,88000.0,200,Buy,225565989
2024-07-23 10:48:49,88000.0,800,Buy,225566043
2024-07-23 10:48:59,88000.0,500,Buy,225566157
2024-07-23 10:49:11,88000.0,100,Sell,225566298
2024-07-23 10:50:43,88000.0,100,Sell,225567534
2024-07-23 10:51:50,88000.0,100,Sell,225568263
2024-07-23 10:51:56,88000.0,200,Sell,225568337
2024-07-23 10:51:56,88000.0,200,Sell,225568338
2024-07-23 10:51:56,88000.0,400,Sell,225568358
2024-07-23 10:51:58,88100.0,800,Buy,225568400
2024-07-23 10:56:06,88000.0,100,Sell,225571494
2024-07-23 10:57:36,88000.0,100,Sell,225572599
2024-07-23 10:57:55,88000.0,200,Sell,225572820
2024-07-23 10:57:55,88000.0,800,Sell,225572821
2024-07-23 10:58:20,88000.0,100,Sell,225573105
2024-07-23 10:58:20,88000.0,200,Sell,225573104
2024-07-23 10:58:20,88000.0,1000,Sell,225573099
2024-07-23 10:58:20,88000.0,200,Sell,225573103
2024-07-23 10:58:20,88000.0,200,Sell,225573102
2024-07-23 10:58:20,88000.0,200,Sell,225573101
2024-07-23 10:58:20,88000.0,200,Sell,225573100
2024-07-23 10:58:20,88000.0,200,Sell,225573098
2024-07-23 10:58:20,88000.0,200,Sell,225573090
2024-07-23 10:58:20,88000.0,1000,Sell,225573096
2024-07-23 10:58:20,88000.0,200,Sell,225573097
2024-07-23 10:58:20,88000.0,100,Sell,225573088
2024-07-23 10:58:20,88000.0,200,Sell,225573091
2024-07-23 10:58:20,88000.0,1000,Sell,225573089
2024-07-23 10:58:20,88000.0,1200,Sell,225573093
2024-07-23 10:58:20,88000.0,200,Sell,225573092
2024-07-23 10:58:20,88000.0,200,Sell,225573094
2024-07-23 10:58:20,88000.0,100,Sell,225573095
2024-07-23 10:58:21,88000.0,200,Sell,225573106
2024-07-23 10:58:21,88000.0,700,Sell,225573107
2024-07-23 10:59:01,88000.0,200,Sell,225573722
2024-07-23 10:59:01,88000.0,200,Sell,225573723
2024-07-23 10:59:01,88000.0,100,Sell,225573724
2024-07-23 10:59:16,88000.0,500,Sell,225573909
2024-07-23 10:59:21,88000.0,1100,Sell,225573981
2024-07-23 10:59:21,87900.0,100,Sell,225573982
2024-07-23 10:59:21,87900.0,500,Sell,225573983
2024-07-23 10:59:21,87900.0,100,Sell,225573984
2024-07-23 11:00:14,88000.0,600,Sell,225574574
2024-07-23 11:00:14,88000.0,700,Sell,225574573
2024-07-23 11:00:29,88000.0,600,Sell,225574724
2024-07-23 11:00:32,88000.0,700,Buy,225574768
2024-07-23 11:00:35,87900.0,200,Sell,225574799
2024-07-23 11:00:40,88000.0,1300,Buy,225574850
2024-07-23 11:00:51,88000.0,700,Buy,225574972
2024-07-23 11:00:52,88000.0,200,Buy,225574979
2024-07-23 11:00:54,88000.0,1300,Buy,225574989
2024-07-23 11:01:13,88000.0,700,Buy,225575201
2024-07-23 11:01:25,88000.0,1300,Buy,225575318
2024-07-23 11:01:26,88000.0,200,Buy,225575322
2024-07-23 11:01:30,88000.0,100,Buy,225575424
2024-07-23 11:01:37,88000.0,700,Buy,225575498
2024-07-23 11:01:44,88000.0,1200,Buy,225575587
2024-07-23 11:01:51,88000.0,100,Buy,225575658
2024-07-23 11:01:51,88000.0,900,Buy,225575661
2024-07-23 11:01:51,88000.0,1000,Buy,225575662
2024-07-23 11:01:52,88000.0,200,Buy,225575665
2024-07-23 11:01:59,88000.0,700,Buy,225575782
2024-07-23 11:02:08,88000.0,200,Buy,225575901
2024-07-23 11:02:12,88000.0,1100,Buy,225575964
2024-07-23 11:02:12,88000.0,200,Buy,225575963
2024-07-23 11:02:21,88000.0,200,Buy,225576095
2024-07-23 11:02:36,88000.0,1200,Sell,225576283
2024-07-23 11:02:36,88000.0,500,Sell,225576281
2024-07-23 11:02:36,88000.0,3000,Sell,225576282
2024-07-23 11:02:43,88000.0,700,Buy,225576347
2024-07-23 11:02:46,88000.0,200,Buy,225576378
2024-07-23 11:02:56,88000.0,1200,Buy,225576521
2024-07-23 11:03:01,88000.0,3000,Buy,225576615
2024-07-23 11:03:06,88000.0,200,Buy,225576696
2024-07-23 11:03:06,88000.0,500,Buy,225576697
2024-07-23 11:03:19,88000.0,400,Buy,225576825
2024-07-23 11:03:32,88000.0,800,Sell,225576977
2024-07-23 11:03:32,88000.0,3000,Sell,225576979
2024-07-23 11:03:32,88000.0,700,Sell,225576980
2024-07-23 11:03:32,88000.0,200,Sell,225576978
2024-07-23 11:03:41,88000.0,1200,Buy,225577110
2024-07-23 11:03:51,88000.0,700,Buy,225577229
2024-07-23 11:03:54,88000.0,200,Buy,225577253
2024-07-23 11:03:54,88000.0,3200,Buy,225577254
2024-07-23 11:03:54,88000.0,600,Buy,225577255
2024-07-23 11:03:57,88000.0,200,Buy,225577300
2024-07-23 11:05:35,88000.0,100,Sell,225578724
2024-07-23 11:05:46,88000.0,100,Sell,225578871
2024-07-23 11:06:11,88000.0,2600,Sell,225579106
2024-07-23 11:06:11,88000.0,200,Sell,225579107
2024-07-23 11:06:11,88000.0,200,Sell,225579108
2024-07-23 11:06:11,88000.0,200,Sell,225579109
2024-07-23 11:06:11,88000.0,1000,Sell,225579110
2024-07-23 11:06:11,88000.0,100,Sell,225579111
2024-07-23 11:06:11,88000.0,100,Sell,225579112
2024-07-23 11:06:11,88000.0,1300,Sell,225579113
2024-07-23 11:06:11,88000.0,800,Sell,225579114
2024-07-23 11:06:20,88000.0,1300,Buy,225579200
2024-07-23 11:06:28,88000.0,800,Buy,225579306
2024-07-23 11:06:35,88000.0,200,Buy,225579365
2024-07-23 11:06:42,88000.0,1200,Buy,225579458
2024-07-23 11:06:49,88000.0,100,Sell,225579554
2024-07-23 11:06:50,88000.0,800,Buy,225579565
2024-07-23 11:07:04,88000.0,1300,Buy,225579736
2024-07-23 11:07:11,88000.0,800,Buy,225579799
2024-07-23 11:07:12,88000.0,200,Buy,225579817
2024-07-23 11:07:27,88000.0,1300,Buy,225580010
2024-07-23 11:07:31,88000.0,100,Buy,225580050
2024-07-23 11:07:31,88000.0,100,Buy,225580048
2024-07-23 11:07:31,88000.0,1400,Buy,225580049
2024-07-23 11:08:14,88000.0,400,Sell,225580596
2024-07-23 11:08:14,88000.0,200,Sell,225580597
2024-07-23 11:08:14,88000.0,200,Sell,225580598
2024-07-23 11:08:14,88000.0,800,Sell,225580599
2024-07-23 11:08:14,88000.0,1300,Sell,225580600
2024-07-23 11:08:58,88000.0,200,Sell,225581119
2024-07-23 11:08:58,88000.0,1300,Sell,225581120
2024-07-23 11:08:58,88000.0,900,Sell,225581121
2024-07-23 11:09:03,88000.0,1500,Buy,225581159
2024-07-23 11:09:05,88000.0,900,Buy,225581185
2024-07-23 11:09:07,88000.0,200,Buy,225581202
2024-07-23 11:09:25,88000.0,1400,Buy,225581413
2024-07-23 11:09:27,88000.0,900,Buy,225581427
2024-07-23 11:09:34,88000.0,200,Buy,225581515
2024-07-23 11:09:34,88000.0,2500,Buy,225581518
2024-07-23 11:11:49,88000.0,1000,Sell,225583197
2024-07-23 11:11:49,88000.0,1600,Sell,225583195
2024-07-23 11:11:49,88000.0,200,Sell,225583196
2024-07-23 11:11:49,88000.0,100,Sell,225583194
2024-07-23 11:11:49,88000.0,100,Sell,225583192
2024-07-23 11:11:49,88000.0,200,Sell,225583191
2024-07-23 11:11:49,88000.0,1300,Sell,225583190
2024-07-23 11:11:49,88000.0,200,Sell,225583193
2024-07-23 11:12:02,88000.0,1600,Buy,225583360
2024-07-23 11:12:04,88000.0,1000,Buy,225583372
2024-07-23 11:12:18,88000.0,200,Buy,225583531
2024-07-23 11:12:24,88000.0,1600,Buy,225583581
2024-07-23 11:12:27,88000.0,900,Buy,225583611
2024-07-23 11:12:27,88000.0,100,Buy,225583612
2024-07-23 11:14:18,88000.0,300,Sell,225585105
2024-07-23 11:14:40,88000.0,100,Sell,225585406
2024-07-23 11:15:12,88000.0,100,Sell,225585884
2024-07-23 11:16:20,88000.0,1000,Sell,225586707
2024-07-23 11:16:44,88000.0,100,Sell,225586973
2024-07-23 11:16:44,88000.0,100,Sell,225586974
2024-07-23 11:17:23,88000.0,100,Sell,225587455
2024-07-23 11:17:23,88000.0,100,Sell,225587456
2024-07-23 11:17:36,88000.0,200,Sell,225587582
2024-07-23 11:17:36,88000.0,100,Sell,225587583
2024-07-23 11:17:36,88000.0,200,Sell,225587581
2024-07-23 11:17:36,88000.0,1000,Sell,225587587
2024-07-23 11:17:36,88000.0,200,Sell,225587586
2024-07-23 11:17:36,88000.0,200,Sell,225587580
2024-07-23 11:17:36,88000.0,1400,Sell,225587585
2024-07-23 11:17:36,88000.0,1000,Sell,225587578
2024-07-23 11:17:36,88000.0,200,Sell,225587579
2024-07-23 11:17:36,88000.0,100,Sell,225587572
2024-07-23 11:17:36,88000.0,200,Sell,225587573
2024-07-23 11:17:36,88000.0,1800,Sell,225587574
2024-07-23 11:17:36,88000.0,2200,Sell,225587584
2024-07-23 11:17:36,88000.0,200,Sell,225587575
2024-07-23 11:17:36,88000.0,100,Sell,225587577
2024-07-23 11:17:36,88000.0,100,Sell,225587576
2024-07-23 11:17:41,88000.0,800,Buy,225587645
2024-07-23 11:18:03,88000.0,200,Sell,225587831
2024-07-23 11:18:03,88000.0,800,Buy,225587842
2024-07-23 11:18:15,88000.0,1500,Sell,225588008
2024-07-23 11:18:15,88000.0,1500,Sell,225588009
2024-07-23 11:18:19,88000.0,6700,Buy,225588062
2024-07-23 11:18:19,88000.0,300,Buy,225588063
2024-07-23 11:18:48,88000.0,500,Sell,225588423
2024-07-23 11:18:48,88000.0,100,Sell,225588424
2024-07-23 11:18:48,88000.0,1400,Sell,225588425
2024-07-23 11:19:12,88000.0,800,Sell,225588692
2024-07-23 11:19:12,88000.0,200,Sell,225588691
2024-07-23 11:19:25,88000.0,100,Sell,225588857
2024-07-23 11:19:26,88000.0,700,Sell,225588871
2024-07-23 11:19:26,88000.0,1300,Sell,225588872
2024-07-23 11:20:33,88000.0,1700,Sell,225589729
2024-07-23 11:23:51,88000.0,100,Sell,225592157
2024-07-23 11:24:39,88100.0,1000,Buy,225592933
2024-07-23 11:24:46,88000.0,300,Sell,225593077
2024-07-23 11:24:46,88000.0,200,Sell,225593076
2024-07-23 11:24:46,88000.0,200,Sell,225593075
2024-07-23 11:24:46,88000.0,100,Sell,225593074
2024-07-23 11:24:46,88000.0,200,Sell,225593073
2024-07-23 11:24:46,88000.0,200,Sell,225593069
2024-07-23 11:24:46,88000.0,200,Sell,225593071
2024-07-23 11:24:46,88000.0,100,Sell,225593070
2024-07-23 11:24:46,88000.0,100,Sell,225593067
2024-07-23 11:24:46,88000.0,200,Sell,225593072
2024-07-23 11:24:46,88000.0,200,Sell,225593068
2024-07-23 11:25:01,88000.0,100,Sell,225593307
2024-07-23 11:25:13,88000.0,100,Sell,225593472
2024-07-23 11:27:30,88100.0,500,Buy,225595443
2024-07-23 11:27:30,88100.0,300,Buy,225595448
2024-07-23 11:27:30,88100.0,100,Buy,225595449
2024-07-23 11:27:30,88100.0,100,Buy,225595450
2024-07-23 11:27:31,88100.0,700,Buy,225595490
2024-07-23 11:27:31,88100.0,300,Buy,225595491
2024-07-23 11:27:42,88100.0,700,Buy,225595717
2024-07-23 11:27:42,88100.0,300,Buy,225595720
2024-07-23 12:59:39,88100.0,100,Buy,225597709
2024-07-23 12:59:42,88000.0,200,Sell,225598618
2024-07-23 12:59:42,88000.0,100,Sell,225598616
2024-07-23 12:59:42,88000.0,200,Sell,225598617
2024-07-23 12:59:44,88100.0,1700,Buy,225599485
2024-07-23 12:59:44,88000.0,100,Sell,225599217
2024-07-23 12:59:44,88000.0,200,Sell,225599216
2024-07-23 12:59:44,88000.0,100,Sell,225599215
2024-07-23 12:59:44,88000.0,200,Sell,225599212
2024-07-23 12:59:44,88000.0,200,Sell,225599213
2024-07-23 12:59:44,88000.0,200,Sell,225599211
2024-07-23 12:59:44,88000.0,3800,Sell,225599210
2024-07-23 12:59:44,88000.0,200,Sell,225599214
2024-07-23 12:59:48,88000.0,200,Sell,225600099
2024-07-23 12:59:48,88000.0,200,Sell,225600100
2024-07-23 12:59:48,88000.0,100,Sell,225600101
2024-07-23 12:59:49,88100.0,300,Buy,225600247
2024-07-23 12:59:54,88000.0,400,Sell,225600932
2024-07-23 13:00:13,88000.0,100,Sell,225601807
2024-07-23 13:00:21,88000.0,3000,Sell,225602019
2024-07-23 13:00:21,88000.0,200,Sell,225602018
2024-07-23 13:00:34,88000.0,100,Sell,225602225
2024-07-23 13:00:34,88000.0,1900,Sell,225602226
2024-07-23 13:00:41,88000.0,200,Sell,225602512
2024-07-23 13:00:43,88000.0,200,Buy,225602605
2024-07-23 13:00:44,88000.0,400,Buy,225602610
2024-07-23 13:00:49,88000.0,800,Sell,225602699
2024-07-23 13:00:49,88000.0,700,Sell,225602698
2024-07-23 13:01:08,88000.0,800,Sell,225603269
2024-07-23 13:01:08,88000.0,1100,Sell,225603270
2024-07-23 13:01:21,88000.0,200,Buy,225603467
2024-07-23 13:01:28,88000.0,100,Buy,225603723
2024-07-23 13:01:31,88000.0,700,Sell,225603756
2024-07-23 13:01:36,88000.0,500,Sell,225603801
2024-07-23 13:01:40,88000.0,600,Sell,225603880
2024-07-23 13:02:09,88000.0,800,Sell,225604473
2024-07-23 13:02:09,88000.0,1100,Sell,225604474
2024-07-23 13:02:09,88000.0,2300,Sell,225604475
2024-07-23 13:02:09,88000.0,100,Sell,225604476
2024-07-23 13:02:12,88000.0,800,Buy,225604533
2024-07-23 13:02:14,88000.0,1100,Buy,225604560
2024-07-23 13:02:21,88000.0,200,Buy,225604711
2024-07-23 13:02:22,88000.0,2200,Buy,225604716
2024-07-23 13:02:22,88000.0,1600,Buy,225604717
2024-07-23 13:02:24,88000.0,700,Buy,225604798
2024-07-23 13:02:27,88000.0,2300,Sell,225604870
2024-07-23 13:02:35,88000.0,700,Buy,225605058
2024-07-23 13:02:37,88000.0,100,Sell,225605089
2024-07-23 13:02:37,88000.0,900,Sell,225605090
2024-07-23 13:02:47,88000.0,200,Sell,225605338
2024-07-23 13:02:47,88000.0,200,Sell,225605339
2024-07-23 13:02:47,88000.0,600,Sell,225605340
2024-07-23 13:03:57,88000.0,1400,Sell,225607083
2024-07-23 13:03:57,88000.0,3000,Sell,225607084
2024-07-23 13:03:57,88000.0,600,Sell,225607085
2024-07-23 13:04:08,88000.0,1600,Sell,225607261
2024-07-23 13:07:00,88000.0,300,Sell,225610961
2024-07-23 13:07:47,88000.0,500,Sell,225612040
2024-07-23 13:07:47,88000.0,1500,Sell,225612041
2024-07-23 13:08:22,88000.0,400,Sell,225612958
2024-07-23 13:08:23,88000.0,100,Sell,225613003
2024-07-23 13:08:23,88000.0,300,Sell,225613004
2024-07-23 13:08:25,88000.0,300,Sell,225613097
2024-07-23 13:08:25,88000.0,100,Sell,225613098
2024-07-23 13:10:01,88000.0,200,Sell,225615130
2024-07-23 13:10:01,88000.0,2900,Sell,225615128
2024-07-23 13:10:01,88000.0,100,Sell,225615129
2024-07-23 13:10:01,88000.0,600,Sell,225615126
2024-07-23 13:10:01,88000.0,200,Sell,225615125
2024-07-23 13:10:01,88000.0,100,Sell,225615124
2024-07-23 13:10:01,88000.0,200,Sell,225615127
2024-07-23 13:10:19,88000.0,1000,Sell,225615513
2024-07-23 13:10:19,88000.0,200,Sell,225615520
2024-07-23 13:10:19,88000.0,2000,Sell,225615519
2024-07-23 13:10:19,88000.0,1500,Sell,225615518
2024-07-23 13:10:19,88000.0,200,Sell,225615517
2024-07-23 13:10:19,88000.0,100,Sell,225615515
2024-07-23 13:10:19,88000.0,200,Sell,225615514
2024-07-23 13:10:19,88000.0,100,Sell,225615512
2024-07-23 13:10:19,88000.0,200,Sell,225615516
2024-07-23 13:10:19,88000.0,200,Sell,225615510
2024-07-23 13:10:19,88000.0,2000,Sell,225615509
2024-07-23 13:10:19,88000.0,100,Sell,225615508
2024-07-23 13:10:19,88000.0,200,Sell,225615507
2024-07-23 13:10:19,88000.0,200,Sell,225615506
2024-07-23 13:10:19,88000.0,200,Sell,225615505
2024-07-23 13:10:19,88000.0,100,Sell,225615504
2024-07-23 13:10:19,88000.0,200,Sell,225615503
2024-07-23 13:10:19,88000.0,200,Sell,225615511
2024-07-23 13:10:27,88000.0,1100,Buy,225615770
2024-07-23 13:11:34,88000.0,200,Sell,225617388
2024-07-23 13:11:34,88000.0,2100,Sell,225617386
2024-07-23 13:11:34,88000.0,200,Sell,225617387
2024-07-23 13:11:34,88000.0,200,Sell,225617384
2024-07-23 13:11:34,88000.0,100,Sell,225617383
2024-07-23 13:11:34,88000.0,2900,Sell,225617382
2024-07-23 13:11:34,88000.0,100,Sell,225617385
2024-07-23 13:11:35,88000.0,400,Buy,225617399
2024-07-23 13:12:22,88000.0,3000,Sell,225618360
2024-07-23 13:13:03,88000.0,1800,Sell,225619289
2024-07-23 13:13:03,88000.0,200,Sell,225619290
2024-07-23 13:13:03,88000.0,200,Sell,225619291
2024-07-23 13:13:03,88000.0,200,Sell,225619292
2024-07-23 13:13:03,88000.0,200,Sell,225619293
2024-07-23 13:13:03,88000.0,2600,Sell,225619294
2024-07-23 13:13:03,88000.0,2100,Buy,225619299
2024-07-23 13:13:12,88000.0,2600,Buy,225619522
2024-07-23 13:13:26,88000.0,100,Buy,225619787
2024-07-23 13:14:56,88000.0,300,Sell,225622350
2024-07-23 13:14:56,88000.0,100,Sell,225622348
2024-07-23 13:14:56,88000.0,100,Sell,225622349
2024-07-23 13:15:05,88100.0,1600,Buy,225622600
2024-07-23 13:16:11,88100.0,3000,Buy,225623951
2024-07-23 13:16:21,88100.0,300,Buy,225624225
2024-07-23 13:16:49,88000.0,500,Sell,225624816
2024-07-23 13:17:28,88000.0,200,Sell,225625789
2024-07-23 13:17:28,88000.0,200,Sell,225625788
2024-07-23 13:17:28,88000.0,100,Sell,225625787
2024-07-23 13:17:28,88000.0,200,Sell,225625783
2024-07-23 13:17:28,88000.0,200,Sell,225625782
2024-07-23 13:17:28,88000.0,5900,Sell,225625784
2024-07-23 13:17:28,88000.0,100,Sell,225625780
2024-07-23 13:17:28,88000.0,200,Sell,225625779
2024-07-23 13:17:28,88000.0,1100,Sell,225625775
2024-07-23 13:17:28,88000.0,900,Sell,225625778
2024-07-23 13:17:28,88000.0,200,Sell,225625777
2024-07-23 13:17:28,88000.0,1000,Sell,225625776
2024-07-23 13:17:28,88000.0,200,Sell,225625781
2024-07-23 13:18:13,88100.0,1600,Buy,225626833
2024-07-23 13:18:36,88100.0,500,Buy,225627407
2024-07-23 13:18:36,88100.0,1100,Buy,225627406
2024-07-23 13:18:54,88100.0,700,Buy,225627887
2024-07-23 13:18:54,88100.0,200,Buy,225627888
2024-07-23 13:18:54,88100.0,700,Buy,225627889
2024-07-23 13:18:59,88100.0,3000,Buy,225628056
2024-07-23 13:18:59,88100.0,200,Buy,225628058
2024-07-23 13:18:59,88100.0,100,Buy,225628057
2024-07-23 13:18:59,88100.0,300,Buy,225628055
2024-07-23 13:18:59,88100.0,300,Buy,225628050
2024-07-23 13:18:59,88100.0,100,Buy,225628053
2024-07-23 13:18:59,88100.0,200,Buy,225628052
2024-07-23 13:18:59,88100.0,300,Buy,225628051
2024-07-23 13:18:59,88100.0,500,Buy,225628054
2024-07-23 13:20:04,88000.0,100,Sell,225629581
2024-07-23 13:20:50,88100.0,100,Buy,225630577
2024-07-23 13:23:31,88100.0,200,Buy,225633926
2024-07-23 13:25:44,88100.0,500,Buy,225636924
2024-07-23 13:25:44,88100.0,500,Buy,225636923
2024-07-23 13:25:44,88100.0,500,Buy,225636921
2024-07-23 13:25:44,88100.0,2500,Buy,225636922
2024-07-23 13:28:30,88000.0,200,Sell,225640916
2024-07-23 13:28:30,88000.0,500,Sell,225640915
2024-07-23 13:28:30,88000.0,100,Sell,225640914
2024-07-23 13:28:30,88000.0,200,Sell,225640913
2024-07-23 13:28:30,88000.0,2000,Sell,225640911
2024-07-23 13:28:30,88000.0,200,Sell,225640912
2024-07-23 13:28:30,88000.0,200,Sell,225640904
2024-07-23 13:28:30,88000.0,100,Sell,225640899
2024-07-23 13:28:30,88000.0,200,Sell,225640902
2024-07-23 13:28:30,88000.0,200,Sell,225640903
2024-07-23 13:28:30,88000.0,100,Sell,225640895
2024-07-23 13:28:30,88000.0,200,Sell,225640896
2024-07-23 13:28:30,88000.0,2900,Sell,225640898
2024-07-23 13:28:30,88000.0,200,Sell,225640897
2024-07-23 13:28:30,88000.0,200,Sell,225640900
2024-07-23 13:28:30,88000.0,100,Sell,225640901
2024-07-23 13:30:07,88000.0,100,Sell,225643024
2024-07-23 13:30:34,88000.0,100,Sell,225643659
2024-07-23 13:30:34,88000.0,200,Sell,225643660
2024-07-23 13:30:34,88000.0,100,Sell,225643661
2024-07-23 13:30:55,88000.0,100,Sell,225644304
2024-07-23 13:30:55,88000.0,200,Sell,225644305
2024-07-23 13:30:55,88000.0,200,Sell,225644306
2024-07-23 13:30:55,88000.0,100,Sell,225644307
2024-07-23 13:30:55,88000.0,100,Sell,225644308
2024-07-23 13:32:21,88000.0,400,Sell,225647377
2024-07-23 13:32:21,88000.0,100,Sell,225647376
2024-07-23 13:33:22,88100.0,400,Buy,225650389
2024-07-23 13:33:39,88000.0,600,Sell,225651486
2024-07-23 13:33:39,88000.0,200,Sell,225651487
2024-07-23 13:33:39,88000.0,200,Sell,225651488
2024-07-23 13:33:39,88000.0,200,Sell,225651489
2024-07-23 13:34:00,88000.0,100,Sell,225652837
2024-07-23 13:34:00,88000.0,200,Sell,225652838
2024-07-23 13:34:12,88000.0,200,Sell,225654009
2024-07-23 13:34:12,88000.0,200,Sell,225654008
2024-07-23 13:34:12,88000.0,100,Sell,225654007
2024-07-23 13:34:12,88000.0,200,Sell,225654006
2024-07-23 13:34:12,88000.0,3300,Sell,225654001
2024-07-23 13:34:12,88000.0,200,Sell,225654004
2024-07-23 13:34:12,88000.0,6500,Sell,225654003
2024-07-23 13:34:12,88000.0,200,Sell,225654002
2024-07-23 13:34:12,88000.0,100,Sell,225654005
2024-07-23 13:34:13,88100.0,500,Buy,225654102
2024-07-23 13:34:13,88100.0,100,Buy,225654103
2024-07-23 13:34:13,88100.0,900,Buy,225654104
2024-07-23 13:34:13,88100.0,100,Buy,225654105
2024-07-23 13:34:24,88000.0,200,Buy,225654899
2024-07-23 13:34:51,88000.0,200,Sell,225656780
2024-07-23 13:34:59,88000.0,100,Buy,225657215
2024-07-23 13:34:59,88000.0,100,Buy,225657216
2024-07-23 13:34:59,88000.0,200,Buy,225657217
2024-07-23 13:35:04,88000.0,2000,Sell,225657569
2024-07-23 13:35:07,88000.0,1000,Sell,225657776
2024-07-23 13:35:37,88000.0,4000,Sell,225659879
2024-07-23 13:35:37,88000.0,600,Sell,225659876
2024-07-23 13:35:37,88000.0,200,Sell,225659877
2024-07-23 13:35:37,88000.0,200,Sell,225659878
2024-07-23 13:35:38,88000.0,500,Sell,225659905
2024-07-23 13:35:44,88000.0,100,Sell,225660270
2024-07-23 13:35:47,88000.0,200,Sell,225660471
2024-07-23 13:35:53,88000.0,2900,Sell,225660781
2024-07-23 13:35:53,88000.0,200,Sell,225660780
2024-07-23 13:35:53,88000.0,100,Sell,225660782
2024-07-23 13:35:53,88000.0,1000,Sell,225660778
2024-07-23 13:35:53,88000.0,4000,Sell,225660777
2024-07-23 13:35:53,88000.0,2200,Sell,225660776
2024-07-23 13:35:53,88000.0,4000,Sell,225660779
2024-07-23 13:36:07,88000.0,100,Buy,225661922
2024-07-23 13:36:07,88000.0,600,Buy,225661921
2024-07-23 13:36:21,88000.0,2200,Sell,225662565
2024-07-23 13:36:21,88000.0,100,Sell,225662566
2024-07-23 13:36:21,88000.0,200,Sell,225662567
2024-07-23 13:36:27,88000.0,2500,Buy,225662883
2024-07-23 13:36:33,88000.0,200,Sell,225663169
2024-07-23 13:36:43,88000.0,1700,Sell,225663784
2024-07-23 13:36:43,88000.0,200,Sell,225663800
2024-07-23 13:36:43,88000.0,6000,Sell,225663783
2024-07-23 13:36:43,88000.0,3000,Sell,225663781
2024-07-23 13:36:43,88000.0,3300,Sell,225663780
2024-07-23 13:36:43,88000.0,1000,Sell,225663782
2024-07-23 13:36:51,88000.0,100,Sell,225664181
2024-07-23 13:36:55,88000.0,200,Sell,225664335
2024-07-23 13:37:07,88000.0,2800,Sell,225664842
2024-07-23 13:37:07,88000.0,2900,Sell,225664843
2024-07-23 13:37:07,88000.0,100,Sell,225664844
2024-07-23 13:37:07,88000.0,4200,Sell,225664845
2024-07-23 13:37:15,88000.0,3000,Sell,225665165
2024-07-23 13:37:15,88000.0,6000,Sell,225665164
2024-07-23 13:37:15,88000.0,1800,Sell,225665162
2024-07-23 13:37:15,88000.0,100,Sell,225665163
2024-07-23 13:37:35,88000.0,200,Buy,225666060
2024-07-23 13:37:40,87800.0,400,Sell,225666324
2024-07-23 13:37:40,87800.0,500,Sell,225666323
2024-07-23 13:37:40,87800.0,100,Sell,225666322
2024-07-23 13:37:40,87800.0,100,Sell,225666321
2024-07-23 13:37:40,87800.0,500,Sell,225666320
2024-07-23 13:37:40,87800.0,100,Sell,225666319
2024-07-23 13:37:40,87800.0,2000,Sell,225666316
2024-07-23 13:37:40,87800.0,300,Sell,225666315
2024-07-23 13:37:40,87900.0,1900,Sell,225666313
2024-07-23 13:37:40,87900.0,100,Sell,225666312
2024-07-23 13:37:40,87900.0,200,Sell,225666305
2024-07-23 13:37:40,87900.0,200,Sell,225666306
2024-07-23 13:37:40,87900.0,500,Sell,225666307
2024-07-23 13:37:40,87900.0,500,Sell,225666314
2024-07-23 13:37:40,87900.0,500,Sell,225666309
2024-07-23 13:37:40,87900.0,100,Sell,225666311
2024-07-23 13:37:40,87900.0,100,Sell,225666308
2024-07-23 13:37:40,87900.0,1900,Sell,225666310
2024-07-23 13:38:22,87900.0,100,Sell,225668013
2024-07-23 13:38:26,87900.0,500,Sell,225668129
2024-07-23 13:39:35,88000.0,900,Buy,225670431
2024-07-23 13:39:37,87900.0,100,Sell,225670471
2024-07-23 13:39:48,87900.0,1300,Sell,225670881
2024-07-23 13:39:48,87900.0,700,Sell,225670882
2024-07-23 13:39:57,88000.0,100,Buy,225671120
2024-07-23 13:39:57,88000.0,100,Buy,225671119
2024-07-23 13:39:57,88000.0,3000,Buy,225671117
2024-07-23 13:39:57,88000.0,200,Buy,225671118
2024-07-23 13:40:02,88000.0,500,Sell,225671315
2024-07-23 13:40:24,88000.0,6100,Sell,225671885
2024-07-23 13:40:24,88000.0,2100,Sell,225671886
2024-07-23 13:40:27,88000.0,1000,Sell,225671989
2024-07-23 13:40:30,88100.0,100,Buy,225672071
2024-07-23 13:40:44,88100.0,200,Buy,225672372
2024-07-23 13:40:50,88000.0,2900,Sell,225672578
2024-07-23 13:40:50,88000.0,200,Sell,225672577
2024-07-23 13:40:50,88000.0,6900,Sell,225672576
2024-07-23 13:40:55,88100.0,300,Buy,225672711
2024-07-23 13:41:00,88100.0,2000,Buy,225672868
2024-07-23 13:41:42,88100.0,100,Buy,225674115
2024-07-23 13:42:22,88000.0,500,Sell,225675007
2024-07-23 13:42:33,88000.0,500,Sell,225675308
2024-07-23 13:43:05,88000.0,900,Sell,225676197
2024-07-23 13:43:05,88000.0,200,Sell,225676200
2024-07-23 13:43:12,88000.0,100,Sell,225676388
2024-07-23 13:43:12,88000.0,200,Sell,225676386
2024-07-23 13:43:12,88000.0,200,Sell,225676387
2024-07-23 13:43:54,88000.0,200,Sell,225677548
2024-07-23 13:43:54,88000.0,100,Sell,225677549
2024-07-23 13:43:54,88000.0,10000,Sell,225677550
2024-07-23 13:43:54,88000.0,9700,Sell,225677551
2024-07-23 13:43:54,88000.0,200,Sell,225677564
2024-07-23 13:43:55,88000.0,100,Sell,225677612
2024-07-23 13:43:55,88000.0,100,Sell,225677613
2024-07-23 13:44:04,88000.0,300,Sell,225677919
2024-07-23 13:44:04,88000.0,200,Sell,225677918
2024-07-23 13:44:04,88000.0,200,Sell,225677916
2024-07-23 13:44:04,88000.0,100,Sell,225677915
2024-07-23 13:44:04,88000.0,200,Sell,225677917
2024-07-23 13:44:11,88000.0,200,Sell,225678164
2024-07-23 13:44:11,88000.0,4300,Sell,225678165
2024-07-23 13:44:11,88000.0,200,Sell,225678166
2024-07-23 13:44:16,88000.0,500,Buy,225678316
2024-07-23 13:44:35,88000.0,2000,Sell,225679079
2024-07-23 13:44:37,88000.0,1700,Sell,225679135
2024-07-23 13:44:44,88000.0,200,Sell,225679361
2024-07-23 13:44:44,88000.0,600,Sell,225679359
2024-07-23 13:44:44,88000.0,200,Sell,225679360
2024-07-23 13:44:52,88000.0,100,Buy,225679839
2024-07-23 13:44:52,88000.0,900,Buy,225679840
2024-07-23 13:44:52,88000.0,100,Buy,225679841
2024-07-23 13:44:55,88000.0,300,Sell,225679951
2024-07-23 13:44:56,88000.0,600,Sell,225680002
2024-07-23 13:45:12,88000.0,200,Buy,225680580
2024-07-23 13:45:46,87800.0,800,Sell,225682492
2024-07-23 13:45:46,87800.0,1000,Sell,225682491
2024-07-23 13:45:46,87800.0,100,Sell,225682490
2024-07-23 13:45:46,87800.0,300,Sell,225682488
2024-07-23 13:45:46,87800.0,500,Sell,225682489
2024-07-23 13:45:46,87800.0,1600,Sell,225682486
2024-07-23 13:45:46,87900.0,200,Sell,225682485
2024-07-23 13:45:46,87900.0,200,Sell,225682484
2024-07-23 13:45:46,87900.0,3000,Sell,225682483
2024-07-23 13:45:46,87800.0,2000,Sell,225682487
2024-07-23 13:46:12,87900.0,200,Sell,225683813
2024-07-23 13:47:03,87900.0,600,Sell,225687963
2024-07-23 13:47:06,87900.0,2000,Sell,225688143
2024-07-23 13:47:12,87900.0,100,Sell,225688437
2024-07-23 13:47:12,87900.0,100,Sell,225688438
2024-07-23 13:47:12,87900.0,800,Sell,225688439
2024-07-23 13:47:15,87900.0,2600,Sell,225688631
2024-07-23 13:47:15,87900.0,200,Sell,225688629
2024-07-23 13:47:15,87900.0,200,Sell,225688630
2024-07-23 13:47:23,88000.0,1000,Buy,225689008
2024-07-23 13:47:24,88000.0,100,Buy,225689063
2024-07-23 13:47:30,88000.0,100,Buy,225689417
2024-07-23 13:47:50,88000.0,3000,Buy,225690557
2024-07-23 13:48:04,88000.0,3000,Buy,225691461
2024-07-23 13:48:17,88000.0,2000,Buy,225692187
2024-07-23 13:48:17,88000.0,600,Buy,225692188
2024-07-23 13:48:17,88000.0,400,Buy,225692189
2024-07-23 13:48:25,88000.0,800,Buy,225692605
2024-07-23 13:48:25,88000.0,800,Buy,225692604
2024-07-23 13:48:25,88000.0,100,Buy,225692603
2024-07-23 13:48:25,88000.0,500,Buy,225692602
2024-07-23 13:48:25,88000.0,600,Buy,225692600
2024-07-23 13:48:25,88000.0,200,Buy,225692595
2024-07-23 13:48:25,88000.0,400,Buy,225692601
2024-07-23 13:48:25,88000.0,600,Buy,225692599
2024-07-23 13:48:30,87900.0,300,Sell,225692823
2024-07-23 13:48:36,88000.0,800,Buy,225693150
2024-07-23 13:48:36,88000.0,200,Buy,225693149
2024-07-23 13:48:39,88000.0,3000,Buy,225693391
2024-07-23 13:48:43,88000.0,1000,Buy,225693587
2024-07-23 13:48:44,88100.0,100,Buy,225693661
2024-07-23 13:48:44,88100.0,500,Buy,225693660
2024-07-23 13:48:44,88100.0,100,Buy,225693659
2024-07-23 13:48:44,88100.0,600,Buy,225693656
2024-07-23 13:48:44,88000.0,100,Buy,225693655
2024-07-23 13:48:44,88000.0,200,Buy,225693654
2024-07-23 13:48:44,88100.0,200,Buy,225693657
2024-07-23 13:48:44,88100.0,100,Buy,225693658
2024-07-23 13:48:47,88000.0,200,Sell,225693863
2024-07-23 13:49:03,88100.0,1000,Buy,225694539
2024-07-23 13:49:24,88100.0,1000,Buy,225695455
2024-07-23 13:49:30,88000.0,1000,Sell,225695737
2024-07-23 13:49:30,88000.0,600,Sell,225695736
2024-07-23 13:49:42,87900.0,1000,Sell,225696244
2024-07-23 13:49:42,87900.0,100,Sell,225696242
2024-07-23 13:49:42,87900.0,100,Sell,225696243
2024-07-23 13:50:39,87900.0,100,Buy,225698138
2024-07-23 13:51:18,87900.0,200,Buy,225699352
2024-07-23 13:51:18,87900.0,3800,Buy,225699353
2024-07-23 13:51:24,87900.0,100,Buy,225699504
2024-07-23 13:51:26,87900.0,200,Buy,225699550
2024-07-23 13:51:26,87900.0,3800,Buy,225699555
2024-07-23 13:51:55,87900.0,200,Buy,225700428
2024-07-23 13:52:12,87900.0,100,Buy,225700934
2024-07-23 13:52:26,87900.0,100,Buy,225701374
2024-07-23 13:52:26,87900.0,400,Buy,225701375
2024-07-23 13:52:26,87900.0,300,Buy,225701372
2024-07-23 13:52:26,87900.0,200,Buy,225701373
2024-07-23 13:52:57,87900.0,1200,Sell,225702422
2024-07-23 13:53:54,87900.0,200,Sell,225704659
2024-07-23 13:54:50,87900.0,200,Sell,225706702
2024-07-23 13:54:53,87900.0,1000,Sell,225706802
2024-07-23 13:56:40,88000.0,100,Buy,225710645
2024-07-23 13:56:45,88000.0,200,Buy,225710779
2024-07-23 13:57:18,88000.0,200,Buy,225712523
2024-07-23 13:57:37,87900.0,500,Sell,225713489
2024-07-23 13:57:54,87900.0,500,Sell,225714204
2024-07-23 13:58:01,87900.0,300,Sell,225714480
2024-07-23 13:58:08,87900.0,300,Sell,225714959
2024-07-23 13:58:12,87900.0,2000,Sell,225715207
2024-07-23 13:58:14,87900.0,500,Sell,225715269
2024-07-23 13:58:20,87900.0,500,Sell,225715509
2024-07-23 13:58:37,88000.0,300,Buy,225716480
2024-07-23 13:58:53,88000.0,200,Buy,225717268
2024-07-23 13:59:03,88000.0,2000,Buy,225717826
2024-07-23 13:59:26,88000.0,200,Buy,225719037
2024-07-23 13:59:26,88000.0,200,Buy,225719038
2024-07-23 13:59:26,88000.0,500,Buy,225719039
2024-07-23 13:59:26,88000.0,2100,Buy,225719040
2024-07-23 13:59:26,88000.0,200,Buy,225719041
2024-07-23 13:59:46,88000.0,4000,Buy,225719864
2024-07-23 13:59:46,88000.0,100,Buy,225719863
2024-07-23 13:59:46,88000.0,1000,Buy,225719862
2024-07-23 13:59:46,88000.0,900,Buy,225719860
2024-07-23 13:59:46,88000.0,4600,Buy,225719858
2024-07-23 13:59:46,88000.0,800,Buy,225719857
2024-07-23 13:59:46,88000.0,500,Buy,225719861
2024-07-23 13:59:46,88000.0,100,Buy,225719859
2024-07-23 13:59:48,88000.0,1000,Buy,225720154
2024-07-23 13:59:48,88000.0,2000,Buy,225720155
2024-07-23 13:59:57,88000.0,200,Buy,225720575
2024-07-23 14:00:04,88000.0,1000,Buy,225720961
2024-07-23 14:00:05,88000.0,200,Buy,225721026
2024-07-23 14:00:05,88000.0,800,Buy,225721025
2024-07-23 14:00:06,88000.0,1000,Buy,225721051
2024-07-23 14:00:06,88000.0,1000,Buy,225721081
2024-07-23 14:00:19,88000.0,1000,Buy,225721689
2024-07-23 14:00:19,88000.0,2000,Buy,225721690
2024-07-23 14:00:25,88000.0,2000,Buy,225721946
2024-07-23 14:00:30,88000.0,300,Buy,225722158
2024-07-23 14:00:54,87900.0,300,Sell,225723180
2024-07-23 14:01:19,87900.0,400,Sell,225724144
2024-07-23 14:01:49,88000.0,200,Buy,225725311
2024-07-23 14:02:06,88000.0,200,Buy,225725875
2024-07-23 14:02:11,88000.0,300,Buy,225726081
2024-07-23 14:02:11,88000.0,200,Buy,225726082
2024-07-23 14:02:38,88000.0,200,Buy,225726843
2024-07-23 14:03:10,88000.0,300,Buy,225727836
2024-07-23 14:03:13,87900.0,200,Sell,225727899
2024-07-23 14:03:59,88000.0,200,Buy,225729123
2024-07-23 14:04:14,88000.0,200,Buy,225729445
2024-07-23 14:04:45,88000.0,300,Buy,225730273
2024-07-23 14:04:46,88000.0,200,Buy,225730295
2024-07-23 14:04:48,88000.0,500,Buy,225730353
2024-07-23 14:05:18,88000.0,300,Buy,225731196
2024-07-23 14:05:42,88000.0,200,Buy,225731724
2024-07-23 14:05:50,88000.0,200,Buy,225731955
2024-07-23 14:06:12,88000.0,1000,Buy,225732545
2024-07-23 14:06:22,88000.0,200,Buy,225732835
2024-07-23 14:06:54,88000.0,200,Buy,225733677
2024-07-23 14:07:08,87900.0,1000,Sell,225734015
2024-07-23 14:07:36,87900.0,100,Sell,225734811
2024-07-23 14:08:03,88000.0,200,Buy,225735565
2024-07-23 14:08:29,88000.0,200,Buy,225736399
2024-07-23 14:09:02,88000.0,200,Buy,225737463
2024-07-23 14:09:34,88000.0,200,Buy,225738413
2024-07-23 14:09:38,88000.0,100,Buy,225738575
2024-07-23 14:10:06,88000.0,100,Buy,225739501
2024-07-23 14:10:06,88000.0,100,Buy,225739502
2024-07-23 14:10:06,88000.0,100,Buy,225739503
2024-07-23 14:10:11,88000.0,200,Buy,225739674
2024-07-23 14:10:11,88000.0,300,Buy,225739673
2024-07-23 14:10:11,88000.0,500,Buy,225739672
2024-07-23 14:10:11,88000.0,100,Buy,225739671
2024-07-23 14:10:11,88000.0,100,Buy,225739670
2024-07-23 14:10:11,88000.0,100,Buy,225739668
2024-07-23 14:10:11,88000.0,500,Buy,225739666
2024-07-23 14:10:11,88000.0,100,Buy,225739665
2024-07-23 14:10:11,88000.0,9900,Buy,225739664
2024-07-23 14:10:11,88000.0,400,Buy,225739669
2024-07-23 14:10:11,88000.0,6800,Buy,225739667
2024-07-23 14:10:37,88000.0,200,Sell,225740482
2024-07-23 14:10:37,88000.0,1000,Sell,225740481
2024-07-23 14:11:01,88000.0,700,Sell,225741137
2024-07-23 14:11:01,88000.0,100,Sell,225741135
2024-07-23 14:11:01,88000.0,200,Sell,225741136
2024-07-23 14:11:27,88000.0,200,Sell,225741859
2024-07-23 14:11:30,88000.0,100,Sell,225741973
2024-07-23 14:11:30,88000.0,200,Sell,225741974
2024-07-23 14:11:32,88000.0,2200,Buy,225742075
2024-07-23 14:11:32,88000.0,1000,Buy,225742076
2024-07-23 14:11:47,88000.0,1000,Sell,225742519
2024-07-23 14:11:51,88000.0,600,Sell,225742617
2024-07-23 14:11:51,88000.0,200,Sell,225742618
2024-07-23 14:11:51,88000.0,200,Sell,225742619
2024-07-23 14:12:12,88000.0,500,Sell,225743164
2024-07-23 14:12:12,88000.0,300,Sell,225743162
2024-07-23 14:12:12,88000.0,200,Sell,225743163
2024-07-23 14:12:28,88000.0,100,Sell,225743589
2024-07-23 14:12:40,88000.0,1000,Sell,225743967
2024-07-23 14:12:45,88000.0,1300,Sell,225744149
2024-07-23 14:12:45,88000.0,100,Sell,225744150
2024-07-23 14:12:45,88000.0,300,Sell,225744151
2024-07-23 14:12:45,88000.0,200,Sell,225744152
2024-07-23 14:12:50,88000.0,800,Buy,225744280
2024-07-23 14:13:08,88000.0,100,Sell,225744749
2024-07-23 14:14:22,88000.0,2700,Sell,225746904
2024-07-23 14:14:22,88000.0,1000,Sell,225746902
2024-07-23 14:14:22,88000.0,1100,Sell,225746901
2024-07-23 14:14:22,88000.0,200,Sell,225746903
2024-07-23 14:14:28,88000.0,100,Sell,225747055
2024-07-23 14:14:36,88000.0,100,Sell,225747293
2024-07-23 14:14:36,88000.0,100,Sell,225747294
2024-07-23 14:14:36,88000.0,200,Sell,225747295
2024-07-23 14:14:36,88000.0,200,Sell,225747296
2024-07-23 14:14:36,88000.0,200,Sell,225747297
2024-07-23 14:14:52,88000.0,200,Buy,225747750
2024-07-23 14:15:06,87900.0,1000,Sell,225748288
2024-07-23 14:15:07,87900.0,400,Sell,225748400
2024-07-23 14:15:08,88000.0,2000,Buy,225748417
2024-07-23 14:15:24,88000.0,200,Buy,225749131
2024-07-23 14:15:26,87900.0,1000,Sell,225749229
2024-07-23 14:15:28,88000.0,200,Buy,225749304
2024-07-23 14:15:56,87900.0,1000,Sell,225750719
2024-07-23 14:16:11,87900.0,1000,Sell,225751614
2024-07-23 14:16:17,87900.0,1000,Sell,225752043
2024-07-23 14:16:18,87900.0,100,Sell,225752110
2024-07-23 14:16:18,87900.0,300,Sell,225752109
2024-07-23 14:16:18,87900.0,200,Sell,225752108
2024-07-23 14:16:18,87900.0,100,Sell,225752107
2024-07-23 14:16:18,87900.0,100,Sell,225752106
2024-07-23 14:16:18,87900.0,3000,Sell,225752101
2024-07-23 14:16:18,87900.0,200,Sell,225752105
2024-07-23 14:16:18,87900.0,200,Sell,225752104
2024-07-23 14:16:18,87900.0,200,Sell,225752103
2024-07-23 14:16:18,87900.0,100,Sell,225752102
2024-07-23 14:16:18,87900.0,300,Sell,225752100
2024-07-23 14:16:18,87900.0,100,Sell,225752092
2024-07-23 14:16:18,87900.0,200,Sell,225752098
2024-07-23 14:16:18,87900.0,3000,Sell,225752097
2024-07-23 14:16:18,87900.0,200,Sell,225752096
2024-07-23 14:16:18,87900.0,100,Sell,225752095
2024-07-23 14:16:18,87900.0,300,Sell,225752094
2024-07-23 14:16:18,87900.0,200,Sell,225752093
2024-07-23 14:16:18,87900.0,200,Sell,225752091
2024-07-23 14:16:18,87900.0,200,Sell,225752090
2024-07-23 14:16:18,87900.0,300,Sell,225752089
2024-07-23 14:16:18,87900.0,300,Sell,225752088
2024-07-23 14:16:18,87900.0,4400,Sell,225752087
2024-07-23 14:16:18,87900.0,200,Sell,225752099
2024-07-23 14:16:26,87900.0,100,Buy,225752564
2024-07-23 14:16:27,87900.0,900,Buy,225752579
2024-07-23 14:16:51,87900.0,1000,Sell,225755152
2024-07-23 14:16:51,87900.0,200,Sell,225755153
2024-07-23 14:16:53,87900.0,1000,Sell,225755372
2024-07-23 14:17:00,87900.0,200,Buy,225756135
2024-07-23 14:17:03,87900.0,200,Buy,225756669
2024-07-23 14:17:23,87800.0,1100,Sell,225759743
2024-07-23 14:17:23,87800.0,700,Sell,225759742
2024-07-23 14:17:41,87900.0,100,Buy,225764138
2024-07-23 14:17:41,87900.0,900,Buy,225764139
2024-07-23 14:17:51,87900.0,800,Buy,225765842
2024-07-23 14:18:05,87900.0,200,Buy,225768548
2024-07-23 14:18:10,87800.0,100,Sell,225769426
2024-07-23 14:18:10,87900.0,200,Buy,225769515
2024-07-23 14:18:10,87900.0,1400,Buy,225769552
2024-07-23 14:18:10,87900.0,1000,Buy,225769553
2024-07-23 14:18:10,87900.0,1400,Buy,225769554
2024-07-23 14:18:15,87900.0,1800,Buy,225770267
2024-07-23 14:18:15,87900.0,100,Buy,225770266
2024-07-23 14:18:18,87800.0,200,Sell,225770843
2024-07-23 14:18:18,87800.0,1300,Sell,225770844
2024-07-23 14:18:18,87800.0,3900,Sell,225770845
2024-07-23 14:18:18,87800.0,200,Sell,225770842
2024-07-23 14:18:25,87800.0,6100,Sell,225772434
2024-07-23 14:18:25,87800.0,2000,Sell,225772435
2024-07-23 14:18:25,87800.0,200,Sell,225772436
2024-07-23 14:18:26,87800.0,4600,Sell,225772942
2024-07-23 14:18:26,87800.0,200,Sell,225772943
2024-07-23 14:18:26,87800.0,200,Sell,225772944
2024-07-23 14:18:26,87800.0,10000,Sell,225772945
2024-07-23 14:18:26,87800.0,500,Sell,225772946
2024-07-23 14:18:26,87800.0,4500,Sell,225772947
2024-07-23 14:18:29,87800.0,1500,Sell,225773398
2024-07-23 14:18:37,87800.0,3000,Sell,225775202
2024-07-23 14:18:37,87800.0,1000,Sell,225775203
2024-07-23 14:18:37,87800.0,1000,Sell,225775201
2024-07-23 14:18:38,87800.0,200,Sell,225775670
2024-07-23 14:18:40,87800.0,1000,Sell,225776238
2024-07-23 14:18:40,87800.0,400,Sell,225776239
2024-07-23 14:18:41,87900.0,1900,Buy,225776630
2024-07-23 14:18:44,87800.0,600,Sell,225777235
2024-07-23 14:18:44,87800.0,200,Sell,225777236
2024-07-23 14:18:48,87800.0,100,Buy,225777949
2024-07-23 14:18:48,87800.0,1900,Buy,225777950
2024-07-23 14:19:05,87700.0,200,Sell,225781488
2024-07-23 14:19:05,87700.0,2000,Sell,225781489
2024-07-23 14:19:05,87700.0,200,Sell,225781490
2024-07-23 14:19:05,87700.0,1000,Sell,225781493
2024-07-23 14:19:05,87700.0,100,Sell,225781491
2024-07-23 14:19:05,87700.0,300,Sell,225781492
2024-07-23 14:19:05,87700.0,100,Sell,225781487
2024-07-23 14:19:05,87700.0,100,Sell,225781498
2024-07-23 14:19:05,87700.0,1200,Sell,225781495
2024-07-23 14:19:05,87700.0,100,Sell,225781496
2024-07-23 14:19:05,87700.0,100,Sell,225781497
2024-07-23 14:19:05,87700.0,500,Sell,225781499
2024-07-23 14:19:05,87700.0,1000,Sell,225781500
2024-07-23 14:19:05,87700.0,200,Sell,225781501
2024-07-23 14:19:05,87700.0,100,Sell,225781494
2024-07-23 14:19:05,87700.0,100,Sell,225781486
2024-07-23 14:19:05,87700.0,100,Sell,225781477
2024-07-23 14:19:05,87700.0,100,Sell,225781484
2024-07-23 14:19:05,87700.0,5000,Sell,225781469
2024-07-23 14:19:05,87700.0,300,Sell,225781470
2024-07-23 14:19:05,87700.0,200,Sell,225781471
2024-07-23 14:19:05,87700.0,100,Sell,225781472
2024-07-23 14:19:05,87700.0,200,Sell,225781473
2024-07-23 14:19:05,87700.0,100,Sell,225781475
2024-07-23 14:19:05,87700.0,100,Sell,225781474
2024-07-23 14:19:05,87700.0,200,Sell,225781478
2024-07-23 14:19:05,87700.0,5000,Sell,225781479
2024-07-23 14:19:05,87700.0,100,Sell,225781480
2024-07-23 14:19:05,87700.0,100,Sell,225781481
2024-07-23 14:19:05,87700.0,100,Sell,225781482
2024-07-23 14:19:05,87700.0,600,Sell,225781483
2024-07-23 14:19:05,87700.0,100,Sell,225781476
2024-07-23 14:19:05,87700.0,300,Sell,225781485
2024-07-23 14:19:06,87800.0,200,Buy,225781663
2024-07-23 14:19:06,87800.0,1700,Buy,225781664
2024-07-23 14:19:08,87700.0,1000,Sell,225782037
2024-07-23 14:19:20,87800.0,3000,Buy,225784180
2024-07-23 14:19:32,87700.0,2200,Sell,225786675
2024-07-23 14:19:33,87800.0,1700,Buy,225786932
2024-07-23 14:19:37,87700.0,1400,Sell,225787660
2024-07-23 14:19:37,87700.0,200,Sell,225787661
2024-07-23 14:19:37,87700.0,200,Sell,225787662
2024-07-23 14:19:41,87700.0,200,Buy,225788229
2024-07-23 14:19:50,87600.0,800,Sell,225790408
2024-07-23 14:19:50,87600.0,100,Sell,225790407
2024-07-23 14:19:50,87600.0,400,Sell,225790405
2024-07-23 14:19:50,87600.0,100,Sell,225790404
2024-07-23 14:19:50,87600.0,600,Sell,225790406
2024-07-23 14:19:55,87600.0,200,Sell,225791152
2024-07-23 14:19:55,87600.0,1000,Sell,225791153
2024-07-23 14:19:55,87600.0,100,Sell,225791154
2024-07-23 14:19:55,87600.0,1700,Sell,225791155
2024-07-23 14:19:58,87600.0,100,Sell,225791647
2024-07-23 14:19:58,87600.0,2900,Sell,225791646
2024-07-23 14:19:58,87600.0,100,Sell,225791644
2024-07-23 14:19:58,87600.0,700,Sell,225791645
2024-07-23 14:19:58,87600.0,100,Sell,225791642
2024-07-23 14:19:58,87600.0,300,Sell,225791640
2024-07-23 14:19:58,87600.0,500,Sell,225791643
2024-07-23 14:19:58,87600.0,100,Sell,225791641
2024-07-23 14:20:10,87600.0,200,Buy,225793987
2024-07-23 14:20:13,87600.0,200,Buy,225794455
2024-07-23 14:20:15,87500.0,2000,Sell,225794759
2024-07-23 14:20:19,87500.0,2500,Sell,225795513
2024-07-23 14:20:22,87500.0,100,Sell,225796138
2024-07-23 14:20:24,87500.0,1000,Sell,225796413
2024-07-23 14:20:28,87600.0,200,Buy,225797048
2024-07-23 14:20:28,87600.0,3800,Buy,225797049
2024-07-23 14:20:33,87500.0,400,Sell,225797782
2024-07-23 14:20:48,87500.0,100,Sell,225799517
2024-07-23 14:20:54,87500.0,2500,Sell,225800405
2024-07-23 14:20:56,87600.0,5000,Buy,225800673
2024-07-23 14:20:56,87500.0,400,Sell,225800606
2024-07-23 14:21:00,87600.0,100,Buy,225801165
2024-07-23 14:21:01,87600.0,2100,Buy,225801242
2024-07-23 14:21:07,87600.0,5300,Buy,225802021
2024-07-23 14:21:08,87600.0,300,Buy,225802149
2024-07-23 14:21:11,87600.0,5000,Buy,225802447
2024-07-23 14:21:16,87600.0,2200,Buy,225803264
2024-07-23 14:21:18,87600.0,200,Buy,225803456
2024-07-23 14:21:19,87500.0,400,Sell,225803546
2024-07-23 14:21:27,87600.0,500,Buy,225804551
2024-07-23 14:21:28,87600.0,100,Buy,225804700
2024-07-23 14:21:33,87700.0,900,Buy,225805417
2024-07-23 14:21:34,87700.0,8000,Buy,225805508
2024-07-23 14:21:34,87700.0,1000,Buy,225805509
2024-07-23 14:21:34,87700.0,2100,Buy,225805507
2024-07-23 14:21:39,87800.0,100,Buy,225806204
2024-07-23 14:21:40,87800.0,400,Buy,225806250
2024-07-23 14:21:40,87800.0,1300,Buy,225806251
2024-07-23 14:21:40,87800.0,200,Buy,225806252
2024-07-23 14:21:41,87700.0,100,Sell,225806504
2024-07-23 14:21:41,87700.0,100,Sell,225806505
2024-07-23 14:21:48,87700.0,700,Sell,225807284
2024-07-23 14:21:49,87700.0,200,Buy,225807358
2024-07-23 14:21:55,87700.0,100,Buy,225807934
2024-07-23 14:21:55,87700.0,100,Sell,225807986
2024-07-23 14:22:08,87700.0,1600,Sell,225809193
2024-07-23 14:22:18,87700.0,3000,Sell,225810235
2024-07-23 14:22:18,87700.0,200,Sell,225810236
2024-07-23 14:22:18,87700.0,5000,Sell,225810237
2024-07-23 14:22:18,87700.0,100,Sell,225810238
2024-07-23 14:22:18,87600.0,700,Sell,225810239
2024-07-23 14:22:21,87600.0,200,Sell,225810534
2024-07-23 14:22:21,87600.0,200,Sell,225810533
2024-07-23 14:22:21,87600.0,300,Sell,225810532
2024-07-23 14:22:33,87700.0,100,Sell,225811756
2024-07-23 14:22:33,87700.0,100,Sell,225811757
2024-07-23 14:22:41,87700.0,700,Sell,225812399
2024-07-23 14:22:48,87700.0,300,Buy,225813096
2024-07-23 14:22:53,87800.0,300,Buy,225813601
2024-07-23 14:22:53,87800.0,500,Buy,225813602
2024-07-23 14:22:53,87800.0,2100,Buy,225813603
2024-07-23 14:22:53,87800.0,100,Buy,225813605
2024-07-23 14:22:54,87700.0,500,Sell,225813663
2024-07-23 14:23:24,87700.0,400,Sell,225816243
2024-07-23 14:23:49,87700.0,500,Sell,225818111
2024-07-23 14:23:55,87800.0,800,Buy,225818548
2024-07-23 14:24:09,87800.0,200,Sell,225819409
2024-07-23 14:24:09,87800.0,200,Sell,225819408
2024-07-23 14:24:20,87800.0,300,Buy,225820208
2024-07-23 14:24:29,87800.0,200,Buy,225820752
2024-07-23 14:24:33,87800.0,200,Buy,225821025
2024-07-23 14:24:33,87700.0,1200,Sell,225821013
2024-07-23 14:24:33,87700.0,100,Sell,225821014
2024-07-23 14:24:33,87700.0,200,Sell,225821015
2024-07-23 14:24:33,87700.0,100,Sell,225821016
2024-07-23 14:24:33,87700.0,3400,Sell,225821017
2024-07-23 14:24:36,87700.0,400,Sell,225821200
2024-07-23 14:24:36,87700.0,1600,Sell,225821199
2024-07-23 14:24:39,87700.0,3200,Sell,225821414
2024-07-23 14:24:45,87700.0,1400,Sell,225821786
2024-07-23 14:24:45,87700.0,100,Sell,225821787
2024-07-23 14:24:45,87700.0,200,Sell,225821788
2024-07-23 14:24:45,87700.0,1000,Sell,225821789
2024-07-23 14:24:45,87700.0,100,Sell,225821790
2024-07-23 14:24:45,87700.0,100,Sell,225821791
2024-07-23 14:24:46,87700.0,100,Buy,225821839
2024-07-23 14:24:46,87700.0,1900,Buy,225821840
2024-07-23 14:24:51,87600.0,100,Sell,225822142
2024-07-23 14:24:51,87600.0,500,Sell,225822141
2024-07-23 14:24:51,87600.0,100,Sell,225822140
2024-07-23 14:24:51,87600.0,200,Sell,225822138
2024-07-23 14:24:51,87600.0,100,Sell,225822139
2024-07-23 14:24:57,87600.0,400,Sell,225822468
2024-07-23 14:24:57,87600.0,500,Sell,225822469
2024-07-23 14:25:01,87600.0,100,Buy,225822687
2024-07-23 14:25:04,87500.0,1000,Sell,225822919
2024-07-23 14:25:09,87500.0,1000,Sell,225823287
2024-07-23 14:25:17,87500.0,1000,Sell,225823788
2024-07-23 14:25:22,87500.0,1000,Sell,225824098
2024-07-23 14:25:25,87500.0,600,Sell,225824308
2024-07-23 14:25:28,87500.0,2000,Sell,225824581
2024-07-23 14:25:31,87600.0,100,Sell,225824755
2024-07-23 14:25:32,87600.0,200,Buy,225824843
2024-07-23 14:25:33,87600.0,700,Buy,225824863
2024-07-23 14:25:42,87600.0,500,Sell,225825541
2024-07-23 14:25:43,87600.0,300,Sell,225825607
2024-07-23 14:25:43,87600.0,700,Sell,225825608
2024-07-23 14:25:44,87600.0,2800,Sell,225825673
2024-07-23 14:25:44,87600.0,100,Sell,225825674
2024-07-23 14:25:47,87600.0,100,Buy,225825864
2024-07-23 14:25:53,87600.0,500,Sell,225826159
2024-07-23 14:25:55,87600.0,100,Sell,225826369
2024-07-23 14:25:55,87600.0,100,Sell,225826366
2024-07-23 14:25:55,87600.0,100,Sell,225826367
2024-07-23 14:25:55,87600.0,2900,Sell,225826368
2024-07-23 14:26:05,87600.0,200,Buy,225827170
2024-07-23 14:26:12,87600.0,500,Buy,225827690
2024-07-23 14:26:17,87500.0,2100,Sell,225827959
2024-07-23 14:26:18,87600.0,100,Buy,225828080
2024-07-23 14:26:19,87600.0,100,Buy,225828103
2024-07-23 14:26:29,87600.0,1000,Buy,225828979
2024-07-23 14:26:30,87600.0,800,Buy,225829004
2024-07-23 14:26:33,87600.0,100,Buy,225829229
2024-07-23 14:26:36,87500.0,500,Sell,225829423
2024-07-23 14:26:36,87600.0,100,Buy,225829422
2024-07-23 14:26:38,87600.0,4800,Buy,225829509
2024-07-23 14:26:38,87600.0,200,Buy,225829510
2024-07-23 14:26:41,87600.0,1000,Buy,225829657
2024-07-23 14:26:42,87600.0,400,Buy,225829869
2024-07-23 14:26:44,87500.0,3000,Sell,225830018
2024-07-23 14:26:45,87600.0,100,Buy,225830166
2024-07-23 14:26:47,87500.0,500,Sell,225830370
2024-07-23 14:26:52,87500.0,4000,Sell,225830765
2024-07-23 14:26:56,87600.0,200,Buy,225831020
2024-07-23 14:27:01,87500.0,3000,Sell,225831588
2024-07-23 14:27:03,87500.0,900,Sell,225831697
2024-07-23 14:27:03,87500.0,1100,Sell,225831698
2024-07-23 14:27:14,87500.0,3000,Sell,225832797
2024-07-23 14:27:18,87500.0,700,Sell,225833179
2024-07-23 14:27:21,87600.0,100,Buy,225833336
2024-07-23 14:27:25,87500.0,2000,Sell,225833653
2024-07-23 14:27:25,87500.0,1000,Sell,225833654
2024-07-23 14:27:34,87500.0,300,Sell,225834415
2024-07-23 14:27:34,87500.0,1000,Sell,225834416
2024-07-23 14:27:34,87500.0,100,Sell,225834414
2024-07-23 14:27:34,87500.0,900,Sell,225834417
2024-07-23 14:27:34,87500.0,200,Sell,225834412
2024-07-23 14:27:34,87500.0,100,Sell,225834411
2024-07-23 14:27:34,87500.0,1300,Sell,225834410
2024-07-23 14:27:34,87500.0,500,Sell,225834409
2024-07-23 14:27:34,87500.0,100,Sell,225834413
2024-07-23 14:27:44,87500.0,500,Sell,225835233
2024-07-23 14:27:46,87600.0,300,Buy,225835410
2024-07-23 14:27:53,87500.0,300,Sell,225836034
2024-07-23 14:27:53,87500.0,1000,Sell,225836035
2024-07-23 14:27:53,87500.0,100,Sell,225836036
2024-07-23 14:27:53,87500.0,1600,Sell,225836037
2024-07-23 14:27:55,87600.0,1000,Buy,225836268
2024-07-23 14:28:04,87500.0,300,Sell,225837136
2024-07-23 14:28:04,87500.0,100,Sell,225837135
2024-07-23 14:28:04,87500.0,200,Sell,225837134
2024-07-23 14:28:04,87500.0,2400,Sell,225837133
2024-07-23 14:28:06,87600.0,500,Buy,225837288
2024-07-23 14:28:09,87600.0,2000,Buy,225837779
2024-07-23 14:28:11,87600.0,100,Buy,225837979
2024-07-23 14:28:11,87500.0,200,Sell,225837980
2024-07-23 14:28:15,87600.0,1500,Buy,225838416
2024-07-23 14:28:15,87600.0,3000,Buy,225838417
2024-07-23 14:28:15,87600.0,300,Buy,225838418
2024-07-23 14:28:15,87600.0,200,Buy,225838432
2024-07-23 14:28:20,87500.0,100,Sell,225838915
2024-07-23 14:28:23,87600.0,100,Buy,225839233
2024-07-23 14:28:25,87500.0,500,Sell,225839605
2024-07-23 14:28:25,87500.0,500,Sell,225839604
2024-07-23 14:28:25,87500.0,400,Sell,225839601
2024-07-23 14:28:25,87500.0,100,Sell,225839602
2024-07-23 14:28:25,87500.0,500,Sell,225839603
2024-07-23 14:28:26,87600.0,100,Buy,225839701
2024-07-23 14:28:26,87600.0,500,Buy,225839702
2024-07-23 14:28:26,87600.0,400,Buy,225839703
2024-07-23 14:28:30,87500.0,500,Sell,225840034
2024-07-23 14:28:36,87600.0,100,Buy,225840568
2024-07-23 14:28:36,87600.0,300,Buy,225840587
2024-07-23 14:28:36,87600.0,1600,Buy,225840588
2024-07-23 14:28:37,87600.0,400,Buy,225840640
2024-07-23 14:28:40,87600.0,500,Sell,225841024
2024-07-23 14:28:47,87700.0,1000,Buy,225841527
2024-07-23 14:28:48,87500.0,1800,Sell,225841713
2024-07-23 14:28:48,87600.0,100,Sell,225841711
2024-07-23 14:28:48,87600.0,100,Sell,225841712
2024-07-23 14:28:49,87700.0,300,Buy,225841790
2024-07-23 14:28:55,87700.0,100,Buy,225842464
2024-07-23 14:28:55,87700.0,1400,Buy,225842465
2024-07-23 14:28:55,87700.0,800,Buy,225842466
2024-07-23 14:28:55,87700.0,600,Buy,225842467
2024-07-23 14:28:55,87700.0,100,Buy,225842468
2024-07-23 14:29:05,87800.0,300,Buy,225843519
2024-07-23 14:44:41,87500.0,305800,ATO/ATC,225848938
