time,price,volume,match_type,id
2024-08-09 09:14:39,87400.0,6900,ATO/ATC,230423376
2024-08-09 09:15:30,87500.0,100,Sell,230424748
2024-08-09 09:15:37,87500.0,200,Sell,230424880
2024-08-09 09:16:06,87600.0,500,Buy,230425625
2024-08-09 09:16:24,87500.0,100,Sell,230426021
2024-08-09 09:16:27,87500.0,100,Sell,230426069
2024-08-09 09:16:27,87500.0,100,Sell,230426070
2024-08-09 09:17:27,87500.0,1100,Sell,230427711
2024-08-09 09:17:27,87500.0,200,Sell,230427710
2024-08-09 09:17:27,87500.0,100,Sell,230427709
2024-08-09 09:17:27,87500.0,900,Sell,230427708
2024-08-09 09:17:27,87500.0,200,Sell,230427703
2024-08-09 09:17:27,87500.0,100,Sell,230427706
2024-08-09 09:17:27,87500.0,200,Sell,230427705
2024-08-09 09:17:27,87500.0,300,Sell,230427704
2024-08-09 09:17:27,87500.0,200,Sell,230427707
2024-08-09 09:17:42,87600.0,100,Buy,230428046
2024-08-09 09:18:06,87500.0,200,Sell,230428593
2024-08-09 09:18:09,87500.0,200,Sell,230428668
2024-08-09 09:18:16,87500.0,100,Sell,230428814
2024-08-09 09:18:38,87500.0,100,Sell,230429358
2024-08-09 09:18:38,87500.0,1100,Sell,230429350
2024-08-09 09:18:43,87600.0,200,Buy,230429475
2024-08-09 09:18:43,87600.0,100,Buy,230429476
2024-08-09 09:18:43,87600.0,100,Buy,230429474
2024-08-09 09:18:47,87600.0,200,Buy,230429628
2024-08-09 09:19:22,87600.0,500,Buy,230430447
2024-08-09 09:19:29,87600.0,200,Buy,230430651
2024-08-09 09:19:34,87800.0,500,Buy,230430740
2024-08-09 09:19:52,87600.0,100,Sell,230431158
2024-08-09 09:20:05,87600.0,100,Sell,230431470
2024-08-09 09:20:18,87700.0,100,Buy,230431802
2024-08-09 09:20:18,87700.0,600,Buy,230431801
2024-08-09 09:21:36,87600.0,200,Sell,230433565
2024-08-09 09:21:36,87600.0,100,Sell,230433564
2024-08-09 09:21:36,87600.0,200,Sell,230433563
2024-08-09 09:21:36,87600.0,200,Sell,230433562
2024-08-09 09:21:36,87600.0,600,Sell,230433557
2024-08-09 09:21:36,87600.0,800,Sell,230433560
2024-08-09 09:21:36,87600.0,100,Sell,230433559
2024-08-09 09:21:36,87600.0,300,Sell,230433558
2024-08-09 09:21:36,87600.0,800,Sell,230433561
2024-08-09 09:21:50,87600.0,100,Sell,230434004
2024-08-09 09:21:50,87600.0,200,Sell,230434003
2024-08-09 09:21:50,87600.0,300,Sell,230434001
2024-08-09 09:21:50,87600.0,100,Sell,230434000
2024-08-09 09:21:50,87600.0,100,Sell,230434002
2024-08-09 09:21:55,87600.0,100,Sell,230434089
2024-08-09 09:21:58,87700.0,400,Buy,230434148
2024-08-09 09:21:58,87700.0,100,Buy,230434147
2024-08-09 09:22:15,87700.0,500,Buy,230434551
2024-08-09 09:22:30,87600.0,100,Sell,230434936
2024-08-09 09:23:25,87600.0,900,Sell,230436259
2024-08-09 09:23:25,87600.0,100,Sell,230436260
2024-08-09 09:23:32,87600.0,100,Sell,230436460
2024-08-09 09:23:40,87700.0,500,Buy,230436656
2024-08-09 09:23:40,87700.0,100,Buy,230436657
2024-08-09 09:23:40,87700.0,1000,Buy,230436655
2024-08-09 09:23:40,87700.0,100,Buy,230436654
2024-08-09 09:23:40,87700.0,300,Buy,230436652
2024-08-09 09:23:40,87700.0,200,Buy,230436651
2024-08-09 09:23:40,87700.0,100,Buy,230436650
2024-08-09 09:23:40,87700.0,900,Buy,230436653
2024-08-09 09:23:44,87700.0,100,Sell,230436782
2024-08-09 09:24:21,87700.0,2700,Sell,230437674
2024-08-09 09:24:42,87700.0,500,Buy,230438078
2024-08-09 09:24:51,87700.0,100,Buy,230438275
2024-08-09 09:24:57,87700.0,200,Buy,230438451
2024-08-09 09:24:58,87700.0,100,Buy,230438480
2024-08-09 09:24:58,87700.0,100,Buy,230438481
2024-08-09 09:24:58,87700.0,300,Buy,230438482
2024-08-09 09:25:19,87700.0,200,Buy,230438942
2024-08-09 09:25:19,87700.0,200,Buy,230438940
2024-08-09 09:25:19,87700.0,100,Buy,230438941
2024-08-09 09:25:34,87600.0,100,Sell,230439241
2024-08-09 09:25:44,87700.0,300,Buy,230439477
2024-08-09 09:25:44,87800.0,2100,Buy,230439478
2024-08-09 09:25:51,87800.0,2400,Buy,230439615
2024-08-09 09:25:51,87800.0,100,Buy,230439616
2024-08-09 09:25:51,87800.0,500,Buy,230439617
2024-08-09 09:25:51,87800.0,200,Buy,230439618
2024-08-09 09:25:58,87900.0,300,Buy,230439786
2024-08-09 09:25:58,87900.0,100,Buy,230439785
2024-08-09 09:25:58,87900.0,500,Buy,230439787
2024-08-09 09:25:58,87900.0,100,Buy,230439783
2024-08-09 09:25:58,87900.0,200,Buy,230439782
2024-08-09 09:25:58,87900.0,300,Buy,230439777
2024-08-09 09:25:58,87900.0,100,Buy,230439784
2024-08-09 09:26:21,87800.0,200,Sell,230440350
2024-08-09 09:27:24,87800.0,100,Sell,230441869
2024-08-09 09:27:30,87800.0,100,Sell,230442000
2024-08-09 09:27:36,87800.0,400,Sell,230442119
2024-08-09 09:27:59,87800.0,100,Sell,230442548
2024-08-09 09:28:14,87800.0,200,Buy,230442815
2024-08-09 09:29:13,87700.0,100,Sell,230444045
2024-08-09 09:29:26,87700.0,100,Sell,230444347
2024-08-09 09:29:26,87700.0,200,Sell,230444346
2024-08-09 09:29:26,87700.0,200,Sell,230444345
2024-08-09 09:29:26,87700.0,200,Sell,230444341
2024-08-09 09:29:26,87700.0,200,Sell,230444340
2024-08-09 09:29:26,87700.0,300,Sell,230444339
2024-08-09 09:29:26,87700.0,100,Sell,230444337
2024-08-09 09:29:26,87700.0,200,Sell,230444336
2024-08-09 09:29:26,87700.0,100,Sell,230444335
2024-08-09 09:29:26,87700.0,200,Sell,230444334
2024-08-09 09:29:26,87700.0,200,Sell,230444338
2024-08-09 09:29:37,87700.0,300,Sell,230444752
2024-08-09 09:29:37,87700.0,100,Sell,230444753
2024-08-09 09:29:37,87700.0,100,Sell,230444754
2024-08-09 09:29:37,87700.0,400,Sell,230444755
2024-08-09 09:31:03,87600.0,100,Sell,230446637
2024-08-09 09:31:27,87600.0,100,Sell,230447071
2024-08-09 09:31:45,87600.0,100,Sell,230447439
2024-08-09 09:31:45,87600.0,100,Sell,230447440
2024-08-09 09:31:45,87600.0,700,Sell,230447441
2024-08-09 09:32:18,87700.0,100,Buy,230448115
2024-08-09 09:32:18,87700.0,100,Buy,230448116
2024-08-09 09:32:19,87700.0,300,Buy,230448133
2024-08-09 09:32:19,87700.0,200,Buy,230448132
2024-08-09 09:32:19,87700.0,100,Buy,230448120
2024-08-09 09:32:19,87700.0,100,Buy,230448122
2024-08-09 09:32:19,87700.0,900,Buy,230448121
2024-08-09 09:32:19,87700.0,200,Buy,230448131
2024-08-09 09:32:53,87600.0,100,Sell,230448696
2024-08-09 09:32:54,87600.0,200,Sell,230448721
2024-08-09 09:34:18,87700.0,200,Buy,230450252
2024-08-09 09:34:18,87700.0,300,Buy,230450253
2024-08-09 09:34:18,87700.0,100,Buy,230450254
2024-08-09 09:34:18,87700.0,500,Buy,230450255
2024-08-09 09:34:43,87600.0,100,Sell,230450691
2024-08-09 09:35:25,87600.0,100,Sell,230451488
2024-08-09 09:36:33,87600.0,100,Sell,230452731
2024-08-09 09:36:33,87600.0,100,Sell,230452732
2024-08-09 09:36:34,87700.0,100,Buy,230452780
2024-08-09 09:36:34,87700.0,900,Buy,230452781
2024-08-09 09:37:59,87700.0,100,Buy,230454287
2024-08-09 09:38:23,87600.0,100,Sell,230454732
2024-08-09 09:39:22,87600.0,100,Sell,230455730
2024-08-09 09:39:24,87700.0,100,Buy,230455790
2024-08-09 09:40:13,87600.0,100,Sell,230456571
2024-08-09 09:40:22,87700.0,900,Buy,230456702
2024-08-09 09:40:22,87700.0,100,Buy,230456703
2024-08-09 09:42:03,87600.0,100,Sell,230458431
2024-08-09 09:42:25,87600.0,400,Sell,230458730
2024-08-09 09:42:43,87700.0,200,Buy,230459087
2024-08-09 09:42:43,87700.0,100,Buy,230459086
2024-08-09 09:42:43,87700.0,100,Buy,230459083
2024-08-09 09:42:43,87700.0,300,Buy,230459085
2024-08-09 09:42:43,87700.0,100,Buy,230459084
2024-08-09 09:42:43,87700.0,500,Buy,230459082
2024-08-09 09:42:43,87700.0,900,Buy,230459076
2024-08-09 09:42:43,87700.0,300,Buy,230459080
2024-08-09 09:42:43,87700.0,100,Buy,230459081
2024-08-09 09:42:43,87700.0,300,Buy,230459075
2024-08-09 09:42:43,87700.0,100,Buy,230459074
2024-08-09 09:42:43,87700.0,900,Buy,230459078
2024-08-09 09:42:43,87700.0,100,Buy,230459077
2024-08-09 09:42:43,87700.0,1000,Buy,230459079
2024-08-09 09:43:00,87700.0,1000,Buy,230459401
2024-08-09 09:43:33,87700.0,500,Buy,230459881
2024-08-09 09:43:54,87600.0,100,Sell,230460232
2024-08-09 09:44:10,87600.0,1000,Sell,230460498
2024-08-09 09:44:22,87600.0,100,Sell,230460731
2024-08-09 09:45:39,87600.0,900,Sell,230461985
2024-08-09 09:45:41,87600.0,100,Sell,230462022
2024-08-09 09:45:44,87600.0,100,Sell,230462071
2024-08-09 09:46:05,87700.0,400,Buy,230462456
2024-08-09 09:46:05,87700.0,100,Buy,230462457
2024-08-09 09:47:35,87600.0,100,Sell,230464167
2024-08-09 09:47:40,87700.0,200,Buy,230464269
2024-08-09 09:48:05,87600.0,100,Sell,230464769
2024-08-09 09:48:18,87600.0,300,Sell,230465034
2024-08-09 09:48:25,87600.0,900,Sell,230465174
2024-08-09 09:49:25,87600.0,100,Sell,230466437
2024-08-09 09:50:31,87600.0,100,Sell,230467859
2024-08-09 09:50:39,87700.0,3000,Buy,230468053
2024-08-09 09:50:43,87700.0,100,Buy,230468169
2024-08-09 09:50:43,87700.0,100,Buy,230468167
2024-08-09 09:50:43,87700.0,100,Buy,230468166
2024-08-09 09:50:43,87700.0,100,Buy,230468165
2024-08-09 09:50:43,87700.0,100,Buy,230468164
2024-08-09 09:50:43,87700.0,100,Buy,230468168
2024-08-09 09:50:43,87700.0,100,Buy,230468160
2024-08-09 09:50:43,87700.0,400,Buy,230468159
2024-08-09 09:50:43,87700.0,1800,Buy,230468158
2024-08-09 09:50:43,87700.0,400,Buy,230468157
2024-08-09 09:50:43,87700.0,200,Buy,230468156
2024-08-09 09:50:43,87700.0,500,Buy,230468163
2024-08-09 09:50:53,87700.0,100,Buy,230468432
2024-08-09 09:50:53,87700.0,100,Buy,230468434
2024-08-09 09:50:53,87700.0,100,Buy,230468435
2024-08-09 09:51:12,87700.0,200,Sell,230468912
2024-08-09 09:51:16,87600.0,100,Sell,230469000
2024-08-09 09:52:40,87600.0,600,Sell,230471181
2024-08-09 09:53:07,87600.0,100,Sell,230471966
2024-08-09 09:53:59,87600.0,900,Sell,230473524
2024-08-09 09:54:02,87700.0,200,Buy,230473638
2024-08-09 09:54:02,87700.0,500,Buy,230473636
2024-08-09 09:54:02,87700.0,200,Buy,230473637
2024-08-09 09:54:02,87700.0,600,Buy,230473634
2024-08-09 09:54:02,87700.0,100,Buy,230473633
2024-08-09 09:54:02,87700.0,700,Buy,230473632
2024-08-09 09:54:02,87700.0,300,Buy,230473635
2024-08-09 09:54:56,87700.0,100,Buy,230474809
2024-08-09 09:54:58,87600.0,100,Sell,230474873
2024-08-09 09:55:07,87700.0,100,Buy,230475294
2024-08-09 09:55:07,87700.0,300,Buy,230475295
2024-08-09 09:55:07,87700.0,300,Buy,230475296
2024-08-09 09:55:07,87700.0,600,Buy,230475297
2024-08-09 09:55:07,87700.0,200,Buy,230475298
2024-08-09 09:55:07,87700.0,200,Buy,230475299
2024-08-09 09:55:07,87700.0,100,Buy,230475300
2024-08-09 09:55:07,87700.0,200,Buy,230475301
2024-08-09 09:55:29,87700.0,100,Buy,230475983
2024-08-09 09:55:29,87700.0,100,Buy,230475982
2024-08-09 09:55:29,87700.0,100,Buy,230475978
2024-08-09 09:55:29,87700.0,100,Buy,230475977
2024-08-09 09:55:29,87700.0,100,Buy,230475981
2024-08-09 09:55:42,87700.0,100,Buy,230476320
2024-08-09 09:55:55,87700.0,500,Buy,230476705
2024-08-09 09:56:49,87600.0,100,Sell,230478409
2024-08-09 09:56:51,87700.0,400,Buy,230478451
2024-08-09 09:56:51,87700.0,200,Buy,230478452
2024-08-09 09:56:51,87700.0,500,Buy,230478453
2024-08-09 09:56:51,87700.0,200,Buy,230478454
2024-08-09 09:56:51,87700.0,300,Buy,230478455
2024-08-09 09:57:49,87700.0,200,Buy,230479865
2024-08-09 09:57:49,87700.0,100,Buy,230479860
2024-08-09 09:57:49,87700.0,200,Buy,230479857
2024-08-09 09:57:49,87700.0,200,Buy,230479858
2024-08-09 09:57:49,87700.0,200,Buy,230479859
2024-08-09 09:57:49,87700.0,700,Buy,230479856
2024-08-09 09:58:23,87700.0,100,Sell,230480727
2024-08-09 09:58:23,87700.0,100,Sell,230480725
2024-08-09 09:58:23,87700.0,200,Sell,230480726
2024-08-09 09:58:40,87600.0,100,Sell,230481126
2024-08-09 09:59:10,87600.0,100,Sell,230481882
2024-08-09 09:59:32,87600.0,900,Sell,230482622
2024-08-09 10:00:31,87600.0,100,Sell,230484087
2024-08-09 10:00:39,87700.0,700,Buy,230484267
2024-08-09 10:00:39,87700.0,200,Buy,230484268
2024-08-09 10:00:39,87700.0,500,Buy,230484269
2024-08-09 10:00:39,87700.0,200,Buy,230484270
2024-08-09 10:00:39,87700.0,500,Buy,230484272
2024-08-09 10:00:39,87700.0,300,Buy,230484273
2024-08-09 10:00:39,87700.0,600,Buy,230484274
2024-08-09 10:02:22,87600.0,100,Sell,230486623
2024-08-09 10:03:08,87600.0,200,Sell,230487531
2024-08-09 10:03:18,87700.0,200,Buy,230487713
2024-08-09 10:03:22,87700.0,800,Buy,230487782
2024-08-09 10:03:22,87700.0,1100,Buy,230487783
2024-08-09 10:03:22,87700.0,900,Buy,230487784
2024-08-09 10:03:22,87700.0,1100,Buy,230487785
2024-08-09 10:03:22,87700.0,1000,Buy,230487786
2024-08-09 10:04:13,87700.0,100,Sell,230488821
2024-08-09 10:05:06,87700.0,300,Sell,230489986
2024-08-09 10:05:06,87700.0,100,Sell,230489987
2024-08-09 10:05:06,87700.0,100,Sell,230489988
2024-08-09 10:05:06,87700.0,200,Sell,230489989
2024-08-09 10:05:24,87700.0,1100,Buy,230490362
2024-08-09 10:05:24,87700.0,300,Buy,230490361
2024-08-09 10:05:26,87700.0,500,Sell,230490417
2024-08-09 10:06:05,87700.0,100,Sell,230491275
2024-08-09 10:06:09,87700.0,500,Sell,230491434
2024-08-09 10:06:31,87700.0,200,Sell,230491887
2024-08-09 10:06:31,87700.0,100,Sell,230491888
2024-08-09 10:06:31,87700.0,300,Sell,230491889
2024-08-09 10:06:31,87700.0,500,Sell,230491890
2024-08-09 10:07:05,87700.0,100,Sell,230492588
2024-08-09 10:07:26,87700.0,300,Sell,230493084
2024-08-09 10:07:26,87700.0,500,Sell,230493085
2024-08-09 10:07:26,87700.0,200,Sell,230493086
2024-08-09 10:07:26,87700.0,900,Sell,230493087
2024-08-09 10:07:56,87600.0,100,Sell,230493819
2024-08-09 10:08:14,87700.0,100,Buy,230494234
2024-08-09 10:08:31,87700.0,100,Buy,230494604
2024-08-09 10:08:38,87600.0,2700,Sell,230494805
2024-08-09 10:09:41,87600.0,500,Sell,230496027
2024-08-09 10:09:47,87600.0,100,Sell,230496177
2024-08-09 10:09:50,87600.0,500,Sell,230496226
2024-08-09 10:10:13,87700.0,500,Buy,230496685
2024-08-09 10:10:13,87700.0,1600,Buy,230496684
2024-08-09 10:10:13,87700.0,300,Buy,230496683
2024-08-09 10:10:13,87700.0,1500,Buy,230496682
2024-08-09 10:10:13,87700.0,400,Buy,230496675
2024-08-09 10:10:13,87700.0,800,Buy,230496674
2024-08-09 10:10:13,87700.0,100,Buy,230496673
2024-08-09 10:10:13,87700.0,2200,Buy,230496671
2024-08-09 10:10:13,87700.0,900,Buy,230496667
2024-08-09 10:10:13,87700.0,1100,Buy,230496668
2024-08-09 10:10:13,87700.0,500,Buy,230496672
2024-08-09 10:10:13,87700.0,500,Buy,230496670
2024-08-09 10:10:13,87700.0,800,Buy,230496669
2024-08-09 10:10:14,87700.0,1700,Sell,230496694
2024-08-09 10:10:39,87700.0,900,Sell,230497212
2024-08-09 10:10:59,87700.0,600,Sell,230497571
2024-08-09 10:10:59,87700.0,200,Sell,230497575
2024-08-09 10:10:59,87700.0,1000,Sell,230497576
2024-08-09 10:10:59,87700.0,200,Sell,230497577
2024-08-09 10:11:03,87700.0,100,Sell,230497754
2024-08-09 10:11:08,87700.0,300,Sell,230497874
2024-08-09 10:11:08,87700.0,100,Sell,230497876
2024-08-09 10:11:08,87700.0,800,Sell,230497872
2024-08-09 10:11:08,87700.0,400,Sell,230497873
2024-08-09 10:11:08,87700.0,1400,Sell,230497875
2024-08-09 10:11:12,87700.0,100,Sell,230497963
2024-08-09 10:11:12,87700.0,100,Sell,230497964
2024-08-09 10:11:15,87700.0,400,Buy,230498021
2024-08-09 10:11:26,87600.0,500,Sell,230498255
2024-08-09 10:11:39,87700.0,100,Sell,230498504
2024-08-09 10:11:44,87700.0,400,Sell,230498577
2024-08-09 10:11:51,87600.0,1100,Sell,230498751
2024-08-09 10:12:12,87600.0,2000,Sell,230499105
2024-08-09 10:12:25,87600.0,2400,Sell,230499266
2024-08-09 10:13:26,87600.0,900,Sell,230500413
2024-08-09 10:13:31,87600.0,100,Sell,230500492
2024-08-09 10:14:22,87600.0,1100,Sell,230501322
2024-08-09 10:14:29,87600.0,600,Sell,230501445
2024-08-09 10:14:36,87700.0,200,Buy,230501562
2024-08-09 10:14:45,87700.0,600,Buy,230501687
2024-08-09 10:14:45,87700.0,200,Buy,230501689
2024-08-09 10:14:45,87700.0,600,Buy,230501690
2024-08-09 10:14:45,87700.0,200,Buy,230501691
2024-08-09 10:14:45,87700.0,1000,Buy,230501692
2024-08-09 10:14:45,87700.0,200,Buy,230501693
2024-08-09 10:14:45,87700.0,1000,Buy,230501694
2024-08-09 10:14:45,87700.0,1000,Buy,230501695
2024-08-09 10:15:00,87700.0,100,Sell,230501969
2024-08-09 10:15:09,87700.0,500,Sell,230502070
2024-08-09 10:15:23,87700.0,100,Sell,230502315
2024-08-09 10:16:13,87700.0,900,Sell,230503072
2024-08-09 10:16:39,87700.0,100,Sell,230503509
2024-08-09 10:16:53,87700.0,500,Sell,230503729
2024-08-09 10:17:15,87700.0,100,Sell,230504007
2024-08-09 10:18:21,87700.0,100,Sell,230505010
2024-08-09 10:18:47,87800.0,100,Buy,230505423
2024-08-09 10:19:03,87800.0,100,Buy,230505671
2024-08-09 10:19:07,87700.0,100,Sell,230505720
2024-08-09 10:20:04,87700.0,100,Sell,230506526
2024-08-09 10:20:21,87700.0,100,Sell,230506856
2024-08-09 10:20:27,87700.0,500,Sell,230506941
2024-08-09 10:20:57,87800.0,200,Buy,230507362
2024-08-09 10:20:59,87700.0,100,Sell,230507382
2024-08-09 10:21:11,87700.0,1000,Sell,230507559
2024-08-09 10:21:45,87700.0,900,Sell,230508102
2024-08-09 10:22:17,87700.0,500,Sell,230508651
2024-08-09 10:22:51,87700.0,100,Sell,230509153
2024-08-09 10:22:52,87800.0,500,Buy,230509167
2024-08-09 10:22:52,87800.0,100,Buy,230509168
2024-08-09 10:22:52,87800.0,200,Buy,230509169
2024-08-09 10:22:52,87800.0,300,Buy,230509170
2024-08-09 10:22:52,87800.0,100,Buy,230509171
2024-08-09 10:22:52,87800.0,100,Buy,230509172
2024-08-09 10:22:52,87800.0,300,Buy,230509173
2024-08-09 10:22:53,87800.0,200,Buy,230509184
2024-08-09 10:22:53,87800.0,1000,Buy,230509183
2024-08-09 10:22:53,87800.0,200,Buy,230509180
2024-08-09 10:22:53,87800.0,500,Buy,230509179
2024-08-09 10:22:53,87800.0,200,Buy,230509181
2024-08-09 10:22:53,87800.0,300,Buy,230509182
2024-08-09 10:23:51,87700.0,1000,Sell,230510134
2024-08-09 10:24:18,87700.0,500,Sell,230510625
2024-08-09 10:24:33,87700.0,900,Sell,230510858
2024-08-09 10:24:43,87700.0,100,Sell,230511055
2024-08-09 10:24:52,87700.0,300,Sell,230511164
2024-08-09 10:24:52,87700.0,100,Sell,230511165
2024-08-09 10:24:52,87700.0,500,Sell,230511166
2024-08-09 10:24:52,87700.0,100,Sell,230511167
2024-08-09 10:24:53,87700.0,100,Sell,230511184
2024-08-09 10:25:18,87700.0,200,Sell,230511657
2024-08-09 10:25:18,87700.0,500,Sell,230511655
2024-08-09 10:25:18,87700.0,200,Sell,230511654
2024-08-09 10:25:18,87700.0,100,Sell,230511656
2024-08-09 10:26:36,87700.0,100,Sell,230512946
2024-08-09 10:26:47,87700.0,200,Sell,230513218
2024-08-09 10:26:48,87700.0,100,Sell,230513237
2024-08-09 10:26:48,87700.0,900,Sell,230513238
2024-08-09 10:26:53,87700.0,100,Sell,230513401
2024-08-09 10:27:20,87700.0,700,Sell,230514003
2024-08-09 10:27:20,87700.0,300,Sell,230514004
2024-08-09 10:27:27,87700.0,100,Sell,230514170
2024-08-09 10:27:28,87700.0,100,Sell,230514175
2024-08-09 10:28:02,87800.0,100,Buy,230514697
2024-08-09 10:28:28,87700.0,100,Sell,230515038
2024-08-09 10:29:44,87700.0,400,Sell,230516088
2024-08-09 10:29:44,87700.0,400,Sell,230516086
2024-08-09 10:29:44,87700.0,200,Sell,230516087
2024-08-09 10:29:48,87700.0,100,Sell,230516156
2024-08-09 10:30:07,87700.0,100,Sell,230516447
2024-08-09 10:30:07,87700.0,100,Sell,230516448
2024-08-09 10:30:07,87700.0,100,Sell,230516449
2024-08-09 10:30:07,87700.0,600,Sell,230516450
2024-08-09 10:30:21,87700.0,100,Sell,230516636
2024-08-09 10:30:21,87700.0,100,Sell,230516642
2024-08-09 10:30:26,87700.0,5000,Sell,230516705
2024-08-09 10:30:50,87700.0,100,Sell,230517037
2024-08-09 10:31:05,87700.0,1400,Sell,230517215
2024-08-09 10:31:34,87700.0,400,Sell,230517577
2024-08-09 10:31:41,87700.0,100,Sell,230517659
2024-08-09 10:32:13,87700.0,100,Sell,230518046
2024-08-09 10:32:15,87700.0,1000,Sell,230518073
2024-08-09 10:32:23,87700.0,1000,Sell,230518207
2024-08-09 10:32:29,87700.0,100,Sell,230518267
2024-08-09 10:32:29,87700.0,100,Sell,230518268
2024-08-09 10:32:29,87700.0,100,Sell,230518269
2024-08-09 10:32:29,87700.0,100,Sell,230518270
2024-08-09 10:32:29,87700.0,200,Sell,230518271
2024-08-09 10:32:29,87700.0,100,Sell,230518272
2024-08-09 10:32:29,87700.0,100,Sell,230518273
2024-08-09 10:32:29,87700.0,100,Sell,230518274
2024-08-09 10:32:29,87700.0,100,Sell,230518275
2024-08-09 10:32:53,87700.0,300,Sell,230518539
2024-08-09 10:32:53,87700.0,200,Sell,230518537
2024-08-09 10:32:53,87700.0,200,Sell,230518538
2024-08-09 10:32:53,87700.0,200,Sell,230518536
2024-08-09 10:34:06,87700.0,100,Sell,230519386
2024-08-09 10:34:48,87700.0,100,Sell,230519982
2024-08-09 10:35:10,87800.0,3000,Buy,230520290
2024-08-09 10:35:34,87800.0,300,Buy,230520664
2024-08-09 10:35:59,87700.0,100,Sell,230520943
2024-08-09 10:36:41,87800.0,100,Buy,230521455
2024-08-09 10:36:41,87800.0,400,Buy,230521452
2024-08-09 10:36:41,87800.0,600,Buy,230521453
2024-08-09 10:36:41,87800.0,100,Buy,230521454
2024-08-09 10:37:46,87800.0,1500,Buy,230522325
2024-08-09 10:37:52,87700.0,100,Sell,230522389
2024-08-09 10:38:27,87700.0,300,Sell,230522853
2024-08-09 10:38:27,87700.0,100,Sell,230522854
2024-08-09 10:38:27,87700.0,100,Sell,230522855
2024-08-09 10:38:27,87700.0,100,Sell,230522856
2024-08-09 10:38:27,87700.0,300,Sell,230522857
2024-08-09 10:38:34,87700.0,100,Sell,230522947
2024-08-09 10:38:42,87800.0,3400,Buy,230523028
2024-08-09 10:38:42,87800.0,700,Buy,230523029
2024-08-09 10:38:42,87800.0,600,Buy,230523030
2024-08-09 10:39:03,87700.0,200,Sell,230523297
2024-08-09 10:39:21,87800.0,400,Buy,230523524
2024-08-09 10:39:21,87800.0,700,Buy,230523538
2024-08-09 10:39:34,87800.0,100,Buy,230523779
2024-08-09 10:39:44,87800.0,100,Buy,230523953
2024-08-09 10:39:44,87800.0,300,Buy,230523954
2024-08-09 10:39:44,87800.0,100,Buy,230523952
2024-08-09 10:39:45,87700.0,100,Sell,230523971
2024-08-09 10:40:01,87800.0,100,Buy,230524226
2024-08-09 10:40:01,87800.0,600,Buy,230524225
2024-08-09 10:40:01,87800.0,400,Buy,230524224
2024-08-09 10:40:01,87800.0,200,Buy,230524223
2024-08-09 10:40:01,87800.0,700,Buy,230524222
2024-08-09 10:40:01,87800.0,200,Buy,230524218
2024-08-09 10:40:01,87800.0,200,Buy,230524219
2024-08-09 10:40:01,87800.0,1100,Buy,230524217
2024-08-09 10:40:01,87800.0,200,Buy,230524221
2024-08-09 10:40:01,87800.0,200,Buy,230524215
2024-08-09 10:40:01,87800.0,100,Buy,230524216
2024-08-09 10:40:01,87800.0,200,Buy,230524207
2024-08-09 10:40:01,87800.0,100,Buy,230524208
2024-08-09 10:40:01,87800.0,200,Buy,230524209
2024-08-09 10:40:01,87800.0,100,Buy,230524210
2024-08-09 10:40:01,87800.0,300,Buy,230524220
2024-08-09 10:40:01,87800.0,600,Buy,230524212
2024-08-09 10:40:01,87800.0,100,Buy,230524213
2024-08-09 10:40:01,87800.0,100,Buy,230524214
2024-08-09 10:40:01,87800.0,300,Buy,230524211
2024-08-09 10:40:38,87800.0,100,Buy,230524760
2024-08-09 10:41:37,87800.0,1000,Buy,230525834
2024-08-09 10:41:37,87800.0,1000,Buy,230525837
2024-08-09 10:41:37,87800.0,100,Buy,230525833
2024-08-09 10:41:37,87800.0,400,Buy,230525835
2024-08-09 10:41:37,87800.0,900,Buy,230525836
2024-08-09 10:41:38,87800.0,100,Sell,230525855
2024-08-09 10:41:41,87900.0,100,Buy,230525904
2024-08-09 10:41:41,87900.0,400,Buy,230525905
2024-08-09 10:43:11,87800.0,200,Sell,230527444
2024-08-09 10:43:32,87800.0,100,Sell,230527755
2024-08-09 10:43:35,87900.0,700,Buy,230527810
2024-08-09 10:43:35,87900.0,200,Buy,230527811
2024-08-09 10:43:35,87900.0,100,Buy,230527812
2024-08-09 10:44:38,87900.0,100,Buy,230528626
2024-08-09 10:45:25,87800.0,500,Sell,230529355
2024-08-09 10:45:25,87800.0,1300,Sell,230529354
2024-08-09 10:45:25,87800.0,600,Sell,230529353
2024-08-09 10:45:25,87800.0,2500,Sell,230529352
2024-08-09 10:45:25,87800.0,100,Sell,230529351
2024-08-09 10:45:25,87800.0,100,Sell,230529348
2024-08-09 10:45:45,87800.0,1000,Sell,230529649
2024-08-09 10:45:49,87900.0,100,Buy,230529721
2024-08-09 10:45:49,87800.0,200,Sell,230529723
2024-08-09 10:45:50,87800.0,300,Sell,230529724
2024-08-09 10:45:50,87800.0,100,Sell,230529725
2024-08-09 10:45:50,87800.0,400,Sell,230529726
2024-08-09 10:46:24,87800.0,100,Sell,230530211
2024-08-09 10:46:24,87800.0,200,Sell,230530210
2024-08-09 10:46:24,87800.0,100,Sell,230530209
2024-08-09 10:46:24,87800.0,100,Sell,230530208
2024-08-09 10:46:24,87800.0,100,Sell,230530207
2024-08-09 10:46:24,87800.0,200,Sell,230530202
2024-08-09 10:46:24,87800.0,300,Sell,230530205
2024-08-09 10:46:24,87800.0,100,Sell,230530206
2024-08-09 10:46:24,87800.0,500,Sell,230530201
2024-08-09 10:46:24,87800.0,200,Sell,230530204
2024-08-09 10:46:24,87800.0,100,Sell,230530203
2024-08-09 10:46:41,87800.0,100,Sell,230530420
2024-08-09 10:46:47,87800.0,900,Sell,230530502
2024-08-09 10:47:00,87800.0,1000,Sell,230530897
2024-08-09 10:47:05,87800.0,900,Sell,230530985
2024-08-09 10:47:05,87800.0,100,Sell,230530986
2024-08-09 10:47:19,87800.0,100,Sell,230531196
2024-08-09 10:47:39,87800.0,100,Sell,230531542
2024-08-09 10:47:58,87800.0,100,Sell,230531826
2024-08-09 10:48:01,87800.0,100,Sell,230531851
2024-08-09 10:48:01,87800.0,100,Sell,230531852
2024-08-09 10:48:01,87800.0,300,Sell,230531853
2024-08-09 10:48:05,87800.0,100,Sell,230531919
2024-08-09 10:48:05,87800.0,400,Sell,230531921
2024-08-09 10:48:05,87800.0,2000,Sell,230531920
2024-08-09 10:48:05,87800.0,400,Sell,230531918
2024-08-09 10:48:05,87800.0,200,Sell,230531916
2024-08-09 10:48:05,87800.0,200,Sell,230531913
2024-08-09 10:48:05,87800.0,400,Sell,230531917
2024-08-09 10:48:05,87800.0,200,Sell,230531915
2024-08-09 10:48:05,87800.0,100,Sell,230531914
2024-08-09 10:48:23,87800.0,100,Sell,230532273
2024-08-09 10:48:28,87800.0,100,Sell,230532388
2024-08-09 10:49:12,87700.0,100,Sell,230533296
2024-08-09 10:49:18,87700.0,100,Sell,230533506
2024-08-09 10:49:18,87700.0,100,Sell,230533507
2024-08-09 10:49:18,87700.0,900,Sell,230533508
2024-08-09 10:49:29,87700.0,100,Sell,230533749
2024-08-09 10:49:29,87700.0,300,Sell,230533747
2024-08-09 10:49:29,87700.0,200,Sell,230533748
2024-08-09 10:49:29,87700.0,200,Sell,230533745
2024-08-09 10:49:29,87700.0,200,Sell,230533744
2024-08-09 10:49:29,87700.0,100,Sell,230533746
2024-08-09 10:49:34,87700.0,200,Sell,230533859
2024-08-09 10:49:34,87700.0,200,Sell,230533860
2024-08-09 10:49:34,87700.0,200,Sell,230533861
2024-08-09 10:49:34,87700.0,100,Sell,230533862
2024-08-09 10:49:34,87700.0,100,Sell,230533863
2024-08-09 10:49:34,87700.0,100,Sell,230533864
2024-08-09 10:49:34,87700.0,100,Sell,230533865
2024-08-09 10:49:50,87800.0,200,Buy,230534210
2024-08-09 10:49:50,87800.0,800,Buy,230534209
2024-08-09 10:49:50,87800.0,100,Buy,230534207
2024-08-09 10:49:50,87800.0,100,Buy,230534208
2024-08-09 10:49:50,87800.0,200,Buy,230534202
2024-08-09 10:49:50,87800.0,300,Buy,230534198
2024-08-09 10:49:50,87800.0,200,Buy,230534203
2024-08-09 10:49:50,87800.0,100,Buy,230534201
2024-08-09 10:49:52,87700.0,200,Sell,230534296
2024-08-09 10:49:52,87700.0,100,Sell,230534297
2024-08-09 10:49:53,87700.0,100,Sell,230534302
2024-08-09 10:49:53,87700.0,200,Sell,230534303
2024-08-09 10:49:53,87700.0,100,Sell,230534304
2024-08-09 10:49:53,87700.0,200,Sell,230534305
2024-08-09 10:49:53,87700.0,200,Sell,230534306
2024-08-09 10:50:38,87700.0,100,Sell,230535168
2024-08-09 10:50:38,87700.0,100,Sell,230535169
2024-08-09 10:51:06,87700.0,100,Sell,230535629
2024-08-09 10:51:28,87700.0,800,Sell,230536078
2024-08-09 10:51:28,87700.0,200,Sell,230536076
2024-08-09 10:51:28,87700.0,100,Sell,230536077
2024-08-09 10:51:41,87700.0,100,Sell,230536266
2024-08-09 10:51:41,87700.0,100,Sell,230536267
2024-08-09 10:51:41,87700.0,200,Sell,230536268
2024-08-09 10:51:41,87700.0,200,Sell,230536269
2024-08-09 10:52:10,87700.0,700,Sell,230536764
2024-08-09 10:52:10,87700.0,100,Sell,230536765
2024-08-09 10:52:10,87700.0,200,Sell,230536766
2024-08-09 10:52:10,87700.0,100,Sell,230536767
2024-08-09 10:52:20,87700.0,100,Sell,230536992
2024-08-09 10:52:20,87700.0,200,Sell,230536991
2024-08-09 10:52:20,87700.0,200,Sell,230536989
2024-08-09 10:52:20,87700.0,200,Sell,230536990
2024-08-09 10:52:20,87700.0,200,Sell,230536988
2024-08-09 10:52:25,87700.0,100,Sell,230537124
2024-08-09 10:52:25,87700.0,200,Sell,230537125
2024-08-09 10:52:25,87700.0,200,Sell,230537126
2024-08-09 10:52:25,87700.0,100,Sell,230537127
2024-08-09 10:52:25,87700.0,100,Sell,230537128
2024-08-09 10:52:25,87700.0,100,Sell,230537129
2024-08-09 10:52:25,87700.0,100,Sell,230537130
2024-08-09 10:52:25,87700.0,2400,Sell,230537131
2024-08-09 10:52:52,87700.0,1100,Sell,230537626
2024-08-09 10:52:54,87700.0,600,Sell,230537690
2024-08-09 10:53:00,87700.0,100,Sell,230537777
2024-08-09 10:53:16,87700.0,2000,Sell,230538008
2024-08-09 10:53:23,87700.0,1000,Sell,230538114
2024-08-09 10:53:30,87700.0,300,Sell,230538349
2024-08-09 10:53:30,87700.0,200,Sell,230538352
2024-08-09 10:53:30,87700.0,100,Sell,230538350
2024-08-09 10:53:30,87700.0,300,Sell,230538348
2024-08-09 10:53:30,87700.0,100,Sell,230538351
2024-08-09 10:53:30,87700.0,100,Sell,230538345
2024-08-09 10:53:30,87700.0,900,Sell,230538344
2024-08-09 10:53:30,87700.0,400,Sell,230538343
2024-08-09 10:53:30,87700.0,1100,Sell,230538341
2024-08-09 10:53:30,87700.0,400,Sell,230538342
2024-08-09 10:53:30,87700.0,100,Sell,230538346
2024-08-09 10:53:42,87700.0,100,Sell,230538585
2024-08-09 10:53:42,87700.0,100,Sell,230538586
2024-08-09 10:53:42,87700.0,100,Sell,230538587
2024-08-09 10:53:42,87700.0,200,Sell,230538588
2024-08-09 10:53:51,87700.0,1000,Sell,230538737
2024-08-09 10:54:36,87700.0,100,Sell,230539516
2024-08-09 10:54:54,87700.0,100,Sell,230539769
2024-08-09 10:55:01,87700.0,300,Sell,230539895
2024-08-09 10:55:07,87700.0,200,Sell,230539990
2024-08-09 10:55:07,87700.0,200,Sell,230539989
2024-08-09 10:55:07,87700.0,200,Sell,230539986
2024-08-09 10:55:07,87700.0,100,Sell,230539987
2024-08-09 10:55:07,87700.0,200,Sell,230539988
2024-08-09 10:55:08,87800.0,100,Buy,230540016
2024-08-09 10:55:09,87700.0,100,Sell,230540037
2024-08-09 10:55:09,87700.0,200,Sell,230540042
2024-08-09 10:55:09,87700.0,4000,Sell,230540041
2024-08-09 10:55:09,87700.0,100,Sell,230540040
2024-08-09 10:55:09,87700.0,100,Sell,230540039
2024-08-09 10:55:09,87700.0,200,Sell,230540038
2024-08-09 10:55:09,87700.0,300,Sell,230540036
2024-08-09 10:55:09,87700.0,100,Sell,230540044
2024-08-09 10:55:09,87700.0,200,Sell,230540034
2024-08-09 10:55:09,87700.0,900,Sell,230540035
2024-08-09 10:55:09,87700.0,100,Sell,230540028
2024-08-09 10:55:09,87700.0,100,Sell,230540029
2024-08-09 10:55:09,87700.0,400,Sell,230540043
2024-08-09 10:55:09,87700.0,900,Sell,230540031
2024-08-09 10:55:09,87700.0,100,Sell,230540032
2024-08-09 10:55:09,87700.0,200,Sell,230540033
2024-08-09 10:55:09,87700.0,200,Sell,230540030
2024-08-09 10:55:50,87600.0,800,Sell,230540632
2024-08-09 10:56:48,87600.0,100,Sell,230541420
2024-08-09 10:57:08,87600.0,1100,Sell,230541627
2024-08-09 10:57:17,87600.0,500,Sell,230541733
2024-08-09 10:57:54,87600.0,900,Sell,230542293
2024-08-09 10:57:55,87600.0,600,Sell,230542319
2024-08-09 10:58:16,87700.0,1500,Buy,230542600
2024-08-09 10:58:42,87600.0,100,Sell,230542922
2024-08-09 10:59:33,87600.0,300,Sell,230543601
2024-08-09 11:00:02,87700.0,200,Buy,230544061
2024-08-09 11:00:02,87700.0,200,Buy,230544060
2024-08-09 11:00:02,87700.0,900,Buy,230544058
2024-08-09 11:00:02,87700.0,100,Buy,230544051
2024-08-09 11:00:02,87700.0,100,Buy,230544059
2024-08-09 11:00:02,87700.0,300,Buy,230544050
2024-08-09 11:00:03,87700.0,200,Buy,230544065
2024-08-09 11:00:14,87700.0,100,Buy,230544194
2024-08-09 11:00:29,87700.0,100,Buy,230544411
2024-08-09 11:00:37,87600.0,100,Sell,230544453
2024-08-09 11:00:41,87600.0,900,Sell,230544661
2024-08-09 11:00:54,87700.0,100,Buy,230544821
2024-08-09 11:01:08,87700.0,100,Buy,230544968
2024-08-09 11:02:09,87700.0,100,Buy,230545819
2024-08-09 11:02:17,87700.0,200,Buy,230545918
2024-08-09 11:02:24,87700.0,600,Buy,230545995
2024-08-09 11:02:31,87600.0,100,Sell,230546070
2024-08-09 11:03:17,87600.0,1100,Sell,230546661
2024-08-09 11:03:28,87600.0,900,Sell,230546790
2024-08-09 11:04:25,87600.0,100,Sell,230547658
2024-08-09 11:06:10,87600.0,1000,Sell,230549206
2024-08-09 11:06:14,87600.0,900,Sell,230549260
2024-08-09 11:06:20,87600.0,100,Sell,230549366
2024-08-09 11:06:27,87600.0,100,Sell,230549452
2024-08-09 11:07:09,87600.0,1000,Sell,230549992
2024-08-09 11:07:10,87600.0,1000,Sell,230550014
2024-08-09 11:07:42,87600.0,1000,Sell,230550402
2024-08-09 11:08:15,87600.0,100,Sell,230550848
2024-08-09 11:09:01,87600.0,900,Sell,230551407
2024-08-09 11:09:11,87700.0,100,Buy,230551556
2024-08-09 11:09:11,87700.0,100,Buy,230551555
2024-08-09 11:09:11,87700.0,200,Buy,230551554
2024-08-09 11:09:11,87700.0,500,Buy,230551553
2024-08-09 11:09:11,87700.0,300,Buy,230551547
2024-08-09 11:09:11,87700.0,100,Buy,230551551
2024-08-09 11:09:11,87700.0,200,Buy,230551546
2024-08-09 11:09:11,87700.0,400,Buy,230551552
2024-08-09 11:09:11,87700.0,100,Buy,230551545
2024-08-09 11:10:00,87600.0,200,Sell,230552348
2024-08-09 11:10:11,87600.0,100,Sell,230552519
2024-08-09 11:10:25,87600.0,100,Sell,230552821
2024-08-09 11:11:16,87600.0,100,Sell,230553539
2024-08-09 11:11:48,87600.0,1000,Sell,230553968
2024-08-09 11:12:05,87600.0,100,Sell,230554231
2024-08-09 11:12:14,87600.0,1100,Sell,230554353
2024-08-09 11:12:50,87700.0,300,Buy,230554802
2024-08-09 11:12:50,87700.0,200,Buy,230554801
2024-08-09 11:12:50,87700.0,100,Buy,230554808
2024-08-09 11:12:50,87700.0,100,Buy,230554807
2024-08-09 11:12:50,87700.0,200,Buy,230554804
2024-08-09 11:12:50,87700.0,200,Buy,230554803
2024-08-09 11:12:50,87700.0,900,Buy,230554806
2024-08-09 11:12:51,87600.0,200,Sell,230554822
2024-08-09 11:13:33,87600.0,1000,Sell,230555362
2024-08-09 11:14:00,87600.0,100,Sell,230555613
2024-08-09 11:14:24,87600.0,100,Sell,230555933
2024-08-09 11:14:35,87600.0,900,Sell,230556074
2024-08-09 11:14:49,87700.0,100,Buy,230556284
2024-08-09 11:15:57,87600.0,100,Sell,230557257
2024-08-09 11:16:23,87600.0,300,Sell,230557554
2024-08-09 11:17:21,87600.0,900,Sell,230558200
2024-08-09 11:17:51,87600.0,100,Sell,230558699
2024-08-09 11:18:21,87600.0,100,Sell,230558996
2024-08-09 11:19:46,87600.0,100,Sell,230560057
2024-08-09 11:20:08,87600.0,900,Sell,230560252
2024-08-09 11:20:43,87700.0,100,Buy,230560665
2024-08-09 11:20:43,87700.0,100,Buy,230560666
2024-08-09 11:21:42,87600.0,100,Sell,230561324
2024-08-09 11:22:19,87600.0,100,Sell,230561731
2024-08-09 11:22:34,87600.0,1000,Sell,230561889
2024-08-09 11:22:47,87700.0,100,Buy,230562011
2024-08-09 11:22:47,87700.0,200,Buy,230562014
2024-08-09 11:22:47,87700.0,200,Buy,230562010
2024-08-09 11:22:47,87700.0,100,Buy,230562008
2024-08-09 11:22:47,87700.0,900,Buy,230562006
2024-08-09 11:22:47,87700.0,100,Buy,230562005
2024-08-09 11:22:47,87700.0,200,Buy,230562004
2024-08-09 11:22:47,87700.0,200,Buy,230562009
2024-08-09 11:23:38,87600.0,100,Sell,230562559
2024-08-09 11:25:22,87700.0,300,Buy,230563659
2024-08-09 11:25:22,87700.0,200,Buy,230563660
2024-08-09 11:25:33,87600.0,100,Sell,230563825
2024-08-09 11:25:42,87600.0,900,Sell,230563884
2024-08-09 11:25:45,87700.0,200,Buy,230563953
2024-08-09 11:25:45,87700.0,100,Buy,230563952
2024-08-09 11:25:45,87700.0,200,Buy,230563949
2024-08-09 11:25:45,87700.0,400,Buy,230563946
2024-08-09 11:25:45,87700.0,500,Buy,230563947
2024-08-09 11:25:45,87700.0,300,Buy,230563945
2024-08-09 11:25:45,87700.0,100,Buy,230563944
2024-08-09 11:25:45,87700.0,200,Buy,230563948
2024-08-09 11:27:29,87600.0,100,Sell,230565327
2024-08-09 11:28:28,87600.0,900,Sell,230565936
2024-08-09 12:59:37,87700.0,500,Buy,230566850
2024-08-09 12:59:38,87600.0,100,Sell,230567153
2024-08-09 12:59:40,87600.0,1000,Sell,230568113
2024-08-09 12:59:41,87600.0,1000,Sell,230568484
2024-08-09 12:59:46,87700.0,100,Buy,230569311
2024-08-09 12:59:46,87700.0,100,Buy,230569312
2024-08-09 12:59:46,87700.0,100,Buy,230569330
2024-08-09 12:59:46,87700.0,1000,Buy,230569331
2024-08-09 12:59:46,87700.0,200,Buy,230569332
2024-08-09 12:59:46,87700.0,200,Buy,230569333
2024-08-09 12:59:46,87700.0,1000,Buy,230569334
2024-08-09 12:59:47,87700.0,700,Buy,230569355
2024-08-09 12:59:47,87700.0,100,Buy,230569356
2024-08-09 13:00:40,87600.0,100,Sell,230571276
2024-08-09 13:00:46,87700.0,100,Buy,230571382
2024-08-09 13:00:46,87700.0,300,Buy,230571383
2024-08-09 13:00:46,87700.0,100,Buy,230571380
2024-08-09 13:00:46,87700.0,1000,Buy,230571381
2024-08-09 13:00:55,87700.0,1700,Buy,230571512
2024-08-09 13:00:55,87700.0,100,Buy,230571513
2024-08-09 13:00:55,87700.0,700,Buy,230571514
2024-08-09 13:01:00,87600.0,100,Sell,230571710
2024-08-09 13:01:00,87600.0,100,Sell,230571711
2024-08-09 13:01:00,87600.0,100,Sell,230571712
2024-08-09 13:01:00,87600.0,100,Sell,230571713
2024-08-09 13:01:00,87600.0,200,Sell,230571696
2024-08-09 13:01:00,87600.0,100,Sell,230571709
2024-08-09 13:01:00,87600.0,400,Sell,230571715
2024-08-09 13:01:00,87600.0,100,Sell,230571716
2024-08-09 13:01:00,87600.0,200,Sell,230571717
2024-08-09 13:01:00,87600.0,100,Sell,230571718
2024-08-09 13:01:00,87600.0,300,Sell,230571714
2024-08-09 13:01:00,87600.0,200,Sell,230571708
2024-08-09 13:01:00,87600.0,100,Sell,230571705
2024-08-09 13:01:00,87600.0,100,Sell,230571706
2024-08-09 13:01:00,87600.0,100,Sell,230571704
2024-08-09 13:01:00,87600.0,300,Sell,230571703
2024-08-09 13:01:00,87600.0,200,Sell,230571702
2024-08-09 13:01:00,87600.0,100,Sell,230571719
2024-08-09 13:01:00,87600.0,100,Sell,230571701
2024-08-09 13:01:00,87600.0,100,Sell,230571700
2024-08-09 13:01:00,87600.0,200,Sell,230571699
2024-08-09 13:01:00,87600.0,500,Sell,230571698
2024-08-09 13:01:00,87600.0,100,Sell,230571697
2024-08-09 13:01:00,87600.0,100,Sell,230571707
2024-08-09 13:01:00,87600.0,100,Sell,230571720
2024-08-09 13:01:00,87600.0,400,Sell,230571685
2024-08-09 13:01:00,87600.0,300,Sell,230571722
2024-08-09 13:01:00,87600.0,100,Sell,230571695
2024-08-09 13:01:00,87600.0,900,Sell,230571748
2024-08-09 13:01:00,87600.0,100,Sell,230571747
2024-08-09 13:01:00,87600.0,100,Sell,230571746
2024-08-09 13:01:00,87600.0,100,Sell,230571745
2024-08-09 13:01:00,87600.0,1000,Sell,230571744
2024-08-09 13:01:00,87600.0,1200,Sell,230571743
2024-08-09 13:01:00,87600.0,400,Sell,230571742
2024-08-09 13:01:00,87600.0,400,Sell,230571741
2024-08-09 13:01:00,87600.0,100,Sell,230571740
2024-08-09 13:01:00,87600.0,300,Sell,230571739
2024-08-09 13:01:00,87600.0,400,Sell,230571738
2024-08-09 13:01:00,87600.0,200,Sell,230571721
2024-08-09 13:01:00,87600.0,300,Sell,230571737
2024-08-09 13:01:00,87600.0,900,Sell,230571735
2024-08-09 13:01:00,87600.0,100,Sell,230571733
2024-08-09 13:01:00,87600.0,200,Sell,230571732
2024-08-09 13:01:00,87600.0,200,Sell,230571731
2024-08-09 13:01:00,87600.0,200,Sell,230571730
2024-08-09 13:01:00,87600.0,300,Sell,230571729
2024-08-09 13:01:00,87600.0,100,Sell,230571728
2024-08-09 13:01:00,87600.0,400,Sell,230571727
2024-08-09 13:01:00,87600.0,400,Sell,230571726
2024-08-09 13:01:00,87600.0,300,Sell,230571725
2024-08-09 13:01:00,87600.0,400,Sell,230571724
2024-08-09 13:01:00,87600.0,500,Sell,230571723
2024-08-09 13:01:00,87600.0,100,Sell,230571736
2024-08-09 13:01:00,87600.0,100,Sell,230571694
2024-08-09 13:01:00,87600.0,500,Sell,230571683
2024-08-09 13:01:00,87600.0,100,Sell,230571692
2024-08-09 13:01:00,87600.0,200,Sell,230571660
2024-08-09 13:01:00,87600.0,900,Sell,230571659
2024-08-09 13:01:00,87600.0,100,Sell,230571658
2024-08-09 13:01:00,87600.0,200,Sell,230571657
2024-08-09 13:01:00,87600.0,100,Sell,230571656
2024-08-09 13:01:00,87600.0,100,Sell,230571655
2024-08-09 13:01:00,87600.0,300,Sell,230571654
2024-08-09 13:01:00,87600.0,300,Sell,230571653
2024-08-09 13:01:00,87600.0,100,Sell,230571649
2024-08-09 13:01:00,87600.0,100,Sell,230571648
2024-08-09 13:01:00,87600.0,300,Sell,230571647
2024-08-09 13:01:00,87600.0,300,Sell,230571661
2024-08-09 13:01:00,87600.0,100,Sell,230571646
2024-08-09 13:01:00,87600.0,200,Sell,230571644
2024-08-09 13:01:00,87600.0,200,Sell,230571643
2024-08-09 13:01:00,87600.0,100,Sell,230571642
2024-08-09 13:01:00,87600.0,300,Sell,230571641
2024-08-09 13:01:00,87600.0,200,Sell,230571640
2024-08-09 13:01:00,87600.0,100,Sell,230571639
2024-08-09 13:01:00,87600.0,300,Sell,230571638
2024-08-09 13:01:00,87600.0,300,Sell,230571637
2024-08-09 13:01:00,87600.0,100,Sell,230571693
2024-08-09 13:01:00,87600.0,300,Sell,230571635
2024-08-09 13:01:00,87600.0,2700,Sell,230571634
2024-08-09 13:01:00,87600.0,900,Sell,230571645
2024-08-09 13:01:00,87600.0,200,Sell,230571662
2024-08-09 13:01:00,87600.0,300,Sell,230571636
2024-08-09 13:01:00,87600.0,200,Sell,230571664
2024-08-09 13:01:00,87600.0,100,Sell,230571663
2024-08-09 13:01:00,87600.0,100,Sell,230571691
2024-08-09 13:01:00,87600.0,200,Sell,230571690
2024-08-09 13:01:00,87600.0,100,Sell,230571689
2024-08-09 13:01:00,87600.0,300,Sell,230571688
2024-08-09 13:01:00,87600.0,100,Sell,230571687
2024-08-09 13:01:00,87600.0,1800,Sell,230571684
2024-08-09 13:01:00,87600.0,500,Sell,230571682
2024-08-09 13:01:00,87600.0,200,Sell,230571681
2024-08-09 13:01:00,87600.0,200,Sell,230571680
2024-08-09 13:01:00,87600.0,400,Sell,230571679
2024-08-09 13:01:00,87600.0,200,Sell,230571678
2024-08-09 13:01:00,87600.0,100,Sell,230571686
2024-08-09 13:01:00,87600.0,200,Sell,230571676
2024-08-09 13:01:00,87600.0,100,Sell,230571675
2024-08-09 13:01:00,87600.0,200,Sell,230571674
2024-08-09 13:01:00,87600.0,200,Sell,230571673
2024-08-09 13:01:00,87600.0,900,Sell,230571672
2024-08-09 13:01:00,87600.0,300,Sell,230571671
2024-08-09 13:01:00,87600.0,900,Sell,230571665
2024-08-09 13:01:00,87600.0,100,Sell,230571670
2024-08-09 13:01:00,87600.0,200,Sell,230571669
2024-08-09 13:01:00,87600.0,300,Sell,230571668
2024-08-09 13:01:00,87600.0,200,Sell,230571667
2024-08-09 13:01:00,87600.0,100,Sell,230571666
2024-08-09 13:01:00,87600.0,200,Sell,230571677
2024-08-09 13:01:33,87500.0,100,Sell,230572365
2024-08-09 13:02:29,87500.0,100,Sell,230573740
2024-08-09 13:02:39,87500.0,100,Sell,230573955
2024-08-09 13:02:39,87500.0,100,Sell,230573956
2024-08-09 13:02:39,87500.0,800,Sell,230573954
2024-08-09 13:02:55,87500.0,200,Sell,230574326
2024-08-09 13:02:55,87500.0,200,Sell,230574327
2024-08-09 13:02:55,87500.0,100,Sell,230574328
2024-08-09 13:02:55,87500.0,200,Sell,230574329
2024-08-09 13:03:17,87500.0,100,Sell,230574995
2024-08-09 13:03:17,87500.0,200,Sell,230574994
2024-08-09 13:03:17,87500.0,100,Sell,230574992
2024-08-09 13:03:17,87500.0,100,Sell,230574993
2024-08-09 13:03:17,87500.0,100,Sell,230574991
2024-08-09 13:03:17,87500.0,200,Sell,230574986
2024-08-09 13:03:17,87500.0,100,Sell,230574989
2024-08-09 13:03:17,87500.0,200,Sell,230574984
2024-08-09 13:03:17,87500.0,700,Sell,230574985
2024-08-09 13:03:17,87500.0,1000,Sell,230574990
2024-08-09 13:03:17,87500.0,100,Sell,230574988
2024-08-09 13:03:17,87500.0,100,Sell,230574987
2024-08-09 13:03:18,87500.0,200,Sell,230575022
2024-08-09 13:03:18,87500.0,200,Sell,230575023
2024-08-09 13:03:18,87500.0,500,Sell,230575024
2024-08-09 13:03:18,87500.0,400,Sell,230575026
2024-08-09 13:03:18,87500.0,100,Sell,230575027
2024-08-09 13:03:18,87500.0,200,Sell,230575028
2024-08-09 13:03:18,87500.0,500,Sell,230575029
2024-08-09 13:03:18,87500.0,200,Sell,230575030
2024-08-09 13:03:18,87500.0,200,Sell,230575031
2024-08-09 13:03:18,87500.0,2500,Sell,230575025
2024-08-09 13:03:26,87500.0,100,Sell,230575221
2024-08-09 13:04:03,87500.0,1000,Buy,230576208
2024-08-09 13:04:03,87500.0,900,Buy,230576209
2024-08-09 13:04:11,87500.0,100,Sell,230576416
2024-08-09 13:04:23,87500.0,100,Sell,230576673
2024-08-09 13:04:24,87500.0,500,Sell,230576698
2024-08-09 13:05:19,87500.0,100,Sell,230577914
2024-08-09 13:05:57,87600.0,1000,Buy,230578784
2024-08-09 13:05:57,87600.0,2000,Buy,230578790
2024-08-09 13:06:16,87500.0,100,Sell,230579217
2024-08-09 13:06:49,87500.0,500,Sell,230579841
2024-08-09 13:06:49,87500.0,500,Sell,230579842
2024-08-09 13:06:49,87600.0,100,Buy,230579844
2024-08-09 13:07:02,87600.0,100,Buy,230580079
2024-08-09 13:07:13,87500.0,100,Sell,230580268
2024-08-09 13:07:13,87600.0,100,Buy,230580269
2024-08-09 13:07:20,87600.0,3300,Buy,230580451
2024-08-09 13:07:59,87600.0,1000,Buy,230581348
2024-08-09 13:07:59,87600.0,900,Buy,230581349
2024-08-09 13:07:59,87600.0,1000,Buy,230581351
2024-08-09 13:07:59,87600.0,1000,Buy,230581350
2024-08-09 13:07:59,87600.0,400,Buy,230581352
2024-08-09 13:08:09,87600.0,100,Sell,230581615
2024-08-09 13:08:10,87600.0,100,Sell,230581645
2024-08-09 13:08:32,87700.0,100,Buy,230582113
2024-08-09 13:08:32,87700.0,1000,Buy,230582114
2024-08-09 13:08:33,87600.0,600,Sell,230582148
2024-08-09 13:08:59,87700.0,100,Buy,230582877
2024-08-09 13:08:59,87700.0,600,Buy,230582878
2024-08-09 13:08:59,87700.0,300,Buy,230582875
2024-08-09 13:08:59,87700.0,100,Buy,230582876
2024-08-09 13:09:04,87700.0,900,Buy,230582999
2024-08-09 13:09:07,87600.0,100,Sell,230583103
2024-08-09 13:09:12,87700.0,1100,Buy,230583276
2024-08-09 13:09:20,87700.0,4400,Buy,230583419
2024-08-09 13:09:20,87700.0,1400,Buy,230583422
2024-08-09 13:09:20,87700.0,200,Buy,230583421
2024-08-09 13:09:20,87700.0,1000,Buy,230583420
2024-08-09 13:09:20,87700.0,200,Buy,230583418
2024-08-09 13:09:20,87700.0,1300,Buy,230583413
2024-08-09 13:09:20,87700.0,200,Buy,230583416
2024-08-09 13:09:20,87700.0,1000,Buy,230583415
2024-08-09 13:09:20,87700.0,500,Buy,230583414
2024-08-09 13:09:20,87700.0,1000,Buy,230583417
2024-08-09 13:09:20,87700.0,600,Buy,230583412
2024-08-09 13:09:37,87700.0,1000,Buy,230583859
2024-08-09 13:10:04,87600.0,100,Sell,230584835
2024-08-09 13:11:01,87600.0,100,Sell,230586180
2024-08-09 13:11:19,87600.0,1000,Sell,230586601
2024-08-09 13:11:57,87600.0,1000,Sell,230587419
2024-08-09 13:11:59,87600.0,100,Sell,230587442
2024-08-09 13:12:05,87600.0,100,Sell,230587604
2024-08-09 13:12:21,87700.0,100,Buy,230587876
2024-08-09 13:12:21,87600.0,900,Sell,230587885
2024-08-09 13:12:53,87700.0,2500,Buy,230588444
2024-08-09 13:12:53,87700.0,300,Buy,230588445
2024-08-09 13:12:53,87700.0,900,Buy,230588446
2024-08-09 13:12:53,87700.0,1000,Buy,230588447
2024-08-09 13:12:53,87700.0,1000,Buy,230588448
2024-08-09 13:12:53,87700.0,600,Buy,230588449
2024-08-09 13:12:53,87700.0,2600,Buy,230588450
2024-08-09 13:12:53,87700.0,1300,Buy,230588451
2024-08-09 13:12:53,87700.0,500,Buy,230588452
2024-08-09 13:12:54,87700.0,300,Sell,230588463
2024-08-09 13:12:54,87600.0,700,Sell,230588464
2024-08-09 13:12:56,87600.0,100,Sell,230588531
2024-08-09 13:13:17,87700.0,600,Buy,230589035
2024-08-09 13:13:17,87700.0,2600,Buy,230589036
2024-08-09 13:13:17,87700.0,1300,Buy,230589037
2024-08-09 13:13:17,87700.0,500,Buy,230589038
2024-08-09 13:13:17,87700.0,1000,Buy,230589039
2024-08-09 13:13:18,87700.0,1000,Sell,230589067
2024-08-09 13:13:40,87700.0,600,Sell,230589557
2024-08-09 13:13:45,87800.0,100,Buy,230589668
2024-08-09 13:13:45,87800.0,7200,Buy,230589670
2024-08-09 13:13:45,87800.0,100,Buy,230589669
2024-08-09 13:13:45,87800.0,300,Buy,230589667
2024-08-09 13:13:45,87800.0,400,Buy,230589661
2024-08-09 13:13:45,87800.0,200,Buy,230589665
2024-08-09 13:13:45,87800.0,300,Buy,230589662
2024-08-09 13:13:45,87800.0,5900,Buy,230589666
2024-08-09 13:13:45,87800.0,1000,Buy,230589664
2024-08-09 13:13:45,87800.0,500,Buy,230589663
2024-08-09 13:13:54,87700.0,100,Sell,230589931
2024-08-09 13:13:59,87800.0,200,Buy,230590099
2024-08-09 13:14:26,87900.0,400,Buy,230590718
2024-08-09 13:14:26,87900.0,700,Buy,230590719
2024-08-09 13:14:52,87800.0,100,Sell,230591349
2024-08-09 13:15:09,87800.0,100,Buy,230591727
2024-08-09 13:15:09,87800.0,100,Sell,230591722
2024-08-09 13:15:09,87800.0,400,Sell,230591721
2024-08-09 13:15:09,87800.0,200,Sell,230591720
2024-08-09 13:15:20,87800.0,100,Buy,230592061
2024-08-09 13:15:25,87800.0,800,Sell,230592250
2024-08-09 13:15:49,87800.0,100,Sell,230593026
2024-08-09 13:16:02,87800.0,800,Sell,230593282
2024-08-09 13:16:02,87800.0,400,Sell,230593283
2024-08-09 13:16:02,87800.0,1500,Sell,230593285
2024-08-09 13:16:02,87800.0,300,Sell,230593286
2024-08-09 13:16:04,87800.0,100,Sell,230593313
2024-08-09 13:16:08,87800.0,200,Sell,230593439
2024-08-09 13:16:11,87800.0,100,Sell,230593585
2024-08-09 13:16:39,87900.0,300,Buy,230594314
2024-08-09 13:16:39,87900.0,200,Buy,230594313
2024-08-09 13:16:47,87800.0,100,Sell,230594462
2024-08-09 13:17:03,87800.0,2200,Sell,230594851
2024-08-09 13:17:44,87800.0,100,Sell,230596199
2024-08-09 13:17:56,87800.0,500,Sell,230596505
2024-08-09 13:17:56,87800.0,200,Sell,230596506
2024-08-09 13:17:56,87800.0,100,Sell,230596507
2024-08-09 13:17:56,87800.0,100,Sell,230596508
2024-08-09 13:18:24,87900.0,900,Buy,230597307
2024-08-09 13:18:24,87900.0,900,Buy,230597308
2024-08-09 13:18:25,87900.0,600,Buy,230597318
2024-08-09 13:18:25,87900.0,200,Buy,230597316
2024-08-09 13:18:25,87900.0,100,Buy,230597317
2024-08-09 13:18:42,87800.0,100,Sell,230597969
2024-08-09 13:19:18,87900.0,100,Buy,230599021
2024-08-09 13:19:18,87900.0,5000,Buy,230599035
2024-08-09 13:19:18,87900.0,300,Buy,230599029
2024-08-09 13:19:18,87900.0,100,Buy,230599028
2024-08-09 13:19:18,87900.0,100,Buy,230599026
2024-08-09 13:19:18,87900.0,1000,Buy,230599025
2024-08-09 13:19:18,87900.0,100,Buy,230599024
2024-08-09 13:19:18,87900.0,100,Buy,230599023
2024-08-09 13:19:18,87900.0,100,Buy,230599022
2024-08-09 13:19:18,87900.0,100,Buy,230599020
2024-08-09 13:19:18,87900.0,200,Buy,230599027
2024-08-09 13:19:18,87900.0,500,Buy,230599018
2024-08-09 13:19:18,87900.0,100,Buy,230599019
2024-08-09 13:19:18,87900.0,100,Buy,230599010
2024-08-09 13:19:18,87900.0,100,Buy,230599012
2024-08-09 13:19:18,87900.0,4400,Buy,230599009
2024-08-09 13:19:18,87900.0,100,Buy,230599011
2024-08-09 13:19:18,87900.0,900,Buy,230599014
2024-08-09 13:19:18,87900.0,2600,Buy,230599015
2024-08-09 13:19:18,87900.0,600,Buy,230599016
2024-08-09 13:19:18,87900.0,1300,Buy,230599017
2024-08-09 13:19:18,87900.0,100,Buy,230599013
2024-08-09 13:19:40,87900.0,100,Sell,230599856
2024-08-09 13:19:54,87900.0,500,Sell,230600370
2024-08-09 13:19:55,88000.0,200,Buy,230600447
2024-08-09 13:19:55,88000.0,900,Buy,230600448
2024-08-09 13:19:57,88000.0,200,Buy,230600505
2024-08-09 13:19:57,88000.0,200,Buy,230600504
2024-08-09 13:19:57,88000.0,100,Buy,230600501
2024-08-09 13:19:57,88000.0,200,Buy,230600502
2024-08-09 13:19:57,88000.0,100,Buy,230600500
2024-08-09 13:19:57,88000.0,200,Buy,230600503
2024-08-09 13:19:58,88000.0,300,Buy,230600589
2024-08-09 13:19:58,88000.0,200,Buy,230600590
2024-08-09 13:19:58,88000.0,100,Buy,230600591
2024-08-09 13:19:58,88000.0,100,Buy,230600592
2024-08-09 13:19:58,88000.0,200,Buy,230600605
2024-08-09 13:19:58,88000.0,200,Buy,230600606
2024-08-09 13:19:58,88000.0,900,Buy,230600607
2024-08-09 13:20:01,88000.0,100,Buy,230600818
2024-08-09 13:20:01,88000.0,200,Buy,230600819
2024-08-09 13:20:01,88000.0,900,Buy,230600811
2024-08-09 13:20:01,88000.0,200,Buy,230600802
2024-08-09 13:20:01,88000.0,100,Buy,230600808
2024-08-09 13:20:01,88000.0,300,Buy,230600803
2024-08-09 13:20:01,88000.0,200,Buy,230600809
2024-08-09 13:20:02,88000.0,800,Buy,230600830
2024-08-09 13:20:02,88000.0,700,Buy,230600831
2024-08-09 13:20:09,88000.0,100,Buy,230601109
2024-08-09 13:20:09,88000.0,100,Buy,230601108
2024-08-09 13:20:09,88000.0,600,Buy,230601107
2024-08-09 13:20:09,88000.0,100,Buy,230601105
2024-08-09 13:20:09,88000.0,200,Buy,230601106
2024-08-09 13:20:09,88000.0,100,Buy,230601103
2024-08-09 13:20:09,88000.0,100,Buy,230601100
2024-08-09 13:20:09,88000.0,300,Buy,230601099
2024-08-09 13:20:09,88000.0,200,Buy,230601098
2024-08-09 13:20:09,88000.0,100,Buy,230601097
2024-08-09 13:20:09,88000.0,100,Buy,230601104
2024-08-09 13:20:12,88000.0,100,Buy,230601293
2024-08-09 13:20:12,88000.0,200,Buy,230601292
2024-08-09 13:20:12,88000.0,500,Buy,230601291
2024-08-09 13:20:12,88000.0,200,Buy,230601290
2024-08-09 13:20:12,88000.0,500,Buy,230601285
2024-08-09 13:20:12,88000.0,1000,Buy,230601288
2024-08-09 13:20:12,88000.0,200,Buy,230601286
2024-08-09 13:20:12,88000.0,100,Buy,230601284
2024-08-09 13:20:12,88000.0,100,Buy,230601289
2024-08-09 13:20:12,88000.0,100,Buy,230601282
2024-08-09 13:20:12,88000.0,500,Buy,230601281
2024-08-09 13:20:12,88000.0,200,Buy,230601280
2024-08-09 13:20:12,88000.0,100,Buy,230601279
2024-08-09 13:20:12,88000.0,100,Buy,230601278
2024-08-09 13:20:12,88000.0,100,Buy,230601277
2024-08-09 13:20:12,88000.0,2700,Buy,230601276
2024-08-09 13:20:12,88000.0,200,Buy,230601263
2024-08-09 13:20:12,88000.0,100,Buy,230601283
2024-08-09 13:20:13,87900.0,300,Sell,230601321
2024-08-09 13:20:20,88000.0,200,Buy,230601600
2024-08-09 13:20:20,88000.0,100,Buy,230601598
2024-08-09 13:20:20,88000.0,200,Buy,230601599
2024-08-09 13:20:38,88000.0,100,Sell,230602245
2024-08-09 13:20:41,88000.0,100,Sell,230602356
2024-08-09 13:20:41,88000.0,100,Sell,230602357
2024-08-09 13:20:41,88000.0,700,Sell,230602358
2024-08-09 13:20:53,88000.0,100,Sell,230602682
2024-08-09 13:20:53,88000.0,200,Sell,230602683
2024-08-09 13:20:53,88000.0,100,Sell,230602681
2024-08-09 13:20:53,88000.0,1100,Sell,230602680
2024-08-09 13:20:53,88000.0,400,Sell,230602676
2024-08-09 13:20:53,88000.0,300,Sell,230602675
2024-08-09 13:20:53,88000.0,300,Sell,230602674
2024-08-09 13:20:53,88000.0,200,Sell,230602673
2024-08-09 13:21:30,88000.0,300,Buy,230604114
2024-08-09 13:21:36,88000.0,100,Sell,230604333
2024-08-09 13:22:32,88100.0,100,Buy,230606754
2024-08-09 13:22:35,88000.0,100,Sell,230606839
2024-08-09 13:23:29,88000.0,200,Sell,230608828
2024-08-09 13:23:29,88000.0,200,Sell,230608827
2024-08-09 13:23:29,88000.0,100,Sell,230608826
2024-08-09 13:23:29,88000.0,400,Sell,230608825
2024-08-09 13:23:32,88000.0,500,Sell,230608928
2024-08-09 13:23:32,88000.0,100,Sell,230608927
2024-08-09 13:23:32,88000.0,300,Sell,230608926
2024-08-09 13:23:32,88000.0,100,Sell,230608925
2024-08-09 13:23:32,88000.0,200,Sell,230608924
2024-08-09 13:23:32,88000.0,100,Sell,230608923
2024-08-09 13:23:32,88000.0,500,Sell,230608922
2024-08-09 13:23:32,88000.0,400,Sell,230608921
2024-08-09 13:23:32,88000.0,300,Sell,230608911
2024-08-09 13:23:32,88000.0,300,Sell,230608919
2024-08-09 13:23:32,88000.0,200,Sell,230608918
2024-08-09 13:23:32,88000.0,500,Sell,230608917
2024-08-09 13:23:32,88000.0,100,Sell,230608916
2024-08-09 13:23:32,88000.0,100,Sell,230608915
2024-08-09 13:23:32,88000.0,200,Sell,230608914
2024-08-09 13:23:32,88000.0,600,Sell,230608913
2024-08-09 13:23:32,88000.0,300,Sell,230608912
2024-08-09 13:23:32,88000.0,200,Sell,230608920
2024-08-09 13:23:33,88000.0,100,Sell,230608949
2024-08-09 13:23:41,88000.0,200,Sell,230609190
2024-08-09 13:23:50,88000.0,100,Sell,230609534
2024-08-09 13:23:57,88000.0,200,Buy,230609748
2024-08-09 13:23:58,88000.0,100,Sell,230609770
2024-08-09 13:24:06,88000.0,700,Sell,230610037
2024-08-09 13:24:06,87900.0,2500,Sell,230610038
2024-08-09 13:24:32,87900.0,100,Sell,230610749
2024-08-09 13:24:45,88000.0,100,Sell,230611169
2024-08-09 13:24:52,88000.0,1100,Sell,230611385
2024-08-09 13:25:17,88000.0,100,Sell,230612468
2024-08-09 13:25:26,88000.0,300,Sell,230612863
2024-08-09 13:25:26,88000.0,100,Sell,230612862
2024-08-09 13:25:26,88000.0,400,Sell,230612861
2024-08-09 13:25:26,88000.0,600,Sell,230612850
2024-08-09 13:25:26,88000.0,500,Sell,230612859
2024-08-09 13:25:26,88000.0,500,Sell,230612860
2024-08-09 13:25:26,88000.0,2600,Sell,230612849
2024-08-09 13:25:31,88000.0,100,Sell,230613001
2024-08-09 13:26:16,88000.0,200,Sell,230614423
2024-08-09 13:26:16,88000.0,100,Sell,230614422
2024-08-09 13:26:16,88000.0,600,Sell,230614424
2024-08-09 13:26:22,88000.0,3000,Sell,230614621
2024-08-09 13:26:22,88000.0,100,Sell,230614635
2024-08-09 13:26:22,88000.0,300,Sell,230614632
2024-08-09 13:26:22,88000.0,900,Sell,230614629
2024-08-09 13:26:22,88000.0,200,Sell,230614628
2024-08-09 13:26:22,88000.0,200,Sell,230614631
2024-08-09 13:26:22,88000.0,400,Sell,230614626
2024-08-09 13:26:22,88000.0,1200,Sell,230614625
2024-08-09 13:26:22,88000.0,1200,Sell,230614624
2024-08-09 13:26:22,88000.0,900,Sell,230614623
2024-08-09 13:26:22,88000.0,500,Sell,230614622
2024-08-09 13:26:22,88000.0,100,Sell,230614627
2024-08-09 13:26:22,88000.0,200,Sell,230614630
2024-08-09 13:26:29,87900.0,100,Sell,230614865
2024-08-09 13:27:29,87900.0,100,Sell,230616575
2024-08-09 13:27:56,87900.0,100,Sell,230617419
2024-08-09 13:28:27,87900.0,100,Sell,230618302
2024-08-09 13:29:03,87900.0,1000,Sell,230619466
2024-08-09 13:29:27,87900.0,100,Sell,230620347
2024-08-09 13:29:56,88000.0,300,Buy,230621381
2024-08-09 13:29:59,87900.0,200,Sell,230621472
2024-08-09 13:29:59,87900.0,300,Sell,230621471
2024-08-09 13:29:59,87900.0,2100,Sell,230621469
2024-08-09 13:29:59,87900.0,100,Sell,230621470
2024-08-09 13:30:20,87900.0,700,Sell,230622086
2024-08-09 13:30:20,87900.0,400,Sell,230622087
2024-08-09 13:30:20,87900.0,100,Sell,230622088
2024-08-09 13:30:20,87900.0,100,Sell,230622089
2024-08-09 13:30:20,87900.0,100,Sell,230622090
2024-08-09 13:30:20,87900.0,200,Sell,230622091
2024-08-09 13:30:20,87900.0,200,Sell,230622092
2024-08-09 13:30:20,87900.0,100,Sell,230622093
2024-08-09 13:30:20,87900.0,300,Sell,230622094
2024-08-09 13:30:20,87900.0,900,Sell,230622095
2024-08-09 13:30:26,87900.0,100,Sell,230622357
2024-08-09 13:30:49,87900.0,100,Sell,230623148
2024-08-09 13:30:49,87900.0,100,Sell,230623149
2024-08-09 13:31:25,87900.0,100,Sell,230624667
2024-08-09 13:31:48,87900.0,100,Sell,230625560
2024-08-09 13:31:48,87900.0,300,Sell,230625561
2024-08-09 13:31:48,87900.0,200,Sell,230625562
2024-08-09 13:31:48,87900.0,200,Sell,230625563
2024-08-09 13:31:48,87900.0,100,Sell,230625564
2024-08-09 13:31:53,87900.0,100,Sell,230625924
2024-08-09 13:32:24,87900.0,100,Sell,230627331
2024-08-09 13:32:25,87900.0,100,Sell,230627344
2024-08-09 13:32:40,88000.0,400,Buy,230628236
2024-08-09 13:32:40,88000.0,1000,Buy,230628235
2024-08-09 13:32:40,88000.0,1000,Buy,230628234
2024-08-09 13:32:40,88000.0,500,Buy,230628233
2024-08-09 13:32:40,88000.0,1400,Buy,230628231
2024-08-09 13:32:40,88000.0,23500,Buy,230628227
2024-08-09 13:32:40,88000.0,1000,Buy,230628232
2024-08-09 13:32:40,88000.0,100,Buy,230628230
2024-08-09 13:32:40,88000.0,300,Buy,230628229
2024-08-09 13:32:57,88000.0,1000,Buy,230629088
2024-08-09 13:32:57,88000.0,1000,Buy,230629089
2024-08-09 13:33:06,88000.0,200,Buy,230629430
2024-08-09 13:33:16,87900.0,800,Sell,230629878
2024-08-09 13:33:16,87900.0,100,Sell,230629879
2024-08-09 13:33:16,87900.0,100,Sell,230629880
2024-08-09 13:33:19,88000.0,200,Buy,230630123
2024-08-09 13:33:19,88000.0,100,Buy,230630124
2024-08-09 13:33:19,88000.0,500,Buy,230630125
2024-08-09 13:33:19,88000.0,400,Buy,230630126
2024-08-09 13:33:19,88000.0,100,Buy,230630127
2024-08-09 13:33:19,88000.0,300,Buy,230630131
2024-08-09 13:33:20,88000.0,200,Buy,230630134
2024-08-09 13:33:20,88000.0,200,Buy,230630135
2024-08-09 13:33:22,88000.0,100,Buy,230630257
2024-08-09 13:33:24,87900.0,100,Sell,230630421
2024-08-09 13:33:28,88000.0,100,Buy,230630613
2024-08-09 13:33:28,88000.0,100,Buy,230630614
2024-08-09 13:33:57,88000.0,200,Sell,230632178
2024-08-09 13:33:57,88000.0,200,Sell,230632179
2024-08-09 13:34:24,88000.0,100,Sell,230633210
2024-08-09 13:34:36,88000.0,100,Sell,230633711
2024-08-09 13:34:36,88000.0,800,Sell,230633712
2024-08-09 13:34:56,88000.0,100,Sell,230634814
2024-08-09 13:34:56,88000.0,100,Sell,230634813
2024-08-09 13:34:56,88000.0,200,Sell,230634800
2024-08-09 13:34:56,88000.0,100,Sell,230634812
2024-08-09 13:34:56,88000.0,200,Sell,230634811
2024-08-09 13:34:56,88000.0,100,Sell,230634810
2024-08-09 13:34:56,88000.0,200,Sell,230634799
2024-08-09 13:34:56,88000.0,100,Sell,230634790
2024-08-09 13:34:56,88000.0,100,Sell,230634797
2024-08-09 13:34:56,88000.0,900,Sell,230634798
2024-08-09 13:34:56,88000.0,200,Sell,230634789
2024-08-09 13:34:56,88000.0,100,Sell,230634788
2024-08-09 13:34:56,88000.0,100,Sell,230634792
2024-08-09 13:34:56,88000.0,200,Sell,230634793
2024-08-09 13:34:56,88000.0,900,Sell,230634791
2024-08-09 13:34:57,88000.0,100,Buy,230634825
2024-08-09 13:34:57,88000.0,800,Buy,230634846
2024-08-09 13:35:08,88000.0,300,Buy,230635488
2024-08-09 13:35:08,88000.0,200,Buy,230635494
2024-08-09 13:35:08,88000.0,200,Buy,230635495
2024-08-09 13:35:08,88000.0,100,Buy,230635493
2024-08-09 13:35:09,88000.0,200,Buy,230635501
2024-08-09 13:35:09,88000.0,900,Buy,230635502
2024-08-09 13:35:09,88000.0,100,Buy,230635503
2024-08-09 13:35:23,87900.0,100,Sell,230636173
2024-08-09 13:35:35,88000.0,200,Buy,230636692
2024-08-09 13:35:35,88000.0,200,Buy,230636694
2024-08-09 13:35:35,88000.0,200,Buy,230636693
2024-08-09 13:35:35,88000.0,100,Buy,230636690
2024-08-09 13:35:35,88000.0,300,Buy,230636688
2024-08-09 13:35:35,88000.0,100,Buy,230636687
2024-08-09 13:35:35,88000.0,900,Buy,230636689
2024-08-09 13:36:03,88000.0,8400,Buy,230638004
2024-08-09 13:36:14,88000.0,100,Buy,230638816
2024-08-09 13:36:14,88000.0,500,Buy,230638817
2024-08-09 13:36:14,88000.0,200,Buy,230638818
2024-08-09 13:36:14,88000.0,200,Buy,230638824
2024-08-09 13:36:23,87900.0,100,Sell,230639235
2024-08-09 13:36:30,88000.0,600,Buy,230639527
2024-08-09 13:36:33,87900.0,3400,Sell,230639687
2024-08-09 13:36:33,87900.0,900,Sell,230639688
2024-08-09 13:36:33,87900.0,100,Sell,230639689
2024-08-09 13:36:33,87900.0,600,Sell,230639690
2024-08-09 13:36:37,88000.0,100,Buy,230639960
2024-08-09 13:36:37,88000.0,300,Buy,230639959
2024-08-09 13:36:37,88000.0,100,Buy,230639954
2024-08-09 13:36:37,88000.0,100,Buy,230639957
2024-08-09 13:36:37,88000.0,200,Buy,230639956
2024-08-09 13:36:37,88000.0,100,Buy,230639958
2024-08-09 13:36:47,88000.0,100,Sell,230640396
2024-08-09 13:36:47,88000.0,300,Sell,230640397
2024-08-09 13:36:47,88000.0,100,Sell,230640398
2024-08-09 13:36:47,88000.0,200,Sell,230640399
2024-08-09 13:36:47,88000.0,200,Sell,230640400
2024-08-09 13:36:47,88000.0,200,Sell,230640401
2024-08-09 13:36:47,88000.0,1000,Sell,230640402
2024-08-09 13:37:01,88000.0,600,Buy,230641077
2024-08-09 13:37:01,88000.0,300,Buy,230641081
2024-08-09 13:37:01,88000.0,200,Buy,230641075
2024-08-09 13:37:01,88000.0,100,Buy,230641074
2024-08-09 13:37:01,88000.0,300,Buy,230641076
2024-08-09 13:37:02,88000.0,100,Buy,230641093
2024-08-09 13:37:02,88000.0,100,Buy,230641094
2024-08-09 13:37:02,88000.0,100,Buy,230641095
2024-08-09 13:37:02,88000.0,200,Buy,230641104
2024-08-09 13:37:03,88000.0,3300,Buy,230641173
2024-08-09 13:37:23,87900.0,100,Sell,230642110
2024-08-09 13:38:23,87900.0,100,Sell,230644712
2024-08-09 13:38:43,88000.0,500,Buy,230645496
2024-08-09 13:39:05,87900.0,300,Sell,230646285
2024-08-09 13:39:19,87900.0,100,Sell,230646885
2024-08-09 13:39:19,87900.0,1000,Sell,230646886
2024-08-09 13:39:24,87900.0,100,Sell,230647079
2024-08-09 13:39:28,87900.0,1100,Sell,230647226
2024-08-09 13:39:41,87900.0,1100,Sell,230647711
2024-08-09 13:39:46,87900.0,200,Sell,230647955
2024-08-09 13:39:46,87900.0,300,Sell,230647952
2024-08-09 13:39:46,87900.0,100,Sell,230647953
2024-08-09 13:39:46,87900.0,100,Sell,230647954
2024-08-09 13:39:46,87900.0,900,Sell,230647951
2024-08-09 13:39:46,87900.0,100,Sell,230647956
2024-08-09 13:39:46,87900.0,800,Sell,230647964
2024-08-09 13:39:46,87900.0,100,Sell,230647958
2024-08-09 13:39:46,87900.0,100,Sell,230647959
2024-08-09 13:39:46,87900.0,200,Sell,230647960
2024-08-09 13:39:46,87900.0,100,Sell,230647961
2024-08-09 13:39:46,87900.0,400,Sell,230647962
2024-08-09 13:39:46,87900.0,100,Sell,230647963
2024-08-09 13:39:46,87900.0,200,Sell,230647950
2024-08-09 13:39:46,87900.0,800,Sell,230647957
2024-08-09 13:39:46,87900.0,200,Sell,230647949
2024-08-09 13:39:46,87900.0,200,Sell,230647935
2024-08-09 13:39:46,87900.0,500,Sell,230647947
2024-08-09 13:39:46,87900.0,100,Sell,230647925
2024-08-09 13:39:46,87900.0,200,Sell,230647926
2024-08-09 13:39:46,87900.0,200,Sell,230647927
2024-08-09 13:39:46,87900.0,300,Sell,230647928
2024-08-09 13:39:46,87900.0,200,Sell,230647929
2024-08-09 13:39:46,87900.0,400,Sell,230647948
2024-08-09 13:39:46,87900.0,900,Sell,230647931
2024-08-09 13:39:46,87900.0,200,Sell,230647930
2024-08-09 13:39:46,87900.0,100,Sell,230647933
2024-08-09 13:39:46,87900.0,200,Sell,230647934
2024-08-09 13:39:46,87900.0,100,Sell,230647936
2024-08-09 13:39:46,87900.0,1100,Sell,230647937
2024-08-09 13:39:46,87900.0,200,Sell,230647944
2024-08-09 13:39:46,87900.0,200,Sell,230647945
2024-08-09 13:39:46,87900.0,100,Sell,230647946
2024-08-09 13:39:46,87900.0,100,Sell,230647932
2024-08-09 13:39:48,87900.0,100,Sell,230648091
2024-08-09 13:39:53,87900.0,100,Sell,230648252
2024-08-09 13:39:53,87900.0,100,Sell,230648253
2024-08-09 13:39:53,87900.0,100,Sell,230648254
2024-08-09 13:40:09,87900.0,100,Sell,230648809
2024-08-09 13:40:09,87900.0,400,Sell,230648810
2024-08-09 13:40:09,87900.0,100,Sell,230648807
2024-08-09 13:40:09,87900.0,300,Sell,230648808
2024-08-09 13:40:24,87900.0,100,Sell,230649276
2024-08-09 13:41:25,87900.0,100,Sell,230651547
2024-08-09 13:41:45,88000.0,500,Buy,230652194
2024-08-09 13:42:26,87900.0,100,Sell,230653689
2024-08-09 13:42:56,87900.0,200,Sell,230654848
2024-08-09 13:42:56,87900.0,200,Sell,230654849
2024-08-09 13:42:56,87900.0,200,Sell,230654850
2024-08-09 13:42:56,87900.0,100,Sell,230654851
2024-08-09 13:42:56,87900.0,200,Sell,230654852
2024-08-09 13:43:27,87900.0,100,Sell,230655986
2024-08-09 13:43:46,87900.0,100,Sell,230656661
2024-08-09 13:44:28,87900.0,100,Sell,230658093
2024-08-09 13:44:34,87900.0,1200,Sell,230658311
2024-08-09 13:44:34,87900.0,800,Sell,230658312
2024-08-09 13:44:34,87900.0,200,Sell,230658310
2024-08-09 13:44:45,87900.0,500,Sell,230658797
2024-08-09 13:44:48,87900.0,200,Sell,230658885
2024-08-09 13:44:52,87900.0,500,Sell,230659076
2024-08-09 13:44:52,87900.0,100,Sell,230659077
2024-08-09 13:44:52,87900.0,300,Sell,230659078
2024-08-09 13:44:52,87900.0,100,Sell,230659079
2024-08-09 13:44:52,87900.0,100,Sell,230659080
2024-08-09 13:44:57,87900.0,400,Sell,230659271
2024-08-09 13:44:57,87900.0,100,Sell,230659269
2024-08-09 13:44:57,87900.0,300,Sell,230659270
2024-08-09 13:45:00,87900.0,3600,Sell,230659378
2024-08-09 13:45:00,88000.0,600,Buy,230659379
2024-08-09 13:45:00,88000.0,400,Buy,230659380
2024-08-09 13:45:02,87900.0,1100,Sell,230659483
2024-08-09 13:45:15,87900.0,1100,Sell,230659852
2024-08-09 13:45:15,87900.0,2700,Sell,230659858
2024-08-09 13:45:15,87900.0,1000,Sell,230659859
2024-08-09 13:45:15,87900.0,4600,Sell,230659862
2024-08-09 13:45:15,87900.0,600,Sell,230659863
2024-08-09 13:45:29,87900.0,100,Sell,230660366
2024-08-09 13:45:33,87900.0,200,Sell,230660441
2024-08-09 13:45:33,87900.0,200,Sell,230660439
2024-08-09 13:45:33,87900.0,200,Sell,230660440
2024-08-09 13:45:41,87900.0,100,Sell,230660749
2024-08-09 13:45:42,87900.0,400,Sell,230660795
2024-08-09 13:45:42,87900.0,300,Sell,230660796
2024-08-09 13:45:42,87900.0,200,Sell,230660797
2024-08-09 13:45:52,88000.0,100,Buy,230661119
2024-08-09 13:45:52,88000.0,500,Buy,230661126
2024-08-09 13:45:52,88000.0,500,Buy,230661125
2024-08-09 13:45:52,88000.0,300,Buy,230661124
2024-08-09 13:45:52,88000.0,1000,Buy,230661123
2024-08-09 13:45:52,88000.0,100,Buy,230661121
2024-08-09 13:45:52,88000.0,100,Buy,230661120
2024-08-09 13:45:52,88000.0,200,Buy,230661115
2024-08-09 13:45:52,88000.0,100,Buy,230661122
2024-08-09 13:45:52,88000.0,1300,Buy,230661113
2024-08-09 13:45:52,88000.0,900,Buy,230661106
2024-08-09 13:45:52,88000.0,300,Buy,230661107
2024-08-09 13:45:52,88000.0,2000,Buy,230661108
2024-08-09 13:45:52,88000.0,2000,Buy,230661109
2024-08-09 13:45:52,88000.0,300,Buy,230661114
2024-08-09 13:45:52,88000.0,600,Buy,230661110
2024-08-09 13:45:52,88000.0,2600,Buy,230661111
2024-08-09 13:45:52,88000.0,500,Buy,230661112
2024-08-09 13:45:52,88000.0,200,Buy,230661105
2024-08-09 13:46:26,88000.0,100,Sell,230662288
2024-08-09 13:46:31,88000.0,100,Sell,230662584
2024-08-09 13:46:34,88000.0,200,Sell,230662691
2024-08-09 13:46:55,88000.0,200,Sell,230663550
2024-08-09 13:47:05,88100.0,100,Buy,230663828
2024-08-09 13:47:05,88100.0,100,Buy,230663829
2024-08-09 13:47:32,88000.0,100,Sell,230664612
2024-08-09 13:47:33,88100.0,3500,Buy,230664639
2024-08-09 13:48:18,88000.0,500,Sell,230665960
2024-08-09 13:48:29,88000.0,2800,Sell,230666241
2024-08-09 13:48:29,88000.0,900,Sell,230666286
2024-08-09 13:48:34,88000.0,100,Sell,230666401
2024-08-09 13:49:37,88000.0,100,Sell,230668212
2024-08-09 13:50:11,88000.0,500,Sell,230669284
2024-08-09 13:50:12,88100.0,1000,Buy,230669328
2024-08-09 13:50:20,88100.0,400,Buy,230669516
2024-08-09 13:50:20,88100.0,600,Buy,230669517
2024-08-09 13:50:28,88100.0,800,Buy,230669739
2024-08-09 13:50:28,88100.0,200,Buy,230669740
2024-08-09 13:50:39,88000.0,100,Sell,230670141
2024-08-09 13:50:48,88000.0,100,Sell,230670367
2024-08-09 13:51:01,88000.0,1600,Sell,230670809
2024-08-09 13:51:16,88000.0,900,Sell,230671207
2024-08-09 13:51:21,88100.0,200,Buy,230671333
2024-08-09 13:51:21,88100.0,100,Buy,230671335
2024-08-09 13:51:21,88100.0,300,Buy,230671334
2024-08-09 13:51:21,88100.0,200,Buy,230671326
2024-08-09 13:51:21,88100.0,100,Buy,230671325
2024-08-09 13:51:21,88100.0,700,Buy,230671324
2024-08-09 13:51:21,88100.0,200,Buy,230671323
2024-08-09 13:51:21,88100.0,100,Buy,230671322
2024-08-09 13:51:21,88100.0,100,Buy,230671321
2024-08-09 13:51:42,88000.0,100,Sell,230671875
2024-08-09 13:51:46,88100.0,100,Buy,230672003
2024-08-09 13:51:46,88100.0,100,Buy,230672001
2024-08-09 13:51:46,88100.0,100,Buy,230672000
2024-08-09 13:51:46,88100.0,100,Buy,230671999
2024-08-09 13:51:46,88100.0,100,Buy,230671998
2024-08-09 13:51:46,88100.0,200,Buy,230672002
2024-08-09 13:51:46,88100.0,100,Buy,230671996
2024-08-09 13:51:46,88100.0,300,Buy,230671995
2024-08-09 13:51:46,88100.0,200,Buy,230671992
2024-08-09 13:51:46,88100.0,300,Buy,230671991
2024-08-09 13:51:46,88100.0,100,Buy,230671988
2024-08-09 13:51:46,88100.0,200,Buy,230671990
2024-08-09 13:51:46,88100.0,100,Buy,230671997
2024-08-09 13:51:55,88100.0,100,Buy,230672218
2024-08-09 13:52:44,88000.0,100,Sell,230673465
2024-08-09 13:52:48,88100.0,700,Buy,230673670
2024-08-09 13:52:48,88100.0,300,Buy,230673669
2024-08-09 13:52:48,88100.0,200,Buy,230673668
2024-08-09 13:52:48,88100.0,100,Buy,230673666
2024-08-09 13:52:48,88100.0,200,Buy,230673665
2024-08-09 13:52:48,88100.0,600,Buy,230673664
2024-08-09 13:52:48,88100.0,100,Buy,230673667
2024-08-09 13:52:59,88100.0,300,Buy,230674044
2024-08-09 13:52:59,88100.0,2100,Buy,230674045
2024-08-09 13:53:00,88100.0,1400,Buy,230674101
2024-08-09 13:53:11,88100.0,200,Buy,230674418
2024-08-09 13:53:11,88100.0,100,Buy,230674417
2024-08-09 13:53:11,88100.0,100,Buy,230674415
2024-08-09 13:53:11,88100.0,1500,Buy,230674414
2024-08-09 13:53:11,88100.0,100,Buy,230674416
2024-08-09 13:53:46,88000.0,100,Sell,230675459
2024-08-09 13:54:02,88000.0,900,Sell,230675993
2024-08-09 13:54:03,88100.0,1300,Buy,230676004
2024-08-09 13:54:03,88100.0,200,Buy,230676005
2024-08-09 13:54:04,88100.0,300,Buy,230676021
2024-08-09 13:54:22,88100.0,500,Buy,230676564
2024-08-09 13:54:30,88100.0,100,Buy,230676921
2024-08-09 13:54:32,88100.0,200,Buy,230677028
2024-08-09 13:54:41,88100.0,700,Buy,230677290
2024-08-09 13:54:41,88100.0,100,Buy,230677291
2024-08-09 13:54:42,88100.0,100,Buy,230677333
2024-08-09 13:54:42,88100.0,1400,Buy,230677334
2024-08-09 13:54:46,88000.0,2400,Sell,230677514
2024-08-09 13:54:46,88000.0,200,Sell,230677518
2024-08-09 13:54:46,88000.0,400,Sell,230677515
2024-08-09 13:54:46,88000.0,100,Sell,230677516
2024-08-09 13:54:46,88000.0,200,Sell,230677517
2024-08-09 13:54:46,88000.0,900,Sell,230677519
2024-08-09 13:54:46,88000.0,200,Sell,230677513
2024-08-09 13:54:46,88000.0,200,Sell,230677521
2024-08-09 13:54:46,88000.0,100,Sell,230677522
2024-08-09 13:54:46,88000.0,3300,Sell,230677523
2024-08-09 13:54:46,88000.0,400,Sell,230677524
2024-08-09 13:54:46,88000.0,3000,Sell,230677525
2024-08-09 13:54:46,88000.0,200,Sell,230677526
2024-08-09 13:54:46,88000.0,300,Sell,230677520
2024-08-09 13:54:46,88000.0,2300,Sell,230677512
2024-08-09 13:54:46,88000.0,1600,Sell,230677492
2024-08-09 13:54:46,88000.0,100,Sell,230677505
2024-08-09 13:54:46,88000.0,2900,Sell,230677491
2024-08-09 13:54:46,88000.0,200,Sell,230677493
2024-08-09 13:54:46,88000.0,100,Sell,230677494
2024-08-09 13:54:46,88000.0,200,Sell,230677495
2024-08-09 13:54:46,88000.0,200,Sell,230677496
2024-08-09 13:54:46,88000.0,300,Sell,230677497
2024-08-09 13:54:46,88000.0,800,Sell,230677506
2024-08-09 13:54:46,88000.0,100,Sell,230677499
2024-08-09 13:54:46,88000.0,500,Sell,230677504
2024-08-09 13:54:46,88000.0,400,Sell,230677503
2024-08-09 13:54:46,88000.0,900,Sell,230677498
2024-08-09 13:54:46,88000.0,200,Sell,230677501
2024-08-09 13:54:46,88000.0,2000,Sell,230677500
2024-08-09 13:54:46,88000.0,300,Sell,230677502
2024-08-09 13:54:49,88000.0,100,Sell,230677631
2024-08-09 13:55:04,88100.0,300,Buy,230678092
2024-08-09 13:55:08,88000.0,400,Sell,230678500
2024-08-09 13:55:08,88000.0,1500,Sell,230678501
2024-08-09 13:55:08,88000.0,300,Sell,230678502
2024-08-09 13:55:08,88000.0,800,Sell,230678499
2024-08-09 13:55:34,88100.0,100,Buy,230679555
2024-08-09 13:55:34,88100.0,100,Buy,230679552
2024-08-09 13:55:34,88100.0,200,Buy,230679553
2024-08-09 13:55:34,88100.0,100,Buy,230679554
2024-08-09 13:55:38,88100.0,100,Sell,230679642
2024-08-09 13:55:52,88100.0,100,Sell,230680161
2024-08-09 13:55:54,88100.0,100,Sell,230680227
2024-08-09 13:56:00,88100.0,200,Sell,230680420
2024-08-09 13:56:04,88100.0,200,Sell,230680542
2024-08-09 13:56:13,88100.0,200,Sell,230680924
2024-08-09 13:56:13,88100.0,200,Sell,230680925
2024-08-09 13:56:13,88100.0,600,Sell,230680926
2024-08-09 13:56:13,88100.0,400,Sell,230680923
2024-08-09 13:56:18,88100.0,400,Sell,230681104
2024-08-09 13:56:18,88100.0,300,Sell,230681105
2024-08-09 13:56:18,88100.0,100,Sell,230681106
2024-08-09 13:56:55,88000.0,100,Sell,230682948
2024-08-09 13:57:02,88000.0,100,Sell,230683374
2024-08-09 13:57:59,88000.0,100,Sell,230685502
2024-08-09 13:58:14,88000.0,100,Sell,230686176
2024-08-09 13:58:14,88000.0,200,Sell,230686175
2024-08-09 13:59:04,88000.0,100,Sell,230688154
2024-08-09 13:59:06,88100.0,100,Buy,230688226
2024-08-09 13:59:15,88100.0,800,Buy,230688545
2024-08-09 13:59:38,88000.0,2300,Sell,230689491
2024-08-09 13:59:38,88000.0,1700,Sell,230689492
2024-08-09 13:59:42,88100.0,500,Buy,230689679
2024-08-09 14:00:08,88000.0,100,Sell,230690781
2024-08-09 14:00:42,88000.0,100,Sell,230692152
2024-08-09 14:01:09,88000.0,500,Sell,230693164
2024-08-09 14:01:09,88000.0,100,Sell,230693165
2024-08-09 14:01:09,88000.0,300,Sell,230693166
2024-08-09 14:01:09,88000.0,200,Sell,230693167
2024-08-09 14:01:09,88000.0,100,Sell,230693168
2024-08-09 14:01:09,88000.0,200,Sell,230693169
2024-08-09 14:01:09,88000.0,500,Sell,230693163
2024-08-09 14:01:13,88000.0,100,Sell,230693371
2024-08-09 14:01:28,88100.0,200,Buy,230693974
2024-08-09 14:01:43,88100.0,100,Buy,230694564
2024-08-09 14:01:52,88100.0,400,Buy,230694870
2024-08-09 14:01:52,88100.0,100,Buy,230694871
2024-08-09 14:01:52,88100.0,300,Buy,230694872
2024-08-09 14:01:52,88100.0,300,Buy,230694873
2024-08-09 14:01:52,88100.0,900,Buy,230694869
2024-08-09 14:01:59,88100.0,200,Buy,230695425
2024-08-09 14:01:59,88100.0,100,Buy,230695426
2024-08-09 14:01:59,88100.0,200,Buy,230695424
2024-08-09 14:01:59,88100.0,200,Buy,230695415
2024-08-09 14:01:59,88100.0,100,Buy,230695418
2024-08-09 14:01:59,88100.0,200,Buy,230695417
2024-08-09 14:01:59,88100.0,300,Buy,230695416
2024-08-09 14:01:59,88100.0,700,Buy,230695423
2024-08-09 14:02:18,88000.0,100,Sell,230696361
2024-08-09 14:03:06,88100.0,100,Sell,230698644
2024-08-09 14:03:06,88100.0,300,Sell,230698647
2024-08-09 14:03:06,88100.0,200,Sell,230698646
2024-08-09 14:03:06,88100.0,200,Sell,230698645
2024-08-09 14:03:06,88100.0,300,Sell,230698643
2024-08-09 14:03:06,88100.0,500,Sell,230698623
2024-08-09 14:03:06,88100.0,100,Sell,230698641
2024-08-09 14:03:06,88100.0,200,Sell,230698640
2024-08-09 14:03:06,88100.0,300,Sell,230698639
2024-08-09 14:03:06,88100.0,300,Sell,230698625
2024-08-09 14:03:06,88100.0,300,Sell,230698624
2024-08-09 14:03:06,88100.0,200,Sell,230698642
2024-08-09 14:03:12,88200.0,200,Buy,230699009
2024-08-09 14:03:12,88200.0,100,Buy,230699010
2024-08-09 14:03:12,88200.0,700,Buy,230699011
2024-08-09 14:03:14,88000.0,500,Sell,230699072
2024-08-09 14:03:23,88000.0,100,Sell,230699546
2024-08-09 14:04:04,88100.0,300,Sell,230701345
2024-08-09 14:04:04,88100.0,100,Sell,230701346
2024-08-09 14:04:04,88100.0,200,Sell,230701347
2024-08-09 14:04:04,88100.0,200,Sell,230701348
2024-08-09 14:04:20,88100.0,100,Sell,230702019
2024-08-09 14:04:20,88100.0,100,Sell,230702017
2024-08-09 14:04:20,88100.0,300,Sell,230702018
2024-08-09 14:04:20,88100.0,200,Sell,230702015
2024-08-09 14:04:20,88100.0,100,Sell,230702014
2024-08-09 14:04:20,88100.0,900,Sell,230702016
2024-08-09 14:04:28,88000.0,100,Sell,230702360
2024-08-09 14:04:30,88100.0,100,Buy,230702460
2024-08-09 14:05:22,88100.0,200,Buy,230704731
2024-08-09 14:05:22,88100.0,300,Buy,230704732
2024-08-09 14:05:22,88100.0,300,Buy,230704733
2024-08-09 14:05:22,88100.0,100,Buy,230704745
2024-08-09 14:05:22,88100.0,400,Buy,230704746
2024-08-09 14:05:22,88100.0,400,Buy,230704752
2024-08-09 14:05:22,88100.0,200,Buy,230704753
2024-08-09 14:05:22,88100.0,100,Buy,230704754
2024-08-09 14:05:33,88000.0,200,Sell,230705082
2024-08-09 14:05:35,88000.0,100,Sell,230705173
2024-08-09 14:06:41,88100.0,100,Sell,230708122
2024-08-09 14:06:49,88100.0,100,Sell,230708467
2024-08-09 14:06:49,88100.0,200,Sell,230708468
2024-08-09 14:06:55,88000.0,200,Sell,230708706
2024-08-09 14:06:55,88000.0,100,Sell,230708707
2024-08-09 14:06:55,88000.0,300,Sell,230708708
2024-08-09 14:06:55,88000.0,200,Sell,230708709
2024-08-09 14:07:06,88100.0,500,Buy,230709127
2024-08-09 14:07:47,88000.0,100,Sell,230710793
2024-08-09 14:08:02,88100.0,900,Buy,230711269
2024-08-09 14:08:02,88100.0,100,Buy,230711270
2024-08-09 14:08:12,88000.0,100,Sell,230711592
2024-08-09 14:08:26,88100.0,400,Buy,230712167
2024-08-09 14:08:26,88100.0,2200,Buy,230712165
2024-08-09 14:08:26,88100.0,2500,Buy,230712166
2024-08-09 14:08:31,88200.0,300,Buy,230712360
2024-08-09 14:08:31,88200.0,100,Buy,230712361
2024-08-09 14:08:31,88200.0,100,Buy,230712362
2024-08-09 14:08:54,88100.0,100,Sell,230713236
2024-08-09 14:09:34,88100.0,1000,Sell,230714583
2024-08-09 14:09:53,88200.0,200,Buy,230715177
2024-08-09 14:09:53,88200.0,100,Buy,230715176
2024-08-09 14:09:53,88200.0,700,Buy,230715178
2024-08-09 14:09:53,88200.0,100,Buy,230715174
2024-08-09 14:09:53,88200.0,100,Buy,230715173
2024-08-09 14:09:53,88200.0,100,Buy,230715172
2024-08-09 14:09:53,88200.0,100,Buy,230715175
2024-08-09 14:09:54,88200.0,300,Buy,230715185
2024-08-09 14:09:54,88200.0,200,Buy,230715186
2024-08-09 14:09:54,88200.0,100,Buy,230715187
2024-08-09 14:10:03,88100.0,100,Sell,230715504
2024-08-09 14:10:31,88100.0,2000,Sell,230716678
2024-08-09 14:10:51,88100.0,500,Sell,230717291
2024-08-09 14:10:51,88100.0,600,Sell,230717296
2024-08-09 14:10:51,88100.0,100,Sell,230717295
2024-08-09 14:10:51,88100.0,200,Sell,230717294
2024-08-09 14:10:51,88100.0,100,Sell,230717292
2024-08-09 14:10:51,88100.0,300,Sell,230717280
2024-08-09 14:10:51,88100.0,300,Sell,230717293
2024-08-09 14:10:51,88100.0,300,Sell,230717278
2024-08-09 14:10:51,88100.0,1100,Sell,230717273
2024-08-09 14:10:51,88100.0,200,Sell,230717274
2024-08-09 14:10:51,88100.0,100,Sell,230717275
2024-08-09 14:10:51,88100.0,100,Sell,230717279
2024-08-09 14:10:51,88100.0,300,Sell,230717276
2024-08-09 14:10:51,88100.0,200,Sell,230717277
2024-08-09 14:10:51,88100.0,600,Sell,230717272
2024-08-09 14:11:11,88100.0,100,Sell,230717961
2024-08-09 14:11:24,88100.0,100,Sell,230718385
2024-08-09 14:11:24,88100.0,200,Sell,230718386
2024-08-09 14:11:24,88100.0,300,Sell,230718387
2024-08-09 14:11:24,88100.0,100,Sell,230718388
2024-08-09 14:11:27,88100.0,300,Buy,230718534
2024-08-09 14:11:42,88100.0,300,Sell,230718871
2024-08-09 14:11:44,88100.0,400,Sell,230718925
2024-08-09 14:12:19,88100.0,100,Sell,230720104
2024-08-09 14:12:49,88100.0,200,Sell,230721035
2024-08-09 14:13:28,88100.0,100,Sell,230722310
2024-08-09 14:13:54,88100.0,8600,Sell,230723080
2024-08-09 14:13:54,88100.0,800,Sell,230723081
2024-08-09 14:14:20,88100.0,9600,Buy,230723889
2024-08-09 14:14:20,88100.0,100,Buy,230723890
2024-08-09 14:14:20,88100.0,100,Buy,230723891
2024-08-09 14:14:20,88100.0,100,Buy,230723892
2024-08-09 14:14:36,88200.0,1100,Buy,230724489
2024-08-09 14:14:38,88100.0,100,Sell,230724546
2024-08-09 14:15:06,88100.0,100,Buy,230725405
2024-08-09 14:15:50,88000.0,100,Sell,230726558
2024-08-09 14:17:02,88000.0,100,Sell,230728712
2024-08-09 14:17:08,88100.0,100,Buy,230728877
2024-08-09 14:17:08,88100.0,500,Buy,230728876
2024-08-09 14:17:30,88200.0,600,Buy,230729609
2024-08-09 14:17:30,88200.0,200,Buy,230729610
2024-08-09 14:17:30,88200.0,400,Buy,230729611
2024-08-09 14:17:30,88200.0,400,Buy,230729614
2024-08-09 14:17:30,88200.0,1700,Buy,230729620
2024-08-09 14:17:30,88200.0,300,Buy,230729621
2024-08-09 14:17:30,88200.0,100,Buy,230729622
2024-08-09 14:17:30,88200.0,100,Buy,230729623
2024-08-09 14:17:30,88200.0,200,Buy,230729624
2024-08-09 14:17:38,88200.0,100,Buy,230729922
2024-08-09 14:18:12,88100.0,5000,Sell,230731028
2024-08-09 14:18:15,88100.0,100,Sell,230731102
2024-08-09 14:19:07,88100.0,100,Sell,230732716
2024-08-09 14:19:07,88100.0,300,Sell,230732715
2024-08-09 14:19:07,88100.0,200,Sell,230732713
2024-08-09 14:19:07,88100.0,4300,Sell,230732712
2024-08-09 14:19:07,88100.0,100,Sell,230732714
2024-08-09 14:19:30,88100.0,100,Sell,230733500
2024-08-09 14:19:31,88100.0,800,Sell,230733564
2024-08-09 14:19:31,88100.0,300,Sell,230733565
2024-08-09 14:19:31,88100.0,100,Sell,230733566
2024-08-09 14:19:31,88100.0,800,Sell,230733567
2024-08-09 14:19:31,88100.0,400,Sell,230733568
2024-08-09 14:19:31,88100.0,600,Sell,230733569
2024-08-09 14:19:31,88100.0,200,Sell,230733570
2024-08-09 14:19:31,88100.0,500,Sell,230733571
2024-08-09 14:19:31,88100.0,300,Sell,230733572
2024-08-09 14:20:05,88100.0,500,Sell,230734482
2024-08-09 14:20:05,88100.0,1300,Sell,230734481
2024-08-09 14:20:05,88100.0,100,Sell,230734479
2024-08-09 14:20:05,88100.0,200,Sell,230734475
2024-08-09 14:20:05,88100.0,600,Sell,230734477
2024-08-09 14:20:05,88100.0,400,Sell,230734476
2024-08-09 14:20:05,88100.0,1400,Sell,230734474
2024-08-09 14:20:05,88100.0,500,Sell,230734478
2024-08-09 14:20:12,88200.0,600,Buy,230734900
2024-08-09 14:20:12,88200.0,100,Buy,230734901
2024-08-09 14:20:12,88200.0,1400,Buy,230734902
2024-08-09 14:20:21,88200.0,900,Buy,230735215
2024-08-09 14:20:21,88200.0,100,Buy,230735216
2024-08-09 14:20:21,88200.0,5500,Buy,230735217
2024-08-09 14:20:21,88200.0,100,Buy,230735218
2024-08-09 14:20:21,88200.0,3700,Buy,230735219
2024-08-09 14:20:22,88200.0,2200,Buy,230735258
2024-08-09 14:20:30,88200.0,1100,Buy,230735711
2024-08-09 14:20:32,88200.0,1800,Buy,230735834
2024-08-09 14:20:45,88100.0,100,Sell,230736401
2024-08-09 14:20:59,88200.0,200,Buy,230736901
2024-08-09 14:20:59,88200.0,200,Buy,230736902
2024-08-09 14:20:59,88200.0,600,Buy,230736903
2024-08-09 14:21:00,88200.0,700,Buy,230736947
2024-08-09 14:21:00,88200.0,100,Buy,230736933
2024-08-09 14:21:00,88200.0,100,Buy,230736932
2024-08-09 14:21:00,88200.0,100,Buy,230736927
2024-08-09 14:21:00,88200.0,100,Buy,230736930
2024-08-09 14:21:00,88200.0,100,Buy,230736926
2024-08-09 14:21:00,88200.0,100,Buy,230736931
2024-08-09 14:21:00,88200.0,100,Buy,230736924
2024-08-09 14:21:00,88200.0,300,Buy,230736923
2024-08-09 14:21:00,88200.0,1000,Buy,230736922
2024-08-09 14:21:00,88200.0,400,Buy,230736919
2024-08-09 14:21:00,88200.0,100,Buy,230736911
2024-08-09 14:21:00,88200.0,400,Buy,230736910
2024-08-09 14:21:00,88200.0,100,Buy,230736925
2024-08-09 14:21:16,88200.0,3300,Buy,230737515
2024-08-09 14:21:27,88200.0,200,Buy,230737843
2024-08-09 14:21:32,88200.0,1000,Buy,230738032
2024-08-09 14:21:40,88200.0,500,Buy,230738365
2024-08-09 14:21:51,88200.0,100,Buy,230738723
2024-08-09 14:21:51,88200.0,300,Buy,230738724
2024-08-09 14:21:51,88200.0,100,Buy,230738725
2024-08-09 14:21:57,88200.0,3300,Buy,230738864
2024-08-09 14:21:59,88200.0,100,Buy,230738954
2024-08-09 14:22:03,88200.0,100,Buy,230739061
2024-08-09 14:22:03,88200.0,800,Buy,230739047
2024-08-09 14:22:03,88100.0,100,Sell,230739060
2024-08-09 14:22:10,88200.0,100,Buy,230739343
2024-08-09 14:22:10,88200.0,300,Buy,230739351
2024-08-09 14:22:10,88200.0,100,Buy,230739352
2024-08-09 14:22:21,88200.0,1100,Buy,230739666
2024-08-09 14:22:27,88200.0,500,Buy,230739850
2024-08-09 14:22:34,88200.0,100,Buy,230740088
2024-08-09 14:22:47,88200.0,100,Buy,230740515
2024-08-09 14:22:51,88200.0,1000,Buy,230740666
2024-08-09 14:23:00,88200.0,1000,Buy,230741022
2024-08-09 14:23:03,88200.0,200,Buy,230741134
2024-08-09 14:23:11,88100.0,100,Sell,230741361
2024-08-09 14:23:21,88200.0,500,Buy,230741816
2024-08-09 14:23:21,88200.0,700,Buy,230741813
2024-08-09 14:23:21,88200.0,100,Buy,230741814
2024-08-09 14:23:21,88200.0,2000,Buy,230741815
2024-08-09 14:23:23,88100.0,100,Sell,230741930
2024-08-09 14:23:34,88100.0,400,Sell,230742362
2024-08-09 14:23:41,88200.0,500,Buy,230742621
2024-08-09 14:23:42,88100.0,1100,Sell,230742672
2024-08-09 14:24:26,88200.0,100,Buy,230744215
2024-08-09 14:24:26,88200.0,1000,Buy,230744216
2024-08-09 14:24:26,88200.0,100,Buy,230744217
2024-08-09 14:24:26,88200.0,800,Buy,230744218
2024-08-09 14:24:26,88200.0,400,Buy,230744219
2024-08-09 14:24:26,88200.0,300,Buy,230744220
2024-08-09 14:24:26,88200.0,600,Buy,230744221
2024-08-09 14:24:43,88100.0,100,Sell,230744775
2024-08-09 14:25:03,88200.0,500,Buy,230745586
2024-08-09 14:25:03,88200.0,100,Buy,230745584
2024-08-09 14:25:03,88200.0,900,Buy,230745583
2024-08-09 14:25:03,88200.0,200,Buy,230745585
2024-08-09 14:25:10,88300.0,100,Buy,230745962
2024-08-09 14:25:10,88300.0,200,Buy,230745963
2024-08-09 14:25:39,88200.0,100,Sell,230747112
2024-08-09 14:25:45,88200.0,1500,Sell,230747334
2024-08-09 14:25:45,88200.0,100,Sell,230747335
2024-08-09 14:25:46,88200.0,100,Buy,230747356
2024-08-09 14:26:10,88200.0,3300,Buy,230748377
2024-08-09 14:26:11,88200.0,200,Buy,230748385
2024-08-09 14:26:19,88200.0,200,Sell,230748672
2024-08-09 14:26:31,88300.0,100,Buy,230749122
2024-08-09 14:26:31,88300.0,200,Buy,230749123
2024-08-09 14:26:31,88300.0,900,Buy,230749121
2024-08-09 14:26:31,88300.0,100,Buy,230749109
2024-08-09 14:26:31,88300.0,100,Buy,230749115
2024-08-09 14:26:31,88300.0,300,Buy,230749111
2024-08-09 14:26:31,88300.0,100,Buy,230749110
2024-08-09 14:26:31,88300.0,200,Buy,230749116
2024-08-09 14:26:37,88300.0,800,Buy,230749447
2024-08-09 14:26:48,88300.0,400,Buy,230749942
2024-08-09 14:27:01,88300.0,800,Buy,230750417
2024-08-09 14:27:01,88300.0,400,Buy,230750427
2024-08-09 14:27:01,88300.0,700,Buy,230750439
2024-08-09 14:27:01,88300.0,100,Buy,230750440
2024-08-09 14:27:03,88200.0,100,Sell,230750518
2024-08-09 14:27:48,88200.0,400,Sell,230752262
2024-08-09 14:27:48,88200.0,100,Sell,230752263
2024-08-09 14:27:57,88200.0,400,Sell,230752636
2024-08-09 14:27:57,88200.0,400,Sell,230752637
2024-08-09 14:28:02,88200.0,2000,Buy,230752869
2024-08-09 14:28:26,88100.0,400,Sell,230754146
2024-08-09 14:28:43,88200.0,1200,Buy,230755032
2024-08-09 14:28:43,88200.0,100,Buy,230755033
2024-08-09 14:28:43,88200.0,100,Buy,230755034
2024-08-09 14:28:43,88200.0,1900,Buy,230755035
2024-08-09 14:44:40,87700.0,304500,ATO/ATC,230759133
