time,price,volume,match_type,id
2024-07-31 09:14:39,87500.0,2000,ATO/ATC,227498811
2024-07-31 09:14:54,87600.0,12000,Buy,227499412
2024-07-31 09:16:56,87600.0,100,Sell,227503333
2024-07-31 09:16:56,87600.0,100,Sell,227503332
2024-07-31 09:17:33,87700.0,500,Buy,227504926
2024-07-31 09:18:03,87700.0,100,Buy,227505898
2024-07-31 09:18:30,87700.0,700,Buy,227506836
2024-07-31 09:18:40,87700.0,2000,Buy,227507273
2024-07-31 09:18:45,87700.0,2200,Buy,227507454
2024-07-31 09:18:45,87700.0,1800,Buy,227507467
2024-07-31 09:19:12,87700.0,1000,Buy,227508407
2024-07-31 09:19:48,87600.0,100,Sell,227509672
2024-07-31 09:19:48,87600.0,900,Sell,227509673
2024-07-31 09:19:49,87600.0,300,Sell,227509703
2024-07-31 09:19:49,87600.0,700,Sell,227509704
2024-07-31 09:21:57,87700.0,1300,Buy,227514599
2024-07-31 09:21:57,87700.0,3000,Buy,227514598
2024-07-31 09:21:57,87700.0,1000,Buy,227514596
2024-07-31 09:21:57,87700.0,1700,Buy,227514595
2024-07-31 09:21:57,87700.0,3000,Buy,227514597
2024-07-31 09:22:11,87700.0,1700,Buy,227515147
2024-07-31 09:22:23,88000.0,100,Buy,227515446
2024-07-31 09:22:23,88000.0,100,Buy,227515447
2024-07-31 09:22:23,88000.0,100,Buy,227515451
2024-07-31 09:22:23,88000.0,200,Buy,227515452
2024-07-31 09:22:23,88100.0,500,Buy,227515453
2024-07-31 09:22:27,87600.0,100,Sell,227515532
2024-07-31 09:23:56,87800.0,1000,Sell,227518092
2024-07-31 09:23:56,87700.0,1500,Sell,227518093
2024-07-31 09:23:56,87700.0,3500,Sell,227518094
2024-07-31 09:26:34,87800.0,500,Sell,227522298
2024-07-31 09:27:21,87800.0,300,Buy,227523959
2024-07-31 09:29:20,88000.0,600,Buy,227528121
2024-07-31 09:29:20,88000.0,400,Buy,227528122
2024-07-31 09:30:15,88000.0,600,Buy,227530217
2024-07-31 09:30:15,88000.0,800,Buy,227530218
2024-07-31 09:30:15,88000.0,200,Buy,227530240
2024-07-31 09:30:15,88000.0,1000,Buy,227530241
2024-07-31 09:30:15,88000.0,200,Buy,227530242
2024-07-31 09:30:15,88000.0,100,Buy,227530243
2024-07-31 09:30:15,88000.0,100,Buy,227530244
2024-07-31 09:30:42,88000.0,500,Buy,227531342
2024-07-31 09:30:49,88000.0,200,Sell,227531518
2024-07-31 09:30:51,88000.0,1000,Sell,227531595
2024-07-31 09:30:55,88000.0,200,Sell,227531734
2024-07-31 09:31:00,88000.0,200,Sell,227531844
2024-07-31 09:31:18,88000.0,300,Buy,227532364
2024-07-31 09:31:24,88000.0,300,Buy,227532530
2024-07-31 09:31:31,88000.0,1200,Buy,227532720
2024-07-31 09:31:31,88000.0,500,Buy,227532721
2024-07-31 09:32:40,88100.0,1000,Buy,227534981
2024-07-31 09:33:18,88000.0,200,Sell,227536273
2024-07-31 09:33:31,88000.0,100,Sell,227536587
2024-07-31 09:33:46,88000.0,100,Sell,227537001
2024-07-31 09:34:00,88100.0,100,Buy,227537436
2024-07-31 09:34:00,88100.0,200,Buy,227537437
2024-07-31 09:34:00,88100.0,100,Buy,227537435
2024-07-31 09:34:00,88100.0,500,Buy,227537434
2024-07-31 09:34:10,88000.0,2400,Sell,227537811
2024-07-31 09:34:10,88000.0,600,Sell,227537812
2024-07-31 09:34:34,88100.0,1000,Buy,227538740
2024-07-31 09:34:45,88000.0,100,Sell,227539028
2024-07-31 09:35:18,88000.0,300,Sell,227540008
2024-07-31 09:35:18,88000.0,200,Sell,227540009
2024-07-31 09:35:18,88000.0,500,Sell,227540010
2024-07-31 09:35:31,88000.0,500,Sell,227540466
2024-07-31 09:36:15,88000.0,100,Sell,227541795
2024-07-31 09:36:45,88000.0,100,Sell,227542684
2024-07-31 09:37:20,88100.0,600,Buy,227543619
2024-07-31 09:38:21,88100.0,400,Buy,227545581
2024-07-31 09:38:21,88100.0,100,Buy,227545580
2024-07-31 09:38:21,88100.0,200,Buy,227545579
2024-07-31 09:38:21,88100.0,500,Buy,227545578
2024-07-31 09:38:21,88100.0,200,Buy,227545576
2024-07-31 09:38:21,88100.0,200,Buy,227545575
2024-07-31 09:38:21,88100.0,8200,Buy,227545573
2024-07-31 09:38:21,88100.0,100,Buy,227545577
2024-07-31 09:38:21,88100.0,100,Buy,227545574
2024-07-31 09:38:29,88100.0,200,Buy,227545816
2024-07-31 09:38:29,88100.0,2000,Buy,227545817
2024-07-31 09:38:29,88100.0,1000,Buy,227545818
2024-07-31 09:38:29,88100.0,1000,Buy,227545819
2024-07-31 09:38:49,88200.0,400,Buy,227546455
2024-07-31 09:38:49,88200.0,100,Buy,227546454
2024-07-31 09:39:05,88200.0,600,Buy,227547061
2024-07-31 09:39:05,88200.0,400,Buy,227547062
2024-07-31 09:39:27,88200.0,100,Buy,227547696
2024-07-31 09:39:27,88200.0,500,Buy,227547697
2024-07-31 09:39:27,88200.0,200,Buy,227547698
2024-07-31 09:39:27,88200.0,100,Buy,227547699
2024-07-31 09:39:27,88200.0,100,Buy,227547700
2024-07-31 09:39:30,88200.0,200,Buy,227547792
2024-07-31 09:39:59,88200.0,3700,Buy,227548814
2024-07-31 09:39:59,88200.0,200,Buy,227548815
2024-07-31 09:39:59,88200.0,6100,Buy,227548816
2024-07-31 09:40:11,88200.0,1000,Buy,227549341
2024-07-31 09:40:12,88200.0,1400,Buy,227549367
2024-07-31 09:40:16,88200.0,2200,Buy,227549512
2024-07-31 09:40:16,88200.0,1800,Buy,227549519
2024-07-31 09:40:29,88200.0,5000,Buy,227549876
2024-07-31 09:40:32,88200.0,400,Buy,227549936
2024-07-31 09:40:35,88200.0,3800,Buy,227550003
2024-07-31 09:40:35,88200.0,3200,Buy,227550006
2024-07-31 09:40:37,88200.0,100,Buy,227550059
2024-07-31 09:40:37,88200.0,100,Buy,227550060
2024-07-31 09:40:37,88200.0,200,Buy,227550061
2024-07-31 09:40:37,88200.0,100,Buy,227550062
2024-07-31 09:40:37,88200.0,100,Buy,227550063
2024-07-31 09:40:37,88200.0,100,Buy,227550064
2024-07-31 09:40:37,88200.0,200,Buy,227550065
2024-07-31 09:40:37,88200.0,100,Buy,227550066
2024-07-31 09:40:40,88200.0,100,Buy,227550190
2024-07-31 09:40:42,88200.0,2800,Buy,227550281
2024-07-31 09:40:42,88200.0,1000,Buy,227550282
2024-07-31 09:40:43,88200.0,800,Buy,227550293
2024-07-31 09:40:43,88200.0,200,Buy,227550292
2024-07-31 09:40:43,88200.0,100,Buy,227550289
2024-07-31 09:40:43,88200.0,100,Buy,227550290
2024-07-31 09:40:43,88200.0,1000,Buy,227550291
2024-07-31 09:40:49,88200.0,900,Buy,227550517
2024-07-31 09:40:49,88200.0,100,Buy,227550522
2024-07-31 09:40:49,88200.0,800,Buy,227550523
2024-07-31 09:40:49,88100.0,100,Sell,227550528
2024-07-31 09:40:49,88200.0,200,Buy,227550516
2024-07-31 09:40:56,88200.0,200,Buy,227550782
2024-07-31 09:40:56,88200.0,100,Buy,227550784
2024-07-31 09:40:56,88200.0,100,Buy,227550785
2024-07-31 09:41:14,88100.0,1000,Sell,227551477
2024-07-31 09:41:14,88200.0,600,Sell,227551476
2024-07-31 09:41:45,88200.0,300,Buy,227552483
2024-07-31 09:42:14,88100.0,100,Sell,227553439
2024-07-31 09:42:35,88100.0,1600,Sell,227554055
2024-07-31 09:42:39,88100.0,500,Sell,227554198
2024-07-31 09:42:47,88100.0,700,Sell,227554402
2024-07-31 09:42:55,88100.0,1800,Sell,227554638
2024-07-31 09:42:55,88100.0,500,Sell,227554639
2024-07-31 09:42:55,88100.0,700,Sell,227554640
2024-07-31 09:42:56,88100.0,200,Sell,227554777
2024-07-31 09:42:56,88100.0,1300,Sell,227554775
2024-07-31 09:42:56,88100.0,100,Sell,227554776
2024-07-31 09:43:02,88100.0,500,Sell,227554977
2024-07-31 09:43:02,88100.0,800,Sell,227554976
2024-07-31 09:43:02,88100.0,100,Sell,227554978
2024-07-31 09:43:34,88000.0,800,Sell,227555870
2024-07-31 09:43:34,88000.0,300,Sell,227555871
2024-07-31 09:43:34,88000.0,100,Sell,227555872
2024-07-31 09:43:34,88000.0,800,Sell,227555873
2024-07-31 09:43:36,88000.0,200,Sell,227555960
2024-07-31 09:43:36,88000.0,200,Sell,227555961
2024-07-31 09:43:50,88000.0,1200,Buy,227556423
2024-07-31 09:44:18,88000.0,200,Sell,227557192
2024-07-31 09:44:18,88000.0,800,Sell,227557193
2024-07-31 09:45:23,88000.0,800,Sell,227559006
2024-07-31 09:45:23,88000.0,200,Sell,227559007
2024-07-31 09:46:00,88000.0,200,Buy,227559941
2024-07-31 09:48:17,88000.0,100,Buy,227562839
2024-07-31 09:48:32,88000.0,200,Buy,227563141
2024-07-31 09:48:32,88000.0,1000,Buy,227563142
2024-07-31 09:48:32,88000.0,400,Buy,227563143
2024-07-31 09:48:34,88000.0,600,Buy,227563175
2024-07-31 09:49:13,88000.0,100,Buy,227563834
2024-07-31 09:50:03,87900.0,300,Sell,227564980
2024-07-31 09:50:36,88000.0,100,Buy,227565747
2024-07-31 09:51:07,88000.0,500,Buy,227566392
2024-07-31 09:51:29,88000.0,300,Buy,227566901
2024-07-31 09:51:29,88000.0,500,Buy,227566900
2024-07-31 09:51:29,88000.0,1000,Buy,227566898
2024-07-31 09:51:29,88000.0,1000,Buy,227566899
2024-07-31 09:51:29,88000.0,300,Buy,227566897
2024-07-31 09:51:58,88000.0,100,Buy,227567484
2024-07-31 09:52:30,87900.0,800,Sell,227568142
2024-07-31 09:52:30,87900.0,800,Sell,227568143
2024-07-31 09:53:01,87900.0,100,Sell,227568903
2024-07-31 09:54:23,87900.0,100,Sell,227570465
2024-07-31 09:55:41,87900.0,100,Sell,227572157
2024-07-31 09:56:02,87900.0,200,Sell,227572706
2024-07-31 09:56:11,87900.0,700,Sell,227572894
2024-07-31 09:56:11,87900.0,100,Sell,227572895
2024-07-31 09:56:11,87900.0,200,Sell,227572896
2024-07-31 09:56:20,87900.0,300,Sell,227573118
2024-07-31 09:56:33,87900.0,1000,Sell,227573422
2024-07-31 09:56:35,87900.0,2200,Sell,227573510
2024-07-31 09:56:35,87900.0,1300,Sell,227573525
2024-07-31 09:56:35,87900.0,500,Sell,227573526
2024-07-31 09:56:35,87900.0,100,Sell,227573527
2024-07-31 09:56:35,87900.0,1000,Sell,227573528
2024-07-31 09:56:57,87800.0,100,Sell,227574132
2024-07-31 09:56:57,87800.0,1100,Sell,227574133
2024-07-31 09:56:57,87800.0,900,Sell,227574134
2024-07-31 09:56:57,87700.0,100,Sell,227574135
2024-07-31 09:57:12,87700.0,400,Sell,227574578
2024-07-31 09:57:12,87700.0,100,Sell,227574577
2024-07-31 09:57:12,87700.0,500,Sell,227574576
2024-07-31 09:57:12,87700.0,200,Sell,227574574
2024-07-31 09:57:12,87700.0,500,Sell,227574573
2024-07-31 09:57:12,87700.0,100,Sell,227574572
2024-07-31 09:57:12,87700.0,200,Sell,227574575
2024-07-31 09:57:18,87700.0,1000,Sell,227574687
2024-07-31 09:59:08,87900.0,100,Buy,227577069
2024-07-31 09:59:08,87900.0,1000,Buy,227577070
2024-07-31 09:59:08,87900.0,900,Buy,227577071
2024-07-31 09:59:08,87900.0,1000,Buy,227577072
2024-07-31 09:59:08,87900.0,1000,Buy,227577073
2024-07-31 09:59:08,87900.0,1000,Buy,227577074
2024-07-31 09:59:08,87900.0,1000,Buy,227577075
2024-07-31 09:59:08,87900.0,1000,Buy,227577076
2024-07-31 09:59:08,87900.0,1000,Buy,227577077
2024-07-31 10:00:47,87900.0,1400,Sell,227579755
2024-07-31 10:01:29,87900.0,400,Sell,227580596
2024-07-31 10:01:43,87900.0,200,Sell,227580941
2024-07-31 10:01:43,87900.0,100,Sell,227580942
2024-07-31 10:01:56,87900.0,100,Sell,227581179
2024-07-31 10:03:27,87900.0,100,Sell,227583083
2024-07-31 10:03:51,87900.0,800,Sell,227583585
2024-07-31 10:03:51,87900.0,200,Sell,227583586
2024-07-31 10:05:26,87900.0,700,Sell,227585782
2024-07-31 10:05:26,87900.0,700,Sell,227585783
2024-07-31 10:05:39,87900.0,1300,Sell,227586257
2024-07-31 10:05:39,87800.0,1000,Sell,227586258
2024-07-31 10:05:54,87800.0,2100,Sell,227586756
2024-07-31 10:05:56,87800.0,1500,Sell,227586820
2024-07-31 10:05:56,87800.0,900,Sell,227586819
2024-07-31 10:05:56,87800.0,1100,Sell,227586818
2024-07-31 10:05:56,87800.0,6900,Sell,227586817
2024-07-31 10:06:08,87700.0,2200,Sell,227587174
2024-07-31 10:06:17,87700.0,1100,Sell,227587498
2024-07-31 10:06:17,87700.0,5000,Sell,227587499
2024-07-31 10:06:17,87700.0,100,Sell,227587500
2024-07-31 10:06:17,87700.0,1000,Sell,227587501
2024-07-31 10:06:17,87700.0,200,Sell,227587502
2024-07-31 10:06:17,87600.0,500,Sell,227587503
2024-07-31 10:06:17,87600.0,1000,Sell,227587504
2024-07-31 10:06:17,87600.0,400,Sell,227587505
2024-07-31 10:06:17,87600.0,3700,Sell,227587506
2024-07-31 10:06:27,87800.0,200,Buy,227587857
2024-07-31 10:06:28,87600.0,600,Sell,227587875
2024-07-31 10:07:11,87700.0,1600,Sell,227588902
2024-07-31 10:07:11,87700.0,1400,Sell,227588901
2024-07-31 10:07:49,87700.0,3000,Sell,227589712
2024-07-31 10:08:44,87800.0,500,Buy,227590971
2024-07-31 10:09:29,87800.0,900,Buy,227591844
2024-07-31 10:09:29,87800.0,100,Buy,227591845
2024-07-31 10:09:35,87700.0,1600,Sell,227592023
2024-07-31 10:09:43,87700.0,2300,Sell,227592356
2024-07-31 10:10:41,87700.0,600,Sell,227593495
2024-07-31 10:10:41,87700.0,2400,Sell,227593496
2024-07-31 10:10:57,87800.0,1000,Buy,227593911
2024-07-31 10:10:57,87800.0,500,Buy,227593910
2024-07-31 10:10:57,87800.0,1000,Buy,227593909
2024-07-31 10:10:57,87800.0,1000,Buy,227593908
2024-07-31 10:10:57,87800.0,1000,Buy,227593907
2024-07-31 10:10:57,87800.0,1000,Buy,227593906
2024-07-31 10:10:57,87800.0,1000,Buy,227593905
2024-07-31 10:10:57,87800.0,1000,Buy,227593904
2024-07-31 10:10:57,87800.0,1000,Buy,227593903
2024-07-31 10:10:57,87800.0,1000,Buy,227593902
2024-07-31 10:10:57,87800.0,2900,Buy,227593901
2024-07-31 10:11:54,87900.0,100,Sell,227595081
2024-07-31 10:12:00,87900.0,1000,Sell,227595192
2024-07-31 10:12:00,87900.0,900,Sell,227595193
2024-07-31 10:12:00,87800.0,1400,Sell,227595194
2024-07-31 10:12:00,87800.0,1100,Sell,227595195
2024-07-31 10:12:00,87800.0,600,Sell,227595196
2024-07-31 10:12:34,88000.0,300,Buy,227596046
2024-07-31 10:13:38,88000.0,300,Buy,227597258
2024-07-31 10:13:38,88000.0,500,Buy,227597257
2024-07-31 10:13:38,88000.0,300,Buy,227597256
2024-07-31 10:13:38,88000.0,200,Buy,227597255
2024-07-31 10:13:38,88000.0,700,Buy,227597246
2024-07-31 10:13:51,88000.0,300,Buy,227597536
2024-07-31 10:14:28,88000.0,1400,Buy,227598272
2024-07-31 10:14:28,88000.0,200,Buy,227598273
2024-07-31 10:14:28,88000.0,100,Buy,227598274
2024-07-31 10:14:28,88000.0,2400,Buy,227598275
2024-07-31 10:14:28,88000.0,900,Buy,227598276
2024-07-31 10:14:38,88000.0,100,Buy,227598564
2024-07-31 10:14:38,88000.0,100,Buy,227598565
2024-07-31 10:14:46,88000.0,600,Buy,227598705
2024-07-31 10:14:46,88000.0,200,Buy,227598704
2024-07-31 10:14:46,88000.0,100,Buy,227598700
2024-07-31 10:14:46,88000.0,1000,Buy,227598702
2024-07-31 10:14:46,88000.0,1000,Buy,227598703
2024-07-31 10:14:46,88000.0,1000,Buy,227598701
2024-07-31 10:14:50,88000.0,300,Sell,227598775
2024-07-31 10:15:08,88000.0,300,Sell,227599160
2024-07-31 10:15:24,88100.0,100,Buy,227599544
2024-07-31 10:16:08,88000.0,5000,Sell,227600416
2024-07-31 10:16:18,88000.0,5000,Sell,227600699
2024-07-31 10:17:09,88000.0,100,Sell,227601870
2024-07-31 10:17:55,88000.0,100,Sell,227602877
2024-07-31 10:19:15,88000.0,100,Sell,227604499
2024-07-31 10:19:15,88000.0,500,Sell,227604500
2024-07-31 10:19:15,88000.0,1000,Sell,227604501
2024-07-31 10:19:39,88100.0,500,Buy,227604989
2024-07-31 10:21:40,88000.0,100,Sell,227607333
2024-07-31 10:22:32,88000.0,100,Sell,227608174
2024-07-31 10:23:10,88000.0,300,Sell,227608903
2024-07-31 10:23:43,88000.0,200,Sell,227609410
2024-07-31 10:24:13,88000.0,100,Sell,227610227
2024-07-31 10:24:18,88000.0,4300,Sell,227610286
2024-07-31 10:24:18,88000.0,1000,Sell,227610287
2024-07-31 10:24:18,88000.0,500,Sell,227610288
2024-07-31 10:24:18,88000.0,100,Sell,227610289
2024-07-31 10:24:18,88000.0,2000,Sell,227610290
2024-07-31 10:24:18,88000.0,2100,Sell,227610291
2024-07-31 10:24:26,88000.0,200,Sell,227610412
2024-07-31 10:25:24,88000.0,100,Sell,227611917
2024-07-31 10:27:14,88000.0,500,Sell,227613769
2024-07-31 10:27:41,88000.0,100,Sell,227614167
2024-07-31 10:28:14,88000.0,900,Sell,227614695
2024-07-31 10:28:14,88000.0,400,Sell,227614696
2024-07-31 10:28:58,88000.0,100,Sell,227615449
2024-07-31 10:29:02,88000.0,900,Sell,227615525
2024-07-31 10:29:22,88100.0,200,Buy,227615828
2024-07-31 10:29:25,88000.0,1000,Sell,227615883
2024-07-31 10:30:06,88000.0,100,Sell,227616716
2024-07-31 10:30:43,88000.0,100,Sell,227617674
2024-07-31 10:30:44,88000.0,400,Sell,227617689
2024-07-31 10:30:44,88000.0,800,Sell,227617690
2024-07-31 10:30:44,88000.0,100,Sell,227617691
2024-07-31 10:33:25,88000.0,300,Buy,227620288
2024-07-31 10:33:25,88000.0,600,Buy,227620287
2024-07-31 10:33:25,88000.0,100,Buy,227620280
2024-07-31 10:33:25,88000.0,300,Buy,227620282
2024-07-31 10:33:25,88000.0,1000,Buy,227620281
2024-07-31 10:33:25,88000.0,700,Buy,227620286
2024-07-31 10:34:47,88000.0,200,Buy,227621765
2024-07-31 10:34:47,88000.0,300,Buy,227621766
2024-07-31 10:36:10,88000.0,500,Sell,227623485
2024-07-31 10:36:52,88000.0,100,Sell,227624359
2024-07-31 10:37:02,88000.0,500,Sell,227624510
2024-07-31 10:38:03,88100.0,100,Buy,227625427
2024-07-31 10:38:03,88100.0,300,Buy,227625426
2024-07-31 10:38:03,88100.0,200,Buy,227625425
2024-07-31 10:39:58,88000.0,100,Sell,227628686
2024-07-31 10:40:07,88000.0,100,Sell,227628932
2024-07-31 10:40:07,88000.0,400,Sell,227628933
2024-07-31 10:41:07,88000.0,100,Sell,227629919
2024-07-31 10:41:07,88000.0,1000,Sell,227629920
2024-07-31 10:42:06,88000.0,500,Buy,227631096
2024-07-31 10:42:24,88000.0,400,Buy,227631538
2024-07-31 10:42:24,88000.0,100,Buy,227631539
2024-07-31 10:42:24,88000.0,100,Buy,227631540
2024-07-31 10:45:20,88000.0,100,Sell,227635188
2024-07-31 10:48:43,88000.0,1200,Sell,227639771
2024-07-31 10:48:52,88000.0,1800,Sell,227639920
2024-07-31 10:49:49,88100.0,100,Buy,227641567
2024-07-31 10:50:06,88000.0,200,Sell,227641843
2024-07-31 10:50:22,88100.0,100,Buy,227642132
2024-07-31 10:51:12,88100.0,2800,Buy,227643664
2024-07-31 10:51:12,88100.0,100,Buy,227643665
2024-07-31 10:51:12,88100.0,1000,Buy,227643666
2024-07-31 10:51:12,88100.0,200,Buy,227643667
2024-07-31 10:51:12,88100.0,100,Buy,227643668
2024-07-31 10:51:12,88100.0,1000,Buy,227643669
2024-07-31 10:51:12,88100.0,1000,Buy,227643670
2024-07-31 10:51:12,88100.0,400,Buy,227643671
2024-07-31 10:51:12,88100.0,100,Buy,227643672
2024-07-31 10:51:12,88100.0,1000,Buy,227643673
2024-07-31 10:51:12,88100.0,2300,Buy,227643674
2024-07-31 10:51:27,88100.0,800,Buy,227644221
2024-07-31 10:51:27,88100.0,200,Buy,227644217
2024-07-31 10:51:27,88100.0,900,Buy,227644218
2024-07-31 10:51:27,88100.0,100,Buy,227644220
2024-07-31 10:51:28,88100.0,200,Buy,227644252
2024-07-31 10:51:59,88100.0,2600,Sell,227645109
2024-07-31 10:52:14,88100.0,400,Buy,227645450
2024-07-31 10:52:24,88100.0,900,Sell,227645665
2024-07-31 10:52:24,88100.0,1000,Sell,227645666
2024-07-31 10:52:25,88100.0,500,Buy,227645706
2024-07-31 10:52:30,88100.0,600,Buy,227645816
2024-07-31 10:52:36,88200.0,500,Buy,227645981
2024-07-31 10:52:46,88100.0,500,Sell,227646273
2024-07-31 10:53:03,88100.0,300,Sell,227646666
2024-07-31 10:53:03,88100.0,800,Sell,227646665
2024-07-31 10:53:03,88100.0,900,Sell,227646664
2024-07-31 10:54:09,88100.0,100,Buy,227648672
2024-07-31 10:54:19,88100.0,100,Buy,227648957
2024-07-31 10:55:46,88100.0,800,Buy,227651481
2024-07-31 10:55:46,88100.0,3000,Buy,227651482
2024-07-31 10:55:46,88100.0,1000,Buy,227651483
2024-07-31 10:55:46,88100.0,3000,Buy,227651484
2024-07-31 10:55:46,88100.0,100,Buy,227651485
2024-07-31 10:55:46,88100.0,2100,Buy,227651486
2024-07-31 10:55:54,88100.0,1000,Buy,227651710
2024-07-31 10:55:54,88100.0,1200,Buy,227651708
2024-07-31 10:55:54,88100.0,1000,Buy,227651709
2024-07-31 10:55:54,88100.0,1800,Buy,227651707
2024-07-31 10:55:54,88100.0,100,Buy,227651706
2024-07-31 10:55:54,88100.0,900,Buy,227651705
2024-07-31 10:55:55,88100.0,400,Buy,227651718
2024-07-31 10:56:04,88100.0,100,Sell,227651940
2024-07-31 10:56:08,88100.0,800,Sell,227652078
2024-07-31 10:56:08,88100.0,800,Sell,227652079
2024-07-31 10:56:09,88100.0,2400,Sell,227652123
2024-07-31 10:56:10,88100.0,3000,Sell,227652212
2024-07-31 10:56:23,88100.0,800,Sell,227652583
2024-07-31 10:56:23,88100.0,100,Sell,227652584
2024-07-31 10:56:23,88000.0,1400,Sell,227652585
2024-07-31 10:56:27,88000.0,3000,Sell,227652787
2024-07-31 10:56:28,88000.0,1600,Sell,227652915
2024-07-31 10:57:33,88000.0,100,Sell,227654473
2024-07-31 10:57:33,88000.0,300,Sell,227654474
2024-07-31 10:57:55,88100.0,100,Buy,227654953
2024-07-31 10:57:55,88100.0,200,Buy,227654954
2024-07-31 10:57:55,88100.0,100,Buy,227654955
2024-07-31 10:57:55,88100.0,1000,Buy,227654956
2024-07-31 10:59:37,88200.0,600,Buy,227657105
2024-07-31 11:00:12,88100.0,300,Sell,227657625
2024-07-31 11:00:38,88200.0,500,Buy,227658077
2024-07-31 11:01:02,88200.0,200,Buy,227658528
2024-07-31 11:01:04,88200.0,1000,Buy,227658550
2024-07-31 11:01:57,88200.0,100,Buy,227659623
2024-07-31 11:01:58,88200.0,800,Buy,227659643
2024-07-31 11:01:58,88200.0,100,Buy,227659642
2024-07-31 11:02:52,88200.0,100,Buy,227660665
2024-07-31 11:02:52,88200.0,900,Buy,227660666
2024-07-31 11:02:57,88200.0,100,Buy,227660750
2024-07-31 11:02:57,88200.0,100,Buy,227660751
2024-07-31 11:02:57,88200.0,100,Buy,227660752
2024-07-31 11:02:57,88200.0,100,Buy,227660753
2024-07-31 11:03:47,88200.0,100,Buy,227661768
2024-07-31 11:03:47,88200.0,800,Buy,227661769
2024-07-31 11:03:48,88100.0,500,Sell,227661803
2024-07-31 11:03:55,88100.0,100,Sell,227661899
2024-07-31 11:04:40,88200.0,100,Buy,227663062
2024-07-31 11:04:40,88200.0,500,Buy,227663060
2024-07-31 11:04:40,88200.0,200,Buy,227663059
2024-07-31 11:04:40,88200.0,200,Buy,227663061
2024-07-31 11:04:44,88100.0,100,Sell,227663117
2024-07-31 11:04:45,88200.0,800,Buy,227663150
2024-07-31 11:04:45,88200.0,200,Buy,227663153
2024-07-31 11:04:45,88200.0,200,Buy,227663151
2024-07-31 11:04:45,88200.0,300,Buy,227663152
2024-07-31 11:04:45,88200.0,100,Buy,227663154
2024-07-31 11:04:45,88200.0,100,Buy,227663149
2024-07-31 11:04:45,88200.0,500,Buy,227663156
2024-07-31 11:04:45,88200.0,100,Buy,227663157
2024-07-31 11:04:45,88200.0,100,Buy,227663158
2024-07-31 11:04:45,88200.0,16200,Buy,227663162
2024-07-31 11:04:45,88200.0,200,Buy,227663155
2024-07-31 11:04:45,88200.0,2000,Buy,227663148
2024-07-31 11:04:45,88200.0,1000,Buy,227663161
2024-07-31 11:04:45,88200.0,100,Buy,227663146
2024-07-31 11:04:45,88200.0,1300,Buy,227663147
2024-07-31 11:04:45,88200.0,1900,Buy,227663134
2024-07-31 11:04:45,88200.0,100,Buy,227663135
2024-07-31 11:04:45,88200.0,500,Buy,227663136
2024-07-31 11:04:45,88200.0,100,Buy,227663137
2024-07-31 11:04:45,88200.0,1000,Buy,227663138
2024-07-31 11:04:45,88200.0,100,Buy,227663159
2024-07-31 11:04:45,88200.0,200,Buy,227663140
2024-07-31 11:04:45,88200.0,100,Buy,227663144
2024-07-31 11:04:45,88200.0,500,Buy,227663143
2024-07-31 11:04:45,88200.0,100,Buy,227663145
2024-07-31 11:04:45,88200.0,1000,Buy,227663142
2024-07-31 11:04:45,88200.0,200,Buy,227663139
2024-07-31 11:04:45,88200.0,1000,Buy,227663141
2024-07-31 11:04:52,88200.0,30000,Buy,227663330
2024-07-31 11:04:57,88200.0,4600,Buy,227663445
2024-07-31 11:04:57,88200.0,5400,Buy,227663446
2024-07-31 11:04:58,88200.0,500,Buy,227663488
2024-07-31 11:04:58,88200.0,100,Buy,227663487
2024-07-31 11:04:58,88200.0,1000,Buy,227663486
2024-07-31 11:04:58,88200.0,100,Buy,227663485
2024-07-31 11:04:58,88200.0,200,Buy,227663484
2024-07-31 11:04:58,88200.0,200,Buy,227663483
2024-07-31 11:04:58,88200.0,3000,Buy,227663481
2024-07-31 11:04:58,88200.0,100,Buy,227663482
2024-07-31 11:04:58,88200.0,1000,Buy,227663479
2024-07-31 11:04:58,88200.0,10000,Buy,227663478
2024-07-31 11:04:58,88200.0,1000,Buy,227663477
2024-07-31 11:04:58,88200.0,400,Buy,227663476
2024-07-31 11:04:58,88200.0,3000,Buy,227663475
2024-07-31 11:04:58,88200.0,1000,Buy,227663474
2024-07-31 11:04:58,88200.0,900,Buy,227663473
2024-07-31 11:04:58,88200.0,3000,Buy,227663480
2024-07-31 11:05:08,88300.0,1500,Buy,227663748
2024-07-31 11:05:08,88300.0,1000,Buy,227663747
2024-07-31 11:05:08,88300.0,1600,Buy,227663746
2024-07-31 11:05:08,88300.0,100,Buy,227663745
2024-07-31 11:05:08,88300.0,400,Buy,227663744
2024-07-31 11:05:08,88300.0,600,Buy,227663743
2024-07-31 11:05:08,88300.0,1000,Buy,227663740
2024-07-31 11:05:08,88300.0,1000,Buy,227663741
2024-07-31 11:05:08,88300.0,300,Buy,227663742
2024-07-31 11:05:08,88300.0,100,Buy,227663735
2024-07-31 11:05:08,88300.0,2000,Buy,227663736
2024-07-31 11:05:08,88300.0,100,Buy,227663739
2024-07-31 11:05:08,88300.0,100,Buy,227663738
2024-07-31 11:05:08,88300.0,200,Buy,227663737
2024-07-31 11:05:10,88200.0,400,Sell,227663762
2024-07-31 11:05:28,88300.0,100,Buy,227664054
2024-07-31 11:05:28,88300.0,100,Buy,227664053
2024-07-31 11:05:28,88300.0,500,Buy,227664052
2024-07-31 11:05:28,88300.0,100,Buy,227664051
2024-07-31 11:05:28,88300.0,400,Buy,227664050
2024-07-31 11:05:28,88300.0,200,Buy,227664049
2024-07-31 11:05:28,88300.0,200,Buy,227664047
2024-07-31 11:05:28,88300.0,200,Buy,227664044
2024-07-31 11:05:28,88300.0,1000,Buy,227664055
2024-07-31 11:05:28,88300.0,100,Buy,227664042
2024-07-31 11:05:28,88300.0,100,Buy,227664041
2024-07-31 11:05:28,88300.0,300,Buy,227664040
2024-07-31 11:05:28,88300.0,1500,Buy,227664039
2024-07-31 11:05:28,88300.0,100,Buy,227664048
2024-07-31 11:05:28,88300.0,100,Buy,227664043
2024-07-31 11:05:31,88300.0,100,Buy,227664101
2024-07-31 11:05:31,88300.0,100,Buy,227664102
2024-07-31 11:05:34,88400.0,100,Buy,227664171
2024-07-31 11:05:34,88400.0,300,Buy,227664170
2024-07-31 11:05:34,88400.0,100,Buy,227664166
2024-07-31 11:05:34,88400.0,200,Buy,227664168
2024-07-31 11:05:34,88400.0,100,Buy,227664167
2024-07-31 11:05:34,88400.0,200,Buy,227664169
2024-07-31 11:05:48,88300.0,100,Sell,227664352
2024-07-31 11:05:54,88300.0,1400,Sell,227664540
2024-07-31 11:05:54,88300.0,1000,Sell,227664541
2024-07-31 11:05:54,88300.0,300,Sell,227664542
2024-07-31 11:05:54,88300.0,100,Sell,227664543
2024-07-31 11:06:11,88300.0,200,Buy,227664825
2024-07-31 11:06:25,88300.0,500,Sell,227665023
2024-07-31 11:06:33,88400.0,700,Buy,227665141
2024-07-31 11:06:33,88400.0,200,Buy,227665140
2024-07-31 11:06:33,88400.0,100,Buy,227665139
2024-07-31 11:06:33,88400.0,500,Buy,227665138
2024-07-31 11:06:33,88400.0,1000,Buy,227665135
2024-07-31 11:06:33,88400.0,1000,Buy,227665136
2024-07-31 11:06:33,88400.0,1000,Buy,227665134
2024-07-31 11:06:33,88400.0,1000,Buy,227665137
2024-07-31 11:06:33,88400.0,100,Buy,227665133
2024-07-31 11:06:36,88400.0,100,Sell,227665189
2024-07-31 11:06:40,88400.0,400,Sell,227665264
2024-07-31 11:06:41,88400.0,2000,Sell,227665290
2024-07-31 11:06:44,88400.0,100,Sell,227665317
2024-07-31 11:06:47,88400.0,100,Sell,227665360
2024-07-31 11:07:00,88400.0,100,Sell,227665645
2024-07-31 11:07:06,88500.0,100,Buy,227665796
2024-07-31 11:07:06,88500.0,500,Buy,227665797
2024-07-31 11:07:06,88500.0,1600,Buy,227665798
2024-07-31 11:07:06,88500.0,100,Buy,227665799
2024-07-31 11:07:06,88500.0,100,Buy,227665800
2024-07-31 11:07:06,88500.0,300,Buy,227665801
2024-07-31 11:07:06,88500.0,500,Buy,227665802
2024-07-31 11:07:06,88500.0,200,Buy,227665803
2024-07-31 11:07:06,88400.0,100,Sell,227665788
2024-07-31 11:07:07,88400.0,400,Sell,227665829
2024-07-31 11:07:34,88500.0,1000,Buy,227666278
2024-07-31 11:07:39,88400.0,600,Sell,227666344
2024-07-31 11:07:44,88500.0,300,Buy,227666424
2024-07-31 11:08:19,88400.0,100,Sell,227666857
2024-07-31 11:08:23,88400.0,600,Sell,227666913
2024-07-31 11:08:23,88400.0,400,Sell,227666912
2024-07-31 11:08:28,88500.0,1000,Buy,227666985
2024-07-31 11:08:34,88400.0,1400,Sell,227667064
2024-07-31 11:08:34,88400.0,200,Sell,227667065
2024-07-31 11:08:34,88400.0,400,Sell,227667066
2024-07-31 11:08:35,88400.0,500,Sell,227667078
2024-07-31 11:08:49,88400.0,100,Sell,227667302
2024-07-31 11:08:49,88400.0,600,Sell,227667303
2024-07-31 11:08:57,88400.0,100,Sell,227667444
2024-07-31 11:09:22,88500.0,300,Buy,227667893
2024-07-31 11:09:51,88500.0,300,Buy,227668246
2024-07-31 11:09:58,88400.0,100,Sell,227668334
2024-07-31 11:10:15,88400.0,100,Sell,227668566
2024-07-31 11:10:16,88500.0,1000,Buy,227668580
2024-07-31 11:10:36,88400.0,100,Sell,227669021
2024-07-31 11:11:03,88400.0,200,Sell,227669478
2024-07-31 11:11:11,88500.0,500,Buy,227669583
2024-07-31 11:11:11,88500.0,100,Buy,227669584
2024-07-31 11:11:11,88500.0,100,Buy,227669585
2024-07-31 11:11:11,88500.0,300,Buy,227669582
2024-07-31 11:11:50,88500.0,300,Buy,227670213
2024-07-31 11:11:54,88500.0,400,Buy,227670280
2024-07-31 11:11:54,88500.0,500,Buy,227670279
2024-07-31 11:11:54,88500.0,200,Buy,227670278
2024-07-31 11:11:54,88500.0,100,Buy,227670277
2024-07-31 11:11:54,88500.0,100,Buy,227670276
2024-07-31 11:11:54,88500.0,300,Buy,227670275
2024-07-31 11:11:54,88500.0,3200,Buy,227670274
2024-07-31 11:11:54,88500.0,500,Buy,227670272
2024-07-31 11:11:54,88500.0,500,Buy,227670271
2024-07-31 11:11:54,88500.0,200,Buy,227670270
2024-07-31 11:11:54,88500.0,500,Buy,227670269
2024-07-31 11:11:54,88500.0,4400,Buy,227670268
2024-07-31 11:11:54,88500.0,400,Buy,227670267
2024-07-31 11:11:54,88500.0,600,Buy,227670266
2024-07-31 11:11:54,88500.0,100,Buy,227670273
2024-07-31 11:12:04,88500.0,900,Buy,227670389
2024-07-31 11:12:13,88500.0,1000,Buy,227670509
2024-07-31 11:12:15,88500.0,1000,Buy,227670530
2024-07-31 11:12:32,88500.0,500,Buy,227670760
2024-07-31 11:12:42,88500.0,100,Buy,227670959
2024-07-31 11:12:42,88500.0,100,Buy,227670957
2024-07-31 11:12:42,88500.0,600,Buy,227670956
2024-07-31 11:12:42,88500.0,200,Buy,227670958
2024-07-31 11:12:45,88500.0,500,Buy,227670990
2024-07-31 11:12:58,88500.0,3000,Buy,227671196
2024-07-31 11:12:58,88500.0,900,Buy,227671207
2024-07-31 11:12:58,88500.0,100,Buy,227671208
2024-07-31 11:13:04,88500.0,400,Buy,227671282
2024-07-31 11:13:04,88500.0,400,Buy,227671283
2024-07-31 11:13:11,88400.0,3500,Sell,227671371
2024-07-31 11:13:11,88400.0,500,Sell,227671372
2024-07-31 11:13:18,88500.0,100,Buy,227671495
2024-07-31 11:13:32,88500.0,1000,Buy,227671674
2024-07-31 11:13:39,88500.0,200,Buy,227671767
2024-07-31 11:13:41,88500.0,4600,Buy,227671803
2024-07-31 11:13:41,88500.0,4400,Buy,227671802
2024-07-31 11:13:41,88500.0,100,Buy,227671801
2024-07-31 11:13:41,88400.0,1000,Sell,227671789
2024-07-31 11:13:41,88500.0,500,Buy,227671799
2024-07-31 11:13:41,88500.0,200,Buy,227671798
2024-07-31 11:13:41,88500.0,2100,Buy,227671797
2024-07-31 11:13:41,88500.0,100,Buy,227671800
2024-07-31 11:13:48,88500.0,200,Buy,227671891
2024-07-31 11:13:50,88500.0,2000,Buy,227671910
2024-07-31 11:13:52,88500.0,900,Buy,227671952
2024-07-31 11:14:47,88500.0,1000,Buy,227672655
2024-07-31 11:14:52,88500.0,1000,Buy,227672698
2024-07-31 11:15:08,88500.0,18700,Buy,227672977
2024-07-31 11:15:08,88500.0,300,Buy,227672976
2024-07-31 11:15:10,88500.0,500,Buy,227673005
2024-07-31 11:15:16,88500.0,800,Buy,227673063
2024-07-31 11:15:17,88500.0,100,Buy,227673065
2024-07-31 11:15:17,88500.0,100,Buy,227673066
2024-07-31 11:15:17,88500.0,500,Buy,227673067
2024-07-31 11:15:17,88500.0,3500,Buy,227673068
2024-07-31 11:15:23,88500.0,900,Buy,227673141
2024-07-31 11:15:23,88500.0,100,Buy,227673142
2024-07-31 11:15:26,88500.0,1100,Buy,227673190
2024-07-31 11:15:26,88500.0,100,Buy,227673189
2024-07-31 11:15:26,88500.0,300,Buy,227673186
2024-07-31 11:15:26,88500.0,100,Buy,227673175
2024-07-31 11:15:26,88500.0,200,Buy,227673187
2024-07-31 11:15:26,88500.0,300,Buy,227673188
2024-07-31 11:15:36,88500.0,1000,Buy,227673325
2024-07-31 11:15:41,88500.0,900,Buy,227673373
2024-07-31 11:15:45,88500.0,2500,Buy,227673440
2024-07-31 11:15:50,88500.0,300,Buy,227673522
2024-07-31 11:16:01,88500.0,300,Buy,227673704
2024-07-31 11:16:06,88500.0,1000,Buy,227673887
2024-07-31 11:16:30,88400.0,100,Sell,227674325
2024-07-31 11:16:31,88500.0,100,Buy,227674339
2024-07-31 11:16:31,88500.0,100,Buy,227674340
2024-07-31 11:16:31,88500.0,500,Buy,227674338
2024-07-31 11:16:31,88500.0,1000,Buy,227674336
2024-07-31 11:16:31,88500.0,500,Buy,227674335
2024-07-31 11:16:31,88500.0,1700,Buy,227674334
2024-07-31 11:16:31,88500.0,100,Buy,227674337
2024-07-31 11:16:35,88500.0,900,Buy,227674356
2024-07-31 11:17:07,88400.0,100,Sell,227674851
2024-07-31 11:17:21,88400.0,100,Sell,227675062
2024-07-31 11:17:29,88500.0,100,Buy,227675232
2024-07-31 11:17:29,88500.0,800,Buy,227675233
2024-07-31 11:17:35,88500.0,200,Buy,227675339
2024-07-31 11:17:35,88500.0,800,Buy,227675340
2024-07-31 11:18:06,88500.0,200,Buy,227675821
2024-07-31 11:18:06,88500.0,100,Buy,227675820
2024-07-31 11:18:06,88500.0,100,Buy,227675819
2024-07-31 11:18:06,88500.0,100,Buy,227675817
2024-07-31 11:18:06,88500.0,100,Buy,227675816
2024-07-31 11:18:06,88500.0,100,Buy,227675815
2024-07-31 11:18:06,88500.0,200,Buy,227675814
2024-07-31 11:18:06,88500.0,100,Buy,227675818
2024-07-31 11:18:22,88500.0,800,Buy,227676051
2024-07-31 11:18:22,88500.0,100,Buy,227676052
2024-07-31 11:19:18,88500.0,100,Buy,227676936
2024-07-31 11:19:18,88500.0,800,Buy,227676937
2024-07-31 11:19:48,88500.0,1000,Buy,227677409
2024-07-31 11:19:48,88500.0,200,Buy,227677408
2024-07-31 11:19:48,88500.0,300,Buy,227677407
2024-07-31 11:19:48,88500.0,200,Buy,227677405
2024-07-31 11:19:48,88500.0,100,Buy,227677404
2024-07-31 11:19:48,88500.0,500,Buy,227677406
2024-07-31 11:19:48,88500.0,1000,Buy,227677402
2024-07-31 11:19:48,88500.0,500,Buy,227677401
2024-07-31 11:19:48,88500.0,100,Buy,227677400
2024-07-31 11:19:48,88500.0,100,Buy,227677399
2024-07-31 11:19:48,88500.0,500,Buy,227677398
2024-07-31 11:19:48,88500.0,500,Buy,227677403
2024-07-31 11:19:49,88400.0,400,Sell,227677422
2024-07-31 11:19:57,88500.0,100,Buy,227677549
2024-07-31 11:19:57,88500.0,800,Buy,227677551
2024-07-31 11:19:57,88500.0,100,Buy,227677548
2024-07-31 11:19:57,88500.0,100,Buy,227677550
2024-07-31 11:20:11,88500.0,200,Buy,227677757
2024-07-31 11:20:11,88500.0,200,Buy,227677758
2024-07-31 11:20:11,88500.0,200,Buy,227677759
2024-07-31 11:20:11,88500.0,100,Buy,227677760
2024-07-31 11:20:11,88500.0,100,Buy,227677761
2024-07-31 11:20:11,88500.0,100,Buy,227677762
2024-07-31 11:21:05,88500.0,900,Buy,227678487
2024-07-31 11:21:06,88400.0,400,Sell,227678498
2024-07-31 11:21:28,88400.0,400,Sell,227678771
2024-07-31 11:21:28,88400.0,100,Sell,227678770
2024-07-31 11:21:30,88400.0,500,Sell,227678791
2024-07-31 11:21:39,88400.0,100,Sell,227678968
2024-07-31 11:21:58,88500.0,900,Buy,227679288
2024-07-31 11:22:17,88400.0,200,Sell,227679565
2024-07-31 11:22:17,88400.0,200,Sell,227679566
2024-07-31 11:22:17,88400.0,100,Sell,227679567
2024-07-31 11:22:39,88400.0,100,Sell,227679953
2024-07-31 11:22:43,88400.0,3100,Sell,227679990
2024-07-31 11:22:53,88500.0,300,Buy,227680133
2024-07-31 11:22:53,88500.0,100,Buy,227680134
2024-07-31 11:22:53,88500.0,500,Buy,227680135
2024-07-31 11:23:09,88500.0,200,Buy,227680406
2024-07-31 11:23:47,88500.0,900,Buy,227680886
2024-07-31 11:24:42,88500.0,700,Buy,227681828
2024-07-31 11:24:42,88500.0,200,Buy,227681829
2024-07-31 11:24:42,88500.0,1500,Buy,227681817
2024-07-31 11:25:26,88500.0,300,Buy,227682364
2024-07-31 11:25:26,88500.0,200,Buy,227682365
2024-07-31 11:25:35,88500.0,300,Buy,227682484
2024-07-31 11:25:35,88500.0,600,Buy,227682485
2024-07-31 11:26:23,88500.0,100,Buy,227683277
2024-07-31 11:26:29,88500.0,900,Buy,227683358
2024-07-31 11:27:23,88500.0,900,Buy,227684022
2024-07-31 11:27:23,88500.0,600,Buy,227684021
2024-07-31 11:27:23,88500.0,200,Buy,227684020
2024-07-31 11:27:23,88500.0,200,Buy,227684019
2024-07-31 11:27:23,88500.0,400,Buy,227684018
2024-07-31 11:27:23,88500.0,200,Buy,227684017
2024-07-31 11:27:23,88500.0,100,Buy,227684013
2024-07-31 11:27:23,88500.0,100,Buy,227684015
2024-07-31 11:27:23,88500.0,2200,Buy,227684014
2024-07-31 11:27:23,88500.0,100,Buy,227684012
2024-07-31 11:27:23,88500.0,100,Buy,227684011
2024-07-31 11:27:23,88500.0,300,Buy,227684010
2024-07-31 11:27:23,88500.0,500,Buy,227684016
2024-07-31 11:28:17,88500.0,100,Buy,227684626
2024-07-31 11:28:17,88500.0,100,Buy,227684625
2024-07-31 11:28:17,88500.0,100,Buy,227684624
2024-07-31 11:28:17,88500.0,100,Buy,227684623
2024-07-31 11:28:17,88500.0,500,Buy,227684622
2024-07-31 11:28:48,88400.0,200,Sell,227684993
2024-07-31 11:29:08,88400.0,400,Sell,227685403
2024-07-31 12:59:36,88400.0,100,Sell,227685901
2024-07-31 12:59:37,88500.0,200,Buy,227686031
2024-07-31 12:59:37,88400.0,1000,Sell,227686032
2024-07-31 12:59:37,88400.0,500,Sell,227686033
2024-07-31 12:59:37,88400.0,100,Sell,227686034
2024-07-31 12:59:37,88400.0,500,Sell,227686035
2024-07-31 12:59:37,88400.0,100,Sell,227686036
2024-07-31 12:59:37,88400.0,300,Sell,227686228
2024-07-31 12:59:37,88400.0,200,Sell,227686229
2024-07-31 12:59:40,88400.0,3300,Sell,227687720
2024-07-31 12:59:40,88400.0,100,Sell,227687718
2024-07-31 12:59:40,88400.0,200,Sell,227687717
2024-07-31 12:59:40,88400.0,400,Sell,227687719
2024-07-31 12:59:41,88400.0,300,Sell,227687922
2024-07-31 12:59:42,88400.0,100,Sell,227688315
2024-07-31 12:59:45,88500.0,200,Buy,227688930
2024-07-31 12:59:45,88500.0,100,Buy,227688931
2024-07-31 12:59:52,88400.0,1300,Sell,227690297
2024-07-31 12:59:54,88400.0,600,Sell,227690504
2024-07-31 12:59:54,88400.0,1200,Sell,227690505
2024-07-31 12:59:55,88400.0,300,Sell,227690561
2024-07-31 12:59:55,88400.0,100,Sell,227690562
2024-07-31 12:59:55,88400.0,600,Sell,227690560
2024-07-31 12:59:55,88400.0,100,Sell,227690557
2024-07-31 12:59:55,88400.0,300,Sell,227690558
2024-07-31 12:59:55,88400.0,100,Sell,227690556
2024-07-31 12:59:55,88400.0,500,Sell,227690559
2024-07-31 13:00:00,88500.0,100,Buy,227691432
2024-07-31 13:00:11,88400.0,100,Sell,227691779
2024-07-31 13:00:46,88400.0,100,Buy,227692716
2024-07-31 13:00:46,88500.0,300,Buy,227692717
2024-07-31 13:00:46,88500.0,300,Buy,227692718
2024-07-31 13:01:40,88500.0,100,Buy,227694128
2024-07-31 13:01:40,88500.0,700,Buy,227694129
2024-07-31 13:01:40,88500.0,100,Buy,227694130
2024-07-31 13:02:34,88500.0,300,Buy,227695257
2024-07-31 13:02:34,88500.0,600,Buy,227695258
2024-07-31 13:02:56,88500.0,1000,Buy,227695744
2024-07-31 13:03:12,88500.0,200,Buy,227696193
2024-07-31 13:03:12,88500.0,3500,Buy,227696200
2024-07-31 13:03:12,88500.0,100,Buy,227696198
2024-07-31 13:03:12,88500.0,300,Buy,227696197
2024-07-31 13:03:12,88500.0,1000,Buy,227696196
2024-07-31 13:03:12,88500.0,200,Buy,227696195
2024-07-31 13:03:12,88500.0,200,Buy,227696194
2024-07-31 13:03:12,88500.0,600,Buy,227696192
2024-07-31 13:03:12,88500.0,100,Buy,227696199
2024-07-31 13:03:12,88500.0,100,Buy,227696187
2024-07-31 13:03:12,88500.0,200,Buy,227696186
2024-07-31 13:03:12,88500.0,100,Buy,227696185
2024-07-31 13:03:12,88500.0,200,Buy,227696184
2024-07-31 13:03:12,88500.0,1000,Buy,227696183
2024-07-31 13:03:12,88500.0,300,Buy,227696182
2024-07-31 13:03:12,88500.0,100,Buy,227696181
2024-07-31 13:03:12,88500.0,400,Buy,227696188
2024-07-31 13:03:12,88500.0,100,Buy,227696180
2024-07-31 13:03:12,88500.0,2800,Buy,227696179
2024-07-31 13:03:28,88500.0,400,Buy,227696655
2024-07-31 13:03:28,88500.0,100,Buy,227696654
2024-07-31 13:03:28,88500.0,500,Buy,227696653
2024-07-31 13:04:22,88500.0,200,Buy,227697880
2024-07-31 13:04:22,88500.0,600,Buy,227697878
2024-07-31 13:04:22,88500.0,100,Buy,227697879
2024-07-31 13:04:34,88400.0,100,Sell,227698142
2024-07-31 13:04:46,88500.0,500,Buy,227698447
2024-07-31 13:04:46,88500.0,100,Buy,227698448
2024-07-31 13:04:46,88500.0,100,Buy,227698449
2024-07-31 13:04:46,88500.0,100,Buy,227698446
2024-07-31 13:05:16,88500.0,600,Buy,227699140
2024-07-31 13:05:16,88500.0,300,Buy,227699141
2024-07-31 13:06:10,88500.0,900,Buy,227700524
2024-07-31 13:06:32,88400.0,1900,Sell,227701165
2024-07-31 13:06:32,88400.0,100,Sell,227701166
2024-07-31 13:06:33,88500.0,2400,Buy,227701182
2024-07-31 13:06:33,88500.0,3000,Buy,227701181
2024-07-31 13:06:33,88500.0,400,Buy,227701180
2024-07-31 13:06:33,88500.0,900,Buy,227701179
2024-07-31 13:06:33,88500.0,2000,Buy,227701175
2024-07-31 13:06:33,88500.0,400,Buy,227701177
2024-07-31 13:06:33,88500.0,100,Buy,227701176
2024-07-31 13:06:33,88500.0,200,Buy,227701178
2024-07-31 13:06:33,88500.0,600,Buy,227701174
2024-07-31 13:06:40,88500.0,100,Buy,227701370
2024-07-31 13:06:40,88500.0,300,Buy,227701369
2024-07-31 13:06:40,88500.0,4400,Buy,227701368
2024-07-31 13:06:40,88500.0,300,Buy,227701366
2024-07-31 13:06:40,88500.0,2600,Buy,227701365
2024-07-31 13:06:40,88500.0,1400,Buy,227701367
2024-07-31 13:06:45,88500.0,100,Sell,227701476
2024-07-31 13:06:58,88500.0,100,Sell,227701828
2024-07-31 13:07:03,88600.0,300,Buy,227701959
2024-07-31 13:07:03,88600.0,600,Buy,227701960
2024-07-31 13:07:38,88500.0,400,Sell,227702911
2024-07-31 13:07:55,88500.0,300,Sell,227703470
2024-07-31 13:07:55,88500.0,900,Sell,227703471
2024-07-31 13:07:55,88500.0,300,Sell,227703472
2024-07-31 13:08:01,88500.0,900,Sell,227703778
2024-07-31 13:08:01,88500.0,300,Sell,227703777
2024-07-31 13:08:01,88500.0,100,Sell,227703776
2024-07-31 13:08:14,88500.0,300,Buy,227704202
2024-07-31 13:08:32,88400.0,100,Sell,227704638
2024-07-31 13:08:58,88500.0,7300,Buy,227705345
2024-07-31 13:08:58,88500.0,300,Buy,227705346
2024-07-31 13:08:58,88500.0,400,Buy,227705347
2024-07-31 13:09:47,88600.0,200,Buy,227706632
2024-07-31 13:09:47,88600.0,100,Buy,227706633
2024-07-31 13:10:00,88500.0,200,Buy,227706955
2024-07-31 13:10:00,88500.0,900,Buy,227706956
2024-07-31 13:10:00,88500.0,900,Buy,227706959
2024-07-31 13:10:02,88500.0,700,Buy,227706992
2024-07-31 13:10:31,88600.0,100,Buy,227707752
2024-07-31 13:10:56,88600.0,100,Buy,227708369
2024-07-31 13:10:56,88600.0,500,Buy,227708370
2024-07-31 13:10:56,88600.0,200,Buy,227708373
2024-07-31 13:10:56,88600.0,300,Buy,227708368
2024-07-31 13:11:18,88500.0,700,Sell,227709020
2024-07-31 13:11:24,88500.0,300,Sell,227709205
2024-07-31 13:11:24,88500.0,700,Sell,227709206
2024-07-31 13:11:26,88500.0,200,Sell,227709319
2024-07-31 13:11:30,88500.0,1000,Buy,227709410
2024-07-31 13:11:30,88500.0,800,Buy,227709409
2024-07-31 13:11:35,88500.0,300,Sell,227709552
2024-07-31 13:11:57,88500.0,500,Sell,227710031
2024-07-31 13:12:04,88500.0,1800,Sell,227710342
2024-07-31 13:12:17,88500.0,5600,Sell,227710703
2024-07-31 13:12:17,88500.0,1000,Sell,227710704
2024-07-31 13:12:17,88500.0,900,Sell,227710705
2024-07-31 13:12:17,88500.0,400,Sell,227710706
2024-07-31 13:12:44,88500.0,2000,Buy,227711385
2024-07-31 13:12:48,88500.0,100,Buy,227711492
2024-07-31 13:13:09,88500.0,2300,Buy,227711983
2024-07-31 13:13:09,88500.0,1000,Buy,227711981
2024-07-31 13:13:09,88500.0,1400,Buy,227711982
2024-07-31 13:13:09,88500.0,300,Buy,227711980
2024-07-31 13:13:55,88500.0,700,Buy,227712933
2024-07-31 13:13:55,88500.0,200,Buy,227712934
2024-07-31 13:14:42,88500.0,200,Buy,227714200
2024-07-31 13:14:42,88500.0,2300,Buy,227714201
2024-07-31 13:14:49,88500.0,900,Buy,227714391
2024-07-31 13:15:18,88500.0,100,Buy,227715414
2024-07-31 13:15:43,88500.0,900,Buy,227716214
2024-07-31 13:15:49,88500.0,5000,Buy,227716408
2024-07-31 13:16:00,88500.0,700,Buy,227716744
2024-07-31 13:16:37,88500.0,200,Buy,227717758
2024-07-31 13:16:37,88500.0,100,Buy,227717757
2024-07-31 13:16:37,88500.0,100,Buy,227717759
2024-07-31 13:16:37,88500.0,500,Buy,227717760
2024-07-31 13:16:46,88500.0,300,Buy,227718116
2024-07-31 13:16:46,88500.0,1000,Buy,227718117
2024-07-31 13:16:46,88500.0,400,Buy,227718118
2024-07-31 13:16:46,88500.0,300,Buy,227718119
2024-07-31 13:16:46,88500.0,800,Buy,227718120
2024-07-31 13:16:46,88500.0,2000,Buy,227718121
2024-07-31 13:16:55,88500.0,100,Sell,227718390
2024-07-31 13:16:55,88500.0,300,Sell,227718404
2024-07-31 13:17:16,88500.0,100,Sell,227718937
2024-07-31 13:17:17,88500.0,300,Sell,227718946
2024-07-31 13:17:21,88500.0,1000,Sell,227719035
2024-07-31 13:17:32,88600.0,400,Buy,227719352
2024-07-31 13:17:32,88600.0,100,Buy,227719351
2024-07-31 13:17:32,88600.0,400,Buy,227719350
2024-07-31 13:18:03,88500.0,100,Sell,227720295
2024-07-31 13:18:26,88600.0,900,Buy,227720893
2024-07-31 13:19:01,88500.0,100,Sell,227722053
2024-07-31 13:19:05,88500.0,100,Sell,227722234
2024-07-31 13:19:11,88500.0,100,Sell,227722422
2024-07-31 13:19:19,88600.0,700,Buy,227722612
2024-07-31 13:19:19,88600.0,200,Buy,227722613
2024-07-31 13:19:22,88500.0,900,Sell,227722668
2024-07-31 13:19:59,88500.0,100,Sell,227724054
2024-07-31 13:20:11,88500.0,100,Sell,227724410
2024-07-31 13:20:11,88500.0,1600,Sell,227724411
2024-07-31 13:20:11,88500.0,300,Sell,227724412
2024-07-31 13:20:11,88500.0,300,Sell,227724414
2024-07-31 13:20:11,88500.0,300,Sell,227724413
2024-07-31 13:20:11,88500.0,900,Sell,227724415
2024-07-31 13:20:45,88500.0,100,Buy,227725350
2024-07-31 13:21:13,88400.0,700,Sell,227726196
2024-07-31 13:21:14,88500.0,900,Buy,227726242
2024-07-31 13:21:43,88400.0,3000,Sell,227727035
2024-07-31 13:21:43,88400.0,3000,Sell,227727036
2024-07-31 13:21:43,88400.0,5000,Sell,227727037
2024-07-31 13:21:43,88400.0,900,Sell,227727038
2024-07-31 13:21:43,88400.0,2600,Sell,227727034
2024-07-31 13:21:57,88400.0,100,Buy,227727456
2024-07-31 13:22:09,88300.0,100,Sell,227727860
2024-07-31 13:22:15,88300.0,300,Sell,227728043
2024-07-31 13:23:13,88300.0,500,Sell,227729666
2024-07-31 13:23:14,88400.0,900,Buy,227729696
2024-07-31 13:23:53,88400.0,100,Buy,227730879
2024-07-31 13:24:07,88400.0,900,Buy,227731371
2024-07-31 13:24:21,88300.0,600,Sell,227731736
2024-07-31 13:24:21,88300.0,400,Sell,227731735
2024-07-31 13:24:29,88300.0,1800,Sell,227731957
2024-07-31 13:25:01,88300.0,1000,Sell,227733079
2024-07-31 13:25:01,88400.0,800,Buy,227733096
2024-07-31 13:25:31,88300.0,500,Sell,227733849
2024-07-31 13:25:33,88400.0,100,Buy,227733916
2024-07-31 13:25:56,88400.0,900,Buy,227734483
2024-07-31 13:26:05,88400.0,700,Buy,227734838
2024-07-31 13:26:05,88400.0,1000,Buy,227734839
2024-07-31 13:26:05,88400.0,3700,Buy,227734840
2024-07-31 13:26:05,88400.0,3800,Buy,227734841
2024-07-31 13:26:05,88400.0,800,Buy,227734842
2024-07-31 13:26:49,88400.0,900,Buy,227735975
2024-07-31 13:27:44,88400.0,100,Buy,227737352
2024-07-31 13:27:44,88400.0,400,Buy,227737350
2024-07-31 13:27:44,88400.0,300,Buy,227737349
2024-07-31 13:27:44,88400.0,100,Buy,227737351
2024-07-31 13:28:39,88400.0,300,Buy,227739062
2024-07-31 13:28:39,88400.0,100,Buy,227739063
2024-07-31 13:28:39,88400.0,400,Buy,227739064
2024-07-31 13:28:39,88400.0,100,Buy,227739065
2024-07-31 13:29:00,88500.0,200,Buy,227739628
2024-07-31 13:29:00,88500.0,100,Buy,227739629
2024-07-31 13:29:00,88600.0,2200,Buy,227739630
2024-07-31 13:29:00,88600.0,1000,Buy,227739631
2024-07-31 13:29:00,88600.0,400,Buy,227739632
2024-07-31 13:29:00,88600.0,100,Buy,227739633
2024-07-31 13:29:00,88600.0,200,Buy,227739634
2024-07-31 13:29:00,88600.0,100,Buy,227739635
2024-07-31 13:29:00,88600.0,200,Buy,227739636
2024-07-31 13:29:00,88600.0,100,Buy,227739637
2024-07-31 13:29:00,88600.0,100,Buy,227739640
2024-07-31 13:29:00,88600.0,4000,Buy,227739639
2024-07-31 13:29:00,88600.0,100,Buy,227739641
2024-07-31 13:29:00,88600.0,200,Buy,227739642
2024-07-31 13:29:00,88600.0,2500,Buy,227739643
2024-07-31 13:29:00,88600.0,26600,Buy,227739644
2024-07-31 13:29:00,88300.0,500,Sell,227739669
2024-07-31 13:29:00,88300.0,100,Sell,227739670
2024-07-31 13:29:00,88300.0,500,Sell,227739671
2024-07-31 13:29:00,88300.0,100,Sell,227739674
2024-07-31 13:29:00,88600.0,1800,Buy,227739638
2024-07-31 13:29:00,88500.0,100,Buy,227739627
2024-07-31 13:29:00,88500.0,100,Buy,227739624
2024-07-31 13:29:00,88500.0,1000,Buy,227739625
2024-07-31 13:29:00,88500.0,2700,Buy,227739626
2024-07-31 13:29:00,88400.0,9900,Buy,227739603
2024-07-31 13:29:00,88400.0,100,Buy,227739604
2024-07-31 13:29:00,88500.0,2500,Buy,227739605
2024-07-31 13:29:00,88500.0,100,Buy,227739606
2024-07-31 13:29:00,88500.0,300,Buy,227739607
2024-07-31 13:29:00,88500.0,100,Buy,227739608
2024-07-31 13:29:00,88500.0,300,Buy,227739609
2024-07-31 13:29:00,88500.0,1000,Buy,227739610
2024-07-31 13:29:00,88500.0,4400,Buy,227739611
2024-07-31 13:29:00,88500.0,1200,Buy,227739612
2024-07-31 13:29:00,88500.0,100,Buy,227739623
2024-07-31 13:29:00,88500.0,100,Buy,227739614
2024-07-31 13:29:00,88500.0,4600,Buy,227739615
2024-07-31 13:29:00,88500.0,100,Buy,227739616
2024-07-31 13:29:00,88500.0,2400,Buy,227739617
2024-07-31 13:29:00,88500.0,500,Buy,227739618
2024-07-31 13:29:00,88500.0,800,Buy,227739619
2024-07-31 13:29:00,88500.0,300,Buy,227739620
2024-07-31 13:29:00,88500.0,300,Buy,227739621
2024-07-31 13:29:00,88500.0,100,Buy,227739622
2024-07-31 13:29:00,88500.0,7000,Buy,227739613
2024-07-31 13:29:14,88300.0,100,Sell,227740081
2024-07-31 13:29:22,88300.0,300,Sell,227740298
2024-07-31 13:29:31,88600.0,900,Buy,227740524
2024-07-31 13:29:38,88300.0,100,Sell,227740679
2024-07-31 13:30:26,88600.0,100,Buy,227742051
2024-07-31 13:30:26,88600.0,500,Buy,227742048
2024-07-31 13:30:26,88600.0,100,Buy,227742049
2024-07-31 13:30:26,88600.0,200,Buy,227742050
2024-07-31 13:30:58,88600.0,100,Buy,227743006
2024-07-31 13:31:19,88600.0,500,Buy,227743604
2024-07-31 13:31:19,88600.0,300,Buy,227743602
2024-07-31 13:31:19,88600.0,100,Buy,227743603
2024-07-31 13:31:40,88500.0,100,Sell,227744130
2024-07-31 13:31:40,88500.0,200,Sell,227744131
2024-07-31 13:31:53,88600.0,100,Buy,227744532
2024-07-31 13:32:03,88500.0,100,Sell,227744857
2024-07-31 13:32:13,88500.0,800,Buy,227745151
2024-07-31 13:32:13,88500.0,2400,Sell,227745140
2024-07-31 13:32:13,88500.0,2300,Sell,227745141
2024-07-31 13:32:13,88500.0,900,Sell,227745142
2024-07-31 13:32:20,88500.0,4600,Buy,227745336
2024-07-31 13:32:20,88500.0,5400,Buy,227745335
2024-07-31 13:32:29,88500.0,1600,Buy,227745577
2024-07-31 13:32:31,88600.0,400,Buy,227745707
2024-07-31 13:32:31,88600.0,100,Buy,227745708
2024-07-31 13:33:19,88600.0,100,Buy,227746985
2024-07-31 13:33:25,88600.0,5600,Buy,227747120
2024-07-31 13:33:25,88600.0,100,Buy,227747119
2024-07-31 13:33:25,88600.0,100,Buy,227747118
2024-07-31 13:33:25,88600.0,400,Buy,227747117
2024-07-31 13:33:25,88600.0,100,Buy,227747116
2024-07-31 13:33:25,88600.0,100,Buy,227747114
2024-07-31 13:33:25,88600.0,300,Buy,227747113
2024-07-31 13:33:25,88600.0,400,Buy,227747109
2024-07-31 13:33:25,88600.0,1000,Buy,227747110
2024-07-31 13:33:25,88600.0,700,Buy,227747115
2024-07-31 13:33:25,88600.0,1000,Buy,227747112
2024-07-31 13:33:25,88600.0,200,Buy,227747111
2024-07-31 13:34:04,88600.0,200,Buy,227748229
2024-07-31 13:34:08,88600.0,800,Buy,227748322
2024-07-31 13:34:43,88500.0,100,Sell,227749091
2024-07-31 13:34:55,88600.0,1000,Buy,227749387
2024-07-31 13:35:02,88600.0,800,Buy,227749679
2024-07-31 13:35:08,88500.0,300,Sell,227749865
2024-07-31 13:35:29,88500.0,100,Sell,227750406
2024-07-31 13:35:53,88500.0,500,Sell,227750934
2024-07-31 13:35:57,88600.0,900,Buy,227751012
2024-07-31 13:36:11,88500.0,1000,Sell,227751343
2024-07-31 13:36:16,88500.0,1000,Sell,227751421
2024-07-31 13:36:26,88500.0,1000,Sell,227751675
2024-07-31 13:36:29,88500.0,400,Sell,227751726
2024-07-31 13:36:51,88600.0,700,Buy,227752161
2024-07-31 13:36:51,88600.0,100,Buy,227752170
2024-07-31 13:37:44,88600.0,800,Buy,227753328
2024-07-31 13:37:54,88500.0,4000,Sell,227753534
2024-07-31 13:37:54,88500.0,1000,Sell,227753535
2024-07-31 13:38:14,88500.0,100,Sell,227753826
2024-07-31 13:38:16,88500.0,300,Sell,227753871
2024-07-31 13:38:23,88500.0,3000,Sell,227754025
2024-07-31 13:38:28,88500.0,800,Sell,227754137
2024-07-31 13:38:28,88500.0,100,Sell,227754138
2024-07-31 13:38:28,88500.0,100,Sell,227754135
2024-07-31 13:38:28,88500.0,1000,Sell,227754136
2024-07-31 13:38:28,88500.0,600,Sell,227754134
2024-07-31 13:39:06,88500.0,1800,Buy,227754792
2024-07-31 13:39:06,88500.0,500,Buy,227754793
2024-07-31 13:39:06,88500.0,100,Buy,227754794
2024-07-31 13:39:40,88600.0,100,Buy,227755503
2024-07-31 13:39:40,88600.0,700,Buy,227755504
2024-07-31 13:39:51,88500.0,300,Sell,227755883
2024-07-31 13:39:51,88500.0,700,Sell,227755884
2024-07-31 13:39:59,88500.0,100,Sell,227756055
2024-07-31 13:40:03,88500.0,300,Sell,227756163
2024-07-31 13:40:09,88500.0,1200,Sell,227756325
2024-07-31 13:40:34,88600.0,900,Buy,227756766
2024-07-31 13:41:24,88600.0,100,Buy,227757635
2024-07-31 13:41:26,88500.0,200,Sell,227757664
2024-07-31 13:41:26,88500.0,100,Sell,227757658
2024-07-31 13:41:29,88600.0,600,Buy,227757701
2024-07-31 13:42:00,88600.0,200,Buy,227758252
2024-07-31 13:42:02,88500.0,800,Sell,227758287
2024-07-31 13:42:30,88500.0,200,Buy,227758862
2024-07-31 13:42:59,88500.0,300,Sell,227759386
2024-07-31 13:42:59,88500.0,300,Sell,227759387
2024-07-31 13:43:09,88500.0,100,Sell,227759559
2024-07-31 13:43:16,88600.0,500,Buy,227759700
2024-07-31 13:43:16,88600.0,300,Buy,227759701
2024-07-31 13:43:16,88600.0,100,Buy,227759702
2024-07-31 13:43:16,88600.0,100,Buy,227759703
2024-07-31 13:43:21,88500.0,100,Sell,227759776
2024-07-31 13:43:23,88500.0,1800,Sell,227759802
2024-07-31 13:43:24,88600.0,800,Buy,227759818
2024-07-31 13:43:39,88500.0,600,Sell,227760115
2024-07-31 13:43:39,88500.0,400,Sell,227760114
2024-07-31 13:43:48,88500.0,200,Sell,227760337
2024-07-31 13:43:54,88500.0,200,Sell,227760461
2024-07-31 13:44:10,88500.0,1300,Sell,227760799
2024-07-31 13:44:10,88500.0,500,Sell,227760800
2024-07-31 13:44:10,88500.0,200,Sell,227760801
2024-07-31 13:44:18,88600.0,200,Buy,227761006
2024-07-31 13:44:18,88600.0,200,Buy,227761007
2024-07-31 13:44:18,88600.0,200,Buy,227761008
2024-07-31 13:44:18,88600.0,100,Buy,227761009
2024-07-31 13:44:19,88500.0,800,Sell,227761064
2024-07-31 13:44:46,88600.0,300,Buy,227761529
2024-07-31 13:44:46,88500.0,500,Buy,227761528
2024-07-31 13:44:46,88500.0,200,Buy,227761527
2024-07-31 13:44:54,88400.0,2700,Sell,227761682
2024-07-31 13:44:54,88400.0,2300,Sell,227761685
2024-07-31 13:45:16,88500.0,200,Buy,227762266
2024-07-31 13:45:18,88500.0,1000,Sell,227762283
2024-07-31 13:45:18,88500.0,1000,Sell,227762288
2024-07-31 13:45:23,88500.0,100,Sell,227762398
2024-07-31 13:45:23,88500.0,200,Sell,227762399
2024-07-31 13:45:41,88500.0,1000,Sell,227762760
2024-07-31 13:45:42,88600.0,500,Buy,227762784
2024-07-31 13:46:12,88600.0,100,Buy,227763344
2024-07-31 13:46:12,88600.0,100,Buy,227763343
2024-07-31 13:46:12,88600.0,100,Buy,227763341
2024-07-31 13:46:12,88600.0,100,Buy,227763340
2024-07-31 13:46:12,88600.0,100,Buy,227763339
2024-07-31 13:46:12,88600.0,300,Buy,227763342
2024-07-31 13:46:47,88500.0,1500,Sell,227764081
2024-07-31 13:46:47,88500.0,100,Sell,227764082
2024-07-31 13:46:47,88500.0,400,Sell,227764083
2024-07-31 13:46:47,88600.0,200,Buy,227764102
2024-07-31 13:46:56,88600.0,100,Buy,227764320
2024-07-31 13:47:06,88600.0,700,Buy,227764588
2024-07-31 13:47:06,88600.0,100,Buy,227764589
2024-07-31 13:47:46,88600.0,100,Buy,227766029
2024-07-31 13:47:46,88600.0,1500,Buy,227766030
2024-07-31 13:47:46,88600.0,300,Buy,227766027
2024-07-31 13:47:46,88600.0,100,Buy,227766028
2024-07-31 13:48:00,88600.0,300,Buy,227766509
2024-07-31 13:48:00,88600.0,100,Buy,227766510
2024-07-31 13:48:00,88600.0,100,Buy,227766511
2024-07-31 13:48:00,88600.0,100,Buy,227766512
2024-07-31 13:48:00,88600.0,100,Buy,227766513
2024-07-31 13:48:00,88600.0,200,Buy,227766514
2024-07-31 13:48:16,88500.0,300,Sell,227767007
2024-07-31 13:48:45,88600.0,100,Buy,227767860
2024-07-31 13:48:45,88600.0,400,Buy,227767861
2024-07-31 13:48:54,88600.0,100,Buy,227768129
2024-07-31 13:48:54,88600.0,700,Buy,227768130
2024-07-31 13:48:54,88600.0,100,Buy,227768138
2024-07-31 13:49:48,88600.0,300,Buy,227769842
2024-07-31 13:49:48,88600.0,300,Buy,227769841
2024-07-31 13:49:48,88600.0,200,Buy,227769840
2024-07-31 13:50:14,88600.0,500,Buy,227770806
2024-07-31 13:50:14,88600.0,200,Buy,227770809
2024-07-31 13:50:14,88600.0,200,Buy,227770805
2024-07-31 13:50:14,88600.0,4000,Buy,227770807
2024-07-31 13:50:14,88600.0,100,Buy,227770808
2024-07-31 13:50:38,88500.0,1000,Sell,227771706
2024-07-31 13:50:41,88500.0,600,Sell,227771807
2024-07-31 13:50:41,88500.0,400,Sell,227771808
2024-07-31 13:50:43,88500.0,400,Sell,227771902
2024-07-31 13:50:43,88600.0,300,Buy,227771903
2024-07-31 13:50:43,88600.0,500,Buy,227771904
2024-07-31 13:50:59,88500.0,800,Sell,227772356
2024-07-31 13:50:59,88500.0,300,Sell,227772354
2024-07-31 13:50:59,88500.0,5000,Sell,227772355
2024-07-31 13:50:59,88500.0,1000,Sell,227772352
2024-07-31 13:50:59,88500.0,500,Sell,227772351
2024-07-31 13:50:59,88500.0,1900,Sell,227772350
2024-07-31 13:50:59,88500.0,1000,Sell,227772353
2024-07-31 13:51:02,88500.0,500,Buy,227772466
2024-07-31 13:51:08,88400.0,100,Sell,227772580
2024-07-31 13:51:08,88400.0,900,Sell,227772581
2024-07-31 13:51:29,88500.0,9000,Buy,227773296
2024-07-31 13:51:29,88500.0,400,Buy,227773297
2024-07-31 13:51:29,88500.0,100,Sell,227773308
2024-07-31 13:51:35,88500.0,2200,Sell,227773478
2024-07-31 13:51:52,88500.0,4500,Sell,227773953
2024-07-31 13:52:10,88500.0,1900,Sell,227774483
2024-07-31 13:52:13,88500.0,100,Sell,227774571
2024-07-31 13:52:16,88500.0,2000,Sell,227774656
2024-07-31 13:52:19,88500.0,1000,Sell,227774785
2024-07-31 13:52:30,88500.0,100,Sell,227775219
2024-07-31 13:52:30,88500.0,100,Sell,227775209
2024-07-31 13:52:30,88500.0,200,Sell,227775210
2024-07-31 13:52:33,88500.0,500,Sell,227775348
2024-07-31 13:52:33,88500.0,500,Sell,227775349
2024-07-31 13:52:33,88500.0,2300,Sell,227775350
2024-07-31 13:52:33,88500.0,2700,Sell,227775351
2024-07-31 13:52:54,88500.0,200,Buy,227776912
2024-07-31 13:53:00,88400.0,1000,Sell,227777307
2024-07-31 13:53:11,88500.0,1600,Buy,227777781
2024-07-31 13:53:11,88500.0,1300,Buy,227777782
2024-07-31 13:53:14,88500.0,100,Sell,227777855
2024-07-31 13:53:25,88500.0,100,Sell,227778249
2024-07-31 13:53:27,88500.0,500,Sell,227778364
2024-07-31 13:53:29,88500.0,2200,Sell,227778416
2024-07-31 13:53:33,88500.0,2200,Sell,227778575
2024-07-31 13:53:38,88600.0,800,Buy,227778744
2024-07-31 13:54:00,88500.0,2000,Sell,227779731
2024-07-31 13:54:00,88500.0,500,Sell,227779732
2024-07-31 13:54:17,88500.0,300,Sell,227780498
2024-07-31 13:54:33,88600.0,100,Buy,227781309
2024-07-31 13:55:26,88600.0,800,Buy,227784580
2024-07-31 13:55:51,88500.0,200,Sell,227786028
2024-07-31 13:55:51,88500.0,800,Sell,227786029
2024-07-31 13:55:53,88500.0,100,Sell,227786069
2024-07-31 13:55:53,88600.0,900,Buy,227786075
2024-07-31 13:55:56,88500.0,100,Sell,227786178
2024-07-31 13:55:57,88500.0,200,Sell,227786218
2024-07-31 13:56:01,88500.0,2700,Sell,227786399
2024-07-31 13:56:01,88500.0,800,Sell,227786401
2024-07-31 13:56:01,88500.0,1100,Sell,227786398
2024-07-31 13:56:01,88500.0,10000,Sell,227786400
2024-07-31 13:56:12,88500.0,400,Buy,227786988
2024-07-31 13:56:12,88500.0,200,Buy,227786989
2024-07-31 13:56:12,88500.0,300,Buy,227786990
2024-07-31 13:57:13,88500.0,100,Sell,227790396
2024-07-31 13:57:24,88500.0,500,Sell,227790968
2024-07-31 13:57:25,88500.0,700,Sell,227791054
2024-07-31 13:57:26,88600.0,800,Buy,227791084
2024-07-31 13:57:28,88500.0,100,Sell,227791225
2024-07-31 13:57:28,88500.0,300,Sell,227791226
2024-07-31 13:57:33,88500.0,300,Sell,227791453
2024-07-31 13:57:36,88500.0,2000,Sell,227791560
2024-07-31 13:57:48,88500.0,9900,Sell,227792067
2024-07-31 13:57:48,88500.0,100,Sell,227792066
2024-07-31 13:57:49,88500.0,100,Sell,227792099
2024-07-31 13:57:49,88500.0,100,Sell,227792100
2024-07-31 13:57:50,88500.0,100,Sell,227792137
2024-07-31 13:57:50,88500.0,400,Sell,227792138
2024-07-31 13:57:55,88500.0,400,Sell,227792421
2024-07-31 13:57:55,88500.0,200,Sell,227792422
2024-07-31 13:58:01,88500.0,100,Sell,227792863
2024-07-31 13:58:06,88500.0,500,Sell,227793135
2024-07-31 13:58:08,88500.0,200,Sell,227793241
2024-07-31 13:58:12,88500.0,800,Buy,227793376
2024-07-31 13:58:12,88500.0,300,Buy,227793377
2024-07-31 13:58:15,88500.0,800,Sell,227793573
2024-07-31 13:58:31,88500.0,500,Sell,227794472
2024-07-31 13:58:39,88500.0,4000,Sell,227794877
2024-07-31 13:58:41,88500.0,500,Sell,227795005
2024-07-31 13:58:42,88500.0,200,Sell,227795019
2024-07-31 13:58:52,88500.0,1800,Sell,227795497
2024-07-31 13:58:53,88500.0,100,Sell,227795578
2024-07-31 13:58:55,88500.0,200,Sell,227795626
2024-07-31 13:58:55,88500.0,100,Sell,227795644
2024-07-31 13:59:04,88500.0,200,Sell,227796207
2024-07-31 13:59:05,88500.0,200,Sell,227796365
2024-07-31 13:59:09,88500.0,200,Sell,227796597
2024-07-31 13:59:13,88500.0,100,Sell,227796834
2024-07-31 13:59:13,88500.0,800,Sell,227796835
2024-07-31 13:59:13,88500.0,1000,Sell,227796836
2024-07-31 13:59:13,88500.0,100,Sell,227796837
2024-07-31 13:59:21,88500.0,100,Sell,227797303
2024-07-31 13:59:21,88500.0,1000,Sell,227797318
2024-07-31 13:59:23,88600.0,100,Buy,227797461
2024-07-31 13:59:33,88500.0,500,Sell,227798146
2024-07-31 13:59:37,88500.0,500,Sell,227798354
2024-07-31 14:00:03,88500.0,1000,Sell,227799828
2024-07-31 14:00:05,88500.0,6800,Sell,227799878
2024-07-31 14:00:05,88500.0,5000,Sell,227799879
2024-07-31 14:00:05,88500.0,5000,Sell,227799880
2024-07-31 14:00:05,88500.0,2400,Sell,227799882
2024-07-31 14:00:05,88500.0,800,Sell,227799881
2024-07-31 14:00:10,88500.0,100,Sell,227800084
2024-07-31 14:00:15,88500.0,300,Sell,227800317
2024-07-31 14:00:18,88500.0,100,Sell,227800416
2024-07-31 14:00:21,88500.0,2000,Sell,227800581
2024-07-31 14:00:26,88500.0,100,Sell,227800725
2024-07-31 14:00:26,88500.0,800,Sell,227800726
2024-07-31 14:00:33,88500.0,100,Buy,227801043
2024-07-31 14:00:33,88500.0,100,Buy,227801044
2024-07-31 14:00:47,88500.0,100,Buy,227801704
2024-07-31 14:00:47,88500.0,400,Buy,227801705
2024-07-31 14:00:47,88500.0,1800,Buy,227801706
2024-07-31 14:00:48,88500.0,2700,Buy,227801731
2024-07-31 14:00:52,88500.0,2300,Buy,227801967
2024-07-31 14:00:52,88500.0,2700,Buy,227801999
2024-07-31 14:02:10,88400.0,100,Sell,227805576
2024-07-31 14:02:31,88500.0,200,Buy,227806339
2024-07-31 14:02:31,88500.0,500,Buy,227806337
2024-07-31 14:02:31,88500.0,100,Buy,227806338
2024-07-31 14:02:46,88500.0,400,Buy,227806986
2024-07-31 14:02:46,88500.0,1000,Buy,227806987
2024-07-31 14:02:46,88500.0,100,Buy,227806988
2024-07-31 14:02:46,88500.0,100,Buy,227806989
2024-07-31 14:02:46,88500.0,500,Buy,227806990
2024-07-31 14:02:46,88500.0,200,Buy,227806991
2024-07-31 14:02:46,88500.0,1600,Buy,227806996
2024-07-31 14:02:46,88500.0,1100,Buy,227806997
2024-07-31 14:03:19,88500.0,100,Buy,227808128
2024-07-31 14:03:26,88500.0,400,Buy,227808294
2024-07-31 14:03:26,88500.0,200,Buy,227808292
2024-07-31 14:03:26,88500.0,200,Buy,227808293
2024-07-31 14:03:34,88500.0,500,Buy,227808608
2024-07-31 14:03:34,88400.0,300,Sell,227808609
2024-07-31 14:03:48,88500.0,100,Buy,227809117
2024-07-31 14:03:48,88500.0,100,Buy,227809118
2024-07-31 14:03:48,88500.0,100,Buy,227809119
2024-07-31 14:03:48,88500.0,100,Buy,227809120
2024-07-31 14:03:48,88500.0,100,Buy,227809121
2024-07-31 14:03:48,88500.0,100,Buy,227809122
2024-07-31 14:03:48,88500.0,100,Buy,227809123
2024-07-31 14:03:48,88500.0,300,Buy,227809124
2024-07-31 14:03:48,88500.0,200,Buy,227809132
2024-07-31 14:04:04,88500.0,100,Buy,227809884
2024-07-31 14:04:19,88500.0,100,Buy,227810331
2024-07-31 14:04:19,88500.0,100,Buy,227810332
2024-07-31 14:04:21,88500.0,700,Sell,227810423
2024-07-31 14:04:31,88500.0,300,Buy,227810784
2024-07-31 14:04:31,88500.0,300,Buy,227810785
2024-07-31 14:05:13,88600.0,800,Buy,227812330
2024-07-31 14:05:14,88500.0,1000,Sell,227812387
2024-07-31 14:05:37,88500.0,400,Buy,227813010
2024-07-31 14:05:42,88500.0,200,Buy,227813139
2024-07-31 14:06:03,88400.0,1000,Sell,227813800
2024-07-31 14:06:07,88500.0,800,Buy,227813934
2024-07-31 14:06:24,88400.0,100,Sell,227814472
2024-07-31 14:06:47,88500.0,100,Buy,227815246
2024-07-31 14:06:47,88500.0,100,Buy,227815245
2024-07-31 14:06:47,88500.0,200,Buy,227815243
2024-07-31 14:06:47,88500.0,200,Buy,227815244
2024-07-31 14:06:47,88500.0,100,Buy,227815242
2024-07-31 14:07:02,88600.0,800,Buy,227815735
2024-07-31 14:07:12,88500.0,9300,Sell,227816064
2024-07-31 14:07:12,88500.0,700,Sell,227816069
2024-07-31 14:07:47,88500.0,100,Sell,227817012
2024-07-31 14:07:47,88500.0,900,Sell,227817013
2024-07-31 14:08:00,88500.0,1000,Sell,227817350
2024-07-31 14:08:16,88500.0,1600,Sell,227817715
2024-07-31 14:08:16,88500.0,400,Sell,227817714
2024-07-31 14:09:00,88600.0,800,Buy,227819259
2024-07-31 14:09:00,88500.0,300,Sell,227819260
2024-07-31 14:09:06,88600.0,3600,Buy,227819411
2024-07-31 14:09:06,88600.0,200,Buy,227819412
2024-07-31 14:09:06,88600.0,300,Buy,227819413
2024-07-31 14:09:06,88600.0,900,Buy,227819414
2024-07-31 14:09:54,88600.0,800,Buy,227820785
2024-07-31 14:10:12,88500.0,600,Sell,227821294
2024-07-31 14:10:49,88600.0,600,Buy,227822740
2024-07-31 14:10:49,88600.0,100,Buy,227822739
2024-07-31 14:10:51,88500.0,200,Sell,227822793
2024-07-31 14:10:51,88500.0,100,Sell,227822794
2024-07-31 14:10:51,88500.0,700,Sell,227822795
2024-07-31 14:10:54,88500.0,500,Sell,227822889
2024-07-31 14:10:59,88600.0,1000,Buy,227823089
2024-07-31 14:10:59,88600.0,500,Buy,227823090
2024-07-31 14:10:59,88600.0,500,Buy,227823091
2024-07-31 14:10:59,88600.0,100,Buy,227823092
2024-07-31 14:10:59,88600.0,1000,Buy,227823095
2024-07-31 14:10:59,88600.0,100,Buy,227823094
2024-07-31 14:10:59,88600.0,100,Buy,227823088
2024-07-31 14:10:59,88600.0,200,Buy,227823096
2024-07-31 14:10:59,88600.0,7100,Buy,227823097
2024-07-31 14:10:59,88600.0,1000,Buy,227823093
2024-07-31 14:10:59,88600.0,1000,Buy,227823087
2024-07-31 14:10:59,88600.0,300,Buy,227823077
2024-07-31 14:10:59,88600.0,100,Buy,227823085
2024-07-31 14:10:59,88600.0,2400,Buy,227823075
2024-07-31 14:10:59,88600.0,500,Buy,227823086
2024-07-31 14:10:59,88600.0,100,Buy,227823078
2024-07-31 14:10:59,88600.0,200,Buy,227823079
2024-07-31 14:10:59,88600.0,100,Buy,227823076
2024-07-31 14:10:59,88600.0,100,Buy,227823081
2024-07-31 14:10:59,88600.0,300,Buy,227823082
2024-07-31 14:10:59,88600.0,2000,Buy,227823083
2024-07-31 14:10:59,88600.0,1000,Buy,227823084
2024-07-31 14:10:59,88600.0,300,Buy,227823080
2024-07-31 14:11:10,88600.0,100,Buy,227823498
2024-07-31 14:11:10,88600.0,100,Buy,227823499
2024-07-31 14:11:10,88600.0,100,Buy,227823500
2024-07-31 14:11:10,88600.0,1000,Buy,227823501
2024-07-31 14:11:10,88600.0,500,Buy,227823502
2024-07-31 14:11:10,88600.0,100,Buy,227823503
2024-07-31 14:11:10,88600.0,100,Buy,227823497
2024-07-31 14:11:10,88600.0,200,Buy,227823508
2024-07-31 14:11:10,88600.0,100,Buy,227823509
2024-07-31 14:11:10,88600.0,200,Buy,227823510
2024-07-31 14:11:10,88600.0,200,Buy,227823511
2024-07-31 14:11:10,88600.0,100,Buy,227823512
2024-07-31 14:11:10,88600.0,200,Buy,227823513
2024-07-31 14:11:10,88600.0,200,Buy,227823504
2024-07-31 14:11:10,88600.0,1000,Buy,227823496
2024-07-31 14:11:10,88600.0,200,Buy,227823484
2024-07-31 14:11:10,88600.0,100,Buy,227823494
2024-07-31 14:11:10,88600.0,300,Buy,227823495
2024-07-31 14:11:10,88600.0,1900,Buy,227823480
2024-07-31 14:11:10,88600.0,200,Buy,227823481
2024-07-31 14:11:10,88600.0,1000,Buy,227823483
2024-07-31 14:11:10,88600.0,100,Buy,227823485
2024-07-31 14:11:10,88600.0,100,Buy,227823486
2024-07-31 14:11:10,88600.0,100,Buy,227823482
2024-07-31 14:11:10,88600.0,800,Buy,227823488
2024-07-31 14:11:10,88600.0,100,Buy,227823489
2024-07-31 14:11:10,88600.0,1000,Buy,227823490
2024-07-31 14:11:10,88600.0,300,Buy,227823491
2024-07-31 14:11:10,88600.0,100,Buy,227823492
2024-07-31 14:11:10,88600.0,200,Buy,227823493
2024-07-31 14:11:10,88600.0,100,Buy,227823487
2024-07-31 14:11:25,88600.0,1000,Sell,227824100
2024-07-31 14:11:40,88600.0,200,Sell,227824500
2024-07-31 14:11:42,88700.0,100,Buy,227824522
2024-07-31 14:11:42,88700.0,100,Buy,227824523
2024-07-31 14:11:42,88700.0,100,Buy,227824524
2024-07-31 14:11:42,88700.0,400,Buy,227824525
2024-07-31 14:12:01,88700.0,1800,Buy,227825044
2024-07-31 14:12:01,88700.0,2600,Buy,227825045
2024-07-31 14:12:01,88700.0,100,Buy,227825043
2024-07-31 14:12:01,88700.0,1000,Buy,227825042
2024-07-31 14:12:01,88700.0,200,Buy,227825040
2024-07-31 14:12:01,88700.0,2000,Buy,227825039
2024-07-31 14:12:01,88700.0,1000,Buy,227825038
2024-07-31 14:12:01,88700.0,600,Buy,227825037
2024-07-31 14:12:01,88700.0,700,Buy,227825041
2024-07-31 14:12:05,88600.0,100,Sell,227825139
2024-07-31 14:12:14,88700.0,1600,Buy,227825396
2024-07-31 14:12:14,88700.0,700,Buy,227825400
2024-07-31 14:12:14,88700.0,2000,Buy,227825399
2024-07-31 14:12:14,88700.0,100,Buy,227825398
2024-07-31 14:12:14,88700.0,1000,Buy,227825397
2024-07-31 14:12:14,88700.0,600,Buy,227825392
2024-07-31 14:12:14,88700.0,500,Buy,227825391
2024-07-31 14:12:14,88700.0,100,Buy,227825390
2024-07-31 14:12:14,88700.0,500,Buy,227825389
2024-07-31 14:12:14,88700.0,100,Buy,227825388
2024-07-31 14:12:14,88700.0,2400,Buy,227825387
2024-07-31 14:12:14,88700.0,400,Buy,227825393
2024-07-31 14:12:15,88700.0,200,Buy,227825462
2024-07-31 14:12:15,88700.0,1000,Buy,227825461
2024-07-31 14:12:15,88700.0,100,Buy,227825463
2024-07-31 14:12:15,88700.0,200,Buy,227825460
2024-07-31 14:12:15,88700.0,100,Buy,227825466
2024-07-31 14:12:15,88700.0,300,Buy,227825467
2024-07-31 14:12:15,88700.0,1000,Buy,227825465
2024-07-31 14:12:15,88700.0,100,Buy,227825459
2024-07-31 14:12:15,88700.0,100,Buy,227825468
2024-07-31 14:12:15,88700.0,100,Buy,227825457
2024-07-31 14:12:15,88700.0,800,Buy,227825449
2024-07-31 14:12:15,88700.0,100,Buy,227825450
2024-07-31 14:12:15,88700.0,100,Buy,227825451
2024-07-31 14:12:15,88700.0,100,Buy,227825452
2024-07-31 14:12:15,88700.0,200,Buy,227825458
2024-07-31 14:12:15,88700.0,100,Buy,227825454
2024-07-31 14:12:15,88700.0,300,Buy,227825455
2024-07-31 14:12:15,88700.0,100,Buy,227825456
2024-07-31 14:12:15,88700.0,100,Buy,227825453
2024-07-31 14:12:19,88700.0,100,Sell,227825549
2024-07-31 14:12:23,88700.0,1100,Sell,227825659
2024-07-31 14:12:23,88700.0,1000,Sell,227825660
2024-07-31 14:12:24,88700.0,500,Buy,227825696
2024-07-31 14:12:25,88700.0,500,Sell,227825707
2024-07-31 14:12:34,88700.0,300,Sell,227825897
2024-07-31 14:12:34,88700.0,700,Sell,227825898
2024-07-31 14:12:36,88800.0,500,Buy,227825986
2024-07-31 14:12:36,88800.0,100,Buy,227825987
2024-07-31 14:12:36,88800.0,100,Buy,227825985
2024-07-31 14:12:36,88800.0,100,Buy,227825984
2024-07-31 14:12:37,88800.0,400,Buy,227826040
2024-07-31 14:12:37,88800.0,100,Buy,227826041
2024-07-31 14:12:39,88800.0,500,Buy,227826092
2024-07-31 14:13:01,88800.0,100,Buy,227826767
2024-07-31 14:13:01,88800.0,100,Buy,227826768
2024-07-31 14:13:11,88800.0,400,Buy,227827064
2024-07-31 14:13:11,88800.0,100,Buy,227827065
2024-07-31 14:13:11,88800.0,500,Buy,227827066
2024-07-31 14:13:16,88700.0,100,Sell,227827315
2024-07-31 14:13:21,88700.0,200,Sell,227827534
2024-07-31 14:13:30,88800.0,800,Buy,227827873
2024-07-31 14:13:33,88800.0,500,Buy,227827982
2024-07-31 14:13:37,88800.0,500,Buy,227828122
2024-07-31 14:13:38,88800.0,3900,Buy,227828160
2024-07-31 14:13:38,88800.0,2000,Buy,227828159
2024-07-31 14:13:42,88800.0,100,Buy,227828251
2024-07-31 14:14:00,88700.0,100,Sell,227828907
2024-07-31 14:14:12,88700.0,1500,Sell,227829324
2024-07-31 14:14:12,88700.0,300,Sell,227829325
2024-07-31 14:14:17,88700.0,100,Sell,227829512
2024-07-31 14:14:24,88800.0,700,Buy,227829684
2024-07-31 14:15:05,88800.0,1000,Buy,227830889
2024-07-31 14:15:05,88800.0,200,Buy,227830890
2024-07-31 14:15:05,88800.0,3800,Buy,227830891
2024-07-31 14:15:10,88800.0,500,Buy,227831041
2024-07-31 14:15:11,88800.0,100,Buy,227831069
2024-07-31 14:15:11,88800.0,200,Buy,227831068
2024-07-31 14:15:11,88800.0,100,Buy,227831067
2024-07-31 14:15:11,88800.0,100,Buy,227831066
2024-07-31 14:15:11,88800.0,500,Buy,227831065
2024-07-31 14:15:11,88800.0,100,Buy,227831064
2024-07-31 14:15:11,88800.0,200,Buy,227831062
2024-07-31 14:15:11,88800.0,100,Buy,227831061
2024-07-31 14:15:11,88800.0,1000,Buy,227831060
2024-07-31 14:15:11,88800.0,800,Buy,227831059
2024-07-31 14:15:11,88800.0,700,Buy,227831058
2024-07-31 14:15:11,88800.0,100,Buy,227831063
2024-07-31 14:15:12,88800.0,500,Buy,227831101
2024-07-31 14:15:12,88800.0,100,Buy,227831102
2024-07-31 14:15:12,88800.0,1800,Buy,227831103
2024-07-31 14:15:12,88800.0,200,Buy,227831104
2024-07-31 14:15:12,88800.0,200,Buy,227831107
2024-07-31 14:15:12,88800.0,1000,Buy,227831106
2024-07-31 14:15:12,88800.0,200,Buy,227831108
2024-07-31 14:15:12,88800.0,2200,Buy,227831109
2024-07-31 14:15:12,88800.0,600,Buy,227831100
2024-07-31 14:15:12,88800.0,1000,Buy,227831105
2024-07-31 14:15:12,88800.0,1000,Buy,227831099
2024-07-31 14:15:12,88800.0,2000,Buy,227831088
2024-07-31 14:15:12,88800.0,100,Buy,227831097
2024-07-31 14:15:12,88800.0,100,Buy,227831096
2024-07-31 14:15:12,88800.0,300,Buy,227831095
2024-07-31 14:15:12,88800.0,200,Buy,227831094
2024-07-31 14:15:12,88800.0,1000,Buy,227831093
2024-07-31 14:15:12,88800.0,500,Buy,227831092
2024-07-31 14:15:12,88800.0,100,Buy,227831091
2024-07-31 14:15:12,88800.0,100,Buy,227831090
2024-07-31 14:15:12,88800.0,2500,Buy,227831089
2024-07-31 14:15:12,88800.0,900,Buy,227831086
2024-07-31 14:15:12,88800.0,100,Buy,227831087
2024-07-31 14:15:12,88800.0,100,Buy,227831098
2024-07-31 14:15:13,88800.0,1600,Buy,227831155
2024-07-31 14:15:13,88700.0,900,Sell,227831133
2024-07-31 14:15:13,88700.0,100,Sell,227831134
2024-07-31 14:15:17,88800.0,700,Buy,227831273
2024-07-31 14:15:22,88800.0,500,Buy,227831454
2024-07-31 14:15:22,88800.0,100,Buy,227831455
2024-07-31 14:15:22,88800.0,200,Buy,227831456
2024-07-31 14:15:22,88800.0,100,Buy,227831457
2024-07-31 14:15:22,88800.0,6000,Buy,227831458
2024-07-31 14:15:22,88800.0,100,Buy,227831459
2024-07-31 14:15:31,88800.0,200,Buy,227831750
2024-07-31 14:15:31,88800.0,2300,Buy,227831753
2024-07-31 14:15:31,88800.0,500,Buy,227831752
2024-07-31 14:15:31,88800.0,300,Buy,227831751
2024-07-31 14:15:31,88800.0,100,Buy,227831749
2024-07-31 14:15:31,88800.0,200,Buy,227831744
2024-07-31 14:15:31,88800.0,100,Buy,227831747
2024-07-31 14:15:31,88800.0,500,Buy,227831746
2024-07-31 14:15:31,88800.0,100,Buy,227831745
2024-07-31 14:15:31,88800.0,100,Buy,227831743
2024-07-31 14:15:31,88800.0,200,Buy,227831748
2024-07-31 14:15:36,88700.0,100,Sell,227831916
2024-07-31 14:15:44,88800.0,7700,Buy,227832172
2024-07-31 14:15:44,88800.0,2300,Buy,227832173
2024-07-31 14:15:48,88800.0,200,Buy,227832298
2024-07-31 14:15:48,88800.0,100,Buy,227832297
2024-07-31 14:15:48,88800.0,700,Buy,227832296
2024-07-31 14:15:49,88800.0,500,Buy,227832333
2024-07-31 14:15:49,88800.0,1000,Buy,227832332
2024-07-31 14:15:49,88800.0,700,Buy,227832331
2024-07-31 14:15:49,88800.0,100,Buy,227832330
2024-07-31 14:15:49,88800.0,1000,Buy,227832327
2024-07-31 14:15:49,88800.0,100,Buy,227832328
2024-07-31 14:15:49,88800.0,200,Buy,227832326
2024-07-31 14:15:49,88800.0,100,Buy,227832329
2024-07-31 14:15:49,88800.0,100,Buy,227832324
2024-07-31 14:15:49,88800.0,400,Buy,227832317
2024-07-31 14:15:49,88800.0,100,Buy,227832318
2024-07-31 14:15:49,88800.0,200,Buy,227832319
2024-07-31 14:15:49,88800.0,200,Buy,227832325
2024-07-31 14:15:49,88800.0,100,Buy,227832321
2024-07-31 14:15:49,88800.0,100,Buy,227832322
2024-07-31 14:15:49,88800.0,500,Buy,227832323
2024-07-31 14:15:49,88800.0,500,Buy,227832320
2024-07-31 14:15:51,88800.0,200,Buy,227832425
2024-07-31 14:15:52,88800.0,300,Buy,227832430
2024-07-31 14:15:52,88800.0,700,Buy,227832431
2024-07-31 14:15:57,88800.0,300,Buy,227832769
2024-07-31 14:16:12,88900.0,700,Buy,227833204
2024-07-31 14:16:16,88800.0,500,Sell,227833442
2024-07-31 14:16:16,88800.0,500,Sell,227833440
2024-07-31 14:16:16,88800.0,2000,Sell,227833441
2024-07-31 14:16:24,88900.0,100,Buy,227833707
2024-07-31 14:16:24,88900.0,100,Buy,227833708
2024-07-31 14:16:24,88900.0,1000,Buy,227833709
2024-07-31 14:16:24,88900.0,300,Buy,227833710
2024-07-31 14:16:24,88900.0,500,Buy,227833711
2024-07-31 14:16:24,88900.0,700,Buy,227833712
2024-07-31 14:16:24,88900.0,1000,Buy,227833713
2024-07-31 14:16:24,88900.0,100,Buy,227833714
2024-07-31 14:16:24,88900.0,1100,Buy,227833715
2024-07-31 14:16:24,88900.0,100,Buy,227833706
2024-07-31 14:16:30,88900.0,500,Buy,227833990
2024-07-31 14:16:32,88800.0,500,Sell,227834031
2024-07-31 14:16:40,88800.0,500,Sell,227834519
2024-07-31 14:16:50,88900.0,200,Buy,227834864
2024-07-31 14:16:53,88900.0,100,Buy,227834916
2024-07-31 14:16:55,88900.0,3100,Buy,227834963
2024-07-31 14:16:55,88900.0,200,Buy,227834964
2024-07-31 14:16:55,88900.0,100,Buy,227834965
2024-07-31 14:16:55,88900.0,500,Buy,227834966
2024-07-31 14:16:55,88900.0,100,Buy,227834967
2024-07-31 14:16:55,88900.0,100,Buy,227834968
2024-07-31 14:16:55,88900.0,200,Buy,227834969
2024-07-31 14:16:55,88900.0,500,Buy,227834970
2024-07-31 14:16:55,88900.0,100,Buy,227834971
2024-07-31 14:16:55,88900.0,100,Buy,227834972
2024-07-31 14:17:02,88900.0,100,Buy,227835333
2024-07-31 14:17:02,88900.0,100,Buy,227835332
2024-07-31 14:17:02,88800.0,500,Sell,227835320
2024-07-31 14:17:02,88900.0,200,Buy,227835330
2024-07-31 14:17:02,88900.0,100,Buy,227835331
2024-07-31 14:17:05,88900.0,700,Buy,227835484
2024-07-31 14:17:10,88900.0,200,Buy,227835778
2024-07-31 14:17:10,88900.0,1000,Buy,227835777
2024-07-31 14:17:10,88900.0,100,Buy,227835776
2024-07-31 14:17:10,88900.0,300,Buy,227835775
2024-07-31 14:17:10,88900.0,1000,Buy,227835773
2024-07-31 14:17:10,88900.0,5000,Buy,227835774
2024-07-31 14:17:10,88900.0,400,Buy,227835772
2024-07-31 14:17:10,88900.0,200,Buy,227835768
2024-07-31 14:17:10,88900.0,1000,Buy,227835770
2024-07-31 14:17:10,88900.0,200,Buy,227835764
2024-07-31 14:17:10,88900.0,100,Buy,227835765
2024-07-31 14:17:10,88900.0,1800,Buy,227835771
2024-07-31 14:17:10,88900.0,500,Buy,227835767
2024-07-31 14:17:10,88900.0,100,Buy,227835769
2024-07-31 14:17:10,88900.0,1000,Buy,227835766
2024-07-31 14:17:13,88900.0,200,Buy,227835917
2024-07-31 14:17:13,88900.0,600,Buy,227835936
2024-07-31 14:17:13,88900.0,100,Buy,227835937
2024-07-31 14:17:13,88900.0,100,Buy,227835938
2024-07-31 14:17:13,88900.0,100,Buy,227835939
2024-07-31 14:17:16,88900.0,200,Buy,227836082
2024-07-31 14:17:16,88900.0,500,Buy,227836083
2024-07-31 14:17:17,88900.0,200,Sell,227836113
2024-07-31 14:17:19,88900.0,200,Sell,227836315
2024-07-31 14:17:32,89000.0,100,Buy,227836856
2024-07-31 14:17:32,89000.0,100,Buy,227836857
2024-07-31 14:17:32,89000.0,300,Buy,227836855
2024-07-31 14:17:35,89000.0,100,Buy,227836992
2024-07-31 14:17:35,89000.0,100,Buy,227836993
2024-07-31 14:17:35,89000.0,100,Buy,227836994
2024-07-31 14:17:35,89000.0,100,Buy,227836995
2024-07-31 14:17:35,89000.0,200,Buy,227836996
2024-07-31 14:17:35,89000.0,200,Buy,227836997
2024-07-31 14:17:46,89000.0,700,Buy,227837605
2024-07-31 14:17:46,89000.0,2600,Buy,227837606
2024-07-31 14:17:46,89000.0,100,Buy,227837603
2024-07-31 14:17:46,89000.0,500,Buy,227837604
2024-07-31 14:17:53,89000.0,100,Buy,227837864
2024-07-31 14:17:59,89000.0,700,Buy,227838300
2024-07-31 14:18:07,89000.0,200,Buy,227838856
2024-07-31 14:18:07,89000.0,100,Buy,227838855
2024-07-31 14:18:07,89000.0,100,Buy,227838854
2024-07-31 14:18:07,89000.0,100,Buy,227838853
2024-07-31 14:18:07,89000.0,1000,Buy,227838850
2024-07-31 14:18:07,89000.0,100,Buy,227838852
2024-07-31 14:18:07,89000.0,200,Buy,227838848
2024-07-31 14:18:07,89000.0,1800,Buy,227838847
2024-07-31 14:18:07,89000.0,1200,Buy,227838821
2024-07-31 14:18:07,89000.0,600,Buy,227838820
2024-07-31 14:18:07,89000.0,1000,Buy,227838819
2024-07-31 14:18:07,89000.0,2600,Buy,227838818
2024-07-31 14:18:07,89000.0,500,Buy,227838849
2024-07-31 14:18:07,89000.0,500,Buy,227838851
2024-07-31 14:18:08,88900.0,100,Sell,227838938
2024-07-31 14:18:12,88900.0,100,Sell,227839132
2024-07-31 14:18:12,88900.0,100,Sell,227839148
2024-07-31 14:18:20,89000.0,4700,Buy,227839548
2024-07-31 14:18:20,89000.0,300,Buy,227839547
2024-07-31 14:18:24,89000.0,100,Buy,227839723
2024-07-31 14:18:24,89000.0,200,Buy,227839722
2024-07-31 14:18:24,89000.0,400,Buy,227839724
2024-07-31 14:18:24,89000.0,500,Buy,227839720
2024-07-31 14:18:24,89000.0,500,Buy,227839721
2024-07-31 14:18:24,89000.0,300,Buy,227839719
2024-07-31 14:18:28,88900.0,100,Sell,227839953
2024-07-31 14:18:29,88900.0,200,Sell,227840032
2024-07-31 14:18:33,89000.0,100,Buy,227840188
2024-07-31 14:18:39,88900.0,1000,Sell,227840700
2024-07-31 14:18:39,88900.0,500,Sell,227840701
2024-07-31 14:18:40,88900.0,1800,Sell,227840705
2024-07-31 14:18:40,88900.0,100,Sell,227840706
2024-07-31 14:18:40,88900.0,1700,Sell,227840707
2024-07-31 14:18:41,88900.0,300,Sell,227840799
2024-07-31 14:18:41,88900.0,1600,Sell,227840800
2024-07-31 14:18:42,88900.0,2000,Sell,227840853
2024-07-31 14:18:43,88900.0,700,Sell,227840905
2024-07-31 14:18:43,88900.0,300,Sell,227840902
2024-07-31 14:18:43,88900.0,100,Sell,227840903
2024-07-31 14:18:43,88900.0,500,Sell,227840904
2024-07-31 14:18:44,88800.0,1900,Sell,227840928
2024-07-31 14:18:44,88800.0,100,Sell,227840929
2024-07-31 14:18:47,88800.0,1900,Sell,227841121
2024-07-31 14:18:47,88800.0,1100,Sell,227841122
2024-07-31 14:18:58,88800.0,100,Sell,227841984
2024-07-31 14:19:02,88800.0,100,Sell,227842373
2024-07-31 14:19:08,88800.0,1000,Sell,227842977
2024-07-31 14:19:08,88800.0,1000,Sell,227842967
2024-07-31 14:19:10,88800.0,200,Sell,227843137
2024-07-31 14:19:10,88800.0,600,Sell,227843135
2024-07-31 14:19:10,88800.0,700,Sell,227843136
2024-07-31 14:19:31,88800.0,100,Buy,227844820
2024-07-31 14:19:44,88700.0,200,Sell,227845878
2024-07-31 14:19:44,88700.0,100,Sell,227845877
2024-07-31 14:19:44,88700.0,4700,Sell,227845879
2024-07-31 14:19:47,88800.0,400,Buy,227846357
2024-07-31 14:19:47,88800.0,100,Buy,227846358
2024-07-31 14:19:47,88800.0,100,Buy,227846359
2024-07-31 14:19:47,88800.0,100,Buy,227846360
2024-07-31 14:19:47,88900.0,300,Buy,227846361
2024-07-31 14:19:54,88800.0,700,Buy,227846908
2024-07-31 14:19:54,88800.0,300,Buy,227846909
2024-07-31 14:20:02,88800.0,200,Buy,227847398
2024-07-31 14:20:03,88800.0,100,Sell,227847477
2024-07-31 14:20:05,88800.0,2000,Sell,227847636
2024-07-31 14:20:16,88800.0,500,Sell,227848383
2024-07-31 14:20:16,88800.0,400,Sell,227848382
2024-07-31 14:20:21,88800.0,100,Sell,227848721
2024-07-31 14:20:21,88800.0,100,Sell,227848737
2024-07-31 14:20:26,88800.0,1000,Sell,227849094
2024-07-31 14:20:34,88800.0,600,Sell,227849582
2024-07-31 14:20:34,88800.0,200,Sell,227849583
2024-07-31 14:20:34,88800.0,400,Sell,227849584
2024-07-31 14:20:34,88800.0,700,Sell,227849585
2024-07-31 14:20:34,88700.0,100,Sell,227849586
2024-07-31 14:20:51,88800.0,700,Buy,227851202
2024-07-31 14:20:51,88800.0,1300,Buy,227851203
2024-07-31 14:20:59,88700.0,1400,Sell,227851678
2024-07-31 14:21:00,88800.0,600,Buy,227851685
2024-07-31 14:21:09,88800.0,1300,Buy,227852273
2024-07-31 14:21:09,88800.0,700,Buy,227852272
2024-07-31 14:21:13,88800.0,1000,Buy,227852468
2024-07-31 14:21:25,88800.0,700,Buy,227853264
2024-07-31 14:21:25,88800.0,1300,Buy,227853265
2024-07-31 14:21:37,88800.0,1000,Buy,227854182
2024-07-31 14:21:46,88700.0,1000,Sell,227854648
2024-07-31 14:21:50,88800.0,700,Buy,227854928
2024-07-31 14:21:50,88800.0,1300,Buy,227854929
2024-07-31 14:21:51,88800.0,1000,Buy,227855000
2024-07-31 14:21:54,88800.0,700,Buy,227855192
2024-07-31 14:21:54,88800.0,100,Buy,227855285
2024-07-31 14:22:21,88700.0,700,Sell,227857218
2024-07-31 14:22:21,88700.0,300,Sell,227857217
2024-07-31 14:22:23,88700.0,500,Sell,227857333
2024-07-31 14:22:36,88700.0,1100,Sell,227858454
2024-07-31 14:22:36,88700.0,200,Sell,227858455
2024-07-31 14:22:36,88700.0,700,Sell,227858456
2024-07-31 14:22:40,88700.0,700,Buy,227858840
2024-07-31 14:22:40,88700.0,300,Buy,227858841
2024-07-31 14:22:40,88800.0,700,Buy,227858842
2024-07-31 14:22:40,88800.0,300,Buy,227858843
2024-07-31 14:23:30,88600.0,100,Sell,227863139
2024-07-31 14:23:38,88700.0,100,Buy,227863878
2024-07-31 14:23:39,88700.0,200,Buy,227863884
2024-07-31 14:23:39,88700.0,100,Buy,227863882
2024-07-31 14:23:39,88700.0,500,Buy,227863883
2024-07-31 14:23:39,88700.0,100,Buy,227863880
2024-07-31 14:23:39,88700.0,500,Buy,227863879
2024-07-31 14:23:39,88700.0,500,Buy,227863881
2024-07-31 14:23:42,88600.0,900,Sell,227864412
2024-07-31 14:23:42,88600.0,100,Sell,227864413
2024-07-31 14:23:53,88700.0,600,Buy,227865371
2024-07-31 14:23:55,88600.0,900,Sell,227865538
2024-07-31 14:23:55,88600.0,100,Sell,227865539
2024-07-31 14:24:03,88600.0,400,Sell,227866210
2024-07-31 14:24:03,88600.0,600,Sell,227866211
2024-07-31 14:24:08,88600.0,100,Sell,227866786
2024-07-31 14:24:08,88600.0,400,Sell,227866787
2024-07-31 14:24:23,88600.0,500,Buy,227868237
2024-07-31 14:24:36,88600.0,1300,Buy,227869555
2024-07-31 14:24:36,88600.0,200,Buy,227869554
2024-07-31 14:24:36,88600.0,500,Buy,227869553
2024-07-31 14:24:54,88600.0,500,Buy,227870950
2024-07-31 14:25:08,88500.0,300,Sell,227872244
2024-07-31 14:25:17,88600.0,200,Buy,227872851
2024-07-31 14:25:21,88500.0,1700,Sell,227873076
2024-07-31 14:25:22,88600.0,100,Buy,227873196
2024-07-31 14:25:22,88600.0,100,Buy,227873215
2024-07-31 14:25:25,88500.0,100,Sell,227873355
2024-07-31 14:25:27,88600.0,3000,Buy,227873668
2024-07-31 14:25:29,88500.0,1000,Sell,227873815
2024-07-31 14:25:29,88500.0,500,Sell,227873814
2024-07-31 14:25:29,88500.0,2700,Sell,227873813
2024-07-31 14:25:29,88500.0,1000,Sell,227873812
2024-07-31 14:25:29,88500.0,1000,Sell,227873810
2024-07-31 14:25:29,88500.0,1000,Sell,227873809
2024-07-31 14:25:29,88500.0,1700,Sell,227873807
2024-07-31 14:25:29,88500.0,600,Sell,227873811
2024-07-31 14:25:29,88500.0,1000,Sell,227873808
2024-07-31 14:25:40,88500.0,100,Buy,227874711
2024-07-31 14:25:40,88500.0,1300,Buy,227874712
2024-07-31 14:25:44,88500.0,1600,Sell,227874962
2024-07-31 14:25:45,88500.0,600,Buy,227875000
2024-07-31 14:25:45,88600.0,100,Buy,227875001
2024-07-31 14:25:45,88600.0,1300,Buy,227875002
2024-07-31 14:25:46,88400.0,100,Sell,227875018
2024-07-31 14:25:58,88500.0,100,Buy,227875760
2024-07-31 14:25:59,88500.0,400,Sell,227875855
2024-07-31 14:26:24,88500.0,500,Sell,227877673
2024-07-31 14:26:27,88600.0,100,Buy,227877827
2024-07-31 14:26:27,88600.0,2000,Buy,227877828
2024-07-31 14:26:27,88600.0,200,Buy,227877829
2024-07-31 14:26:27,88600.0,200,Buy,227877830
2024-07-31 14:26:27,88600.0,500,Buy,227877826
2024-07-31 14:26:34,88600.0,100,Buy,227878491
2024-07-31 14:26:34,88600.0,300,Buy,227878492
2024-07-31 14:26:39,88600.0,100,Buy,227878851
2024-07-31 14:26:39,88700.0,1200,Buy,227878852
2024-07-31 14:26:39,88700.0,700,Buy,227878853
2024-07-31 14:26:49,88700.0,500,Buy,227879590
2024-07-31 14:26:49,88700.0,200,Buy,227879589
2024-07-31 14:26:49,88700.0,700,Buy,227879587
2024-07-31 14:26:49,88700.0,600,Buy,227879588
2024-07-31 14:26:59,88500.0,1800,Sell,227880179
2024-07-31 14:28:14,88700.0,700,Buy,227884215
2024-07-31 14:28:14,88700.0,500,Buy,227884216
2024-07-31 14:28:14,88700.0,800,Buy,227884217
2024-07-31 14:28:37,88600.0,200,Sell,227885348
2024-07-31 14:28:40,88700.0,1000,Buy,227885501
2024-07-31 14:28:40,88700.0,800,Buy,227885507
2024-07-31 14:28:49,88700.0,700,Buy,227886057
2024-07-31 14:28:49,88700.0,1300,Buy,227886058
2024-07-31 14:28:55,88600.0,700,Buy,227886321
2024-07-31 14:28:55,88600.0,1300,Buy,227886322
2024-07-31 14:29:00,88600.0,700,Buy,227886593
2024-07-31 14:29:00,88600.0,1300,Buy,227886594
2024-07-31 14:29:04,88600.0,100,Buy,227886790
2024-07-31 14:29:08,88600.0,700,Buy,227886988
2024-07-31 14:29:08,88600.0,200,Buy,227886989
2024-07-31 14:29:08,88700.0,400,Buy,227886990
2024-07-31 14:29:08,88700.0,700,Buy,227886991
2024-07-31 14:29:15,88700.0,1300,Buy,227887420
2024-07-31 14:29:15,88700.0,2600,Buy,227887421
2024-07-31 14:29:17,88600.0,200,Buy,227887499
2024-07-31 14:29:24,88600.0,200,Buy,227888024
2024-07-31 14:44:39,89200.0,449600,ATO/ATC,227889650
