time,price,volume,match_type,id
2024-08-15 09:14:39,88000.0,7700,ATO/ATC,231691279
2024-08-15 09:14:41,88000.0,1400,Buy,231691487
2024-08-15 09:14:41,88000.0,100,Buy,231691488
2024-08-15 09:14:44,88000.0,300,Buy,231691522
2024-08-15 09:15:19,88000.0,100,Buy,231692019
2024-08-15 09:15:19,88000.0,100,Buy,231692020
2024-08-15 09:15:19,88000.0,100,Buy,231692018
2024-08-15 09:16:59,87900.0,300,Sell,231693415
2024-08-15 09:16:59,87900.0,100,Sell,231693414
2024-08-15 09:16:59,88000.0,200,Sell,231693412
2024-08-15 09:16:59,88000.0,300,Sell,231693411
2024-08-15 09:16:59,88000.0,300,Sell,231693410
2024-08-15 09:16:59,88000.0,200,Sell,231693413
2024-08-15 09:16:59,88000.0,100,Sell,231693408
2024-08-15 09:16:59,88000.0,200,Sell,231693407
2024-08-15 09:16:59,88000.0,200,Sell,231693406
2024-08-15 09:16:59,88000.0,100,Sell,231693405
2024-08-15 09:16:59,88000.0,200,Sell,231693404
2024-08-15 09:16:59,88000.0,700,Sell,231693403
2024-08-15 09:16:59,88000.0,400,Sell,231693409
2024-08-15 09:17:00,87900.0,2600,Sell,231693519
2024-08-15 09:17:19,87900.0,1200,Sell,231693934
2024-08-15 09:17:28,87900.0,1100,Sell,231694148
2024-08-15 09:17:43,87900.0,200,Sell,231694527
2024-08-15 09:17:43,87900.0,400,Sell,231694526
2024-08-15 09:17:43,87900.0,100,Sell,231694525
2024-08-15 09:17:43,87900.0,200,Sell,231694524
2024-08-15 09:17:43,87900.0,200,Sell,231694523
2024-08-15 09:17:43,87900.0,100,Sell,231694522
2024-08-15 09:17:43,87900.0,100,Sell,231694519
2024-08-15 09:17:43,87900.0,800,Sell,231694518
2024-08-15 09:17:43,87900.0,500,Sell,231694517
2024-08-15 09:17:43,87900.0,600,Sell,231694516
2024-08-15 09:17:43,87900.0,100,Sell,231694515
2024-08-15 09:17:43,87900.0,1800,Sell,231694514
2024-08-15 09:17:43,87900.0,200,Sell,231694521
2024-08-15 09:18:50,87900.0,100,Sell,231695710
2024-08-15 09:18:50,87900.0,100,Sell,231695711
2024-08-15 09:19:55,87900.0,400,Sell,231696858
2024-08-15 09:19:55,87900.0,300,Sell,231696857
2024-08-15 09:19:55,87900.0,200,Sell,231696855
2024-08-15 09:19:55,87900.0,200,Sell,231696854
2024-08-15 09:19:55,87900.0,100,Sell,231696856
2024-08-15 09:20:16,87900.0,100,Sell,231697374
2024-08-15 09:20:16,87900.0,700,Sell,231697375
2024-08-15 09:20:16,87900.0,400,Sell,231697376
2024-08-15 09:22:55,87900.0,300,Sell,231700204
2024-08-15 09:26:24,88200.0,600,Sell,231703690
2024-08-15 09:26:25,88200.0,100,Buy,231703716
2024-08-15 09:28:29,88200.0,100,Buy,231705495
2024-08-15 09:30:04,88200.0,100,Buy,231707017
2024-08-15 09:30:15,88000.0,200,Sell,231707160
2024-08-15 09:30:15,88000.0,200,Sell,231707159
2024-08-15 09:30:15,88000.0,100,Sell,231707158
2024-08-15 09:30:15,88000.0,500,Sell,231707156
2024-08-15 09:30:17,88200.0,200,Buy,231707235
2024-08-15 09:30:17,88200.0,100,Buy,231707234
2024-08-15 09:30:22,88000.0,100,Sell,231707324
2024-08-15 09:30:22,88000.0,400,Sell,231707325
2024-08-15 09:30:22,88000.0,300,Sell,231707326
2024-08-15 09:30:22,88000.0,200,Sell,231707327
2024-08-15 09:30:25,88000.0,100,Sell,231707390
2024-08-15 09:30:25,88000.0,200,Sell,231707391
2024-08-15 09:30:25,88000.0,900,Sell,231707392
2024-08-15 09:31:25,88100.0,500,Buy,231708218
2024-08-15 09:31:26,88100.0,100,Buy,231708232
2024-08-15 09:33:28,88100.0,300,Buy,231709877
2024-08-15 09:33:50,88000.0,200,Sell,231710209
2024-08-15 09:33:50,88000.0,100,Sell,231710208
2024-08-15 09:34:47,88100.0,100,Buy,231711200
2024-08-15 09:34:47,88100.0,100,Buy,231711201
2024-08-15 09:38:45,88000.0,100,Sell,231715606
2024-08-15 09:38:45,88000.0,100,Sell,231715607
2024-08-15 09:38:45,88000.0,200,Sell,231715608
2024-08-15 09:38:45,88000.0,100,Sell,231715609
2024-08-15 09:38:45,88000.0,200,Sell,231715610
2024-08-15 09:38:45,88000.0,500,Sell,231715611
2024-08-15 09:38:57,88100.0,400,Buy,231715850
2024-08-15 09:39:12,88000.0,1200,Sell,231716101
2024-08-15 09:39:53,88100.0,200,Buy,231716917
2024-08-15 09:40:57,88100.0,200,Sell,231718083
2024-08-15 09:41:10,88100.0,400,Sell,231718346
2024-08-15 09:41:10,88100.0,100,Sell,231718347
2024-08-15 09:41:10,88100.0,200,Sell,231718348
2024-08-15 09:41:10,88100.0,200,Sell,231718349
2024-08-15 09:41:10,88100.0,100,Sell,231718350
2024-08-15 09:41:10,88100.0,200,Sell,231718351
2024-08-15 09:41:15,88100.0,100,Sell,231718460
2024-08-15 09:41:45,88000.0,100,Sell,231719091
2024-08-15 09:41:45,88100.0,200,Sell,231719090
2024-08-15 09:41:45,88100.0,200,Sell,231719089
2024-08-15 09:41:45,88100.0,300,Sell,231719087
2024-08-15 09:41:45,88100.0,100,Sell,231719086
2024-08-15 09:41:45,88100.0,300,Sell,231719088
2024-08-15 09:42:42,88000.0,200,Sell,231720101
2024-08-15 09:42:42,88000.0,600,Sell,231720102
2024-08-15 09:42:42,88000.0,300,Sell,231720103
2024-08-15 09:42:42,88000.0,100,Sell,231720104
2024-08-15 09:42:47,88000.0,200,Sell,231720202
2024-08-15 09:42:47,88000.0,100,Sell,231720203
2024-08-15 09:43:02,88000.0,300,Sell,231720466
2024-08-15 09:43:02,88000.0,300,Sell,231720465
2024-08-15 09:43:02,88000.0,400,Sell,231720464
2024-08-15 09:43:02,88000.0,100,Sell,231720463
2024-08-15 09:43:02,88000.0,100,Sell,231720462
2024-08-15 09:43:49,88000.0,300,Sell,231721137
2024-08-15 09:43:49,88000.0,200,Sell,231721141
2024-08-15 09:43:49,88000.0,100,Sell,231721140
2024-08-15 09:43:49,88000.0,300,Sell,231721136
2024-08-15 09:43:49,88000.0,200,Sell,231721138
2024-08-15 09:43:49,88000.0,100,Sell,231721139
2024-08-15 09:45:46,88000.0,3000,Sell,231722886
2024-08-15 09:45:46,88000.0,100,Sell,231722884
2024-08-15 09:45:46,88000.0,100,Sell,231722887
2024-08-15 09:45:46,88000.0,200,Sell,231722882
2024-08-15 09:45:46,88000.0,100,Sell,231722881
2024-08-15 09:45:46,88000.0,500,Sell,231722880
2024-08-15 09:45:46,88000.0,400,Sell,231722883
2024-08-15 09:45:46,88000.0,600,Sell,231722885
2024-08-15 09:46:32,88000.0,100,Sell,231723570
2024-08-15 09:46:41,88000.0,300,Sell,231723775
2024-08-15 09:46:41,88000.0,600,Buy,231723783
2024-08-15 09:46:41,88000.0,200,Sell,231723779
2024-08-15 09:46:41,88000.0,1000,Sell,231723778
2024-08-15 09:46:41,88000.0,500,Sell,231723777
2024-08-15 09:46:41,88000.0,100,Sell,231723776
2024-08-15 09:46:41,88000.0,200,Sell,231723774
2024-08-15 09:46:41,88000.0,200,Sell,231723772
2024-08-15 09:46:41,88000.0,100,Sell,231723767
2024-08-15 09:46:41,88000.0,100,Sell,231723768
2024-08-15 09:46:41,88000.0,100,Sell,231723773
2024-08-15 09:46:41,88000.0,100,Sell,231723770
2024-08-15 09:46:41,88000.0,200,Sell,231723771
2024-08-15 09:46:41,88000.0,200,Sell,231723769
2024-08-15 09:46:42,88000.0,400,Buy,231723787
2024-08-15 09:46:42,88000.0,100,Buy,231723792
2024-08-15 09:46:43,88000.0,100,Buy,231723797
2024-08-15 09:46:49,88000.0,100,Buy,231723888
2024-08-15 09:46:53,88000.0,100,Buy,231723956
2024-08-15 09:46:57,88000.0,100,Buy,231724025
2024-08-15 09:47:00,88000.0,100,Buy,231724081
2024-08-15 09:47:00,88000.0,100,Buy,231724080
2024-08-15 09:47:04,88000.0,200,Buy,231724124
2024-08-15 09:47:15,88000.0,100,Buy,231724278
2024-08-15 09:47:20,88000.0,100,Buy,231724328
2024-08-15 09:47:26,88000.0,200,Buy,231724424
2024-08-15 09:47:30,88000.0,200,Buy,231724469
2024-08-15 09:47:36,88000.0,200,Buy,231724551
2024-08-15 09:48:25,88100.0,300,Buy,231725327
2024-08-15 09:48:47,88000.0,100,Buy,231725787
2024-08-15 09:48:47,88000.0,100,Sell,231725742
2024-08-15 09:48:47,88000.0,400,Sell,231725743
2024-08-15 09:49:06,88000.0,400,Buy,231726148
2024-08-15 09:49:06,88000.0,600,Buy,231726141
2024-08-15 09:49:06,88000.0,100,Buy,231726140
2024-08-15 09:49:06,88000.0,800,Buy,231726139
2024-08-15 09:49:06,88000.0,200,Buy,231726149
2024-08-15 09:49:06,88000.0,100,Buy,231726137
2024-08-15 09:49:06,88000.0,300,Buy,231726136
2024-08-15 09:49:06,88000.0,400,Buy,231726135
2024-08-15 09:49:06,88000.0,300,Buy,231726134
2024-08-15 09:49:06,88000.0,200,Buy,231726138
2024-08-15 09:49:07,88000.0,300,Buy,231726153
2024-08-15 09:49:07,88000.0,500,Buy,231726156
2024-08-15 09:49:39,88000.0,100,Sell,231726788
2024-08-15 09:50:54,88000.0,100,Sell,231728213
2024-08-15 09:50:54,88000.0,1500,Sell,231728214
2024-08-15 09:51:13,88000.0,4500,Sell,231728568
2024-08-15 09:51:13,88000.0,100,Sell,231728569
2024-08-15 09:51:13,88000.0,5400,Sell,231728570
2024-08-15 09:51:34,88100.0,100,Buy,231728971
2024-08-15 09:51:37,88000.0,1200,Sell,231729064
2024-08-15 09:51:39,88000.0,1000,Sell,231729119
2024-08-15 09:52:10,88000.0,300,Sell,231729717
2024-08-15 09:52:10,88000.0,900,Sell,231729716
2024-08-15 09:52:25,88000.0,300,Sell,231729915
2024-08-15 09:52:25,88000.0,100,Sell,231729913
2024-08-15 09:52:25,88000.0,600,Sell,231729914
2024-08-15 09:52:39,88000.0,300,Sell,231730093
2024-08-15 09:52:39,88000.0,200,Sell,231730094
2024-08-15 09:52:39,88000.0,500,Sell,231730095
2024-08-15 09:53:01,88000.0,800,Sell,231730461
2024-08-15 09:53:01,88000.0,800,Sell,231730462
2024-08-15 09:53:20,88000.0,100,Sell,231730828
2024-08-15 09:53:20,88000.0,900,Sell,231730829
2024-08-15 09:54:22,88000.0,1300,Sell,231731651
2024-08-15 09:54:22,88000.0,100,Sell,231731650
2024-08-15 09:54:22,88000.0,100,Sell,231731647
2024-08-15 09:54:22,88000.0,100,Sell,231731648
2024-08-15 09:54:22,88000.0,100,Sell,231731646
2024-08-15 09:54:22,88000.0,300,Sell,231731649
2024-08-15 09:54:26,88000.0,100,Sell,231731703
2024-08-15 09:54:26,88000.0,300,Sell,231731702
2024-08-15 09:54:26,88000.0,100,Sell,231731704
2024-08-15 09:54:26,88000.0,200,Sell,231731701
2024-08-15 09:54:26,88000.0,100,Sell,231731706
2024-08-15 09:54:26,88000.0,200,Sell,231731707
2024-08-15 09:54:26,88000.0,200,Sell,231731705
2024-08-15 09:54:26,88000.0,100,Sell,231731700
2024-08-15 09:54:26,88000.0,400,Sell,231731708
2024-08-15 09:54:26,88000.0,200,Sell,231731697
2024-08-15 09:54:26,88000.0,200,Sell,231731696
2024-08-15 09:54:26,88000.0,100,Sell,231731695
2024-08-15 09:54:26,88000.0,200,Sell,231731694
2024-08-15 09:54:26,88000.0,100,Sell,231731693
2024-08-15 09:54:26,88000.0,200,Sell,231731692
2024-08-15 09:54:26,88000.0,100,Sell,231731691
2024-08-15 09:54:26,88000.0,1100,Sell,231731690
2024-08-15 09:54:26,88000.0,100,Sell,231731698
2024-08-15 09:54:26,88000.0,700,Sell,231731689
2024-08-15 09:54:27,88000.0,300,Buy,231731716
2024-08-15 09:54:27,88000.0,100,Buy,231731717
2024-08-15 09:55:02,88000.0,100,Sell,231732274
2024-08-15 09:55:02,88000.0,100,Sell,231732271
2024-08-15 09:55:02,88000.0,900,Sell,231732272
2024-08-15 09:55:02,88000.0,100,Sell,231732273
2024-08-15 09:55:23,88000.0,100,Sell,231732608
2024-08-15 09:55:23,88000.0,100,Sell,231732609
2024-08-15 09:55:23,88000.0,200,Sell,231732610
2024-08-15 09:55:23,87900.0,300,Sell,231732611
2024-08-15 09:55:23,87900.0,100,Sell,231732612
2024-08-15 09:55:23,87900.0,200,Sell,231732613
2024-08-15 09:55:23,88000.0,200,Sell,231732607
2024-08-15 09:55:35,88000.0,100,Buy,231732785
2024-08-15 09:56:30,88000.0,300,Buy,231733494
2024-08-15 09:56:30,88000.0,300,Buy,231733490
2024-08-15 09:56:30,88000.0,400,Buy,231733489
2024-08-15 09:56:30,88000.0,200,Buy,231733487
2024-08-15 09:56:30,88000.0,100,Buy,231733485
2024-08-15 09:56:30,88000.0,100,Buy,231733488
2024-08-15 09:56:30,88000.0,200,Buy,231733486
2024-08-15 09:56:31,88000.0,100,Buy,231733500
2024-08-15 09:56:31,88000.0,200,Buy,231733507
2024-08-15 09:56:31,88000.0,100,Buy,231733508
2024-08-15 09:57:16,88000.0,200,Buy,231734196
2024-08-15 09:57:16,88000.0,1000,Buy,231734187
2024-08-15 09:57:17,88000.0,100,Buy,231734202
2024-08-15 09:57:19,87900.0,200,Sell,231734266
2024-08-15 09:57:19,87900.0,900,Sell,231734280
2024-08-15 09:57:19,87900.0,500,Sell,231734279
2024-08-15 09:57:19,87900.0,400,Sell,231734278
2024-08-15 09:57:19,87900.0,300,Sell,231734277
2024-08-15 09:57:19,87900.0,300,Sell,231734276
2024-08-15 09:57:19,87900.0,100,Sell,231734265
2024-08-15 09:57:19,87900.0,200,Sell,231734274
2024-08-15 09:57:19,87900.0,400,Sell,231734275
2024-08-15 09:57:19,87900.0,100,Sell,231734272
2024-08-15 09:57:19,87900.0,1000,Sell,231734271
2024-08-15 09:57:19,87900.0,100,Sell,231734270
2024-08-15 09:57:19,87900.0,100,Sell,231734269
2024-08-15 09:57:19,87900.0,100,Sell,231734268
2024-08-15 09:57:19,87900.0,100,Sell,231734267
2024-08-15 09:57:19,87900.0,200,Sell,231734273
2024-08-15 09:57:52,88000.0,500,Buy,231734864
2024-08-15 09:57:53,88000.0,100,Buy,231734868
2024-08-15 09:58:08,87900.0,100,Sell,231735135
2024-08-15 09:58:08,87900.0,1000,Sell,231735134
2024-08-15 09:58:08,87900.0,100,Sell,231735137
2024-08-15 09:58:08,87900.0,100,Sell,231735132
2024-08-15 09:58:08,87900.0,100,Sell,231735133
2024-08-15 09:58:08,87900.0,100,Sell,231735136
2024-08-15 09:58:08,87900.0,100,Sell,231735131
2024-08-15 10:03:37,88000.0,900,Buy,231740002
2024-08-15 10:03:37,88000.0,3000,Buy,231739999
2024-08-15 10:03:37,88000.0,1000,Buy,231740000
2024-08-15 10:03:37,88000.0,1100,Buy,231740001
2024-08-15 10:03:38,88000.0,100,Buy,231740011
2024-08-15 10:05:10,88000.0,100,Sell,231741707
2024-08-15 10:05:58,88100.0,800,Buy,231742724
2024-08-15 10:05:58,88100.0,1000,Buy,231742725
2024-08-15 10:05:58,88100.0,200,Buy,231742726
2024-08-15 10:05:59,88100.0,400,Buy,231742769
2024-08-15 10:06:24,88100.0,400,Buy,231743211
2024-08-15 10:07:38,88100.0,100,Sell,231744603
2024-08-15 10:08:49,88200.0,200,Buy,231745969
2024-08-15 10:08:49,88200.0,200,Buy,231745970
2024-08-15 10:08:49,88200.0,100,Buy,231745971
2024-08-15 10:08:49,88200.0,200,Buy,231745972
2024-08-15 10:08:49,88200.0,100,Buy,231745973
2024-08-15 10:08:49,88200.0,100,Buy,231745974
2024-08-15 10:08:49,88200.0,100,Buy,231745975
2024-08-15 10:08:49,88200.0,100,Buy,231745968
2024-08-15 10:09:08,88200.0,500,Buy,231746305
2024-08-15 10:09:08,88200.0,1100,Sell,231746292
2024-08-15 10:09:08,88200.0,1100,Sell,231746291
2024-08-15 10:09:08,88200.0,300,Sell,231746289
2024-08-15 10:09:08,88200.0,200,Sell,231746288
2024-08-15 10:09:08,88200.0,200,Sell,231746290
2024-08-15 10:09:09,88200.0,100,Buy,231746360
2024-08-15 10:09:51,88200.0,900,Buy,231746966
2024-08-15 10:09:52,88200.0,100,Buy,231746975
2024-08-15 10:09:52,88200.0,200,Buy,231746976
2024-08-15 10:09:52,88200.0,200,Buy,231746977
2024-08-15 10:09:52,88200.0,100,Buy,231746978
2024-08-15 10:09:52,88200.0,400,Buy,231746979
2024-08-15 10:09:52,88200.0,100,Buy,231746980
2024-08-15 10:10:56,88200.0,100,Sell,231747759
2024-08-15 10:11:23,88200.0,800,Sell,231748094
2024-08-15 10:11:23,88200.0,100,Sell,231748093
2024-08-15 10:11:23,88200.0,200,Sell,231748092
2024-08-15 10:11:23,88200.0,100,Sell,231748088
2024-08-15 10:11:23,88200.0,300,Sell,231748090
2024-08-15 10:11:23,88200.0,100,Sell,231748089
2024-08-15 10:11:23,88200.0,200,Sell,231748091
2024-08-15 10:11:24,88200.0,300,Buy,231748111
2024-08-15 10:12:10,88200.0,800,Buy,231748723
2024-08-15 10:12:11,88200.0,100,Buy,231748731
2024-08-15 10:13:20,88200.0,900,Buy,231749800
2024-08-15 10:13:21,88200.0,100,Buy,231749807
2024-08-15 10:14:29,88200.0,800,Buy,231750865
2024-08-15 10:14:30,88200.0,100,Buy,231750875
2024-08-15 10:14:34,88100.0,1300,Sell,231750940
2024-08-15 10:14:34,88100.0,800,Sell,231750939
2024-08-15 10:14:34,88100.0,300,Sell,231750938
2024-08-15 10:14:34,88100.0,300,Sell,231750937
2024-08-15 10:14:34,88100.0,400,Sell,231750936
2024-08-15 10:14:34,88100.0,200,Sell,231750933
2024-08-15 10:14:34,88100.0,200,Sell,231750934
2024-08-15 10:14:34,88100.0,900,Sell,231750931
2024-08-15 10:14:34,88100.0,400,Sell,231750930
2024-08-15 10:14:34,88100.0,100,Sell,231750935
2024-08-15 10:14:34,88100.0,100,Sell,231750932
2024-08-15 10:14:45,88100.0,300,Sell,231751110
2024-08-15 10:14:45,88100.0,1300,Sell,231751109
2024-08-15 10:15:29,88100.0,100,Sell,231751660
2024-08-15 10:15:32,88100.0,600,Sell,231751764
2024-08-15 10:15:32,88100.0,100,Sell,231751765
2024-08-15 10:15:32,88100.0,100,Sell,231751766
2024-08-15 10:15:32,88100.0,100,Sell,231751767
2024-08-15 10:15:32,88100.0,300,Sell,231751768
2024-08-15 10:18:06,88100.0,100,Sell,231754339
2024-08-15 10:19:52,88100.0,200,Sell,231756263
2024-08-15 10:19:52,88100.0,100,Sell,231756262
2024-08-15 10:20:49,88100.0,100,Sell,231757601
2024-08-15 10:26:30,88100.0,800,Sell,231765891
2024-08-15 10:26:30,88100.0,100,Sell,231765892
2024-08-15 10:26:37,88100.0,700,Sell,231766063
2024-08-15 10:26:37,88100.0,300,Sell,231766064
2024-08-15 10:26:53,88100.0,2000,Sell,231766406
2024-08-15 10:26:55,88100.0,400,Sell,231766497
2024-08-15 10:26:55,88100.0,600,Sell,231766496
2024-08-15 10:27:52,88200.0,1000,Buy,231767598
2024-08-15 10:27:53,88200.0,200,Buy,231767612
2024-08-15 10:27:54,88200.0,100,Buy,231767631
2024-08-15 10:27:54,88200.0,900,Buy,231767630
2024-08-15 10:27:55,88200.0,200,Buy,231767656
2024-08-15 10:27:56,88200.0,800,Buy,231767667
2024-08-15 10:27:56,88200.0,2000,Buy,231767668
2024-08-15 10:27:56,88200.0,1000,Buy,231767669
2024-08-15 10:27:56,88200.0,500,Buy,231767670
2024-08-15 10:27:56,88200.0,100,Buy,231767671
2024-08-15 10:27:56,88200.0,300,Buy,231767672
2024-08-15 10:28:38,88200.0,200,Sell,231768586
2024-08-15 10:29:06,88200.0,100,Sell,231769197
2024-08-15 10:29:21,88300.0,100,Buy,231769521
2024-08-15 10:29:22,88300.0,900,Buy,231769548
2024-08-15 10:29:22,88300.0,300,Buy,231769549
2024-08-15 10:29:22,88300.0,100,Buy,231769550
2024-08-15 10:29:22,88300.0,500,Buy,231769551
2024-08-15 10:29:22,88300.0,300,Buy,231769552
2024-08-15 10:29:40,88400.0,300,Buy,231769920
2024-08-15 10:29:45,88400.0,300,Buy,231769994
2024-08-15 10:29:47,88400.0,100,Buy,231770014
2024-08-15 10:29:49,88400.0,200,Buy,231770043
2024-08-15 10:29:54,88400.0,100,Buy,231770117
2024-08-15 10:30:00,88400.0,300,Buy,231770219
2024-08-15 10:30:03,88400.0,400,Buy,231770281
2024-08-15 10:30:07,88400.0,300,Buy,231770336
2024-08-15 10:30:07,88400.0,700,Buy,231770337
2024-08-15 10:30:08,88400.0,200,Buy,231770396
2024-08-15 10:30:26,88400.0,100,Buy,231770715
2024-08-15 10:30:39,88500.0,100,Buy,231770969
2024-08-15 10:30:39,88500.0,300,Buy,231770970
2024-08-15 10:30:39,88500.0,100,Buy,231770971
2024-08-15 10:30:39,88500.0,600,Buy,231770972
2024-08-15 10:30:39,88500.0,600,Buy,231770973
2024-08-15 10:30:39,88500.0,100,Buy,231770974
2024-08-15 10:30:39,88500.0,100,Buy,231770975
2024-08-15 10:30:40,88500.0,200,Buy,231771001
2024-08-15 10:30:40,88500.0,100,Buy,231771000
2024-08-15 10:30:40,88500.0,100,Buy,231770986
2024-08-15 10:30:40,88500.0,100,Buy,231770985
2024-08-15 10:30:40,88500.0,200,Buy,231770980
2024-08-15 10:30:40,88500.0,900,Buy,231770983
2024-08-15 10:30:40,88500.0,300,Buy,231770982
2024-08-15 10:30:40,88500.0,1000,Buy,231770981
2024-08-15 10:30:40,88500.0,700,Buy,231770984
2024-08-15 10:30:41,88500.0,1500,Buy,231771007
2024-08-15 10:30:41,88500.0,100,Buy,231771008
2024-08-15 10:30:41,88500.0,1800,Buy,231771005
2024-08-15 10:30:41,88500.0,100,Buy,231771006
2024-08-15 10:31:13,88600.0,100,Buy,231771543
2024-08-15 10:31:32,88600.0,100,Buy,231771856
2024-08-15 10:31:32,88600.0,1000,Buy,231771857
2024-08-15 10:31:32,88600.0,1000,Buy,231771858
2024-08-15 10:31:32,88600.0,300,Buy,231771859
2024-08-15 10:31:32,88600.0,100,Buy,231771860
2024-08-15 10:32:04,88700.0,100,Buy,231772313
2024-08-15 10:32:20,88700.0,200,Buy,231772790
2024-08-15 10:33:01,88700.0,700,Buy,231773417
2024-08-15 10:33:01,88700.0,100,Buy,231773418
2024-08-15 10:33:05,88700.0,100,Buy,231773454
2024-08-15 10:33:05,88700.0,200,Buy,231773453
2024-08-15 10:33:05,88700.0,200,Buy,231773452
2024-08-15 10:33:05,88700.0,300,Buy,231773450
2024-08-15 10:33:05,88700.0,400,Buy,231773451
2024-08-15 10:33:17,88700.0,100,Sell,231773628
2024-08-15 10:34:01,88700.0,100,Sell,231774308
2024-08-15 10:34:18,88700.0,800,Sell,231774575
2024-08-15 10:34:18,88700.0,200,Sell,231774576
2024-08-15 10:34:29,88700.0,400,Sell,231774718
2024-08-15 10:34:29,88700.0,600,Sell,231774719
2024-08-15 10:34:29,88700.0,700,Sell,231774720
2024-08-15 10:34:31,88700.0,100,Sell,231774748
2024-08-15 10:34:31,88700.0,100,Sell,231774749
2024-08-15 10:35:20,88700.0,600,Buy,231775611
2024-08-15 10:35:20,88700.0,100,Buy,231775609
2024-08-15 10:35:20,88700.0,100,Buy,231775608
2024-08-15 10:35:20,88700.0,100,Buy,231775610
2024-08-15 10:35:34,88700.0,300,Buy,231775800
2024-08-15 10:36:04,88600.0,1600,Sell,231776304
2024-08-15 10:36:28,88600.0,900,Sell,231776623
2024-08-15 10:36:28,88600.0,100,Sell,231776624
2024-08-15 10:37:42,88600.0,200,Sell,231777660
2024-08-15 10:38:01,88700.0,100,Buy,231777950
2024-08-15 10:38:01,88700.0,1000,Buy,231777951
2024-08-15 10:38:01,88700.0,100,Buy,231777952
2024-08-15 10:38:01,88700.0,1000,Buy,231777953
2024-08-15 10:38:01,88700.0,500,Buy,231777954
2024-08-15 10:38:01,88700.0,1000,Buy,231777955
2024-08-15 10:39:13,88700.0,100,Sell,231778871
2024-08-15 10:39:48,88700.0,100,Sell,231779254
2024-08-15 10:39:48,88700.0,1100,Sell,231779253
2024-08-15 10:39:48,88700.0,1100,Sell,231779252
2024-08-15 10:39:48,88700.0,400,Sell,231779249
2024-08-15 10:39:48,88700.0,800,Sell,231779250
2024-08-15 10:39:48,88700.0,1900,Sell,231779248
2024-08-15 10:39:48,88700.0,1100,Sell,231779251
2024-08-15 10:39:49,88700.0,700,Buy,231779268
2024-08-15 10:39:58,88700.0,900,Buy,231779389
2024-08-15 10:39:58,88700.0,100,Buy,231779395
2024-08-15 10:40:12,88700.0,200,Buy,231779540
2024-08-15 10:40:12,88700.0,100,Buy,231779541
2024-08-15 10:40:12,88700.0,200,Buy,231779539
2024-08-15 10:40:12,88700.0,200,Buy,231779536
2024-08-15 10:40:12,88700.0,200,Buy,231779537
2024-08-15 10:40:12,88700.0,100,Buy,231779535
2024-08-15 10:40:12,88700.0,100,Buy,231779538
2024-08-15 10:40:14,88700.0,200,Sell,231779554
2024-08-15 10:40:14,88700.0,300,Sell,231779555
2024-08-15 10:40:28,88800.0,100,Buy,231779776
2024-08-15 10:40:28,88800.0,300,Buy,231779777
2024-08-15 10:40:28,88800.0,800,Buy,231779778
2024-08-15 10:40:29,88800.0,100,Buy,231779795
2024-08-15 10:41:07,88800.0,100,Buy,231780344
2024-08-15 10:41:07,88800.0,100,Buy,231780342
2024-08-15 10:41:07,88800.0,100,Buy,231780341
2024-08-15 10:41:07,88800.0,500,Buy,231780343
2024-08-15 10:41:23,88800.0,100,Buy,231780543
2024-08-15 10:41:23,88800.0,900,Buy,231780547
2024-08-15 10:41:23,88800.0,100,Buy,231780546
2024-08-15 10:41:23,88800.0,200,Buy,231780545
2024-08-15 10:41:23,88800.0,100,Buy,231780544
2024-08-15 10:41:23,88800.0,800,Buy,231780542
2024-08-15 10:41:23,88800.0,900,Buy,231780548
2024-08-15 10:41:23,88800.0,100,Buy,231780537
2024-08-15 10:41:23,88800.0,400,Buy,231780532
2024-08-15 10:41:23,88800.0,100,Buy,231780533
2024-08-15 10:41:23,88800.0,200,Buy,231780541
2024-08-15 10:41:23,88800.0,600,Buy,231780535
2024-08-15 10:41:23,88800.0,100,Buy,231780536
2024-08-15 10:41:23,88800.0,600,Buy,231780534
2024-08-15 10:41:24,88800.0,100,Buy,231780553
2024-08-15 10:41:24,88800.0,400,Buy,231780554
2024-08-15 10:41:46,88700.0,100,Sell,231780848
2024-08-15 10:44:00,88700.0,400,Sell,231782528
2024-08-15 10:44:00,88700.0,100,Sell,231782529
2024-08-15 10:44:00,88700.0,500,Sell,231782530
2024-08-15 10:44:13,88700.0,100,Sell,231782681
2024-08-15 10:44:27,88700.0,100,Sell,231782827
2024-08-15 10:44:27,88700.0,200,Sell,231782828
2024-08-15 10:44:27,88700.0,600,Sell,231782825
2024-08-15 10:44:27,88700.0,100,Sell,231782826
2024-08-15 10:45:06,88800.0,600,Buy,231783330
2024-08-15 10:45:06,88800.0,200,Buy,231783331
2024-08-15 10:45:06,88800.0,500,Buy,231783332
2024-08-15 10:45:06,88800.0,400,Buy,231783333
2024-08-15 10:45:06,88800.0,100,Buy,231783334
2024-08-15 10:45:06,88800.0,100,Buy,231783335
2024-08-15 10:45:06,88800.0,100,Buy,231783336
2024-08-15 10:45:07,88800.0,200,Buy,231783345
2024-08-15 10:45:45,88800.0,800,Buy,231783865
2024-08-15 10:45:45,88800.0,200,Buy,231783866
2024-08-15 10:45:46,88800.0,100,Buy,231783872
2024-08-15 10:45:49,88800.0,700,Buy,231783928
2024-08-15 10:46:06,88800.0,200,Sell,231784158
2024-08-15 10:46:17,88800.0,500,Sell,231784307
2024-08-15 10:46:19,88800.0,300,Sell,231784348
2024-08-15 10:46:55,88800.0,900,Buy,231784754
2024-08-15 10:47:55,88800.0,100,Buy,231785427
2024-08-15 10:48:04,88800.0,700,Buy,231785492
2024-08-15 10:48:04,88800.0,300,Buy,231785493
2024-08-15 10:48:05,88800.0,100,Buy,231785511
2024-08-15 10:48:06,88700.0,900,Sell,231785519
2024-08-15 10:48:06,88700.0,800,Sell,231785517
2024-08-15 10:48:06,88700.0,100,Sell,231785520
2024-08-15 10:48:06,88700.0,900,Sell,231785515
2024-08-15 10:48:06,88700.0,900,Sell,231785514
2024-08-15 10:48:06,88700.0,1300,Sell,231785513
2024-08-15 10:48:06,88700.0,100,Sell,231785516
2024-08-15 10:49:03,88700.0,100,Sell,231786169
2024-08-15 10:49:58,88800.0,200,Buy,231786749
2024-08-15 10:49:58,88800.0,100,Buy,231786750
2024-08-15 10:49:58,88800.0,600,Buy,231786751
2024-08-15 10:49:58,88800.0,500,Buy,231786752
2024-08-15 10:49:58,88800.0,500,Buy,231786753
2024-08-15 10:49:58,88800.0,100,Buy,231786754
2024-08-15 10:49:58,88800.0,1000,Buy,231786755
2024-08-15 10:49:58,88800.0,500,Buy,231786756
2024-08-15 10:50:07,88800.0,500,Sell,231786834
2024-08-15 10:50:24,88800.0,900,Sell,231787053
2024-08-15 10:50:24,88800.0,1000,Sell,231787052
2024-08-15 10:50:24,88800.0,300,Sell,231787049
2024-08-15 10:50:24,88800.0,100,Sell,231787050
2024-08-15 10:50:24,88800.0,100,Sell,231787051
2024-08-15 10:50:24,88800.0,1000,Sell,231787048
2024-08-15 10:50:25,88800.0,300,Buy,231787057
2024-08-15 10:50:34,88800.0,1000,Buy,231787178
2024-08-15 10:50:35,88700.0,1000,Sell,231787203
2024-08-15 10:50:35,88800.0,100,Buy,231787198
2024-08-15 10:51:36,88700.0,100,Sell,231788074
2024-08-15 10:51:36,88700.0,100,Sell,231788073
2024-08-15 10:51:49,88700.0,100,Sell,231788189
2024-08-15 10:51:59,88800.0,200,Buy,231788319
2024-08-15 10:52:42,88800.0,900,Buy,231788942
2024-08-15 10:53:02,88700.0,100,Sell,231789263
2024-08-15 10:53:02,88700.0,1000,Sell,231789262
2024-08-15 10:53:02,88700.0,100,Sell,231789250
2024-08-15 10:53:02,88700.0,900,Sell,231789247
2024-08-15 10:53:02,88700.0,500,Sell,231789246
2024-08-15 10:53:02,88700.0,500,Sell,231789245
2024-08-15 10:53:02,88700.0,100,Sell,231789248
2024-08-15 10:53:02,88700.0,100,Sell,231789249
2024-08-15 10:53:14,88700.0,300,Sell,231789413
2024-08-15 10:53:20,88700.0,200,Buy,231789507
2024-08-15 10:54:18,88700.0,200,Sell,231790212
2024-08-15 10:54:18,88700.0,800,Sell,231790213
2024-08-15 10:55:12,88700.0,100,Sell,231790914
2024-08-15 10:55:13,88700.0,100,Sell,231790976
2024-08-15 10:55:15,88700.0,200,Sell,231790996
2024-08-15 10:55:15,88700.0,100,Sell,231790995
2024-08-15 10:55:41,88700.0,100,Sell,231791411
2024-08-15 10:55:49,88700.0,100,Sell,231791507
2024-08-15 10:55:53,88700.0,100,Sell,231791610
2024-08-15 10:56:19,88700.0,400,Sell,231791905
2024-08-15 10:56:19,88700.0,200,Sell,231791906
2024-08-15 10:56:19,88700.0,900,Sell,231791907
2024-08-15 10:56:20,88700.0,100,Buy,231791929
2024-08-15 10:57:20,88700.0,1000,Buy,231792902
2024-08-15 10:57:22,88700.0,100,Buy,231792942
2024-08-15 10:57:37,88600.0,100,Sell,231793144
2024-08-15 10:57:37,88600.0,100,Sell,231793143
2024-08-15 10:57:37,88600.0,100,Sell,231793142
2024-08-15 10:57:37,88600.0,100,Sell,231793141
2024-08-15 10:57:37,88600.0,300,Sell,231793138
2024-08-15 10:57:37,88600.0,200,Sell,231793139
2024-08-15 10:57:37,88600.0,600,Sell,231793136
2024-08-15 10:57:37,88600.0,300,Sell,231793140
2024-08-15 10:57:37,88600.0,200,Sell,231793137
2024-08-15 10:57:47,88600.0,400,Sell,231793319
2024-08-15 10:57:47,88600.0,700,Sell,231793317
2024-08-15 10:57:47,88600.0,900,Sell,231793318
2024-08-15 10:58:08,88600.0,100,Sell,231793608
2024-08-15 10:58:08,88600.0,100,Sell,231793607
2024-08-15 10:58:24,88600.0,200,Sell,231793818
2024-08-15 10:58:24,88600.0,200,Sell,231793819
2024-08-15 10:58:30,88600.0,900,Buy,231793911
2024-08-15 10:59:39,88600.0,1000,Buy,231795099
2024-08-15 10:59:41,88600.0,100,Buy,231795127
2024-08-15 11:00:49,88600.0,100,Buy,231795987
2024-08-15 11:00:49,88600.0,200,Buy,231795988
2024-08-15 11:00:49,88600.0,600,Buy,231795989
2024-08-15 11:01:58,88600.0,100,Buy,231797036
2024-08-15 11:01:58,88600.0,100,Buy,231797037
2024-08-15 11:02:21,88700.0,1100,Buy,231797485
2024-08-15 11:02:22,88700.0,100,Buy,231797501
2024-08-15 11:03:08,88700.0,1000,Buy,231798254
2024-08-15 11:03:09,88700.0,100,Buy,231798257
2024-08-15 11:04:00,88600.0,100,Sell,231799312
2024-08-15 11:04:42,88600.0,600,Sell,231799873
2024-08-15 11:04:42,88600.0,400,Sell,231799874
2024-08-15 11:05:12,88600.0,200,Sell,231800572
2024-08-15 11:05:12,88600.0,900,Sell,231800568
2024-08-15 11:05:12,88600.0,1100,Sell,231800570
2024-08-15 11:05:12,88600.0,900,Sell,231800567
2024-08-15 11:05:12,88600.0,100,Sell,231800571
2024-08-15 11:05:12,88600.0,200,Sell,231800565
2024-08-15 11:05:12,88600.0,1300,Sell,231800566
2024-08-15 11:05:12,88600.0,600,Sell,231800562
2024-08-15 11:05:12,88600.0,900,Sell,231800569
2024-08-15 11:05:12,88600.0,100,Sell,231800564
2024-08-15 11:05:12,88600.0,600,Sell,231800563
2024-08-15 11:05:13,88600.0,700,Buy,231800592
2024-08-15 11:05:27,88600.0,1000,Buy,231800870
2024-08-15 11:05:29,88600.0,100,Buy,231800881
2024-08-15 11:05:37,88600.0,1300,Buy,231800995
2024-08-15 11:06:03,88600.0,300,Sell,231801353
2024-08-15 11:06:04,88600.0,1000,Sell,231801366
2024-08-15 11:06:16,88600.0,100,Sell,231801553
2024-08-15 11:06:16,88600.0,2400,Sell,231801551
2024-08-15 11:06:16,88600.0,100,Sell,231801552
2024-08-15 11:06:17,88600.0,200,Buy,231801567
2024-08-15 11:06:36,88600.0,900,Buy,231801784
2024-08-15 11:07:06,88600.0,500,Buy,231802259
2024-08-15 11:07:08,88500.0,400,Sell,231802287
2024-08-15 11:07:08,88500.0,600,Sell,231802288
2024-08-15 11:07:16,88500.0,1000,Sell,231802381
2024-08-15 11:07:30,88500.0,100,Sell,231802577
2024-08-15 11:07:39,88500.0,100,Sell,231802670
2024-08-15 11:10:22,88500.0,400,Sell,231805114
2024-08-15 11:10:22,88500.0,600,Sell,231805115
2024-08-15 11:10:49,88500.0,100,Sell,231805473
2024-08-15 11:11:30,88500.0,700,Sell,231805898
2024-08-15 11:11:30,88500.0,100,Sell,231805896
2024-08-15 11:11:30,88500.0,1300,Sell,231805895
2024-08-15 11:11:30,88500.0,900,Sell,231805897
2024-08-15 11:11:36,88500.0,100,Sell,231805957
2024-08-15 11:11:48,88500.0,600,Sell,231806135
2024-08-15 11:11:48,88500.0,100,Sell,231806134
2024-08-15 11:11:48,88500.0,200,Sell,231806133
2024-08-15 11:11:48,88500.0,100,Sell,231806128
2024-08-15 11:11:48,88500.0,900,Sell,231806131
2024-08-15 11:11:48,88500.0,100,Sell,231806130
2024-08-15 11:11:48,88500.0,900,Sell,231806129
2024-08-15 11:11:48,88500.0,100,Sell,231806132
2024-08-15 11:11:59,88500.0,400,Sell,231806280
2024-08-15 11:11:59,88500.0,300,Sell,231806281
2024-08-15 11:11:59,88500.0,200,Sell,231806282
2024-08-15 11:11:59,88500.0,100,Sell,231806283
2024-08-15 11:12:25,88500.0,200,Sell,231806620
2024-08-15 11:12:25,88500.0,100,Sell,231806621
2024-08-15 11:12:25,88500.0,900,Sell,231806622
2024-08-15 11:12:26,88500.0,100,Buy,231806624
2024-08-15 11:13:33,88500.0,900,Buy,231807772
2024-08-15 11:14:42,88500.0,1000,Buy,231808896
2024-08-15 11:14:44,88500.0,100,Buy,231808925
2024-08-15 11:15:09,88400.0,1000,Sell,231809194
2024-08-15 11:15:17,88400.0,900,Sell,231809267
2024-08-15 11:15:17,88400.0,100,Sell,231809268
2024-08-15 11:17:48,88400.0,1000,Sell,231812544
2024-08-15 11:17:48,88400.0,900,Sell,231812543
2024-08-15 11:17:48,88400.0,100,Sell,231812541
2024-08-15 11:17:48,88400.0,1100,Sell,231812542
2024-08-15 11:17:48,88400.0,1100,Sell,231812539
2024-08-15 11:17:48,88400.0,3600,Sell,231812537
2024-08-15 11:17:48,88400.0,100,Sell,231812540
2024-08-15 11:17:48,88400.0,2000,Sell,231812538
2024-08-15 11:17:49,88400.0,100,Buy,231812550
2024-08-15 11:17:56,88400.0,900,Sell,231812635
2024-08-15 11:18:11,88400.0,900,Buy,231812870
2024-08-15 11:19:20,88400.0,1000,Buy,231814256
2024-08-15 11:19:21,88400.0,100,Buy,231814275
2024-08-15 11:19:53,88400.0,600,Buy,231814862
2024-08-15 11:19:58,88400.0,600,Buy,231814973
2024-08-15 11:20:03,88400.0,1100,Buy,231815096
2024-08-15 11:20:04,88400.0,100,Buy,231815106
2024-08-15 11:20:09,88400.0,1000,Buy,231815189
2024-08-15 11:20:10,88400.0,100,Buy,231815200
2024-08-15 11:20:13,88400.0,1500,Buy,231815292
2024-08-15 11:20:14,88400.0,100,Buy,231815300
2024-08-15 11:20:17,88400.0,1200,Buy,231815330
2024-08-15 11:21:12,88400.0,600,Sell,231816562
2024-08-15 11:21:12,88400.0,100,Sell,231816563
2024-08-15 11:21:12,88400.0,300,Sell,231816564
2024-08-15 11:21:15,88400.0,600,Sell,231816613
2024-08-15 11:21:15,88400.0,400,Sell,231816614
2024-08-15 11:21:16,88400.0,100,Sell,231816639
2024-08-15 11:21:16,88400.0,100,Sell,231816638
2024-08-15 11:21:16,88400.0,600,Sell,231816637
2024-08-15 11:21:39,88400.0,900,Buy,231817021
2024-08-15 11:22:50,88400.0,1000,Buy,231818526
2024-08-15 11:22:51,88400.0,100,Buy,231818541
2024-08-15 11:23:58,88400.0,900,Buy,231819769
2024-08-15 11:24:08,88400.0,1100,Buy,231819989
2024-08-15 11:24:09,88400.0,100,Buy,231819997
2024-08-15 11:25:08,88400.0,1000,Buy,231821500
2024-08-15 11:25:09,88400.0,100,Buy,231821506
2024-08-15 11:25:36,88400.0,600,Buy,231822016
2024-08-15 11:26:09,88400.0,100,Buy,231822565
2024-08-15 11:26:17,88400.0,900,Buy,231822691
2024-08-15 11:26:49,88400.0,100,Buy,231823207
2024-08-15 11:26:56,88400.0,1100,Buy,231823341
2024-08-15 11:26:57,88400.0,100,Buy,231823391
2024-08-15 11:27:27,88400.0,900,Buy,231824099
2024-08-15 11:27:47,88400.0,800,Buy,231824433
2024-08-15 11:27:47,88400.0,200,Buy,231824431
2024-08-15 11:27:47,88400.0,2000,Buy,231824432
2024-08-15 11:27:48,88400.0,200,Buy,231824441
2024-08-15 11:27:48,88400.0,100,Buy,231824442
2024-08-15 12:59:41,88400.0,100,Sell,231828173
2024-08-15 12:59:43,88500.0,300,Buy,231828853
2024-08-15 12:59:46,88400.0,100,Sell,231829641
2024-08-15 12:59:47,88300.0,100,Sell,231829721
2024-08-15 12:59:47,88300.0,100,Sell,231829722
2024-08-15 12:59:47,88300.0,100,Sell,231829723
2024-08-15 12:59:47,88300.0,500,Sell,231829724
2024-08-15 12:59:47,88300.0,100,Sell,231829720
2024-08-15 12:59:47,88300.0,1100,Sell,231829726
2024-08-15 12:59:47,88300.0,1200,Sell,231829727
2024-08-15 12:59:47,88300.0,1100,Sell,231829728
2024-08-15 12:59:47,88300.0,800,Sell,231829725
2024-08-15 12:59:47,88300.0,500,Sell,231829719
2024-08-15 12:59:47,88400.0,100,Sell,231829709
2024-08-15 12:59:47,88300.0,200,Sell,231829717
2024-08-15 12:59:47,88300.0,200,Sell,231829716
2024-08-15 12:59:47,88300.0,200,Sell,231829715
2024-08-15 12:59:47,88300.0,5000,Sell,231829714
2024-08-15 12:59:47,88300.0,100,Sell,231829713
2024-08-15 12:59:47,88300.0,200,Sell,231829712
2024-08-15 12:59:47,88400.0,900,Sell,231829711
2024-08-15 12:59:47,88400.0,300,Sell,231829710
2024-08-15 12:59:47,88400.0,800,Sell,231829707
2024-08-15 12:59:47,88300.0,100,Sell,231829718
2024-08-15 12:59:47,88400.0,300,Sell,231829708
2024-08-15 13:00:04,88500.0,200,Buy,231831149
2024-08-15 13:00:36,88400.0,500,Buy,231832322
2024-08-15 13:01:01,88400.0,500,Sell,231833088
2024-08-15 13:01:34,88400.0,100,Sell,231834006
2024-08-15 13:01:34,88400.0,1900,Sell,231834007
2024-08-15 13:01:39,88400.0,1400,Sell,231834129
2024-08-15 13:01:39,88400.0,600,Sell,231834130
2024-08-15 13:01:43,88400.0,400,Sell,231834360
2024-08-15 13:01:43,88400.0,600,Sell,231834361
2024-08-15 13:01:44,88500.0,1200,Buy,231834410
2024-08-15 13:01:46,88500.0,100,Buy,231834463
2024-08-15 13:01:46,88400.0,1100,Sell,231834470
2024-08-15 13:01:52,88400.0,100,Sell,231834623
2024-08-15 13:02:16,88400.0,200,Sell,231835274
2024-08-15 13:02:28,88400.0,1000,Sell,231835651
2024-08-15 13:02:38,88400.0,200,Sell,231835877
2024-08-15 13:02:38,88400.0,300,Sell,231835878
2024-08-15 13:02:38,88400.0,300,Sell,231835875
2024-08-15 13:02:38,88400.0,200,Sell,231835876
2024-08-15 13:02:39,88400.0,1800,Sell,231835919
2024-08-15 13:02:46,88400.0,200,Sell,231836147
2024-08-15 13:02:53,88400.0,800,Sell,231836360
2024-08-15 13:03:11,88400.0,200,Sell,231836797
2024-08-15 13:03:11,88400.0,100,Sell,231836798
2024-08-15 13:03:11,88400.0,100,Sell,231836799
2024-08-15 13:03:11,88400.0,800,Sell,231836800
2024-08-15 13:03:17,88400.0,100,Sell,231836941
2024-08-15 13:03:17,88400.0,100,Sell,231836942
2024-08-15 13:03:47,88400.0,200,Sell,231837792
2024-08-15 13:04:18,88400.0,100,Sell,231838629
2024-08-15 13:04:18,88400.0,100,Sell,231838628
2024-08-15 13:04:49,88400.0,200,Sell,231839450
2024-08-15 13:05:13,88400.0,600,Sell,231840384
2024-08-15 13:05:13,88400.0,400,Sell,231840383
2024-08-15 13:05:17,88400.0,100,Sell,231840484
2024-08-15 13:05:17,88400.0,100,Sell,231840485
2024-08-15 13:05:17,88400.0,200,Sell,231840486
2024-08-15 13:05:17,88400.0,100,Sell,231840487
2024-08-15 13:05:22,88400.0,200,Sell,231840696
2024-08-15 13:05:38,88400.0,100,Sell,231841405
2024-08-15 13:05:54,88400.0,300,Sell,231842014
2024-08-15 13:06:10,88400.0,500,Sell,231842584
2024-08-15 13:06:10,88400.0,600,Sell,231842582
2024-08-15 13:06:10,88400.0,900,Sell,231842583
2024-08-15 13:06:18,88400.0,100,Sell,231842822
2024-08-15 13:06:27,88400.0,200,Sell,231843101
2024-08-15 13:06:48,88400.0,100,Sell,231843541
2024-08-15 13:06:48,88400.0,100,Sell,231843542
2024-08-15 13:06:48,88400.0,100,Sell,231843543
2024-08-15 13:06:48,88400.0,100,Sell,231843544
2024-08-15 13:06:48,88400.0,1600,Sell,231843545
2024-08-15 13:07:00,88400.0,200,Sell,231843852
2024-08-15 13:07:30,88400.0,200,Sell,231844671
2024-08-15 13:07:54,88400.0,100,Sell,231845173
2024-08-15 13:08:01,88400.0,200,Sell,231845404
2024-08-15 13:08:03,88400.0,300,Sell,231845522
2024-08-15 13:08:10,88400.0,100,Sell,231845741
2024-08-15 13:08:10,88400.0,200,Sell,231845742
2024-08-15 13:08:10,88400.0,700,Sell,231845740
2024-08-15 13:08:33,88400.0,200,Sell,231846408
2024-08-15 13:08:43,88400.0,500,Sell,231846759
2024-08-15 13:08:43,88400.0,1500,Sell,231846760
2024-08-15 13:08:54,88400.0,1800,Sell,231847059
2024-08-15 13:08:54,88400.0,3300,Sell,231847060
2024-08-15 13:08:54,88400.0,1000,Sell,231847061
2024-08-15 13:08:54,88400.0,3300,Sell,231847062
2024-08-15 13:08:54,88400.0,100,Sell,231847063
2024-08-15 13:08:54,88400.0,900,Sell,231847064
2024-08-15 13:08:54,88400.0,200,Sell,231847065
2024-08-15 13:08:54,88400.0,1000,Sell,231847066
2024-08-15 13:08:55,88400.0,200,Sell,231847069
2024-08-15 13:09:04,88400.0,200,Sell,231847276
2024-08-15 13:09:15,88400.0,700,Sell,231847609
2024-08-15 13:09:15,88400.0,1300,Sell,231847610
2024-08-15 13:09:35,88400.0,200,Sell,231848135
2024-08-15 13:09:50,88500.0,100,Buy,231848552
2024-08-15 13:10:00,88400.0,100,Sell,231848885
2024-08-15 13:10:06,88400.0,200,Sell,231849043
2024-08-15 13:10:34,88500.0,1200,Buy,231849731
2024-08-15 13:10:36,88500.0,100,Buy,231849791
2024-08-15 13:10:39,88400.0,200,Sell,231849852
2024-08-15 13:10:43,88500.0,100,Buy,231849957
2024-08-15 13:10:43,88500.0,100,Buy,231849956
2024-08-15 13:10:43,88500.0,700,Buy,231849952
2024-08-15 13:10:43,88500.0,900,Buy,231849954
2024-08-15 13:10:43,88500.0,100,Buy,231849953
2024-08-15 13:10:43,88500.0,1000,Buy,231849955
2024-08-15 13:10:44,88500.0,700,Buy,231849968
2024-08-15 13:10:44,88500.0,100,Buy,231849967
2024-08-15 13:10:44,88500.0,200,Buy,231849965
2024-08-15 13:10:44,88500.0,1000,Buy,231849964
2024-08-15 13:10:44,88500.0,800,Buy,231849966
2024-08-15 13:10:44,88500.0,1800,Buy,231849962
2024-08-15 13:10:44,88500.0,100,Buy,231849961
2024-08-15 13:10:44,88500.0,100,Buy,231849960
2024-08-15 13:10:44,88500.0,100,Buy,231849959
2024-08-15 13:10:44,88500.0,400,Buy,231849958
2024-08-15 13:10:44,88500.0,200,Buy,231849963
2024-08-15 13:10:45,88500.0,900,Buy,231850044
2024-08-15 13:10:46,88500.0,400,Buy,231850122
2024-08-15 13:10:46,88500.0,800,Buy,231850123
2024-08-15 13:10:47,88500.0,100,Buy,231850195
2024-08-15 13:11:06,88500.0,100,Buy,231850750
2024-08-15 13:11:06,88500.0,100,Buy,231850751
2024-08-15 13:11:06,88500.0,200,Buy,231850752
2024-08-15 13:11:06,88500.0,800,Buy,231850753
2024-08-15 13:11:08,88500.0,100,Buy,231850785
2024-08-15 13:11:09,88400.0,200,Sell,231850843
2024-08-15 13:11:18,88500.0,100,Buy,231851097
2024-08-15 13:11:21,88500.0,100,Buy,231851188
2024-08-15 13:11:31,88500.0,200,Sell,231851547
2024-08-15 13:11:31,88500.0,800,Sell,231851546
2024-08-15 13:11:41,88500.0,200,Sell,231851851
2024-08-15 13:11:52,88500.0,300,Sell,231852141
2024-08-15 13:12:11,88500.0,200,Sell,231852773
2024-08-15 13:12:31,88600.0,300,Buy,231853382
2024-08-15 13:12:31,88600.0,400,Buy,231853383
2024-08-15 13:12:31,88600.0,400,Buy,231853384
2024-08-15 13:12:31,88600.0,200,Buy,231853385
2024-08-15 13:12:31,88600.0,900,Buy,231853386
2024-08-15 13:12:31,88600.0,600,Buy,231853387
2024-08-15 13:12:31,88600.0,600,Buy,231853405
2024-08-15 13:12:33,88600.0,300,Buy,231853470
2024-08-15 13:12:40,88600.0,100,Buy,231853685
2024-08-15 13:12:40,88600.0,100,Buy,231853684
2024-08-15 13:12:40,88600.0,1000,Buy,231853683
2024-08-15 13:12:40,88600.0,2100,Buy,231853682
2024-08-15 13:12:42,88600.0,300,Buy,231853714
2024-08-15 13:12:43,88500.0,200,Sell,231853745
2024-08-15 13:13:14,88500.0,200,Sell,231854437
2024-08-15 13:13:24,88600.0,300,Buy,231854660
2024-08-15 13:13:24,88600.0,100,Buy,231854659
2024-08-15 13:13:24,88600.0,100,Buy,231854658
2024-08-15 13:13:24,88600.0,400,Buy,231854657
2024-08-15 13:13:24,88600.0,600,Buy,231854656
2024-08-15 13:13:24,88600.0,100,Buy,231854650
2024-08-15 13:13:24,88600.0,200,Buy,231854649
2024-08-15 13:13:24,88600.0,100,Buy,231854645
2024-08-15 13:13:24,88600.0,200,Buy,231854647
2024-08-15 13:13:24,88600.0,1300,Buy,231854648
2024-08-15 13:13:24,88600.0,400,Buy,231854640
2024-08-15 13:13:24,88600.0,100,Buy,231854641
2024-08-15 13:13:24,88600.0,600,Buy,231854644
2024-08-15 13:13:24,88600.0,500,Buy,231854643
2024-08-15 13:13:24,88600.0,100,Buy,231854646
2024-08-15 13:13:24,88600.0,100,Buy,231854642
2024-08-15 13:13:25,88600.0,200,Buy,231854691
2024-08-15 13:13:25,88600.0,300,Buy,231854692
2024-08-15 13:13:40,88600.0,700,Buy,231855041
2024-08-15 13:13:46,88600.0,200,Sell,231855195
2024-08-15 13:14:17,88600.0,100,Sell,231855904
2024-08-15 13:14:17,88600.0,100,Sell,231855905
2024-08-15 13:14:43,88600.0,200,Sell,231856479
2024-08-15 13:14:43,88600.0,3300,Sell,231856480
2024-08-15 13:14:43,88600.0,300,Sell,231856481
2024-08-15 13:14:43,88600.0,6200,Sell,231856482
2024-08-15 13:14:48,88600.0,200,Sell,231856568
2024-08-15 13:14:59,88600.0,300,Sell,231856868
2024-08-15 13:15:02,88700.0,100,Buy,231856992
2024-08-15 13:15:02,88700.0,1100,Buy,231856991
2024-08-15 13:15:04,88700.0,100,Buy,231857038
2024-08-15 13:15:19,88600.0,100,Sell,231857433
2024-08-15 13:15:19,88600.0,100,Sell,231857431
2024-08-15 13:15:22,88700.0,800,Buy,231857527
2024-08-15 13:15:22,88700.0,400,Buy,231857528
2024-08-15 13:15:23,88700.0,100,Buy,231857581
2024-08-15 13:15:26,88700.0,700,Buy,231857756
2024-08-15 13:15:26,88700.0,1400,Buy,231857755
2024-08-15 13:15:26,88700.0,100,Buy,231857754
2024-08-15 13:15:26,88700.0,100,Buy,231857753
2024-08-15 13:15:26,88700.0,1900,Buy,231857752
2024-08-15 13:15:26,88700.0,100,Buy,231857751
2024-08-15 13:15:26,88700.0,100,Buy,231857750
2024-08-15 13:15:26,88700.0,200,Buy,231857749
2024-08-15 13:15:26,88700.0,900,Buy,231857757
2024-08-15 13:15:26,88700.0,100,Buy,231857719
2024-08-15 13:15:26,88700.0,600,Buy,231857718
2024-08-15 13:15:26,88700.0,400,Buy,231857717
2024-08-15 13:15:26,88700.0,600,Buy,231857716
2024-08-15 13:15:26,88700.0,200,Buy,231857715
2024-08-15 13:15:26,88700.0,100,Buy,231857714
2024-08-15 13:15:26,88700.0,100,Buy,231857713
2024-08-15 13:15:26,88700.0,200,Buy,231857712
2024-08-15 13:15:26,88700.0,100,Buy,231857720
2024-08-15 13:15:26,88700.0,500,Buy,231857707
2024-08-15 13:15:27,88700.0,600,Buy,231857776
2024-08-15 13:15:27,88700.0,100,Buy,231857774
2024-08-15 13:15:27,88700.0,100,Buy,231857775
2024-08-15 13:15:28,88700.0,100,Buy,231857796
2024-08-15 13:15:31,88700.0,100,Buy,231857922
2024-08-15 13:15:50,88600.0,200,Sell,231858391
2024-08-15 13:16:20,88600.0,200,Sell,231859267
2024-08-15 13:16:51,88600.0,200,Sell,231860161
2024-08-15 13:17:20,88600.0,500,Sell,231860827
2024-08-15 13:17:20,88600.0,500,Sell,231860826
2024-08-15 13:17:22,88600.0,200,Sell,231860852
2024-08-15 13:17:39,88700.0,200,Buy,231861192
2024-08-15 13:17:39,88700.0,100,Buy,231861193
2024-08-15 13:17:39,88700.0,500,Buy,231861195
2024-08-15 13:17:39,88700.0,100,Buy,231861196
2024-08-15 13:17:39,88700.0,100,Buy,231861194
2024-08-15 13:17:54,88700.0,300,Sell,231861487
2024-08-15 13:17:57,88700.0,700,Sell,231861549
2024-08-15 13:17:57,88700.0,100,Sell,231861550
2024-08-15 13:18:17,88700.0,1000,Buy,231862049
2024-08-15 13:18:19,88700.0,100,Buy,231862085
2024-08-15 13:18:27,88600.0,200,Sell,231862263
2024-08-15 13:18:29,88700.0,300,Buy,231862301
2024-08-15 13:18:29,88700.0,300,Buy,231862306
2024-08-15 13:18:29,88700.0,400,Buy,231862300
2024-08-15 13:18:29,88700.0,200,Buy,231862298
2024-08-15 13:18:29,88700.0,100,Buy,231862296
2024-08-15 13:18:29,88700.0,100,Buy,231862299
2024-08-15 13:18:29,88700.0,200,Buy,231862297
2024-08-15 13:18:30,88700.0,100,Buy,231862320
2024-08-15 13:18:58,88600.0,200,Sell,231862902
2024-08-15 13:19:17,88600.0,300,Sell,231863313
2024-08-15 13:19:23,88600.0,500,Sell,231863454
2024-08-15 13:19:23,88600.0,500,Sell,231863453
2024-08-15 13:19:29,88600.0,200,Sell,231863581
2024-08-15 13:19:47,88600.0,300,Sell,231863969
2024-08-15 13:19:47,88600.0,100,Sell,231863970
2024-08-15 13:19:47,88600.0,1600,Sell,231863971
2024-08-15 13:20:00,88600.0,200,Sell,231864192
2024-08-15 13:20:31,88600.0,200,Sell,231864861
2024-08-15 13:20:34,88600.0,500,Sell,231864932
2024-08-15 13:20:44,88600.0,500,Sell,231865166
2024-08-15 13:20:47,88600.0,200,Sell,231865200
2024-08-15 13:21:02,88600.0,200,Sell,231865495
2024-08-15 13:21:08,88600.0,500,Sell,231865601
2024-08-15 13:21:08,88600.0,100,Sell,231865602
2024-08-15 13:21:08,88600.0,200,Sell,231865603
2024-08-15 13:21:08,88600.0,200,Sell,231865604
2024-08-15 13:21:08,88600.0,100,Sell,231865605
2024-08-15 13:21:08,88600.0,400,Sell,231865606
2024-08-15 13:21:08,88600.0,300,Sell,231865607
2024-08-15 13:21:08,88600.0,200,Sell,231865608
2024-08-15 13:21:25,88600.0,200,Sell,231865939
2024-08-15 13:21:25,88600.0,100,Sell,231865938
2024-08-15 13:21:28,88600.0,800,Sell,231865991
2024-08-15 13:21:33,88500.0,100,Sell,231866066
2024-08-15 13:21:33,88500.0,100,Sell,231866065
2024-08-15 13:21:45,88500.0,300,Sell,231866312
2024-08-15 13:21:45,88500.0,600,Sell,231866313
2024-08-15 13:21:45,88500.0,600,Sell,231866314
2024-08-15 13:21:45,88500.0,200,Sell,231866315
2024-08-15 13:21:45,88500.0,1300,Sell,231866316
2024-08-15 13:21:45,88500.0,900,Sell,231866317
2024-08-15 13:21:45,88500.0,900,Sell,231866318
2024-08-15 13:21:45,88500.0,200,Sell,231866319
2024-08-15 13:22:04,88500.0,200,Sell,231866737
2024-08-15 13:22:21,88600.0,100,Buy,231867151
2024-08-15 13:22:35,88500.0,200,Sell,231867409
2024-08-15 13:23:06,88500.0,300,Sell,231868003
2024-08-15 13:23:10,88500.0,100,Sell,231868149
2024-08-15 13:23:15,88600.0,100,Buy,231868221
2024-08-15 13:23:38,88500.0,300,Sell,231868887
2024-08-15 13:24:02,88500.0,500,Sell,231869487
2024-08-15 13:24:05,88500.0,300,Sell,231869525
2024-08-15 13:24:10,88500.0,200,Sell,231869636
2024-08-15 13:24:37,88500.0,200,Sell,231870204
2024-08-15 13:24:37,88500.0,800,Sell,231870205
2024-08-15 13:24:42,88500.0,200,Sell,231870300
2024-08-15 13:24:52,88500.0,100,Sell,231870483
2024-08-15 13:24:52,88500.0,900,Sell,231870482
2024-08-15 13:24:58,88500.0,100,Sell,231870613
2024-08-15 13:25:13,88500.0,200,Sell,231870890
2024-08-15 13:25:16,88500.0,700,Sell,231871001
2024-08-15 13:25:16,88500.0,100,Sell,231871002
2024-08-15 13:25:16,88500.0,1000,Sell,231871003
2024-08-15 13:25:43,88400.0,200,Sell,231871664
2024-08-15 13:26:13,88400.0,200,Sell,231872213
2024-08-15 13:26:20,88400.0,500,Sell,231872335
2024-08-15 13:26:44,88400.0,200,Sell,231872842
2024-08-15 13:27:14,88400.0,300,Sell,231873477
2024-08-15 13:27:46,88400.0,300,Sell,231874244
2024-08-15 13:27:55,88500.0,100,Buy,231874402
2024-08-15 13:27:55,88500.0,200,Buy,231874401
2024-08-15 13:28:18,88500.0,300,Sell,231874971
2024-08-15 13:28:51,88500.0,300,Sell,231875606
2024-08-15 13:29:00,88500.0,100,Sell,231875737
2024-08-15 13:29:00,88500.0,900,Sell,231875738
2024-08-15 13:29:05,88500.0,100,Sell,231875844
2024-08-15 13:29:07,88500.0,100,Buy,231875909
2024-08-15 13:29:07,88600.0,100,Buy,231875910
2024-08-15 13:29:07,88600.0,1000,Buy,231875911
2024-08-15 13:29:14,88600.0,1000,Buy,231876088
2024-08-15 13:29:14,88600.0,100,Buy,231876089
2024-08-15 13:29:14,88600.0,100,Buy,231876090
2024-08-15 13:29:24,88400.0,100,Sell,231876299
2024-08-15 13:29:24,88400.0,100,Sell,231876300
2024-08-15 13:29:27,88600.0,100,Buy,231876429
2024-08-15 13:29:27,88600.0,100,Buy,231876430
2024-08-15 13:29:27,88600.0,1000,Buy,231876431
2024-08-15 13:29:37,88600.0,200,Buy,231876660
2024-08-15 13:29:37,88600.0,200,Buy,231876661
2024-08-15 13:29:37,88600.0,400,Buy,231876662
2024-08-15 13:29:37,88600.0,300,Buy,231876663
2024-08-15 13:29:37,88600.0,300,Buy,231876664
2024-08-15 13:29:38,88600.0,1200,Buy,231876684
2024-08-15 13:29:52,88600.0,1000,Buy,231877000
2024-08-15 13:29:55,88400.0,300,Sell,231877069
2024-08-15 13:29:57,88600.0,300,Buy,231877131
2024-08-15 13:29:57,88600.0,500,Buy,231877129
2024-08-15 13:29:57,88600.0,200,Buy,231877130
2024-08-15 13:30:05,88600.0,500,Buy,231877275
2024-08-15 13:30:10,88700.0,1200,Buy,231877385
2024-08-15 13:30:11,88600.0,500,Sell,231877436
2024-08-15 13:30:27,88500.0,200,Sell,231877753
2024-08-15 13:30:34,88500.0,1000,Sell,231877875
2024-08-15 13:30:54,88500.0,3000,Sell,231878283
2024-08-15 13:30:58,88500.0,200,Sell,231878381
2024-08-15 13:31:22,88600.0,1000,Buy,231878792
2024-08-15 13:31:22,88600.0,1000,Buy,231878793
2024-08-15 13:31:23,88600.0,200,Buy,231878820
2024-08-15 13:31:29,88500.0,200,Sell,231878927
2024-08-15 13:31:35,88600.0,600,Buy,231879069
2024-08-15 13:31:35,88600.0,1200,Buy,231879070
2024-08-15 13:31:38,88600.0,100,Sell,231879121
2024-08-15 13:31:45,88600.0,100,Sell,231879315
2024-08-15 13:31:57,88600.0,200,Sell,231879533
2024-08-15 13:31:59,88600.0,300,Sell,231879570
2024-08-15 13:32:02,88600.0,300,Sell,231879593
2024-08-15 13:32:02,88600.0,900,Sell,231879594
2024-08-15 13:32:02,88600.0,100,Sell,231879595
2024-08-15 13:32:03,88600.0,100,Buy,231879615
2024-08-15 13:32:11,88600.0,100,Buy,231879775
2024-08-15 13:32:32,88600.0,200,Sell,231880219
2024-08-15 13:32:49,88600.0,700,Sell,231880565
2024-08-15 13:33:03,88500.0,300,Sell,231880853
2024-08-15 13:33:36,88500.0,300,Sell,231881505
2024-08-15 13:34:08,88500.0,300,Sell,231882137
2024-08-15 13:34:09,88500.0,100,Sell,231882150
2024-08-15 13:34:09,88500.0,900,Sell,231882151
2024-08-15 13:34:09,88500.0,1000,Sell,231882152
2024-08-15 13:34:09,88500.0,600,Sell,231882153
2024-08-15 13:34:09,88500.0,800,Sell,231882154
2024-08-15 13:34:09,88500.0,100,Sell,231882149
2024-08-15 13:34:41,88500.0,300,Sell,231882976
2024-08-15 13:35:14,88500.0,200,Sell,231883581
2024-08-15 13:35:36,88600.0,100,Buy,231884116
2024-08-15 13:35:38,88600.0,100,Buy,231884162
2024-08-15 13:35:40,88600.0,900,Buy,231884192
2024-08-15 13:35:42,88600.0,100,Buy,231884237
2024-08-15 13:35:45,88600.0,100,Buy,231884316
2024-08-15 13:35:46,88500.0,200,Sell,231884346
2024-08-15 13:35:51,88600.0,400,Buy,231884588
2024-08-15 13:36:02,88600.0,300,Buy,231885089
2024-08-15 13:36:06,88600.0,400,Buy,231885251
2024-08-15 13:36:16,88500.0,300,Sell,231885546
2024-08-15 13:36:21,88500.0,100,Sell,231885635
2024-08-15 13:36:26,88600.0,300,Buy,231885727
2024-08-15 13:36:38,88600.0,1000,Buy,231886031
2024-08-15 13:36:38,88600.0,100,Buy,231886032
2024-08-15 13:36:38,88600.0,400,Buy,231886029
2024-08-15 13:36:38,88600.0,1000,Buy,231886030
2024-08-15 13:36:39,88600.0,100,Buy,231886057
2024-08-15 13:36:39,88600.0,100,Buy,231886056
2024-08-15 13:36:43,88600.0,100,Buy,231886150
2024-08-15 13:36:48,88600.0,200,Sell,231886274
2024-08-15 13:36:49,88600.0,100,Buy,231886281
2024-08-15 13:37:21,88600.0,200,Sell,231886852
2024-08-15 13:37:30,88600.0,100,Sell,231887044
2024-08-15 13:37:52,88600.0,300,Sell,231887650
2024-08-15 13:38:24,88600.0,200,Sell,231888430
2024-08-15 13:38:24,88600.0,300,Sell,231888416
2024-08-15 13:38:24,88600.0,700,Sell,231888417
2024-08-15 13:38:46,88600.0,100,Sell,231888945
2024-08-15 13:38:55,88600.0,100,Sell,231889122
2024-08-15 13:39:08,88600.0,100,Buy,231889439
2024-08-15 13:39:08,88600.0,800,Buy,231889440
2024-08-15 13:39:26,88500.0,300,Sell,231889830
2024-08-15 13:39:30,88600.0,1000,Buy,231889934
2024-08-15 13:39:30,88600.0,200,Buy,231889933
2024-08-15 13:39:49,88600.0,100,Sell,231890335
2024-08-15 13:39:59,88500.0,200,Sell,231890568
2024-08-15 13:40:30,88500.0,200,Sell,231891248
2024-08-15 13:41:00,88500.0,200,Sell,231891991
2024-08-15 13:41:00,88500.0,100,Sell,231891992
2024-08-15 13:41:33,88500.0,200,Sell,231892823
2024-08-15 13:42:04,88500.0,300,Sell,231893610
2024-08-15 13:42:37,88500.0,200,Sell,231894228
2024-08-15 13:43:08,88500.0,200,Sell,231894915
2024-08-15 13:43:38,88500.0,300,Sell,231895535
2024-08-15 13:44:11,88500.0,200,Sell,231896327
2024-08-15 13:44:42,88500.0,300,Sell,231896990
2024-08-15 13:44:46,88600.0,500,Buy,231897071
2024-08-15 13:44:56,88600.0,400,Buy,231897289
2024-08-15 13:44:56,88600.0,300,Buy,231897290
2024-08-15 13:44:56,88600.0,100,Buy,231897291
2024-08-15 13:44:56,88600.0,200,Buy,231897292
2024-08-15 13:44:57,88600.0,500,Buy,231897310
2024-08-15 13:44:57,88600.0,100,Buy,231897315
2024-08-15 13:45:05,88600.0,100,Buy,231897482
2024-08-15 13:45:14,88500.0,300,Sell,231897657
2024-08-15 13:45:38,88600.0,400,Buy,231898102
2024-08-15 13:45:38,88600.0,100,Buy,231898101
2024-08-15 13:45:46,88500.0,300,Sell,231898345
2024-08-15 13:45:47,88600.0,500,Buy,231898370
2024-08-15 13:45:54,88600.0,100,Buy,231898519
2024-08-15 13:46:05,88600.0,1000,Buy,231898794
2024-08-15 13:46:05,88600.0,100,Buy,231898795
2024-08-15 13:46:06,88600.0,100,Buy,231898810
2024-08-15 13:46:18,88500.0,300,Sell,231899056
2024-08-15 13:46:32,88600.0,500,Buy,231899300
2024-08-15 13:46:41,88600.0,500,Buy,231899501
2024-08-15 13:46:48,88600.0,100,Buy,231899663
2024-08-15 13:46:50,88500.0,100,Sell,231899701
2024-08-15 13:46:50,88500.0,100,Sell,231899700
2024-08-15 13:46:50,88600.0,600,Buy,231899699
2024-08-15 13:46:50,88600.0,400,Buy,231899695
2024-08-15 13:46:50,88600.0,200,Buy,231899697
2024-08-15 13:46:50,88600.0,400,Buy,231899696
2024-08-15 13:46:50,88600.0,600,Buy,231899698
2024-08-15 13:46:50,88600.0,300,Buy,231899694
2024-08-15 13:47:21,88500.0,200,Sell,231900384
2024-08-15 13:47:38,88500.0,1700,Sell,231900725
2024-08-15 13:47:38,88500.0,300,Sell,231900726
2024-08-15 13:47:39,88600.0,300,Buy,231900731
2024-08-15 13:47:40,88600.0,200,Buy,231900754
2024-08-15 13:47:52,88500.0,200,Sell,231901007
2024-08-15 13:48:10,88500.0,800,Sell,231901347
2024-08-15 13:48:10,88500.0,300,Sell,231901348
2024-08-15 13:48:23,88500.0,200,Sell,231901596
2024-08-15 13:48:28,88500.0,100,Sell,231901679
2024-08-15 13:48:47,88600.0,500,Buy,231902066
2024-08-15 13:48:54,88500.0,300,Sell,231902210
2024-08-15 13:49:00,88600.0,200,Buy,231902290
2024-08-15 13:49:00,88600.0,300,Buy,231902292
2024-08-15 13:49:08,88600.0,100,Buy,231902467
2024-08-15 13:49:26,88500.0,100,Sell,231902894
2024-08-15 13:49:26,88500.0,200,Sell,231902895
2024-08-15 13:49:33,88500.0,100,Sell,231903030
2024-08-15 13:49:58,88500.0,200,Sell,231903518
2024-08-15 13:50:08,88600.0,500,Buy,231903700
2024-08-15 13:50:16,88600.0,500,Buy,231903880
2024-08-15 13:50:23,88600.0,100,Buy,231904033
2024-08-15 13:50:29,88500.0,300,Sell,231904172
2024-08-15 13:51:02,88500.0,200,Sell,231904828
2024-08-15 13:51:27,88500.0,1000,Sell,231905383
2024-08-15 13:51:27,88500.0,900,Sell,231905384
2024-08-15 13:51:27,88500.0,300,Sell,231905385
2024-08-15 13:51:32,88500.0,300,Sell,231905482
2024-08-15 13:51:59,88600.0,500,Buy,231906085
2024-08-15 13:52:05,88500.0,300,Sell,231906219
2024-08-15 13:52:09,88600.0,500,Buy,231906290
2024-08-15 13:52:18,88600.0,100,Buy,231906496
2024-08-15 13:52:38,88500.0,100,Sell,231906891
2024-08-15 13:52:38,88500.0,100,Sell,231906890
2024-08-15 13:53:09,88500.0,200,Sell,231907491
2024-08-15 13:53:20,88600.0,500,Buy,231907721
2024-08-15 13:53:24,88500.0,100,Sell,231907847
2024-08-15 13:53:24,88500.0,1100,Sell,231907846
2024-08-15 13:53:24,88500.0,200,Sell,231907845
2024-08-15 13:53:24,88500.0,100,Sell,231907849
2024-08-15 13:53:24,88500.0,300,Sell,231907843
2024-08-15 13:53:24,88500.0,300,Sell,231907842
2024-08-15 13:53:24,88500.0,400,Sell,231907841
2024-08-15 13:53:24,88500.0,300,Sell,231907840
2024-08-15 13:53:24,88500.0,200,Sell,231907844
2024-08-15 13:53:24,88500.0,1000,Sell,231907848
2024-08-15 13:53:27,88600.0,500,Buy,231907908
2024-08-15 13:53:33,88600.0,100,Buy,231908071
2024-08-15 13:53:40,88500.0,200,Sell,231908221
2024-08-15 13:54:12,88500.0,200,Sell,231908895
2024-08-15 13:54:20,88600.0,500,Buy,231909074
2024-08-15 13:54:28,88500.0,500,Sell,231909280
2024-08-15 13:54:28,88500.0,1000,Sell,231909281
2024-08-15 13:54:28,88500.0,200,Sell,231909282
2024-08-15 13:54:28,88500.0,100,Sell,231909283
2024-08-15 13:54:33,88600.0,500,Buy,231909392
2024-08-15 13:54:42,88500.0,200,Sell,231909619
2024-08-15 13:54:42,88600.0,100,Buy,231909623
2024-08-15 13:54:44,88500.0,400,Sell,231909664
2024-08-15 13:54:44,88500.0,700,Sell,231909662
2024-08-15 13:54:44,88500.0,1100,Sell,231909663
2024-08-15 13:54:57,88500.0,1000,Sell,231910061
2024-08-15 13:55:13,88500.0,100,Sell,231910567
2024-08-15 13:55:13,88500.0,100,Sell,231910568
2024-08-15 13:55:13,88500.0,100,Sell,231910569
2024-08-15 13:55:15,88500.0,1000,Sell,231910646
2024-08-15 13:55:16,88500.0,100,Buy,231910660
2024-08-15 13:55:21,88500.0,1000,Buy,231910825
2024-08-15 13:55:22,88500.0,100,Buy,231910845
2024-08-15 13:55:46,88400.0,200,Sell,231911307
2024-08-15 13:55:50,88500.0,500,Buy,231911436
2024-08-15 13:56:00,88500.0,500,Buy,231911777
2024-08-15 13:56:05,88500.0,100,Buy,231912057
2024-08-15 13:56:16,88400.0,200,Sell,231912352
2024-08-15 13:56:20,88400.0,100,Sell,231912512
2024-08-15 13:56:20,88400.0,1000,Sell,231912523
2024-08-15 13:56:33,88500.0,400,Buy,231912861
2024-08-15 13:56:33,88500.0,100,Buy,231912862
2024-08-15 13:56:47,88400.0,200,Sell,231913374
2024-08-15 13:56:53,88500.0,500,Buy,231913516
2024-08-15 13:56:57,88500.0,400,Buy,231913685
2024-08-15 13:56:57,88500.0,1000,Buy,231913686
2024-08-15 13:57:03,88600.0,200,Buy,231913877
2024-08-15 13:57:03,88600.0,300,Buy,231913878
2024-08-15 13:57:08,88500.0,100,Sell,231914158
2024-08-15 13:57:08,88500.0,100,Buy,231914172
2024-08-15 13:57:18,88400.0,200,Sell,231914442
2024-08-15 13:57:35,88400.0,2100,Sell,231915071
2024-08-15 13:57:35,88400.0,1400,Sell,231915072
2024-08-15 13:57:35,88400.0,1600,Sell,231915073
2024-08-15 13:57:35,88400.0,100,Sell,231915074
2024-08-15 13:57:35,88400.0,100,Sell,231915075
2024-08-15 13:57:35,88400.0,100,Sell,231915076
2024-08-15 13:57:35,88400.0,4200,Sell,231915077
2024-08-15 13:57:38,88500.0,500,Buy,231915191
2024-08-15 13:57:40,88500.0,400,Buy,231915249
2024-08-15 13:57:44,88500.0,600,Sell,231915508
2024-08-15 13:57:47,88500.0,500,Buy,231915608
2024-08-15 13:57:48,88400.0,300,Sell,231915699
2024-08-15 13:57:53,88500.0,100,Buy,231915855
2024-08-15 13:58:21,88400.0,200,Sell,231916781
2024-08-15 13:58:51,88400.0,200,Sell,231917885
2024-08-15 13:59:21,88400.0,100,Sell,231918939
2024-08-15 13:59:21,88400.0,100,Sell,231918940
2024-08-15 13:59:52,88400.0,300,Sell,231920038
2024-08-15 13:59:55,88400.0,200,Sell,231920134
2024-08-15 13:59:55,88400.0,100,Sell,231920133
2024-08-15 13:59:55,88400.0,700,Sell,231920129
2024-08-15 13:59:55,88400.0,100,Sell,231920131
2024-08-15 13:59:55,88400.0,100,Sell,231920132
2024-08-15 13:59:55,88400.0,1000,Sell,231920130
2024-08-15 13:59:57,88400.0,600,Sell,231920208
2024-08-15 13:59:57,88400.0,300,Sell,231920209
2024-08-15 14:00:00,88500.0,100,Buy,231920271
2024-08-15 14:00:25,88400.0,300,Sell,231921074
2024-08-15 14:00:58,88400.0,200,Sell,231921913
2024-08-15 14:00:58,88400.0,100,Sell,231921914
2024-08-15 14:01:23,88400.0,100,Sell,231922798
2024-08-15 14:01:23,88400.0,200,Sell,231922799
2024-08-15 14:01:23,88400.0,700,Sell,231922800
2024-08-15 14:01:30,88400.0,300,Sell,231923006
2024-08-15 14:01:35,88400.0,200,Sell,231923189
2024-08-15 14:01:35,88400.0,900,Sell,231923190
2024-08-15 14:01:41,88400.0,1000,Sell,231923538
2024-08-15 14:01:41,88400.0,100,Sell,231923539
2024-08-15 14:01:41,88400.0,200,Sell,231923536
2024-08-15 14:01:41,88400.0,200,Sell,231923537
2024-08-15 14:01:44,88400.0,100,Sell,231923633
2024-08-15 14:01:48,88400.0,100,Sell,231923753
2024-08-15 14:01:52,88400.0,700,Sell,231923949
2024-08-15 14:01:52,88400.0,100,Sell,231923950
2024-08-15 14:01:52,88400.0,100,Sell,231923951
2024-08-15 14:01:52,88400.0,100,Sell,231923952
2024-08-15 14:01:53,88400.0,100,Buy,231924021
2024-08-15 14:02:02,88300.0,100,Sell,231924405
2024-08-15 14:02:02,88300.0,200,Sell,231924406
2024-08-15 14:02:32,88300.0,200,Sell,231925680
2024-08-15 14:02:34,88300.0,200,Sell,231925763
2024-08-15 14:02:44,88300.0,100,Sell,231926227
2024-08-15 14:02:54,88300.0,300,Sell,231926564
2024-08-15 14:02:54,88300.0,1000,Sell,231926565
2024-08-15 14:02:55,88300.0,100,Buy,231926614
2024-08-15 14:03:05,88200.0,300,Sell,231926966
2024-08-15 14:03:38,88200.0,200,Sell,231928661
2024-08-15 14:04:09,88200.0,300,Sell,231930598
2024-08-15 14:04:31,88200.0,100,Sell,231931974
2024-08-15 14:04:34,88200.0,700,Sell,231932092
2024-08-15 14:04:34,88200.0,400,Sell,231932093
2024-08-15 14:04:41,88200.0,300,Sell,231932402
2024-08-15 14:04:51,88300.0,100,Buy,231933372
2024-08-15 14:04:51,88300.0,300,Buy,231933370
2024-08-15 14:04:51,88300.0,1800,Buy,231933371
2024-08-15 14:05:14,88300.0,200,Sell,231934629
2024-08-15 14:05:46,88300.0,100,Buy,231935987
2024-08-15 14:05:47,88300.0,200,Sell,231936015
2024-08-15 14:05:48,88300.0,100,Sell,231936070
2024-08-15 14:06:04,88500.0,500,Buy,231936903
2024-08-15 14:06:17,88300.0,200,Sell,231937461
2024-08-15 14:06:48,88300.0,300,Sell,231938800
2024-08-15 14:07:21,88300.0,100,Sell,231939886
2024-08-15 14:07:21,88300.0,100,Sell,231939887
2024-08-15 14:07:48,88300.0,900,Sell,231940939
2024-08-15 14:07:52,88200.0,200,Sell,231941020
2024-08-15 14:08:00,88200.0,2000,Sell,231941246
2024-08-15 14:08:04,88200.0,1000,Sell,231941326
2024-08-15 14:08:04,88200.0,800,Sell,231941328
2024-08-15 14:08:04,88200.0,100,Sell,231941325
2024-08-15 14:08:04,88200.0,100,Sell,231941327
2024-08-15 14:08:23,88200.0,300,Sell,231941964
2024-08-15 14:08:46,88300.0,100,Buy,231942609
2024-08-15 14:08:52,88300.0,100,Buy,231942770
2024-08-15 14:08:54,88200.0,300,Sell,231942835
2024-08-15 14:08:58,88300.0,100,Buy,231942900
2024-08-15 14:09:04,88300.0,100,Buy,231943126
2024-08-15 14:09:08,88300.0,100,Buy,231943229
2024-08-15 14:09:15,88300.0,600,Buy,231943376
2024-08-15 14:09:26,88300.0,200,Sell,231943684
2024-08-15 14:09:34,88200.0,100,Sell,231943900
2024-08-15 14:09:34,88200.0,700,Sell,231943901
2024-08-15 14:09:34,88200.0,100,Sell,231943902
2024-08-15 14:09:34,88300.0,300,Sell,231943899
2024-08-15 14:09:58,88200.0,100,Sell,231944534
2024-08-15 14:09:58,88200.0,100,Sell,231944535
2024-08-15 14:10:08,88200.0,100,Sell,231944776
2024-08-15 14:10:08,88200.0,100,Sell,231944777
2024-08-15 14:10:28,88300.0,100,Sell,231945286
2024-08-15 14:10:28,88300.0,100,Sell,231945287
2024-08-15 14:10:34,88300.0,100,Buy,231945490
2024-08-15 14:10:42,88400.0,1000,Buy,231945688
2024-08-15 14:10:44,88400.0,100,Buy,231945732
2024-08-15 14:10:52,88400.0,1000,Buy,231945968
2024-08-15 14:10:53,88400.0,100,Buy,231946003
2024-08-15 14:10:59,88400.0,200,Buy,231946171
2024-08-15 14:11:01,88300.0,200,Sell,231946214
2024-08-15 14:11:31,88300.0,200,Sell,231947142
2024-08-15 14:11:36,88400.0,100,Buy,231947245
2024-08-15 14:11:57,88400.0,200,Buy,231947773
2024-08-15 14:12:01,88400.0,200,Buy,231947877
2024-08-15 14:12:02,88300.0,200,Sell,231947902
2024-08-15 14:12:02,88300.0,100,Sell,231947903
2024-08-15 14:12:09,88400.0,600,Buy,231948117
2024-08-15 14:12:09,88400.0,100,Buy,231948116
2024-08-15 14:12:14,88400.0,500,Buy,231948255
2024-08-15 14:12:31,88400.0,100,Sell,231948630
2024-08-15 14:12:33,88400.0,300,Sell,231948684
2024-08-15 14:13:05,88400.0,200,Sell,231949467
2024-08-15 14:13:12,88400.0,100,Sell,231949609
2024-08-15 14:13:36,88400.0,200,Sell,231950322
2024-08-15 14:13:36,88400.0,100,Sell,231950323
2024-08-15 14:13:54,88400.0,200,Sell,231950786
2024-08-15 14:14:08,88400.0,300,Sell,231951144
2024-08-15 14:14:19,88500.0,100,Buy,231951449
2024-08-15 14:14:28,88400.0,600,Sell,231951706
2024-08-15 14:14:28,88400.0,600,Sell,231951705
2024-08-15 14:14:40,88400.0,300,Sell,231952028
2024-08-15 14:14:55,88500.0,500,Buy,231952370
2024-08-15 14:14:55,88500.0,200,Buy,231952369
2024-08-15 14:14:55,88500.0,1100,Buy,231952365
2024-08-15 14:14:55,88500.0,1000,Buy,231952367
2024-08-15 14:14:55,88500.0,500,Buy,231952368
2024-08-15 14:14:56,88500.0,200,Buy,231952445
2024-08-15 14:14:56,88500.0,100,Buy,231952444
2024-08-15 14:14:57,88400.0,100,Sell,231952546
2024-08-15 14:14:57,88400.0,600,Sell,231952547
2024-08-15 14:14:57,88400.0,500,Sell,231952548
2024-08-15 14:15:00,88400.0,500,Sell,231952631
2024-08-15 14:15:00,88400.0,500,Sell,231952632
2024-08-15 14:15:00,88400.0,100,Sell,231952633
2024-08-15 14:15:01,88400.0,100,Sell,231952674
2024-08-15 14:15:01,88400.0,100,Sell,231952673
2024-08-15 14:15:01,88400.0,900,Sell,231952671
2024-08-15 14:15:01,88400.0,100,Sell,231952672
2024-08-15 14:15:02,88400.0,100,Buy,231952727
2024-08-15 14:15:02,88400.0,500,Buy,231952735
2024-08-15 14:15:02,88400.0,400,Buy,231952738
2024-08-15 14:15:09,88400.0,700,Sell,231953012
2024-08-15 14:15:09,88400.0,100,Sell,231953013
2024-08-15 14:15:11,88300.0,300,Sell,231953058
2024-08-15 14:15:13,88500.0,500,Buy,231953111
2024-08-15 14:15:20,88500.0,100,Buy,231953494
2024-08-15 14:15:44,88400.0,200,Sell,231954091
2024-08-15 14:15:50,88500.0,200,Buy,231954262
2024-08-15 14:15:50,88500.0,1000,Buy,231954263
2024-08-15 14:15:50,88500.0,1000,Buy,231954264
2024-08-15 14:15:50,88500.0,100,Buy,231954265
2024-08-15 14:15:50,88500.0,100,Buy,231954266
2024-08-15 14:15:50,88500.0,900,Buy,231954267
2024-08-15 14:15:51,88500.0,100,Buy,231954343
2024-08-15 14:15:51,88500.0,200,Buy,231954344
2024-08-15 14:15:54,88500.0,100,Buy,231954428
2024-08-15 14:15:54,88500.0,100,Buy,231954429
2024-08-15 14:15:54,88500.0,300,Buy,231954430
2024-08-15 14:16:05,88500.0,500,Buy,231954708
2024-08-15 14:16:12,88500.0,300,Buy,231954859
2024-08-15 14:16:12,88500.0,400,Buy,231954860
2024-08-15 14:16:12,88500.0,100,Buy,231954861
2024-08-15 14:16:12,88500.0,200,Buy,231954858
2024-08-15 14:16:14,88500.0,100,Buy,231954915
2024-08-15 14:16:14,88500.0,100,Buy,231954927
2024-08-15 14:16:15,88400.0,300,Sell,231954960
2024-08-15 14:16:36,88500.0,3300,Buy,231955524
2024-08-15 14:16:37,88500.0,300,Buy,231955645
2024-08-15 14:16:39,88500.0,200,Buy,231955722
2024-08-15 14:16:41,88500.0,500,Buy,231955781
2024-08-15 14:16:46,88500.0,100,Buy,231955928
2024-08-15 14:16:48,88400.0,300,Sell,231955994
2024-08-15 14:16:50,88500.0,600,Buy,231956100
2024-08-15 14:16:52,88500.0,500,Buy,231956136
2024-08-15 14:16:54,88500.0,900,Buy,231956195
2024-08-15 14:16:59,88500.0,100,Buy,231956397
2024-08-15 14:17:01,88500.0,1100,Buy,231956441
2024-08-15 14:17:02,88500.0,100,Buy,231956462
2024-08-15 14:17:04,88500.0,1000,Buy,231956541
2024-08-15 14:17:06,88500.0,100,Buy,231956569
2024-08-15 14:17:08,88500.0,900,Buy,231956625
2024-08-15 14:17:08,88500.0,900,Buy,231956626
2024-08-15 14:17:10,88500.0,100,Buy,231956662
2024-08-15 14:17:21,88500.0,900,Buy,231957089
2024-08-15 14:17:21,88400.0,200,Sell,231957069
2024-08-15 14:17:21,88500.0,100,Buy,231957088
2024-08-15 14:17:23,88500.0,100,Buy,231957110
2024-08-15 14:17:29,88500.0,100,Buy,231957259
2024-08-15 14:17:29,88500.0,400,Buy,231957260
2024-08-15 14:17:39,88500.0,1800,Buy,231957572
2024-08-15 14:17:39,88500.0,1500,Buy,231957573
2024-08-15 14:17:40,88500.0,300,Buy,231957629
2024-08-15 14:17:40,88500.0,200,Buy,231957635
2024-08-15 14:17:40,88500.0,300,Buy,231957636
2024-08-15 14:17:47,88500.0,100,Buy,231957861
2024-08-15 14:17:52,88400.0,300,Sell,231957960
2024-08-15 14:18:14,88500.0,500,Buy,231958625
2024-08-15 14:18:21,88500.0,100,Buy,231958846
2024-08-15 14:18:22,88500.0,100,Buy,231958876
2024-08-15 14:18:24,88500.0,100,Buy,231958922
2024-08-15 14:18:24,88400.0,200,Sell,231958924
2024-08-15 14:18:25,88500.0,500,Buy,231958950
2024-08-15 14:18:26,88500.0,400,Buy,231958967
2024-08-15 14:18:28,88500.0,100,Buy,231959018
2024-08-15 14:18:28,88500.0,600,Buy,231959019
2024-08-15 14:18:29,88400.0,1800,Sell,231959037
2024-08-15 14:18:30,88500.0,100,Buy,231959083
2024-08-15 14:18:30,88400.0,100,Buy,231959066
2024-08-15 14:18:30,88400.0,100,Buy,231959081
2024-08-15 14:18:30,88500.0,600,Buy,231959082
2024-08-15 14:18:31,88500.0,1000,Buy,231959100
2024-08-15 14:18:32,88500.0,100,Buy,231959120
2024-08-15 14:18:33,88500.0,100,Buy,231959167
2024-08-15 14:18:35,88500.0,400,Buy,231959237
2024-08-15 14:18:35,88500.0,2200,Buy,231959238
2024-08-15 14:18:35,88500.0,100,Buy,231959239
2024-08-15 14:18:35,88500.0,600,Buy,231959240
2024-08-15 14:18:35,88400.0,1100,Buy,231959278
2024-08-15 14:18:36,88400.0,400,Buy,231959337
2024-08-15 14:18:38,88500.0,1000,Buy,231959415
2024-08-15 14:18:38,88400.0,500,Buy,231959414
2024-08-15 14:18:39,88500.0,100,Buy,231959428
2024-08-15 14:18:46,88500.0,200,Buy,231959636
2024-08-15 14:18:46,88500.0,1300,Buy,231959635
2024-08-15 14:18:47,88500.0,100,Buy,231959657
2024-08-15 14:18:49,88500.0,300,Buy,231959748
2024-08-15 14:18:50,88300.0,1100,Sell,231959815
2024-08-15 14:18:52,88500.0,1600,Buy,231959874
2024-08-15 14:18:52,88500.0,100,Buy,231959875
2024-08-15 14:18:52,88500.0,500,Buy,231959876
2024-08-15 14:18:53,88500.0,200,Buy,231959890
2024-08-15 14:18:55,88300.0,200,Sell,231959936
2024-08-15 14:19:09,88500.0,1000,Buy,231960343
2024-08-15 14:19:10,88500.0,100,Buy,231960368
2024-08-15 14:19:19,88500.0,400,Buy,231960706
2024-08-15 14:19:19,88500.0,400,Buy,231960704
2024-08-15 14:19:19,88500.0,200,Buy,231960705
2024-08-15 14:19:20,88500.0,100,Buy,231960725
2024-08-15 14:19:25,88300.0,300,Sell,231960889
2024-08-15 14:19:26,88500.0,200,Buy,231960902
2024-08-15 14:19:40,88500.0,300,Buy,231961312
2024-08-15 14:19:40,88500.0,200,Buy,231961313
2024-08-15 14:19:40,88500.0,800,Buy,231961314
2024-08-15 14:19:42,88500.0,100,Buy,231961353
2024-08-15 14:19:51,88500.0,200,Buy,231961672
2024-08-15 14:19:51,88600.0,1000,Buy,231961731
2024-08-15 14:19:51,88600.0,300,Buy,231961673
2024-08-15 14:19:51,88500.0,1000,Buy,231961670
2024-08-15 14:19:51,88500.0,100,Buy,231961669
2024-08-15 14:19:51,88500.0,100,Buy,231961668
2024-08-15 14:19:51,88500.0,1300,Buy,231961667
2024-08-15 14:19:51,88500.0,300,Buy,231961671
2024-08-15 14:19:52,88600.0,300,Buy,231961741
2024-08-15 14:19:53,88600.0,100,Buy,231961798
2024-08-15 14:19:57,88300.0,100,Sell,231961931
2024-08-15 14:19:57,88300.0,100,Sell,231961932
2024-08-15 14:20:01,88600.0,300,Buy,231962062
2024-08-15 14:20:01,88600.0,700,Buy,231962063
2024-08-15 14:20:02,88600.0,100,Buy,231962093
2024-08-15 14:20:08,88500.0,200,Buy,231962286
2024-08-15 14:20:27,88300.0,300,Sell,231962806
2024-08-15 14:20:35,88500.0,800,Buy,231963045
2024-08-15 14:20:35,88500.0,200,Buy,231963046
2024-08-15 14:20:36,88500.0,100,Buy,231963072
2024-08-15 14:20:46,88500.0,700,Buy,231963503
2024-08-15 14:20:46,88500.0,300,Buy,231963504
2024-08-15 14:20:47,88500.0,100,Buy,231963519
2024-08-15 14:20:50,88500.0,1300,Buy,231963616
2024-08-15 14:20:51,88500.0,100,Buy,231963628
2024-08-15 14:20:54,88500.0,200,Buy,231963693
2024-08-15 14:20:55,88500.0,100,Buy,231963712
2024-08-15 14:20:55,88500.0,200,Buy,231963711
2024-08-15 14:20:57,88500.0,300,Sell,231963783
2024-08-15 14:21:00,88500.0,300,Sell,231963846
2024-08-15 14:21:12,88500.0,100,Sell,231964171
2024-08-15 14:21:22,88600.0,400,Buy,231964458
2024-08-15 14:21:22,88600.0,400,Buy,231964459
2024-08-15 14:21:22,88600.0,200,Buy,231964457
2024-08-15 14:21:23,88600.0,100,Buy,231964480
2024-08-15 14:21:32,88500.0,200,Sell,231964726
2024-08-15 14:21:33,88600.0,1000,Buy,231964768
2024-08-15 14:21:35,88600.0,100,Buy,231964810
2024-08-15 14:21:40,88600.0,200,Buy,231964956
2024-08-15 14:21:48,88500.0,100,Buy,231965227
2024-08-15 14:21:48,88500.0,100,Sell,231965192
2024-08-15 14:21:48,88500.0,100,Sell,231965190
2024-08-15 14:21:48,88500.0,100,Sell,231965189
2024-08-15 14:21:48,88500.0,100,Sell,231965191
2024-08-15 14:22:03,88500.0,200,Sell,231965696
2024-08-15 14:22:04,88600.0,400,Buy,231965730
2024-08-15 14:22:05,88500.0,300,Sell,231965748
2024-08-15 14:22:05,88500.0,700,Sell,231965749
2024-08-15 14:22:07,88600.0,1000,Buy,231965852
2024-08-15 14:22:08,88600.0,100,Buy,231965871
2024-08-15 14:22:11,88500.0,600,Sell,231965962
2024-08-15 14:22:11,88500.0,1100,Sell,231965961
2024-08-15 14:22:11,88500.0,100,Sell,231965960
2024-08-15 14:22:11,88500.0,900,Sell,231965953
2024-08-15 14:22:11,88500.0,200,Sell,231965959
2024-08-15 14:22:11,88500.0,100,Sell,231965952
2024-08-15 14:22:18,88600.0,1000,Buy,231966207
2024-08-15 14:22:18,88500.0,900,Sell,231966218
2024-08-15 14:22:18,88500.0,300,Sell,231966219
2024-08-15 14:22:18,88500.0,800,Sell,231966220
2024-08-15 14:22:19,88600.0,100,Buy,231966230
2024-08-15 14:22:20,88600.0,200,Buy,231966266
2024-08-15 14:22:21,88600.0,400,Buy,231966285
2024-08-15 14:22:21,88600.0,900,Buy,231966286
2024-08-15 14:22:22,88600.0,100,Buy,231966318
2024-08-15 14:22:23,88500.0,300,Sell,231966364
2024-08-15 14:22:23,88500.0,700,Sell,231966363
2024-08-15 14:22:25,88600.0,200,Buy,231966435
2024-08-15 14:22:35,88500.0,2000,Sell,231966745
2024-08-15 14:22:35,88500.0,100,Sell,231966772
2024-08-15 14:22:36,88500.0,100,Buy,231966783
2024-08-15 14:22:46,88500.0,100,Sell,231967100
2024-08-15 14:23:03,88500.0,100,Buy,231967652
2024-08-15 14:23:03,88500.0,100,Buy,231967653
2024-08-15 14:23:03,88500.0,800,Buy,231967654
2024-08-15 14:23:05,88500.0,100,Buy,231967691
2024-08-15 14:23:06,88400.0,200,Sell,231967717
2024-08-15 14:23:13,88500.0,800,Buy,231967916
2024-08-15 14:23:13,88500.0,100,Buy,231967914
2024-08-15 14:23:13,88500.0,100,Buy,231967915
2024-08-15 14:23:14,88500.0,100,Buy,231967939
2024-08-15 14:23:20,88500.0,200,Buy,231968112
2024-08-15 14:23:37,88400.0,300,Sell,231968591
2024-08-15 14:23:46,88500.0,1100,Buy,231968864
2024-08-15 14:23:46,88500.0,200,Buy,231968865
2024-08-15 14:23:47,88500.0,100,Buy,231968920
2024-08-15 14:23:48,88500.0,1000,Buy,231968967
2024-08-15 14:23:50,88500.0,100,Buy,231969008
2024-08-15 14:23:58,88500.0,800,Buy,231969257
2024-08-15 14:23:58,88500.0,200,Buy,231969258
2024-08-15 14:24:00,88500.0,100,Buy,231969292
2024-08-15 14:24:06,88500.0,200,Buy,231969531
2024-08-15 14:24:09,88400.0,200,Sell,231969591
2024-08-15 14:24:35,88400.0,100,Buy,231970380
2024-08-15 14:24:35,88400.0,900,Buy,231970381
2024-08-15 14:24:36,88400.0,100,Buy,231970410
2024-08-15 14:24:41,88300.0,200,Sell,231970637
2024-08-15 14:24:44,88400.0,1000,Buy,231970753
2024-08-15 14:24:45,88400.0,100,Buy,231970787
2024-08-15 14:24:52,88400.0,100,Buy,231971093
2024-08-15 14:24:52,88400.0,100,Buy,231971094
2024-08-15 14:24:54,88300.0,100,Sell,231971168
2024-08-15 14:24:54,88300.0,200,Sell,231971167
2024-08-15 14:24:54,88300.0,400,Sell,231971165
2024-08-15 14:24:54,88300.0,100,Sell,231971166
2024-08-15 14:25:06,88200.0,100,Sell,231971621
2024-08-15 14:25:06,88200.0,100,Sell,231971622
2024-08-15 14:25:06,88200.0,100,Sell,231971623
2024-08-15 14:25:06,88200.0,100,Sell,231971624
2024-08-15 14:25:06,88200.0,600,Sell,231971625
2024-08-15 14:25:12,88300.0,1200,Buy,231971873
2024-08-15 14:25:12,88200.0,300,Sell,231971889
2024-08-15 14:25:20,88300.0,1000,Buy,231972214
2024-08-15 14:25:23,88300.0,100,Buy,231972293
2024-08-15 14:25:30,88300.0,1000,Buy,231972576
2024-08-15 14:25:32,88300.0,100,Buy,231972641
2024-08-15 14:25:33,88200.0,100,Sell,231972672
2024-08-15 14:25:33,88200.0,100,Sell,231972673
2024-08-15 14:25:33,88200.0,100,Sell,231972671
2024-08-15 14:25:37,88200.0,100,Buy,231972856
2024-08-15 14:25:37,88300.0,100,Buy,231972857
2024-08-15 14:25:41,88100.0,100,Sell,231972992
2024-08-15 14:25:41,88100.0,100,Sell,231972993
2024-08-15 14:25:41,88100.0,100,Sell,231972994
2024-08-15 14:25:41,88100.0,800,Sell,231972995
2024-08-15 14:25:43,88100.0,200,Sell,231973117
2024-08-15 14:25:43,88100.0,200,Sell,231973099
2024-08-15 14:25:43,88100.0,400,Sell,231973100
2024-08-15 14:25:43,88100.0,100,Sell,231973097
2024-08-15 14:25:43,88100.0,800,Sell,231973095
2024-08-15 14:25:43,88100.0,200,Sell,231973098
2024-08-15 14:25:43,88100.0,300,Sell,231973096
2024-08-15 14:26:06,88300.0,800,Buy,231974069
2024-08-15 14:26:06,88300.0,200,Buy,231974070
2024-08-15 14:26:07,88300.0,100,Buy,231974092
2024-08-15 14:26:16,88100.0,200,Sell,231974460
2024-08-15 14:26:17,88300.0,1000,Buy,231974504
2024-08-15 14:26:19,88300.0,100,Buy,231974552
2024-08-15 14:26:24,88300.0,200,Buy,231974749
2024-08-15 14:26:37,88300.0,100,Buy,231975279
2024-08-15 14:26:37,88300.0,1200,Buy,231975280
2024-08-15 14:26:39,88300.0,100,Buy,231975397
2024-08-15 14:26:56,88300.0,500,Buy,231976012
2024-08-15 14:26:58,88100.0,100,Sell,231976097
2024-08-15 14:26:58,88100.0,200,Sell,231976098
2024-08-15 14:26:58,88100.0,1000,Sell,231976099
2024-08-15 14:26:58,88100.0,400,Sell,231976134
2024-08-15 14:26:58,88100.0,100,Sell,231976096
2024-08-15 14:27:05,88300.0,500,Buy,231976566
2024-08-15 14:27:12,88300.0,100,Buy,231976830
2024-08-15 14:27:38,88300.0,500,Buy,231977830
2024-08-15 14:27:47,88100.0,100,Sell,231978195
2024-08-15 14:27:48,88300.0,500,Buy,231978221
2024-08-15 14:27:54,88300.0,100,Buy,231978470
2024-08-15 14:28:10,88100.0,400,Sell,231979038
2024-08-15 14:28:10,88200.0,100,Sell,231979037
2024-08-15 14:28:20,88300.0,500,Buy,231979508
2024-08-15 14:28:37,88500.0,100,Buy,231980148
2024-08-15 14:28:37,88500.0,100,Buy,231980149
2024-08-15 14:28:37,88500.0,800,Buy,231980150
2024-08-15 14:28:38,88100.0,1100,Sell,231980222
2024-08-15 14:28:38,88100.0,1000,Sell,231980223
2024-08-15 14:28:38,88100.0,100,Sell,231980224
2024-08-15 14:28:40,88100.0,400,Sell,231980348
2024-08-15 14:28:40,88100.0,500,Sell,231980349
2024-08-15 14:28:40,88100.0,100,Sell,231980350
2024-08-15 14:28:40,88100.0,2000,Sell,231980351
2024-08-15 14:28:40,88100.0,1400,Sell,231980352
2024-08-15 14:28:42,88100.0,4400,Sell,231980579
2024-08-15 14:28:43,88100.0,4400,Sell,231980617
2024-08-15 14:28:44,88100.0,4400,Sell,231980686
2024-08-15 14:28:45,88100.0,4400,Sell,231980705
2024-08-15 14:28:49,88200.0,200,Buy,231981015
2024-08-15 14:28:49,88500.0,200,Buy,231981016
2024-08-15 14:28:49,88500.0,600,Buy,231981017
2024-08-15 14:28:58,88500.0,200,Buy,231981519
2024-08-15 14:29:07,88100.0,100,Sell,231982166
2024-08-15 14:29:07,88100.0,100,Sell,231982183
2024-08-15 14:29:30,88400.0,500,Buy,231983308
2024-08-15 14:29:30,88500.0,500,Buy,231983309
2024-08-15 14:44:39,87600.0,215100,ATO/ATC,231984461
