time,price,volume,match_type,id
2024-08-19 09:14:37,88800.0,12000,ATO/ATC,232510268
2024-08-19 09:14:44,88800.0,2300,Buy,232510853
2024-08-19 09:14:52,88800.0,500,Buy,232511037
2024-08-19 09:15:01,88800.0,1000,Buy,232511337
2024-08-19 09:15:31,88300.0,100,Sell,232512575
2024-08-19 09:15:37,88300.0,200,Sell,232512853
2024-08-19 09:15:37,88400.0,1500,Sell,232512851
2024-08-19 09:15:37,88300.0,300,Sell,232512852
2024-08-19 09:15:39,88800.0,600,Buy,232512955
2024-08-19 09:15:45,88800.0,500,Buy,232513216
2024-08-19 09:15:48,88400.0,700,Sell,232513377
2024-08-19 09:15:51,88400.0,200,Sell,232513541
2024-08-19 09:15:51,88300.0,9500,Sell,232513543
2024-08-19 09:15:51,88400.0,300,Sell,232513540
2024-08-19 09:15:51,88300.0,1000,Sell,232513542
2024-08-19 09:15:53,88800.0,200,Buy,232513658
2024-08-19 09:15:55,88800.0,2400,Buy,232513787
2024-08-19 09:16:05,88800.0,400,Buy,232514272
2024-08-19 09:16:11,88600.0,1000,Sell,232514664
2024-08-19 09:16:11,88600.0,600,Sell,232514665
2024-08-19 09:16:11,88500.0,300,Sell,232514666
2024-08-19 09:16:25,88500.0,600,Sell,232515479
2024-08-19 09:16:25,88500.0,400,Sell,232515480
2024-08-19 09:16:25,88600.0,1000,Sell,232515477
2024-08-19 09:16:25,88600.0,100,Sell,232515476
2024-08-19 09:16:25,88500.0,200,Sell,232515478
2024-08-19 09:16:26,88800.0,500,Buy,232515502
2024-08-19 09:16:35,88700.0,500,Buy,232515983
2024-08-19 09:16:42,88500.0,800,Sell,232516367
2024-08-19 09:16:48,88700.0,300,Buy,232516798
2024-08-19 09:16:49,88700.0,4200,Buy,232516887
2024-08-19 09:16:49,88800.0,7100,Buy,232516888
2024-08-19 09:16:54,88800.0,2300,Buy,232517157
2024-08-19 09:16:58,88500.0,2000,Sell,232517385
2024-08-19 09:17:10,88500.0,100,Sell,232518009
2024-08-19 09:17:24,88700.0,100,Buy,232518752
2024-08-19 09:17:53,88800.0,1100,Buy,232520242
2024-08-19 09:17:55,88800.0,200,Buy,232520318
2024-08-19 09:17:57,88700.0,200,Sell,232520406
2024-08-19 09:18:03,88800.0,2100,Buy,232520705
2024-08-19 09:18:05,88800.0,500,Buy,232520848
2024-08-19 09:18:06,88700.0,800,Sell,232520924
2024-08-19 09:18:06,88700.0,500,Sell,232520925
2024-08-19 09:18:28,88500.0,700,Sell,232522212
2024-08-19 09:18:28,88600.0,100,Sell,232522211
2024-08-19 09:18:28,88500.0,200,Sell,232522214
2024-08-19 09:18:28,88700.0,500,Sell,232522209
2024-08-19 09:18:28,88700.0,200,Sell,232522208
2024-08-19 09:18:28,88700.0,300,Sell,232522210
2024-08-19 09:18:28,88500.0,100,Sell,232522213
2024-08-19 09:18:39,88700.0,100,Sell,232522833
2024-08-19 09:18:39,88500.0,300,Sell,232522834
2024-08-19 09:18:39,88500.0,300,Sell,232522835
2024-08-19 09:18:47,88500.0,500,Sell,232523286
2024-08-19 09:18:47,88500.0,200,Sell,232523287
2024-08-19 09:18:47,88500.0,800,Sell,232523288
2024-08-19 09:18:57,88700.0,200,Buy,232523844
2024-08-19 09:20:01,88800.0,1600,Buy,232526655
2024-08-19 09:20:05,88800.0,300,Buy,232526789
2024-08-19 09:21:42,88600.0,100,Sell,232530903
2024-08-19 09:21:45,88800.0,2900,Buy,232530983
2024-08-19 09:21:45,88700.0,100,Buy,232530982
2024-08-19 09:21:55,88700.0,200,Buy,232531358
2024-08-19 09:21:55,88800.0,400,Buy,232531359
2024-08-19 09:22:05,88800.0,100,Buy,232531702
2024-08-19 09:22:22,88800.0,13900,Buy,232532290
2024-08-19 09:22:25,88800.0,2700,Buy,232532382
2024-08-19 09:22:35,88800.0,500,Buy,232532680
2024-08-19 09:22:41,88800.0,2000,Buy,232532927
2024-08-19 09:22:45,88800.0,500,Buy,232533084
2024-08-19 09:22:46,88800.0,1000,Buy,232533117
2024-08-19 09:22:55,88800.0,300,Buy,232533414
2024-08-19 09:23:01,88800.0,1000,Buy,232533758
2024-08-19 09:23:05,88800.0,200,Buy,232533927
2024-08-19 09:23:21,88800.0,500,Buy,232534648
2024-08-19 09:23:24,88800.0,2600,Buy,232534788
2024-08-19 09:23:24,88800.0,100,Buy,232534789
2024-08-19 09:23:24,88800.0,2300,Buy,232534790
2024-08-19 09:23:25,88800.0,100,Buy,232534812
2024-08-19 09:23:25,88800.0,100,Buy,232534811
2024-08-19 09:23:25,88800.0,700,Buy,232534810
2024-08-19 09:23:25,88800.0,100,Buy,232534809
2024-08-19 09:23:25,88800.0,100,Buy,232534808
2024-08-19 09:23:27,88800.0,200,Buy,232534876
2024-08-19 09:23:27,88800.0,300,Buy,232534877
2024-08-19 09:23:27,88800.0,500,Buy,232534878
2024-08-19 09:23:35,88800.0,400,Buy,232535217
2024-08-19 09:23:36,88800.0,1200,Buy,232535280
2024-08-19 09:23:36,88800.0,5500,Buy,232535279
2024-08-19 09:23:36,88800.0,200,Buy,232535278
2024-08-19 09:23:36,88800.0,3000,Buy,232535277
2024-08-19 09:23:36,88800.0,100,Buy,232535276
2024-08-19 09:23:36,88800.0,100,Buy,232535275
2024-08-19 09:23:36,88800.0,100,Buy,232535274
2024-08-19 09:23:36,88800.0,100,Buy,232535273
2024-08-19 09:23:36,88800.0,100,Buy,232535272
2024-08-19 09:23:36,88800.0,1000,Buy,232535271
2024-08-19 09:23:36,88800.0,100,Buy,232535260
2024-08-19 09:23:36,88800.0,100,Buy,232535269
2024-08-19 09:23:36,88800.0,100,Buy,232535268
2024-08-19 09:23:36,88800.0,100,Buy,232535267
2024-08-19 09:23:36,88800.0,100,Buy,232535266
2024-08-19 09:23:36,88800.0,100,Buy,232535265
2024-08-19 09:23:36,88800.0,100,Buy,232535264
2024-08-19 09:23:36,88800.0,3000,Buy,232535263
2024-08-19 09:23:36,88800.0,100,Buy,232535262
2024-08-19 09:23:36,88800.0,100,Buy,232535261
2024-08-19 09:23:36,88800.0,300,Buy,232535270
2024-08-19 09:23:36,88800.0,9100,Buy,232535259
2024-08-19 09:23:45,88800.0,4300,Buy,232535638
2024-08-19 09:23:45,88800.0,700,Sell,232535643
2024-08-19 09:23:50,88800.0,1000,Buy,232535851
2024-08-19 09:23:52,88800.0,2000,Buy,232535945
2024-08-19 09:23:52,88800.0,2500,Buy,232535943
2024-08-19 09:23:55,88800.0,200,Buy,232536057
2024-08-19 09:23:57,88800.0,100,Sell,232536150
2024-08-19 09:24:00,88800.0,100,Sell,232536319
2024-08-19 09:24:03,88800.0,100,Sell,232536449
2024-08-19 09:24:05,88800.0,100,Sell,232536540
2024-08-19 09:24:05,88800.0,100,Sell,232536568
2024-08-19 09:24:09,88800.0,100,Sell,232536662
2024-08-19 09:24:12,88800.0,100,Sell,232536781
2024-08-19 09:24:14,88800.0,100,Sell,232536844
2024-08-19 09:24:15,88800.0,100,Sell,232536879
2024-08-19 09:24:18,88800.0,300,Sell,232536965
2024-08-19 09:24:18,88900.0,300,Buy,232536981
2024-08-19 09:24:25,88900.0,100,Buy,232537195
2024-08-19 09:24:26,88900.0,100,Buy,232537294
2024-08-19 09:24:27,88900.0,100,Buy,232537298
2024-08-19 09:24:27,88900.0,100,Buy,232537299
2024-08-19 09:24:27,88900.0,100,Buy,232537300
2024-08-19 09:24:27,88900.0,200,Buy,232537301
2024-08-19 09:24:27,88900.0,500,Buy,232537297
2024-08-19 09:24:35,88900.0,100,Buy,232537589
2024-08-19 09:24:35,88900.0,100,Buy,232537590
2024-08-19 09:24:36,88900.0,100,Buy,232537655
2024-08-19 09:24:36,88900.0,100,Buy,232537654
2024-08-19 09:24:36,88900.0,200,Buy,232537656
2024-08-19 09:24:36,88900.0,200,Buy,232537652
2024-08-19 09:24:36,88900.0,100,Buy,232537651
2024-08-19 09:24:36,88900.0,100,Buy,232537653
2024-08-19 09:24:36,88900.0,200,Buy,232537650
2024-08-19 09:24:44,88900.0,100,Buy,232537885
2024-08-19 09:24:45,88900.0,1000,Buy,232537971
2024-08-19 09:24:45,88900.0,200,Buy,232537940
2024-08-19 09:24:46,88900.0,500,Buy,232538001
2024-08-19 09:24:55,88900.0,300,Buy,232538318
2024-08-19 09:24:56,88900.0,1000,Buy,232538403
2024-08-19 09:25:02,88900.0,1000,Buy,232538632
2024-08-19 09:25:05,88900.0,400,Buy,232538778
2024-08-19 09:25:10,88800.0,100,Sell,232539031
2024-08-19 09:25:11,88900.0,100,Buy,232539125
2024-08-19 09:25:11,88900.0,800,Buy,232539123
2024-08-19 09:25:11,88900.0,100,Buy,232539124
2024-08-19 09:25:15,88900.0,200,Buy,232539247
2024-08-19 09:25:15,88900.0,100,Buy,232539248
2024-08-19 09:25:16,89000.0,100,Buy,232539285
2024-08-19 09:25:16,89000.0,100,Buy,232539286
2024-08-19 09:25:25,89000.0,100,Buy,232539615
2024-08-19 09:25:37,88900.0,200,Buy,232540077
2024-08-19 09:25:38,89000.0,500,Buy,232540162
2024-08-19 09:25:38,89000.0,500,Buy,232540163
2024-08-19 09:25:38,89000.0,100,Buy,232540164
2024-08-19 09:25:38,89000.0,300,Buy,232540165
2024-08-19 09:25:38,89000.0,200,Buy,232540166
2024-08-19 09:25:38,89000.0,400,Buy,232540167
2024-08-19 09:25:40,89000.0,100,Buy,232540248
2024-08-19 09:25:40,89000.0,200,Buy,232540247
2024-08-19 09:25:40,89000.0,600,Buy,232540246
2024-08-19 09:25:45,89000.0,600,Buy,232540450
2024-08-19 09:25:50,89000.0,300,Buy,232540650
2024-08-19 09:25:51,88800.0,200,Sell,232540688
2024-08-19 09:25:51,88800.0,100,Sell,232540668
2024-08-19 09:25:51,89000.0,4000,Buy,232540686
2024-08-19 09:25:51,89000.0,400,Buy,232540687
2024-08-19 09:26:05,89000.0,100,Buy,232541268
2024-08-19 09:26:05,89000.0,600,Buy,232541269
2024-08-19 09:26:15,88900.0,100,Buy,232541685
2024-08-19 09:26:51,88900.0,1000,Sell,232543180
2024-08-19 09:26:51,88900.0,100,Sell,232543181
2024-08-19 09:26:54,88900.0,300,Buy,232543334
2024-08-19 09:26:54,88900.0,200,Buy,232543335
2024-08-19 09:27:05,88900.0,100,Buy,232543801
2024-08-19 09:27:08,88800.0,300,Sell,232543957
2024-08-19 09:27:12,88900.0,200,Buy,232544175
2024-08-19 09:27:15,88900.0,100,Buy,232544256
2024-08-19 09:27:19,88900.0,500,Buy,232544361
2024-08-19 09:27:19,88900.0,300,Buy,232544362
2024-08-19 09:27:25,88900.0,100,Buy,232544596
2024-08-19 09:27:27,88900.0,200,Buy,232544697
2024-08-19 09:27:37,88900.0,2000,Buy,232545088
2024-08-19 09:27:45,88900.0,200,Buy,232545359
2024-08-19 09:27:45,88900.0,200,Buy,232545360
2024-08-19 09:27:49,88900.0,800,Buy,232545510
2024-08-19 09:28:00,88900.0,300,Sell,232545963
2024-08-19 09:28:11,88900.0,200,Sell,232546379
2024-08-19 09:28:18,88900.0,200,Sell,232546639
2024-08-19 09:28:18,88900.0,200,Sell,232546640
2024-08-19 09:29:35,88800.0,1000,Sell,232549327
2024-08-19 09:29:35,88800.0,100,Sell,232549328
2024-08-19 09:29:35,88800.0,700,Sell,232549329
2024-08-19 09:29:36,88900.0,400,Buy,232549373
2024-08-19 09:29:36,88900.0,100,Buy,232549374
2024-08-19 09:29:38,88800.0,200,Sell,232549454
2024-08-19 09:29:38,88800.0,1000,Sell,232549453
2024-08-19 09:29:38,88800.0,1000,Sell,232549452
2024-08-19 09:29:38,88800.0,100,Sell,232549451
2024-08-19 09:29:38,88800.0,100,Sell,232549450
2024-08-19 09:29:38,88800.0,5000,Sell,232549449
2024-08-19 09:29:38,88800.0,100,Sell,232549447
2024-08-19 09:29:38,88800.0,1000,Sell,232549446
2024-08-19 09:29:38,88800.0,100,Sell,232549445
2024-08-19 09:29:38,88800.0,300,Sell,232549444
2024-08-19 09:29:38,88800.0,1100,Sell,232549448
2024-08-19 09:29:39,88800.0,100,Sell,232549482
2024-08-19 09:29:45,88800.0,2400,Buy,232549702
2024-08-19 09:29:54,88700.0,100,Sell,232550047
2024-08-19 09:29:54,88700.0,100,Sell,232550048
2024-08-19 09:29:55,88700.0,400,Buy,232550055
2024-08-19 09:30:05,88700.0,100,Buy,232550395
2024-08-19 09:30:13,88700.0,800,Buy,232550717
2024-08-19 09:30:15,88700.0,100,Buy,232550740
2024-08-19 09:30:16,88700.0,3800,Buy,232550798
2024-08-19 09:30:57,88700.0,100,Sell,232552311
2024-08-19 09:31:05,88700.0,500,Sell,232552596
2024-08-19 09:31:24,88700.0,500,Sell,232553279
2024-08-19 09:31:54,88800.0,800,Buy,232554155
2024-08-19 09:31:54,88800.0,200,Buy,232554154
2024-08-19 09:31:56,88700.0,100,Sell,232554210
2024-08-19 09:32:36,88800.0,1000,Buy,232555417
2024-08-19 09:32:45,88800.0,200,Buy,232555720
2024-08-19 09:33:45,88700.0,1500,Sell,232557588
2024-08-19 09:34:30,88700.0,1500,Sell,232558922
2024-08-19 09:34:36,88700.0,2000,Sell,232559058
2024-08-19 09:34:55,88800.0,100,Buy,232559749
2024-08-19 09:35:13,88800.0,100,Buy,232560128
2024-08-19 09:35:26,88800.0,200,Buy,232560478
2024-08-19 09:36:21,88800.0,1000,Buy,232562525
2024-08-19 09:36:25,88800.0,200,Buy,232562631
2024-08-19 09:36:46,88800.0,200,Buy,232563443
2024-08-19 09:37:46,88800.0,500,Buy,232565936
2024-08-19 09:37:47,88800.0,500,Buy,232565943
2024-08-19 09:37:51,88800.0,200,Buy,232566092
2024-08-19 09:37:51,88800.0,400,Buy,232566093
2024-08-19 09:37:55,88800.0,300,Buy,232566212
2024-08-19 09:37:55,88800.0,1100,Buy,232566225
2024-08-19 09:37:55,88800.0,1000,Buy,232566226
2024-08-19 09:37:55,88800.0,500,Buy,232566227
2024-08-19 09:37:55,88800.0,100,Buy,232566228
2024-08-19 09:37:55,88800.0,200,Buy,232566229
2024-08-19 09:39:04,88900.0,900,Buy,232569070
2024-08-19 09:39:04,88900.0,100,Buy,232569069
2024-08-19 09:39:05,88900.0,200,Buy,232569102
2024-08-19 09:39:14,88800.0,100,Sell,232569517
2024-08-19 09:39:21,88900.0,3900,Buy,232569751
2024-08-19 09:39:21,88900.0,200,Buy,232569752
2024-08-19 09:39:25,88900.0,800,Buy,232569882
2024-08-19 09:39:26,88900.0,1000,Buy,232569956
2024-08-19 09:39:29,88900.0,5000,Buy,232570087
2024-08-19 09:39:35,88900.0,1300,Buy,232570267
2024-08-19 09:39:45,88900.0,200,Buy,232570687
2024-08-19 09:39:48,88900.0,800,Buy,232570827
2024-08-19 09:39:49,88900.0,200,Buy,232570894
2024-08-19 09:39:55,88900.0,200,Buy,232571131
2024-08-19 09:40:01,88900.0,200,Buy,232571350
2024-08-19 09:40:54,88700.0,100,Sell,232573692
2024-08-19 09:40:54,88700.0,1000,Sell,232573691
2024-08-19 09:40:54,88700.0,20000,Sell,232573690
2024-08-19 09:40:54,88700.0,500,Sell,232573689
2024-08-19 09:40:54,88700.0,400,Sell,232573688
2024-08-19 09:40:54,88700.0,300,Sell,232573687
2024-08-19 09:40:54,88700.0,300,Sell,232573686
2024-08-19 09:40:54,88700.0,200,Sell,232573685
2024-08-19 09:40:54,88700.0,100,Sell,232573684
2024-08-19 09:40:54,88700.0,100,Sell,232573683
2024-08-19 09:40:54,88700.0,20000,Sell,232573693
2024-08-19 09:40:54,88700.0,100,Sell,232573682
2024-08-19 09:40:54,88700.0,700,Sell,232573680
2024-08-19 09:40:54,88700.0,1000,Sell,232573679
2024-08-19 09:40:54,88800.0,1000,Sell,232573669
2024-08-19 09:40:54,88800.0,600,Sell,232573670
2024-08-19 09:40:54,88800.0,5000,Sell,232573671
2024-08-19 09:40:54,88800.0,2000,Sell,232573672
2024-08-19 09:40:54,88800.0,3200,Sell,232573673
2024-08-19 09:40:54,88700.0,100,Sell,232573681
2024-08-19 09:40:54,88800.0,800,Sell,232573675
2024-08-19 09:40:54,88800.0,100,Sell,232573676
2024-08-19 09:40:54,88800.0,500,Sell,232573677
2024-08-19 09:40:54,88800.0,100,Sell,232573678
2024-08-19 09:40:54,88800.0,500,Sell,232573674
2024-08-19 09:40:55,88700.0,2400,Buy,232573726
2024-08-19 09:41:03,88700.0,500,Buy,232574312
2024-08-19 09:41:04,88700.0,9800,Buy,232574377
2024-08-19 09:41:15,88700.0,1900,Buy,232574778
2024-08-19 09:41:23,88700.0,200,Buy,232575025
2024-08-19 09:41:24,88700.0,400,Buy,232575104
2024-08-19 09:41:46,88700.0,100,Buy,232575775
2024-08-19 09:42:44,88700.0,300,Buy,232577689
2024-08-19 09:42:56,88700.0,300,Buy,232578073
2024-08-19 09:43:13,88600.0,500,Sell,232578834
2024-08-19 09:43:30,88600.0,1000,Sell,232579588
2024-08-19 09:44:23,88700.0,500,Buy,232581471
2024-08-19 09:44:25,88700.0,100,Buy,232581507
2024-08-19 09:45:13,88700.0,100,Buy,232583185
2024-08-19 09:45:29,88700.0,500,Buy,232583628
2024-08-19 09:45:35,88700.0,100,Buy,232583864
2024-08-19 09:45:35,88700.0,500,Buy,232583873
2024-08-19 09:45:45,88700.0,100,Buy,232584099
2024-08-19 09:46:00,88700.0,1000,Buy,232584642
2024-08-19 09:46:05,88700.0,200,Buy,232584729
2024-08-19 09:46:34,88700.0,500,Buy,232585714
2024-08-19 09:46:35,88700.0,100,Buy,232585749
2024-08-19 09:46:47,88700.0,100,Buy,232586344
2024-08-19 09:47:17,88700.0,300,Buy,232587516
2024-08-19 09:47:19,88700.0,500,Buy,232587628
2024-08-19 09:47:25,88600.0,700,Sell,232587867
2024-08-19 09:47:25,88700.0,100,Buy,232587859
2024-08-19 09:47:37,88600.0,700,Sell,232588403
2024-08-19 09:47:39,88700.0,600,Buy,232588441
2024-08-19 09:47:44,88700.0,1000,Buy,232588632
2024-08-19 09:47:45,88700.0,200,Buy,232588649
2024-08-19 09:47:52,88600.0,800,Sell,232588909
2024-08-19 09:47:52,88600.0,400,Sell,232588910
2024-08-19 09:47:52,88600.0,100,Sell,232588911
2024-08-19 09:47:52,88600.0,900,Sell,232588912
2024-08-19 09:47:55,88700.0,7600,Buy,232589063
2024-08-19 09:48:05,88700.0,1500,Buy,232589348
2024-08-19 09:48:08,88700.0,500,Buy,232589482
2024-08-19 09:48:15,88700.0,400,Buy,232589693
2024-08-19 09:48:16,88700.0,1200,Buy,232589711
2024-08-19 09:48:19,88700.0,100,Buy,232589802
2024-08-19 09:48:25,88700.0,300,Buy,232589982
2024-08-19 09:48:45,88700.0,500,Buy,232590809
2024-08-19 09:48:47,88700.0,100,Buy,232590896
2024-08-19 09:48:52,88600.0,400,Sell,232591088
2024-08-19 09:48:52,88600.0,100,Sell,232591086
2024-08-19 09:48:52,88600.0,500,Sell,232591087
2024-08-19 09:48:55,88700.0,600,Buy,232591199
2024-08-19 09:49:05,88700.0,100,Buy,232591507
2024-08-19 09:49:09,88700.0,1000,Buy,232591695
2024-08-19 09:49:15,88700.0,200,Buy,232591954
2024-08-19 09:49:24,88600.0,100,Sell,232592240
2024-08-19 09:49:50,88700.0,500,Buy,232593279
2024-08-19 09:49:55,88700.0,100,Buy,232593437
2024-08-19 09:50:16,88700.0,3900,Buy,232594080
2024-08-19 09:50:25,88700.0,300,Buy,232594355
2024-08-19 09:50:25,88700.0,400,Buy,232594356
2024-08-19 09:50:35,88700.0,100,Buy,232594676
2024-08-19 09:50:37,88700.0,100,Buy,232594724
2024-08-19 09:50:55,88700.0,500,Buy,232595368
2024-08-19 09:51:02,88600.0,200,Sell,232595550
2024-08-19 09:52:01,88700.0,500,Buy,232597779
2024-08-19 09:52:05,88700.0,100,Buy,232597902
2024-08-19 09:52:19,88700.0,5000,Buy,232598450
2024-08-19 09:52:25,88700.0,1000,Buy,232598613
2024-08-19 09:52:35,88700.0,1000,Buy,232599013
2024-08-19 09:52:35,88700.0,200,Buy,232598993
2024-08-19 09:52:38,88700.0,500,Buy,232599151
2024-08-19 09:52:38,88700.0,100,Buy,232599136
2024-08-19 09:52:45,88700.0,300,Buy,232599412
2024-08-19 09:53:02,88700.0,100,Buy,232600016
2024-08-19 09:53:06,88700.0,500,Buy,232600097
2024-08-19 09:53:07,88600.0,600,Sell,232600119
2024-08-19 09:53:07,88600.0,400,Sell,232600120
2024-08-19 09:53:08,88600.0,100,Sell,232600135
2024-08-19 09:53:52,88700.0,3400,Buy,232601645
2024-08-19 09:53:55,88700.0,600,Buy,232601693
2024-08-19 09:54:05,88700.0,100,Buy,232601990
2024-08-19 09:54:09,88700.0,400,Buy,232602125
2024-08-19 09:54:12,88700.0,500,Buy,232602223
2024-08-19 09:54:14,88700.0,200,Buy,232602407
2024-08-19 09:54:44,88600.0,500,Sell,232603391
2024-08-19 09:55:17,88700.0,500,Buy,232604289
2024-08-19 09:55:25,88700.0,100,Buy,232604587
2024-08-19 09:55:34,88700.0,300,Buy,232604886
2024-08-19 09:55:56,88700.0,100,Buy,232605610
2024-08-19 09:56:04,88700.0,3000,Buy,232605845
2024-08-19 09:56:15,88700.0,600,Buy,232606215
2024-08-19 09:56:22,88700.0,500,Buy,232606483
2024-08-19 09:56:25,88700.0,200,Buy,232606565
2024-08-19 09:56:51,88700.0,500,Buy,232607329
2024-08-19 09:56:55,88700.0,100,Buy,232607461
2024-08-19 09:57:18,88600.0,100,Sell,232608335
2024-08-19 09:57:28,88700.0,500,Buy,232608670
2024-08-19 09:57:33,88600.0,200,Sell,232608782
2024-08-19 09:57:44,88600.0,200,Sell,232609001
2024-08-19 09:58:01,88700.0,100,Buy,232609560
2024-08-19 09:58:33,88700.0,600,Buy,232610528
2024-08-19 09:58:35,88700.0,100,Buy,232610614
2024-08-19 09:58:48,88700.0,2200,Buy,232610995
2024-08-19 09:58:55,88700.0,400,Buy,232611138
2024-08-19 09:58:59,88600.0,1100,Sell,232611252
2024-08-19 09:59:28,88700.0,500,Buy,232612124
2024-08-19 09:59:35,88700.0,100,Buy,232612369
2024-08-19 09:59:38,88700.0,500,Buy,232612456
2024-08-19 09:59:45,88700.0,100,Buy,232612678
2024-08-19 10:00:18,88700.0,1500,Buy,232613759
2024-08-19 10:00:25,88700.0,300,Buy,232613926
2024-08-19 10:00:33,88600.0,1000,Sell,232614248
2024-08-19 10:00:44,88700.0,500,Buy,232614583
2024-08-19 10:00:45,88700.0,100,Buy,232614603
2024-08-19 10:01:37,88600.0,1300,Sell,232615936
2024-08-19 10:01:49,88700.0,500,Buy,232616217
2024-08-19 10:01:55,88700.0,100,Buy,232616329
2024-08-19 10:01:57,88700.0,1000,Buy,232616399
2024-08-19 10:01:58,88600.0,500,Sell,232616418
2024-08-19 10:01:58,88600.0,500,Sell,232616419
2024-08-19 10:02:34,88600.0,100,Sell,232617261
2024-08-19 10:02:44,88600.0,200,Sell,232617593
2024-08-19 10:02:54,88700.0,500,Buy,232617822
2024-08-19 10:02:55,88700.0,100,Buy,232617841
2024-08-19 10:03:34,88700.0,400,Buy,232618614
2024-08-19 10:03:34,88700.0,400,Buy,232618611
2024-08-19 10:03:34,88700.0,1100,Buy,232618612
2024-08-19 10:03:34,88700.0,100,Buy,232618613
2024-08-19 10:03:45,88700.0,300,Buy,232618800
2024-08-19 10:03:45,88700.0,100,Buy,232618801
2024-08-19 10:04:00,88700.0,500,Buy,232619128
2024-08-19 10:04:00,88600.0,400,Sell,232619139
2024-08-19 10:04:05,88700.0,5000,Buy,232619326
2024-08-19 10:04:14,88700.0,1000,Buy,232619717
2024-08-19 10:04:23,88600.0,200,Sell,232619866
2024-08-19 10:04:31,88700.0,100,Buy,232620110
2024-08-19 10:04:35,88600.0,200,Sell,232620190
2024-08-19 10:05:05,88700.0,500,Buy,232620907
2024-08-19 10:05:15,88700.0,100,Buy,232621121
2024-08-19 10:06:11,88700.0,500,Buy,232622326
2024-08-19 10:06:11,88700.0,600,Buy,232622327
2024-08-19 10:06:15,88700.0,200,Buy,232622415
2024-08-19 10:06:17,88600.0,1500,Sell,232622468
2024-08-19 10:07:16,88700.0,500,Buy,232623633
2024-08-19 10:07:17,88600.0,1500,Sell,232623661
2024-08-19 10:07:39,88700.0,500,Buy,232624194
2024-08-19 10:07:45,88700.0,100,Buy,232624301
2024-08-19 10:08:21,88700.0,600,Buy,232625065
2024-08-19 10:08:25,88700.0,100,Buy,232625147
2024-08-19 10:08:41,88600.0,100,Sell,232625435
2024-08-19 10:09:05,88600.0,1100,Sell,232625968
2024-08-19 10:09:05,88600.0,300,Sell,232625965
2024-08-19 10:09:05,88600.0,400,Sell,232625966
2024-08-19 10:09:05,88600.0,200,Sell,232625967
2024-08-19 10:09:27,88700.0,500,Buy,232626446
2024-08-19 10:09:35,88700.0,100,Buy,232626574
2024-08-19 10:09:41,88600.0,300,Sell,232626654
2024-08-19 10:09:41,88600.0,100,Sell,232626655
2024-08-19 10:09:41,88600.0,400,Sell,232626656
2024-08-19 10:09:41,88600.0,200,Sell,232626653
2024-08-19 10:10:22,88600.0,400,Sell,232627358
2024-08-19 10:10:32,88700.0,500,Buy,232627510
2024-08-19 10:10:35,88700.0,100,Buy,232627569
2024-08-19 10:11:11,88700.0,400,Buy,232628294
2024-08-19 10:11:37,88700.0,500,Buy,232628708
2024-08-19 10:11:39,88700.0,300,Buy,232628739
2024-08-19 10:11:45,88700.0,100,Buy,232628836
2024-08-19 10:12:43,88700.0,500,Buy,232629911
2024-08-19 10:12:44,88700.0,100,Buy,232629935
2024-08-19 10:13:23,88700.0,500,Buy,232630549
2024-08-19 10:13:25,88700.0,100,Buy,232630564
2024-08-19 10:13:29,88600.0,200,Sell,232630635
2024-08-19 10:13:29,88600.0,200,Sell,232630636
2024-08-19 10:13:29,88600.0,500,Sell,232630637
2024-08-19 10:13:29,88600.0,200,Sell,232630638
2024-08-19 10:13:29,88600.0,100,Sell,232630639
2024-08-19 10:13:30,88700.0,100,Buy,232630652
2024-08-19 10:13:35,88700.0,200,Buy,232630727
2024-08-19 10:13:48,88700.0,500,Buy,232630934
2024-08-19 10:13:54,88700.0,100,Buy,232631022
2024-08-19 10:14:10,88700.0,100,Buy,232631279
2024-08-19 10:14:15,88700.0,100,Buy,232631327
2024-08-19 10:14:35,88600.0,100,Sell,232631745
2024-08-19 10:14:35,88600.0,200,Sell,232631746
2024-08-19 10:14:35,88600.0,100,Sell,232631747
2024-08-19 10:14:35,88600.0,600,Sell,232631748
2024-08-19 10:14:53,88700.0,500,Buy,232632097
2024-08-19 10:14:55,88700.0,100,Buy,232632128
2024-08-19 10:14:58,88700.0,400,Buy,232632186
2024-08-19 10:15:05,88700.0,100,Buy,232632315
2024-08-19 10:15:06,88700.0,600,Buy,232632375
2024-08-19 10:15:07,88700.0,1100,Buy,232632390
2024-08-19 10:15:08,88700.0,900,Buy,232632445
2024-08-19 10:15:08,88700.0,200,Buy,232632446
2024-08-19 10:15:08,88700.0,1100,Buy,232632431
2024-08-19 10:15:14,88700.0,800,Buy,232632558
2024-08-19 10:15:25,88700.0,100,Buy,232632779
2024-08-19 10:15:26,88700.0,300,Buy,232632789
2024-08-19 10:15:26,88700.0,1700,Buy,232632790
2024-08-19 10:15:35,88700.0,400,Buy,232632982
2024-08-19 10:15:59,88700.0,500,Buy,232633561
2024-08-19 10:16:05,88700.0,100,Buy,232633736
2024-08-19 10:16:55,88700.0,1500,Buy,232634418
2024-08-19 10:17:04,88700.0,100,Buy,232634578
2024-08-19 10:17:04,88700.0,300,Buy,232634577
2024-08-19 10:17:04,88700.0,500,Buy,232634569
2024-08-19 10:18:10,88700.0,600,Buy,232636051
2024-08-19 10:18:15,88700.0,100,Buy,232636130
2024-08-19 10:18:44,88600.0,300,Sell,232636742
2024-08-19 10:18:44,88600.0,100,Sell,232636743
2024-08-19 10:18:44,88600.0,200,Sell,232636744
2024-08-19 10:18:44,88600.0,400,Sell,232636745
2024-08-19 10:19:08,88700.0,200,Buy,232637384
2024-08-19 10:19:15,88700.0,500,Buy,232637482
2024-08-19 10:19:24,88700.0,100,Buy,232637701
2024-08-19 10:20:10,88700.0,100,Buy,232638678
2024-08-19 10:20:20,88700.0,500,Buy,232638817
2024-08-19 10:20:25,88700.0,100,Buy,232638931
2024-08-19 10:21:26,88700.0,500,Buy,232640092
2024-08-19 10:21:35,88700.0,100,Buy,232640271
2024-08-19 10:22:31,88700.0,500,Buy,232641509
2024-08-19 10:22:34,88700.0,100,Buy,232641566
2024-08-19 10:23:20,88600.0,100,Sell,232642785
2024-08-19 10:23:20,88600.0,1100,Sell,232642786
2024-08-19 10:23:36,88700.0,500,Buy,232643168
2024-08-19 10:23:45,88700.0,100,Buy,232643385
2024-08-19 10:24:06,88600.0,100,Sell,232644059
2024-08-19 10:24:06,88600.0,500,Sell,232644060
2024-08-19 10:24:38,88600.0,500,Sell,232644734
2024-08-19 10:24:42,88700.0,500,Buy,232644861
2024-08-19 10:24:44,88700.0,200,Buy,232644888
2024-08-19 10:24:59,88700.0,5500,Buy,232645262
2024-08-19 10:25:04,88700.0,1100,Buy,232645335
2024-08-19 10:25:11,88600.0,100,Sell,232645504
2024-08-19 10:25:11,88600.0,100,Sell,232645505
2024-08-19 10:25:11,88600.0,300,Sell,232645506
2024-08-19 10:25:11,88600.0,100,Sell,232645507
2024-08-19 10:25:19,88700.0,800,Buy,232645718
2024-08-19 10:25:19,88700.0,3000,Buy,232645717
2024-08-19 10:25:19,88700.0,300,Buy,232645716
2024-08-19 10:25:19,88700.0,900,Buy,232645715
2024-08-19 10:25:19,88700.0,1000,Buy,232645714
2024-08-19 10:25:19,88700.0,400,Buy,232645713
2024-08-19 10:25:19,88700.0,200,Buy,232645711
2024-08-19 10:25:19,88700.0,3000,Buy,232645710
2024-08-19 10:25:19,88700.0,100,Buy,232645709
2024-08-19 10:25:19,88700.0,5000,Buy,232645708
2024-08-19 10:25:19,88700.0,5000,Buy,232645707
2024-08-19 10:25:19,88700.0,5000,Buy,232645703
2024-08-19 10:25:19,88700.0,5000,Buy,232645673
2024-08-19 10:25:19,88700.0,300,Buy,232645712
2024-08-19 10:25:20,88700.0,200,Buy,232645732
2024-08-19 10:25:20,88700.0,100,Buy,232645733
2024-08-19 10:25:20,88700.0,3000,Buy,232645730
2024-08-19 10:25:20,88700.0,200,Buy,232645735
2024-08-19 10:25:20,88700.0,100,Buy,232645734
2024-08-19 10:25:20,88700.0,100,Buy,232645729
2024-08-19 10:25:20,88700.0,2000,Buy,232645731
2024-08-19 10:25:20,88700.0,900,Buy,232645725
2024-08-19 10:25:20,88700.0,700,Buy,232645724
2024-08-19 10:25:20,88700.0,5000,Buy,232645719
2024-08-19 10:25:20,88700.0,100,Buy,232645723
2024-08-19 10:25:20,88700.0,4200,Buy,232645722
2024-08-19 10:25:20,88700.0,5000,Buy,232645721
2024-08-19 10:25:20,88700.0,5000,Buy,232645720
2024-08-19 10:25:20,88700.0,1000,Buy,232645728
2024-08-19 10:25:47,88800.0,500,Buy,232646294
2024-08-19 10:25:56,88800.0,3000,Buy,232646412
2024-08-19 10:26:52,88800.0,500,Buy,232647520
2024-08-19 10:27:58,88800.0,500,Buy,232648905
2024-08-19 10:27:58,88800.0,1100,Buy,232648904
2024-08-19 10:27:59,88800.0,600,Buy,232648944
2024-08-19 10:28:01,88800.0,1100,Buy,232649025
2024-08-19 10:28:01,88800.0,1100,Buy,232649038
2024-08-19 10:28:01,88800.0,1100,Buy,232649043
2024-08-19 10:28:43,88800.0,1000,Buy,232649954
2024-08-19 10:29:03,88800.0,600,Buy,232650441
2024-08-19 10:29:03,88800.0,100,Buy,232650444
2024-08-19 10:30:01,88700.0,900,Sell,232651534
2024-08-19 10:30:01,88700.0,100,Sell,232651533
2024-08-19 10:30:01,88700.0,500,Sell,232651532
2024-08-19 10:30:01,88700.0,600,Sell,232651531
2024-08-19 10:30:01,88700.0,500,Sell,232651530
2024-08-19 10:30:01,88700.0,500,Sell,232651528
2024-08-19 10:30:01,88700.0,7500,Sell,232651527
2024-08-19 10:30:01,88700.0,5000,Sell,232651526
2024-08-19 10:30:01,88700.0,900,Sell,232651525
2024-08-19 10:30:01,88700.0,2400,Sell,232651524
2024-08-19 10:30:01,88700.0,1100,Sell,232651529
2024-08-19 10:30:24,88800.0,100,Buy,232651980
2024-08-19 10:30:39,88700.0,100,Sell,232652206
2024-08-19 10:30:43,88700.0,100,Sell,232652264
2024-08-19 10:31:08,88700.0,500,Sell,232652789
2024-08-19 10:31:31,88700.0,100,Buy,232653187
2024-08-19 10:31:44,88600.0,400,Sell,232653431
2024-08-19 10:34:03,88600.0,200,Sell,232655811
2024-08-19 10:34:13,88600.0,200,Sell,232656048
2024-08-19 10:34:19,88600.0,300,Sell,232656202
2024-08-19 10:34:30,88700.0,500,Buy,232656440
2024-08-19 10:35:35,88700.0,500,Buy,232657605
2024-08-19 10:35:39,88700.0,5000,Buy,232657678
2024-08-19 10:36:20,88600.0,700,Sell,232658301
2024-08-19 10:36:20,88600.0,100,Sell,232658302
2024-08-19 10:36:20,88600.0,200,Sell,232658303
2024-08-19 10:36:22,88700.0,2200,Buy,232658346
2024-08-19 10:36:32,88700.0,2500,Buy,232658505
2024-08-19 10:36:32,88700.0,2400,Buy,232658499
2024-08-19 10:36:32,88700.0,2500,Buy,232658513
2024-08-19 10:36:32,88700.0,2500,Buy,232658512
2024-08-19 10:36:32,88700.0,100,Buy,232658498
2024-08-19 10:36:32,88700.0,2500,Buy,232658504
2024-08-19 10:36:32,88700.0,300,Buy,232658496
2024-08-19 10:36:32,88700.0,2500,Buy,232658491
2024-08-19 10:36:32,88700.0,2500,Buy,232658492
2024-08-19 10:36:32,88700.0,400,Buy,232658497
2024-08-19 10:36:32,88700.0,2500,Buy,232658494
2024-08-19 10:36:32,88700.0,1800,Buy,232658495
2024-08-19 10:36:32,88700.0,2500,Buy,232658493
2024-08-19 10:36:33,88700.0,2500,Buy,232658516
2024-08-19 10:36:33,88700.0,2500,Buy,232658517
2024-08-19 10:36:41,88600.0,300,Sell,232658619
2024-08-19 10:36:41,88600.0,700,Sell,232658620
2024-08-19 10:36:41,88700.0,500,Buy,232658639
2024-08-19 10:37:46,88700.0,500,Buy,232659866
2024-08-19 10:38:35,88700.0,1000,Buy,232661002
2024-08-19 10:38:51,88700.0,600,Buy,232661429
2024-08-19 10:38:51,88700.0,300,Buy,232661428
2024-08-19 10:38:51,88700.0,200,Buy,232661427
2024-08-19 10:38:51,88700.0,600,Buy,232661387
2024-08-19 10:39:57,88700.0,500,Buy,232662645
2024-08-19 10:39:59,88700.0,200,Buy,232662681
2024-08-19 10:41:02,88700.0,500,Buy,232663941
2024-08-19 10:41:21,88600.0,300,Sell,232664282
2024-08-19 10:41:21,88600.0,200,Sell,232664283
2024-08-19 10:41:21,88600.0,500,Sell,232664284
2024-08-19 10:41:22,88700.0,3500,Buy,232664312
2024-08-19 10:41:22,88700.0,3500,Buy,232664320
2024-08-19 10:41:22,88700.0,3500,Buy,232664316
2024-08-19 10:41:22,88700.0,3500,Buy,232664313
2024-08-19 10:41:22,88700.0,2800,Buy,232664311
2024-08-19 10:41:22,88700.0,3500,Buy,232664306
2024-08-19 10:41:22,88700.0,3500,Buy,232664305
2024-08-19 10:41:22,88700.0,3500,Buy,232664300
2024-08-19 10:41:22,88700.0,3500,Buy,232664299
2024-08-19 10:41:22,88700.0,3500,Buy,232664298
2024-08-19 10:41:22,88700.0,700,Buy,232664310
2024-08-19 10:41:27,88700.0,3200,Buy,232664442
2024-08-19 10:41:27,88700.0,500,Buy,232664443
2024-08-19 10:41:27,88700.0,100,Buy,232664444
2024-08-19 10:41:27,88700.0,100,Buy,232664445
2024-08-19 10:42:08,88800.0,500,Buy,232665368
2024-08-19 10:43:02,88800.0,800,Buy,232666379
2024-08-19 10:43:13,88800.0,500,Buy,232666566
2024-08-19 10:43:43,88800.0,700,Buy,232667108
2024-08-19 10:44:18,88800.0,500,Buy,232667650
2024-08-19 10:44:23,88800.0,700,Buy,232667760
2024-08-19 10:45:04,88800.0,700,Buy,232668427
2024-08-19 10:45:24,88800.0,500,Buy,232668773
2024-08-19 10:45:40,88800.0,500,Buy,232669098
2024-08-19 10:45:42,88800.0,2200,Buy,232669150
2024-08-19 10:45:44,88800.0,700,Buy,232669178
2024-08-19 10:46:25,88800.0,800,Buy,232670015
2024-08-19 10:46:28,88800.0,100,Buy,232670112
2024-08-19 10:46:29,88800.0,500,Buy,232670132
2024-08-19 10:46:30,88800.0,5500,Buy,232670160
2024-08-19 10:47:05,88800.0,700,Buy,232670754
2024-08-19 10:47:09,88700.0,100,Sell,232670809
2024-08-19 10:47:09,88700.0,300,Sell,232670808
2024-08-19 10:47:09,88700.0,600,Sell,232670807
2024-08-19 10:47:09,88700.0,500,Sell,232670806
2024-08-19 10:47:09,88700.0,100,Sell,232670803
2024-08-19 10:47:09,88700.0,100,Sell,232670804
2024-08-19 10:47:09,88700.0,300,Sell,232670805
2024-08-19 10:47:09,88700.0,1000,Sell,232670801
2024-08-19 10:47:09,88700.0,2000,Sell,232670802
2024-08-19 10:47:10,88800.0,400,Buy,232670817
2024-08-19 10:47:10,88800.0,1000,Buy,232670816
2024-08-19 10:47:10,88800.0,2800,Buy,232670812
2024-08-19 10:47:10,88800.0,200,Buy,232670814
2024-08-19 10:47:10,88800.0,500,Buy,232670815
2024-08-19 10:47:10,88800.0,100,Buy,232670813
2024-08-19 10:47:25,88700.0,2100,Sell,232671062
2024-08-19 10:47:25,88700.0,2900,Sell,232671063
2024-08-19 10:47:34,88800.0,500,Buy,232671229
2024-08-19 10:47:46,88800.0,700,Buy,232671417
2024-08-19 10:48:27,88800.0,100,Buy,232672186
2024-08-19 10:48:27,88800.0,200,Buy,232672187
2024-08-19 10:48:27,88800.0,300,Buy,232672188
2024-08-19 10:48:27,88800.0,100,Buy,232672189
2024-08-19 10:48:40,88800.0,500,Buy,232672419
2024-08-19 10:49:07,88800.0,700,Buy,232673048
2024-08-19 10:49:31,88700.0,200,Sell,232673484
2024-08-19 10:49:31,88700.0,500,Sell,232673485
2024-08-19 10:49:31,88700.0,500,Sell,232673486
2024-08-19 10:49:31,88700.0,700,Sell,232673487
2024-08-19 10:49:31,88700.0,3100,Sell,232673483
2024-08-19 10:50:43,88700.0,500,Sell,232675126
2024-08-19 10:50:43,88700.0,500,Sell,232675127
2024-08-19 10:50:43,88700.0,800,Sell,232675128
2024-08-19 10:50:43,88700.0,200,Sell,232675129
2024-08-19 10:50:43,88800.0,800,Buy,232675158
2024-08-19 10:50:43,88800.0,700,Buy,232675159
2024-08-19 10:51:09,88800.0,700,Buy,232675733
2024-08-19 10:51:21,88700.0,400,Sell,232675958
2024-08-19 10:51:56,88700.0,100,Sell,232676963
2024-08-19 10:53:07,88700.0,500,Sell,232678382
2024-08-19 10:53:07,88700.0,700,Sell,232678383
2024-08-19 10:53:07,88700.0,500,Sell,232678384
2024-08-19 10:53:07,88700.0,500,Sell,232678385
2024-08-19 10:53:07,88700.0,700,Sell,232678386
2024-08-19 10:53:07,88700.0,500,Sell,232678387
2024-08-19 10:53:07,88700.0,200,Sell,232678388
2024-08-19 10:53:07,88700.0,700,Sell,232678389
2024-08-19 10:53:07,88700.0,1100,Sell,232678390
2024-08-19 10:53:07,88700.0,500,Sell,232678391
2024-08-19 10:53:11,88700.0,800,Buy,232678449
2024-08-19 10:53:24,88700.0,8800,Buy,232678649
2024-08-19 10:53:32,88600.0,600,Sell,232678825
2024-08-19 10:53:32,88600.0,100,Sell,232678826
2024-08-19 10:53:32,88600.0,100,Sell,232678827
2024-08-19 10:53:32,88600.0,100,Sell,232678828
2024-08-19 10:53:32,88600.0,100,Sell,232678829
2024-08-19 10:54:17,88600.0,100,Sell,232679611
2024-08-19 10:54:17,88600.0,1000,Sell,232679612
2024-08-19 10:54:17,88600.0,600,Sell,232679613
2024-08-19 10:56:05,88600.0,500,Sell,232681282
2024-08-19 10:56:05,88600.0,100,Sell,232681281
2024-08-19 10:56:05,88600.0,400,Sell,232681280
2024-08-19 10:57:23,88700.0,500,Buy,232682916
2024-08-19 10:57:54,88700.0,700,Buy,232683517
2024-08-19 10:58:12,88700.0,600,Buy,232683902
2024-08-19 10:58:28,88700.0,500,Buy,232684066
2024-08-19 10:58:35,88700.0,700,Buy,232684154
2024-08-19 10:59:00,88700.0,5000,Buy,232684492
2024-08-19 10:59:16,88700.0,700,Buy,232684796
2024-08-19 10:59:33,88700.0,600,Buy,232685057
2024-08-19 10:59:56,88700.0,800,Buy,232685504
2024-08-19 11:00:37,88700.0,700,Buy,232686196
2024-08-19 11:00:39,88700.0,500,Buy,232686209
2024-08-19 11:00:52,88700.0,100,Buy,232686376
2024-08-19 11:01:13,88600.0,100,Sell,232686732
2024-08-19 11:01:13,88600.0,2000,Sell,232686731
2024-08-19 11:01:13,88600.0,100,Sell,232686729
2024-08-19 11:01:13,88600.0,200,Sell,232686730
2024-08-19 11:01:44,88700.0,500,Buy,232687173
2024-08-19 11:01:58,88700.0,700,Buy,232687398
2024-08-19 11:02:38,88700.0,700,Buy,232688118
2024-08-19 11:02:49,88700.0,500,Buy,232688328
2024-08-19 11:03:19,88700.0,800,Buy,232688769
2024-08-19 11:03:55,88700.0,500,Buy,232689505
2024-08-19 11:04:00,88700.0,700,Buy,232689588
2024-08-19 11:04:40,88700.0,700,Buy,232690298
2024-08-19 11:04:45,88700.0,1100,Buy,232690361
2024-08-19 11:05:00,88700.0,500,Buy,232690608
2024-08-19 11:05:21,88700.0,700,Buy,232690992
2024-08-19 11:06:01,88700.0,700,Buy,232691493
2024-08-19 11:06:06,88700.0,500,Buy,232691551
2024-08-19 11:06:42,88700.0,200,Buy,232691960
2024-08-19 11:06:42,88700.0,500,Buy,232691961
2024-08-19 11:06:59,88700.0,200,Buy,232692149
2024-08-19 11:07:11,88700.0,500,Buy,232692323
2024-08-19 11:07:22,88700.0,800,Buy,232692466
2024-08-19 11:07:37,88700.0,600,Buy,232692679
2024-08-19 11:07:41,88700.0,1100,Buy,232692827
2024-08-19 11:08:03,88700.0,700,Buy,232693189
2024-08-19 11:08:16,88700.0,500,Buy,232693363
2024-08-19 11:08:22,88700.0,200,Buy,232693439
2024-08-19 11:08:44,88700.0,700,Buy,232693788
2024-08-19 11:08:48,88700.0,100,Buy,232693826
2024-08-19 11:09:21,88700.0,200,Buy,232694277
2024-08-19 11:09:22,88700.0,600,Buy,232694287
2024-08-19 11:09:24,88700.0,700,Buy,232694339
2024-08-19 11:09:26,88700.0,3300,Buy,232694364
2024-08-19 11:10:05,88700.0,700,Buy,232694884
2024-08-19 11:10:27,88700.0,500,Buy,232695206
2024-08-19 11:10:45,88700.0,800,Buy,232695454
2024-08-19 11:11:08,88700.0,100,Buy,232695753
2024-08-19 11:11:26,88700.0,700,Buy,232695956
2024-08-19 11:11:32,88700.0,500,Buy,232696044
2024-08-19 11:12:06,88700.0,700,Buy,232696488
2024-08-19 11:12:38,88700.0,500,Buy,232696950
2024-08-19 11:12:47,88700.0,700,Buy,232697118
2024-08-19 11:13:28,88700.0,700,Buy,232697681
2024-08-19 11:13:34,88700.0,3400,Buy,232697767
2024-08-19 11:13:34,88700.0,6600,Buy,232697768
2024-08-19 11:13:43,88700.0,500,Buy,232697894
2024-08-19 11:13:47,88700.0,10000,Buy,232697941
2024-08-19 11:13:54,88700.0,1000,Buy,232698037
2024-08-19 11:13:54,88700.0,100,Buy,232698036
2024-08-19 11:13:54,88700.0,1300,Buy,232698038
2024-08-19 11:13:54,88700.0,100,Buy,232698034
2024-08-19 11:13:54,88700.0,1000,Buy,232698033
2024-08-19 11:13:54,88700.0,2900,Buy,232698032
2024-08-19 11:13:54,88700.0,500,Buy,232698035
2024-08-19 11:14:45,88700.0,300,Sell,232698702
2024-08-19 11:14:48,88800.0,500,Buy,232698751
2024-08-19 11:14:49,88800.0,100,Buy,232698764
2024-08-19 11:14:49,88800.0,100,Buy,232698765
2024-08-19 11:14:49,88800.0,300,Buy,232698766
2024-08-19 11:14:49,88800.0,200,Buy,232698767
2024-08-19 11:15:29,88800.0,100,Buy,232699325
2024-08-19 11:15:29,88800.0,100,Buy,232699326
2024-08-19 11:15:29,88800.0,500,Buy,232699327
2024-08-19 11:15:53,88800.0,200,Buy,232699683
2024-08-19 11:15:54,88800.0,500,Buy,232699697
2024-08-19 11:16:10,88800.0,700,Buy,232699930
2024-08-19 11:16:22,88800.0,100,Buy,232700109
2024-08-19 11:16:22,88800.0,100,Buy,232700108
2024-08-19 11:16:30,88800.0,300,Buy,232700226
2024-08-19 11:16:50,88800.0,600,Buy,232700508
2024-08-19 11:16:50,88800.0,100,Buy,232700509
2024-08-19 11:16:59,88800.0,500,Buy,232700610
2024-08-19 11:17:31,88800.0,800,Buy,232700954
2024-08-19 11:17:48,88800.0,100,Buy,232701127
2024-08-19 11:17:48,88800.0,100,Buy,232701126
2024-08-19 11:17:48,88800.0,800,Buy,232701128
2024-08-19 11:17:48,88800.0,100,Buy,232701124
2024-08-19 11:17:48,88800.0,100,Buy,232701123
2024-08-19 11:17:48,88800.0,1600,Buy,232701122
2024-08-19 11:17:48,88800.0,100,Buy,232701125
2024-08-19 11:18:00,88900.0,100,Buy,232701302
2024-08-19 11:18:04,88900.0,500,Buy,232701364
2024-08-19 11:18:09,88900.0,2000,Buy,232701430
2024-08-19 11:18:12,88900.0,700,Buy,232701446
2024-08-19 11:18:25,88800.0,100,Sell,232701619
2024-08-19 11:19:01,88900.0,100,Buy,232702056
2024-08-19 11:19:10,88900.0,500,Buy,232702259
2024-08-19 11:19:33,88900.0,700,Buy,232702568
2024-08-19 11:20:13,88900.0,700,Buy,232703074
2024-08-19 11:20:15,88900.0,600,Buy,232703101
2024-08-19 11:20:25,88800.0,300,Sell,232703221
2024-08-19 11:20:43,88900.0,1100,Buy,232703447
2024-08-19 11:20:43,88900.0,1100,Buy,232703478
2024-08-19 11:20:54,88900.0,800,Buy,232703598
2024-08-19 11:21:21,88900.0,500,Buy,232703865
2024-08-19 11:21:27,88900.0,300,Buy,232703935
2024-08-19 11:21:34,88900.0,700,Buy,232704029
2024-08-19 11:21:42,88900.0,100,Buy,232704123
2024-08-19 11:22:15,88900.0,700,Buy,232704660
2024-08-19 11:22:26,88900.0,500,Buy,232704763
2024-08-19 11:22:56,88900.0,700,Buy,232705084
2024-08-19 11:23:31,88900.0,500,Buy,232705466
2024-08-19 11:23:36,88900.0,700,Buy,232705535
2024-08-19 11:24:17,88900.0,800,Buy,232705999
2024-08-19 11:24:37,88900.0,500,Buy,232706221
2024-08-19 11:24:57,88900.0,700,Buy,232706450
2024-08-19 11:25:20,88900.0,200,Buy,232706765
2024-08-19 11:25:25,88900.0,100,Buy,232706816
2024-08-19 11:25:38,88900.0,700,Buy,232707007
2024-08-19 11:25:42,88900.0,500,Buy,232707084
2024-08-19 11:26:03,88900.0,2000,Buy,232707409
2024-08-19 11:26:12,88900.0,1000,Buy,232707531
2024-08-19 11:26:18,88900.0,700,Buy,232707618
2024-08-19 11:26:47,88900.0,500,Buy,232708037
2024-08-19 11:26:59,88900.0,700,Buy,232708224
2024-08-19 11:27:39,88900.0,800,Buy,232708768
2024-08-19 11:27:53,88900.0,500,Buy,232709005
2024-08-19 11:27:53,88900.0,3300,Buy,232709013
2024-08-19 11:28:20,88900.0,700,Buy,232709356
2024-08-19 11:28:58,88900.0,500,Buy,232709834
2024-08-19 11:29:01,88900.0,700,Buy,232709893
2024-08-19 11:29:09,88800.0,700,Sell,232710044
2024-08-19 11:29:09,88800.0,300,Sell,232710045
2024-08-19 11:29:30,88800.0,1500,Sell,232710283
2024-08-19 11:29:30,88800.0,1000,Sell,232710284
2024-08-19 11:29:30,88800.0,100,Sell,232710285
2024-08-19 11:29:30,88800.0,600,Sell,232710286
2024-08-19 11:29:30,88800.0,500,Sell,232710287
2024-08-19 11:29:30,88800.0,100,Sell,232710288
2024-08-19 11:29:30,88800.0,500,Sell,232710289
2024-08-19 12:59:40,88800.0,100,Buy,232711005
2024-08-19 12:59:40,88800.0,100,Buy,232711004
2024-08-19 12:59:40,88800.0,100,Buy,232710864
2024-08-19 12:59:43,88800.0,100,Buy,232712154
2024-08-19 12:59:43,88700.0,500,Sell,232712155
2024-08-19 12:59:45,88800.0,100,Buy,232712901
2024-08-19 12:59:46,88800.0,200,Buy,232713173
2024-08-19 12:59:46,88800.0,500,Buy,232713174
2024-08-19 12:59:51,88800.0,100,Buy,232714508
2024-08-19 13:00:22,88800.0,700,Buy,232716131
2024-08-19 13:01:02,88800.0,200,Buy,232717136
2024-08-19 13:01:02,88800.0,100,Buy,232717137
2024-08-19 13:01:02,88800.0,100,Buy,232717138
2024-08-19 13:01:02,88800.0,400,Buy,232717139
2024-08-19 13:01:18,88800.0,100,Buy,232717510
2024-08-19 13:01:43,88800.0,700,Buy,232718133
2024-08-19 13:01:49,88700.0,300,Sell,232718269
2024-08-19 13:01:49,88700.0,100,Sell,232718268
2024-08-19 13:01:49,88700.0,300,Sell,232718270
2024-08-19 13:02:02,88700.0,700,Sell,232718656
2024-08-19 13:02:12,88700.0,700,Sell,232719020
2024-08-19 13:02:27,88700.0,200,Sell,232719476
2024-08-19 13:03:14,88700.0,1100,Sell,232720835
2024-08-19 13:03:14,88700.0,600,Sell,232720836
2024-08-19 13:03:19,88700.0,300,Sell,232721008
2024-08-19 13:03:20,88800.0,500,Buy,232721075
2024-08-19 13:03:45,88800.0,700,Buy,232721696
2024-08-19 13:03:53,88700.0,700,Sell,232721921
2024-08-19 13:04:05,88700.0,2000,Sell,232722341
2024-08-19 13:04:11,88700.0,200,Sell,232722525
2024-08-19 13:04:11,88700.0,500,Sell,232722524
2024-08-19 13:04:11,88700.0,500,Sell,232722523
2024-08-19 13:04:11,88700.0,100,Sell,232722520
2024-08-19 13:04:11,88700.0,100,Sell,232722521
2024-08-19 13:04:11,88700.0,200,Sell,232722522
2024-08-19 13:04:11,88700.0,3400,Sell,232722519
2024-08-19 13:04:36,88700.0,100,Sell,232723124
2024-08-19 13:05:14,88700.0,300,Sell,232724307
2024-08-19 13:05:26,88700.0,100,Sell,232724603
2024-08-19 13:05:47,88700.0,100,Sell,232725217
2024-08-19 13:05:53,88700.0,800,Sell,232725434
2024-08-19 13:05:53,88700.0,400,Sell,232725435
2024-08-19 13:05:53,88700.0,500,Sell,232725433
2024-08-19 13:05:53,88700.0,500,Sell,232725431
2024-08-19 13:05:53,88700.0,1100,Sell,232725432
2024-08-19 13:05:53,88700.0,700,Sell,232725430
2024-08-19 13:06:06,88700.0,100,Sell,232725848
2024-08-19 13:06:10,88700.0,100,Sell,232725954
2024-08-19 13:06:19,88700.0,100,Sell,232726269
2024-08-19 13:06:24,88700.0,100,Sell,232726400
2024-08-19 13:06:51,88700.0,500,Sell,232727136
2024-08-19 13:06:51,88700.0,500,Sell,232727137
2024-08-19 13:06:51,88700.0,700,Sell,232727138
2024-08-19 13:07:06,88700.0,100,Sell,232727630
2024-08-19 13:08:04,88700.0,400,Sell,232729337
2024-08-19 13:08:26,88800.0,300,Buy,232730139
2024-08-19 13:08:29,88800.0,700,Buy,232730238
2024-08-19 13:08:50,88800.0,2000,Buy,232730786
2024-08-19 13:08:50,88800.0,700,Buy,232730787
2024-08-19 13:08:50,88800.0,600,Buy,232730785
2024-08-19 13:09:09,88800.0,700,Buy,232731263
2024-08-19 13:09:50,88800.0,700,Buy,232732203
2024-08-19 13:09:52,88800.0,600,Buy,232732240
2024-08-19 13:10:20,88800.0,2300,Buy,232733018
2024-08-19 13:10:20,88800.0,500,Buy,232733019
2024-08-19 13:10:20,88800.0,500,Buy,232733020
2024-08-19 13:10:24,88700.0,200,Sell,232733181
2024-08-19 13:10:24,88700.0,500,Sell,232733182
2024-08-19 13:10:30,88700.0,200,Sell,232733364
2024-08-19 13:10:30,88700.0,500,Sell,232733362
2024-08-19 13:10:30,88700.0,200,Sell,232733361
2024-08-19 13:10:30,88700.0,800,Sell,232733363
2024-08-19 13:10:50,88700.0,400,Sell,232734015
2024-08-19 13:10:50,88700.0,300,Sell,232734014
2024-08-19 13:11:08,88700.0,700,Sell,232734524
2024-08-19 13:11:17,88700.0,100,Sell,232734713
2024-08-19 13:11:17,88700.0,400,Sell,232734714
2024-08-19 13:11:17,88700.0,200,Sell,232734715
2024-08-19 13:11:28,88700.0,300,Sell,232734983
2024-08-19 13:11:28,88700.0,300,Sell,232734984
2024-08-19 13:11:28,88700.0,100,Sell,232734985
2024-08-19 13:11:33,88700.0,500,Sell,232735105
2024-08-19 13:11:37,88700.0,100,Sell,232735226
2024-08-19 13:11:37,88700.0,100,Sell,232735224
2024-08-19 13:11:37,88700.0,500,Sell,232735225
2024-08-19 13:11:45,88700.0,200,Sell,232735437
2024-08-19 13:11:48,88700.0,500,Sell,232735547
2024-08-19 13:11:48,88700.0,100,Sell,232735548
2024-08-19 13:11:48,88700.0,100,Sell,232735549
2024-08-19 13:11:55,88700.0,100,Sell,232735866
2024-08-19 13:11:58,88700.0,200,Sell,232735937
2024-08-19 13:11:58,88700.0,500,Sell,232735938
2024-08-19 13:12:06,88700.0,100,Sell,232736153
2024-08-19 13:12:11,88700.0,700,Sell,232736296
2024-08-19 13:12:19,88700.0,300,Sell,232736626
2024-08-19 13:12:19,88700.0,700,Sell,232736627
2024-08-19 13:12:28,88700.0,700,Sell,232736893
2024-08-19 13:12:48,88700.0,100,Sell,232737383
2024-08-19 13:14:06,88700.0,500,Sell,232739611
2024-08-19 13:14:06,88700.0,900,Sell,232739612
2024-08-19 13:14:06,88700.0,300,Sell,232739610
2024-08-19 13:14:43,88800.0,100,Buy,232740528
2024-08-19 13:15:14,88800.0,700,Buy,232741336
2024-08-19 13:15:24,88700.0,700,Sell,232741624
2024-08-19 13:15:33,88700.0,700,Sell,232741893
2024-08-19 13:15:43,88700.0,700,Sell,232742265
2024-08-19 13:15:54,88700.0,700,Sell,232742620
2024-08-19 13:16:01,88700.0,200,Sell,232742815
2024-08-19 13:16:05,88700.0,700,Sell,232742887
2024-08-19 13:16:15,88700.0,700,Sell,232743261
2024-08-19 13:16:24,88800.0,100,Buy,232743455
2024-08-19 13:16:24,88800.0,400,Buy,232743454
2024-08-19 13:16:35,88800.0,700,Buy,232743685
2024-08-19 13:17:16,88800.0,700,Buy,232744757
2024-08-19 13:17:29,88800.0,500,Buy,232745078
2024-08-19 13:17:55,88800.0,3100,Buy,232745672
2024-08-19 13:17:55,88800.0,100,Buy,232745673
2024-08-19 13:17:55,88800.0,100,Buy,232745674
2024-08-19 13:17:57,88800.0,100,Buy,232745702
2024-08-19 13:17:57,88800.0,200,Buy,232745703
2024-08-19 13:17:57,88800.0,500,Buy,232745704
2024-08-19 13:18:00,88800.0,3000,Buy,232745805
2024-08-19 13:18:28,88800.0,1000,Buy,232746532
2024-08-19 13:18:35,88800.0,1100,Buy,232746755
2024-08-19 13:18:35,88800.0,500,Buy,232746716
2024-08-19 13:18:35,88800.0,2000,Buy,232746715
2024-08-19 13:18:37,88800.0,700,Buy,232746819
2024-08-19 13:18:56,88800.0,2000,Buy,232747264
2024-08-19 13:19:06,88800.0,1300,Buy,232747752
2024-08-19 13:19:06,88800.0,2100,Buy,232747756
2024-08-19 13:19:07,88800.0,800,Buy,232747777
2024-08-19 13:19:07,88800.0,1000,Buy,232747778
2024-08-19 13:19:07,88800.0,100,Buy,232747779
2024-08-19 13:19:07,88800.0,500,Buy,232747780
2024-08-19 13:19:07,88800.0,1000,Buy,232747781
2024-08-19 13:19:07,88800.0,1700,Buy,232747782
2024-08-19 13:19:07,88800.0,100,Buy,232747783
2024-08-19 13:19:31,88800.0,500,Sell,232748366
2024-08-19 13:19:40,88900.0,500,Buy,232748526
2024-08-19 13:19:41,88800.0,500,Sell,232748538
2024-08-19 13:19:51,88900.0,2400,Buy,232748716
2024-08-19 13:19:51,88900.0,300,Buy,232748715
2024-08-19 13:19:51,88900.0,1300,Buy,232748714
2024-08-19 13:19:58,88900.0,700,Buy,232748887
2024-08-19 13:20:36,88900.0,200,Buy,232749889
2024-08-19 13:20:39,88900.0,700,Buy,232749988
2024-08-19 13:20:45,88900.0,600,Buy,232750135
2024-08-19 13:21:03,88900.0,3300,Buy,232750667
2024-08-19 13:21:05,88800.0,500,Sell,232750712
2024-08-19 13:21:16,88800.0,300,Sell,232750944
2024-08-19 13:21:21,88800.0,300,Sell,232751095
2024-08-19 13:21:21,88800.0,700,Sell,232751096
2024-08-19 13:21:21,88800.0,200,Sell,232751097
2024-08-19 13:21:21,88800.0,500,Sell,232751098
2024-08-19 13:21:33,88800.0,400,Sell,232751538
2024-08-19 13:21:51,88900.0,200,Buy,232751893
2024-08-19 13:21:51,88900.0,100,Buy,232751894
2024-08-19 13:21:51,88900.0,100,Buy,232751895
2024-08-19 13:21:51,88900.0,100,Buy,232751892
2024-08-19 13:22:00,88900.0,400,Buy,232752140
2024-08-19 13:22:00,88900.0,400,Buy,232752141
2024-08-19 13:22:35,88800.0,100,Sell,232753138
2024-08-19 13:22:35,88800.0,1000,Sell,232753139
2024-08-19 13:22:35,88800.0,700,Sell,232753140
2024-08-19 13:22:35,88800.0,400,Sell,232753141
2024-08-19 13:22:35,88800.0,3100,Sell,232753142
2024-08-19 13:22:35,88800.0,500,Sell,232753143
2024-08-19 13:22:35,88800.0,900,Sell,232753144
2024-08-19 13:24:20,88800.0,100,Sell,232756083
2024-08-19 13:24:32,88800.0,100,Sell,232756687
2024-08-19 13:24:35,88800.0,100,Sell,232756792
2024-08-19 13:24:59,88800.0,800,Sell,232757388
2024-08-19 13:24:59,88800.0,700,Sell,232757389
2024-08-19 13:24:59,88800.0,200,Sell,232757390
2024-08-19 13:26:12,88900.0,100,Buy,232759421
2024-08-19 13:26:12,88900.0,200,Buy,232759422
2024-08-19 13:26:12,88900.0,100,Buy,232759423
2024-08-19 13:26:12,88900.0,100,Buy,232759424
2024-08-19 13:26:44,88900.0,600,Buy,232760143
2024-08-19 13:26:44,88900.0,100,Buy,232760144
2024-08-19 13:26:54,88900.0,200,Buy,232760316
2024-08-19 13:26:54,88900.0,100,Buy,232760315
2024-08-19 13:26:54,88900.0,300,Buy,232760311
2024-08-19 13:26:54,88900.0,100,Buy,232760313
2024-08-19 13:26:54,88900.0,200,Buy,232760314
2024-08-19 13:26:54,88900.0,100,Buy,232760312
2024-08-19 13:27:18,88900.0,300,Buy,232760818
2024-08-19 13:27:18,88900.0,100,Buy,232760819
2024-08-19 13:27:18,88900.0,100,Buy,232760820
2024-08-19 13:27:24,88900.0,400,Buy,232760952
2024-08-19 13:27:24,88900.0,300,Buy,232760953
2024-08-19 13:27:41,88800.0,700,Sell,232761333
2024-08-19 13:27:42,88900.0,100,Buy,232761373
2024-08-19 13:27:42,88900.0,100,Buy,232761374
2024-08-19 13:27:42,88900.0,300,Buy,232761375
2024-08-19 13:28:05,88900.0,700,Buy,232761951
2024-08-19 13:28:18,88900.0,100,Buy,232762308
2024-08-19 13:28:18,88900.0,100,Buy,232762307
2024-08-19 13:28:18,88800.0,100,Sell,232762274
2024-08-19 13:28:18,88900.0,400,Buy,232762305
2024-08-19 13:28:18,88900.0,200,Buy,232762306
2024-08-19 13:28:18,88800.0,600,Sell,232762273
2024-08-19 13:28:23,88900.0,500,Buy,232762421
2024-08-19 13:28:46,88900.0,800,Buy,232762862
2024-08-19 13:28:50,88900.0,100,Buy,232762978
2024-08-19 13:29:13,88800.0,600,Sell,232763509
2024-08-19 13:29:13,88800.0,100,Sell,232763510
2024-08-19 13:29:28,88900.0,500,Buy,232763857
2024-08-19 13:29:37,88800.0,700,Sell,232764045
2024-08-19 13:29:37,88800.0,700,Sell,232764044
2024-08-19 13:29:37,88800.0,600,Sell,232764043
2024-08-19 13:30:00,88800.0,100,Sell,232764604
2024-08-19 13:30:03,88800.0,200,Sell,232764693
2024-08-19 13:30:03,88800.0,500,Sell,232764694
2024-08-19 13:30:34,88900.0,600,Buy,232765344
2024-08-19 13:30:47,88900.0,700,Buy,232765653
2024-08-19 13:31:21,88800.0,100,Sell,232766342
2024-08-19 13:31:39,88900.0,500,Buy,232766696
2024-08-19 13:31:40,88800.0,100,Sell,232766715
2024-08-19 13:31:43,88900.0,100,Buy,232766783
2024-08-19 13:31:56,88800.0,100,Sell,232767034
2024-08-19 13:32:01,88800.0,600,Sell,232767170
2024-08-19 13:32:01,88800.0,100,Sell,232767169
2024-08-19 13:32:01,88800.0,2000,Sell,232767168
2024-08-19 13:32:01,88800.0,400,Sell,232767167
2024-08-19 13:32:01,88800.0,700,Sell,232767162
2024-08-19 13:32:01,88800.0,300,Sell,232767165
2024-08-19 13:32:01,88800.0,100,Sell,232767164
2024-08-19 13:32:01,88800.0,1200,Sell,232767163
2024-08-19 13:32:01,88800.0,400,Sell,232767161
2024-08-19 13:32:01,88800.0,300,Sell,232767166
2024-08-19 13:32:08,88800.0,700,Sell,232767309
2024-08-19 13:32:08,88800.0,500,Sell,232767310
2024-08-19 13:32:08,88800.0,500,Sell,232767308
2024-08-19 13:32:08,88800.0,700,Sell,232767307
2024-08-19 13:32:08,88800.0,200,Sell,232767306
2024-08-19 13:32:08,88800.0,100,Sell,232767304
2024-08-19 13:32:08,88800.0,500,Sell,232767305
2024-08-19 13:32:14,88800.0,800,Sell,232767590
2024-08-19 13:32:26,88800.0,300,Buy,232767812
2024-08-19 13:32:31,88800.0,600,Buy,232767926
2024-08-19 13:32:33,88800.0,100,Sell,232767964
2024-08-19 13:32:39,88800.0,100,Sell,232768106
2024-08-19 13:32:43,88800.0,500,Sell,232768212
2024-08-19 13:32:44,88800.0,300,Sell,232768248
2024-08-19 13:32:55,88800.0,1700,Sell,232768540
2024-08-19 13:32:55,88800.0,1000,Sell,232768541
2024-08-19 13:32:55,88800.0,500,Sell,232768542
2024-08-19 13:32:55,88800.0,700,Sell,232768543
2024-08-19 13:33:15,88700.0,300,Sell,232769205
2024-08-19 13:33:46,88700.0,300,Sell,232769871
2024-08-19 13:34:19,88700.0,300,Sell,232770673
2024-08-19 13:34:50,88700.0,300,Sell,232771494
2024-08-19 13:35:13,88700.0,300,Sell,232772003
2024-08-19 13:35:20,88700.0,300,Sell,232772228
2024-08-19 13:35:43,88700.0,500,Sell,232772970
2024-08-19 13:35:51,88700.0,1700,Sell,232773279
2024-08-19 13:35:52,88700.0,300,Sell,232773393
2024-08-19 13:36:00,88700.0,300,Sell,232773651
2024-08-19 13:36:25,88700.0,100,Sell,232774412
2024-08-19 13:36:25,88700.0,200,Sell,232774413
2024-08-19 13:36:56,88700.0,300,Sell,232775195
2024-08-19 13:37:06,88800.0,500,Buy,232775393
2024-08-19 13:37:09,88700.0,100,Sell,232775483
2024-08-19 13:37:29,88700.0,100,Sell,232775989
2024-08-19 13:37:29,88700.0,100,Sell,232775988
2024-08-19 13:37:29,88700.0,100,Sell,232775987
2024-08-19 13:37:59,88700.0,300,Sell,232776700
2024-08-19 13:38:11,88800.0,500,Buy,232776991
2024-08-19 13:38:14,88800.0,100,Buy,232777035
2024-08-19 13:38:14,88800.0,700,Buy,232777036
2024-08-19 13:38:30,88700.0,300,Sell,232777467
2024-08-19 13:38:45,88800.0,300,Buy,232777884
2024-08-19 13:38:54,88800.0,800,Buy,232778160
2024-08-19 13:39:02,88700.0,100,Sell,232778366
2024-08-19 13:39:02,88700.0,200,Sell,232778367
2024-08-19 13:39:17,88800.0,500,Buy,232778754
2024-08-19 13:39:34,88700.0,300,Sell,232779215
2024-08-19 13:40:05,88700.0,300,Sell,232780150
2024-08-19 13:40:21,88800.0,500,Buy,232780457
2024-08-19 13:40:37,88700.0,300,Sell,232780718
2024-08-19 13:41:08,88700.0,300,Sell,232781497
2024-08-19 13:41:27,88800.0,600,Buy,232781891
2024-08-19 13:41:36,88800.0,800,Buy,232782075
2024-08-19 13:41:36,88800.0,100,Buy,232782087
2024-08-19 13:41:39,88700.0,300,Sell,232782157
2024-08-19 13:42:09,88700.0,300,Sell,232782972
2024-08-19 13:42:20,88700.0,100,Sell,232783243
2024-08-19 13:42:33,88800.0,500,Buy,232783663
2024-08-19 13:42:39,88700.0,300,Sell,232783995
2024-08-19 13:42:54,88700.0,900,Sell,232784506
2024-08-19 13:43:01,88700.0,100,Sell,232784662
2024-08-19 13:43:06,88700.0,300,Sell,232784784
2024-08-19 13:43:06,88700.0,600,Sell,232784782
2024-08-19 13:43:06,88700.0,800,Sell,232784783
2024-08-19 13:43:12,88700.0,300,Sell,232784940
2024-08-19 13:43:38,88800.0,200,Buy,232785591
2024-08-19 13:43:38,88800.0,300,Buy,232785592
2024-08-19 13:43:43,88700.0,100,Sell,232785714
2024-08-19 13:43:43,88700.0,200,Sell,232785715
2024-08-19 13:43:56,88800.0,300,Buy,232786019
2024-08-19 13:44:08,88800.0,400,Buy,232786305
2024-08-19 13:44:08,88800.0,2600,Buy,232786306
2024-08-19 13:44:08,88800.0,300,Buy,232786307
2024-08-19 13:44:14,88700.0,200,Sell,232786453
2024-08-19 13:44:14,88700.0,100,Sell,232786454
2024-08-19 13:44:43,88800.0,300,Buy,232787178
2024-08-19 13:44:43,88800.0,200,Buy,232787179
2024-08-19 13:44:44,88700.0,200,Sell,232787204
2024-08-19 13:44:44,88700.0,100,Sell,232787205
2024-08-19 13:44:53,88800.0,700,Buy,232787601
2024-08-19 13:44:59,88800.0,700,Buy,232787816
2024-08-19 13:45:05,88800.0,400,Buy,232788046
2024-08-19 13:45:05,88800.0,300,Buy,232788047
2024-08-19 13:45:16,88700.0,300,Sell,232788501
2024-08-19 13:45:23,88800.0,400,Buy,232788724
2024-08-19 13:45:23,88800.0,700,Buy,232788723
2024-08-19 13:45:23,88800.0,100,Buy,232788698
2024-08-19 13:45:23,88800.0,1000,Buy,232788699
2024-08-19 13:45:23,88800.0,100,Buy,232788688
2024-08-19 13:45:23,88800.0,400,Buy,232788686
2024-08-19 13:45:23,88800.0,300,Buy,232788689
2024-08-19 13:45:23,88800.0,300,Buy,232788687
2024-08-19 13:45:24,88800.0,1100,Buy,232788742
2024-08-19 13:45:30,88800.0,3300,Buy,232788915
2024-08-19 13:45:35,88800.0,200,Buy,232789101
2024-08-19 13:45:35,88800.0,800,Buy,232789102
2024-08-19 13:45:40,88800.0,800,Buy,232789220
2024-08-19 13:45:48,88700.0,300,Sell,232789458
2024-08-19 13:45:49,88800.0,500,Buy,232789495
2024-08-19 13:46:10,88800.0,100,Buy,232790230
2024-08-19 13:46:12,88700.0,100,Sell,232790317
2024-08-19 13:46:12,88700.0,400,Sell,232790316
2024-08-19 13:46:18,88700.0,100,Sell,232790485
2024-08-19 13:46:18,88700.0,100,Sell,232790487
2024-08-19 13:46:18,88700.0,100,Sell,232790486
2024-08-19 13:46:32,88800.0,500,Buy,232790818
2024-08-19 13:46:36,88800.0,600,Buy,232790974
2024-08-19 13:46:45,88800.0,700,Buy,232791515
2024-08-19 13:46:45,88800.0,400,Buy,232791516
2024-08-19 13:46:46,88800.0,1100,Buy,232791568
2024-08-19 13:46:49,88700.0,300,Sell,232791686
2024-08-19 13:46:54,88800.0,500,Buy,232791807
2024-08-19 13:47:01,88800.0,800,Buy,232791983
2024-08-19 13:47:08,88800.0,2000,Buy,232792149
2024-08-19 13:47:11,88800.0,3400,Buy,232792456
2024-08-19 13:47:15,88800.0,1200,Buy,232792615
2024-08-19 13:47:19,88800.0,10000,Buy,232792793
2024-08-19 13:47:20,88700.0,300,Sell,232792805
2024-08-19 13:47:27,88800.0,600,Buy,232793058
2024-08-19 13:47:27,88800.0,400,Buy,232793059
2024-08-19 13:47:30,88800.0,500,Buy,232793190
2024-08-19 13:47:37,88800.0,800,Buy,232793413
2024-08-19 13:47:37,88800.0,100,Buy,232793414
2024-08-19 13:47:37,88800.0,100,Buy,232793415
2024-08-19 13:47:38,88800.0,400,Buy,232793432
2024-08-19 13:47:50,88800.0,300,Sell,232793767
2024-08-19 13:47:59,88900.0,500,Buy,232793936
2024-08-19 13:48:22,88800.0,300,Sell,232794638
2024-08-19 13:48:22,88900.0,600,Buy,232794620
2024-08-19 13:48:22,88900.0,200,Buy,232794621
2024-08-19 13:48:26,88900.0,100,Buy,232794713
2024-08-19 13:48:26,88900.0,100,Buy,232794714
2024-08-19 13:48:26,88900.0,300,Buy,232794712
2024-08-19 13:48:33,88900.0,1600,Buy,232794954
2024-08-19 13:48:33,88900.0,1700,Buy,232794955
2024-08-19 13:48:53,88800.0,300,Sell,232795768
2024-08-19 13:48:55,88800.0,200,Sell,232795836
2024-08-19 13:49:05,88900.0,500,Buy,232796079
2024-08-19 13:49:11,88900.0,100,Buy,232796275
2024-08-19 13:49:11,88900.0,2800,Buy,232796271
2024-08-19 13:49:11,88900.0,100,Buy,232796272
2024-08-19 13:49:11,88900.0,200,Buy,232796273
2024-08-19 13:49:11,88900.0,100,Buy,232796274
2024-08-19 13:49:24,88800.0,300,Sell,232796694
2024-08-19 13:49:50,88800.0,100,Sell,232797619
2024-08-19 13:49:50,88800.0,200,Sell,232797618
2024-08-19 13:49:57,88800.0,300,Sell,232797762
2024-08-19 13:50:10,88900.0,500,Buy,232798220
2024-08-19 13:50:24,88900.0,800,Buy,232798778
2024-08-19 13:50:29,88800.0,300,Sell,232798947
2024-08-19 13:50:59,88800.0,100,Sell,232799995
2024-08-19 13:50:59,88800.0,200,Sell,232799996
2024-08-19 13:51:16,88900.0,300,Buy,232800486
2024-08-19 13:51:16,88900.0,100,Buy,232800487
2024-08-19 13:51:16,88900.0,200,Buy,232800488
2024-08-19 13:51:30,88900.0,300,Buy,232800935
2024-08-19 13:51:31,88800.0,300,Sell,232800947
2024-08-19 13:52:02,88800.0,300,Sell,232802130
2024-08-19 13:52:15,88900.0,100,Buy,232802596
2024-08-19 13:52:21,88900.0,500,Buy,232802805
2024-08-19 13:52:25,88900.0,800,Buy,232802967
2024-08-19 13:52:33,88800.0,300,Sell,232803248
2024-08-19 13:52:40,88900.0,500,Buy,232803431
2024-08-19 13:52:42,88900.0,300,Buy,232803575
2024-08-19 13:52:49,88900.0,500,Buy,232803876
2024-08-19 13:52:53,88900.0,1000,Buy,232803989
2024-08-19 13:53:05,88800.0,300,Sell,232804450
2024-08-19 13:53:26,88900.0,500,Buy,232805281
2024-08-19 13:53:37,88800.0,300,Sell,232805937
2024-08-19 13:53:59,88800.0,700,Sell,232806753
2024-08-19 13:53:59,88800.0,300,Sell,232806751
2024-08-19 13:53:59,88800.0,700,Sell,232806752
2024-08-19 13:54:08,88800.0,300,Sell,232807155
2024-08-19 13:54:32,88900.0,500,Buy,232808155
2024-08-19 13:54:40,88800.0,300,Sell,232808408
2024-08-19 13:55:11,88800.0,300,Sell,232809403
2024-08-19 13:55:37,88900.0,500,Buy,232810307
2024-08-19 13:55:44,88800.0,300,Sell,232810535
2024-08-19 13:56:15,88800.0,300,Sell,232811401
2024-08-19 13:56:42,88900.0,500,Buy,232812240
2024-08-19 13:56:46,88800.0,200,Sell,232812342
2024-08-19 13:56:48,88900.0,100,Buy,232812398
2024-08-19 13:56:53,88900.0,200,Buy,232812510
2024-08-19 13:57:09,88900.0,800,Buy,232813107
2024-08-19 13:57:16,88800.0,300,Sell,232813377
2024-08-19 13:57:36,88800.0,1700,Sell,232813874
2024-08-19 13:57:48,88900.0,500,Buy,232814171
2024-08-19 13:57:48,88800.0,300,Sell,232814184
2024-08-19 13:58:03,88800.0,1300,Sell,232814623
2024-08-19 13:58:03,88800.0,800,Sell,232814624
2024-08-19 13:58:20,88800.0,300,Sell,232815226
2024-08-19 13:58:51,88800.0,300,Sell,232816185
2024-08-19 13:58:53,88900.0,500,Buy,232816268
2024-08-19 13:58:55,88800.0,100,Sell,232816310
2024-08-19 13:58:55,88800.0,500,Sell,232816311
2024-08-19 13:58:58,88800.0,200,Sell,232816393
2024-08-19 13:59:23,88800.0,300,Sell,232816951
2024-08-19 13:59:50,88800.0,800,Sell,232817776
2024-08-19 13:59:50,88800.0,7100,Sell,232817778
2024-08-19 13:59:50,88800.0,2000,Sell,232817777
2024-08-19 13:59:50,88800.0,800,Sell,232817775
2024-08-19 13:59:50,88800.0,1000,Sell,232817770
2024-08-19 13:59:50,88800.0,800,Sell,232817773
2024-08-19 13:59:50,88800.0,800,Sell,232817772
2024-08-19 13:59:50,88800.0,200,Sell,232817771
2024-08-19 13:59:50,88800.0,1000,Sell,232817774
2024-08-19 13:59:56,88800.0,300,Sell,232817897
2024-08-19 13:59:58,88900.0,500,Buy,232817927
2024-08-19 14:00:28,88800.0,300,Sell,232818676
2024-08-19 14:00:59,88800.0,300,Sell,232819609
2024-08-19 14:01:04,88900.0,600,Buy,232819672
2024-08-19 14:01:13,88900.0,800,Buy,232819892
2024-08-19 14:01:32,88800.0,300,Sell,232820411
2024-08-19 14:01:46,88800.0,100,Sell,232820747
2024-08-19 14:01:46,88800.0,800,Sell,232820748
2024-08-19 14:01:46,88800.0,700,Sell,232820749
2024-08-19 14:01:46,88800.0,500,Sell,232820746
2024-08-19 14:01:46,88800.0,500,Sell,232820754
2024-08-19 14:01:46,88800.0,5500,Sell,232820751
2024-08-19 14:01:46,88800.0,6800,Sell,232820752
2024-08-19 14:01:46,88800.0,800,Sell,232820753
2024-08-19 14:01:46,88800.0,500,Sell,232820750
2024-08-19 14:01:46,88800.0,800,Sell,232820745
2024-08-19 14:01:46,88800.0,800,Sell,232820738
2024-08-19 14:01:46,88800.0,2000,Sell,232820742
2024-08-19 14:01:46,88800.0,5200,Sell,232820733
2024-08-19 14:01:46,88800.0,800,Sell,232820734
2024-08-19 14:01:46,88800.0,100,Sell,232820735
2024-08-19 14:01:46,88800.0,700,Sell,232820736
2024-08-19 14:01:46,88800.0,800,Sell,232820743
2024-08-19 14:01:46,88800.0,1000,Sell,232820739
2024-08-19 14:01:46,88800.0,800,Sell,232820741
2024-08-19 14:01:46,88800.0,200,Sell,232820737
2024-08-19 14:01:46,88800.0,800,Sell,232820740
2024-08-19 14:02:00,88800.0,600,Sell,232821104
2024-08-19 14:02:00,88800.0,300,Sell,232821105
2024-08-19 14:02:02,88800.0,200,Sell,232821135
2024-08-19 14:02:05,88800.0,100,Sell,232821190
2024-08-19 14:02:05,88800.0,800,Sell,232821192
2024-08-19 14:02:05,88800.0,800,Sell,232821193
2024-08-19 14:02:10,88800.0,300,Buy,232821302
2024-08-19 14:02:10,88800.0,300,Sell,232821308
2024-08-19 14:02:20,88800.0,100,Sell,232821625
2024-08-19 14:02:33,88800.0,200,Sell,232821889
2024-08-19 14:03:03,88800.0,300,Sell,232822536
2024-08-19 14:03:35,88800.0,300,Sell,232823173
2024-08-19 14:03:54,88900.0,30000,Buy,232823600
2024-08-19 14:03:55,88900.0,800,Buy,232823625
2024-08-19 14:04:06,88800.0,200,Sell,232823863
2024-08-19 14:04:28,88800.0,200,Sell,232824379
2024-08-19 14:04:37,88800.0,300,Sell,232824607
2024-08-19 14:04:39,88800.0,500,Sell,232824648
2024-08-19 14:04:39,88800.0,3700,Sell,232824647
2024-08-19 14:04:39,88800.0,800,Sell,232824649
2024-08-19 14:04:39,88800.0,800,Sell,232824645
2024-08-19 14:04:39,88800.0,1100,Sell,232824644
2024-08-19 14:04:39,88800.0,10000,Sell,232824646
2024-08-19 14:04:39,88800.0,1100,Sell,232824643
2024-08-19 14:04:43,88800.0,800,Sell,232824715
2024-08-19 14:04:43,88800.0,100,Sell,232824713
2024-08-19 14:04:43,88800.0,100,Sell,232824714
2024-08-19 14:04:45,88800.0,100,Sell,232824784
2024-08-19 14:04:47,88800.0,500,Sell,232824847
2024-08-19 14:04:51,88800.0,1700,Sell,232824939
2024-08-19 14:04:51,88800.0,1100,Sell,232824950
2024-08-19 14:04:51,88800.0,500,Sell,232824951
2024-08-19 14:04:51,88800.0,600,Sell,232824952
2024-08-19 14:05:09,88800.0,300,Sell,232825589
2024-08-19 14:05:18,88800.0,200,Sell,232825755
2024-08-19 14:05:18,88800.0,100,Sell,232825756
2024-08-19 14:05:23,88800.0,300,Sell,232825883
2024-08-19 14:05:25,88900.0,500,Buy,232825974
2024-08-19 14:05:26,88800.0,400,Sell,232825999
2024-08-19 14:05:26,88800.0,200,Sell,232826000
2024-08-19 14:05:26,88800.0,4400,Sell,232826001
2024-08-19 14:05:36,88800.0,2900,Sell,232826227
2024-08-19 14:05:36,88800.0,700,Sell,232826228
2024-08-19 14:05:36,88800.0,500,Sell,232826229
2024-08-19 14:05:43,88700.0,100,Sell,232826453
2024-08-19 14:05:43,88700.0,100,Sell,232826454
2024-08-19 14:06:13,88700.0,300,Sell,232827123
2024-08-19 14:06:37,88800.0,800,Buy,232827685
2024-08-19 14:06:45,88700.0,200,Sell,232827903
2024-08-19 14:07:16,88700.0,100,Sell,232828803
2024-08-19 14:07:16,88700.0,200,Sell,232828804
2024-08-19 14:07:38,88800.0,100,Buy,232829469
2024-08-19 14:07:38,88800.0,300,Buy,232829470
2024-08-19 14:07:48,88700.0,300,Sell,232829684
2024-08-19 14:07:57,88800.0,600,Buy,232829912
2024-08-19 14:08:04,88800.0,300,Sell,232830086
2024-08-19 14:08:20,88800.0,300,Sell,232830490
2024-08-19 14:08:29,88800.0,200,Sell,232830721
2024-08-19 14:08:29,88800.0,300,Sell,232830722
2024-08-19 14:08:29,88800.0,1000,Sell,232830723
2024-08-19 14:08:29,88800.0,200,Sell,232830724
2024-08-19 14:08:52,88800.0,200,Sell,232831274
2024-08-19 14:09:22,88800.0,200,Sell,232832039
2024-08-19 14:09:47,88900.0,500,Buy,232832562
2024-08-19 14:09:53,88800.0,200,Sell,232832819
2024-08-19 14:10:11,88800.0,1000,Sell,232833299
2024-08-19 14:10:23,88800.0,300,Sell,232833690
2024-08-19 14:10:52,88900.0,500,Buy,232834615
2024-08-19 14:10:56,88800.0,300,Sell,232834692
2024-08-19 14:10:59,88800.0,1000,Sell,232834831
2024-08-19 14:11:00,88800.0,1700,Sell,232834848
2024-08-19 14:11:04,88800.0,1700,Sell,232834922
2024-08-19 14:11:14,88800.0,500,Sell,232835203
2024-08-19 14:11:14,88800.0,800,Sell,232835202
2024-08-19 14:11:14,88800.0,100,Sell,232835200
2024-08-19 14:11:14,88800.0,200,Sell,232835201
2024-08-19 14:11:14,88800.0,200,Sell,232835199
2024-08-19 14:11:14,88800.0,600,Sell,232835195
2024-08-19 14:11:14,88800.0,500,Sell,232835197
2024-08-19 14:11:14,88800.0,700,Sell,232835198
2024-08-19 14:11:14,88800.0,3200,Sell,232835193
2024-08-19 14:11:14,88800.0,800,Sell,232835194
2024-08-19 14:11:14,88800.0,800,Sell,232835196
2024-08-19 14:11:21,88800.0,800,Buy,232835413
2024-08-19 14:11:21,88800.0,800,Buy,232835421
2024-08-19 14:11:27,88800.0,200,Sell,232835684
2024-08-19 14:11:54,88800.0,3000,Sell,232836469
2024-08-19 14:11:58,88800.0,200,Sell,232836592
2024-08-19 14:12:06,88800.0,1400,Sell,232836811
2024-08-19 14:12:29,88800.0,200,Sell,232837688
2024-08-19 14:12:41,88800.0,3500,Sell,232838096
2024-08-19 14:12:50,88800.0,100,Sell,232838338
2024-08-19 14:12:59,88800.0,300,Sell,232838639
2024-08-19 14:12:59,88800.0,100,Sell,232838643
2024-08-19 14:13:30,88800.0,200,Sell,232839569
2024-08-19 14:14:00,88800.0,200,Sell,232840278
2024-08-19 14:14:30,88800.0,200,Sell,232841015
2024-08-19 14:15:01,88800.0,100,Sell,232841892
2024-08-19 14:15:01,88800.0,100,Sell,232841893
2024-08-19 14:15:02,88800.0,100,Sell,232841919
2024-08-19 14:15:31,88800.0,300,Sell,232842765
2024-08-19 14:15:44,88800.0,1100,Sell,232843335
2024-08-19 14:15:44,88800.0,300,Sell,232843334
2024-08-19 14:16:01,88800.0,300,Sell,232843906
2024-08-19 14:16:19,88900.0,500,Buy,232844533
2024-08-19 14:16:33,88800.0,300,Sell,232844985
2024-08-19 14:17:06,88800.0,300,Sell,232846120
2024-08-19 14:17:13,88800.0,400,Sell,232846404
2024-08-19 14:17:24,88900.0,500,Buy,232846710
2024-08-19 14:17:26,88900.0,800,Buy,232846745
2024-08-19 14:17:27,88900.0,600,Buy,232846765
2024-08-19 14:17:27,88900.0,1100,Buy,232846810
2024-08-19 14:17:29,88900.0,1100,Buy,232846893
2024-08-19 14:17:30,88900.0,1100,Buy,232846920
2024-08-19 14:17:38,88800.0,300,Sell,232847202
2024-08-19 14:17:47,88900.0,500,Buy,232847446
2024-08-19 14:18:03,88800.0,600,Sell,232847841
2024-08-19 14:18:03,88800.0,600,Sell,232847825
2024-08-19 14:18:03,88800.0,800,Sell,232847840
2024-08-19 14:18:10,88800.0,200,Sell,232848021
2024-08-19 14:18:22,88900.0,300,Buy,232848263
2024-08-19 14:18:22,88900.0,100,Buy,232848262
2024-08-19 14:18:22,88900.0,5000,Buy,232848261
2024-08-19 14:18:22,88900.0,1300,Buy,232848260
2024-08-19 14:18:22,88900.0,1200,Buy,232848259
2024-08-19 14:18:22,88900.0,1200,Buy,232848258
2024-08-19 14:18:22,88900.0,12500,Buy,232848257
2024-08-19 14:18:22,88900.0,1700,Buy,232848256
2024-08-19 14:18:22,88900.0,100,Buy,232848255
2024-08-19 14:18:22,88900.0,1000,Buy,232848254
2024-08-19 14:18:22,88900.0,1800,Buy,232848251
2024-08-19 14:18:22,88900.0,100,Buy,232848252
2024-08-19 14:18:22,88900.0,300,Buy,232848250
2024-08-19 14:18:22,88900.0,1000,Buy,232848249
2024-08-19 14:18:22,88900.0,100,Buy,232848248
2024-08-19 14:18:22,88900.0,100,Buy,232848247
2024-08-19 14:18:22,88900.0,100,Buy,232848246
2024-08-19 14:18:22,88900.0,100,Buy,232848245
2024-08-19 14:18:22,88900.0,100,Buy,232848244
2024-08-19 14:18:22,88900.0,1800,Buy,232848243
2024-08-19 14:18:22,88900.0,100,Buy,232848253
2024-08-19 14:18:25,88900.0,700,Buy,232848343
2024-08-19 14:18:25,88900.0,300,Buy,232848342
2024-08-19 14:18:25,88900.0,100,Buy,232848341
2024-08-19 14:18:25,88900.0,2000,Buy,232848339
2024-08-19 14:18:25,88900.0,100,Buy,232848338
2024-08-19 14:18:25,88900.0,1300,Buy,232848337
2024-08-19 14:18:25,88900.0,500,Buy,232848340
2024-08-19 14:18:27,88900.0,300,Buy,232848385
2024-08-19 14:18:27,88900.0,600,Buy,232848386
2024-08-19 14:18:27,88900.0,100,Buy,232848387
2024-08-19 14:18:30,88900.0,100,Buy,232848445
2024-08-19 14:18:30,88900.0,400,Buy,232848444
2024-08-19 14:18:30,88900.0,100,Buy,232848443
2024-08-19 14:18:30,88900.0,400,Buy,232848440
2024-08-19 14:18:30,88900.0,400,Buy,232848441
2024-08-19 14:18:30,88900.0,500,Buy,232848442
2024-08-19 14:18:30,88900.0,400,Buy,232848438
2024-08-19 14:18:30,88900.0,100,Buy,232848439
2024-08-19 14:18:41,88900.0,200,Sell,232848673
2024-08-19 14:18:46,88900.0,200,Sell,232848779
2024-08-19 14:19:07,88900.0,100,Sell,232849331
2024-08-19 14:19:07,88900.0,200,Sell,232849332
2024-08-19 14:19:07,88900.0,3300,Sell,232849333
2024-08-19 14:19:07,88900.0,2000,Sell,232849334
2024-08-19 14:19:07,88900.0,800,Sell,232849335
2024-08-19 14:19:07,88900.0,2000,Sell,232849336
2024-08-19 14:19:07,88900.0,10000,Sell,232849337
2024-08-19 14:19:07,88900.0,600,Buy,232849341
2024-08-19 14:19:11,88900.0,1000,Buy,232849484
2024-08-19 14:19:12,88800.0,300,Sell,232849501
2024-08-19 14:19:35,89000.0,400,Buy,232849945
2024-08-19 14:19:35,89000.0,100,Buy,232849946
2024-08-19 14:19:37,88900.0,700,Sell,232850018
2024-08-19 14:19:45,88900.0,200,Sell,232850233
2024-08-19 14:20:15,88900.0,300,Sell,232850969
2024-08-19 14:20:33,88900.0,8800,Sell,232851447
2024-08-19 14:20:33,88900.0,1200,Sell,232851448
2024-08-19 14:20:38,88900.0,600,Sell,232851616
2024-08-19 14:20:38,88900.0,1000,Sell,232851615
2024-08-19 14:20:38,88900.0,1000,Sell,232851614
2024-08-19 14:20:38,88900.0,800,Sell,232851612
2024-08-19 14:20:38,88900.0,600,Sell,232851613
2024-08-19 14:20:46,88900.0,200,Sell,232851834
2024-08-19 14:21:03,88900.0,200,Sell,232852275
2024-08-19 14:21:17,88900.0,300,Sell,232852646
2024-08-19 14:21:26,89000.0,300,Buy,232852910
2024-08-19 14:21:26,89000.0,100,Buy,232852911
2024-08-19 14:21:26,89000.0,100,Buy,232852912
2024-08-19 14:21:27,89000.0,500,Buy,232852919
2024-08-19 14:21:28,89000.0,400,Buy,232852929
2024-08-19 14:21:28,89000.0,100,Buy,232852930
2024-08-19 14:21:30,89000.0,800,Buy,232852996
2024-08-19 14:21:48,89000.0,900,Buy,232853594
2024-08-19 14:21:48,89000.0,100,Buy,232853595
2024-08-19 14:21:48,89000.0,100,Buy,232853596
2024-08-19 14:21:48,89000.0,700,Buy,232853597
2024-08-19 14:21:48,89000.0,100,Buy,232853598
2024-08-19 14:21:48,89000.0,100,Buy,232853599
2024-08-19 14:21:48,89000.0,300,Buy,232853600
2024-08-19 14:21:48,89000.0,500,Buy,232853601
2024-08-19 14:21:48,89000.0,100,Buy,232853602
2024-08-19 14:21:48,89000.0,100,Buy,232853589
2024-08-19 14:21:49,88900.0,200,Sell,232853633
2024-08-19 14:22:01,89000.0,100,Buy,232854141
2024-08-19 14:22:10,89000.0,100,Buy,232854390
2024-08-19 14:22:10,89000.0,1000,Buy,232854418
2024-08-19 14:22:10,89000.0,100,Buy,232854419
2024-08-19 14:22:10,89000.0,2000,Buy,232854420
2024-08-19 14:22:10,89000.0,100,Buy,232854421
2024-08-19 14:22:10,89000.0,100,Buy,232854422
2024-08-19 14:22:10,89000.0,100,Buy,232854423
2024-08-19 14:22:10,89000.0,2000,Buy,232854424
2024-08-19 14:22:10,89000.0,100,Buy,232854425
2024-08-19 14:22:10,89000.0,100,Buy,232854426
2024-08-19 14:22:10,89000.0,100,Buy,232854427
2024-08-19 14:22:10,89000.0,200,Buy,232854428
2024-08-19 14:22:10,89000.0,100,Buy,232854429
2024-08-19 14:22:10,89000.0,100,Buy,232854430
2024-08-19 14:22:10,89000.0,5000,Buy,232854431
2024-08-19 14:22:10,89000.0,500,Buy,232854432
2024-08-19 14:22:10,89000.0,100,Buy,232854417
2024-08-19 14:22:10,89000.0,200,Buy,232854416
2024-08-19 14:22:10,89000.0,500,Buy,232854389
2024-08-19 14:22:10,89000.0,500,Buy,232854414
2024-08-19 14:22:10,89000.0,100,Buy,232854391
2024-08-19 14:22:10,89000.0,100,Buy,232854392
2024-08-19 14:22:10,89000.0,500,Buy,232854400
2024-08-19 14:22:10,89000.0,200,Buy,232854401
2024-08-19 14:22:10,89000.0,100,Buy,232854402
2024-08-19 14:22:10,89000.0,200,Buy,232854404
2024-08-19 14:22:10,89000.0,100,Buy,232854405
2024-08-19 14:22:10,89000.0,300,Buy,232854403
2024-08-19 14:22:10,89000.0,200,Buy,232854407
2024-08-19 14:22:10,89000.0,100,Buy,232854408
2024-08-19 14:22:10,89000.0,1500,Buy,232854409
2024-08-19 14:22:10,89000.0,100,Buy,232854410
2024-08-19 14:22:10,89000.0,100,Buy,232854411
2024-08-19 14:22:10,89000.0,2000,Buy,232854412
2024-08-19 14:22:10,89000.0,100,Buy,232854413
2024-08-19 14:22:10,89000.0,100,Buy,232854406
2024-08-19 14:22:10,89000.0,2000,Buy,232854415
2024-08-19 14:22:19,89000.0,2000,Buy,232854770
2024-08-19 14:22:20,88900.0,300,Sell,232854793
2024-08-19 14:22:21,89000.0,100,Buy,232854823
2024-08-19 14:22:46,89000.0,300,Buy,232855415
2024-08-19 14:22:51,88900.0,300,Sell,232855584
2024-08-19 14:22:51,89000.0,800,Buy,232855565
2024-08-19 14:23:23,88900.0,300,Sell,232856460
2024-08-19 14:23:30,89000.0,1000,Buy,232856661
2024-08-19 14:23:32,89000.0,300,Buy,232856735
2024-08-19 14:23:32,89000.0,200,Buy,232856736
2024-08-19 14:23:32,89000.0,300,Buy,232856737
2024-08-19 14:23:38,89000.0,400,Buy,232857119
2024-08-19 14:23:38,89000.0,500,Buy,232857120
2024-08-19 14:23:38,89000.0,100,Buy,232857121
2024-08-19 14:23:40,89000.0,300,Buy,232857187
2024-08-19 14:23:40,89000.0,1000,Buy,232857186
2024-08-19 14:23:40,89000.0,100,Buy,232857188
2024-08-19 14:23:40,89000.0,200,Buy,232857189
2024-08-19 14:23:40,89000.0,900,Buy,232857190
2024-08-19 14:23:40,89000.0,100,Buy,232857191
2024-08-19 14:23:40,89000.0,100,Buy,232857195
2024-08-19 14:23:40,89000.0,100,Buy,232857193
2024-08-19 14:23:40,89000.0,400,Buy,232857194
2024-08-19 14:23:40,89000.0,100,Buy,232857196
2024-08-19 14:23:40,89000.0,100,Buy,232857197
2024-08-19 14:23:40,89000.0,100,Buy,232857198
2024-08-19 14:23:40,89000.0,3300,Buy,232857199
2024-08-19 14:23:40,89000.0,1000,Buy,232857192
2024-08-19 14:23:40,89000.0,200,Buy,232857185
2024-08-19 14:23:40,89000.0,100,Buy,232857180
2024-08-19 14:23:40,89000.0,100,Buy,232857183
2024-08-19 14:23:40,89000.0,100,Buy,232857184
2024-08-19 14:23:40,89000.0,200,Buy,232857168
2024-08-19 14:23:40,89000.0,100,Buy,232857169
2024-08-19 14:23:40,89000.0,100,Buy,232857170
2024-08-19 14:23:40,89000.0,5000,Buy,232857172
2024-08-19 14:23:40,89000.0,1000,Buy,232857173
2024-08-19 14:23:40,89000.0,200,Buy,232857174
2024-08-19 14:23:40,89000.0,200,Buy,232857171
2024-08-19 14:23:40,89000.0,300,Buy,232857176
2024-08-19 14:23:40,89000.0,400,Buy,232857177
2024-08-19 14:23:40,89000.0,1000,Buy,232857175
2024-08-19 14:23:40,89000.0,100,Buy,232857178
2024-08-19 14:23:40,89000.0,300,Buy,232857179
2024-08-19 14:23:40,89000.0,1000,Buy,232857181
2024-08-19 14:23:40,89000.0,1800,Buy,232857182
2024-08-19 14:23:44,89000.0,200,Buy,232857334
2024-08-19 14:23:44,89000.0,100,Buy,232857333
2024-08-19 14:23:44,89000.0,200,Buy,232857332
2024-08-19 14:23:44,89000.0,100,Buy,232857330
2024-08-19 14:23:44,89000.0,1500,Buy,232857329
2024-08-19 14:23:44,89000.0,1700,Buy,232857328
2024-08-19 14:23:44,89000.0,200,Buy,232857331
2024-08-19 14:23:56,89000.0,200,Sell,232857737
2024-08-19 14:24:02,89000.0,100,Sell,232857960
2024-08-19 14:24:26,89000.0,200,Sell,232858598
2024-08-19 14:24:37,89000.0,500,Sell,232858891
2024-08-19 14:24:40,89000.0,300,Sell,232858990
2024-08-19 14:24:43,89000.0,500,Sell,232859098
2024-08-19 14:24:47,89100.0,100,Buy,232859190
2024-08-19 14:24:47,89100.0,400,Buy,232859192
2024-08-19 14:24:47,89100.0,1000,Buy,232859193
2024-08-19 14:24:47,89100.0,400,Buy,232859194
2024-08-19 14:24:47,89100.0,100,Buy,232859195
2024-08-19 14:24:47,89100.0,3000,Buy,232859191
2024-08-19 14:24:53,89100.0,1400,Buy,232859355
2024-08-19 14:24:53,89100.0,4900,Buy,232859351
2024-08-19 14:24:53,89100.0,100,Buy,232859352
2024-08-19 14:24:53,89100.0,100,Buy,232859353
2024-08-19 14:24:53,89100.0,1300,Buy,232859354
2024-08-19 14:24:56,89000.0,300,Sell,232859448
2024-08-19 14:25:05,89100.0,1000,Buy,232859758
2024-08-19 14:25:05,89100.0,300,Buy,232859760
2024-08-19 14:25:05,89100.0,3600,Buy,232859757
2024-08-19 14:25:05,89100.0,100,Buy,232859759
2024-08-19 14:25:11,89100.0,2000,Buy,232860001
2024-08-19 14:25:11,89100.0,100,Buy,232860000
2024-08-19 14:25:11,89100.0,200,Buy,232859996
2024-08-19 14:25:11,89100.0,2000,Buy,232859998
2024-08-19 14:25:11,89100.0,100,Buy,232859997
2024-08-19 14:25:11,89100.0,500,Buy,232859999
2024-08-19 14:25:12,89100.0,100,Sell,232860010
2024-08-19 14:25:19,89100.0,1000,Sell,232860243
2024-08-19 14:25:28,89100.0,200,Sell,232860583
2024-08-19 14:25:29,89100.0,100,Sell,232860599
2024-08-19 14:25:47,89100.0,1100,Sell,232861155
2024-08-19 14:25:47,89100.0,100,Sell,232861154
2024-08-19 14:25:47,89100.0,500,Sell,232861153
2024-08-19 14:25:49,89000.0,1600,Sell,232861307
2024-08-19 14:25:49,89100.0,400,Sell,232861306
2024-08-19 14:25:52,89200.0,400,Buy,232861385
2024-08-19 14:25:52,89200.0,100,Buy,232861386
2024-08-19 14:25:52,89200.0,100,Buy,232861387
2024-08-19 14:25:52,89200.0,100,Buy,232861388
2024-08-19 14:25:52,89200.0,100,Buy,232861389
2024-08-19 14:26:00,89100.0,300,Sell,232861663
2024-08-19 14:26:02,89100.0,700,Sell,232861733
2024-08-19 14:26:14,89100.0,1400,Buy,232862124
2024-08-19 14:26:54,89100.0,500,Buy,232863598
2024-08-19 14:26:54,89100.0,900,Buy,232863597
2024-08-19 14:27:00,89100.0,100,Buy,232863815
2024-08-19 14:27:19,89100.0,200,Buy,232864519
2024-08-19 14:27:19,89100.0,100,Buy,232864520
2024-08-19 14:27:19,89100.0,1000,Buy,232864521
2024-08-19 14:27:19,89100.0,100,Buy,232864522
2024-08-19 14:27:19,89100.0,500,Buy,232864523
2024-08-19 14:27:19,89100.0,1400,Buy,232864518
2024-08-19 14:27:35,89100.0,1500,Buy,232865202
2024-08-19 14:27:51,89100.0,1000,Buy,232865838
2024-08-19 14:27:51,89100.0,500,Buy,232865840
2024-08-19 14:27:51,89100.0,1000,Buy,232865836
2024-08-19 14:27:51,89100.0,1000,Buy,232865835
2024-08-19 14:27:51,89100.0,1000,Buy,232865837
2024-08-19 14:27:51,89100.0,100,Buy,232865839
2024-08-19 14:27:57,89100.0,800,Sell,232866064
2024-08-19 14:27:59,89100.0,600,Sell,232866143
2024-08-19 14:27:59,89100.0,200,Sell,232866144
2024-08-19 14:28:29,89100.0,100,Sell,232867275
2024-08-19 14:28:31,89100.0,1700,Sell,232867325
2024-08-19 14:28:33,89100.0,300,Buy,232867369
2024-08-19 14:28:38,89100.0,700,Sell,232867493
2024-08-19 14:28:38,89100.0,200,Buy,232867503
2024-08-19 14:28:39,89100.0,100,Buy,232867540
2024-08-19 14:28:40,89100.0,100,Sell,232867570
2024-08-19 14:28:43,89100.0,100,Sell,232867628
2024-08-19 14:28:53,89100.0,2000,Sell,232868017
2024-08-19 14:28:59,89200.0,500,Buy,232868406
2024-08-19 14:28:59,89200.0,100,Buy,232868432
2024-08-19 14:28:59,89200.0,500,Buy,232868433
2024-08-19 14:28:59,89200.0,1000,Buy,232868434
2024-08-19 14:28:59,89200.0,100,Buy,232868435
2024-08-19 14:28:59,89200.0,200,Buy,232868436
2024-08-19 14:28:59,89200.0,100,Buy,232868437
2024-08-19 14:28:59,89200.0,100,Buy,232868438
2024-08-19 14:28:59,89200.0,300,Buy,232868439
2024-08-19 14:28:59,89200.0,500,Buy,232868440
2024-08-19 14:28:59,89200.0,100,Buy,232868441
2024-08-19 14:28:59,89300.0,1000,Buy,232868443
2024-08-19 14:28:59,89300.0,100,Buy,232868446
2024-08-19 14:28:59,89300.0,5000,Buy,232868447
2024-08-19 14:28:59,89300.0,600,Buy,232868448
2024-08-19 14:28:59,89300.0,100,Buy,232868449
2024-08-19 14:28:59,89300.0,100,Buy,232868450
2024-08-19 14:28:59,89300.0,100,Buy,232868451
2024-08-19 14:28:59,89300.0,500,Buy,232868452
2024-08-19 14:28:59,89300.0,1000,Buy,232868453
2024-08-19 14:28:59,89300.0,100,Buy,232868442
2024-08-19 14:28:59,89200.0,100,Buy,232868430
2024-08-19 14:28:59,89200.0,1000,Buy,232868431
2024-08-19 14:28:59,89200.0,100,Buy,232868428
2024-08-19 14:28:59,89200.0,100,Buy,232868407
2024-08-19 14:28:59,89200.0,5000,Buy,232868408
2024-08-19 14:28:59,89200.0,100,Buy,232868409
2024-08-19 14:28:59,89200.0,5000,Buy,232868410
2024-08-19 14:28:59,89200.0,100,Buy,232868411
2024-08-19 14:28:59,89200.0,100,Buy,232868412
2024-08-19 14:28:59,89200.0,100,Buy,232868413
2024-08-19 14:28:59,89200.0,200,Buy,232868414
2024-08-19 14:28:59,89200.0,100,Buy,232868429
2024-08-19 14:28:59,89200.0,100,Buy,232868416
2024-08-19 14:28:59,89200.0,100,Buy,232868415
2024-08-19 14:28:59,89200.0,400,Buy,232868418
2024-08-19 14:28:59,89200.0,100,Buy,232868419
2024-08-19 14:28:59,89200.0,100,Buy,232868420
2024-08-19 14:28:59,89200.0,1000,Buy,232868421
2024-08-19 14:28:59,89200.0,100,Buy,232868422
2024-08-19 14:28:59,89200.0,100,Buy,232868423
2024-08-19 14:28:59,89200.0,100,Buy,232868424
2024-08-19 14:28:59,89200.0,100,Buy,232868425
2024-08-19 14:28:59,89200.0,100,Buy,232868426
2024-08-19 14:28:59,89200.0,100,Buy,232868427
2024-08-19 14:28:59,89200.0,500,Buy,232868417
2024-08-19 14:29:06,89300.0,500,Sell,232868825
2024-08-19 14:29:12,89300.0,2000,Sell,232869065
2024-08-19 14:29:30,89300.0,100,Sell,232869823
2024-08-19 14:44:37,88800.0,293800,ATO/ATC,232870820
