time,price,volume,match_type,id
2024-08-01 09:14:39,126100.0,2200,ATO/ATC,227892788
2024-08-01 09:14:44,126100.0,300,Sell,227893197
2024-08-01 09:14:48,127200.0,100,Buy,227893257
2024-08-01 09:16:51,127200.0,100,Buy,227895617
2024-08-01 09:16:51,127000.0,100,Buy,227895614
2024-08-01 09:16:51,127000.0,100,Buy,227895615
2024-08-01 09:16:51,127200.0,100,Buy,227895616
2024-08-01 09:19:34,126200.0,100,Sell,227899450
2024-08-01 09:19:39,127000.0,1200,Sell,227899584
2024-08-01 09:21:42,126500.0,100,Sell,227902322
2024-08-01 09:22:54,126300.0,100,Sell,227904178
2024-08-01 09:23:25,126500.0,200,Buy,227904870
2024-08-01 09:23:35,126500.0,100,Buy,227905108
2024-08-01 09:23:51,126500.0,300,Buy,227905597
2024-08-01 09:23:51,126500.0,100,Buy,227905598
2024-08-01 09:23:51,126500.0,300,Buy,227905599
2024-08-01 09:23:51,126500.0,300,Buy,227905600
2024-08-01 09:24:59,126500.0,100,Sell,227907238
2024-08-01 09:24:59,126300.0,300,Sell,227907239
2024-08-01 09:26:02,126300.0,400,Sell,227909134
2024-08-01 09:27:33,126300.0,100,Sell,227911341
2024-08-01 09:28:18,126600.0,100,Sell,227912496
2024-08-01 09:28:25,126600.0,100,Sell,227912668
2024-08-01 09:28:50,126600.0,400,Sell,227913297
2024-08-01 09:29:03,126600.0,100,Sell,227913691
2024-08-01 09:29:13,126600.0,100,Sell,227913923
2024-08-01 09:29:14,126600.0,300,Sell,227913937
2024-08-01 09:30:44,126600.0,100,Sell,227916299
2024-08-01 09:31:18,127000.0,100,Buy,227917064
2024-08-01 09:33:24,126800.0,200,Sell,227920555
2024-08-01 09:33:32,127000.0,100,Buy,227920773
2024-08-01 09:33:37,126800.0,100,Sell,227920870
2024-08-01 09:33:47,127000.0,100,Buy,227921081
2024-08-01 09:34:41,126800.0,200,Sell,227922456
2024-08-01 09:34:41,126800.0,200,Sell,227922457
2024-08-01 09:34:56,126700.0,300,Sell,227922872
2024-08-01 09:35:18,126600.0,100,Sell,227923349
2024-08-01 09:35:18,126600.0,100,Sell,227923350
2024-08-01 09:35:18,126600.0,100,Sell,227923351
2024-08-01 09:35:37,126300.0,100,Sell,227923803
2024-08-01 09:35:37,126300.0,100,Sell,227923804
2024-08-01 09:35:37,126300.0,600,Sell,227923805
2024-08-01 09:35:37,126300.0,200,Sell,227923806
2024-08-01 09:36:32,126100.0,100,Sell,227925076
2024-08-01 09:36:32,126100.0,100,Sell,227925074
2024-08-01 09:36:32,126100.0,300,Sell,227925075
2024-08-01 09:40:01,126200.0,300,Sell,227929785
2024-08-01 09:41:06,126400.0,200,Sell,227931055
2024-08-01 09:42:02,126000.0,100,Sell,227932187
2024-08-01 09:42:02,126000.0,500,Sell,227932186
2024-08-01 09:42:02,126000.0,300,Sell,227932185
2024-08-01 09:42:02,126000.0,100,Sell,227932184
2024-08-01 09:42:02,126000.0,100,Sell,227932183
2024-08-01 09:42:02,126000.0,100,Sell,227932182
2024-08-01 09:42:02,126100.0,200,Sell,227932178
2024-08-01 09:42:02,126000.0,100,Sell,227932180
2024-08-01 09:42:02,126200.0,700,Sell,227932174
2024-08-01 09:42:02,126200.0,500,Sell,227932175
2024-08-01 09:42:02,126000.0,1000,Sell,227932181
2024-08-01 09:42:02,126100.0,300,Sell,227932177
2024-08-01 09:42:02,126100.0,100,Sell,227932179
2024-08-01 09:42:02,126100.0,100,Sell,227932176
2024-08-01 09:42:05,126000.0,1000,Buy,227932225
2024-08-01 09:42:36,126000.0,100,Buy,227932874
2024-08-01 09:42:39,126000.0,200,Buy,227932929
2024-08-01 09:43:14,126000.0,1000,Sell,227933511
2024-08-01 09:43:30,126000.0,200,Sell,227933819
2024-08-01 09:44:20,126000.0,400,Sell,227935125
2024-08-01 09:44:29,126000.0,100,Sell,227935280
2024-08-01 09:44:29,126000.0,400,Sell,227935279
2024-08-01 09:46:14,126000.0,200,Sell,227937446
2024-08-01 09:47:03,126000.0,200,Buy,227938608
2024-08-01 09:49:50,126000.0,100,Sell,227941827
2024-08-01 09:51:03,126000.0,400,Sell,227943029
2024-08-01 09:51:13,126000.0,100,Sell,227943185
2024-08-01 09:52:05,126100.0,100,Buy,227944166
2024-08-01 09:53:23,126200.0,200,Buy,227945767
2024-08-01 09:54:39,126200.0,200,Buy,227947610
2024-08-01 09:54:39,126200.0,200,Buy,227947609
2024-08-01 09:55:54,126100.0,300,Sell,227949550
2024-08-01 09:56:46,126000.0,100,Sell,227951184
2024-08-01 09:57:54,126000.0,100,Sell,227953626
2024-08-01 09:58:50,126000.0,300,Sell,227955648
2024-08-01 09:58:50,126000.0,100,Sell,227955649
2024-08-01 09:58:53,126000.0,600,Sell,227955756
2024-08-01 09:58:55,126000.0,100,Sell,227955854
2024-08-01 09:58:55,126000.0,300,Sell,227955853
2024-08-01 09:58:55,126000.0,100,Sell,227955852
2024-08-01 09:58:55,126000.0,100,Sell,227955851
2024-08-01 09:58:55,126000.0,100,Sell,227955847
2024-08-01 09:58:55,126000.0,3000,Sell,227955849
2024-08-01 09:58:55,126000.0,500,Sell,227955848
2024-08-01 09:58:55,126000.0,200,Sell,227955846
2024-08-01 09:58:55,126000.0,300,Sell,227955845
2024-08-01 09:58:55,126000.0,300,Sell,227955850
2024-08-01 10:03:18,125300.0,200,Sell,227966206
2024-08-01 10:03:18,125300.0,100,Sell,227966205
2024-08-01 10:03:18,125500.0,500,Sell,227966203
2024-08-01 10:03:18,125500.0,100,Sell,227966202
2024-08-01 10:03:18,125400.0,100,Sell,227966204
2024-08-01 10:03:52,125300.0,100,Sell,227967759
2024-08-01 10:03:54,125300.0,200,Sell,227967838
2024-08-01 10:03:54,125300.0,800,Sell,227967839
2024-08-01 10:04:11,125300.0,200,Sell,227968620
2024-08-01 10:04:11,125300.0,100,Sell,227968621
2024-08-01 10:04:11,125300.0,100,Sell,227968622
2024-08-01 10:04:11,125200.0,1000,Sell,227968623
2024-08-01 10:04:11,125200.0,200,Sell,227968624
2024-08-01 10:04:34,125100.0,300,Sell,227969758
2024-08-01 10:04:44,125100.0,100,Sell,227970171
2024-08-01 10:04:44,125100.0,200,Sell,227970169
2024-08-01 10:04:44,125100.0,200,Sell,227970170
2024-08-01 10:04:51,125100.0,400,Sell,227970535
2024-08-01 10:05:31,125100.0,100,Sell,227972276
2024-08-01 10:05:31,125100.0,400,Sell,227972277
2024-08-01 10:05:31,125100.0,1500,Sell,227972278
2024-08-01 10:05:33,125100.0,1000,Sell,227972344
2024-08-01 10:05:36,125100.0,500,Sell,227972556
2024-08-01 10:05:43,125000.0,100,Sell,227972880
2024-08-01 10:05:43,125000.0,500,Sell,227972882
2024-08-01 10:05:43,125000.0,200,Sell,227972881
2024-08-01 10:05:43,125000.0,100,Sell,227972878
2024-08-01 10:05:43,125000.0,200,Sell,227972877
2024-08-01 10:05:43,125000.0,100,Sell,227972876
2024-08-01 10:05:43,125000.0,100,Sell,227972875
2024-08-01 10:05:43,125000.0,500,Sell,227972879
2024-08-01 10:05:44,125000.0,100,Buy,227972930
2024-08-01 10:05:44,125000.0,100,Buy,227972931
2024-08-01 10:05:44,125000.0,300,Sell,227972937
2024-08-01 10:05:51,125000.0,100,Sell,227973212
2024-08-01 10:06:00,125000.0,1500,Sell,227973745
2024-08-01 10:06:00,125000.0,100,Sell,227973746
2024-08-01 10:06:33,125000.0,100,Buy,227975169
2024-08-01 10:07:07,125000.0,100,Buy,227976337
2024-08-01 10:07:07,125000.0,300,Buy,227976336
2024-08-01 10:07:31,125000.0,100,Buy,227977169
2024-08-01 10:07:58,124200.0,100,Sell,227978063
2024-08-01 10:08:07,124200.0,100,Sell,227978361
2024-08-01 10:08:52,124300.0,200,Sell,227979819
2024-08-01 10:08:52,124200.0,100,Sell,227979820
2024-08-01 10:08:52,124200.0,700,Sell,227979821
2024-08-01 10:09:04,124200.0,500,Buy,227980180
2024-08-01 10:09:11,124200.0,100,Buy,227980408
2024-08-01 10:09:15,124200.0,100,Buy,227980503
2024-08-01 10:09:15,124200.0,100,Buy,227980518
2024-08-01 10:09:23,124100.0,100,Sell,227980776
2024-08-01 10:09:40,124200.0,100,Buy,227981257
2024-08-01 10:09:54,124200.0,300,Buy,227981628
2024-08-01 10:09:54,124100.0,200,Sell,227981635
2024-08-01 10:09:54,124100.0,800,Sell,227981636
2024-08-01 10:10:06,124100.0,200,Sell,227981904
2024-08-01 10:10:10,124200.0,500,Buy,227982047
2024-08-01 10:10:18,124200.0,1700,Buy,227982254
2024-08-01 10:10:25,124200.0,500,Buy,227982411
2024-08-01 10:10:35,124200.0,500,Buy,227982630
2024-08-01 10:10:35,124100.0,100,Sell,227982627
2024-08-01 10:10:43,124200.0,100,Buy,227982936
2024-08-01 10:10:48,124200.0,200,Buy,227983025
2024-08-01 10:10:58,124200.0,200,Buy,227983209
2024-08-01 10:11:02,124100.0,200,Sell,227983300
2024-08-01 10:11:02,124100.0,100,Sell,227983301
2024-08-01 10:11:02,124100.0,200,Sell,227983302
2024-08-01 10:11:08,124000.0,100,Sell,227983436
2024-08-01 10:11:24,124000.0,100,Sell,227983777
2024-08-01 10:11:31,124000.0,100,Sell,227983945
2024-08-01 10:11:34,124000.0,700,Sell,227984018
2024-08-01 10:11:34,124000.0,300,Sell,227984019
2024-08-01 10:11:48,124000.0,200,Sell,227984450
2024-08-01 10:11:57,124000.0,100,Sell,227984703
2024-08-01 10:12:05,124100.0,500,Buy,227984917
2024-08-01 10:12:11,124100.0,500,Buy,227985067
2024-08-01 10:12:11,124100.0,1000,Buy,227985068
2024-08-01 10:12:13,124100.0,100,Sell,227985102
2024-08-01 10:12:22,124100.0,100,Sell,227985271
2024-08-01 10:12:22,124100.0,400,Sell,227985270
2024-08-01 10:12:49,124200.0,100,Buy,227985783
2024-08-01 10:12:59,124200.0,100,Buy,227985956
2024-08-01 10:13:11,124200.0,100,Buy,227986122
2024-08-01 10:13:13,124200.0,3800,Buy,227986139
2024-08-01 10:13:13,124200.0,1200,Buy,227986140
2024-08-01 10:13:18,124200.0,100,Buy,227986225
2024-08-01 10:13:21,124200.0,700,Buy,227986275
2024-08-01 10:13:21,124200.0,1000,Buy,227986276
2024-08-01 10:13:32,124200.0,300,Sell,227986457
2024-08-01 10:13:42,124200.0,100,Buy,227986659
2024-08-01 10:13:44,124200.0,1000,Buy,227986685
2024-08-01 10:14:30,124200.0,1000,Buy,227987465
2024-08-01 10:15:05,124200.0,100,Buy,227988082
2024-08-01 10:15:17,124200.0,200,Buy,227988317
2024-08-01 10:16:59,124300.0,100,Sell,227990091
2024-08-01 10:16:59,124300.0,100,Sell,227990090
2024-08-01 10:17:22,124300.0,400,Sell,227990599
2024-08-01 10:17:40,124300.0,100,Sell,227991004
2024-08-01 10:17:49,124400.0,100,Sell,227991181
2024-08-01 10:19:43,124400.0,100,Sell,227993406
2024-08-01 10:19:55,124400.0,100,Sell,227993683
2024-08-01 10:20:05,124300.0,400,Sell,227993932
2024-08-01 10:20:05,124300.0,1000,Sell,227993931
2024-08-01 10:20:05,124300.0,200,Sell,227993930
2024-08-01 10:20:05,124400.0,300,Sell,227993928
2024-08-01 10:20:05,124400.0,400,Sell,227993927
2024-08-01 10:20:05,124400.0,400,Sell,227993926
2024-08-01 10:20:05,124400.0,300,Sell,227993929
2024-08-01 10:22:13,124300.0,100,Sell,227996721
2024-08-01 10:22:13,124300.0,900,Sell,227996722
2024-08-01 10:22:16,124300.0,500,Sell,227996803
2024-08-01 10:22:20,124300.0,100,Sell,227996878
2024-08-01 10:22:31,124300.0,100,Sell,227997093
2024-08-01 10:22:38,125000.0,300,Buy,227997263
2024-08-01 10:22:38,124500.0,500,Buy,227997261
2024-08-01 10:22:38,124500.0,200,Buy,227997262
2024-08-01 10:25:09,124300.0,100,Sell,228000256
2024-08-01 10:25:16,124300.0,400,Sell,228000443
2024-08-01 10:25:19,124300.0,100,Sell,228000511
2024-08-01 10:26:29,124500.0,100,Sell,228002342
2024-08-01 10:26:29,124300.0,200,Sell,228002343
2024-08-01 10:28:51,124400.0,100,Sell,228005377
2024-08-01 10:28:51,124400.0,900,Sell,228005378
2024-08-01 10:29:05,124400.0,100,Sell,228005662
2024-08-01 10:30:29,124400.0,1000,Sell,228007618
2024-08-01 10:30:29,124400.0,4000,Sell,228007617
2024-08-01 10:31:15,124400.0,100,Sell,228008954
2024-08-01 10:31:15,124400.0,100,Sell,228008955
2024-08-01 10:31:15,124400.0,200,Sell,228008953
2024-08-01 10:33:10,124300.0,200,Sell,228012449
2024-08-01 10:33:10,124300.0,100,Sell,228012450
2024-08-01 10:33:10,124300.0,700,Sell,228012451
2024-08-01 10:33:13,124300.0,1000,Sell,228012555
2024-08-01 10:33:13,124300.0,200,Sell,228012556
2024-08-01 10:33:13,124300.0,100,Sell,228012557
2024-08-01 10:33:49,124200.0,200,Sell,228013523
2024-08-01 10:33:55,124200.0,300,Sell,228013896
2024-08-01 10:33:55,124200.0,100,Sell,228013895
2024-08-01 10:34:12,124200.0,1100,Sell,228014449
2024-08-01 10:34:58,124200.0,200,Sell,228015920
2024-08-01 10:34:58,124200.0,100,Sell,228015921
2024-08-01 10:34:58,124200.0,100,Sell,228015922
2024-08-01 10:34:58,124200.0,1600,Sell,228015919
2024-08-01 10:35:25,124200.0,100,Sell,228017203
2024-08-01 10:35:49,124200.0,100,Buy,228017957
2024-08-01 10:36:17,124100.0,1000,Sell,228018873
2024-08-01 10:36:17,124100.0,100,Sell,228018874
2024-08-01 10:36:17,124100.0,100,Sell,228018875
2024-08-01 10:36:17,124100.0,100,Sell,228018876
2024-08-01 10:37:03,124000.0,100,Sell,228020231
2024-08-01 10:37:45,124000.0,100,Sell,228021374
2024-08-01 10:37:45,124000.0,100,Sell,228021375
2024-08-01 10:37:45,124000.0,300,Sell,228021373
2024-08-01 10:38:27,124000.0,400,Sell,228022449
2024-08-01 10:38:27,124000.0,200,Sell,228022450
2024-08-01 10:38:27,124000.0,400,Sell,228022451
2024-08-01 10:38:57,124000.0,1300,Sell,228023099
2024-08-01 10:38:57,124000.0,300,Sell,228023098
2024-08-01 10:38:57,124000.0,100,Sell,228023097
2024-08-01 10:38:57,124000.0,100,Sell,228023096
2024-08-01 10:38:57,124000.0,500,Sell,228023094
2024-08-01 10:38:57,124000.0,100,Sell,228023093
2024-08-01 10:38:57,124000.0,100,Sell,228023092
2024-08-01 10:38:57,124000.0,100,Sell,228023091
2024-08-01 10:38:57,124000.0,100,Sell,228023090
2024-08-01 10:38:57,124000.0,300,Sell,228023095
2024-08-01 10:39:21,124100.0,1000,Buy,228023639
2024-08-01 10:39:27,124100.0,100,Buy,228023750
2024-08-01 10:39:36,124100.0,100,Buy,228023926
2024-08-01 10:39:42,124100.0,200,Buy,228024097
2024-08-01 10:40:18,124000.0,1000,Sell,228024855
2024-08-01 10:40:18,124000.0,700,Sell,228024853
2024-08-01 10:40:18,124000.0,100,Sell,228024854
2024-08-01 10:40:42,124000.0,200,Sell,228025309
2024-08-01 10:41:42,124000.0,200,Sell,228026723
2024-08-01 10:41:42,124000.0,200,Sell,228026724
2024-08-01 10:41:42,124000.0,100,Sell,228026725
2024-08-01 10:41:42,124000.0,200,Sell,228026726
2024-08-01 10:41:42,124000.0,300,Sell,228026727
2024-08-01 10:41:42,124000.0,100,Sell,228026728
2024-08-01 10:41:43,124000.0,300,Sell,228026736
2024-08-01 10:41:43,124000.0,200,Sell,228026735
2024-08-01 10:41:43,124000.0,1000,Sell,228026732
2024-08-01 10:41:43,124000.0,100,Sell,228026733
2024-08-01 10:41:43,124000.0,100,Sell,228026734
2024-08-01 10:41:43,124000.0,100,Sell,228026731
2024-08-01 10:41:46,124000.0,100,Buy,228026801
2024-08-01 10:41:50,124000.0,200,Buy,228026867
2024-08-01 10:42:09,124000.0,1000,Buy,228027264
2024-08-01 10:42:10,124000.0,800,Buy,228027289
2024-08-01 10:42:10,124000.0,200,Buy,228027290
2024-08-01 10:42:44,123900.0,100,Sell,228027957
2024-08-01 10:42:44,123900.0,100,Sell,228027958
2024-08-01 10:43:22,124300.0,700,Buy,228028779
2024-08-01 10:43:22,124200.0,5000,Buy,228028778
2024-08-01 10:43:22,124200.0,600,Buy,228028777
2024-08-01 10:43:22,124200.0,200,Buy,228028776
2024-08-01 10:43:22,124100.0,200,Buy,228028775
2024-08-01 10:43:22,124100.0,200,Buy,228028774
2024-08-01 10:43:22,124300.0,500,Buy,228028781
2024-08-01 10:43:22,124100.0,200,Buy,228028772
2024-08-01 10:43:22,124100.0,200,Buy,228028773
2024-08-01 10:43:22,124000.0,1000,Buy,228028766
2024-08-01 10:43:22,124000.0,200,Buy,228028767
2024-08-01 10:43:22,124300.0,200,Buy,228028780
2024-08-01 10:43:22,124100.0,1000,Buy,228028769
2024-08-01 10:43:22,124100.0,2300,Buy,228028768
2024-08-01 10:43:22,124100.0,200,Buy,228028770
2024-08-01 10:43:22,124100.0,200,Buy,228028771
2024-08-01 10:44:06,124000.0,100,Buy,228029606
2024-08-01 10:44:09,124000.0,100,Buy,228029656
2024-08-01 10:46:54,124000.0,100,Buy,228032664
2024-08-01 10:47:11,123900.0,100,Sell,228032887
2024-08-01 10:47:31,123900.0,100,Buy,228033328
2024-08-01 10:47:58,123900.0,100,Buy,228033781
2024-08-01 10:48:38,123800.0,100,Sell,228034384
2024-08-01 10:48:38,123800.0,100,Sell,228034382
2024-08-01 10:48:38,123800.0,100,Sell,228034383
2024-08-01 10:48:40,123800.0,100,Buy,228034405
2024-08-01 10:49:05,123800.0,200,Buy,228034836
2024-08-01 10:49:32,123700.0,100,Sell,228035379
2024-08-01 10:49:32,123600.0,100,Sell,228035380
2024-08-01 10:49:32,123600.0,100,Sell,228035381
2024-08-01 10:49:32,123600.0,100,Sell,228035382
2024-08-01 10:49:32,123600.0,600,Sell,228035383
2024-08-01 10:50:03,123600.0,200,Sell,228036038
2024-08-01 10:50:06,123600.0,200,Sell,228036104
2024-08-01 10:50:25,123600.0,100,Buy,228036480
2024-08-01 10:50:27,123600.0,100,Buy,228036518
2024-08-01 10:50:52,123600.0,100,Sell,228037079
2024-08-01 10:50:53,123500.0,100,Sell,228037090
2024-08-01 10:50:54,123500.0,100,Sell,228037091
2024-08-01 10:50:54,123500.0,200,Sell,228037092
2024-08-01 10:51:38,123600.0,100,Sell,228037966
2024-08-01 10:52:52,123500.0,500,Sell,228039851
2024-08-01 10:52:52,123500.0,1000,Sell,228039852
2024-08-01 10:52:52,123500.0,200,Sell,228039853
2024-08-01 10:52:52,123500.0,300,Sell,228039854
2024-08-01 10:52:52,123500.0,4000,Sell,228039855
2024-08-01 10:53:58,123600.0,100,Sell,228042034
2024-08-01 10:55:07,123500.0,400,Sell,228045645
2024-08-01 10:55:11,123400.0,100,Sell,228045841
2024-08-01 10:55:11,123400.0,100,Sell,228045842
2024-08-01 10:55:11,123200.0,200,Sell,228045843
2024-08-01 10:55:11,123200.0,500,Sell,228045859
2024-08-01 10:55:11,123500.0,100,Sell,228045840
2024-08-01 10:55:27,123500.0,100,Sell,228046825
2024-08-01 10:55:32,123500.0,200,Sell,228047154
2024-08-01 10:58:21,123200.0,500,Sell,228057246
2024-08-01 10:58:36,123200.0,500,Sell,228057881
2024-08-01 10:58:37,123200.0,200,Sell,228057922
2024-08-01 10:58:37,123200.0,100,Sell,228057924
2024-08-01 10:58:37,123200.0,300,Sell,228057921
2024-08-01 10:58:37,123200.0,100,Sell,228057923
2024-08-01 10:59:36,123100.0,100,Sell,228060437
2024-08-01 10:59:36,123100.0,200,Sell,228060438
2024-08-01 10:59:36,123100.0,700,Sell,228060439
2024-08-01 11:00:05,123100.0,300,Sell,228061492
2024-08-01 11:00:09,123200.0,100,Buy,228061600
2024-08-01 11:00:37,123200.0,100,Buy,228062728
2024-08-01 11:01:54,123200.0,400,Sell,228065278
2024-08-01 11:02:02,123200.0,100,Sell,228065530
2024-08-01 11:02:32,123100.0,800,Sell,228066580
2024-08-01 11:02:32,123100.0,4100,Sell,228066581
2024-08-01 11:02:32,123100.0,100,Sell,228066579
2024-08-01 11:03:05,123200.0,100,Buy,228067615
2024-08-01 11:03:11,123100.0,900,Sell,228067929
2024-08-01 11:03:11,123100.0,100,Sell,228067930
2024-08-01 11:03:11,123100.0,200,Sell,228067931
2024-08-01 11:03:14,123100.0,100,Buy,228068075
2024-08-01 11:04:05,123200.0,1000,Buy,228069645
2024-08-01 11:04:06,123100.0,5000,Sell,228069671
2024-08-01 11:04:07,123200.0,100,Buy,228069684
2024-08-01 11:04:08,123200.0,100,Buy,228069699
2024-08-01 11:04:16,123200.0,100,Buy,228069930
2024-08-01 11:04:16,123200.0,100,Buy,228069931
2024-08-01 11:04:19,123200.0,100,Buy,228070036
2024-08-01 11:04:31,123200.0,900,Sell,228070355
2024-08-01 11:04:43,123200.0,600,Buy,228070623
2024-08-01 11:04:57,123200.0,100,Buy,228070944
2024-08-01 11:05:11,123200.0,500,Buy,228071277
2024-08-01 11:05:12,123100.0,100,Sell,228071281
2024-08-01 11:05:16,123200.0,500,Buy,228071380
2024-08-01 11:05:16,123200.0,200,Buy,228071381
2024-08-01 11:05:16,123200.0,200,Buy,228071382
2024-08-01 11:05:22,123200.0,100,Sell,228071498
2024-08-01 11:05:32,123100.0,2000,Sell,228071671
2024-08-01 11:05:32,123100.0,100,Sell,228071669
2024-08-01 11:05:32,123100.0,200,Sell,228071670
2024-08-01 11:06:12,123100.0,100,Buy,228072734
2024-08-01 11:06:21,123100.0,200,Buy,228072949
2024-08-01 11:06:25,123100.0,3900,Buy,228073017
2024-08-01 11:06:25,123100.0,200,Buy,228073018
2024-08-01 11:06:25,123100.0,100,Buy,228073019
2024-08-01 11:06:25,123100.0,100,Buy,228073020
2024-08-01 11:07:02,123100.0,100,Sell,228073772
2024-08-01 11:07:12,123100.0,100,Sell,228073973
2024-08-01 11:07:25,123100.0,100,Sell,228074221
2024-08-01 11:07:40,123300.0,100,Buy,228074510
2024-08-01 11:07:49,123300.0,100,Buy,228074630
2024-08-01 11:08:08,123100.0,100,Sell,228075085
2024-08-01 11:08:35,123100.0,100,Sell,228075564
2024-08-01 11:08:40,123100.0,200,Sell,228075630
2024-08-01 11:08:40,123100.0,800,Sell,228075631
2024-08-01 11:08:52,123100.0,1000,Sell,228075814
2024-08-01 11:08:55,123100.0,1000,Sell,228075862
2024-08-01 11:09:45,123100.0,100,Sell,228076828
2024-08-01 11:09:48,123100.0,100,Sell,228076868
2024-08-01 11:10:07,123000.0,7500,Sell,228077137
2024-08-01 11:10:07,123000.0,100,Sell,228077136
2024-08-01 11:10:07,123000.0,300,Sell,228077135
2024-08-01 11:10:07,123000.0,200,Sell,228077134
2024-08-01 11:10:07,123000.0,200,Sell,228077133
2024-08-01 11:10:07,123100.0,100,Sell,228077130
2024-08-01 11:10:07,123100.0,800,Sell,228077131
2024-08-01 11:10:07,123100.0,300,Sell,228077128
2024-08-01 11:10:07,123100.0,100,Sell,228077127
2024-08-01 11:10:07,123000.0,100,Sell,228077132
2024-08-01 11:10:07,123100.0,300,Sell,228077129
2024-08-01 11:10:18,123000.0,100,Sell,228077333
2024-08-01 11:10:54,123000.0,100,Sell,228078065
2024-08-01 11:11:53,123100.0,200,Buy,228079345
2024-08-01 11:11:53,123100.0,200,Buy,228079344
2024-08-01 11:11:53,123100.0,200,Buy,228079346
2024-08-01 11:12:04,123100.0,100,Sell,228079618
2024-08-01 11:13:14,123100.0,100,Sell,228081086
2024-08-01 11:13:46,123100.0,200,Sell,228081697
2024-08-01 11:13:46,123100.0,1500,Sell,228081698
2024-08-01 11:13:46,123100.0,100,Sell,228081699
2024-08-01 11:13:46,123100.0,700,Sell,228081701
2024-08-01 11:14:23,123100.0,100,Sell,228082484
2024-08-01 11:14:30,123100.0,400,Sell,228082637
2024-08-01 11:15:20,123100.0,500,Sell,228083593
2024-08-01 11:15:20,123100.0,100,Sell,228083592
2024-08-01 11:15:20,123100.0,400,Sell,228083591
2024-08-01 11:15:33,123100.0,100,Sell,228083877
2024-08-01 11:16:04,123100.0,1000,Sell,228084518
2024-08-01 11:16:27,123100.0,3400,Sell,228084955
2024-08-01 11:16:27,123100.0,100,Sell,228084956
2024-08-01 11:16:27,123100.0,1500,Sell,228084957
2024-08-01 11:16:43,123100.0,100,Sell,228085235
2024-08-01 11:17:01,123100.0,400,Sell,228085696
2024-08-01 11:17:01,123100.0,200,Sell,228085697
2024-08-01 11:17:59,123000.0,5000,Sell,228086828
2024-08-01 11:18:08,123000.0,100,Sell,228086976
2024-08-01 11:18:08,123000.0,100,Sell,228086987
2024-08-01 11:18:08,123000.0,7300,Sell,228086975
2024-08-01 11:18:08,123000.0,100,Sell,228086985
2024-08-01 11:18:08,123000.0,100,Sell,228086984
2024-08-01 11:18:08,123000.0,2000,Sell,228086983
2024-08-01 11:18:08,123000.0,100,Sell,228086986
2024-08-01 11:18:08,123000.0,500,Sell,228086981
2024-08-01 11:18:08,123000.0,300,Sell,228086980
2024-08-01 11:18:08,123000.0,500,Sell,228086979
2024-08-01 11:18:08,123000.0,100,Sell,228086978
2024-08-01 11:18:08,123000.0,800,Sell,228086977
2024-08-01 11:18:08,123000.0,1000,Sell,228086982
2024-08-01 11:18:15,123000.0,400,Sell,228087104
2024-08-01 11:18:15,123000.0,100,Sell,228087105
2024-08-01 11:18:15,123000.0,300,Sell,228087106
2024-08-01 11:18:25,123000.0,100,Sell,228087290
2024-08-01 11:18:25,123000.0,300,Sell,228087291
2024-08-01 11:18:25,123000.0,100,Sell,228087292
2024-08-01 11:18:45,123000.0,200,Sell,228087763
2024-08-01 11:18:45,123000.0,200,Sell,228087762
2024-08-01 11:18:45,123000.0,500,Sell,228087755
2024-08-01 11:18:45,123000.0,300,Sell,228087756
2024-08-01 11:18:45,123000.0,100,Sell,228087757
2024-08-01 11:18:45,123000.0,100,Sell,228087754
2024-08-01 11:19:04,123000.0,100,Sell,228088265
2024-08-01 11:19:18,123000.0,500,Sell,228088506
2024-08-01 11:19:40,123000.0,300,Sell,228089018
2024-08-01 11:19:40,123000.0,200,Sell,228089017
2024-08-01 11:20:01,123000.0,1000,Buy,228089517
2024-08-01 11:22:49,122900.0,200,Buy,228093390
2024-08-01 11:23:01,122900.0,200,Buy,228093810
2024-08-01 11:23:18,122800.0,100,Sell,228094325
2024-08-01 11:23:18,122800.0,100,Sell,228094326
2024-08-01 11:23:18,122800.0,200,Sell,228094327
2024-08-01 11:23:18,122800.0,100,Sell,228094328
2024-08-01 11:23:18,122800.0,1500,Sell,228094329
2024-08-01 11:23:24,122800.0,1500,Sell,228094560
2024-08-01 11:25:19,122600.0,100,Sell,228097442
2024-08-01 11:25:19,122500.0,100,Sell,228097443
2024-08-01 11:25:19,122500.0,200,Sell,228097444
2024-08-01 11:26:03,122500.0,100,Sell,228098403
2024-08-01 11:27:13,122600.0,100,Sell,228099949
2024-08-01 11:28:13,122800.0,100,Buy,228101131
2024-08-01 11:28:13,122800.0,100,Buy,228101130
2024-08-01 11:28:35,122800.0,100,Buy,228101655
2024-08-01 11:28:55,122800.0,200,Buy,228102015
2024-08-01 12:59:40,122600.0,100,Sell,228104266
2024-08-01 12:59:40,122600.0,100,Sell,228104267
2024-08-01 12:59:46,122700.0,1000,Buy,228106911
2024-08-01 12:59:50,122600.0,200,Sell,228108421
2024-08-01 12:59:51,122800.0,500,Buy,228108568
2024-08-01 12:59:51,122800.0,100,Buy,228108567
2024-08-01 12:59:51,122800.0,900,Buy,228108570
2024-08-01 12:59:51,122800.0,200,Buy,228108565
2024-08-01 12:59:51,122800.0,100,Buy,228108564
2024-08-01 12:59:51,122800.0,200,Buy,228108566
2024-08-01 12:59:51,122800.0,1000,Buy,228108569
2024-08-01 13:00:41,122700.0,200,Sell,228113558
2024-08-01 13:00:57,122500.0,200,Sell,228114451
2024-08-01 13:00:57,122600.0,300,Sell,228114446
2024-08-01 13:00:57,122500.0,500,Sell,228114447
2024-08-01 13:00:57,122500.0,1000,Sell,228114448
2024-08-01 13:00:57,122500.0,500,Sell,228114449
2024-08-01 13:00:57,122500.0,100,Sell,228114450
2024-08-01 13:02:12,122400.0,100,Buy,228118598
2024-08-01 13:02:32,122300.0,500,Sell,228119654
2024-08-01 13:02:32,122300.0,100,Sell,228119653
2024-08-01 13:02:43,122300.0,200,Sell,228120343
2024-08-01 13:02:55,122300.0,100,Sell,228120940
2024-08-01 13:03:02,122300.0,100,Sell,228121626
2024-08-01 13:03:40,122300.0,100,Sell,228123457
2024-08-01 13:03:40,122300.0,500,Sell,228123458
2024-08-01 13:03:40,122300.0,400,Sell,228123459
2024-08-01 13:03:53,122100.0,5000,Sell,228124076
2024-08-01 13:03:53,122100.0,100,Sell,228124075
2024-08-01 13:03:53,122200.0,4100,Sell,228124073
2024-08-01 13:03:53,122300.0,600,Sell,228124072
2024-08-01 13:03:53,122200.0,100,Sell,228124074
2024-08-01 13:04:03,122000.0,100,Sell,228124548
2024-08-01 13:04:03,122000.0,100,Sell,228124547
2024-08-01 13:04:03,122000.0,100,Sell,228124546
2024-08-01 13:04:03,122000.0,500,Sell,228124545
2024-08-01 13:04:03,122000.0,100,Sell,228124544
2024-08-01 13:04:03,122000.0,100,Sell,228124543
2024-08-01 13:04:03,122000.0,200,Sell,228124542
2024-08-01 13:04:03,122000.0,200,Sell,228124541
2024-08-01 13:04:03,122000.0,100,Sell,228124540
2024-08-01 13:04:03,122000.0,1000,Sell,228124538
2024-08-01 13:04:03,122000.0,100,Sell,228124537
2024-08-01 13:04:03,122000.0,100,Sell,228124536
2024-08-01 13:04:03,122000.0,100,Sell,228124535
2024-08-01 13:04:03,122000.0,300,Sell,228124534
2024-08-01 13:04:03,122000.0,200,Sell,228124533
2024-08-01 13:04:03,122000.0,1000,Sell,228124532
2024-08-01 13:04:03,122000.0,500,Sell,228124531
2024-08-01 13:04:03,122000.0,100,Sell,228124530
2024-08-01 13:04:03,122000.0,100,Sell,228124539
2024-08-01 13:04:12,122000.0,100,Sell,228125040
2024-08-01 13:04:15,122100.0,100,Buy,228125209
2024-08-01 13:04:15,122000.0,200,Sell,228125171
2024-08-01 13:04:15,122100.0,100,Buy,228125208
2024-08-01 13:04:25,122000.0,100,Sell,228125654
2024-08-01 13:04:30,122000.0,200,Sell,228126209
2024-08-01 13:04:30,122000.0,500,Sell,228126228
2024-08-01 13:05:06,121800.0,100,Sell,228128155
2024-08-01 13:05:06,121800.0,100,Sell,228128156
2024-08-01 13:05:18,121900.0,200,Buy,228128744
2024-08-01 13:05:28,121900.0,100,Buy,228129362
2024-08-01 13:05:28,121900.0,100,Buy,228129361
2024-08-01 13:05:56,121800.0,100,Sell,228130848
2024-08-01 13:06:45,121800.0,200,Buy,228132956
2024-08-01 13:06:45,121800.0,100,Buy,228132958
2024-08-01 13:06:45,121800.0,100,Buy,228132955
2024-08-01 13:06:45,121800.0,100,Buy,228132957
2024-08-01 13:07:03,121800.0,1000,Buy,228133816
2024-08-01 13:07:03,121800.0,100,Buy,228133813
2024-08-01 13:07:03,121800.0,100,Buy,228133814
2024-08-01 13:07:03,121800.0,200,Buy,228133815
2024-08-01 13:07:31,121800.0,700,Sell,228134867
2024-08-01 13:07:42,121800.0,200,Sell,228135293
2024-08-01 13:08:23,121800.0,100,Sell,228136787
2024-08-01 13:08:47,121800.0,300,Sell,228137606
2024-08-01 13:08:52,121800.0,200,Sell,228137847
2024-08-01 13:08:54,121800.0,100,Sell,228137917
2024-08-01 13:08:55,121800.0,100,Sell,228137929
2024-08-01 13:09:00,121800.0,100,Sell,228138112
2024-08-01 13:09:31,122000.0,3700,Buy,228139126
2024-08-01 13:09:31,121900.0,100,Buy,228139119
2024-08-01 13:09:31,121900.0,100,Buy,228139120
2024-08-01 13:09:31,121900.0,200,Buy,228139121
2024-08-01 13:09:31,121900.0,200,Buy,228139122
2024-08-01 13:09:31,121900.0,200,Buy,228139123
2024-08-01 13:09:31,121900.0,200,Buy,228139124
2024-08-01 13:09:31,121900.0,300,Buy,228139125
2024-08-01 13:09:39,122000.0,300,Buy,228139366
2024-08-01 13:09:53,122000.0,100,Buy,228139928
2024-08-01 13:09:55,122000.0,200,Buy,228140029
2024-08-01 13:10:00,121900.0,100,Sell,228140218
2024-08-01 13:10:00,121900.0,1000,Sell,228140219
2024-08-01 13:10:15,121900.0,100,Buy,228140787
2024-08-01 13:10:22,121900.0,100,Buy,228141016
2024-08-01 13:10:23,121800.0,200,Sell,228141053
2024-08-01 13:10:23,121800.0,1000,Sell,228141054
2024-08-01 13:10:23,121800.0,200,Sell,228141051
2024-08-01 13:10:23,121800.0,1000,Sell,228141049
2024-08-01 13:10:23,121800.0,700,Sell,228141052
2024-08-01 13:10:24,121800.0,100,Buy,228141069
2024-08-01 13:10:34,121800.0,200,Buy,228141470
2024-08-01 13:10:35,121800.0,800,Buy,228141488
2024-08-01 13:10:36,121800.0,100,Buy,228141512
2024-08-01 13:10:37,121800.0,100,Buy,228141542
2024-08-01 13:10:37,121600.0,4000,Sell,228141565
2024-08-01 13:10:40,121800.0,100,Buy,228141671
2024-08-01 13:10:44,121800.0,1000,Buy,228141824
2024-08-01 13:10:49,121800.0,100,Buy,228142001
2024-08-01 13:10:51,121800.0,200,Buy,228142044
2024-08-01 13:10:52,121800.0,400,Buy,228142063
2024-08-01 13:10:52,121800.0,200,Buy,228142062
2024-08-01 13:10:53,121900.0,100,Buy,228142115
2024-08-01 13:11:11,121900.0,100,Buy,228142755
2024-08-01 13:11:11,121900.0,100,Buy,228142756
2024-08-01 13:11:18,121900.0,100,Buy,228143004
2024-08-01 13:11:28,121900.0,200,Buy,228143271
2024-08-01 13:11:30,121900.0,100,Buy,228143333
2024-08-01 13:11:34,121900.0,100,Buy,228143519
2024-08-01 13:11:58,121900.0,200,Buy,228144236
2024-08-01 13:12:13,121900.0,100,Buy,228144811
2024-08-01 13:12:28,121800.0,100,Sell,228145383
2024-08-01 13:12:28,121800.0,400,Sell,228145382
2024-08-01 13:13:06,121800.0,300,Sell,228147147
2024-08-01 13:13:15,121800.0,200,Sell,228147523
2024-08-01 13:13:19,121800.0,100,Sell,228147782
2024-08-01 13:13:19,121800.0,100,Sell,228147783
2024-08-01 13:13:51,121800.0,100,Buy,228149261
2024-08-01 13:13:54,121700.0,100,Sell,228149404
2024-08-01 13:13:54,121700.0,100,Sell,228149405
2024-08-01 13:13:54,121700.0,100,Sell,228149406
2024-08-01 13:13:54,121700.0,100,Sell,228149407
2024-08-01 13:13:57,121700.0,100,Buy,228149600
2024-08-01 13:14:41,121700.0,100,Sell,228151841
2024-08-01 13:14:41,121700.0,200,Sell,228151840
2024-08-01 13:14:41,121700.0,1000,Sell,228151842
2024-08-01 13:14:42,121600.0,100,Sell,228151878
2024-08-01 13:14:49,121600.0,200,Sell,228152200
2024-08-01 13:14:49,121600.0,1200,Sell,228152211
2024-08-01 13:14:51,121600.0,200,Sell,228152312
2024-08-01 13:14:52,121600.0,100,Sell,228152437
2024-08-01 13:14:55,121700.0,300,Buy,228152542
2024-08-01 13:14:55,121600.0,300,Sell,228152552
2024-08-01 13:15:36,121600.0,700,Sell,228154252
2024-08-01 13:15:49,121700.0,100,Buy,228154776
2024-08-01 13:16:16,121700.0,200,Buy,228156105
2024-08-01 13:16:27,121700.0,100,Buy,228156508
2024-08-01 13:17:00,121600.0,1000,Sell,228157869
2024-08-01 13:17:01,121600.0,100,Sell,228157907
2024-08-01 13:17:04,121700.0,400,Buy,228158035
2024-08-01 13:17:24,121700.0,200,Buy,228158745
2024-08-01 13:17:34,121700.0,1000,Buy,228159158
2024-08-01 13:17:52,121700.0,300,Buy,228159884
2024-08-01 13:18:10,121700.0,100,Buy,228160673
2024-08-01 13:18:21,121700.0,100,Buy,228161086
2024-08-01 13:18:29,121700.0,100,Buy,228161396
2024-08-01 13:18:30,121700.0,100,Buy,228161422
2024-08-01 13:18:32,121700.0,200,Buy,228161494
2024-08-01 13:19:15,121700.0,100,Buy,228163133
2024-08-01 13:19:22,121700.0,100,Buy,228163371
2024-08-01 13:19:23,121600.0,400,Sell,228163402
2024-08-01 13:19:30,121700.0,1800,Buy,228163804
2024-08-01 13:19:42,121600.0,5000,Sell,228164217
2024-08-01 13:20:05,121600.0,700,Sell,228165065
2024-08-01 13:20:08,121700.0,500,Buy,228165210
2024-08-01 13:20:08,121700.0,100,Buy,228165211
2024-08-01 13:20:08,121700.0,100,Buy,228165212
2024-08-01 13:20:08,121700.0,300,Buy,228165213
2024-08-01 13:20:15,121700.0,100,Buy,228165688
2024-08-01 13:20:23,121700.0,200,Buy,228165970
2024-08-01 13:20:52,121700.0,100,Buy,228167290
2024-08-01 13:21:00,121700.0,100,Buy,228167611
2024-08-01 13:21:14,121700.0,100,Buy,228168182
2024-08-01 13:22:38,121600.0,100,Sell,228172610
2024-08-01 13:22:51,121600.0,100,Sell,228173506
2024-08-01 13:23:03,121600.0,100,Sell,228174012
2024-08-01 13:23:12,121600.0,100,Sell,228174349
2024-08-01 13:23:15,121600.0,100,Sell,228174478
2024-08-01 13:23:15,121600.0,700,Sell,228174479
2024-08-01 13:23:15,121600.0,200,Sell,228174477
2024-08-01 13:23:15,121600.0,700,Sell,228174473
2024-08-01 13:23:15,121600.0,100,Sell,228174475
2024-08-01 13:23:15,121600.0,100,Sell,228174474
2024-08-01 13:23:15,121600.0,100,Sell,228174476
2024-08-01 13:23:23,121600.0,2000,Sell,228174833
2024-08-01 13:23:27,121600.0,100,Sell,228175058
2024-08-01 13:23:40,121700.0,100,Buy,228175493
2024-08-01 13:23:40,121700.0,100,Buy,228175494
2024-08-01 13:23:47,121600.0,200,Sell,228175710
2024-08-01 13:23:47,121600.0,100,Sell,228175711
2024-08-01 13:23:47,121600.0,100,Sell,228175712
2024-08-01 13:23:47,121600.0,200,Sell,228175713
2024-08-01 13:23:47,121600.0,400,Sell,228175714
2024-08-01 13:24:01,121600.0,100,Sell,228176277
2024-08-01 13:24:02,121700.0,300,Buy,228176321
2024-08-01 13:24:02,121700.0,400,Buy,228176322
2024-08-01 13:24:37,121600.0,100,Sell,228177820
2024-08-01 13:24:37,121600.0,100,Sell,228177822
2024-08-01 13:24:37,121600.0,100,Sell,228177821
2024-08-01 13:24:37,121600.0,100,Sell,228177818
2024-08-01 13:24:37,121600.0,100,Sell,228177819
2024-08-01 13:24:46,121600.0,100,Sell,228178213
2024-08-01 13:24:46,121600.0,100,Sell,228178214
2024-08-01 13:24:46,121600.0,100,Sell,228178215
2024-08-01 13:24:55,121500.0,200,Sell,228178677
2024-08-01 13:24:55,121500.0,500,Sell,228178678
2024-08-01 13:24:55,121500.0,300,Sell,228178679
2024-08-01 13:25:09,121400.0,200,Sell,228179255
2024-08-01 13:25:09,121400.0,300,Sell,228179254
2024-08-01 13:25:09,121400.0,100,Sell,228179253
2024-08-01 13:25:09,121400.0,500,Sell,228179252
2024-08-01 13:25:09,121400.0,200,Sell,228179250
2024-08-01 13:25:09,121400.0,500,Sell,228179251
2024-08-01 13:25:09,121400.0,100,Sell,228179248
2024-08-01 13:25:09,121500.0,100,Sell,228179247
2024-08-01 13:25:09,121500.0,100,Sell,228179246
2024-08-01 13:25:09,121500.0,100,Sell,228179245
2024-08-01 13:25:09,121500.0,200,Sell,228179244
2024-08-01 13:25:09,121400.0,300,Sell,228179249
2024-08-01 13:25:22,121000.0,100,Sell,228179802
2024-08-01 13:25:22,121000.0,300,Sell,228179803
2024-08-01 13:25:22,121000.0,100,Sell,228179804
2024-08-01 13:25:22,121000.0,100,Sell,228179805
2024-08-01 13:25:22,121000.0,100,Sell,228179806
2024-08-01 13:25:22,121000.0,100,Sell,228179809
2024-08-01 13:25:22,121000.0,100,Sell,228179808
2024-08-01 13:25:22,121000.0,100,Sell,228179810
2024-08-01 13:25:22,121000.0,100,Sell,228179811
2024-08-01 13:25:22,121000.0,100,Sell,228179807
2024-08-01 13:25:22,121000.0,200,Sell,228179801
2024-08-01 13:25:22,121000.0,100,Sell,228179812
2024-08-01 13:25:22,121000.0,5000,Sell,228179799
2024-08-01 13:25:22,121000.0,100,Sell,228179798
2024-08-01 13:25:22,121000.0,300,Sell,228179797
2024-08-01 13:25:22,121000.0,500,Sell,228179796
2024-08-01 13:25:22,121000.0,700,Sell,228179795
2024-08-01 13:25:22,121000.0,500,Sell,228179794
2024-08-01 13:25:22,121000.0,100,Sell,228179793
2024-08-01 13:25:22,121100.0,5000,Sell,228179792
2024-08-01 13:25:22,121200.0,100,Sell,228179790
2024-08-01 13:25:22,121200.0,100,Sell,228179789
2024-08-01 13:25:22,121000.0,100,Sell,228179800
2024-08-01 13:25:22,121100.0,100,Sell,228179791
2024-08-01 13:25:22,121000.0,500,Sell,228179813
2024-08-01 13:25:22,121000.0,400,Sell,228179815
2024-08-01 13:25:22,121000.0,100,Sell,228179818
2024-08-01 13:25:22,121000.0,500,Sell,228179814
2024-08-01 13:25:22,121000.0,100,Sell,228179816
2024-08-01 13:25:22,121000.0,300,Sell,228179817
2024-08-01 13:25:36,121000.0,500,Sell,228180624
2024-08-01 13:25:36,121000.0,300,Sell,228180623
2024-08-01 13:25:36,121000.0,100,Sell,228180625
2024-08-01 13:25:53,121000.0,100,Buy,228181315
2024-08-01 13:25:53,121000.0,900,Buy,228181316
2024-08-01 13:26:01,121000.0,500,Buy,228181661
2024-08-01 13:26:05,121000.0,200,Buy,228181805
2024-08-01 13:26:10,120800.0,100,Sell,228182047
2024-08-01 13:26:12,121000.0,100,Buy,228182117
2024-08-01 13:26:36,121000.0,100,Buy,228183190
2024-08-01 13:26:40,121000.0,100,Buy,228183363
2024-08-01 13:26:48,121000.0,1000,Buy,228183724
2024-08-01 13:26:49,121000.0,100,Buy,228183824
2024-08-01 13:26:52,121000.0,900,Buy,228183938
2024-08-01 13:26:52,121000.0,200,Buy,228183939
2024-08-01 13:26:52,121000.0,100,Buy,228183940
2024-08-01 13:26:52,121000.0,100,Buy,228183941
2024-08-01 13:26:52,121000.0,100,Buy,228183942
2024-08-01 13:26:52,121000.0,200,Buy,228183943
2024-08-01 13:26:52,121000.0,100,Buy,228183928
2024-08-01 13:27:10,121000.0,100,Sell,228184753
2024-08-01 13:27:22,121000.0,100,Sell,228185646
2024-08-01 13:27:22,121000.0,300,Sell,228185644
2024-08-01 13:27:22,121000.0,100,Sell,228185645
2024-08-01 13:27:28,120900.0,100,Sell,228185966
2024-08-01 13:27:28,120900.0,400,Sell,228185967
2024-08-01 13:27:31,120900.0,100,Sell,228186091
2024-08-01 13:28:03,121000.0,100,Buy,228188713
2024-08-01 13:28:19,121000.0,500,Buy,228189778
2024-08-01 13:28:41,121000.0,100,Sell,228191370
2024-08-01 13:29:44,121000.0,200,Sell,228197358
2024-08-01 13:29:49,121000.0,100,Sell,228197782
2024-08-01 13:29:49,121000.0,100,Sell,228197781
2024-08-01 13:29:49,121000.0,200,Sell,228197779
2024-08-01 13:29:49,121000.0,100,Sell,228197780
2024-08-01 13:29:59,121000.0,500,Buy,228198776
2024-08-01 13:29:59,121000.0,100,Buy,228198777
2024-08-01 13:29:59,121000.0,200,Buy,228198778
2024-08-01 13:29:59,121000.0,100,Buy,228198779
2024-08-01 13:30:10,121000.0,1300,Sell,228199729
2024-08-01 13:30:24,120900.0,400,Sell,228201140
2024-08-01 13:30:26,121000.0,100,Buy,228201289
2024-08-01 13:30:32,121000.0,200,Buy,228201808
2024-08-01 13:30:33,120900.0,500,Sell,228201850
2024-08-01 13:31:00,120900.0,100,Sell,228204189
2024-08-01 13:32:07,121000.0,100,Buy,228209518
2024-08-01 13:32:15,121000.0,300,Buy,228210121
2024-08-01 13:32:15,121000.0,200,Buy,228210119
2024-08-01 13:32:15,121000.0,500,Buy,228210120
2024-08-01 13:32:30,121000.0,100,Buy,228211205
2024-08-01 13:32:41,120900.0,100,Sell,228211903
2024-08-01 13:32:41,120900.0,100,Sell,228211904
2024-08-01 13:32:41,120900.0,100,Sell,228211905
2024-08-01 13:32:41,120900.0,100,Sell,228211906
2024-08-01 13:32:41,120900.0,2100,Sell,228211907
2024-08-01 13:32:41,120900.0,500,Sell,228211902
2024-08-01 13:32:42,120900.0,100,Sell,228211944
2024-08-01 13:32:42,120900.0,600,Sell,228211942
2024-08-01 13:32:42,120900.0,100,Sell,228211943
2024-08-01 13:32:49,120900.0,200,Buy,228212455
2024-08-01 13:32:56,120900.0,100,Sell,228212948
2024-08-01 13:33:20,120900.0,100,Sell,228214803
2024-08-01 13:33:24,120900.0,100,Sell,228215038
2024-08-01 13:33:44,120900.0,100,Sell,228216646
2024-08-01 13:33:44,120900.0,100,Sell,228216647
2024-08-01 13:33:45,120900.0,100,Buy,228216785
2024-08-01 13:33:58,120800.0,500,Sell,228217678
2024-08-01 13:34:03,120800.0,400,Sell,228218202
2024-08-01 13:34:03,120800.0,400,Sell,228218201
2024-08-01 13:34:08,120800.0,600,Sell,228218606
2024-08-01 13:34:20,120800.0,300,Sell,228219673
2024-08-01 13:34:20,120800.0,100,Sell,228219672
2024-08-01 13:34:24,120800.0,300,Sell,228219965
2024-08-01 13:34:24,120800.0,100,Sell,228219966
2024-08-01 13:34:24,120800.0,100,Sell,228219967
2024-08-01 13:34:24,120800.0,100,Sell,228219968
2024-08-01 13:34:30,120800.0,100,Sell,228220446
2024-08-01 13:34:50,120900.0,100,Buy,228221823
2024-08-01 13:34:56,120800.0,100,Sell,228222252
2024-08-01 13:35:15,120800.0,300,Sell,228223730
2024-08-01 13:35:15,120800.0,200,Sell,228223729
2024-08-01 13:35:20,120800.0,100,Sell,228224099
2024-08-01 13:35:33,120800.0,4600,Sell,228224945
2024-08-01 13:35:33,120800.0,800,Sell,228224946
2024-08-01 13:35:33,120800.0,100,Sell,228224947
2024-08-01 13:35:38,120800.0,100,Sell,228225382
2024-08-01 13:35:40,120800.0,100,Buy,228225664
2024-08-01 13:35:42,120800.0,1000,Buy,228225895
2024-08-01 13:35:46,120800.0,100,Buy,228226113
2024-08-01 13:35:50,120800.0,100,Buy,228226414
2024-08-01 13:36:12,120600.0,200,Sell,228228050
2024-08-01 13:36:20,120600.0,100,Sell,228228729
2024-08-01 13:36:20,120600.0,500,Sell,228228731
2024-08-01 13:36:20,120600.0,800,Sell,228228728
2024-08-01 13:36:20,120600.0,100,Sell,228228730
2024-08-01 13:36:21,120600.0,100,Buy,228228795
2024-08-01 13:36:27,120500.0,300,Sell,228229134
2024-08-01 13:36:27,120500.0,100,Sell,228229135
2024-08-01 13:36:27,120500.0,100,Sell,228229136
2024-08-01 13:36:27,120500.0,100,Sell,228229137
2024-08-01 13:36:27,120500.0,1000,Sell,228229138
2024-08-01 13:36:27,120500.0,500,Sell,228229139
2024-08-01 13:36:27,120500.0,100,Sell,228229141
2024-08-01 13:36:27,120500.0,100,Sell,228229142
2024-08-01 13:36:27,120500.0,100,Sell,228229143
2024-08-01 13:36:27,120500.0,500,Sell,228229133
2024-08-01 13:36:27,120500.0,100,Sell,228229140
2024-08-01 13:36:31,120500.0,500,Buy,228229333
2024-08-01 13:36:44,120500.0,100,Buy,228230064
2024-08-01 13:36:55,120300.0,300,Sell,228230650
2024-08-01 13:36:55,120400.0,100,Sell,228230649
2024-08-01 13:37:05,120300.0,100,Sell,228231323
2024-08-01 13:37:05,120300.0,100,Sell,228231322
2024-08-01 13:37:06,120300.0,100,Buy,228231387
2024-08-01 13:37:11,120300.0,100,Buy,228231735
2024-08-01 13:37:28,120300.0,100,Sell,228232685
2024-08-01 13:37:42,120500.0,200,Buy,228233504
2024-08-01 13:37:56,120400.0,500,Sell,228234186
2024-08-01 13:38:02,120400.0,1000,Buy,228234594
2024-08-01 13:38:06,120400.0,100,Buy,228234717
2024-08-01 13:38:26,120500.0,1200,Buy,228235670
2024-08-01 13:38:26,120500.0,200,Buy,228235671
2024-08-01 13:38:28,120500.0,900,Buy,228235839
2024-08-01 13:38:28,120500.0,100,Buy,228235838
2024-08-01 13:38:32,120500.0,200,Buy,228236103
2024-08-01 13:38:37,120500.0,100,Buy,228236394
2024-08-01 13:38:38,120500.0,100,Buy,228236399
2024-08-01 13:38:40,120500.0,100,Buy,228236518
2024-08-01 13:38:41,120500.0,100,Buy,228236575
2024-08-01 13:38:41,120500.0,200,Buy,228236603
2024-08-01 13:38:41,120500.0,200,Buy,228236604
2024-08-01 13:38:47,120500.0,200,Buy,228236795
2024-08-01 13:39:06,120500.0,600,Sell,228237786
2024-08-01 13:39:06,120500.0,100,Sell,228237785
2024-08-01 13:39:06,120500.0,800,Sell,228237772
2024-08-01 13:39:06,120500.0,500,Sell,228237773
2024-08-01 13:39:10,120500.0,100,Sell,228237976
2024-08-01 13:39:15,120600.0,400,Buy,228238138
2024-08-01 13:39:15,120600.0,100,Buy,228238139
2024-08-01 13:39:22,120500.0,1000,Sell,228238497
2024-08-01 13:39:30,120600.0,100,Buy,228238838
2024-08-01 13:39:41,120600.0,100,Buy,228239188
2024-08-01 13:39:44,120500.0,300,Sell,228239311
2024-08-01 13:40:04,120500.0,800,Sell,228240105
2024-08-01 13:40:04,120500.0,100,Sell,228240104
2024-08-01 13:40:04,120500.0,500,Sell,228240103
2024-08-01 13:40:04,120500.0,500,Sell,228240102
2024-08-01 13:40:04,120500.0,100,Sell,228240101
2024-08-01 13:40:04,120500.0,500,Sell,228240099
2024-08-01 13:40:04,120500.0,100,Sell,228240098
2024-08-01 13:40:04,120500.0,300,Sell,228240097
2024-08-01 13:40:04,120500.0,4100,Sell,228240100
2024-08-01 13:40:11,120600.0,1300,Buy,228240432
2024-08-01 13:40:11,120600.0,200,Buy,228240433
2024-08-01 13:40:11,120600.0,100,Buy,228240434
2024-08-01 13:40:20,120600.0,200,Sell,228240945
2024-08-01 13:40:24,120700.0,300,Buy,228241105
2024-08-01 13:40:33,120700.0,200,Buy,228241488
2024-08-01 13:40:36,120700.0,500,Buy,228241587
2024-08-01 13:40:36,120700.0,1500,Buy,228241588
2024-08-01 13:40:45,120800.0,200,Buy,228241945
2024-08-01 13:40:45,120800.0,200,Buy,228241946
2024-08-01 13:40:48,120800.0,4800,Buy,228242060
2024-08-01 13:40:48,120800.0,200,Buy,228242061
2024-08-01 13:41:00,120900.0,100,Buy,228242557
2024-08-01 13:41:11,120900.0,100,Buy,228242956
2024-08-01 13:41:11,120900.0,200,Buy,228242957
2024-08-01 13:41:14,120900.0,100,Buy,228243063
2024-08-01 13:41:15,120900.0,200,Buy,228243106
2024-08-01 13:41:30,120900.0,100,Sell,228243728
2024-08-01 13:41:38,121000.0,100,Buy,228244013
2024-08-01 13:41:38,121000.0,200,Buy,228244014
2024-08-01 13:41:38,121000.0,700,Buy,228244015
2024-08-01 13:41:39,121000.0,200,Buy,228244074
2024-08-01 13:41:43,121000.0,1000,Buy,228244259
2024-08-01 13:41:46,121000.0,1000,Buy,228244396
2024-08-01 13:41:52,121000.0,500,Buy,228244627
2024-08-01 13:41:53,121000.0,200,Buy,228244649
2024-08-01 13:41:55,121000.0,500,Buy,228244717
2024-08-01 13:42:00,121000.0,500,Buy,228244878
2024-08-01 13:42:01,121000.0,200,Buy,228244906
2024-08-01 13:42:01,121000.0,200,Buy,228244911
2024-08-01 13:42:01,121000.0,500,Buy,228244910
2024-08-01 13:42:01,121000.0,400,Buy,228244905
2024-08-01 13:42:01,121000.0,200,Buy,228244908
2024-08-01 13:42:01,121000.0,100,Buy,228244907
2024-08-01 13:42:01,121000.0,100,Buy,228244909
2024-08-01 13:42:23,121100.0,200,Buy,228245698
2024-08-01 13:42:25,121100.0,100,Buy,228245785
2024-08-01 13:42:27,121100.0,100,Buy,228245835
2024-08-01 13:42:27,121100.0,200,Buy,228245836
2024-08-01 13:42:27,121100.0,200,Buy,228245837
2024-08-01 13:42:40,121100.0,100,Sell,228246427
2024-08-01 13:42:53,121100.0,1000,Sell,228246868
2024-08-01 13:42:53,121100.0,100,Sell,228246869
2024-08-01 13:42:53,121100.0,100,Sell,228246870
2024-08-01 13:42:53,121100.0,100,Sell,228246871
2024-08-01 13:42:53,121100.0,100,Sell,228246872
2024-08-01 13:42:53,121100.0,100,Sell,228246873
2024-08-01 13:42:53,121100.0,200,Sell,228246874
2024-08-01 13:42:53,121100.0,100,Sell,228246866
2024-08-01 13:42:53,121100.0,200,Sell,228246867
2024-08-01 13:42:58,121400.0,100,Buy,228247025
2024-08-01 13:43:09,121100.0,600,Sell,228247433
2024-08-01 13:43:15,121400.0,500,Buy,228247639
2024-08-01 13:43:57,121400.0,100,Buy,228249316
2024-08-01 13:43:58,121400.0,100,Buy,228249346
2024-08-01 13:44:10,121400.0,200,Buy,228249806
2024-08-01 13:44:21,121400.0,100,Buy,228250233
2024-08-01 13:44:21,121400.0,100,Buy,228250234
2024-08-01 13:44:32,121100.0,200,Sell,228250667
2024-08-01 13:44:32,121100.0,200,Sell,228250668
2024-08-01 13:44:37,121300.0,100,Buy,228250879
2024-08-01 13:44:37,121400.0,100,Buy,228250881
2024-08-01 13:44:56,121300.0,100,Buy,228251585
2024-08-01 13:45:00,121300.0,100,Sell,228251733
2024-08-01 13:45:02,121300.0,100,Sell,228251776
2024-08-01 13:45:06,121400.0,100,Buy,228252006
2024-08-01 13:45:06,121400.0,200,Buy,228252007
2024-08-01 13:45:06,121400.0,200,Buy,228252005
2024-08-01 13:45:20,121500.0,200,Buy,228252541
2024-08-01 13:45:21,121600.0,300,Buy,228252579
2024-08-01 13:46:03,121400.0,500,Sell,228254270
2024-08-01 13:46:07,121300.0,200,Sell,228254420
2024-08-01 13:46:10,121300.0,100,Sell,228254583
2024-08-01 13:46:35,121300.0,100,Sell,228255681
2024-08-01 13:46:44,121300.0,100,Sell,228256057
2024-08-01 13:46:58,121300.0,200,Sell,228256689
2024-08-01 13:47:11,121300.0,1000,Sell,228257317
2024-08-01 13:47:15,121300.0,700,Sell,228257448
2024-08-01 13:47:15,121300.0,2300,Sell,228257447
2024-08-01 13:47:16,121300.0,100,Sell,228257486
2024-08-01 13:47:19,121300.0,100,Sell,228257621
2024-08-01 13:47:32,121300.0,100,Sell,228258301
2024-08-01 13:47:32,121300.0,200,Sell,228258302
2024-08-01 13:47:46,121300.0,100,Buy,228258993
2024-08-01 13:47:46,121500.0,100,Buy,228258994
2024-08-01 13:47:49,121200.0,100,Sell,228259166
2024-08-01 13:47:49,121200.0,100,Sell,228259167
2024-08-01 13:47:52,121200.0,100,Sell,228259290
2024-08-01 13:48:02,121200.0,100,Sell,228259733
2024-08-01 13:48:25,121200.0,100,Sell,228260721
2024-08-01 13:48:40,121100.0,200,Sell,228261634
2024-08-01 13:48:42,121200.0,100,Buy,228261697
2024-08-01 13:48:49,121200.0,100,Sell,228262100
2024-08-01 13:49:08,121200.0,200,Sell,228262953
2024-08-01 13:49:30,121100.0,100,Sell,228264399
2024-08-01 13:49:32,121100.0,100,Sell,228264497
2024-08-01 13:49:33,121200.0,100,Buy,228264553
2024-08-01 13:49:39,121200.0,100,Sell,228264827
2024-08-01 13:49:43,121200.0,300,Sell,228264967
2024-08-01 13:49:43,121100.0,100,Sell,228264974
2024-08-01 13:49:55,121100.0,200,Sell,228266017
2024-08-01 13:50:14,121100.0,100,Sell,228267123
2024-08-01 13:50:15,121100.0,100,Sell,228267181
2024-08-01 13:50:21,121000.0,200,Sell,228267530
2024-08-01 13:50:35,121000.0,100,Sell,228268416
2024-08-01 13:50:44,121000.0,100,Sell,228269162
2024-08-01 13:50:44,121000.0,100,Sell,228269163
2024-08-01 13:50:44,121000.0,100,Sell,228269164
2024-08-01 13:50:44,121000.0,1000,Sell,228269165
2024-08-01 13:50:44,121000.0,100,Sell,228269166
2024-08-01 13:50:44,121000.0,500,Sell,228269167
2024-08-01 13:50:44,121000.0,100,Sell,228269168
2024-08-01 13:50:46,120500.0,200,Sell,228269348
2024-08-01 13:50:46,120500.0,200,Sell,228269349
2024-08-01 13:50:46,120500.0,500,Sell,228269350
2024-08-01 13:50:46,120500.0,1500,Sell,228269351
2024-08-01 13:50:46,120500.0,200,Sell,228269352
2024-08-01 13:50:46,120500.0,100,Sell,228269353
2024-08-01 13:50:46,120500.0,1000,Sell,228269356
2024-08-01 13:50:46,120700.0,100,Sell,228269347
2024-08-01 13:50:46,120500.0,200,Sell,228269355
2024-08-01 13:50:46,120500.0,500,Sell,228269357
2024-08-01 13:50:46,120500.0,100,Sell,228269358
2024-08-01 13:50:46,120500.0,100,Sell,228269359
2024-08-01 13:50:46,120500.0,100,Sell,228269354
2024-08-01 13:50:46,120700.0,1000,Sell,228269346
2024-08-01 13:50:46,120900.0,100,Sell,228269336
2024-08-01 13:50:46,120800.0,100,Sell,228269344
2024-08-01 13:50:46,121000.0,200,Sell,228269331
2024-08-01 13:50:46,121000.0,500,Sell,228269332
2024-08-01 13:50:46,120900.0,2000,Sell,228269334
2024-08-01 13:50:46,120900.0,100,Sell,228269335
2024-08-01 13:50:46,120900.0,500,Sell,228269337
2024-08-01 13:50:46,121000.0,200,Sell,228269333
2024-08-01 13:50:46,120900.0,100,Sell,228269339
2024-08-01 13:50:46,120900.0,200,Sell,228269340
2024-08-01 13:50:46,120800.0,1000,Sell,228269341
2024-08-01 13:50:46,120800.0,2000,Sell,228269342
2024-08-01 13:50:46,120800.0,100,Sell,228269343
2024-08-01 13:50:46,120900.0,100,Sell,228269338
2024-08-01 13:50:46,120700.0,2000,Sell,228269345
2024-08-01 13:50:49,120500.0,100,Sell,228269626
2024-08-01 13:51:12,120500.0,200,Sell,228272158
2024-08-01 13:51:16,120500.0,100,Sell,228272704
2024-08-01 13:51:16,120500.0,400,Sell,228272705
2024-08-01 13:51:58,120500.0,1500,Sell,228276995
2024-08-01 13:51:59,120500.0,100,Sell,228277082
2024-08-01 13:52:00,120500.0,100,Sell,228277122
2024-08-01 13:52:03,120500.0,200,Sell,228277414
2024-08-01 13:52:11,120500.0,500,Sell,228278323
2024-08-01 13:52:14,120600.0,300,Sell,228278697
2024-08-01 13:52:14,120500.0,200,Sell,228278698
2024-08-01 13:52:14,120500.0,100,Sell,228278699
2024-08-01 13:52:14,120500.0,100,Sell,228278700
2024-08-01 13:52:14,120500.0,3000,Sell,228278701
2024-08-01 13:52:14,120500.0,100,Sell,228278702
2024-08-01 13:52:14,120500.0,500,Sell,228278703
2024-08-01 13:52:14,120500.0,700,Sell,228278704
2024-08-01 13:52:54,120600.0,100,Sell,228283992
2024-08-01 13:53:05,120600.0,100,Sell,228285286
2024-08-01 13:53:10,120600.0,100,Sell,228285768
2024-08-01 13:53:17,120500.0,100,Sell,228286847
2024-08-01 13:53:22,120500.0,100,Sell,228287319
2024-08-01 13:53:33,120600.0,100,Sell,228288359
2024-08-01 13:53:45,120600.0,200,Sell,228289652
2024-08-01 13:53:46,120600.0,100,Sell,228289713
2024-08-01 13:54:13,120600.0,100,Sell,228292721
2024-08-01 13:54:14,120500.0,200,Sell,228292751
2024-08-01 13:54:14,120500.0,100,Sell,228292750
2024-08-01 13:54:14,120600.0,900,Sell,228292746
2024-08-01 13:54:14,120500.0,200,Sell,228292748
2024-08-01 13:54:14,120500.0,4100,Sell,228292747
2024-08-01 13:54:14,120500.0,500,Sell,228292749
2024-08-01 13:54:19,120600.0,100,Sell,228293081
2024-08-01 13:54:20,120600.0,100,Sell,228293190
2024-08-01 13:54:23,120500.0,100,Sell,228293466
2024-08-01 13:54:35,120500.0,200,Sell,228294704
2024-08-01 13:55:01,120500.0,500,Sell,228296679
2024-08-01 13:55:01,120500.0,100,Sell,228296713
2024-08-01 13:55:11,120600.0,100,Buy,228297558
2024-08-01 13:55:19,120800.0,100,Buy,228298038
2024-08-01 13:55:26,120500.0,200,Sell,228298473
2024-08-01 13:55:29,120500.0,100,Sell,228298834
2024-08-01 13:55:33,120500.0,400,Sell,228299015
2024-08-01 13:55:47,120500.0,100,Sell,228300041
2024-08-01 13:55:48,120500.0,500,Sell,228300091
2024-08-01 13:56:17,120600.0,100,Sell,228301990
2024-08-01 13:56:39,120600.0,100,Sell,228303508
2024-08-01 13:57:06,120500.0,1900,Sell,228305166
2024-08-01 13:57:06,120500.0,400,Sell,228305165
2024-08-01 13:57:06,120500.0,1000,Sell,228305164
2024-08-01 13:57:06,120500.0,200,Sell,228305161
2024-08-01 13:57:06,120500.0,100,Sell,228305162
2024-08-01 13:57:06,120500.0,2600,Sell,228305160
2024-08-01 13:57:06,120500.0,100,Sell,228305163
2024-08-01 13:57:08,120500.0,100,Sell,228305280
2024-08-01 13:57:08,120500.0,100,Sell,228305281
2024-08-01 13:57:10,120600.0,100,Buy,228305398
2024-08-01 13:57:21,120500.0,100,Sell,228305957
2024-08-01 13:57:30,120500.0,100,Buy,228306589
2024-08-01 13:57:37,120400.0,100,Sell,228307131
2024-08-01 13:57:38,120500.0,500,Buy,228307194
2024-08-01 13:57:40,120500.0,500,Buy,228307283
2024-08-01 13:57:48,120400.0,100,Sell,228307736
2024-08-01 13:57:49,120400.0,100,Sell,228307830
2024-08-01 13:57:56,120400.0,100,Sell,228308289
2024-08-01 13:57:56,120400.0,100,Sell,228308320
2024-08-01 13:57:57,120400.0,100,Sell,228308371
2024-08-01 13:57:59,120400.0,200,Sell,228308564
2024-08-01 13:58:08,120400.0,4700,Sell,228309108
2024-08-01 13:58:08,120400.0,100,Sell,228309109
2024-08-01 13:58:20,120400.0,200,Buy,228310060
2024-08-01 13:58:21,120300.0,1000,Sell,228310110
2024-08-01 13:58:21,120300.0,200,Sell,228310117
2024-08-01 13:58:21,120300.0,500,Sell,228310116
2024-08-01 13:58:21,120300.0,300,Sell,228310115
2024-08-01 13:58:21,120400.0,200,Sell,228310109
2024-08-01 13:58:21,120300.0,100,Sell,228310113
2024-08-01 13:58:21,120300.0,100,Sell,228310112
2024-08-01 13:58:21,120300.0,100,Sell,228310111
2024-08-01 13:58:21,120300.0,500,Sell,228310114
2024-08-01 13:58:22,120300.0,100,Sell,228310154
2024-08-01 13:58:40,120400.0,100,Buy,228311157
2024-08-01 13:58:48,120400.0,900,Buy,228311511
2024-08-01 13:58:50,120400.0,100,Sell,228311620
2024-08-01 13:58:50,120300.0,100,Sell,228311621
2024-08-01 13:58:59,120300.0,100,Sell,228312215
2024-08-01 13:59:07,120400.0,100,Buy,228312500
2024-08-01 13:59:11,120400.0,200,Buy,228312776
2024-08-01 13:59:12,120400.0,100,Buy,228312796
2024-08-01 13:59:18,120300.0,100,Sell,228313094
2024-08-01 13:59:26,120300.0,100,Sell,228313559
2024-08-01 13:59:27,120300.0,100,Sell,228313592
2024-08-01 13:59:37,120400.0,100,Buy,228314142
2024-08-01 13:59:40,120300.0,100,Sell,228314307
2024-08-01 13:59:58,120400.0,300,Buy,228315368
2024-08-01 14:00:04,120400.0,100,Buy,228315761
2024-08-01 14:00:10,120400.0,3800,Buy,228316049
2024-08-01 14:00:10,120400.0,100,Buy,228316050
2024-08-01 14:00:19,120500.0,1000,Buy,228316456
2024-08-01 14:00:23,120500.0,100,Buy,228316601
2024-08-01 14:00:31,120400.0,100,Sell,228317073
2024-08-01 14:00:31,120400.0,100,Sell,228317074
2024-08-01 14:00:35,120500.0,1000,Buy,228317241
2024-08-01 14:00:40,120500.0,100,Buy,228317374
2024-08-01 14:00:41,120500.0,600,Buy,228317457
2024-08-01 14:00:42,120400.0,100,Sell,228317465
2024-08-01 14:00:42,120400.0,100,Sell,228317466
2024-08-01 14:00:42,120400.0,100,Sell,228317467
2024-08-01 14:00:42,120400.0,100,Sell,228317468
2024-08-01 14:00:42,120400.0,100,Sell,228317469
2024-08-01 14:00:44,120500.0,100,Buy,228317560
2024-08-01 14:00:46,120500.0,200,Buy,228317623
2024-08-01 14:00:49,120400.0,100,Sell,228317757
2024-08-01 14:00:50,120500.0,500,Buy,228317805
2024-08-01 14:00:51,120500.0,100,Buy,228317837
2024-08-01 14:00:55,120500.0,100,Buy,228318010
2024-08-01 14:01:05,120500.0,100,Sell,228318437
2024-08-01 14:01:19,120500.0,100,Sell,228318978
2024-08-01 14:01:22,120500.0,200,Sell,228319067
2024-08-01 14:01:47,120800.0,2400,Buy,228320177
2024-08-01 14:01:47,120800.0,100,Buy,228320178
2024-08-01 14:01:58,120700.0,100,Sell,228320574
2024-08-01 14:01:58,120500.0,300,Sell,228320576
2024-08-01 14:02:13,120800.0,200,Sell,228321268
2024-08-01 14:02:14,121200.0,100,Buy,228321365
2024-08-01 14:02:41,121200.0,800,Buy,228322351
2024-08-01 14:02:41,121200.0,100,Buy,228322350
2024-08-01 14:02:41,121000.0,100,Buy,228322348
2024-08-01 14:02:41,121100.0,300,Buy,228322349
2024-08-01 14:02:54,120600.0,100,Sell,228322901
2024-08-01 14:03:04,120500.0,100,Sell,228323286
2024-08-01 14:03:04,120500.0,100,Sell,228323319
2024-08-01 14:03:25,120600.0,100,Sell,228324385
2024-08-01 14:03:31,120600.0,100,Sell,228324600
2024-08-01 14:03:37,120600.0,100,Sell,228324845
2024-08-01 14:03:38,120600.0,100,Sell,228324927
2024-08-01 14:03:38,120600.0,100,Sell,228324895
2024-08-01 14:03:39,120600.0,100,Sell,228324951
2024-08-01 14:03:55,120600.0,200,Sell,228325574
2024-08-01 14:03:59,121200.0,200,Buy,228325694
2024-08-01 14:04:00,121200.0,500,Buy,228325752
2024-08-01 14:04:37,120600.0,100,Sell,228327215
2024-08-01 14:04:45,120600.0,200,Sell,228327572
2024-08-01 14:04:47,120600.0,100,Buy,228327676
2024-08-01 14:04:47,120600.0,100,Sell,228327672
2024-08-01 14:04:47,120600.0,300,Sell,228327671
2024-08-01 14:04:47,120600.0,100,Sell,228327668
2024-08-01 14:04:47,120600.0,700,Sell,228327667
2024-08-01 14:04:47,121200.0,100,Buy,228327650
2024-08-01 14:04:47,120600.0,500,Sell,228327669
2024-08-01 14:04:47,120600.0,100,Sell,228327670
2024-08-01 14:04:51,120600.0,100,Buy,228327787
2024-08-01 14:04:59,120600.0,100,Buy,228328065
2024-08-01 14:04:59,121200.0,100,Buy,228328066
2024-08-01 14:05:29,121500.0,200,Buy,228329016
2024-08-01 14:05:29,121200.0,100,Buy,228329013
2024-08-01 14:05:29,121200.0,100,Buy,228329014
2024-08-01 14:05:29,121300.0,100,Buy,228329015
2024-08-01 14:05:36,120700.0,100,Sell,228329259
2024-08-01 14:05:36,121200.0,100,Sell,228329258
2024-08-01 14:05:41,120700.0,100,Sell,228329389
2024-08-01 14:05:54,120700.0,100,Sell,228329838
2024-08-01 14:05:55,120700.0,100,Sell,228329901
2024-08-01 14:05:58,120700.0,100,Sell,228329982
2024-08-01 14:06:13,121500.0,100,Buy,228330456
2024-08-01 14:06:27,120800.0,100,Sell,228330963
2024-08-01 14:06:46,121000.0,300,Sell,228331691
2024-08-01 14:06:47,121000.0,200,Sell,228331703
2024-08-01 14:06:47,120800.0,100,Sell,228331704
2024-08-01 14:06:47,120800.0,300,Sell,228331705
2024-08-01 14:06:50,120700.0,100,Sell,228331814
2024-08-01 14:06:52,120800.0,200,Buy,228331888
2024-08-01 14:07:03,120700.0,100,Sell,228332301
2024-08-01 14:07:09,120700.0,100,Sell,228332568
2024-08-01 14:07:17,120700.0,100,Sell,228332885
2024-08-01 14:07:18,120700.0,200,Sell,228332889
2024-08-01 14:07:35,120700.0,100,Sell,228333848
2024-08-01 14:08:09,120700.0,200,Sell,228335552
2024-08-01 14:08:18,120700.0,100,Sell,228336150
2024-08-01 14:08:50,120700.0,100,Sell,228338167
2024-08-01 14:08:50,120700.0,200,Sell,228338168
2024-08-01 14:08:50,120700.0,1000,Sell,228338169
2024-08-01 14:08:50,120700.0,700,Sell,228338170
2024-08-01 14:08:58,120700.0,100,Sell,228338782
2024-08-01 14:08:58,120700.0,100,Sell,228338783
2024-08-01 14:09:00,120700.0,100,Sell,228338880
2024-08-01 14:09:28,120700.0,100,Sell,228341099
2024-08-01 14:09:29,120700.0,100,Sell,228341118
2024-08-01 14:09:29,120700.0,800,Sell,228341119
2024-08-01 14:09:29,120600.0,200,Sell,228341120
2024-08-01 14:09:29,120600.0,100,Sell,228341121
2024-08-01 14:09:29,120600.0,300,Sell,228341122
2024-08-01 14:09:29,120600.0,300,Sell,228341123
2024-08-01 14:09:29,120600.0,200,Sell,228341124
2024-08-01 14:09:30,120700.0,100,Buy,228341187
2024-08-01 14:09:36,120600.0,800,Sell,228341573
2024-08-01 14:09:36,120600.0,200,Sell,228341574
2024-08-01 14:09:47,120600.0,100,Sell,228342516
2024-08-01 14:09:47,120600.0,100,Sell,228342517
2024-08-01 14:09:47,120500.0,1000,Sell,228342518
2024-08-01 14:09:50,120500.0,200,Sell,228342708
2024-08-01 14:10:03,120500.0,300,Sell,228343531
2024-08-01 14:10:03,120500.0,100,Sell,228343530
2024-08-01 14:10:03,120500.0,200,Sell,228343529
2024-08-01 14:10:03,120500.0,100,Sell,228343528
2024-08-01 14:10:03,120500.0,100,Sell,228343527
2024-08-01 14:10:03,120500.0,100,Sell,228343524
2024-08-01 14:10:03,120500.0,500,Sell,228343525
2024-08-01 14:10:03,120500.0,200,Sell,228343520
2024-08-01 14:10:03,120500.0,100,Sell,228343521
2024-08-01 14:10:03,120500.0,500,Sell,228343526
2024-08-01 14:10:03,120500.0,700,Sell,228343523
2024-08-01 14:10:03,120500.0,100,Sell,228343522
2024-08-01 14:10:29,120600.0,3000,Sell,228345453
2024-08-01 14:10:38,120600.0,100,Sell,228346081
2024-08-01 14:10:41,120500.0,100,Sell,228346213
2024-08-01 14:10:41,120500.0,100,Sell,228346214
2024-08-01 14:10:49,120600.0,1000,Sell,228346836
2024-08-01 14:11:00,120600.0,100,Sell,228347725
2024-08-01 14:11:05,120600.0,300,Sell,228348113
2024-08-01 14:11:05,120600.0,100,Sell,228348114
2024-08-01 14:11:18,120600.0,100,Sell,228349075
2024-08-01 14:11:21,120600.0,400,Buy,228349274
2024-08-01 14:11:32,120500.0,100,Sell,228350273
2024-08-01 14:11:48,120500.0,100,Sell,228351932
2024-08-01 14:12:23,120500.0,100,Sell,228356581
2024-08-01 14:12:23,120500.0,100,Sell,228356582
2024-08-01 14:12:32,120500.0,100,Sell,228357796
2024-08-01 14:12:32,120500.0,300,Sell,228357795
2024-08-01 14:12:43,120500.0,100,Sell,228359511
2024-08-01 14:12:43,120500.0,100,Sell,228359512
2024-08-01 14:12:50,120600.0,300,Sell,228360304
2024-08-01 14:12:50,120500.0,100,Sell,228360305
2024-08-01 14:12:50,120500.0,300,Sell,228360306
2024-08-01 14:12:50,120500.0,1000,Sell,228360307
2024-08-01 14:12:50,120500.0,300,Sell,228360308
2024-08-01 14:12:59,120500.0,100,Sell,228361872
2024-08-01 14:13:13,120500.0,600,Sell,228363595
2024-08-01 14:13:13,120500.0,400,Sell,228363596
2024-08-01 14:13:14,120500.0,100,Sell,228363742
2024-08-01 14:13:19,120500.0,2500,Sell,228364388
2024-08-01 14:13:19,120500.0,400,Sell,228364387
2024-08-01 14:13:19,120500.0,1500,Sell,228364384
2024-08-01 14:13:19,120500.0,100,Sell,228364385
2024-08-01 14:13:19,120500.0,100,Sell,228364386
2024-08-01 14:13:20,120500.0,200,Sell,228364594
2024-08-01 14:13:20,120500.0,300,Sell,228364579
2024-08-01 14:13:20,120500.0,400,Sell,228364578
2024-08-01 14:13:20,120500.0,100,Sell,228364577
2024-08-01 14:13:20,120500.0,300,Sell,228364576
2024-08-01 14:13:20,120500.0,400,Sell,228364574
2024-08-01 14:13:20,120500.0,400,Sell,228364573
2024-08-01 14:13:20,120600.0,200,Buy,228364541
2024-08-01 14:13:20,120500.0,200,Sell,228364575
2024-08-01 14:13:20,120500.0,2400,Sell,228364572
2024-08-01 14:13:20,120600.0,300,Sell,228364571
2024-08-01 14:14:05,120600.0,100,Sell,228370735
2024-08-01 14:14:05,120600.0,100,Sell,228370734
2024-08-01 14:14:30,120600.0,100,Buy,228374098
2024-08-01 14:14:30,120600.0,200,Buy,228374099
2024-08-01 14:14:45,120500.0,200,Sell,228376084
2024-08-01 14:14:45,120500.0,100,Sell,228376085
2024-08-01 14:14:45,120500.0,500,Sell,228376086
2024-08-01 14:14:45,120500.0,200,Sell,228376087
2024-08-01 14:14:55,120600.0,200,Sell,228377474
2024-08-01 14:15:02,120600.0,200,Sell,228378456
2024-08-01 14:15:02,120500.0,200,Sell,228378457
2024-08-01 14:15:03,120500.0,100,Sell,228378599
2024-08-01 14:15:03,120500.0,100,Sell,228378597
2024-08-01 14:15:03,120500.0,400,Sell,228378598
2024-08-01 14:15:04,120500.0,900,Sell,228378754
2024-08-01 14:15:04,120500.0,3200,Sell,228378755
2024-08-01 14:15:08,120500.0,300,Sell,228379527
2024-08-01 14:15:11,120500.0,1000,Sell,228379796
2024-08-01 14:15:11,120600.0,200,Buy,228379906
2024-08-01 14:15:13,120300.0,300,Sell,228380048
2024-08-01 14:15:13,120400.0,200,Sell,228380047
2024-08-01 14:15:13,120400.0,200,Sell,228380046
2024-08-01 14:15:13,120400.0,100,Sell,228380043
2024-08-01 14:15:13,120400.0,1000,Sell,228380044
2024-08-01 14:15:13,120400.0,1000,Sell,228380045
2024-08-01 14:15:13,120500.0,500,Sell,228380042
2024-08-01 14:15:14,120700.0,100,Buy,228380170
2024-08-01 14:15:22,120500.0,100,Sell,228381213
2024-08-01 14:15:22,120500.0,200,Sell,228381214
2024-08-01 14:15:46,120500.0,200,Sell,228383879
2024-08-01 14:15:52,120500.0,400,Sell,228384610
2024-08-01 14:16:29,120500.0,100,Sell,228388882
2024-08-01 14:16:39,120500.0,200,Sell,228390046
2024-08-01 14:17:07,120600.0,100,Sell,228392467
2024-08-01 14:17:16,120600.0,100,Sell,228393304
2024-08-01 14:17:28,120500.0,100,Sell,228394406
2024-08-01 14:17:31,120500.0,200,Sell,228394577
2024-08-01 14:17:31,120500.0,400,Sell,228394574
2024-08-01 14:17:31,120500.0,400,Sell,228394575
2024-08-01 14:17:31,120500.0,1000,Sell,228394576
2024-08-01 14:17:38,120500.0,100,Sell,228395278
2024-08-01 14:17:38,120500.0,100,Sell,228395279
2024-08-01 14:17:43,120500.0,300,Sell,228395740
2024-08-01 14:17:56,120500.0,900,Sell,228396720
2024-08-01 14:17:56,120500.0,100,Sell,228396719
2024-08-01 14:17:59,120600.0,100,Buy,228396885
2024-08-01 14:18:02,120600.0,100,Buy,228397105
2024-08-01 14:18:02,120600.0,300,Buy,228397106
2024-08-01 14:18:05,120500.0,100,Sell,228397313
2024-08-01 14:18:05,120500.0,400,Sell,228397315
2024-08-01 14:18:05,120500.0,400,Sell,228397316
2024-08-01 14:18:05,120500.0,100,Sell,228397317
2024-08-01 14:18:12,120600.0,2000,Buy,228397910
2024-08-01 14:18:17,120500.0,500,Sell,228398173
2024-08-01 14:18:19,120400.0,100,Sell,228398322
2024-08-01 14:18:25,120500.0,400,Buy,228398779
2024-08-01 14:18:28,120500.0,100,Buy,228399045
2024-08-01 14:18:49,120500.0,200,Sell,228400610
2024-08-01 14:18:57,120600.0,100,Buy,228401122
2024-08-01 14:19:07,120600.0,100,Buy,228401742
2024-08-01 14:19:08,120600.0,300,Buy,228401903
2024-08-01 14:19:10,120500.0,200,Sell,228402062
2024-08-01 14:19:12,120600.0,1000,Buy,228402201
2024-08-01 14:19:28,120600.0,1200,Buy,228403285
2024-08-01 14:19:28,120600.0,100,Buy,228403286
2024-08-01 14:19:57,120600.0,200,Sell,228405088
2024-08-01 14:20:00,120600.0,100,Sell,228405221
2024-08-01 14:20:09,120700.0,100,Buy,228405779
2024-08-01 14:20:22,120700.0,200,Buy,228406334
2024-08-01 14:20:23,120700.0,400,Buy,228406480
2024-08-01 14:20:28,120700.0,100,Buy,228406849
2024-08-01 14:20:46,120700.0,100,Buy,228407794
2024-08-01 14:20:47,120700.0,100,Sell,228407817
2024-08-01 14:20:47,120700.0,100,Sell,228407818
2024-08-01 14:20:48,120700.0,200,Sell,228407883
2024-08-01 14:20:51,120600.0,100,Sell,228408020
2024-08-01 14:21:06,120700.0,100,Buy,228408832
2024-08-01 14:21:07,120600.0,200,Sell,228408939
2024-08-01 14:21:08,120600.0,200,Sell,228408972
2024-08-01 14:21:08,120600.0,500,Sell,228408973
2024-08-01 14:21:08,120600.0,100,Sell,228408974
2024-08-01 14:21:08,120600.0,200,Sell,228408975
2024-08-01 14:21:12,120700.0,200,Buy,228409255
2024-08-01 14:21:12,120700.0,200,Buy,228409256
2024-08-01 14:21:20,121000.0,100,Buy,228409733
2024-08-01 14:21:42,121000.0,100,Sell,228410879
2024-08-01 14:21:59,121200.0,1000,Buy,228411762
2024-08-01 14:22:15,121300.0,500,Buy,228412580
2024-08-01 14:22:17,121300.0,200,Sell,228412685
2024-08-01 14:22:18,121300.0,1000,Sell,228412731
2024-08-01 14:22:24,121300.0,500,Sell,228413116
2024-08-01 14:22:24,121200.0,3500,Sell,228413117
2024-08-01 14:22:24,121300.0,2000,Sell,228413115
2024-08-01 14:22:33,121300.0,100,Sell,228413584
2024-08-01 14:22:33,121200.0,100,Sell,228413585
2024-08-01 14:22:37,121400.0,500,Buy,228413841
2024-08-01 14:22:57,121400.0,2000,Sell,228415056
2024-08-01 14:23:02,121400.0,100,Sell,228415249
2024-08-01 14:23:24,121400.0,100,Sell,228416380
2024-08-01 14:23:27,121400.0,200,Sell,228416533
2024-08-01 14:23:46,121500.0,100,Buy,228417376
2024-08-01 14:23:46,122000.0,100,Buy,228417377
2024-08-01 14:23:55,122000.0,500,Buy,228417776
2024-08-01 14:24:03,122000.0,200,Buy,228418221
2024-08-01 14:24:13,122000.0,200,Buy,228418714
2024-08-01 14:24:13,122000.0,300,Buy,228418715
2024-08-01 14:24:15,121400.0,100,Sell,228418831
2024-08-01 14:24:28,122000.0,500,Buy,228419511
2024-08-01 14:24:34,122000.0,500,Buy,228419793
2024-08-01 14:24:41,121400.0,200,Sell,228419989
2024-08-01 14:24:46,121400.0,200,Sell,228420368
2024-08-01 14:24:46,121400.0,400,Sell,228420367
2024-08-01 14:24:46,121500.0,700,Sell,228420364
2024-08-01 14:24:46,121400.0,200,Sell,228420365
2024-08-01 14:24:46,121400.0,500,Sell,228420366
2024-08-01 14:25:05,121400.0,100,Sell,228421321
2024-08-01 14:25:10,122000.0,700,Buy,228421607
2024-08-01 14:25:10,122000.0,100,Buy,228421608
2024-08-01 14:25:10,122000.0,100,Buy,228421609
2024-08-01 14:25:10,122100.0,100,Buy,228421610
2024-08-01 14:25:20,122500.0,100,Buy,228422241
2024-08-01 14:25:20,122400.0,200,Buy,228422240
2024-08-01 14:25:20,122100.0,100,Buy,228422239
2024-08-01 14:25:32,122800.0,100,Buy,228422853
2024-08-01 14:25:34,122500.0,400,Sell,228422920
2024-08-01 14:25:34,121500.0,400,Sell,228422921
2024-08-01 14:25:34,121400.0,100,Sell,228422939
2024-08-01 14:25:48,121400.0,100,Sell,228423740
2024-08-01 14:25:48,121400.0,100,Sell,228423741
2024-08-01 14:25:56,121500.0,100,Sell,228424379
2024-08-01 14:26:14,122500.0,300,Sell,228425637
2024-08-01 14:26:25,122800.0,500,Buy,228426313
2024-08-01 14:26:33,122500.0,200,Sell,228426931
2024-08-01 14:26:33,122500.0,200,Buy,228426938
2024-08-01 14:26:38,122500.0,100,Buy,228427341
2024-08-01 14:26:40,122500.0,500,Buy,228427426
2024-08-01 14:26:57,121500.0,200,Sell,228428691
2024-08-01 14:26:58,122500.0,500,Buy,228428726
2024-08-01 14:27:14,122500.0,100,Buy,228429649
2024-08-01 14:27:47,122500.0,1000,Buy,228431475
2024-08-01 14:27:47,122800.0,1000,Buy,228431477
2024-08-01 14:27:47,122500.0,400,Buy,228431473
2024-08-01 14:27:47,122500.0,100,Buy,228431474
2024-08-01 14:27:47,122500.0,900,Buy,228431476
2024-08-01 14:28:06,122500.0,1000,Buy,228432368
2024-08-01 14:28:06,122800.0,300,Buy,228432369
2024-08-01 14:28:07,121500.0,200,Sell,228432434
2024-08-01 14:28:10,122800.0,100,Buy,228432611
2024-08-01 14:28:25,122800.0,100,Buy,228433517
2024-08-01 14:28:25,122800.0,1200,Buy,228433518
2024-08-01 14:28:33,122400.0,400,Sell,228433984
2024-08-01 14:28:41,122400.0,100,Sell,228434621
2024-08-01 14:28:43,122800.0,400,Buy,228434771
2024-08-01 14:28:43,122700.0,1000,Buy,228434770
2024-08-01 14:28:43,122700.0,100,Buy,228434769
2024-08-01 14:28:49,122600.0,100,Sell,228435145
2024-08-01 14:29:13,122000.0,100,Sell,228436948
2024-08-01 14:29:13,121500.0,500,Sell,228436949
2024-08-01 14:29:13,121500.0,500,Sell,228436950
2024-08-01 14:29:13,121500.0,6000,Sell,228436951
2024-08-01 14:29:13,121500.0,200,Sell,228436952
2024-08-01 14:29:13,121500.0,200,Sell,228436953
2024-08-01 14:29:20,123000.0,300,Buy,228437359
2024-08-01 14:29:20,122800.0,100,Buy,228437358
2024-08-01 14:29:20,122800.0,500,Buy,228437357
2024-08-01 14:29:20,122800.0,1400,Buy,228437350
2024-08-01 14:29:20,122600.0,3000,Buy,228437349
2024-08-01 14:29:20,122500.0,100,Buy,228437348
2024-08-01 14:29:20,122800.0,1600,Buy,228437356
2024-08-01 14:29:22,122500.0,100,Sell,228437456
2024-08-01 14:29:32,121500.0,100,Buy,228438167
2024-08-01 14:29:34,121500.0,300,Buy,228438289
2024-08-01 14:29:34,123000.0,200,Buy,228438290
2024-08-01 14:44:38,123500.0,30300,ATO/ATC,228439496
