time,price,volume,match_type,id
2024-08-13 09:14:38,123200.0,600,ATO/ATC,231071085
2024-08-13 09:15:11,123200.0,100,Sell,231071892
2024-08-13 09:16:21,123200.0,100,Sell,231073409
2024-08-13 09:16:29,123200.0,400,Sell,231073569
2024-08-13 09:16:29,123200.0,400,Sell,231073570
2024-08-13 09:17:13,123200.0,100,Buy,231074658
2024-08-13 09:18:02,123100.0,200,Sell,231075830
2024-08-13 09:18:04,123100.0,100,Sell,231075867
2024-08-13 09:18:04,123100.0,300,Sell,231075866
2024-08-13 09:18:04,123100.0,800,Sell,231075862
2024-08-13 09:18:04,123100.0,200,Sell,231075864
2024-08-13 09:18:04,123100.0,300,Sell,231075863
2024-08-13 09:18:04,123100.0,300,Sell,231075865
2024-08-13 09:18:31,123100.0,100,Buy,231076505
2024-08-13 09:18:31,123100.0,100,Buy,231076506
2024-08-13 09:18:31,123100.0,300,Buy,231076507
2024-08-13 09:18:40,123000.0,100,Sell,231076752
2024-08-13 09:18:40,123000.0,100,Sell,231076753
2024-08-13 09:18:41,123000.0,200,Buy,231076770
2024-08-13 09:19:33,123000.0,300,Buy,231077898
2024-08-13 09:19:33,123000.0,500,Buy,231077899
2024-08-13 09:19:33,123000.0,400,Buy,231077900
2024-08-13 09:19:33,123000.0,100,Buy,231077901
2024-08-13 09:19:33,123100.0,300,Buy,231077902
2024-08-13 09:20:08,122900.0,100,Sell,231078739
2024-08-13 09:21:49,122900.0,100,Buy,231080981
2024-08-13 09:22:15,122900.0,100,Sell,231081594
2024-08-13 09:23:02,122900.0,100,Sell,231082749
2024-08-13 09:23:30,122900.0,100,Buy,231083588
2024-08-13 09:24:07,123000.0,900,Buy,231084611
2024-08-13 09:24:07,123000.0,200,Buy,231084612
2024-08-13 09:25:00,123000.0,100,Sell,231086208
2024-08-13 09:26:01,123000.0,100,Sell,231087759
2024-08-13 09:26:38,123000.0,100,Sell,231088706
2024-08-13 09:27:22,123100.0,100,Buy,231089933
2024-08-13 09:28:19,123100.0,100,Buy,231091357
2024-08-13 09:28:19,123100.0,100,Buy,231091358
2024-08-13 09:28:19,123200.0,100,Buy,231091359
2024-08-13 09:28:19,123100.0,100,Buy,231091356
2024-08-13 09:29:27,123200.0,100,Sell,231093152
2024-08-13 09:29:55,123200.0,100,Sell,231093869
2024-08-13 09:29:59,123500.0,100,Buy,231094007
2024-08-13 09:30:25,123900.0,300,Buy,231094879
2024-08-13 09:30:44,123500.0,500,Sell,231095392
2024-08-13 09:30:46,123900.0,2700,Buy,231095427
2024-08-13 09:30:55,124000.0,100,Buy,231095678
2024-08-13 09:30:55,124000.0,400,Buy,231095679
2024-08-13 09:30:55,124000.0,100,Buy,231095677
2024-08-13 09:31:32,124000.0,100,Sell,231096676
2024-08-13 09:31:35,124100.0,100,Buy,231096760
2024-08-13 09:31:37,124100.0,100,Sell,231096790
2024-08-13 09:31:46,124300.0,100,Buy,231096978
2024-08-13 09:31:50,124400.0,100,Buy,231097084
2024-08-13 09:32:08,124400.0,600,Sell,231097658
2024-08-13 09:32:08,124400.0,100,Sell,231097659
2024-08-13 09:32:20,124400.0,100,Buy,231097925
2024-08-13 09:32:27,124400.0,400,Buy,231098056
2024-08-13 09:32:37,124400.0,100,Buy,231098309
2024-08-13 09:32:47,124300.0,100,Buy,231098573
2024-08-13 09:33:00,124300.0,100,Sell,231098871
2024-08-13 09:33:11,124300.0,200,Sell,231099154
2024-08-13 09:33:12,124300.0,100,Sell,231099172
2024-08-13 09:33:17,124400.0,2700,Buy,231099319
2024-08-13 09:33:17,124400.0,1000,Buy,231099320
2024-08-13 09:33:17,124400.0,500,Buy,231099321
2024-08-13 09:33:22,124400.0,100,Sell,231099408
2024-08-13 09:33:24,124500.0,100,Buy,231099434
2024-08-13 09:33:24,124500.0,100,Buy,231099435
2024-08-13 09:33:24,124500.0,1000,Buy,231099436
2024-08-13 09:33:24,124500.0,500,Buy,231099437
2024-08-13 09:33:24,124500.0,100,Buy,231099438
2024-08-13 09:33:24,124500.0,100,Buy,231099439
2024-08-13 09:33:31,124500.0,200,Sell,231099598
2024-08-13 09:33:37,124500.0,100,Sell,231099770
2024-08-13 09:33:39,124600.0,500,Buy,231099802
2024-08-13 09:33:43,124600.0,1500,Buy,231099882
2024-08-13 09:33:47,124500.0,100,Sell,231099952
2024-08-13 09:33:47,124500.0,100,Sell,231099953
2024-08-13 09:33:47,124500.0,800,Sell,231099951
2024-08-13 09:33:47,124600.0,500,Sell,231099950
2024-08-13 09:33:49,124500.0,500,Buy,231100056
2024-08-13 09:33:55,124500.0,200,Buy,231100201
2024-08-13 09:34:03,124400.0,400,Sell,231100390
2024-08-13 09:34:05,124500.0,100,Buy,231100463
2024-08-13 09:34:08,124500.0,700,Buy,231100493
2024-08-13 09:34:08,124500.0,300,Buy,231100494
2024-08-13 09:34:17,124500.0,100,Sell,231100684
2024-08-13 09:34:27,124800.0,1000,Buy,231100912
2024-08-13 09:34:32,124800.0,800,Buy,231101035
2024-08-13 09:34:32,124800.0,200,Buy,231101036
2024-08-13 09:34:34,124800.0,300,Buy,231101075
2024-08-13 09:34:45,124800.0,200,Buy,231101369
2024-08-13 09:34:45,125000.0,100,Buy,231101370
2024-08-13 09:34:45,125000.0,100,Buy,231101371
2024-08-13 09:34:45,125000.0,100,Buy,231101372
2024-08-13 09:34:49,124800.0,100,Sell,231101484
2024-08-13 09:34:55,125000.0,1000,Buy,231101659
2024-08-13 09:34:58,125000.0,500,Buy,231101721
2024-08-13 09:35:01,125000.0,100,Buy,231101788
2024-08-13 09:35:05,125000.0,2300,Buy,231101840
2024-08-13 09:35:05,125000.0,200,Buy,231101841
2024-08-13 09:35:05,125000.0,100,Buy,231101842
2024-08-13 09:35:05,125000.0,100,Buy,231101843
2024-08-13 09:35:09,125000.0,100,Buy,231101911
2024-08-13 09:35:09,125000.0,200,Buy,231101912
2024-08-13 09:35:10,125000.0,400,Buy,231101951
2024-08-13 09:35:11,125000.0,100,Sell,231101975
2024-08-13 09:35:11,125000.0,200,Buy,231101960
2024-08-13 09:35:11,125000.0,100,Buy,231101958
2024-08-13 09:35:11,125000.0,400,Buy,231101957
2024-08-13 09:35:11,125000.0,100,Buy,231101959
2024-08-13 09:35:13,125200.0,100,Buy,231102002
2024-08-13 09:35:18,125200.0,100,Buy,231102099
2024-08-13 09:35:18,125300.0,400,Buy,231102100
2024-08-13 09:35:30,125300.0,200,Buy,231102442
2024-08-13 09:35:30,125300.0,300,Buy,231102443
2024-08-13 09:35:32,125300.0,300,Buy,231102485
2024-08-13 09:35:43,125300.0,1000,Buy,231102748
2024-08-13 09:35:43,125300.0,400,Buy,231102747
2024-08-13 09:35:43,125300.0,200,Buy,231102749
2024-08-13 09:35:51,125400.0,500,Buy,231102983
2024-08-13 09:36:02,125400.0,700,Sell,231103256
2024-08-13 09:36:03,125400.0,100,Buy,231103277
2024-08-13 09:36:08,125400.0,100,Buy,231103490
2024-08-13 09:36:09,125300.0,2900,Sell,231103538
2024-08-13 09:36:11,125400.0,500,Buy,231103595
2024-08-13 09:36:12,125400.0,100,Buy,231103602
2024-08-13 09:36:13,125300.0,1000,Sell,231103623
2024-08-13 09:36:19,125300.0,500,Sell,231103735
2024-08-13 09:36:19,125300.0,500,Sell,231103736
2024-08-13 09:36:20,125300.0,200,Sell,231103760
2024-08-13 09:36:20,125200.0,500,Sell,231103769
2024-08-13 09:36:27,125300.0,100,Sell,231103994
2024-08-13 09:36:33,125200.0,2500,Sell,231104283
2024-08-13 09:36:40,125000.0,100,Sell,231104441
2024-08-13 09:36:45,125300.0,200,Buy,231104518
2024-08-13 09:36:55,125000.0,100,Sell,231104741
2024-08-13 09:36:56,125000.0,500,Sell,231104757
2024-08-13 09:36:56,125000.0,100,Sell,231104758
2024-08-13 09:37:10,125000.0,100,Sell,231105074
2024-08-13 09:37:27,124800.0,1000,Sell,231105503
2024-08-13 09:37:27,124800.0,1000,Sell,231105504
2024-08-13 09:37:34,124900.0,500,Buy,231105687
2024-08-13 09:37:39,124900.0,800,Buy,231105927
2024-08-13 09:37:39,124900.0,200,Buy,231105928
2024-08-13 09:37:40,124600.0,300,Sell,231105963
2024-08-13 09:37:52,125000.0,100,Buy,231106275
2024-08-13 09:37:52,124600.0,700,Buy,231106274
2024-08-13 09:38:02,125000.0,1500,Buy,231106524
2024-08-13 09:38:18,125000.0,100,Buy,231106949
2024-08-13 09:38:38,125000.0,100,Buy,231107390
2024-08-13 09:38:57,124800.0,100,Buy,231107945
2024-08-13 09:38:57,124900.0,200,Buy,231107946
2024-08-13 09:39:41,124800.0,400,Buy,231108974
2024-08-13 09:39:41,124800.0,100,Buy,231108973
2024-08-13 09:39:55,124800.0,200,Sell,231109359
2024-08-13 09:41:54,124600.0,500,Sell,231111907
2024-08-13 09:41:54,124600.0,200,Sell,231111905
2024-08-13 09:41:54,124600.0,100,Sell,231111908
2024-08-13 09:42:05,124500.0,200,Sell,231112172
2024-08-13 09:42:05,124500.0,1200,Sell,231112173
2024-08-13 09:42:15,124800.0,100,Buy,231112379
2024-08-13 09:42:15,124800.0,100,Buy,231112380
2024-08-13 09:42:15,124800.0,100,Buy,231112381
2024-08-13 09:42:16,124800.0,300,Sell,231112422
2024-08-13 09:42:17,124800.0,500,Sell,231112439
2024-08-13 09:45:36,124700.0,400,Buy,231117539
2024-08-13 09:46:00,124700.0,100,Buy,231118230
2024-08-13 09:46:21,124700.0,100,Buy,231118799
2024-08-13 09:46:25,124600.0,200,Sell,231118861
2024-08-13 09:46:41,124700.0,100,Buy,231119252
2024-08-13 09:46:45,124600.0,300,Sell,231119340
2024-08-13 09:46:45,124600.0,100,Sell,231119341
2024-08-13 09:48:49,124500.0,2200,Sell,231122871
2024-08-13 09:48:49,124500.0,2100,Sell,231122848
2024-08-13 09:48:49,124500.0,800,Sell,231122846
2024-08-13 09:48:49,124500.0,100,Sell,231122847
2024-08-13 09:49:14,124500.0,400,Sell,231123443
2024-08-13 09:49:51,124500.0,100,Buy,231124423
2024-08-13 09:49:51,124500.0,100,Buy,231124424
2024-08-13 09:50:27,124500.0,100,Sell,231125348
2024-08-13 09:52:12,124500.0,100,Buy,231127791
2024-08-13 09:52:52,124500.0,100,Buy,231128643
2024-08-13 09:54:01,124500.0,100,Buy,231130335
2024-08-13 09:54:06,124300.0,900,Sell,231130426
2024-08-13 09:54:06,124300.0,100,Sell,231130425
2024-08-13 09:54:26,124300.0,100,Sell,231130813
2024-08-13 09:57:42,124300.0,100,Buy,231134777
2024-08-13 09:57:57,124300.0,100,Buy,231135022
2024-08-13 09:58:08,124300.0,100,Buy,231135243
2024-08-13 09:59:16,124200.0,100,Sell,231136447
2024-08-13 09:59:43,124200.0,200,Buy,231137074
2024-08-13 09:59:52,124200.0,300,Buy,231137234
2024-08-13 09:59:52,124200.0,200,Buy,231137233
2024-08-13 10:00:46,124100.0,700,Sell,231138093
2024-08-13 10:00:46,124100.0,200,Sell,231138092
2024-08-13 10:00:46,124100.0,100,Sell,231138089
2024-08-13 10:00:46,124100.0,600,Sell,231138090
2024-08-13 10:00:46,124100.0,400,Sell,231138091
2024-08-13 10:00:51,124100.0,100,Sell,231138180
2024-08-13 10:01:02,124100.0,300,Buy,231138396
2024-08-13 10:01:04,124000.0,300,Sell,231138430
2024-08-13 10:01:04,124000.0,500,Sell,231138431
2024-08-13 10:01:04,124000.0,1000,Sell,231138432
2024-08-13 10:01:04,124000.0,200,Sell,231138433
2024-08-13 10:01:04,124000.0,300,Sell,231138449
2024-08-13 10:01:05,124000.0,1000,Sell,231138467
2024-08-13 10:01:05,124000.0,400,Sell,231138466
2024-08-13 10:01:05,124000.0,100,Sell,231138468
2024-08-13 10:01:05,124000.0,200,Sell,231138464
2024-08-13 10:01:05,124000.0,100,Sell,231138465
2024-08-13 10:01:05,124000.0,500,Sell,231138463
2024-08-13 10:01:13,123500.0,100,Sell,231138624
2024-08-13 10:01:31,124000.0,100,Sell,231139078
2024-08-13 10:02:01,124100.0,100,Buy,231139694
2024-08-13 10:02:50,124100.0,100,Buy,231140888
2024-08-13 10:06:56,123900.0,100,Sell,231146563
2024-08-13 10:07:54,123800.0,100,Sell,231147648
2024-08-13 10:07:56,123700.0,100,Sell,231147669
2024-08-13 10:07:56,123700.0,200,Sell,231147670
2024-08-13 10:08:15,123600.0,100,Sell,231148004
2024-08-13 10:08:15,123600.0,100,Sell,231148005
2024-08-13 10:08:15,123600.0,2700,Sell,231148006
2024-08-13 10:08:15,123600.0,200,Sell,231148007
2024-08-13 10:08:22,123500.0,2300,Sell,231148202
2024-08-13 10:08:22,123500.0,1000,Sell,231148203
2024-08-13 10:08:22,123500.0,500,Sell,231148204
2024-08-13 10:09:18,123400.0,100,Sell,231149490
2024-08-13 10:09:18,123400.0,100,Sell,231149489
2024-08-13 10:10:22,123400.0,100,Buy,231151359
2024-08-13 10:10:35,123400.0,700,Buy,231151719
2024-08-13 10:10:35,123400.0,200,Buy,231151718
2024-08-13 10:10:35,123400.0,100,Buy,231151720
2024-08-13 10:11:24,123400.0,100,Buy,231152896
2024-08-13 10:12:24,123400.0,100,Sell,231154113
2024-08-13 10:14:24,123300.0,100,Sell,231156290
2024-08-13 10:14:24,123200.0,100,Sell,231156291
2024-08-13 10:14:24,123200.0,100,Sell,231156292
2024-08-13 10:14:24,123200.0,200,Sell,231156293
2024-08-13 10:14:24,123000.0,300,Sell,231156294
2024-08-13 10:14:24,123000.0,100,Sell,231156295
2024-08-13 10:14:24,123000.0,100,Sell,231156296
2024-08-13 10:14:24,123000.0,100,Sell,231156297
2024-08-13 10:14:24,123000.0,100,Sell,231156298
2024-08-13 10:14:38,123000.0,400,Sell,231156563
2024-08-13 10:14:38,123000.0,200,Sell,231156564
2024-08-13 10:14:38,123000.0,300,Sell,231156565
2024-08-13 10:14:38,123000.0,1000,Sell,231156566
2024-08-13 10:14:38,123000.0,100,Sell,231156567
2024-08-13 10:14:44,123400.0,100,Buy,231156721
2024-08-13 10:14:59,123000.0,200,Sell,231156950
2024-08-13 10:15:08,123000.0,300,Buy,231157224
2024-08-13 10:15:11,123000.0,100,Buy,231157281
2024-08-13 10:15:14,123000.0,100,Buy,231157346
2024-08-13 10:15:40,123000.0,100,Sell,231157837
2024-08-13 10:16:53,123400.0,900,Buy,231159166
2024-08-13 10:16:53,123400.0,100,Buy,231159167
2024-08-13 10:16:53,123400.0,1000,Buy,231159168
2024-08-13 10:16:58,123200.0,100,Sell,231159295
2024-08-13 10:17:01,123100.0,100,Sell,231159339
2024-08-13 10:17:01,123000.0,800,Sell,231159340
2024-08-13 10:17:01,123000.0,100,Sell,231159341
2024-08-13 10:17:01,123000.0,100,Sell,231159342
2024-08-13 10:17:01,123000.0,300,Sell,231159343
2024-08-13 10:17:01,123000.0,300,Sell,231159344
2024-08-13 10:17:01,123000.0,900,Sell,231159345
2024-08-13 10:17:09,123000.0,2400,Buy,231159539
2024-08-13 10:17:18,123000.0,100,Sell,231159693
2024-08-13 10:18:57,123200.0,100,Sell,231161769
2024-08-13 10:19:34,123300.0,500,Buy,231162446
2024-08-13 10:19:48,123300.0,100,Buy,231162707
2024-08-13 10:20:35,123300.0,100,Sell,231163472
2024-08-13 10:20:57,123300.0,300,Sell,231163921
2024-08-13 10:20:57,123300.0,100,Sell,231163922
2024-08-13 10:21:10,123400.0,100,Buy,231164179
2024-08-13 10:21:10,123400.0,1200,Buy,231164180
2024-08-13 10:21:12,123200.0,500,Sell,231164206
2024-08-13 10:22:45,123200.0,100,Buy,231165697
2024-08-13 10:23:09,123200.0,500,Buy,231166008
2024-08-13 10:24:33,123000.0,100,Sell,231167036
2024-08-13 10:24:33,123000.0,100,Sell,231167035
2024-08-13 10:24:33,123000.0,1000,Sell,231167034
2024-08-13 10:24:33,123000.0,400,Sell,231167037
2024-08-13 10:24:33,123000.0,100,Sell,231167032
2024-08-13 10:24:33,123000.0,300,Sell,231167031
2024-08-13 10:24:33,123000.0,100,Sell,231167033
2024-08-13 10:24:33,123000.0,500,Sell,231167030
2024-08-13 10:25:00,123000.0,500,Sell,231167415
2024-08-13 10:25:01,123000.0,200,Sell,231167460
2024-08-13 10:25:01,123000.0,200,Sell,231167461
2024-08-13 10:25:01,123000.0,100,Sell,231167462
2024-08-13 10:25:01,123000.0,800,Sell,231167463
2024-08-13 10:25:01,123000.0,700,Sell,231167459
2024-08-13 10:26:09,123000.0,100,Buy,231168609
2024-08-13 10:29:39,123000.0,100,Buy,231172094
2024-08-13 10:29:50,123000.0,100,Buy,231172289
2024-08-13 10:31:18,122900.0,100,Sell,231173534
2024-08-13 10:31:18,122900.0,100,Sell,231173535
2024-08-13 10:31:18,122900.0,100,Sell,231173536
2024-08-13 10:31:18,122900.0,100,Sell,231173537
2024-08-13 10:31:32,122900.0,100,Sell,231173742
2024-08-13 10:32:01,122900.0,100,Sell,231174181
2024-08-13 10:32:14,122900.0,500,Sell,231174424
2024-08-13 10:32:32,122800.0,100,Sell,231174669
2024-08-13 10:33:11,122800.0,100,Sell,231175234
2024-08-13 10:33:11,122800.0,500,Sell,231175237
2024-08-13 10:33:11,122800.0,100,Sell,231175233
2024-08-13 10:33:11,122800.0,100,Sell,231175235
2024-08-13 10:33:11,122800.0,200,Sell,231175236
2024-08-13 10:33:18,122800.0,100,Sell,231175355
2024-08-13 10:33:18,122700.0,500,Sell,231175360
2024-08-13 10:33:18,122800.0,100,Sell,231175359
2024-08-13 10:33:18,122800.0,300,Sell,231175354
2024-08-13 10:33:18,122800.0,100,Sell,231175357
2024-08-13 10:33:18,122800.0,200,Sell,231175356
2024-08-13 10:33:18,122800.0,200,Sell,231175358
2024-08-13 10:33:22,122700.0,200,Sell,231175420
2024-08-13 10:33:22,122700.0,100,Sell,231175421
2024-08-13 10:33:22,122700.0,200,Sell,231175422
2024-08-13 10:33:27,122600.0,1000,Sell,231175532
2024-08-13 10:33:36,122500.0,100,Sell,231175780
2024-08-13 10:33:36,122600.0,100,Sell,231175775
2024-08-13 10:33:36,122600.0,100,Sell,231175776
2024-08-13 10:33:36,122500.0,500,Sell,231175777
2024-08-13 10:33:36,122500.0,100,Sell,231175778
2024-08-13 10:33:36,122500.0,100,Sell,231175779
2024-08-13 10:33:46,122100.0,400,Sell,231176067
2024-08-13 10:33:46,122200.0,500,Sell,231176065
2024-08-13 10:33:46,122100.0,100,Sell,231176066
2024-08-13 10:33:56,122200.0,500,Sell,231176275
2024-08-13 10:34:05,122200.0,500,Buy,231176380
2024-08-13 10:34:31,122600.0,100,Buy,231176723
2024-08-13 10:35:01,122600.0,100,Buy,231177198
2024-08-13 10:35:22,122600.0,100,Buy,231177620
2024-08-13 10:35:27,122600.0,100,Buy,231177708
2024-08-13 10:36:48,122600.0,200,Buy,231178911
2024-08-13 10:36:54,122600.0,200,Buy,231179033
2024-08-13 10:37:11,122600.0,100,Buy,231179257
2024-08-13 10:37:11,122600.0,100,Buy,231179256
2024-08-13 10:37:11,122600.0,300,Buy,231179255
2024-08-13 10:37:29,122600.0,100,Buy,231179541
2024-08-13 10:38:56,122600.0,300,Buy,231180892
2024-08-13 10:40:12,122600.0,100,Buy,231182082
2024-08-13 10:40:19,122600.0,100,Buy,231182179
2024-08-13 10:40:30,122600.0,100,Buy,231182823
2024-08-13 10:40:54,122300.0,100,Sell,231183160
2024-08-13 10:40:54,122300.0,100,Sell,231183161
2024-08-13 10:41:48,122400.0,200,Sell,231184132
2024-08-13 10:41:49,122400.0,800,Sell,231184153
2024-08-13 10:42:18,122400.0,100,Sell,231185044
2024-08-13 10:42:24,122600.0,500,Buy,231185184
2024-08-13 10:42:24,122600.0,100,Buy,231185185
2024-08-13 10:42:24,122600.0,100,Buy,231185187
2024-08-13 10:42:24,122500.0,200,Buy,231185183
2024-08-13 10:43:06,122600.0,200,Sell,231186091
2024-08-13 10:45:20,122400.0,1000,Sell,231188809
2024-08-13 10:45:38,122400.0,100,Buy,231189272
2024-08-13 10:45:46,122400.0,200,Buy,231189469
2024-08-13 10:45:56,122400.0,100,Buy,231189812
2024-08-13 10:45:58,122400.0,100,Buy,231190000
2024-08-13 10:48:24,122400.0,100,Buy,231193643
2024-08-13 10:49:18,122400.0,100,Buy,231194879
2024-08-13 10:49:18,122400.0,400,Buy,231194877
2024-08-13 10:49:18,122400.0,100,Buy,231194878
2024-08-13 10:49:59,122400.0,100,Sell,231195818
2024-08-13 10:50:13,122500.0,200,Sell,231196088
2024-08-13 10:51:06,122600.0,100,Buy,231197142
2024-08-13 10:51:06,122600.0,100,Buy,231197143
2024-08-13 10:51:06,122600.0,2000,Buy,231197144
2024-08-13 10:51:07,122600.0,600,Sell,231197171
2024-08-13 10:51:37,122600.0,100,Sell,231197703
2024-08-13 10:52:02,122600.0,100,Sell,231198162
2024-08-13 10:52:02,122600.0,100,Sell,231198160
2024-08-13 10:52:02,122600.0,100,Sell,231198161
2024-08-13 10:53:22,122600.0,100,Buy,231199528
2024-08-13 10:54:30,122600.0,100,Buy,231200746
2024-08-13 10:54:30,122600.0,100,Buy,231200747
2024-08-13 10:54:53,122600.0,100,Sell,231201054
2024-08-13 10:56:01,122700.0,100,Sell,231201871
2024-08-13 10:56:01,122600.0,200,Sell,231201872
2024-08-13 10:56:01,122600.0,100,Sell,231201873
2024-08-13 10:56:14,122700.0,400,Sell,231202039
2024-08-13 10:56:45,122600.0,300,Sell,231202456
2024-08-13 10:56:46,122600.0,200,Sell,231202468
2024-08-13 10:58:10,122600.0,100,Sell,231203808
2024-08-13 10:58:11,122600.0,400,Sell,231203817
2024-08-13 10:59:47,122600.0,100,Sell,231205269
2024-08-13 10:59:47,122600.0,200,Sell,231205293
2024-08-13 10:59:47,122600.0,200,Sell,231205294
2024-08-13 10:59:51,122700.0,100,Buy,231205348
2024-08-13 11:00:34,122500.0,100,Sell,231206024
2024-08-13 11:00:34,122500.0,100,Sell,231206022
2024-08-13 11:00:34,122500.0,500,Sell,231206023
2024-08-13 11:00:35,122400.0,100,Sell,231206039
2024-08-13 11:00:35,122400.0,300,Sell,231206038
2024-08-13 11:00:35,122400.0,100,Sell,231206035
2024-08-13 11:00:35,122400.0,100,Sell,231206036
2024-08-13 11:00:35,122400.0,300,Sell,231206037
2024-08-13 11:01:12,122300.0,300,Sell,231206658
2024-08-13 11:01:12,122300.0,100,Sell,231206659
2024-08-13 11:01:12,122300.0,200,Sell,231206660
2024-08-13 11:01:12,122300.0,100,Sell,231206661
2024-08-13 11:01:12,122300.0,100,Sell,231206662
2024-08-13 11:01:12,122300.0,2000,Sell,231206663
2024-08-13 11:01:12,122300.0,100,Sell,231206664
2024-08-13 11:01:13,122200.0,100,Sell,231206771
2024-08-13 11:01:13,122200.0,400,Sell,231206769
2024-08-13 11:01:13,122200.0,1000,Sell,231206768
2024-08-13 11:01:13,122200.0,100,Sell,231206772
2024-08-13 11:01:13,122200.0,100,Sell,231206766
2024-08-13 11:01:13,122200.0,100,Sell,231206767
2024-08-13 11:01:13,122200.0,300,Sell,231206763
2024-08-13 11:01:13,122200.0,100,Sell,231206770
2024-08-13 11:01:13,122200.0,100,Sell,231206765
2024-08-13 11:01:13,122200.0,100,Sell,231206764
2024-08-13 11:02:00,122100.0,1200,Sell,231207780
2024-08-13 11:02:01,122100.0,5000,Sell,231207792
2024-08-13 11:02:17,122100.0,200,Sell,231208023
2024-08-13 11:02:18,122100.0,100,Sell,231208038
2024-08-13 11:02:29,122100.0,1000,Sell,231208197
2024-08-13 11:03:04,122100.0,100,Sell,231208742
2024-08-13 11:03:11,122200.0,100,Buy,231208849
2024-08-13 11:03:35,122200.0,200,Buy,231209255
2024-08-13 11:05:18,122200.0,100,Buy,231210832
2024-08-13 11:05:46,122200.0,200,Buy,231211275
2024-08-13 11:06:20,122100.0,100,Sell,231211876
2024-08-13 11:06:22,122100.0,2300,Sell,231211905
2024-08-13 11:06:22,122100.0,100,Sell,231211906
2024-08-13 11:06:22,122100.0,100,Sell,231211907
2024-08-13 11:06:22,122100.0,3100,Sell,231211908
2024-08-13 11:06:23,122100.0,100,Sell,231211917
2024-08-13 11:06:23,122100.0,300,Sell,231211916
2024-08-13 11:06:23,122100.0,1900,Sell,231211914
2024-08-13 11:06:23,122100.0,500,Sell,231211915
2024-08-13 11:07:09,122100.0,300,Sell,231212640
2024-08-13 11:07:09,122100.0,100,Sell,231212641
2024-08-13 11:07:09,122100.0,100,Sell,231212639
2024-08-13 11:07:20,122100.0,300,Buy,231212977
2024-08-13 11:08:10,122100.0,100,Buy,231213858
2024-08-13 11:08:39,122100.0,100,Buy,231214334
2024-08-13 11:09:58,122100.0,100,Buy,231215478
2024-08-13 11:09:58,122100.0,100,Buy,231215479
2024-08-13 11:10:54,122200.0,3000,Buy,231216285
2024-08-13 11:12:25,122200.0,200,Buy,231218063
2024-08-13 11:13:06,122200.0,400,Buy,231218717
2024-08-13 11:13:36,122100.0,500,Sell,231219167
2024-08-13 11:13:36,122100.0,100,Sell,231219168
2024-08-13 11:13:36,122100.0,100,Sell,231219169
2024-08-13 11:13:36,122100.0,500,Sell,231219170
2024-08-13 11:13:36,122100.0,100,Sell,231219171
2024-08-13 11:14:51,122100.0,200,Buy,231220322
2024-08-13 11:15:27,122000.0,300,Sell,231220833
2024-08-13 11:15:33,122100.0,100,Buy,231220969
2024-08-13 11:15:33,122000.0,500,Sell,231220970
2024-08-13 11:15:55,121000.0,100,Sell,231221372
2024-08-13 11:15:55,121800.0,100,Sell,231221357
2024-08-13 11:15:55,121800.0,300,Sell,231221358
2024-08-13 11:15:55,121800.0,100,Sell,231221359
2024-08-13 11:15:55,121800.0,100,Sell,231221360
2024-08-13 11:15:55,121800.0,1000,Sell,231221361
2024-08-13 11:15:55,121700.0,100,Sell,231221362
2024-08-13 11:15:55,121600.0,100,Sell,231221363
2024-08-13 11:15:55,121600.0,600,Sell,231221364
2024-08-13 11:15:55,121500.0,100,Sell,231221366
2024-08-13 11:15:55,121500.0,100,Sell,231221367
2024-08-13 11:15:55,121500.0,100,Sell,231221368
2024-08-13 11:15:55,121200.0,400,Sell,231221369
2024-08-13 11:15:55,121900.0,100,Sell,231221356
2024-08-13 11:15:55,121200.0,100,Sell,231221370
2024-08-13 11:15:55,121000.0,200,Sell,231221371
2024-08-13 11:15:55,121500.0,500,Sell,231221365
2024-08-13 11:15:55,121900.0,1000,Sell,231221355
2024-08-13 11:15:55,122000.0,1600,Sell,231221338
2024-08-13 11:15:55,121900.0,100,Sell,231221353
2024-08-13 11:15:55,121900.0,300,Sell,231221354
2024-08-13 11:15:55,122000.0,200,Sell,231221335
2024-08-13 11:15:55,122000.0,100,Sell,231221337
2024-08-13 11:15:55,122000.0,200,Sell,231221339
2024-08-13 11:15:55,122000.0,100,Sell,231221340
2024-08-13 11:15:55,122000.0,100,Sell,231221341
2024-08-13 11:15:55,122000.0,100,Sell,231221342
2024-08-13 11:15:55,122000.0,200,Sell,231221343
2024-08-13 11:15:55,122000.0,1000,Sell,231221336
2024-08-13 11:15:55,122000.0,100,Sell,231221345
2024-08-13 11:15:55,122000.0,100,Sell,231221351
2024-08-13 11:15:55,122000.0,100,Sell,231221344
2024-08-13 11:15:55,122000.0,200,Sell,231221349
2024-08-13 11:15:55,122000.0,100,Sell,231221352
2024-08-13 11:15:55,122000.0,100,Sell,231221347
2024-08-13 11:15:55,122000.0,100,Sell,231221348
2024-08-13 11:15:55,122000.0,100,Sell,231221346
2024-08-13 11:15:56,121000.0,400,Sell,231221377
2024-08-13 11:15:56,121000.0,100,Sell,231221378
2024-08-13 11:16:09,121000.0,100,Sell,231221653
2024-08-13 11:17:44,121200.0,100,Sell,231222998
2024-08-13 11:19:24,121400.0,100,Sell,231224613
2024-08-13 11:19:49,121500.0,100,Sell,231225324
2024-08-13 11:21:02,121700.0,100,Sell,231226337
2024-08-13 11:22:09,121600.0,200,Sell,231227684
2024-08-13 11:22:09,121600.0,100,Sell,231227683
2024-08-13 11:22:09,121600.0,100,Sell,231227682
2024-08-13 11:22:09,121700.0,200,Sell,231227681
2024-08-13 11:22:09,121700.0,100,Sell,231227679
2024-08-13 11:22:09,121700.0,2000,Sell,231227678
2024-08-13 11:22:09,121700.0,300,Sell,231227680
2024-08-13 11:22:41,121700.0,100,Sell,231228270
2024-08-13 11:24:15,121700.0,100,Sell,231229888
2024-08-13 11:24:39,121700.0,200,Sell,231230209
2024-08-13 11:24:39,121700.0,100,Sell,231230210
2024-08-13 11:24:39,121700.0,100,Sell,231230211
2024-08-13 11:24:39,121700.0,100,Sell,231230212
2024-08-13 11:24:42,121700.0,100,Sell,231230259
2024-08-13 11:24:42,121700.0,100,Sell,231230258
2024-08-13 11:24:56,121600.0,500,Sell,231230564
2024-08-13 11:25:14,121500.0,800,Sell,231230811
2024-08-13 11:25:14,121500.0,1000,Sell,231230808
2024-08-13 11:25:14,121500.0,100,Sell,231230809
2024-08-13 11:25:14,121500.0,100,Sell,231230810
2024-08-13 11:25:38,121500.0,100,Sell,231231134
2024-08-13 11:27:20,121400.0,100,Sell,231232691
2024-08-13 11:27:31,121400.0,900,Sell,231232904
2024-08-13 11:27:31,121400.0,500,Sell,231232905
2024-08-13 11:27:31,121400.0,1000,Sell,231232906
2024-08-13 11:27:31,121400.0,100,Sell,231232907
2024-08-13 11:27:52,121400.0,500,Buy,231233315
2024-08-13 11:27:52,121400.0,100,Buy,231233316
2024-08-13 11:29:05,121400.0,500,Sell,231234593
2024-08-13 12:59:38,121300.0,100,Sell,231235693
2024-08-13 12:59:38,121300.0,100,Sell,231235694
2024-08-13 12:59:38,121300.0,100,Sell,231235690
2024-08-13 12:59:38,121300.0,400,Sell,231235691
2024-08-13 12:59:39,121400.0,100,Buy,231236327
2024-08-13 12:59:40,121400.0,100,Buy,231236742
2024-08-13 12:59:41,121300.0,400,Sell,231237019
2024-08-13 12:59:43,121300.0,100,Sell,231237363
2024-08-13 12:59:45,121300.0,1400,Sell,231237678
2024-08-13 12:59:45,121300.0,100,Sell,231237679
2024-08-13 12:59:45,121300.0,200,Sell,231237680
2024-08-13 12:59:45,121300.0,300,Sell,231237681
2024-08-13 12:59:49,121400.0,100,Buy,231238552
2024-08-13 12:59:49,121200.0,100,Sell,231238429
2024-08-13 12:59:49,121300.0,300,Sell,231238428
2024-08-13 12:59:49,121200.0,100,Sell,231238430
2024-08-13 12:59:50,121400.0,100,Buy,231238615
2024-08-13 12:59:50,121400.0,100,Buy,231238614
2024-08-13 12:59:50,121400.0,100,Buy,231238613
2024-08-13 12:59:50,121400.0,1200,Buy,231238612
2024-08-13 12:59:54,121400.0,200,Sell,231239297
2024-08-13 12:59:54,121400.0,600,Sell,231239298
2024-08-13 12:59:54,121300.0,100,Sell,231239299
2024-08-13 12:59:54,121400.0,1500,Sell,231239296
2024-08-13 12:59:59,121300.0,200,Buy,231239848
2024-08-13 13:00:11,121300.0,100,Buy,231240454
2024-08-13 13:00:31,121000.0,100,Sell,231241231
2024-08-13 13:00:31,121000.0,500,Sell,231241232
2024-08-13 13:00:31,121000.0,300,Sell,231241233
2024-08-13 13:00:31,121000.0,200,Sell,231241234
2024-08-13 13:00:31,121000.0,100,Sell,231241235
2024-08-13 13:00:31,121000.0,500,Sell,231241236
2024-08-13 13:00:31,121000.0,200,Sell,231241237
2024-08-13 13:00:31,121000.0,100,Sell,231241238
2024-08-13 13:00:31,121000.0,100,Sell,231241239
2024-08-13 13:00:31,121000.0,100,Sell,231241242
2024-08-13 13:00:31,121000.0,200,Sell,231241241
2024-08-13 13:00:31,121000.0,200,Sell,231241229
2024-08-13 13:00:31,121000.0,100,Sell,231241244
2024-08-13 13:00:31,121000.0,200,Sell,231241245
2024-08-13 13:00:31,121000.0,100,Sell,231241246
2024-08-13 13:00:31,121000.0,100,Sell,231241247
2024-08-13 13:00:31,121000.0,100,Sell,231241248
2024-08-13 13:00:31,121000.0,900,Sell,231241249
2024-08-13 13:00:31,121000.0,200,Sell,231241240
2024-08-13 13:00:31,121000.0,100,Sell,231241243
2024-08-13 13:00:31,121000.0,5000,Sell,231241230
2024-08-13 13:00:31,121000.0,100,Sell,231241226
2024-08-13 13:00:31,121200.0,100,Sell,231241207
2024-08-13 13:00:31,121200.0,100,Sell,231241208
2024-08-13 13:00:31,121200.0,100,Sell,231241209
2024-08-13 13:00:31,121200.0,500,Sell,231241210
2024-08-13 13:00:31,121200.0,100,Sell,231241211
2024-08-13 13:00:31,121000.0,200,Sell,231241227
2024-08-13 13:00:31,121200.0,400,Sell,231241213
2024-08-13 13:00:31,121200.0,200,Sell,231241214
2024-08-13 13:00:31,121200.0,200,Sell,231241215
2024-08-13 13:00:31,121100.0,1000,Sell,231241216
2024-08-13 13:00:31,121200.0,100,Sell,231241212
2024-08-13 13:00:31,121100.0,100,Sell,231241218
2024-08-13 13:00:31,121100.0,300,Sell,231241217
2024-08-13 13:00:31,121000.0,200,Sell,231241225
2024-08-13 13:00:31,121000.0,400,Sell,231241224
2024-08-13 13:00:31,121000.0,100,Sell,231241223
2024-08-13 13:00:31,121000.0,100,Sell,231241228
2024-08-13 13:00:31,121100.0,100,Sell,231241221
2024-08-13 13:00:31,121100.0,10000,Sell,231241220
2024-08-13 13:00:31,121100.0,5000,Sell,231241219
2024-08-13 13:00:31,121000.0,100,Sell,231241222
2024-08-13 13:00:36,121000.0,300,Buy,231241391
2024-08-13 13:01:00,121000.0,1000,Buy,231242220
2024-08-13 13:01:05,121000.0,200,Buy,231242428
2024-08-13 13:01:08,121000.0,100,Buy,231242524
2024-08-13 13:01:10,120900.0,100,Sell,231242612
2024-08-13 13:01:10,120900.0,800,Sell,231242613
2024-08-13 13:01:22,120900.0,100,Sell,231243126
2024-08-13 13:01:39,121000.0,100,Buy,231243818
2024-08-13 13:01:46,121000.0,100,Buy,231243990
2024-08-13 13:01:53,120900.0,100,Buy,231244364
2024-08-13 13:02:08,120900.0,100,Buy,231244790
2024-08-13 13:02:15,120900.0,100,Buy,231245058
2024-08-13 13:02:23,120900.0,200,Buy,231245254
2024-08-13 13:02:23,120900.0,200,Buy,231245265
2024-08-13 13:02:32,120900.0,100,Buy,231245566
2024-08-13 13:02:36,120900.0,200,Buy,231245659
2024-08-13 13:02:54,120900.0,100,Buy,231246078
2024-08-13 13:02:56,120900.0,100,Buy,231246112
2024-08-13 13:02:56,120900.0,100,Buy,231246111
2024-08-13 13:03:17,120900.0,100,Sell,231246705
2024-08-13 13:03:25,121000.0,100,Buy,231246961
2024-08-13 13:03:36,121000.0,100,Buy,231247261
2024-08-13 13:03:53,121000.0,100,Buy,231247708
2024-08-13 13:03:53,121000.0,1000,Buy,231247713
2024-08-13 13:03:59,121000.0,3200,Buy,231247834
2024-08-13 13:04:08,121000.0,100,Buy,231248092
2024-08-13 13:04:22,121000.0,900,Buy,231248433
2024-08-13 13:04:26,121000.0,100,Buy,231248570
2024-08-13 13:04:52,120900.0,100,Sell,231249187
2024-08-13 13:04:54,121000.0,200,Buy,231249239
2024-08-13 13:05:03,121000.0,2000,Buy,231249495
2024-08-13 13:05:17,121000.0,100,Buy,231249783
2024-08-13 13:05:23,121000.0,1000,Buy,231249889
2024-08-13 13:05:29,121000.0,100,Buy,231250026
2024-08-13 13:05:29,121000.0,400,Buy,231250025
2024-08-13 13:05:39,120900.0,100,Sell,231250208
2024-08-13 13:05:49,120900.0,100,Sell,231250434
2024-08-13 13:06:03,121000.0,100,Buy,231250754
2024-08-13 13:06:18,121000.0,100,Buy,231251046
2024-08-13 13:06:26,120900.0,400,Sell,231251183
2024-08-13 13:06:26,120900.0,100,Sell,231251184
2024-08-13 13:06:26,120900.0,100,Sell,231251185
2024-08-13 13:06:26,120900.0,100,Sell,231251186
2024-08-13 13:06:48,121000.0,2000,Buy,231251806
2024-08-13 13:06:49,120900.0,100,Sell,231251831
2024-08-13 13:06:49,120900.0,400,Sell,231251832
2024-08-13 13:07:08,121000.0,2000,Buy,231252376
2024-08-13 13:07:16,121000.0,1000,Buy,231252545
2024-08-13 13:07:25,121000.0,100,Buy,231252782
2024-08-13 13:07:30,121000.0,100,Buy,231252917
2024-08-13 13:07:44,121000.0,100,Buy,231253216
2024-08-13 13:08:20,120900.0,100,Sell,231253885
2024-08-13 13:09:02,120900.0,100,Sell,231254855
2024-08-13 13:09:45,121000.0,100,Buy,231255653
2024-08-13 13:09:55,121000.0,1000,Buy,231255839
2024-08-13 13:09:59,121000.0,100,Buy,231255926
2024-08-13 13:10:02,120900.0,100,Sell,231256001
2024-08-13 13:10:02,120900.0,100,Sell,231255998
2024-08-13 13:10:02,120900.0,200,Sell,231255997
2024-08-13 13:10:02,120900.0,200,Sell,231255996
2024-08-13 13:10:02,120900.0,100,Sell,231255995
2024-08-13 13:10:02,120900.0,300,Sell,231255994
2024-08-13 13:10:02,120900.0,100,Sell,231255993
2024-08-13 13:10:02,120900.0,100,Sell,231256000
2024-08-13 13:10:02,120900.0,100,Sell,231255991
2024-08-13 13:10:02,120900.0,600,Sell,231255992
2024-08-13 13:10:02,120900.0,100,Sell,231255984
2024-08-13 13:10:02,120900.0,100,Sell,231255985
2024-08-13 13:10:02,120900.0,100,Sell,231255986
2024-08-13 13:10:02,120900.0,100,Sell,231255999
2024-08-13 13:10:02,120900.0,100,Sell,231255988
2024-08-13 13:10:02,120900.0,100,Sell,231255989
2024-08-13 13:10:02,120900.0,100,Sell,231255990
2024-08-13 13:10:02,120900.0,100,Sell,231255987
2024-08-13 13:10:07,120900.0,200,Buy,231256179
2024-08-13 13:10:14,120900.0,100,Buy,231256302
2024-08-13 13:10:15,120900.0,100,Buy,231256310
2024-08-13 13:10:40,120900.0,100,Sell,231256819
2024-08-13 13:11:10,120900.0,100,Sell,231257465
2024-08-13 13:11:10,120900.0,400,Sell,231257463
2024-08-13 13:11:10,120900.0,100,Sell,231257464
2024-08-13 13:11:23,120900.0,500,Buy,231257679
2024-08-13 13:11:33,120900.0,100,Buy,231257818
2024-08-13 13:11:50,120900.0,200,Buy,231258102
2024-08-13 13:12:02,120900.0,200,Buy,231258334
2024-08-13 13:12:06,120900.0,100,Buy,231258414
2024-08-13 13:12:06,120900.0,300,Buy,231258417
2024-08-13 13:12:06,120900.0,200,Buy,231258418
2024-08-13 13:12:28,120900.0,100,Buy,231258848
2024-08-13 13:12:29,120900.0,100,Buy,231258886
2024-08-13 13:12:33,120900.0,200,Buy,231258964
2024-08-13 13:12:38,120900.0,1000,Buy,231259103
2024-08-13 13:12:54,120900.0,500,Buy,231259369
2024-08-13 13:13:01,120900.0,100,Buy,231259496
2024-08-13 13:13:01,120900.0,100,Buy,231259500
2024-08-13 13:13:25,120900.0,500,Sell,231259920
2024-08-13 13:13:25,120900.0,100,Sell,231259921
2024-08-13 13:13:50,120900.0,100,Buy,231260371
2024-08-13 13:13:51,120900.0,500,Buy,231260396
2024-08-13 13:13:54,120900.0,100,Buy,231260501
2024-08-13 13:13:56,120900.0,100,Buy,231260572
2024-08-13 13:14:02,120800.0,500,Sell,231260714
2024-08-13 13:14:02,120800.0,500,Sell,231260713
2024-08-13 13:14:02,120800.0,100,Sell,231260712
2024-08-13 13:14:02,120800.0,300,Sell,231260715
2024-08-13 13:14:02,120800.0,200,Sell,231260710
2024-08-13 13:14:02,120800.0,500,Sell,231260709
2024-08-13 13:14:02,120800.0,100,Sell,231260708
2024-08-13 13:14:02,120800.0,100,Sell,231260711
2024-08-13 13:14:02,120800.0,100,Sell,231260707
2024-08-13 13:14:30,120800.0,1100,Buy,231261339
2024-08-13 13:14:50,120800.0,100,Buy,231261714
2024-08-13 13:14:55,120800.0,100,Buy,231261822
2024-08-13 13:15:06,120800.0,500,Buy,231261998
2024-08-13 13:15:11,120800.0,500,Buy,231262124
2024-08-13 13:15:13,120800.0,300,Buy,231262185
2024-08-13 13:15:18,120800.0,100,Sell,231262270
2024-08-13 13:15:33,120800.0,100,Sell,231262601
2024-08-13 13:15:34,120800.0,100,Sell,231262610
2024-08-13 13:15:49,120800.0,100,Sell,231262993
2024-08-13 13:16:12,120900.0,600,Buy,231263440
2024-08-13 13:16:12,120900.0,100,Buy,231263441
2024-08-13 13:16:47,120900.0,400,Buy,231264301
2024-08-13 13:16:56,120900.0,100,Buy,231264473
2024-08-13 13:17:13,120800.0,1000,Sell,231264837
2024-08-13 13:17:56,120800.0,1000,Sell,231265735
2024-08-13 13:17:56,120800.0,100,Sell,231265734
2024-08-13 13:17:56,120800.0,100,Sell,231265733
2024-08-13 13:17:56,120800.0,100,Sell,231265730
2024-08-13 13:17:56,120800.0,900,Sell,231265732
2024-08-13 13:17:56,120800.0,100,Sell,231265731
2024-08-13 13:18:02,120800.0,100,Buy,231265826
2024-08-13 13:18:03,120800.0,100,Buy,231265835
2024-08-13 13:18:30,120800.0,100,Buy,231266369
2024-08-13 13:18:31,120800.0,100,Buy,231266376
2024-08-13 13:19:17,120800.0,100,Buy,231267428
2024-08-13 13:19:20,120700.0,100,Sell,231267472
2024-08-13 13:19:49,120800.0,300,Buy,231268157
2024-08-13 13:19:49,120800.0,100,Buy,231268158
2024-08-13 13:19:49,120800.0,300,Buy,231268156
2024-08-13 13:19:59,120800.0,300,Sell,231268338
2024-08-13 13:20:27,120700.0,800,Sell,231268919
2024-08-13 13:20:27,120700.0,100,Buy,231268925
2024-08-13 13:20:27,120700.0,100,Sell,231268922
2024-08-13 13:20:27,120700.0,100,Sell,231268921
2024-08-13 13:20:27,120700.0,400,Sell,231268920
2024-08-13 13:20:27,120700.0,200,Sell,231268918
2024-08-13 13:20:27,120700.0,100,Sell,231268916
2024-08-13 13:20:27,120700.0,100,Sell,231268915
2024-08-13 13:20:27,120700.0,100,Sell,231268914
2024-08-13 13:20:27,120700.0,100,Sell,231268913
2024-08-13 13:20:27,120700.0,2000,Sell,231268912
2024-08-13 13:20:27,120700.0,500,Sell,231268917
2024-08-13 13:20:34,120700.0,100,Buy,231269055
2024-08-13 13:20:36,120700.0,300,Buy,231269085
2024-08-13 13:21:09,120700.0,100,Sell,231269678
2024-08-13 13:21:09,120700.0,100,Sell,231269677
2024-08-13 13:21:09,120700.0,100,Sell,231269676
2024-08-13 13:21:09,120700.0,100,Sell,231269662
2024-08-13 13:21:09,120700.0,1400,Sell,231269675
2024-08-13 13:21:20,120700.0,200,Buy,231269888
2024-08-13 13:21:24,120700.0,100,Buy,231269989
2024-08-13 13:21:58,120800.0,100,Buy,231270903
2024-08-13 13:23:15,120800.0,1000,Buy,231272724
2024-08-13 13:23:31,120800.0,100,Buy,231273054
2024-08-13 13:23:53,120800.0,200,Buy,231273550
2024-08-13 13:24:23,120800.0,100,Buy,231274122
2024-08-13 13:24:29,120700.0,500,Sell,231274295
2024-08-13 13:24:29,120700.0,100,Sell,231274301
2024-08-13 13:24:29,120700.0,100,Sell,231274300
2024-08-13 13:24:29,120700.0,100,Sell,231274299
2024-08-13 13:24:29,120700.0,400,Sell,231274294
2024-08-13 13:24:29,120700.0,200,Sell,231274297
2024-08-13 13:24:29,120700.0,100,Sell,231274298
2024-08-13 13:24:29,120700.0,500,Sell,231274296
2024-08-13 13:24:47,120700.0,100,Sell,231274781
2024-08-13 13:24:47,120700.0,500,Sell,231274782
2024-08-13 13:24:47,120700.0,200,Sell,231274783
2024-08-13 13:24:55,120700.0,200,Buy,231274956
2024-08-13 13:24:55,120700.0,100,Buy,231274966
2024-08-13 13:25:22,120600.0,2000,Sell,231275754
2024-08-13 13:25:22,120600.0,3000,Sell,231275755
2024-08-13 13:25:22,120600.0,100,Sell,231275756
2024-08-13 13:25:22,120600.0,100,Sell,231275757
2024-08-13 13:25:22,120600.0,1000,Sell,231275758
2024-08-13 13:25:22,120600.0,500,Sell,231275759
2024-08-13 13:25:59,120600.0,100,Sell,231276660
2024-08-13 13:25:59,120600.0,100,Sell,231276661
2024-08-13 13:25:59,120500.0,300,Sell,231276662
2024-08-13 13:26:23,120600.0,100,Buy,231277283
2024-08-13 13:26:35,120600.0,100,Buy,231277634
2024-08-13 13:26:41,120600.0,100,Buy,231277760
2024-08-13 13:26:51,120600.0,100,Sell,231278146
2024-08-13 13:26:58,120700.0,400,Buy,231278295
2024-08-13 13:26:58,120700.0,100,Buy,231278298
2024-08-13 13:27:00,120600.0,300,Sell,231278365
2024-08-13 13:27:00,120600.0,1000,Sell,231278366
2024-08-13 13:27:16,120600.0,700,Buy,231278728
2024-08-13 13:27:16,120600.0,200,Buy,231278729
2024-08-13 13:27:36,120600.0,200,Sell,231279526
2024-08-13 13:27:47,120700.0,200,Buy,231279931
2024-08-13 13:27:57,120600.0,600,Sell,231280232
2024-08-13 13:28:12,120700.0,100,Buy,231280623
2024-08-13 13:28:23,120700.0,100,Buy,231280817
2024-08-13 13:28:24,120700.0,300,Buy,231280828
2024-08-13 13:28:26,120700.0,100,Buy,231280866
2024-08-13 13:28:28,120700.0,500,Buy,231280939
2024-08-13 13:28:29,120700.0,100,Buy,231280964
2024-08-13 13:28:30,120700.0,500,Buy,231280990
2024-08-13 13:28:30,120700.0,200,Buy,231280999
2024-08-13 13:28:38,120700.0,100,Sell,231281201
2024-08-13 13:28:38,120700.0,100,Sell,231281202
2024-08-13 13:29:09,120800.0,3200,Buy,231282115
2024-08-13 13:29:09,120800.0,1000,Buy,231282116
2024-08-13 13:29:21,120900.0,1000,Buy,231282391
2024-08-13 13:29:22,120900.0,500,Buy,231282429
2024-08-13 13:29:33,121000.0,100,Buy,231282710
2024-08-13 13:29:40,121000.0,3400,Buy,231282955
2024-08-13 13:29:45,120900.0,100,Sell,231283104
2024-08-13 13:29:46,121000.0,1000,Buy,231283118
2024-08-13 13:29:49,121000.0,400,Buy,231283193
2024-08-13 13:29:50,121000.0,100,Buy,231283229
2024-08-13 13:29:50,121000.0,400,Buy,231283230
2024-08-13 13:29:53,121000.0,600,Buy,231283340
2024-08-13 13:30:16,121100.0,100,Sell,231284012
2024-08-13 13:30:16,121000.0,100,Sell,231284013
2024-08-13 13:31:21,121000.0,300,Sell,231285821
2024-08-13 13:31:21,121000.0,100,Sell,231285822
2024-08-13 13:31:22,121000.0,100,Buy,231285855
2024-08-13 13:31:45,121300.0,800,Buy,231286431
2024-08-13 13:31:56,121000.0,400,Sell,231286688
2024-08-13 13:31:56,121000.0,400,Sell,231286689
2024-08-13 13:31:58,121000.0,100,Buy,231286728
2024-08-13 13:32:01,121000.0,100,Buy,231286785
2024-08-13 13:32:05,121000.0,1000,Buy,231286830
2024-08-13 13:32:07,121000.0,500,Buy,231286874
2024-08-13 13:32:08,121300.0,600,Buy,231286918
2024-08-13 13:32:24,121300.0,100,Buy,231287209
2024-08-13 13:32:38,121300.0,300,Buy,231287528
2024-08-13 13:32:49,121300.0,500,Buy,231287693
2024-08-13 13:32:49,121300.0,1000,Buy,231287694
2024-08-13 13:32:49,121300.0,100,Buy,231287695
2024-08-13 13:33:33,121300.0,100,Sell,231288645
2024-08-13 13:33:33,121300.0,100,Sell,231288646
2024-08-13 13:34:21,121500.0,100,Buy,231289510
2024-08-13 13:34:24,121300.0,900,Sell,231289593
2024-08-13 13:35:02,121400.0,400,Sell,231290456
2024-08-13 13:35:11,121400.0,200,Sell,231290683
2024-08-13 13:35:12,121400.0,1000,Sell,231290735
2024-08-13 13:35:31,121300.0,300,Sell,231291588
2024-08-13 13:35:31,121300.0,200,Sell,231291589
2024-08-13 13:35:34,121300.0,500,Buy,231291649
2024-08-13 13:35:34,121500.0,1000,Buy,231291650
2024-08-13 13:35:34,121500.0,500,Buy,231291651
2024-08-13 13:35:34,121500.0,500,Buy,231291652
2024-08-13 13:35:59,121400.0,100,Sell,231292472
2024-08-13 13:36:45,121300.0,100,Sell,231293433
2024-08-13 13:36:45,121300.0,100,Sell,231293434
2024-08-13 13:36:45,121300.0,800,Sell,231293435
2024-08-13 13:36:59,121400.0,100,Buy,231293737
2024-08-13 13:36:59,121400.0,900,Buy,231293738
2024-08-13 13:37:45,121500.0,100,Buy,231294858
2024-08-13 13:37:58,121500.0,100,Buy,231295123
2024-08-13 13:38:11,121500.0,1700,Buy,231295450
2024-08-13 13:38:11,121500.0,300,Buy,231295449
2024-08-13 13:38:18,121400.0,100,Sell,231295550
2024-08-13 13:38:24,121500.0,300,Buy,231295674
2024-08-13 13:38:26,121500.0,200,Sell,231295727
2024-08-13 13:38:27,121500.0,100,Sell,231295732
2024-08-13 13:38:38,121500.0,1700,Sell,231295946
2024-08-13 13:39:00,121500.0,200,Buy,231296353
2024-08-13 13:39:08,121400.0,100,Sell,231296461
2024-08-13 13:39:38,121500.0,100,Buy,231297029
2024-08-13 13:39:50,121500.0,1900,Buy,231297298
2024-08-13 13:39:50,121500.0,100,Buy,231297297
2024-08-13 13:39:54,121500.0,100,Buy,231297370
2024-08-13 13:39:55,121500.0,200,Buy,231297390
2024-08-13 13:40:03,121500.0,100,Sell,231297543
2024-08-13 13:40:03,121500.0,100,Sell,231297544
2024-08-13 13:40:03,121400.0,900,Sell,231297545
2024-08-13 13:40:03,121400.0,100,Sell,231297546
2024-08-13 13:40:03,121400.0,600,Sell,231297547
2024-08-13 13:40:09,121400.0,100,Buy,231297656
2024-08-13 13:40:17,121400.0,200,Buy,231297789
2024-08-13 13:40:34,121400.0,500,Buy,231298159
2024-08-13 13:41:42,121400.0,100,Sell,231299662
2024-08-13 13:42:59,121500.0,100,Buy,231301293
2024-08-13 13:43:29,121500.0,100,Buy,231301867
2024-08-13 13:43:29,121500.0,400,Buy,231301868
2024-08-13 13:43:39,121500.0,100,Buy,231302032
2024-08-13 13:44:27,121500.0,1000,Buy,231303128
2024-08-13 13:44:38,121500.0,100,Buy,231303329
2024-08-13 13:45:10,121400.0,200,Sell,231304108
2024-08-13 13:46:05,121500.0,100,Buy,231305434
2024-08-13 13:46:05,121400.0,200,Sell,231305435
2024-08-13 13:46:05,121400.0,100,Sell,231305436
2024-08-13 13:46:05,121400.0,700,Sell,231305437
2024-08-13 13:46:05,121500.0,400,Buy,231305433
2024-08-13 13:46:21,121400.0,200,Sell,231305934
2024-08-13 13:46:28,121500.0,100,Buy,231306089
2024-08-13 13:46:38,121500.0,300,Buy,231306311
2024-08-13 13:46:38,121500.0,200,Buy,231306310
2024-08-13 13:47:08,121400.0,100,Sell,231306833
2024-08-13 13:47:43,121400.0,500,Sell,231307645
2024-08-13 13:47:43,121400.0,600,Sell,231307646
2024-08-13 13:47:43,121400.0,200,Sell,231307644
2024-08-13 13:47:52,121400.0,100,Sell,231307850
2024-08-13 13:47:52,121300.0,200,Sell,231307851
2024-08-13 13:47:52,121300.0,1000,Sell,231307852
2024-08-13 13:47:52,121300.0,100,Sell,231307853
2024-08-13 13:47:52,121200.0,100,Sell,231307854
2024-08-13 13:48:02,121200.0,900,Sell,231308091
2024-08-13 13:48:02,121200.0,400,Sell,231308090
2024-08-13 13:48:16,121000.0,100,Sell,231308474
2024-08-13 13:48:16,121000.0,900,Sell,231308469
2024-08-13 13:48:16,121000.0,100,Sell,231308473
2024-08-13 13:48:16,121000.0,100,Sell,231308472
2024-08-13 13:48:16,121000.0,100,Sell,231308471
2024-08-13 13:48:16,121000.0,100,Sell,231308470
2024-08-13 13:48:16,121000.0,100,Sell,231308468
2024-08-13 13:48:16,121200.0,100,Sell,231308450
2024-08-13 13:48:16,121000.0,200,Sell,231308466
2024-08-13 13:48:16,121200.0,100,Sell,231308449
2024-08-13 13:48:16,121200.0,100,Sell,231308462
2024-08-13 13:48:16,121000.0,1000,Sell,231308467
2024-08-13 13:48:16,121000.0,200,Sell,231308464
2024-08-13 13:48:16,121000.0,1000,Sell,231308465
2024-08-13 13:48:16,121100.0,100,Sell,231308463
2024-08-13 13:48:40,120900.0,100,Sell,231309143
2024-08-13 13:48:59,121000.0,2000,Buy,231309702
2024-08-13 13:49:32,121000.0,200,Buy,231310466
2024-08-13 13:49:40,120900.0,500,Sell,231310673
2024-08-13 13:49:40,120900.0,100,Sell,231310672
2024-08-13 13:49:40,120900.0,100,Sell,231310671
2024-08-13 13:49:40,120900.0,100,Sell,231310669
2024-08-13 13:49:40,120900.0,100,Sell,231310668
2024-08-13 13:49:40,120900.0,300,Sell,231310667
2024-08-13 13:49:40,120900.0,200,Sell,231310670
2024-08-13 13:49:51,120900.0,200,Buy,231311016
2024-08-13 13:49:51,121000.0,100,Buy,231311017
2024-08-13 13:49:51,121000.0,300,Buy,231311020
2024-08-13 13:50:00,120900.0,100,Buy,231311297
2024-08-13 13:50:09,120900.0,100,Buy,231311543
2024-08-13 13:50:18,120800.0,900,Sell,231311727
2024-08-13 13:50:18,120800.0,800,Sell,231311726
2024-08-13 13:50:18,120900.0,100,Sell,231311723
2024-08-13 13:50:18,120900.0,100,Sell,231311724
2024-08-13 13:50:18,120900.0,100,Sell,231311725
2024-08-13 13:50:38,120800.0,1000,Sell,231312322
2024-08-13 13:50:38,120800.0,200,Sell,231312323
2024-08-13 13:50:38,120800.0,100,Sell,231312324
2024-08-13 13:50:43,120800.0,700,Buy,231312426
2024-08-13 13:50:55,120600.0,100,Sell,231312732
2024-08-13 13:50:55,120500.0,1400,Sell,231312738
2024-08-13 13:50:55,120600.0,100,Sell,231312737
2024-08-13 13:50:55,120600.0,300,Sell,231312736
2024-08-13 13:50:55,120600.0,100,Sell,231312735
2024-08-13 13:50:55,120600.0,500,Sell,231312734
2024-08-13 13:50:55,120600.0,100,Sell,231312733
2024-08-13 13:50:55,120700.0,200,Sell,231312730
2024-08-13 13:50:55,120600.0,3300,Sell,231312731
2024-08-13 13:50:55,120700.0,100,Sell,231312728
2024-08-13 13:50:55,120700.0,1000,Sell,231312721
2024-08-13 13:50:55,120700.0,200,Sell,231312722
2024-08-13 13:50:55,120700.0,100,Sell,231312723
2024-08-13 13:50:55,120700.0,100,Sell,231312724
2024-08-13 13:50:55,120700.0,100,Sell,231312729
2024-08-13 13:50:55,120700.0,100,Sell,231312726
2024-08-13 13:50:55,120700.0,100,Sell,231312727
2024-08-13 13:50:55,120800.0,300,Sell,231312720
2024-08-13 13:50:55,120700.0,100,Sell,231312725
2024-08-13 13:51:31,120600.0,100,Sell,231313734
2024-08-13 13:52:36,120700.0,100,Sell,231315961
2024-08-13 13:53:04,120800.0,100,Sell,231316644
2024-08-13 13:53:25,120800.0,200,Buy,231317540
2024-08-13 13:53:25,120800.0,200,Buy,231317541
2024-08-13 13:53:37,120800.0,100,Buy,231317853
2024-08-13 13:54:47,120800.0,500,Buy,231319954
2024-08-13 13:54:50,120800.0,1000,Buy,231320037
2024-08-13 13:55:07,120700.0,100,Sell,231320884
2024-08-13 13:55:17,120700.0,100,Sell,231321341
2024-08-13 13:55:17,120700.0,100,Sell,231321340
2024-08-13 13:55:17,120700.0,100,Sell,231321339
2024-08-13 13:55:34,120700.0,500,Buy,231321967
2024-08-13 13:55:49,120700.0,100,Buy,231322463
2024-08-13 13:56:21,120600.0,400,Sell,231323712
2024-08-13 13:56:21,120600.0,100,Sell,231323710
2024-08-13 13:56:21,120600.0,100,Sell,231323709
2024-08-13 13:56:21,120600.0,100,Sell,231323711
2024-08-13 13:56:21,120600.0,500,Sell,231323707
2024-08-13 13:56:21,120600.0,100,Sell,231323706
2024-08-13 13:56:21,120600.0,500,Sell,231323705
2024-08-13 13:56:21,120600.0,100,Sell,231323704
2024-08-13 13:56:21,120600.0,100,Sell,231323708
2024-08-13 13:56:28,120600.0,100,Sell,231324093
2024-08-13 13:56:28,120600.0,200,Sell,231324092
2024-08-13 13:56:28,120600.0,100,Sell,231324091
2024-08-13 13:56:28,120600.0,300,Sell,231324088
2024-08-13 13:56:28,120600.0,100,Sell,231324090
2024-08-13 13:56:28,120600.0,500,Sell,231324089
2024-08-13 13:56:28,120600.0,100,Sell,231324087
2024-08-13 13:56:28,120600.0,100,Sell,231324081
2024-08-13 13:56:28,120600.0,100,Sell,231324085
2024-08-13 13:56:28,120600.0,200,Sell,231324086
2024-08-13 13:56:28,120600.0,600,Sell,231324078
2024-08-13 13:56:28,120600.0,100,Sell,231324080
2024-08-13 13:56:28,120600.0,2000,Sell,231324079
2024-08-13 13:56:28,120600.0,100,Sell,231324082
2024-08-13 13:56:28,120600.0,200,Sell,231324083
2024-08-13 13:56:28,120600.0,200,Sell,231324084
2024-08-13 13:57:22,120700.0,100,Buy,231325947
2024-08-13 13:57:33,120600.0,100,Sell,231326408
2024-08-13 13:57:33,120600.0,200,Sell,231326409
2024-08-13 13:57:33,120600.0,100,Sell,231326410
2024-08-13 13:57:38,120600.0,100,Sell,231326745
2024-08-13 13:57:44,120500.0,300,Sell,231326975
2024-08-13 13:57:45,120600.0,200,Buy,231326995
2024-08-13 13:58:03,120600.0,100,Buy,231327902
2024-08-13 13:58:06,120500.0,2000,Sell,231328035
2024-08-13 13:58:39,120600.0,200,Buy,231329622
2024-08-13 13:58:39,120600.0,500,Buy,231329623
2024-08-13 13:58:39,120600.0,1300,Buy,231329624
2024-08-13 13:58:40,120600.0,100,Buy,231329714
2024-08-13 13:58:44,120600.0,200,Buy,231329864
2024-08-13 13:59:12,120600.0,100,Buy,231331441
2024-08-13 13:59:18,120600.0,200,Buy,231331662
2024-08-13 13:59:18,120600.0,200,Buy,231331663
2024-08-13 13:59:18,120600.0,1000,Buy,231331664
2024-08-13 13:59:22,120600.0,100,Sell,231331749
2024-08-13 13:59:29,120600.0,100,Buy,231332008
2024-08-13 13:59:30,120500.0,100,Sell,231332033
2024-08-13 13:59:35,120600.0,100,Buy,231332222
2024-08-13 13:59:37,120600.0,100,Buy,231332371
2024-08-13 13:59:45,120600.0,600,Buy,231332730
2024-08-13 13:59:45,120600.0,100,Buy,231332731
2024-08-13 13:59:45,120600.0,1300,Buy,231332732
2024-08-13 13:59:54,120500.0,100,Sell,231333306
2024-08-13 13:59:56,120600.0,100,Buy,231333384
2024-08-13 14:00:05,120500.0,500,Sell,231333647
2024-08-13 14:00:39,120600.0,200,Buy,231334868
2024-08-13 14:00:39,120600.0,1600,Buy,231334867
2024-08-13 14:00:49,120600.0,200,Buy,231335172
2024-08-13 14:01:01,120600.0,600,Buy,231335826
2024-08-13 14:01:56,120600.0,100,Sell,231338540
2024-08-13 14:01:59,120600.0,300,Sell,231338612
2024-08-13 14:01:59,120600.0,100,Sell,231338613
2024-08-13 14:01:59,120600.0,200,Sell,231338614
2024-08-13 14:01:59,120600.0,100,Sell,231338615
2024-08-13 14:01:59,120600.0,200,Sell,231338616
2024-08-13 14:01:59,120600.0,100,Sell,231338617
2024-08-13 14:01:59,120600.0,500,Sell,231338618
2024-08-13 14:01:59,120600.0,4500,Sell,231338619
2024-08-13 14:02:15,120600.0,500,Sell,231339196
2024-08-13 14:02:15,120600.0,100,Sell,231339197
2024-08-13 14:02:45,120600.0,200,Buy,231340504
2024-08-13 14:02:57,120600.0,1500,Buy,231341018
2024-08-13 14:03:03,120500.0,200,Sell,231341250
2024-08-13 14:03:10,120600.0,100,Buy,231341566
2024-08-13 14:03:12,120600.0,600,Buy,231341633
2024-08-13 14:03:49,120600.0,100,Sell,231342916
2024-08-13 14:03:49,120600.0,200,Sell,231342917
2024-08-13 14:04:07,120600.0,300,Sell,231343450
2024-08-13 14:04:07,120600.0,200,Sell,231343451
2024-08-13 14:04:07,120600.0,1200,Sell,231343452
2024-08-13 14:04:19,120600.0,500,Sell,231343870
2024-08-13 14:04:21,120600.0,100,Buy,231343925
2024-08-13 14:04:37,120600.0,1000,Buy,231344440
2024-08-13 14:04:42,120600.0,500,Buy,231344585
2024-08-13 14:04:48,120600.0,100,Buy,231344731
2024-08-13 14:04:52,120600.0,800,Buy,231344813
2024-08-13 14:04:52,120600.0,100,Buy,231344814
2024-08-13 14:06:03,120600.0,100,Sell,231346778
2024-08-13 14:06:03,120600.0,100,Sell,231346777
2024-08-13 14:06:03,120600.0,100,Sell,231346773
2024-08-13 14:06:03,120600.0,100,Sell,231346775
2024-08-13 14:06:03,120600.0,100,Sell,231346774
2024-08-13 14:06:03,120600.0,200,Sell,231346776
2024-08-13 14:06:31,120600.0,200,Buy,231347390
2024-08-13 14:06:43,120600.0,500,Buy,231347599
2024-08-13 14:06:45,120600.0,100,Buy,231347629
2024-08-13 14:06:48,120600.0,500,Buy,231347681
2024-08-13 14:07:01,120600.0,100,Sell,231347890
2024-08-13 14:07:01,120600.0,300,Sell,231347891
2024-08-13 14:07:08,120600.0,100,Buy,231348029
2024-08-13 14:07:09,120600.0,1500,Buy,231348050
2024-08-13 14:07:09,120600.0,100,Buy,231348051
2024-08-13 14:07:13,120500.0,700,Sell,231348154
2024-08-13 14:07:13,120500.0,200,Sell,231348153
2024-08-13 14:07:13,120500.0,100,Sell,231348152
2024-08-13 14:07:13,120500.0,2000,Sell,231348151
2024-08-13 14:07:13,120500.0,200,Sell,231348150
2024-08-13 14:07:13,120500.0,100,Sell,231348148
2024-08-13 14:07:13,120500.0,500,Sell,231348147
2024-08-13 14:07:13,120500.0,100,Sell,231348146
2024-08-13 14:07:13,120500.0,1000,Sell,231348149
2024-08-13 14:08:43,120500.0,300,Sell,231351103
2024-08-13 14:08:43,120500.0,700,Sell,231351104
2024-08-13 14:09:33,120600.0,100,Sell,231353464
2024-08-13 14:09:53,120600.0,100,Buy,231354168
2024-08-13 14:10:22,120600.0,1800,Buy,231355338
2024-08-13 14:10:34,120700.0,100,Buy,231355807
2024-08-13 14:11:52,120500.0,300,Sell,231358766
2024-08-13 14:11:53,120600.0,400,Sell,231358825
2024-08-13 14:13:01,120600.0,100,Buy,231361916
2024-08-13 14:13:25,120500.0,100,Sell,231363000
2024-08-13 14:13:25,120500.0,100,Sell,231362999
2024-08-13 14:13:25,120500.0,100,Sell,231362997
2024-08-13 14:13:25,120500.0,100,Sell,231362996
2024-08-13 14:13:25,120500.0,100,Sell,231362998
2024-08-13 14:13:26,120500.0,3000,Sell,231363180
2024-08-13 14:13:27,120500.0,400,Sell,231363210
2024-08-13 14:13:29,120500.0,100,Sell,231363279
2024-08-13 14:13:29,120500.0,1700,Sell,231363278
2024-08-13 14:13:29,120500.0,100,Sell,231363277
2024-08-13 14:13:29,120500.0,500,Sell,231363275
2024-08-13 14:13:29,120500.0,100,Sell,231363274
2024-08-13 14:13:29,120500.0,5000,Sell,231363273
2024-08-13 14:13:29,120500.0,200,Sell,231363272
2024-08-13 14:13:29,120500.0,300,Sell,231363271
2024-08-13 14:13:29,120500.0,100,Sell,231363276
2024-08-13 14:13:29,120500.0,100,Sell,231363269
2024-08-13 14:13:29,120500.0,100,Sell,231363268
2024-08-13 14:13:29,120500.0,200,Sell,231363267
2024-08-13 14:13:29,120500.0,2800,Sell,231363266
2024-08-13 14:13:29,120500.0,2200,Sell,231363257
2024-08-13 14:13:29,120500.0,200,Sell,231363256
2024-08-13 14:13:29,120500.0,1000,Sell,231363255
2024-08-13 14:13:29,120500.0,1600,Sell,231363254
2024-08-13 14:13:29,120500.0,100,Sell,231363270
2024-08-13 14:13:30,120500.0,100,Sell,231363312
2024-08-13 14:13:30,120500.0,2000,Sell,231363311
2024-08-13 14:13:30,120500.0,200,Sell,231363310
2024-08-13 14:13:30,120500.0,200,Sell,231363309
2024-08-13 14:13:30,120500.0,500,Sell,231363308
2024-08-13 14:13:30,120500.0,100,Sell,231363289
2024-08-13 14:13:30,120500.0,100,Sell,231363291
2024-08-13 14:13:30,120500.0,200,Sell,231363290
2024-08-13 14:13:30,120500.0,100,Sell,231363288
2024-08-13 14:13:30,120500.0,100,Sell,231363287
2024-08-13 14:13:30,120500.0,100,Sell,231363286
2024-08-13 14:13:30,120500.0,500,Sell,231363292
2024-08-13 14:13:31,120500.0,200,Sell,231363363
2024-08-13 14:13:31,120500.0,200,Sell,231363362
2024-08-13 14:13:31,120500.0,100,Sell,231363361
2024-08-13 14:13:31,120500.0,1000,Sell,231363360
2024-08-13 14:13:31,120500.0,100,Sell,231363358
2024-08-13 14:13:31,120500.0,100,Sell,231363359
2024-08-13 14:13:31,120500.0,100,Sell,231363357
2024-08-13 14:13:33,120500.0,800,Sell,231363463
2024-08-13 14:13:33,120500.0,100,Sell,231363464
2024-08-13 14:13:43,120500.0,100,Sell,231363820
2024-08-13 14:13:43,120500.0,200,Sell,231363821
2024-08-13 14:13:43,120500.0,100,Sell,231363822
2024-08-13 14:13:43,120500.0,500,Sell,231363823
2024-08-13 14:14:23,120400.0,100,Sell,231365180
2024-08-13 14:14:27,120500.0,100,Buy,231365615
2024-08-13 14:14:29,120400.0,200,Sell,231365682
2024-08-13 14:14:53,120500.0,2600,Buy,231366645
2024-08-13 14:15:00,120500.0,2000,Buy,231366873
2024-08-13 14:15:00,120400.0,100,Sell,231366872
2024-08-13 14:15:00,120400.0,100,Sell,231366871
2024-08-13 14:15:00,120400.0,100,Sell,231366870
2024-08-13 14:15:00,120400.0,100,Sell,231366869
2024-08-13 14:15:00,120400.0,100,Sell,231366867
2024-08-13 14:15:00,120400.0,300,Sell,231366866
2024-08-13 14:15:00,120400.0,100,Sell,231366865
2024-08-13 14:15:00,120400.0,100,Sell,231366864
2024-08-13 14:15:00,120400.0,5000,Sell,231366868
2024-08-13 14:15:38,120500.0,100,Sell,231367942
2024-08-13 14:15:38,120500.0,100,Sell,231367943
2024-08-13 14:16:13,120500.0,100,Sell,231368951
2024-08-13 14:16:16,120500.0,100,Sell,231369005
2024-08-13 14:17:28,120600.0,100,Buy,231370870
2024-08-13 14:17:39,120600.0,700,Buy,231371098
2024-08-13 14:17:39,120600.0,1800,Buy,231371097
2024-08-13 14:18:03,120600.0,700,Buy,231371648
2024-08-13 14:18:04,120600.0,200,Buy,231371658
2024-08-13 14:18:05,120600.0,200,Buy,231371694
2024-08-13 14:18:27,120600.0,200,Buy,231372232
2024-08-13 14:18:27,120600.0,800,Buy,231372233
2024-08-13 14:18:30,120600.0,100,Buy,231372288
2024-08-13 14:18:38,120600.0,300,Buy,231372512
2024-08-13 14:18:38,120600.0,200,Buy,231372513
2024-08-13 14:18:42,120600.0,100,Buy,231372607
2024-08-13 14:19:00,120600.0,200,Buy,231373013
2024-08-13 14:19:01,120500.0,100,Sell,231373058
2024-08-13 14:19:05,120600.0,100,Buy,231373172
2024-08-13 14:19:31,120600.0,100,Buy,231373994
2024-08-13 14:19:34,120600.0,1900,Buy,231374092
2024-08-13 14:19:46,120700.0,1900,Buy,231374441
2024-08-13 14:19:46,120700.0,100,Buy,231374442
2024-08-13 14:19:56,120700.0,100,Sell,231374658
2024-08-13 14:20:02,120800.0,100,Buy,231374768
2024-08-13 14:20:16,120800.0,100,Buy,231375144
2024-08-13 14:20:37,120800.0,200,Buy,231375688
2024-08-13 14:22:01,120900.0,100,Buy,231378122
2024-08-13 14:22:54,121000.0,100,Buy,231379897
2024-08-13 14:23:14,121000.0,200,Buy,231380599
2024-08-13 14:23:21,121000.0,200,Buy,231380857
2024-08-13 14:23:38,121000.0,100,Buy,231381519
2024-08-13 14:24:27,121500.0,500,Buy,231383443
2024-08-13 14:24:37,121500.0,100,Buy,231383729
2024-08-13 14:25:01,121500.0,200,Buy,231384837
2024-08-13 14:25:08,121500.0,100,Buy,231385097
2024-08-13 14:25:42,121500.0,800,Buy,231386503
2024-08-13 14:25:51,121500.0,200,Buy,231386926
2024-08-13 14:26:01,121500.0,800,Buy,231387329
2024-08-13 14:26:17,121500.0,100,Buy,231388037
2024-08-13 14:26:29,121500.0,100,Buy,231388519
2024-08-13 14:26:59,121000.0,100,Sell,231389878
2024-08-13 14:26:59,121000.0,400,Sell,231389879
2024-08-13 14:28:17,121400.0,100,Buy,231393523
2024-08-13 14:28:25,121200.0,1000,Sell,231393819
2024-08-13 14:28:25,121000.0,100,Sell,231393820
2024-08-13 14:28:25,121000.0,100,Sell,231393821
2024-08-13 14:28:25,121000.0,1400,Sell,231393822
2024-08-13 14:44:37,121000.0,6000,ATO/ATC,231397495
