time,price,volume,match_type,id
2024-07-30 09:14:38,131500.0,600,ATO/ATC,227139472
2024-07-30 09:14:41,131500.0,100,Sell,227139670
2024-07-30 09:14:58,131100.0,200,Sell,227140217
2024-07-30 09:15:11,131000.0,1000,Sell,227140876
2024-07-30 09:15:11,131000.0,500,Sell,227140877
2024-07-30 09:15:40,131000.0,100,Buy,227142049
2024-07-30 09:16:28,130900.0,500,Buy,227143344
2024-07-30 09:17:18,130900.0,100,Buy,227144995
2024-07-30 09:18:45,130600.0,100,Sell,227148218
2024-07-30 09:18:56,130600.0,500,Sell,227148617
2024-07-30 09:18:56,130600.0,100,Sell,227148618
2024-07-30 09:19:13,130500.0,500,Sell,227149218
2024-07-30 09:19:13,130500.0,200,Sell,227149219
2024-07-30 09:19:39,130500.0,100,Sell,227150150
2024-07-30 09:19:59,130800.0,200,Buy,227150884
2024-07-30 09:19:59,130800.0,200,Buy,227150885
2024-07-30 09:20:09,130300.0,500,Sell,227151184
2024-07-30 09:20:09,130300.0,500,Sell,227151185
2024-07-30 09:20:22,130300.0,100,Buy,227151566
2024-07-30 09:21:02,130000.0,100,Sell,227152757
2024-07-30 09:21:02,130000.0,200,Sell,227152730
2024-07-30 09:21:04,130000.0,600,Sell,227152823
2024-07-30 09:21:13,130000.0,100,Sell,227153077
2024-07-30 09:21:42,130000.0,200,Sell,227153943
2024-07-30 09:22:52,130000.0,200,Sell,227155934
2024-07-30 09:22:52,130000.0,100,Sell,227155935
2024-07-30 09:22:52,130000.0,100,Sell,227155936
2024-07-30 09:23:31,130000.0,100,Buy,227157118
2024-07-30 09:25:21,130200.0,100,Buy,227160040
2024-07-30 09:25:29,130000.0,200,Buy,227160274
2024-07-30 09:25:44,129800.0,100,Sell,227160637
2024-07-30 09:25:44,129800.0,100,Sell,227160636
2024-07-30 09:25:58,130000.0,300,Buy,227161048
2024-07-30 09:26:44,130100.0,100,Sell,227162273
2024-07-30 09:27:01,130300.0,200,Buy,227162812
2024-07-30 09:27:01,130300.0,100,Buy,227162813
2024-07-30 09:27:01,130300.0,100,Buy,227162814
2024-07-30 09:27:50,130900.0,400,Buy,227164221
2024-07-30 09:27:50,131000.0,100,Buy,227164222
2024-07-30 09:29:59,131000.0,100,Buy,227168523
2024-07-30 09:29:59,131000.0,100,Buy,227168524
2024-07-30 09:29:59,131000.0,300,Buy,227168525
2024-07-30 09:31:06,131000.0,100,Buy,227170785
2024-07-30 09:31:19,131000.0,100,Buy,227171147
2024-07-30 09:31:29,131000.0,100,Buy,227171488
2024-07-30 09:31:48,131000.0,100,Buy,227172020
2024-07-30 09:31:51,131000.0,100,Buy,227172104
2024-07-30 09:32:45,131000.0,200,Buy,227173769
2024-07-30 09:32:45,131000.0,100,Buy,227173770
2024-07-30 09:34:20,130900.0,100,Buy,227176191
2024-07-30 09:35:39,130900.0,100,Buy,227178043
2024-07-30 09:37:07,130900.0,100,Buy,227180034
2024-07-30 09:39:49,130900.0,500,Buy,227183603
2024-07-30 09:39:52,130900.0,100,Buy,227183661
2024-07-30 09:40:42,130900.0,200,Buy,227184724
2024-07-30 09:40:42,130900.0,400,Buy,227184723
2024-07-30 09:40:49,130900.0,400,Sell,227184909
2024-07-30 09:43:14,130700.0,100,Sell,227187708
2024-07-30 09:43:14,130700.0,200,Sell,227187707
2024-07-30 09:44:01,130600.0,100,Sell,227188814
2024-07-30 09:44:43,130500.0,100,Sell,227189609
2024-07-30 09:44:43,130500.0,300,Sell,227189610
2024-07-30 09:44:43,130500.0,500,Sell,227189611
2024-07-30 09:45:38,130200.0,200,Sell,227190718
2024-07-30 09:45:38,130100.0,400,Sell,227190719
2024-07-30 09:45:38,130100.0,200,Sell,227190720
2024-07-30 09:45:38,130000.0,100,Sell,227190721
2024-07-30 09:45:38,130000.0,700,Sell,227190722
2024-07-30 09:49:26,130100.0,100,Sell,227196103
2024-07-30 09:49:26,130100.0,100,Sell,227196104
2024-07-30 09:49:55,130100.0,100,Sell,227196798
2024-07-30 09:50:05,130100.0,100,Sell,227196972
2024-07-30 09:50:27,130100.0,100,Sell,227197536
2024-07-30 09:50:27,130100.0,100,Sell,227197537
2024-07-30 09:53:40,130100.0,100,Sell,227201795
2024-07-30 09:55:25,130500.0,200,Buy,227203917
2024-07-30 09:55:25,130500.0,200,Buy,227203918
2024-07-30 09:55:25,130700.0,300,Buy,227203919
2024-07-30 09:55:25,131000.0,100,Buy,227203920
2024-07-30 09:55:25,131000.0,100,Buy,227203921
2024-07-30 09:55:25,131000.0,100,Buy,227203922
2024-07-30 09:56:20,131700.0,200,Buy,227205040
2024-07-30 09:56:20,131000.0,200,Buy,227205039
2024-07-30 09:56:20,131000.0,400,Buy,227205038
2024-07-30 09:57:56,131400.0,700,Buy,227206929
2024-07-30 09:57:56,131400.0,1300,Buy,227206930
2024-07-30 09:58:16,131400.0,700,Buy,227207288
2024-07-30 09:58:16,131400.0,300,Buy,227207289
2024-07-30 09:59:53,130900.0,100,Buy,227209220
2024-07-30 10:00:01,130900.0,100,Buy,227209390
2024-07-30 10:01:00,130900.0,200,Buy,227210467
2024-07-30 10:01:00,130900.0,200,Buy,227210468
2024-07-30 10:02:41,130900.0,700,Sell,227212195
2024-07-30 10:05:23,130900.0,200,Sell,227215050
2024-07-30 10:06:38,130900.0,700,Sell,227216224
2024-07-30 10:06:46,130800.0,700,Sell,227216334
2024-07-30 10:06:49,130700.0,100,Sell,227216435
2024-07-30 10:06:49,130700.0,100,Sell,227216434
2024-07-30 10:07:32,131000.0,500,Buy,227217430
2024-07-30 10:07:32,131000.0,300,Buy,227217431
2024-07-30 10:07:32,131300.0,200,Buy,227217432
2024-07-30 10:07:50,131300.0,300,Buy,227217870
2024-07-30 10:07:50,131300.0,600,Buy,227217871
2024-07-30 10:07:50,131300.0,100,Buy,227217872
2024-07-30 10:08:02,131000.0,200,Sell,227218085
2024-07-30 10:08:29,131500.0,500,Buy,227218483
2024-07-30 10:08:29,131500.0,2000,Buy,227218482
2024-07-30 10:08:29,131300.0,100,Buy,227218480
2024-07-30 10:08:29,131300.0,400,Buy,227218481
2024-07-30 10:10:00,131300.0,200,Buy,227219793
2024-07-30 10:10:17,131300.0,400,Buy,227220068
2024-07-30 10:10:17,131300.0,800,Buy,227220069
2024-07-30 10:10:18,131300.0,600,Sell,227220081
2024-07-30 10:11:25,131300.0,100,Buy,227221129
2024-07-30 10:11:25,131300.0,400,Buy,227221130
2024-07-30 10:11:25,131300.0,200,Buy,227221128
2024-07-30 10:15:00,131300.0,200,Sell,227224373
2024-07-30 10:15:00,131300.0,1000,Sell,227224374
2024-07-30 10:15:29,131300.0,100,Buy,227225009
2024-07-30 10:16:40,131300.0,700,Buy,227226157
2024-07-30 10:16:40,131300.0,200,Buy,227226158
2024-07-30 10:17:24,131300.0,100,Sell,227226904
2024-07-30 10:17:42,131300.0,100,Buy,227227127
2024-07-30 10:17:53,131300.0,100,Buy,227227283
2024-07-30 10:19:18,131400.0,400,Buy,227228888
2024-07-30 10:19:25,131400.0,100,Sell,227229036
2024-07-30 10:19:40,131400.0,400,Sell,227229296
2024-07-30 10:20:03,131400.0,100,Buy,227229686
2024-07-30 10:20:18,131400.0,600,Buy,227229971
2024-07-30 10:20:18,131400.0,200,Sell,227229996
2024-07-30 10:20:22,131400.0,100,Sell,227230063
2024-07-30 10:20:42,131500.0,500,Buy,227230432
2024-07-30 10:20:42,131500.0,1600,Buy,227230433
2024-07-30 10:20:43,131500.0,200,Buy,227230441
2024-07-30 10:20:52,131500.0,200,Buy,227230614
2024-07-30 10:21:31,131700.0,500,Buy,227231175
2024-07-30 10:21:51,131500.0,100,Sell,227231479
2024-07-30 10:21:51,131500.0,2800,Sell,227231477
2024-07-30 10:21:51,131500.0,3000,Sell,227231478
2024-07-30 10:21:59,131500.0,100,Buy,227231729
2024-07-30 10:22:33,131500.0,400,Sell,227232338
2024-07-30 10:22:33,131500.0,400,Sell,227232339
2024-07-30 10:22:33,131500.0,1000,Sell,227232340
2024-07-30 10:24:52,131300.0,200,Sell,227235022
2024-07-30 10:25:16,131300.0,200,Sell,227235579
2024-07-30 10:25:59,131300.0,600,Sell,227236224
2024-07-30 10:27:15,131500.0,1900,Buy,227237215
2024-07-30 10:27:15,131500.0,1000,Buy,227237214
2024-07-30 10:27:15,131500.0,100,Buy,227237213
2024-07-30 10:29:03,131500.0,900,Buy,227238641
2024-07-30 10:29:03,131500.0,100,Buy,227238640
2024-07-30 10:29:07,131500.0,200,Buy,227238694
2024-07-30 10:29:51,131500.0,500,Buy,227239234
2024-07-30 10:32:39,131300.0,500,Sell,227241484
2024-07-30 10:32:40,131300.0,800,Sell,227241493
2024-07-30 10:33:36,131000.0,100,Sell,227242400
2024-07-30 10:33:36,131000.0,100,Sell,227242401
2024-07-30 10:35:14,131000.0,200,Sell,227243921
2024-07-30 10:37:18,131000.0,300,Sell,227245902
2024-07-30 10:39:53,131000.0,100,Sell,227248894
2024-07-30 10:40:12,131000.0,200,Sell,227249164
2024-07-30 10:45:11,131000.0,200,Sell,227253842
2024-07-30 10:47:39,131000.0,500,Sell,227256187
2024-07-30 10:47:39,131000.0,300,Sell,227256190
2024-07-30 10:47:39,131000.0,1400,Sell,227256186
2024-07-30 10:47:39,131000.0,400,Sell,227256188
2024-07-30 10:47:39,131000.0,200,Sell,227256189
2024-07-30 10:49:41,131000.0,100,Sell,227258102
2024-07-30 10:49:43,131000.0,600,Sell,227258116
2024-07-30 10:50:17,131000.0,100,Buy,227258764
2024-07-30 10:52:45,130800.0,100,Sell,227261055
2024-07-30 10:52:45,130800.0,100,Sell,227261056
2024-07-30 10:55:35,130500.0,200,Sell,227264080
2024-07-30 10:55:36,130500.0,200,Sell,227264092
2024-07-30 10:55:36,130500.0,100,Sell,227264091
2024-07-30 10:55:36,130500.0,100,Sell,227264090
2024-07-30 10:55:36,130500.0,100,Sell,227264088
2024-07-30 10:55:36,130500.0,100,Sell,227264089
2024-07-30 10:56:29,130300.0,300,Sell,227264993
2024-07-30 10:57:51,130300.0,100,Sell,227266172
2024-07-30 10:57:51,130300.0,100,Sell,227266173
2024-07-30 10:57:51,130300.0,100,Sell,227266174
2024-07-30 10:57:51,130500.0,100,Buy,227266180
2024-07-30 10:57:58,130500.0,200,Sell,227266277
2024-07-30 10:58:04,130500.0,100,Buy,227266363
2024-07-30 10:59:49,130500.0,200,Sell,227268630
2024-07-30 11:00:44,130500.0,200,Buy,227269774
2024-07-30 11:01:50,130200.0,300,Sell,227270964
2024-07-30 11:01:50,130200.0,100,Sell,227270962
2024-07-30 11:01:50,130200.0,100,Sell,227270963
2024-07-30 11:03:38,130200.0,200,Sell,227272615
2024-07-30 11:03:38,130200.0,300,Sell,227272616
2024-07-30 11:04:20,130400.0,500,Buy,227273358
2024-07-30 11:04:39,130500.0,200,Buy,227273655
2024-07-30 11:05:06,130400.0,500,Sell,227274277
2024-07-30 11:08:52,130400.0,100,Sell,227277938
2024-07-30 11:09:31,130300.0,100,Sell,227278540
2024-07-30 11:10:38,130300.0,100,Buy,227279627
2024-07-30 11:11:27,130300.0,100,Buy,227280576
2024-07-30 11:12:56,130300.0,100,Buy,227281992
2024-07-30 11:12:56,130300.0,100,Buy,227281993
2024-07-30 11:13:04,130200.0,100,Sell,227282093
2024-07-30 11:13:04,130200.0,100,Sell,227282094
2024-07-30 11:13:04,130200.0,100,Sell,227282095
2024-07-30 11:13:04,130200.0,100,Sell,227282096
2024-07-30 11:13:04,130200.0,100,Sell,227282097
2024-07-30 11:13:04,130200.0,400,Sell,227282098
2024-07-30 11:13:04,130200.0,100,Sell,227282099
2024-07-30 11:13:12,130200.0,1000,Buy,227282214
2024-07-30 11:13:16,130200.0,100,Buy,227282303
2024-07-30 11:13:39,130200.0,200,Buy,227282561
2024-07-30 11:13:49,130200.0,100,Buy,227282709
2024-07-30 11:13:52,130100.0,300,Sell,227282731
2024-07-30 11:13:52,130100.0,100,Sell,227282728
2024-07-30 11:13:52,130100.0,300,Sell,227282729
2024-07-30 11:13:52,130100.0,300,Sell,227282730
2024-07-30 11:14:09,130100.0,700,Sell,227283186
2024-07-30 11:14:09,130200.0,200,Sell,227283185
2024-07-30 11:14:09,130100.0,100,Sell,227283187
2024-07-30 11:14:43,130200.0,100,Sell,227283657
2024-07-30 11:15:27,130200.0,100,Buy,227284432
2024-07-30 11:15:49,130100.0,100,Sell,227284762
2024-07-30 11:15:49,130100.0,200,Sell,227284763
2024-07-30 11:15:53,130100.0,300,Sell,227284811
2024-07-30 11:17:10,130100.0,1000,Sell,227286048
2024-07-30 11:17:31,130100.0,1000,Buy,227286369
2024-07-30 11:19:03,130200.0,100,Buy,227287676
2024-07-30 11:19:03,130200.0,1000,Buy,227287677
2024-07-30 11:19:03,130200.0,200,Buy,227287678
2024-07-30 11:19:03,130200.0,200,Buy,227287679
2024-07-30 11:20:01,130200.0,200,Sell,227288599
2024-07-30 11:21:30,130200.0,100,Sell,227289738
2024-07-30 11:24:33,130300.0,900,Buy,227292397
2024-07-30 11:24:33,130300.0,300,Buy,227292398
2024-07-30 11:24:50,130400.0,100,Buy,227292578
2024-07-30 11:24:50,130400.0,200,Buy,227292579
2024-07-30 11:24:50,130400.0,300,Buy,227292580
2024-07-30 11:25:07,130400.0,200,Buy,227292812
2024-07-30 11:25:11,130400.0,400,Sell,227292892
2024-07-30 11:25:52,130400.0,100,Sell,227293370
2024-07-30 11:25:53,130400.0,1400,Sell,227293389
2024-07-30 11:28:54,130400.0,1500,Buy,227295917
2024-07-30 12:59:38,130200.0,100,Sell,227296571
2024-07-30 12:59:51,130200.0,100,Sell,227300258
2024-07-30 12:59:51,130200.0,100,Sell,227300256
2024-07-30 12:59:51,130200.0,500,Sell,227300257
2024-07-30 12:59:58,130200.0,100,Buy,227300754
2024-07-30 13:00:27,130200.0,100,Buy,227301857
2024-07-30 13:00:27,130100.0,100,Sell,227301884
2024-07-30 13:01:00,130200.0,200,Buy,227302778
2024-07-30 13:01:37,130200.0,400,Buy,227303685
2024-07-30 13:01:37,130200.0,200,Buy,227303688
2024-07-30 13:01:59,130500.0,200,Buy,227304232
2024-07-30 13:01:59,130500.0,100,Buy,227304233
2024-07-30 13:02:39,130000.0,200,Sell,227305318
2024-07-30 13:02:39,130000.0,100,Sell,227305317
2024-07-30 13:02:39,130000.0,2000,Sell,227305316
2024-07-30 13:02:39,130100.0,100,Sell,227305313
2024-07-30 13:02:39,130000.0,300,Sell,227305314
2024-07-30 13:02:39,130000.0,100,Sell,227305315
2024-07-30 13:02:39,130100.0,200,Sell,227305312
2024-07-30 13:03:02,130000.0,100,Sell,227305886
2024-07-30 13:03:28,130000.0,500,Sell,227306636
2024-07-30 13:04:48,130000.0,1200,Sell,227308956
2024-07-30 13:04:52,130000.0,300,Sell,227309127
2024-07-30 13:04:55,130000.0,200,Sell,227309212
2024-07-30 13:05:39,130000.0,100,Sell,227310349
2024-07-30 13:05:40,130000.0,500,Sell,227310364
2024-07-30 13:05:40,130000.0,300,Sell,227310363
2024-07-30 13:05:40,130000.0,400,Sell,227310360
2024-07-30 13:05:40,130000.0,200,Sell,227310361
2024-07-30 13:05:40,130000.0,200,Sell,227310362
2024-07-30 13:06:30,130000.0,300,Sell,227312017
2024-07-30 13:06:31,130000.0,300,Sell,227312027
2024-07-30 13:06:31,130000.0,1000,Sell,227312028
2024-07-30 13:06:31,130000.0,100,Sell,227312029
2024-07-30 13:06:31,130000.0,100,Sell,227312030
2024-07-30 13:06:31,130000.0,100,Sell,227312031
2024-07-30 13:06:38,130000.0,100,Sell,227312191
2024-07-30 13:06:38,130000.0,400,Sell,227312192
2024-07-30 13:06:38,130000.0,100,Sell,227312193
2024-07-30 13:06:42,130100.0,500,Sell,227312368
2024-07-30 13:07:10,130000.0,200,Sell,227313174
2024-07-30 13:07:10,130000.0,100,Sell,227313175
2024-07-30 13:07:10,130000.0,200,Sell,227313173
2024-07-30 13:07:18,130000.0,100,Sell,227313371
2024-07-30 13:07:18,130000.0,200,Sell,227313372
2024-07-30 13:07:18,130000.0,200,Sell,227313373
2024-07-30 13:07:18,130000.0,300,Sell,227313374
2024-07-30 13:07:18,130000.0,500,Sell,227313375
2024-07-30 13:07:18,130000.0,300,Sell,227313376
2024-07-30 13:07:19,129900.0,300,Sell,227313399
2024-07-30 13:07:24,129800.0,500,Sell,227313588
2024-07-30 13:07:24,129800.0,100,Sell,227313589
2024-07-30 13:07:24,129800.0,100,Sell,227313590
2024-07-30 13:07:24,129800.0,100,Sell,227313591
2024-07-30 13:07:24,129800.0,100,Sell,227313587
2024-07-30 13:07:28,129700.0,500,Sell,227313645
2024-07-30 13:08:11,129700.0,100,Sell,227314987
2024-07-30 13:08:17,129700.0,100,Buy,227315135
2024-07-30 13:08:42,129700.0,300,Sell,227316069
2024-07-30 13:08:43,129700.0,200,Sell,227316091
2024-07-30 13:08:45,129700.0,200,Buy,227316150
2024-07-30 13:08:45,129700.0,100,Buy,227316148
2024-07-30 13:08:45,129700.0,200,Buy,227316149
2024-07-30 13:08:46,129700.0,200,Sell,227316163
2024-07-30 13:08:46,129700.0,800,Sell,227316174
2024-07-30 13:08:53,129700.0,500,Sell,227316340
2024-07-30 13:09:18,129900.0,200,Buy,227317099
2024-07-30 13:09:25,129900.0,300,Sell,227317295
2024-07-30 13:09:36,129700.0,100,Sell,227317562
2024-07-30 13:09:53,129700.0,100,Sell,227318028
2024-07-30 13:09:53,129700.0,100,Sell,227318029
2024-07-30 13:10:02,129700.0,100,Sell,227318417
2024-07-30 13:10:02,129700.0,200,Sell,227318418
2024-07-30 13:10:30,129700.0,100,Sell,227319203
2024-07-30 13:10:32,129600.0,200,Sell,227319249
2024-07-30 13:10:43,129700.0,100,Buy,227319668
2024-07-30 13:11:03,129600.0,100,Buy,227320359
2024-07-30 13:11:04,129600.0,100,Buy,227320387
2024-07-30 13:12:13,129600.0,100,Sell,227322413
2024-07-30 13:14:52,129700.0,100,Sell,227326353
2024-07-30 13:16:23,129900.0,200,Buy,227328709
2024-07-30 13:16:53,129900.0,100,Sell,227329411
2024-07-30 13:16:55,130000.0,100,Buy,227329458
2024-07-30 13:17:02,129900.0,100,Sell,227329679
2024-07-30 13:17:02,130000.0,100,Buy,227329658
2024-07-30 13:17:03,130000.0,200,Buy,227329733
2024-07-30 13:17:29,130000.0,100,Buy,227330363
2024-07-30 13:17:43,129800.0,100,Sell,227330704
2024-07-30 13:17:55,129700.0,200,Sell,227331200
2024-07-30 13:17:55,129700.0,300,Sell,227331201
2024-07-30 13:18:33,129600.0,100,Sell,227332282
2024-07-30 13:18:33,129600.0,100,Sell,227332280
2024-07-30 13:18:33,129700.0,100,Sell,227332279
2024-07-30 13:18:33,129700.0,100,Sell,227332278
2024-07-30 13:18:33,129600.0,300,Sell,227332281
2024-07-30 13:18:33,129700.0,100,Sell,227332276
2024-07-30 13:18:33,129700.0,100,Sell,227332275
2024-07-30 13:18:33,129700.0,100,Sell,227332274
2024-07-30 13:18:33,129700.0,100,Sell,227332273
2024-07-30 13:18:33,129800.0,100,Sell,227332272
2024-07-30 13:18:33,129700.0,300,Sell,227332277
2024-07-30 13:19:33,129700.0,200,Sell,227334016
2024-07-30 13:19:33,129700.0,300,Sell,227334017
2024-07-30 13:19:55,129700.0,100,Buy,227334716
2024-07-30 13:19:58,129700.0,100,Buy,227334797
2024-07-30 13:20:08,129700.0,300,Buy,227335148
2024-07-30 13:20:08,129700.0,200,Buy,227335149
2024-07-30 13:20:40,129900.0,200,Buy,227336215
2024-07-30 13:20:51,129900.0,100,Buy,227336506
2024-07-30 13:21:21,129900.0,100,Sell,227337396
2024-07-30 13:21:24,130000.0,200,Buy,227337460
2024-07-30 13:21:27,130000.0,200,Buy,227337541
2024-07-30 13:21:27,130000.0,100,Buy,227337540
2024-07-30 13:21:28,130000.0,300,Buy,227337552
2024-07-30 13:21:28,130000.0,100,Buy,227337553
2024-07-30 13:21:28,130000.0,500,Buy,227337554
2024-07-30 13:21:28,130000.0,300,Sell,227337557
2024-07-30 13:21:53,130000.0,200,Sell,227338426
2024-07-30 13:21:53,130000.0,100,Buy,227338441
2024-07-30 13:22:32,130000.0,200,Buy,227339690
2024-07-30 13:24:49,130000.0,100,Sell,227343408
2024-07-30 13:24:59,129900.0,600,Sell,227343688
2024-07-30 13:24:59,129800.0,400,Sell,227343689
2024-07-30 13:25:40,129800.0,100,Sell,227344667
2024-07-30 13:25:40,129800.0,100,Sell,227344668
2024-07-30 13:25:40,129800.0,100,Sell,227344658
2024-07-30 13:25:40,129800.0,100,Sell,227344659
2024-07-30 13:26:06,129700.0,200,Sell,227345332
2024-07-30 13:26:32,129800.0,100,Sell,227345912
2024-07-30 13:26:33,129800.0,400,Sell,227345931
2024-07-30 13:26:53,129800.0,100,Buy,227346308
2024-07-30 13:27:48,129900.0,200,Sell,227347530
2024-07-30 13:28:16,129900.0,200,Buy,227348242
2024-07-30 13:28:35,129900.0,400,Sell,227348594
2024-07-30 13:28:36,129900.0,400,Sell,227348609
2024-07-30 13:29:14,129900.0,1000,Buy,227349507
2024-07-30 13:30:26,129900.0,200,Buy,227351674
2024-07-30 13:30:26,129900.0,100,Buy,227351673
2024-07-30 13:30:50,129800.0,100,Sell,227352529
2024-07-30 13:30:50,129800.0,900,Sell,227352528
2024-07-30 13:30:51,129800.0,900,Sell,227352544
2024-07-30 13:30:51,129800.0,100,Sell,227352545
2024-07-30 13:31:10,129700.0,300,Sell,227353165
2024-07-30 13:31:10,129700.0,500,Sell,227353166
2024-07-30 13:31:10,129700.0,1000,Sell,227353167
2024-07-30 13:31:10,129700.0,100,Sell,227353168
2024-07-30 13:31:10,129700.0,500,Sell,227353169
2024-07-30 13:31:11,129800.0,500,Sell,227353205
2024-07-30 13:31:20,129600.0,100,Sell,227353571
2024-07-30 13:31:20,129600.0,300,Sell,227353570
2024-07-30 13:31:20,129600.0,100,Sell,227353568
2024-07-30 13:31:20,129600.0,1000,Sell,227353567
2024-07-30 13:31:20,129600.0,100,Sell,227353569
2024-07-30 13:31:24,129600.0,100,Sell,227353704
2024-07-30 13:31:24,129600.0,100,Sell,227353705
2024-07-30 13:31:29,129600.0,700,Sell,227353851
2024-07-30 13:32:26,129700.0,1300,Sell,227355915
2024-07-30 13:32:59,129700.0,100,Sell,227357134
2024-07-30 13:33:07,129700.0,600,Sell,227357371
2024-07-30 13:33:19,129500.0,100,Sell,227357705
2024-07-30 13:33:19,129500.0,200,Sell,227357704
2024-07-30 13:33:19,129500.0,100,Sell,227357703
2024-07-30 13:33:19,129500.0,300,Sell,227357702
2024-07-30 13:33:19,129500.0,100,Sell,227357700
2024-07-30 13:33:19,129500.0,500,Sell,227357699
2024-07-30 13:33:19,129500.0,100,Sell,227357698
2024-07-30 13:33:19,129500.0,300,Sell,227357697
2024-07-30 13:33:19,129500.0,500,Sell,227357701
2024-07-30 13:34:24,129500.0,200,Sell,227359959
2024-07-30 13:34:29,129500.0,300,Sell,227360140
2024-07-30 13:34:29,129500.0,100,Sell,227360141
2024-07-30 13:34:30,129500.0,100,Sell,227360195
2024-07-30 13:34:30,129500.0,300,Sell,227360196
2024-07-30 13:34:30,129500.0,100,Sell,227360199
2024-07-30 13:34:32,129400.0,300,Sell,227360249
2024-07-30 13:34:59,129300.0,300,Sell,227361013
2024-07-30 13:34:59,129300.0,100,Sell,227361014
2024-07-30 13:35:57,129400.0,100,Buy,227363051
2024-07-30 13:36:03,129300.0,300,Sell,227363286
2024-07-30 13:36:03,129300.0,200,Sell,227363285
2024-07-30 13:36:06,129400.0,100,Buy,227363367
2024-07-30 13:36:39,129400.0,100,Sell,227364957
2024-07-30 13:36:39,129400.0,100,Sell,227364958
2024-07-30 13:37:21,129400.0,200,Sell,227366507
2024-07-30 13:37:23,129400.0,200,Sell,227366632
2024-07-30 13:37:29,129400.0,400,Sell,227366829
2024-07-30 13:37:33,129400.0,500,Sell,227367019
2024-07-30 13:38:14,129400.0,500,Sell,227368361
2024-07-30 13:38:31,129400.0,500,Sell,227369028
2024-07-30 13:38:31,129400.0,100,Sell,227369027
2024-07-30 13:38:31,129400.0,100,Sell,227369025
2024-07-30 13:38:31,129400.0,100,Sell,227369024
2024-07-30 13:38:31,129400.0,200,Sell,227369026
2024-07-30 13:38:47,129500.0,200,Buy,227369524
2024-07-30 13:39:05,129400.0,300,Buy,227370292
2024-07-30 13:39:09,129500.0,200,Sell,227370431
2024-07-30 13:39:50,129400.0,100,Sell,227371786
2024-07-30 13:39:59,129300.0,100,Sell,227372066
2024-07-30 13:39:59,129300.0,500,Sell,227372065
2024-07-30 13:39:59,129300.0,100,Sell,227372063
2024-07-30 13:39:59,129300.0,200,Sell,227372062
2024-07-30 13:39:59,129300.0,100,Sell,227372064
2024-07-30 13:40:53,129300.0,500,Sell,227373767
2024-07-30 13:41:00,129300.0,300,Sell,227373924
2024-07-30 13:41:31,129300.0,100,Buy,227375185
2024-07-30 13:42:32,129000.0,100,Sell,227377859
2024-07-30 13:42:32,129000.0,100,Sell,227377866
2024-07-30 13:42:32,129000.0,300,Sell,227377865
2024-07-30 13:42:32,129000.0,100,Sell,227377864
2024-07-30 13:42:32,129000.0,100,Sell,227377863
2024-07-30 13:42:32,129000.0,100,Sell,227377862
2024-07-30 13:42:32,129000.0,100,Sell,227377861
2024-07-30 13:42:32,129000.0,100,Sell,227377860
2024-07-30 13:42:32,129000.0,500,Sell,227377858
2024-07-30 13:42:32,129200.0,200,Sell,227377847
2024-07-30 13:42:32,129000.0,200,Sell,227377856
2024-07-30 13:42:32,129000.0,1000,Sell,227377855
2024-07-30 13:42:32,129000.0,1000,Sell,227377854
2024-07-30 13:42:32,129100.0,100,Sell,227377853
2024-07-30 13:42:32,129100.0,200,Sell,227377852
2024-07-30 13:42:32,129200.0,100,Sell,227377851
2024-07-30 13:42:32,129200.0,2000,Sell,227377850
2024-07-30 13:42:32,129200.0,100,Sell,227377849
2024-07-30 13:42:32,129200.0,500,Sell,227377848
2024-07-30 13:42:32,129000.0,500,Sell,227377857
2024-07-30 13:42:35,129000.0,1400,Sell,227378273
2024-07-30 13:42:35,129000.0,100,Sell,227378270
2024-07-30 13:42:35,129000.0,100,Sell,227378269
2024-07-30 13:42:35,129000.0,500,Sell,227378272
2024-07-30 13:42:35,129000.0,100,Sell,227378265
2024-07-30 13:42:35,129000.0,500,Sell,227378268
2024-07-30 13:42:35,129000.0,200,Sell,227378262
2024-07-30 13:42:35,129000.0,100,Sell,227378271
2024-07-30 13:42:35,129000.0,100,Sell,227378263
2024-07-30 13:42:35,129000.0,100,Sell,227378264
2024-07-30 13:42:36,129100.0,100,Sell,227378332
2024-07-30 13:42:40,129000.0,100,Sell,227378511
2024-07-30 13:42:40,129000.0,500,Sell,227378512
2024-07-30 13:42:40,129000.0,200,Sell,227378513
2024-07-30 13:43:03,128800.0,100,Sell,227379650
2024-07-30 13:43:03,128500.0,300,Sell,227379651
2024-07-30 13:43:03,128500.0,100,Sell,227379652
2024-07-30 13:44:29,128600.0,100,Sell,227384048
2024-07-30 13:44:43,128600.0,100,Sell,227384918
2024-07-30 13:44:43,128600.0,100,Sell,227384919
2024-07-30 13:44:52,128600.0,100,Buy,227385496
2024-07-30 13:44:55,128600.0,200,Buy,227385573
2024-07-30 13:45:00,128600.0,200,Buy,227385828
2024-07-30 13:45:23,128600.0,200,Sell,227387565
2024-07-30 13:45:31,128700.0,300,Buy,227388052
2024-07-30 13:45:31,128700.0,200,Buy,227388053
2024-07-30 13:45:34,128600.0,100,Sell,227388220
2024-07-30 13:45:34,128600.0,100,Sell,227388221
2024-07-30 13:45:34,128600.0,500,Sell,227388222
2024-07-30 13:45:44,128500.0,100,Sell,227388795
2024-07-30 13:45:44,128500.0,300,Sell,227388796
2024-07-30 13:45:44,128500.0,100,Sell,227388797
2024-07-30 13:45:53,128500.0,100,Sell,227389185
2024-07-30 13:45:53,128500.0,100,Sell,227389184
2024-07-30 13:45:54,128600.0,500,Buy,227389232
2024-07-30 13:45:58,128500.0,100,Sell,227389450
2024-07-30 13:45:58,128500.0,900,Sell,227389451
2024-07-30 13:45:58,128200.0,200,Sell,227389452
2024-07-30 13:45:58,128200.0,100,Sell,227389453
2024-07-30 13:45:58,128200.0,300,Sell,227389454
2024-07-30 13:45:58,128200.0,100,Sell,227389455
2024-07-30 13:45:58,128100.0,1000,Sell,227389456
2024-07-30 13:45:58,128100.0,1000,Sell,227389457
2024-07-30 13:45:58,128500.0,500,Sell,227389449
2024-07-30 13:46:30,128300.0,100,Sell,227390893
2024-07-30 13:46:30,128100.0,100,Sell,227390894
2024-07-30 13:46:30,128300.0,100,Sell,227390891
2024-07-30 13:46:30,128300.0,100,Sell,227390892
2024-07-30 13:46:51,128100.0,100,Sell,227391765
2024-07-30 13:46:51,128100.0,200,Sell,227391766
2024-07-30 13:46:51,128100.0,100,Sell,227391767
2024-07-30 13:46:51,128100.0,100,Sell,227391768
2024-07-30 13:47:11,128100.0,200,Buy,227392360
2024-07-30 13:47:14,128000.0,500,Sell,227392505
2024-07-30 13:47:14,128000.0,200,Sell,227392504
2024-07-30 13:47:14,128000.0,500,Sell,227392503
2024-07-30 13:47:14,128000.0,100,Sell,227392502
2024-07-30 13:47:14,128000.0,100,Sell,227392501
2024-07-30 13:47:14,128000.0,100,Sell,227392500
2024-07-30 13:47:14,128000.0,100,Sell,227392498
2024-07-30 13:47:14,128000.0,300,Sell,227392497
2024-07-30 13:47:14,128000.0,100,Sell,227392458
2024-07-30 13:47:14,128000.0,100,Sell,227392459
2024-07-30 13:47:14,128000.0,200,Sell,227392499
2024-07-30 13:47:14,128000.0,500,Sell,227392461
2024-07-30 13:47:14,128000.0,200,Sell,227392460
2024-07-30 13:47:14,128000.0,100,Sell,227392462
2024-07-30 13:47:19,128000.0,100,Buy,227392667
2024-07-30 13:47:19,128100.0,100,Buy,227392668
2024-07-30 13:47:36,128000.0,500,Buy,227393294
2024-07-30 13:47:47,128000.0,100,Buy,227393752
2024-07-30 13:47:50,128000.0,100,Buy,227393846
2024-07-30 13:48:10,128000.0,300,Buy,227394643
2024-07-30 13:48:10,128000.0,500,Buy,227394644
2024-07-30 13:48:29,128000.0,100,Sell,227395315
2024-07-30 13:48:29,128000.0,200,Sell,227395314
2024-07-30 13:49:10,128000.0,100,Buy,227396649
2024-07-30 13:49:43,128000.0,1200,Buy,227397943
2024-07-30 13:49:43,128000.0,1000,Buy,227397944
2024-07-30 13:49:56,128000.0,200,Buy,227398376
2024-07-30 13:49:59,128000.0,300,Buy,227398458
2024-07-30 13:49:59,128000.0,400,Buy,227398459
2024-07-30 13:50:00,128000.0,100,Buy,227398505
2024-07-30 13:50:27,128100.0,300,Buy,227399290
2024-07-30 13:50:27,128100.0,200,Buy,227399291
2024-07-30 13:50:30,128100.0,100,Buy,227399356
2024-07-30 13:50:31,128000.0,200,Sell,227399390
2024-07-30 13:50:31,128000.0,500,Sell,227399391
2024-07-30 13:50:31,128000.0,100,Sell,227399389
2024-07-30 13:50:51,128100.0,100,Sell,227399950
2024-07-30 13:50:51,128100.0,100,Sell,227399951
2024-07-30 13:50:58,128100.0,100,Sell,227400124
2024-07-30 13:51:10,128200.0,100,Buy,227400503
2024-07-30 13:51:13,128200.0,100,Buy,227400585
2024-07-30 13:51:14,128100.0,100,Sell,227400606
2024-07-30 13:51:53,128200.0,100,Buy,227401980
2024-07-30 13:52:02,128200.0,200,Buy,227402243
2024-07-30 13:52:03,128200.0,100,Buy,227402256
2024-07-30 13:52:04,128200.0,1600,Buy,227402297
2024-07-30 13:52:06,128200.0,100,Buy,227402359
2024-07-30 13:52:06,128200.0,100,Buy,227402355
2024-07-30 13:52:08,128200.0,200,Buy,227402442
2024-07-30 13:52:09,128200.0,1000,Buy,227402488
2024-07-30 13:52:18,128200.0,500,Buy,227402677
2024-07-30 13:52:19,128200.0,1000,Buy,227402697
2024-07-30 13:52:19,128200.0,1600,Buy,227402722
2024-07-30 13:52:20,128200.0,500,Buy,227402781
2024-07-30 13:52:21,128200.0,200,Buy,227402820
2024-07-30 13:52:24,128200.0,100,Buy,227402870
2024-07-30 13:52:24,128200.0,1000,Buy,227402901
2024-07-30 13:52:34,128200.0,10000,Buy,227403214
2024-07-30 13:52:34,128200.0,500,Buy,227403175
2024-07-30 13:52:34,128200.0,100,Buy,227403181
2024-07-30 13:52:36,128200.0,200,Buy,227403252
2024-07-30 13:52:37,128200.0,800,Buy,227403286
2024-07-30 13:52:38,128200.0,500,Buy,227403318
2024-07-30 13:52:47,128200.0,100,Buy,227403622
2024-07-30 13:52:54,128200.0,4300,Buy,227403899
2024-07-30 13:53:01,128600.0,100,Buy,227404109
2024-07-30 13:53:01,128800.0,500,Buy,227404110
2024-07-30 13:54:40,128300.0,100,Sell,227406864
2024-07-30 13:54:40,128300.0,100,Sell,227406865
2024-07-30 13:54:52,128400.0,1000,Sell,227407117
2024-07-30 13:55:12,128400.0,100,Sell,227407631
2024-07-30 13:55:12,128400.0,100,Sell,227407632
2024-07-30 13:55:25,128500.0,100,Buy,227408052
2024-07-30 13:55:34,128500.0,100,Buy,227408266
2024-07-30 13:55:35,128400.0,300,Sell,227408294
2024-07-30 13:55:35,128300.0,100,Sell,227408295
2024-07-30 13:55:35,128300.0,1000,Sell,227408296
2024-07-30 13:55:35,128300.0,100,Sell,227408297
2024-07-30 13:55:35,128200.0,700,Sell,227408298
2024-07-30 13:55:35,128200.0,100,Sell,227408299
2024-07-30 13:55:35,128200.0,100,Sell,227408300
2024-07-30 13:55:35,128200.0,100,Sell,227408301
2024-07-30 13:55:47,128200.0,100,Buy,227408587
2024-07-30 13:56:03,128100.0,500,Sell,227409008
2024-07-30 13:56:03,128100.0,100,Sell,227409007
2024-07-30 13:56:03,128100.0,300,Sell,227409006
2024-07-30 13:56:03,128100.0,1000,Sell,227409003
2024-07-30 13:56:03,128100.0,100,Sell,227409004
2024-07-30 13:56:03,128200.0,400,Sell,227409002
2024-07-30 13:56:03,128100.0,100,Sell,227409005
2024-07-30 13:56:32,128300.0,200,Sell,227409836
2024-07-30 13:56:42,128300.0,200,Sell,227410113
2024-07-30 13:57:00,128500.0,500,Buy,227410557
2024-07-30 13:57:02,128300.0,300,Sell,227410628
2024-07-30 13:57:19,128200.0,100,Sell,227411156
2024-07-30 13:57:28,128300.0,1700,Buy,227411551
2024-07-30 13:57:57,128300.0,200,Sell,227412292
2024-07-30 13:58:12,128200.0,100,Sell,227412670
2024-07-30 13:58:18,128200.0,200,Sell,227412960
2024-07-30 13:58:45,128300.0,200,Sell,227413860
2024-07-30 13:58:46,128300.0,200,Sell,227413900
2024-07-30 13:58:53,128300.0,200,Buy,227414133
2024-07-30 13:59:11,128300.0,100,Sell,227414744
2024-07-30 13:59:11,128200.0,900,Sell,227414745
2024-07-30 13:59:27,128400.0,100,Buy,227415364
2024-07-30 13:59:43,128400.0,100,Buy,227415879
2024-07-30 13:59:43,128400.0,100,Buy,227415880
2024-07-30 13:59:43,128400.0,800,Buy,227415881
2024-07-30 13:59:48,128400.0,100,Buy,227416066
2024-07-30 13:59:54,128400.0,500,Sell,227416366
2024-07-30 13:59:56,128400.0,200,Sell,227416412
2024-07-30 13:59:58,128500.0,500,Buy,227416547
2024-07-30 13:59:58,128500.0,200,Buy,227416546
2024-07-30 13:59:58,128500.0,200,Buy,227416548
2024-07-30 14:00:21,128500.0,300,Sell,227417516
2024-07-30 14:00:21,128400.0,100,Sell,227417517
2024-07-30 14:00:31,128400.0,100,Buy,227417905
2024-07-30 14:00:31,128400.0,300,Buy,227417906
2024-07-30 14:00:50,128600.0,200,Buy,227418827
2024-07-30 14:00:50,128600.0,700,Buy,227418828
2024-07-30 14:01:48,128600.0,100,Sell,227421873
2024-07-30 14:01:48,128400.0,100,Sell,227421874
2024-07-30 14:01:48,128400.0,100,Sell,227421875
2024-07-30 14:02:31,128700.0,200,Buy,227425362
2024-07-30 14:02:55,128400.0,300,Sell,227427467
2024-07-30 14:03:24,128400.0,100,Sell,227430056
2024-07-30 14:03:24,128400.0,700,Sell,227430055
2024-07-30 14:03:40,128400.0,100,Buy,227431421
2024-07-30 14:03:41,128400.0,100,Sell,227431496
2024-07-30 14:03:54,128400.0,1100,Sell,227432665
2024-07-30 14:04:00,128400.0,700,Sell,227433039
2024-07-30 14:04:00,128400.0,100,Sell,227433040
2024-07-30 14:04:08,128400.0,200,Buy,227433747
2024-07-30 14:04:28,128300.0,500,Sell,227435477
2024-07-30 14:04:28,128400.0,300,Buy,227435488
2024-07-30 14:04:30,128400.0,400,Sell,227435550
2024-07-30 14:04:49,128200.0,900,Sell,227437024
2024-07-30 14:04:49,128300.0,300,Sell,227437023
2024-07-30 14:04:49,128300.0,300,Sell,227437021
2024-07-30 14:04:49,128300.0,200,Sell,227437022
2024-07-30 14:04:49,128400.0,1300,Sell,227437020
2024-07-30 14:05:22,128200.0,500,Sell,227439616
2024-07-30 14:05:38,128200.0,1600,Sell,227440879
2024-07-30 14:05:39,128200.0,700,Sell,227441028
2024-07-30 14:05:39,128200.0,1000,Sell,227441029
2024-07-30 14:05:39,128200.0,100,Sell,227441030
2024-07-30 14:05:39,128200.0,200,Sell,227441031
2024-07-30 14:06:00,128300.0,200,Buy,227442341
2024-07-30 14:06:05,128200.0,100,Sell,227442658
2024-07-30 14:06:07,128200.0,100,Sell,227442901
2024-07-30 14:06:07,128100.0,100,Sell,227442902
2024-07-30 14:06:17,128100.0,200,Sell,227443339
2024-07-30 14:06:23,128100.0,100,Sell,227443810
2024-07-30 14:06:23,128100.0,500,Sell,227443809
2024-07-30 14:06:36,128000.0,1400,Sell,227444649
2024-07-30 14:06:39,128200.0,200,Buy,227444844
2024-07-30 14:07:23,128400.0,200,Buy,227447252
2024-07-30 14:07:33,128400.0,100,Buy,227447847
2024-07-30 14:07:42,128500.0,100,Buy,227448406
2024-07-30 14:08:18,128500.0,100,Sell,227450075
2024-07-30 14:08:18,128500.0,100,Sell,227450076
2024-07-30 14:08:26,128500.0,500,Sell,227450504
2024-07-30 14:08:30,128600.0,500,Buy,227450745
2024-07-30 14:08:30,128600.0,500,Buy,227450744
2024-07-30 14:08:30,128600.0,300,Buy,227450742
2024-07-30 14:08:30,128600.0,100,Buy,227450743
2024-07-30 14:08:31,128500.0,300,Sell,227450759
2024-07-30 14:08:31,128500.0,400,Sell,227450761
2024-07-30 14:08:31,128600.0,600,Sell,227450758
2024-07-30 14:08:31,128500.0,100,Sell,227450760
2024-07-30 14:08:36,128500.0,500,Buy,227451042
2024-07-30 14:08:53,128600.0,500,Sell,227451717
2024-07-30 14:08:55,128600.0,100,Sell,227451761
2024-07-30 14:08:55,128600.0,100,Sell,227451762
2024-07-30 14:09:00,128600.0,200,Sell,227451934
2024-07-30 14:09:03,128700.0,100,Buy,227452058
2024-07-30 14:09:11,128700.0,400,Buy,227452345
2024-07-30 14:09:14,128700.0,200,Buy,227452438
2024-07-30 14:09:59,128800.0,100,Buy,227453791
2024-07-30 14:09:59,128800.0,300,Buy,227453790
2024-07-30 14:10:19,128800.0,100,Buy,227454399
2024-07-30 14:10:19,128800.0,200,Buy,227454400
2024-07-30 14:10:26,128800.0,300,Buy,227454623
2024-07-30 14:10:26,128900.0,200,Buy,227454624
2024-07-30 14:10:43,129000.0,500,Buy,227455257
2024-07-30 14:11:53,129000.0,100,Sell,227457634
2024-07-30 14:13:12,129000.0,100,Sell,227460153
2024-07-30 14:13:12,129000.0,100,Sell,227460154
2024-07-30 14:13:12,129000.0,1000,Sell,227460155
2024-07-30 14:13:41,129000.0,100,Buy,227460917
2024-07-30 14:14:44,128800.0,200,Sell,227462336
2024-07-30 14:14:57,128700.0,300,Sell,227462707
2024-07-30 14:14:57,128800.0,100,Sell,227462705
2024-07-30 14:14:57,128700.0,100,Sell,227462706
2024-07-30 14:15:14,128700.0,100,Sell,227463073
2024-07-30 14:15:24,128700.0,100,Sell,227463343
2024-07-30 14:16:09,128700.0,100,Sell,227464643
2024-07-30 14:17:40,128700.0,100,Sell,227467071
2024-07-30 14:17:46,128700.0,200,Sell,227467205
2024-07-30 14:17:47,128700.0,400,Sell,227467274
2024-07-30 14:17:52,128700.0,200,Sell,227467387
2024-07-30 14:17:53,128700.0,400,Sell,227467409
2024-07-30 14:19:05,129000.0,200,Buy,227469807
2024-07-30 14:19:05,129000.0,2000,Buy,227469806
2024-07-30 14:19:05,129000.0,800,Buy,227469805
2024-07-30 14:19:05,128900.0,500,Buy,227469804
2024-07-30 14:20:36,129000.0,100,Buy,227472663
2024-07-30 14:20:59,128800.0,100,Sell,227473441
2024-07-30 14:20:59,128800.0,100,Sell,227473442
2024-07-30 14:21:17,128800.0,100,Buy,227474087
2024-07-30 14:22:10,128800.0,100,Buy,227475698
2024-07-30 14:22:49,128800.0,100,Buy,227476806
2024-07-30 14:22:49,128800.0,100,Buy,227476807
2024-07-30 14:22:51,128700.0,600,Sell,227476918
2024-07-30 14:22:55,128800.0,2600,Buy,227477101
2024-07-30 14:22:55,128800.0,400,Buy,227477100
2024-07-30 14:23:00,128700.0,300,Sell,227477247
2024-07-30 14:23:10,128600.0,200,Sell,227477573
2024-07-30 14:23:11,128700.0,200,Buy,227477601
2024-07-30 14:23:14,128600.0,800,Sell,227477655
2024-07-30 14:23:32,128600.0,200,Buy,227478182
2024-07-30 14:23:32,128600.0,200,Buy,227478183
2024-07-30 14:23:32,128700.0,4500,Buy,227478197
2024-07-30 14:23:41,128700.0,500,Sell,227478466
2024-07-30 14:23:41,128600.0,500,Sell,227478467
2024-07-30 14:24:10,128800.0,2400,Buy,227479852
2024-07-30 14:24:12,128600.0,100,Sell,227479925
2024-07-30 14:24:12,128600.0,4900,Sell,227479926
2024-07-30 14:24:20,128600.0,2000,Sell,227480297
2024-07-30 14:24:20,128600.0,500,Sell,227480296
2024-07-30 14:24:20,128600.0,100,Sell,227480294
2024-07-30 14:24:20,128600.0,1200,Sell,227480295
2024-07-30 14:24:29,128600.0,2000,Sell,227480671
2024-07-30 14:24:29,128600.0,300,Sell,227480672
2024-07-30 14:24:29,128600.0,400,Sell,227480673
2024-07-30 14:24:36,128600.0,200,Buy,227481050
2024-07-30 14:24:39,128600.0,100,Buy,227481190
2024-07-30 14:24:45,128600.0,800,Buy,227481386
2024-07-30 14:25:26,128700.0,100,Sell,227482904
2024-07-30 14:25:26,128700.0,2600,Sell,227482905
2024-07-30 14:25:26,128600.0,2300,Sell,227482906
2024-07-30 14:25:40,128600.0,300,Sell,227483548
2024-07-30 14:25:40,128600.0,100,Sell,227483547
2024-07-30 14:25:40,128600.0,100,Sell,227483545
2024-07-30 14:25:40,128600.0,1900,Sell,227483544
2024-07-30 14:25:40,128600.0,1000,Sell,227483546
2024-07-30 14:25:56,128500.0,100,Sell,227484090
2024-07-30 14:25:57,128600.0,1600,Buy,227484115
2024-07-30 14:25:58,128600.0,3400,Sell,227484188
2024-07-30 14:26:06,128600.0,100,Buy,227484503
2024-07-30 14:26:21,128200.0,100,Sell,227485090
2024-07-30 14:26:21,128200.0,100,Sell,227485089
2024-07-30 14:26:21,128200.0,1000,Sell,227485088
2024-07-30 14:26:21,128200.0,100,Sell,227485087
2024-07-30 14:26:21,128500.0,100,Sell,227485085
2024-07-30 14:26:21,128500.0,100,Sell,227485084
2024-07-30 14:26:21,128500.0,200,Sell,227485083
2024-07-30 14:26:21,128500.0,900,Sell,227485082
2024-07-30 14:26:21,128200.0,300,Sell,227485086
2024-07-30 14:26:30,128200.0,2100,Buy,227485629
2024-07-30 14:26:31,128600.0,100,Buy,227485689
2024-07-30 14:26:35,128000.0,100,Sell,227485837
2024-07-30 14:26:35,128000.0,100,Sell,227485836
2024-07-30 14:26:35,128000.0,100,Sell,227485833
2024-07-30 14:26:35,128000.0,200,Sell,227485832
2024-07-30 14:26:35,128000.0,100,Sell,227485831
2024-07-30 14:26:35,128000.0,100,Sell,227485830
2024-07-30 14:26:35,128000.0,600,Sell,227485828
2024-07-30 14:26:35,128200.0,2900,Sell,227485824
2024-07-30 14:26:35,128100.0,100,Sell,227485825
2024-07-30 14:26:35,128000.0,300,Sell,227485829
2024-07-30 14:26:35,128100.0,300,Sell,227485827
2024-07-30 14:26:35,128100.0,100,Sell,227485826
2024-07-30 14:26:41,128000.0,100,Sell,227486106
2024-07-30 14:26:41,128000.0,500,Sell,227486104
2024-07-30 14:26:41,128000.0,100,Sell,227486103
2024-07-30 14:26:41,128000.0,100,Sell,227486107
2024-07-30 14:26:41,128000.0,100,Sell,227486101
2024-07-30 14:26:41,128000.0,500,Sell,227486100
2024-07-30 14:26:41,128000.0,100,Sell,227486099
2024-07-30 14:26:41,128000.0,200,Sell,227486098
2024-07-30 14:26:41,128000.0,200,Sell,227486102
2024-07-30 14:26:41,128000.0,100,Sell,227486105
2024-07-30 14:26:53,128100.0,200,Sell,227486764
2024-07-30 14:26:53,128000.0,100,Sell,227486765
2024-07-30 14:26:53,128000.0,300,Sell,227486766
2024-07-30 14:26:53,128000.0,600,Sell,227486767
2024-07-30 14:26:53,128000.0,300,Sell,227486768
2024-07-30 14:26:53,128000.0,100,Sell,227486769
2024-07-30 14:26:53,128000.0,200,Sell,227486770
2024-07-30 14:27:00,128000.0,200,Buy,227487139
2024-07-30 14:27:04,128000.0,400,Buy,227487344
2024-07-30 14:27:05,128000.0,100,Buy,227487373
2024-07-30 14:27:06,128000.0,400,Buy,227487402
2024-07-30 14:27:06,128000.0,100,Buy,227487403
2024-07-30 14:27:10,128000.0,1000,Buy,227487539
2024-07-30 14:27:11,128000.0,400,Buy,227487595
2024-07-30 14:27:11,128000.0,600,Buy,227487600
2024-07-30 14:27:12,128000.0,1400,Buy,227487632
2024-07-30 14:27:12,128000.0,100,Buy,227487633
2024-07-30 14:27:28,128100.0,100,Sell,227488389
2024-07-30 14:27:28,128100.0,200,Sell,227488390
2024-07-30 14:27:33,128000.0,600,Sell,227488545
2024-07-30 14:27:33,128000.0,100,Sell,227488546
2024-07-30 14:27:33,128000.0,300,Sell,227488547
2024-07-30 14:27:34,128000.0,1000,Buy,227488596
2024-07-30 14:28:04,129000.0,100,Buy,227489941
2024-07-30 14:29:03,129800.0,300,Buy,227492947
2024-07-30 14:29:03,129600.0,100,Buy,227492946
2024-07-30 14:29:03,129300.0,100,Buy,227492942
2024-07-30 14:29:03,129600.0,100,Buy,227492944
2024-07-30 14:29:03,129500.0,200,Buy,227492943
2024-07-30 14:29:03,129600.0,200,Buy,227492945
2024-07-30 14:29:15,130000.0,200,Buy,227493556
2024-07-30 14:29:15,130000.0,2000,Buy,227493557
2024-07-30 14:29:15,130000.0,200,Buy,227493558
2024-07-30 14:29:15,130000.0,700,Buy,227493559
2024-07-30 14:29:23,130500.0,100,Buy,227494012
2024-07-30 14:44:38,130500.0,27600,ATO/ATC,227495531
