time,price,volume,match_type,id
2024-08-19 09:14:36,131000.0,15500,ATO/ATC,232510127
2024-08-19 09:15:08,130500.0,300,Buy,232511634
2024-08-19 09:15:08,130600.0,700,Buy,232511635
2024-08-19 09:15:25,130500.0,700,Buy,232512301
2024-08-19 09:15:25,130500.0,300,Buy,232512302
2024-08-19 09:15:30,130000.0,200,Sell,232512536
2024-08-19 09:15:31,130000.0,100,Sell,232512583
2024-08-19 09:15:31,130000.0,100,Sell,232512582
2024-08-19 09:15:41,130000.0,100,Sell,232513030
2024-08-19 09:15:43,130000.0,100,Sell,232513117
2024-08-19 09:15:49,130000.0,100,Sell,232513429
2024-08-19 09:15:52,130000.0,1000,Sell,232513594
2024-08-19 09:15:54,130000.0,600,Sell,232513783
2024-08-19 09:15:56,130000.0,200,Sell,232513872
2024-08-19 09:15:56,130000.0,300,Sell,232513873
2024-08-19 09:16:37,129900.0,200,Buy,232516138
2024-08-19 09:16:41,129900.0,200,Buy,232516341
2024-08-19 09:17:48,129700.0,300,Buy,232520024
2024-08-19 09:17:59,129500.0,800,Sell,232520497
2024-08-19 09:18:13,129500.0,100,Sell,232521282
2024-08-19 09:18:13,129500.0,100,Sell,232521355
2024-08-19 09:18:16,128000.0,300,Sell,232521541
2024-08-19 09:18:16,129000.0,500,Sell,232521538
2024-08-19 09:18:16,129000.0,200,Sell,232521539
2024-08-19 09:18:16,128500.0,500,Sell,232521540
2024-08-19 09:19:05,128300.0,100,Sell,232524183
2024-08-19 09:19:05,128300.0,400,Sell,232524182
2024-08-19 09:19:41,128600.0,100,Sell,232525804
2024-08-19 09:19:41,128500.0,100,Sell,232525805
2024-08-19 09:20:09,128600.0,200,Sell,232526946
2024-08-19 09:21:34,129000.0,100,Buy,232530585
2024-08-19 09:22:14,129000.0,100,Sell,232531984
2024-08-19 09:22:14,129000.0,300,Sell,232531985
2024-08-19 09:22:14,129000.0,500,Sell,232531986
2024-08-19 09:22:14,129000.0,100,Sell,232531987
2024-08-19 09:22:40,129000.0,100,Sell,232532882
2024-08-19 09:22:46,129000.0,100,Sell,232533115
2024-08-19 09:23:28,129000.0,100,Sell,232534895
2024-08-19 09:24:01,129300.0,600,Buy,232536377
2024-08-19 09:24:01,129300.0,300,Buy,232536378
2024-08-19 09:24:01,129300.0,100,Buy,232536379
2024-08-19 09:25:06,129200.0,100,Buy,232538832
2024-08-19 09:25:06,129200.0,300,Buy,232538833
2024-08-19 09:25:07,129300.0,2900,Sell,232538909
2024-08-19 09:25:19,129300.0,100,Sell,232539419
2024-08-19 09:25:20,129300.0,2900,Sell,232539447
2024-08-19 09:25:34,129400.0,200,Buy,232539897
2024-08-19 09:25:43,129400.0,400,Buy,232540343
2024-08-19 09:25:43,129400.0,100,Buy,232540342
2024-08-19 09:25:57,129400.0,300,Buy,232540879
2024-08-19 09:26:19,129300.0,100,Sell,232541822
2024-08-19 09:26:32,129400.0,100,Buy,232542277
2024-08-19 09:26:36,129300.0,100,Sell,232542438
2024-08-19 09:26:55,129300.0,800,Sell,232543344
2024-08-19 09:27:18,129300.0,100,Sell,232544350
2024-08-19 09:27:19,129300.0,1000,Sell,232544369
2024-08-19 09:27:32,129300.0,1700,Sell,232544893
2024-08-19 09:27:32,129300.0,100,Sell,232544894
2024-08-19 09:27:32,129300.0,200,Sell,232544895
2024-08-19 09:28:11,129300.0,200,Sell,232546377
2024-08-19 09:29:09,129000.0,100,Sell,232548405
2024-08-19 09:30:27,129000.0,100,Sell,232551259
2024-08-19 09:30:58,129000.0,600,Sell,232552359
2024-08-19 09:30:58,129000.0,200,Sell,232552360
2024-08-19 09:30:58,129000.0,300,Sell,232552361
2024-08-19 09:30:58,129000.0,1900,Sell,232552362
2024-08-19 09:31:02,129000.0,500,Sell,232552507
2024-08-19 09:31:03,129000.0,400,Sell,232552528
2024-08-19 09:31:29,129000.0,200,Sell,232553437
2024-08-19 09:31:42,129200.0,100,Buy,232553787
2024-08-19 09:32:00,129000.0,100,Sell,232554304
2024-08-19 09:32:10,129000.0,2900,Sell,232554601
2024-08-19 09:32:19,129000.0,1800,Sell,232554901
2024-08-19 09:32:19,129000.0,200,Sell,232554902
2024-08-19 09:32:24,129000.0,1000,Sell,232555114
2024-08-19 09:32:24,129000.0,200,Sell,232555115
2024-08-19 09:32:34,129000.0,300,Sell,232555372
2024-08-19 09:32:34,129000.0,100,Sell,232555374
2024-08-19 09:32:34,129000.0,100,Sell,232555370
2024-08-19 09:32:34,129000.0,100,Sell,232555371
2024-08-19 09:32:34,129000.0,100,Sell,232555373
2024-08-19 09:33:07,128900.0,100,Sell,232556544
2024-08-19 09:33:55,128900.0,100,Sell,232557925
2024-08-19 09:33:55,128900.0,100,Sell,232557926
2024-08-19 09:33:57,128900.0,100,Sell,232557964
2024-08-19 09:34:09,128900.0,100,Sell,232558372
2024-08-19 09:34:28,128800.0,100,Sell,232558839
2024-08-19 09:34:50,128800.0,100,Sell,232559598
2024-08-19 09:36:37,128800.0,100,Buy,232563149
2024-08-19 09:36:41,128800.0,100,Buy,232563300
2024-08-19 09:36:48,128800.0,100,Buy,232563521
2024-08-19 09:37:31,128900.0,500,Buy,232565255
2024-08-19 09:37:41,128800.0,100,Sell,232565731
2024-08-19 09:37:44,128800.0,100,Sell,232565857
2024-08-19 09:39:19,128900.0,100,Buy,232569647
2024-08-19 09:39:52,128800.0,100,Sell,232571037
2024-08-19 09:39:52,128800.0,100,Sell,232571036
2024-08-19 09:39:53,128800.0,100,Buy,232571091
2024-08-19 09:39:53,128700.0,100,Sell,232571092
2024-08-19 09:39:53,128700.0,200,Sell,232571093
2024-08-19 09:39:53,128700.0,1000,Sell,232571094
2024-08-19 09:39:57,128800.0,600,Buy,232571209
2024-08-19 09:39:57,128900.0,1100,Buy,232571211
2024-08-19 09:39:57,129000.0,500,Buy,232571212
2024-08-19 09:39:57,129000.0,200,Buy,232571213
2024-08-19 09:39:57,129000.0,300,Buy,232571214
2024-08-19 09:39:57,129000.0,500,Buy,232571215
2024-08-19 09:39:57,129000.0,300,Buy,232571216
2024-08-19 09:39:57,128900.0,300,Buy,232571210
2024-08-19 09:40:32,128800.0,100,Sell,232572691
2024-08-19 09:41:13,129000.0,100,Buy,232574724
2024-08-19 09:41:13,129000.0,100,Buy,232574723
2024-08-19 09:42:22,129000.0,100,Sell,232576906
2024-08-19 09:42:22,129000.0,200,Sell,232576907
2024-08-19 09:43:22,129100.0,100,Sell,232579214
2024-08-19 09:45:03,129200.0,100,Buy,232582819
2024-08-19 09:45:12,129200.0,300,Buy,232583162
2024-08-19 09:45:18,129200.0,100,Buy,232583328
2024-08-19 09:45:25,129200.0,400,Buy,232583515
2024-08-19 09:45:29,129200.0,300,Buy,232583629
2024-08-19 09:45:32,129200.0,400,Buy,232583771
2024-08-19 09:45:53,129300.0,400,Buy,232584382
2024-08-19 09:45:53,129300.0,100,Buy,232584381
2024-08-19 09:45:53,129300.0,500,Buy,232584380
2024-08-19 09:46:13,129200.0,100,Sell,232584883
2024-08-19 09:46:21,129200.0,200,Sell,232585131
2024-08-19 09:47:42,129300.0,100,Buy,232588535
2024-08-19 09:47:46,129200.0,300,Sell,232588714
2024-08-19 09:47:46,129200.0,500,Sell,232588715
2024-08-19 09:47:46,129200.0,400,Sell,232588716
2024-08-19 09:48:21,129100.0,100,Sell,232589892
2024-08-19 09:48:35,129100.0,300,Sell,232590430
2024-08-19 09:49:04,129000.0,100,Sell,232591482
2024-08-19 09:49:05,129000.0,400,Sell,232591527
2024-08-19 09:49:32,129000.0,1000,Sell,232592564
2024-08-19 09:49:33,129000.0,700,Sell,232592607
2024-08-19 09:49:33,129000.0,1400,Sell,232592608
2024-08-19 09:49:33,129000.0,600,Sell,232592609
2024-08-19 09:50:48,129000.0,100,Sell,232595084
2024-08-19 09:50:56,129000.0,800,Sell,232595402
2024-08-19 09:50:56,129000.0,100,Sell,232595403
2024-08-19 09:50:56,129000.0,200,Sell,232595404
2024-08-19 09:50:58,129000.0,200,Sell,232595446
2024-08-19 09:50:58,129000.0,100,Sell,232595447
2024-08-19 09:50:58,129000.0,500,Sell,232595444
2024-08-19 09:50:58,129000.0,300,Sell,232595445
2024-08-19 09:51:54,128800.0,100,Sell,232597601
2024-08-19 09:52:40,129100.0,1200,Buy,232599253
2024-08-19 09:52:40,129100.0,1000,Buy,232599254
2024-08-19 09:52:40,129100.0,100,Buy,232599255
2024-08-19 09:53:07,129100.0,100,Sell,232600114
2024-08-19 09:53:16,129400.0,100,Buy,232600450
2024-08-19 09:53:16,129400.0,200,Buy,232600449
2024-08-19 09:53:16,129400.0,1000,Buy,232600448
2024-08-19 09:53:16,129400.0,300,Buy,232600447
2024-08-19 09:53:16,129300.0,100,Buy,232600445
2024-08-19 09:53:16,129300.0,100,Buy,232600444
2024-08-19 09:53:16,129200.0,100,Buy,232600443
2024-08-19 09:53:16,129200.0,300,Buy,232600442
2024-08-19 09:53:16,129400.0,7200,Buy,232600446
2024-08-19 09:53:35,129400.0,500,Sell,232601059
2024-08-19 09:53:36,129400.0,100,Sell,232601085
2024-08-19 09:54:26,129500.0,200,Buy,232602810
2024-08-19 09:54:26,129500.0,1000,Buy,232602809
2024-08-19 09:54:26,129400.0,100,Buy,232602807
2024-08-19 09:54:26,129400.0,300,Buy,232602806
2024-08-19 09:54:26,129400.0,400,Buy,232602808
2024-08-19 09:54:45,129300.0,100,Sell,232603421
2024-08-19 09:56:05,129300.0,100,Sell,232605905
2024-08-19 09:56:08,129400.0,100,Buy,232605966
2024-08-19 09:56:08,129400.0,400,Buy,232605967
2024-08-19 09:56:09,129400.0,400,Sell,232605992
2024-08-19 09:57:11,129400.0,100,Sell,232608042
2024-08-19 09:57:35,129400.0,100,Sell,232608821
2024-08-19 09:58:13,129400.0,100,Sell,232609902
2024-08-19 09:58:16,129500.0,100,Buy,232610005
2024-08-19 09:58:16,129500.0,100,Buy,232610002
2024-08-19 09:58:16,129500.0,1500,Buy,232610003
2024-08-19 09:58:16,129500.0,500,Buy,232610004
2024-08-19 09:58:20,129500.0,100,Sell,232610107
2024-08-19 09:59:23,129600.0,100,Buy,232611949
2024-08-19 09:59:42,129500.0,500,Sell,232612620
2024-08-19 09:59:52,129600.0,100,Buy,232612954
2024-08-19 10:00:18,129600.0,100,Sell,232613758
2024-08-19 10:00:26,129500.0,100,Sell,232613949
2024-08-19 10:00:27,129500.0,5200,Sell,232613997
2024-08-19 10:00:28,129600.0,100,Buy,232614021
2024-08-19 10:01:15,129500.0,200,Sell,232615337
2024-08-19 10:01:27,129500.0,100,Sell,232615697
2024-08-19 10:01:27,129500.0,1600,Sell,232615695
2024-08-19 10:01:27,129500.0,200,Sell,232615696
2024-08-19 10:01:27,129500.0,100,Sell,232615682
2024-08-19 10:02:11,129400.0,500,Sell,232616640
2024-08-19 10:02:18,129400.0,500,Sell,232616764
2024-08-19 10:02:22,129400.0,800,Sell,232616907
2024-08-19 10:02:29,129400.0,100,Sell,232617137
2024-08-19 10:02:40,129400.0,2000,Sell,232617488
2024-08-19 10:02:47,129400.0,300,Sell,232617696
2024-08-19 10:02:47,129400.0,600,Sell,232617687
2024-08-19 10:02:49,129400.0,400,Sell,232617754
2024-08-19 10:03:17,129400.0,100,Sell,232618238
2024-08-19 10:03:17,129400.0,100,Sell,232618232
2024-08-19 10:03:20,129500.0,100,Buy,232618291
2024-08-19 10:03:20,129500.0,200,Buy,232618292
2024-08-19 10:03:20,129500.0,100,Buy,232618293
2024-08-19 10:03:20,129500.0,800,Buy,232618294
2024-08-19 10:03:20,129500.0,300,Sell,232618309
2024-08-19 10:04:28,129500.0,2000,Sell,232619938
2024-08-19 10:04:30,129500.0,500,Sell,232620058
2024-08-19 10:04:30,129500.0,100,Sell,232620059
2024-08-19 10:05:13,129500.0,400,Buy,232621098
2024-08-19 10:05:13,129500.0,200,Buy,232621099
2024-08-19 10:05:29,129500.0,100,Sell,232621417
2024-08-19 10:05:33,129500.0,300,Sell,232621481
2024-08-19 10:05:33,129500.0,200,Sell,232621482
2024-08-19 10:06:02,129500.0,300,Buy,232622162
2024-08-19 10:06:07,129500.0,100,Sell,232622237
2024-08-19 10:07:05,129500.0,100,Sell,232623454
2024-08-19 10:07:22,129600.0,100,Buy,232623865
2024-08-19 10:07:38,129600.0,200,Buy,232624149
2024-08-19 10:07:38,129600.0,100,Buy,232624146
2024-08-19 10:07:38,129600.0,200,Buy,232624147
2024-08-19 10:07:38,129600.0,100,Buy,232624148
2024-08-19 10:07:46,129600.0,200,Buy,232624322
2024-08-19 10:07:57,129600.0,100,Sell,232624490
2024-08-19 10:08:09,129600.0,300,Sell,232624867
2024-08-19 10:08:18,129700.0,100,Buy,232625013
2024-08-19 10:08:18,129700.0,900,Buy,232625014
2024-08-19 10:08:23,129600.0,200,Sell,232625095
2024-08-19 10:08:58,129500.0,100,Sell,232625864
2024-08-19 10:10:14,129600.0,100,Sell,232627198
2024-08-19 10:10:40,129600.0,100,Sell,232627733
2024-08-19 10:10:42,129600.0,100,Sell,232627771
2024-08-19 10:10:52,129600.0,100,Sell,232627942
2024-08-19 10:11:02,129600.0,100,Sell,232628129
2024-08-19 10:11:13,129600.0,100,Buy,232628308
2024-08-19 10:11:48,129500.0,100,Sell,232628986
2024-08-19 10:12:44,129600.0,200,Buy,232629917
2024-08-19 10:14:39,129500.0,100,Sell,232631827
2024-08-19 10:15:03,129500.0,100,Buy,232632300
2024-08-19 10:15:52,129500.0,400,Sell,232633281
2024-08-19 10:15:54,129500.0,400,Sell,232633297
2024-08-19 10:16:22,129500.0,100,Sell,232633964
2024-08-19 10:16:24,129500.0,200,Sell,232633989
2024-08-19 10:17:01,129500.0,200,Sell,232634524
2024-08-19 10:17:30,129500.0,100,Sell,232635034
2024-08-19 10:17:34,129500.0,100,Sell,232635116
2024-08-19 10:17:35,129400.0,1400,Sell,232635130
2024-08-19 10:18:31,129100.0,100,Sell,232636430
2024-08-19 10:18:31,129100.0,100,Sell,232636431
2024-08-19 10:20:20,129100.0,100,Sell,232638815
2024-08-19 10:20:30,129100.0,300,Sell,232639012
2024-08-19 10:20:30,129100.0,100,Sell,232639013
2024-08-19 10:20:32,129000.0,300,Sell,232639053
2024-08-19 10:20:32,129000.0,1000,Sell,232639054
2024-08-19 10:20:32,129000.0,100,Sell,232639055
2024-08-19 10:20:32,129000.0,500,Sell,232639056
2024-08-19 10:21:04,128800.0,100,Sell,232639626
2024-08-19 10:21:04,128800.0,200,Sell,232639625
2024-08-19 10:21:04,128800.0,100,Sell,232639623
2024-08-19 10:21:04,128800.0,100,Sell,232639624
2024-08-19 10:21:04,128800.0,1000,Sell,232639621
2024-08-19 10:21:04,128800.0,800,Sell,232639619
2024-08-19 10:21:04,128800.0,100,Sell,232639622
2024-08-19 10:21:04,128800.0,200,Sell,232639620
2024-08-19 10:21:41,128800.0,100,Sell,232640437
2024-08-19 10:21:50,128800.0,400,Buy,232640687
2024-08-19 10:23:11,128800.0,100,Sell,232642659
2024-08-19 10:23:50,128800.0,100,Sell,232643567
2024-08-19 10:24:10,128800.0,100,Sell,232644157
2024-08-19 10:25:08,128800.0,2300,Sell,232645423
2024-08-19 10:25:08,128800.0,100,Sell,232645424
2024-08-19 10:25:08,128800.0,100,Sell,232645425
2024-08-19 10:25:39,128800.0,200,Buy,232646135
2024-08-19 10:26:02,128700.0,100,Sell,232646521
2024-08-19 10:27:27,128700.0,400,Sell,232648339
2024-08-19 10:28:18,128800.0,300,Buy,232649363
2024-08-19 10:28:52,128700.0,100,Sell,232650251
2024-08-19 10:29:04,128700.0,100,Sell,232650465
2024-08-19 10:29:04,128700.0,300,Sell,232650466
2024-08-19 10:31:43,128700.0,100,Sell,232653352
2024-08-19 10:32:07,128800.0,600,Buy,232653957
2024-08-19 10:32:19,128800.0,1400,Buy,232654159
2024-08-19 10:32:22,128800.0,100,Sell,232654199
2024-08-19 10:34:07,128800.0,500,Sell,232655885
2024-08-19 10:34:07,128800.0,500,Sell,232655884
2024-08-19 10:34:33,128800.0,100,Sell,232656486
2024-08-19 10:37:24,128800.0,100,Sell,232659451
2024-08-19 10:40:15,128800.0,100,Sell,232663060
2024-08-19 10:40:33,128700.0,100,Sell,232663406
2024-08-19 10:40:33,128700.0,100,Sell,232663407
2024-08-19 10:40:33,128700.0,100,Sell,232663408
2024-08-19 10:41:25,128700.0,100,Sell,232664349
2024-08-19 10:43:05,128700.0,100,Sell,232666423
2024-08-19 10:44:00,128700.0,400,Sell,232667354
2024-08-19 10:45:56,128700.0,100,Sell,232669411
2024-08-19 10:46:44,129000.0,200,Buy,232670383
2024-08-19 10:48:13,129000.0,200,Buy,232671880
2024-08-19 10:48:46,128700.0,100,Sell,232672559
2024-08-19 10:49:49,129000.0,100,Buy,232673832
2024-08-19 10:51:38,128700.0,100,Sell,232676520
2024-08-19 10:53:39,129000.0,100,Buy,232678919
2024-08-19 10:54:28,128700.0,100,Sell,232679756
2024-08-19 10:54:46,128700.0,100,Sell,232680056
2024-08-19 10:54:46,128700.0,100,Sell,232680055
2024-08-19 10:56:57,128700.0,100,Sell,232682386
2024-08-19 10:57:18,128700.0,100,Sell,232682840
2024-08-19 11:00:09,128700.0,100,Sell,232685701
2024-08-19 11:00:12,128700.0,200,Sell,232685731
2024-08-19 11:00:12,128700.0,100,Sell,232685732
2024-08-19 11:00:12,128700.0,300,Sell,232685733
2024-08-19 11:00:12,128700.0,400,Sell,232685730
2024-08-19 11:01:00,128700.0,100,Sell,232686522
2024-08-19 11:02:49,128800.0,100,Sell,232688326
2024-08-19 11:02:59,128700.0,100,Sell,232688473
2024-08-19 11:03:08,128700.0,400,Sell,232688580
2024-08-19 11:04:03,128800.0,100,Sell,232689618
2024-08-19 11:05:23,128700.0,100,Sell,232691029
2024-08-19 11:05:50,128700.0,100,Sell,232691356
2024-08-19 11:05:50,128700.0,100,Sell,232691360
2024-08-19 11:08:09,128700.0,600,Sell,232693243
2024-08-19 11:08:09,128700.0,100,Sell,232693244
2024-08-19 11:08:27,128700.0,100,Sell,232693508
2024-08-19 11:08:27,128700.0,400,Sell,232693509
2024-08-19 11:08:27,128700.0,200,Sell,232693510
2024-08-19 11:08:41,128600.0,100,Sell,232693741
2024-08-19 11:08:43,128700.0,100,Buy,232693761
2024-08-19 11:11:16,128700.0,200,Buy,232695810
2024-08-19 11:11:31,128700.0,100,Sell,232696021
2024-08-19 11:11:50,128700.0,300,Sell,232696338
2024-08-19 11:14:22,128700.0,100,Sell,232698400
2024-08-19 11:17:13,128700.0,100,Sell,232700751
2024-08-19 11:20:03,128700.0,100,Sell,232702930
2024-08-19 11:22:47,128700.0,500,Sell,232704982
2024-08-19 11:22:52,128900.0,100,Buy,232705053
2024-08-19 11:22:54,128700.0,100,Sell,232705066
2024-08-19 11:25:44,128800.0,100,Sell,232707108
2024-08-19 11:28:35,128700.0,100,Sell,232709516
2024-08-19 12:59:40,128700.0,300,Sell,232710825
2024-08-19 12:59:40,128700.0,100,Sell,232710826
2024-08-19 12:59:40,128700.0,100,Sell,232710827
2024-08-19 12:59:40,128700.0,100,Sell,232710828
2024-08-19 12:59:40,128700.0,100,Sell,232711268
2024-08-19 12:59:40,128700.0,500,Sell,232711269
2024-08-19 12:59:40,128700.0,100,Sell,232711270
2024-08-19 12:59:41,128700.0,100,Sell,232711604
2024-08-19 12:59:43,128700.0,100,Sell,232712329
2024-08-19 12:59:44,128700.0,100,Sell,232712419
2024-08-19 12:59:44,128600.0,100,Sell,232712421
2024-08-19 12:59:44,128700.0,200,Sell,232712418
2024-08-19 12:59:44,128700.0,100,Sell,232712420
2024-08-19 12:59:47,128700.0,500,Sell,232713585
2024-08-19 12:59:48,128600.0,100,Sell,232714181
2024-08-19 12:59:48,128600.0,100,Sell,232714212
2024-08-19 12:59:48,128600.0,100,Sell,232714211
2024-08-19 12:59:48,128600.0,200,Sell,232714180
2024-08-19 12:59:48,128600.0,200,Sell,232714184
2024-08-19 12:59:48,128600.0,100,Sell,232714182
2024-08-19 12:59:48,128600.0,200,Sell,232714202
2024-08-19 12:59:49,128600.0,200,Sell,232714275
2024-08-19 12:59:49,128600.0,100,Sell,232714320
2024-08-19 12:59:49,128600.0,100,Sell,232714321
2024-08-19 12:59:55,128600.0,100,Sell,232714912
2024-08-19 12:59:55,128600.0,200,Sell,232714923
2024-08-19 12:59:55,128600.0,300,Sell,232714924
2024-08-19 12:59:55,128600.0,200,Sell,232714925
2024-08-19 12:59:55,128600.0,100,Sell,232714926
2024-08-19 13:00:15,128600.0,500,Sell,232716006
2024-08-19 13:00:15,128600.0,100,Sell,232716007
2024-08-19 13:00:24,128500.0,200,Sell,232716216
2024-08-19 13:00:24,128500.0,100,Sell,232716214
2024-08-19 13:00:24,128500.0,100,Sell,232716215
2024-08-19 13:00:24,128500.0,1000,Sell,232716213
2024-08-19 13:00:25,128500.0,200,Sell,232716224
2024-08-19 13:00:25,128500.0,100,Sell,232716225
2024-08-19 13:00:25,128500.0,100,Sell,232716226
2024-08-19 13:00:25,128500.0,100,Sell,232716227
2024-08-19 13:00:25,128500.0,400,Sell,232716228
2024-08-19 13:00:43,128400.0,200,Sell,232716606
2024-08-19 13:00:44,128400.0,800,Sell,232716635
2024-08-19 13:00:44,128400.0,500,Sell,232716637
2024-08-19 13:00:44,128400.0,100,Sell,232716638
2024-08-19 13:00:44,128400.0,100,Sell,232716639
2024-08-19 13:00:57,128300.0,1000,Sell,232717010
2024-08-19 13:00:57,128300.0,500,Sell,232717011
2024-08-19 13:00:57,128300.0,200,Sell,232717012
2024-08-19 13:01:08,128200.0,100,Sell,232717272
2024-08-19 13:01:11,128200.0,100,Sell,232717396
2024-08-19 13:01:11,128200.0,400,Sell,232717394
2024-08-19 13:01:11,128200.0,100,Sell,232717395
2024-08-19 13:01:12,128200.0,100,Buy,232717412
2024-08-19 13:01:33,128100.0,500,Sell,232717890
2024-08-19 13:02:02,128200.0,2000,Sell,232718667
2024-08-19 13:02:18,128100.0,1000,Sell,232719282
2024-08-19 13:02:18,128000.0,200,Sell,232719283
2024-08-19 13:02:18,128000.0,200,Sell,232719284
2024-08-19 13:02:18,128000.0,600,Sell,232719285
2024-08-19 13:02:29,128000.0,4600,Sell,232719548
2024-08-19 13:02:29,128000.0,100,Sell,232719547
2024-08-19 13:02:29,128000.0,400,Sell,232719546
2024-08-19 13:02:35,128000.0,100,Sell,232719668
2024-08-19 13:02:49,128000.0,100,Sell,232720131
2024-08-19 13:02:51,128000.0,400,Sell,232720233
2024-08-19 13:02:51,128000.0,2000,Sell,232720232
2024-08-19 13:02:51,128000.0,1000,Sell,232720231
2024-08-19 13:02:51,128000.0,500,Sell,232720229
2024-08-19 13:02:51,128000.0,200,Sell,232720228
2024-08-19 13:02:51,128000.0,500,Sell,232720230
2024-08-19 13:02:51,128000.0,500,Sell,232720226
2024-08-19 13:02:51,128000.0,100,Sell,232720225
2024-08-19 13:02:51,128000.0,500,Sell,232720224
2024-08-19 13:02:51,128000.0,1000,Sell,232720223
2024-08-19 13:02:51,128000.0,200,Sell,232720222
2024-08-19 13:02:51,128000.0,400,Sell,232720227
2024-08-19 13:02:58,128000.0,600,Sell,232720437
2024-08-19 13:02:58,128000.0,300,Sell,232720438
2024-08-19 13:02:59,128000.0,500,Buy,232720462
2024-08-19 13:03:05,128000.0,2000,Buy,232720593
2024-08-19 13:03:13,128000.0,100,Buy,232720802
2024-08-19 13:03:18,128000.0,200,Buy,232720969
2024-08-19 13:03:50,128000.0,500,Buy,232721868
2024-08-19 13:05:24,128000.0,100,Buy,232724536
2024-08-19 13:05:34,127900.0,100,Sell,232724828
2024-08-19 13:05:52,127900.0,100,Sell,232725389
2024-08-19 13:05:52,127900.0,100,Sell,232725390
2024-08-19 13:06:02,127900.0,200,Sell,232725710
2024-08-19 13:06:50,127900.0,300,Sell,232727094
2024-08-19 13:07:10,127900.0,100,Sell,232727741
2024-08-19 13:07:11,128000.0,5000,Buy,232727747
2024-08-19 13:07:27,127900.0,1500,Sell,232728224
2024-08-19 13:07:43,127900.0,1000,Sell,232728693
2024-08-19 13:08:01,127900.0,1000,Sell,232729235
2024-08-19 13:08:35,127900.0,100,Sell,232730362
2024-08-19 13:08:54,127900.0,100,Sell,232730872
2024-08-19 13:09:06,128000.0,100,Buy,232731199
2024-08-19 13:09:12,128000.0,100,Buy,232731328
2024-08-19 13:09:13,128000.0,500,Buy,232731346
2024-08-19 13:09:13,128000.0,200,Buy,232731347
2024-08-19 13:09:13,128000.0,100,Buy,232731348
2024-08-19 13:09:13,128000.0,500,Buy,232731349
2024-08-19 13:09:13,128000.0,300,Buy,232731350
2024-08-19 13:10:22,128200.0,100,Sell,232733127
2024-08-19 13:10:51,128200.0,100,Buy,232734051
2024-08-19 13:10:56,128200.0,200,Buy,232734174
2024-08-19 13:11:08,128200.0,100,Sell,232734522
2024-08-19 13:11:12,128200.0,100,Sell,232734615
2024-08-19 13:11:35,128100.0,100,Sell,232735145
2024-08-19 13:12:25,128000.0,100,Sell,232736777
2024-08-19 13:12:37,128000.0,300,Sell,232737112
2024-08-19 13:12:42,128100.0,100,Buy,232737243
2024-08-19 13:12:45,128100.0,400,Sell,232737348
2024-08-19 13:13:35,128100.0,100,Buy,232738822
2024-08-19 13:14:35,128000.0,100,Sell,232740327
2024-08-19 13:14:36,127900.0,100,Sell,232740356
2024-08-19 13:14:36,127900.0,100,Sell,232740355
2024-08-19 13:14:36,127900.0,2000,Sell,232740352
2024-08-19 13:14:36,127900.0,100,Sell,232740353
2024-08-19 13:14:36,127900.0,100,Sell,232740354
2024-08-19 13:14:36,127900.0,400,Sell,232740351
2024-08-19 13:14:50,127900.0,100,Sell,232740692
2024-08-19 13:14:50,127900.0,100,Sell,232740693
2024-08-19 13:14:50,127900.0,400,Sell,232740691
2024-08-19 13:15:42,127900.0,100,Buy,232742137
2024-08-19 13:16:56,127900.0,100,Sell,232744290
2024-08-19 13:17:03,127900.0,100,Sell,232744458
2024-08-19 13:17:15,127800.0,100,Sell,232744747
2024-08-19 13:17:15,127800.0,100,Sell,232744746
2024-08-19 13:17:16,127800.0,400,Sell,232744770
2024-08-19 13:17:16,127800.0,100,Sell,232744771
2024-08-19 13:17:30,127700.0,100,Sell,232745117
2024-08-19 13:17:34,127700.0,100,Sell,232745233
2024-08-19 13:17:46,127700.0,200,Sell,232745463
2024-08-19 13:17:56,127600.0,600,Sell,232745688
2024-08-19 13:17:56,127700.0,100,Sell,232745687
2024-08-19 13:17:56,127700.0,200,Sell,232745685
2024-08-19 13:17:56,127700.0,100,Sell,232745686
2024-08-19 13:18:09,127700.0,100,Buy,232746066
2024-08-19 13:18:18,127700.0,600,Sell,232746312
2024-08-19 13:18:18,127700.0,100,Sell,232746313
2024-08-19 13:18:18,127600.0,1300,Sell,232746314
2024-08-19 13:19:38,127700.0,100,Buy,232748511
2024-08-19 13:20:02,127900.0,100,Buy,232749003
2024-08-19 13:20:04,127700.0,100,Sell,232749048
2024-08-19 13:20:35,127700.0,100,Sell,232749792
2024-08-19 13:20:53,127800.0,100,Buy,232750319
2024-08-19 13:21:29,127800.0,100,Buy,232751373
2024-08-19 13:21:53,128000.0,200,Buy,232751973
2024-08-19 13:21:53,128000.0,100,Buy,232751972
2024-08-19 13:21:53,128000.0,100,Buy,232751971
2024-08-19 13:21:53,128000.0,300,Buy,232751970
2024-08-19 13:21:53,128000.0,100,Buy,232751969
2024-08-19 13:21:53,128000.0,100,Buy,232751968
2024-08-19 13:21:53,127900.0,100,Buy,232751967
2024-08-19 13:21:55,127800.0,100,Sell,232752000
2024-08-19 13:22:55,127200.0,500,Sell,232753648
2024-08-19 13:22:55,127200.0,200,Sell,232753649
2024-08-19 13:22:55,127500.0,500,Sell,232753647
2024-08-19 13:22:55,127000.0,200,Sell,232753651
2024-08-19 13:22:55,127000.0,300,Sell,232753652
2024-08-19 13:22:55,127000.0,100,Sell,232753653
2024-08-19 13:22:55,127000.0,100,Sell,232753654
2024-08-19 13:22:55,127000.0,100,Sell,232753655
2024-08-19 13:22:55,127000.0,300,Sell,232753656
2024-08-19 13:22:55,126000.0,300,Sell,232753666
2024-08-19 13:22:55,127000.0,500,Sell,232753658
2024-08-19 13:22:55,127000.0,100,Sell,232753659
2024-08-19 13:22:55,127000.0,500,Sell,232753660
2024-08-19 13:22:55,127000.0,100,Sell,232753661
2024-08-19 13:22:55,126600.0,100,Sell,232753662
2024-08-19 13:22:55,126000.0,700,Sell,232753663
2024-08-19 13:22:55,126000.0,100,Sell,232753664
2024-08-19 13:22:55,126000.0,100,Sell,232753665
2024-08-19 13:22:55,126000.0,500,Sell,232753667
2024-08-19 13:22:55,127000.0,2000,Sell,232753657
2024-08-19 13:22:55,127500.0,2000,Sell,232753646
2024-08-19 13:22:55,127200.0,300,Sell,232753650
2024-08-19 13:22:55,127500.0,100,Sell,232753644
2024-08-19 13:22:55,127800.0,300,Sell,232753622
2024-08-19 13:22:55,127700.0,100,Sell,232753623
2024-08-19 13:22:55,127700.0,200,Sell,232753624
2024-08-19 13:22:55,127700.0,500,Sell,232753625
2024-08-19 13:22:55,127600.0,1100,Sell,232753626
2024-08-19 13:22:55,127600.0,100,Sell,232753627
2024-08-19 13:22:55,127600.0,500,Sell,232753628
2024-08-19 13:22:55,127600.0,100,Sell,232753629
2024-08-19 13:22:55,127600.0,200,Sell,232753630
2024-08-19 13:22:55,127600.0,300,Sell,232753631
2024-08-19 13:22:55,127500.0,1000,Sell,232753645
2024-08-19 13:22:55,127600.0,1000,Sell,232753633
2024-08-19 13:22:55,127500.0,200,Sell,232753643
2024-08-19 13:22:55,127600.0,100,Sell,232753642
2024-08-19 13:22:55,127600.0,100,Sell,232753641
2024-08-19 13:22:55,127600.0,100,Sell,232753640
2024-08-19 13:22:55,127600.0,300,Sell,232753632
2024-08-19 13:22:55,127600.0,500,Sell,232753638
2024-08-19 13:22:55,127600.0,200,Sell,232753637
2024-08-19 13:22:55,127600.0,100,Sell,232753634
2024-08-19 13:22:55,127600.0,400,Sell,232753639
2024-08-19 13:22:56,126000.0,500,Sell,232753671
2024-08-19 13:22:56,126000.0,100,Sell,232753672
2024-08-19 13:22:56,126000.0,2000,Sell,232753673
2024-08-19 13:22:56,126000.0,300,Sell,232753674
2024-08-19 13:23:34,126400.0,100,Sell,232754694
2024-08-19 13:24:26,127000.0,200,Sell,232756574
2024-08-19 13:26:35,127100.0,100,Sell,232759930
2024-08-19 13:28:58,127200.0,100,Sell,232763122
2024-08-19 13:28:58,127300.0,100,Sell,232763120
2024-08-19 13:28:58,127200.0,200,Sell,232763121
2024-08-19 13:29:35,127200.0,100,Sell,232763966
2024-08-19 13:31:04,127600.0,300,Buy,232766060
2024-08-19 13:31:04,127900.0,100,Buy,232766061
2024-08-19 13:31:04,127900.0,100,Buy,232766062
2024-08-19 13:32:35,127800.0,100,Sell,232768020
2024-08-19 13:32:47,127800.0,100,Sell,232768332
2024-08-19 13:34:03,127800.0,100,Sell,232770232
2024-08-19 13:34:11,127800.0,200,Sell,232770436
2024-08-19 13:34:11,127800.0,700,Sell,232770441
2024-08-19 13:35:35,127600.0,100,Sell,232772761
2024-08-19 13:35:50,127500.0,100,Sell,232773235
2024-08-19 13:35:50,127500.0,300,Sell,232773236
2024-08-19 13:35:58,127500.0,100,Buy,232773603
2024-08-19 13:37:28,127500.0,100,Buy,232775956
2024-08-19 13:37:32,127400.0,100,Sell,232776068
2024-08-19 13:38:35,127500.0,100,Sell,232777595
2024-08-19 13:39:58,127500.0,200,Sell,232780001
2024-08-19 13:39:58,127500.0,100,Sell,232780002
2024-08-19 13:40:09,127800.0,500,Buy,232780234
2024-08-19 13:41:03,127800.0,100,Buy,232781354
2024-08-19 13:41:13,127800.0,500,Buy,232781618
2024-08-19 13:41:35,127500.0,100,Sell,232782035
2024-08-19 13:42:37,127500.0,100,Sell,232783951
2024-08-19 13:42:59,127600.0,100,Sell,232784597
2024-08-19 13:42:59,127500.0,700,Sell,232784598
2024-08-19 13:43:00,127800.0,100,Buy,232784630
2024-08-19 13:44:19,127800.0,100,Buy,232786596
2024-08-19 13:44:35,127800.0,100,Sell,232787006
2024-08-19 13:45:19,127800.0,200,Sell,232788592
2024-08-19 13:47:26,127900.0,300,Buy,232793051
2024-08-19 13:47:26,127900.0,100,Buy,232793052
2024-08-19 13:47:26,127900.0,100,Buy,232793053
2024-08-19 13:47:35,127500.0,100,Sell,232793338
2024-08-19 13:48:11,127900.0,300,Buy,232794314
2024-08-19 13:48:44,127900.0,300,Buy,232795447
2024-08-19 13:48:58,127900.0,400,Buy,232795896
2024-08-19 13:48:58,127900.0,200,Buy,232795895
2024-08-19 13:48:58,127900.0,1300,Buy,232795894
2024-08-19 13:49:04,127900.0,1000,Buy,232796072
2024-08-19 13:50:35,127900.0,100,Sell,232799105
2024-08-19 13:51:02,128000.0,700,Buy,232800052
2024-08-19 13:51:02,128000.0,300,Buy,232800051
2024-08-19 13:51:06,128000.0,100,Buy,232800147
2024-08-19 13:51:08,128000.0,500,Buy,232800215
2024-08-19 13:51:35,128000.0,100,Buy,232801102
2024-08-19 13:51:43,128000.0,300,Buy,232801424
2024-08-19 13:51:58,128000.0,100,Buy,232801985
2024-08-19 13:51:58,128000.0,300,Buy,232801984
2024-08-19 13:52:03,128000.0,100,Buy,232802176
2024-08-19 13:53:34,128000.0,100,Sell,232805822
2024-08-19 13:54:16,128000.0,100,Sell,232807452
2024-08-19 13:54:18,128000.0,400,Sell,232807512
2024-08-19 13:54:25,128000.0,200,Buy,232807918
2024-08-19 13:55:28,127900.0,100,Sell,232809969
2024-08-19 13:55:28,127900.0,300,Sell,232809970
2024-08-19 13:55:41,127900.0,300,Buy,232810456
2024-08-19 13:56:22,128000.0,400,Buy,232811642
2024-08-19 13:56:34,127800.0,100,Sell,232812066
2024-08-19 13:57:28,128000.0,200,Buy,232813702
2024-08-19 13:58:28,127900.0,100,Sell,232815536
2024-08-19 13:59:35,127900.0,100,Sell,232817247
2024-08-19 13:59:54,128000.0,300,Buy,232817840
2024-08-19 13:59:54,128000.0,100,Buy,232817841
2024-08-19 13:59:54,128000.0,100,Buy,232817842
2024-08-19 13:59:54,128000.0,100,Buy,232817843
2024-08-19 14:00:02,128000.0,100,Sell,232818039
2024-08-19 14:00:40,128000.0,300,Sell,232819024
2024-08-19 14:00:40,128000.0,100,Sell,232819025
2024-08-19 14:01:34,128000.0,100,Buy,232820467
2024-08-19 14:02:32,128000.0,2300,Buy,232821884
2024-08-19 14:03:22,127900.0,400,Sell,232822985
2024-08-19 14:03:22,127900.0,100,Sell,232822984
2024-08-19 14:03:22,127900.0,600,Sell,232822983
2024-08-19 14:04:59,128000.0,900,Buy,232825295
2024-08-19 14:05:05,128000.0,100,Buy,232825496
2024-08-19 14:05:52,127900.0,100,Sell,232826645
2024-08-19 14:07:50,127900.0,500,Sell,232829746
2024-08-19 14:08:19,127900.0,1000,Sell,232830475
2024-08-19 14:08:19,127900.0,100,Sell,232830476
2024-08-19 14:08:19,127900.0,100,Sell,232830477
2024-08-19 14:08:44,127800.0,6400,Sell,232831131
2024-08-19 14:08:51,127800.0,400,Sell,232831261
2024-08-19 14:09:13,127900.0,2000,Buy,232831760
2024-08-19 14:10:51,127900.0,200,Buy,232834604
2024-08-19 14:10:51,127900.0,300,Buy,232834605
2024-08-19 14:12:04,127900.0,200,Buy,232836736
2024-08-19 14:12:20,127800.0,900,Sell,232837297
2024-08-19 14:12:22,127800.0,400,Sell,232837462
2024-08-19 14:12:24,127800.0,400,Sell,232837504
2024-08-19 14:12:54,127800.0,1000,Sell,232838433
2024-08-19 14:15:11,127800.0,100,Sell,232842138
2024-08-19 14:16:28,127800.0,300,Sell,232844808
2024-08-19 14:16:28,127800.0,700,Sell,232844809
2024-08-19 14:16:30,127800.0,300,Sell,232844878
2024-08-19 14:16:37,127900.0,100,Buy,232845084
2024-08-19 14:16:38,127800.0,300,Sell,232845101
2024-08-19 14:17:42,127800.0,2000,Sell,232847346
2024-08-19 14:17:42,127800.0,100,Sell,232847347
2024-08-19 14:17:42,127800.0,2000,Sell,232847348
2024-08-19 14:17:42,127800.0,1000,Sell,232847349
2024-08-19 14:17:42,127800.0,200,Sell,232847350
2024-08-19 14:17:42,127800.0,100,Sell,232847351
2024-08-19 14:18:24,127800.0,100,Buy,232848290
2024-08-19 14:18:24,127800.0,200,Buy,232848289
2024-08-19 14:18:24,127800.0,2100,Buy,232848286
2024-08-19 14:18:24,127800.0,100,Buy,232848287
2024-08-19 14:18:24,127800.0,500,Buy,232848288
2024-08-19 14:20:00,127600.0,100,Sell,232850551
2024-08-19 14:20:11,127600.0,1000,Sell,232850873
2024-08-19 14:21:14,127800.0,100,Buy,232852592
2024-08-19 14:21:30,127600.0,400,Sell,232852979
2024-08-19 14:21:42,127600.0,300,Sell,232853347
2024-08-19 14:22:26,127800.0,500,Buy,232854949
2024-08-19 14:23:52,127800.0,2000,Buy,232857573
2024-08-19 14:24:41,127800.0,300,Buy,232859020
2024-08-19 14:25:09,127600.0,300,Sell,232859931
2024-08-19 14:25:09,127700.0,1000,Sell,232859929
2024-08-19 14:25:09,127600.0,3200,Sell,232859930
2024-08-19 14:25:09,127700.0,500,Sell,232859928
2024-08-19 14:25:17,127600.0,300,Sell,232860199
2024-08-19 14:26:00,127600.0,1000,Sell,232861667
2024-08-19 14:26:07,127600.0,400,Sell,232861865
2024-08-19 14:26:07,127600.0,500,Sell,232861866
2024-08-19 14:26:07,127600.0,100,Sell,232861867
2024-08-19 14:26:17,127500.0,300,Sell,232862187
2024-08-19 14:26:17,127500.0,200,Sell,232862186
2024-08-19 14:26:17,127600.0,500,Sell,232862185
2024-08-19 14:26:39,127700.0,100,Buy,232863023
2024-08-19 14:26:45,127500.0,100,Buy,232863282
2024-08-19 14:26:45,127500.0,100,Sell,232863276
2024-08-19 14:26:45,127500.0,200,Sell,232863275
2024-08-19 14:26:45,127500.0,500,Sell,232863274
2024-08-19 14:26:45,127500.0,200,Sell,232863277
2024-08-19 14:26:45,127500.0,100,Sell,232863272
2024-08-19 14:26:45,127500.0,100,Sell,232863271
2024-08-19 14:26:45,127500.0,200,Sell,232863270
2024-08-19 14:26:45,127500.0,200,Sell,232863269
2024-08-19 14:26:45,127500.0,100,Sell,232863273
2024-08-19 14:26:56,127500.0,500,Buy,232863673
2024-08-19 14:27:15,127500.0,100,Buy,232864372
2024-08-19 14:27:20,127500.0,100,Buy,232864586
2024-08-19 14:27:38,127500.0,400,Buy,232865283
2024-08-19 14:28:25,127500.0,500,Sell,232867051
2024-08-19 14:28:25,127500.0,500,Sell,232867052
2024-08-19 14:44:35,127500.0,4200,ATO/ATC,232870656
