time,price,volume,match_type,id
2024-07-31 09:14:37,130000.0,1500,ATO/ATC,227498749
2024-07-31 09:16:47,129500.0,100,Buy,227503026
2024-07-31 09:17:41,128600.0,100,Buy,227505192
2024-07-31 09:20:08,128700.0,100,Sell,227510413
2024-07-31 09:21:06,128700.0,200,Sell,227512792
2024-07-31 09:21:06,128700.0,100,Sell,227512791
2024-07-31 09:23:29,128700.0,100,Sell,227517198
2024-07-31 09:23:29,128700.0,1000,Sell,227517197
2024-07-31 09:23:32,128600.0,200,Sell,227517359
2024-07-31 09:23:32,128600.0,100,Sell,227517363
2024-07-31 09:23:32,128600.0,100,Sell,227517362
2024-07-31 09:23:32,128600.0,300,Sell,227517358
2024-07-31 09:23:32,128600.0,100,Sell,227517360
2024-07-31 09:23:32,128600.0,100,Sell,227517361
2024-07-31 09:23:37,128600.0,100,Buy,227517488
2024-07-31 09:24:08,128700.0,200,Buy,227518458
2024-07-31 09:24:19,128700.0,100,Buy,227518696
2024-07-31 09:25:04,128700.0,100,Buy,227520092
2024-07-31 09:25:04,128700.0,200,Buy,227520093
2024-07-31 09:26:12,128600.0,100,Sell,227521754
2024-07-31 09:26:12,128500.0,300,Sell,227521755
2024-07-31 09:26:12,128500.0,600,Sell,227521756
2024-07-31 09:26:12,128500.0,200,Sell,227521767
2024-07-31 09:26:33,128500.0,200,Sell,227522285
2024-07-31 09:26:33,128500.0,300,Sell,227522284
2024-07-31 09:26:33,128500.0,4200,Sell,227522283
2024-07-31 09:26:44,128000.0,100,Sell,227522692
2024-07-31 09:26:44,128000.0,100,Sell,227522693
2024-07-31 09:26:44,128000.0,100,Sell,227522694
2024-07-31 09:26:44,128000.0,200,Sell,227522695
2024-07-31 09:26:44,128000.0,100,Sell,227522703
2024-07-31 09:26:44,128000.0,100,Sell,227522691
2024-07-31 09:26:45,128000.0,300,Sell,227522796
2024-07-31 09:26:45,128000.0,400,Sell,227522797
2024-07-31 09:26:47,127900.0,500,Sell,227522855
2024-07-31 09:26:47,127900.0,100,Sell,227522856
2024-07-31 09:26:48,127900.0,200,Sell,227522910
2024-07-31 09:26:52,127900.0,100,Buy,227523053
2024-07-31 09:27:01,127900.0,100,Sell,227523281
2024-07-31 09:27:14,128000.0,100,Buy,227523648
2024-07-31 09:27:47,128000.0,100,Sell,227524603
2024-07-31 09:27:47,128000.0,100,Sell,227524602
2024-07-31 09:27:52,128000.0,100,Sell,227524703
2024-07-31 09:29:03,128500.0,300,Buy,227527194
2024-07-31 09:29:03,128500.0,900,Buy,227527195
2024-07-31 09:29:03,128500.0,500,Buy,227527196
2024-07-31 09:29:04,128500.0,300,Sell,227527242
2024-07-31 09:30:26,128500.0,1000,Sell,227530893
2024-07-31 09:30:27,128500.0,200,Sell,227530918
2024-07-31 09:30:28,128500.0,800,Sell,227530924
2024-07-31 09:30:30,128500.0,100,Buy,227530982
2024-07-31 09:30:54,128500.0,100,Buy,227531691
2024-07-31 09:33:47,128600.0,500,Sell,227537013
2024-07-31 09:33:47,128600.0,100,Sell,227537028
2024-07-31 09:33:59,128600.0,400,Sell,227537425
2024-07-31 09:35:15,128600.0,100,Sell,227539932
2024-07-31 09:35:15,128600.0,100,Sell,227539923
2024-07-31 09:35:55,128600.0,400,Sell,227541278
2024-07-31 09:36:15,128900.0,100,Buy,227541786
2024-07-31 09:36:38,128900.0,100,Buy,227542482
2024-07-31 09:37:23,128600.0,100,Sell,227543692
2024-07-31 09:37:32,128500.0,100,Sell,227543991
2024-07-31 09:37:32,128500.0,100,Sell,227543992
2024-07-31 09:37:32,128500.0,200,Sell,227543993
2024-07-31 09:37:55,128500.0,100,Sell,227544675
2024-07-31 09:37:59,128500.0,100,Sell,227544751
2024-07-31 09:37:59,128500.0,200,Sell,227544752
2024-07-31 09:37:59,128500.0,200,Sell,227544753
2024-07-31 09:38:17,128500.0,100,Buy,227545392
2024-07-31 09:41:33,128600.0,100,Buy,227552104
2024-07-31 09:42:32,128200.0,400,Sell,227553909
2024-07-31 09:42:49,128200.0,300,Sell,227554452
2024-07-31 09:43:06,128500.0,600,Buy,227555107
2024-07-31 09:43:06,128500.0,400,Buy,227555106
2024-07-31 09:43:33,128200.0,100,Sell,227555800
2024-07-31 09:43:34,128100.0,100,Sell,227555838
2024-07-31 09:43:34,128100.0,1000,Sell,227555837
2024-07-31 09:43:39,128000.0,500,Sell,227556108
2024-07-31 09:43:39,128000.0,100,Sell,227556109
2024-07-31 09:43:39,128000.0,300,Sell,227556110
2024-07-31 09:43:39,128000.0,500,Sell,227556111
2024-07-31 09:43:39,128000.0,500,Sell,227556112
2024-07-31 09:43:39,128000.0,100,Sell,227556113
2024-07-31 09:43:39,128000.0,100,Sell,227556107
2024-07-31 09:43:41,128000.0,100,Sell,227556184
2024-07-31 09:43:41,128000.0,100,Sell,227556183
2024-07-31 09:43:41,128000.0,100,Sell,227556180
2024-07-31 09:43:41,128000.0,500,Sell,227556182
2024-07-31 09:43:41,128000.0,400,Sell,227556178
2024-07-31 09:43:41,128000.0,500,Sell,227556179
2024-07-31 09:43:41,128000.0,100,Sell,227556175
2024-07-31 09:43:41,128000.0,300,Sell,227556181
2024-07-31 09:43:41,128000.0,100,Sell,227556177
2024-07-31 09:43:41,128000.0,200,Sell,227556176
2024-07-31 09:43:55,128000.0,100,Buy,227556514
2024-07-31 09:43:55,128000.0,100,Buy,227556520
2024-07-31 09:44:24,128000.0,200,Buy,227557394
2024-07-31 09:45:13,128000.0,100,Sell,227558730
2024-07-31 09:45:21,128000.0,100,Sell,227558943
2024-07-31 09:46:06,127500.0,500,Sell,227560089
2024-07-31 09:46:06,127500.0,100,Sell,227560094
2024-07-31 09:46:06,127500.0,500,Sell,227560093
2024-07-31 09:46:06,127500.0,500,Sell,227560092
2024-07-31 09:46:06,127500.0,100,Sell,227560091
2024-07-31 09:46:06,127500.0,500,Sell,227560090
2024-07-31 09:46:06,127600.0,100,Sell,227560088
2024-07-31 09:46:06,127600.0,500,Sell,227560087
2024-07-31 09:46:06,127900.0,100,Sell,227560075
2024-07-31 09:46:06,127900.0,500,Sell,227560076
2024-07-31 09:46:06,127900.0,100,Sell,227560077
2024-07-31 09:46:06,127700.0,200,Sell,227560082
2024-07-31 09:46:06,127800.0,1000,Sell,227560079
2024-07-31 09:46:06,127700.0,500,Sell,227560080
2024-07-31 09:46:06,127700.0,200,Sell,227560081
2024-07-31 09:46:06,127800.0,500,Sell,227560078
2024-07-31 09:46:20,127500.0,200,Buy,227560373
2024-07-31 09:46:25,127500.0,500,Buy,227560451
2024-07-31 09:46:25,127500.0,100,Buy,227560454
2024-07-31 09:46:43,127500.0,1000,Buy,227560750
2024-07-31 09:46:44,127500.0,100,Buy,227560775
2024-07-31 09:46:48,127500.0,300,Buy,227560886
2024-07-31 09:46:50,127500.0,100,Buy,227560926
2024-07-31 09:46:58,127500.0,100,Buy,227561076
2024-07-31 09:47:11,127500.0,300,Buy,227561430
2024-07-31 09:47:13,127500.0,800,Buy,227561468
2024-07-31 09:47:19,127500.0,100,Buy,227561603
2024-07-31 09:47:29,127500.0,300,Buy,227561863
2024-07-31 09:47:57,127500.0,100,Buy,227562462
2024-07-31 09:47:58,127500.0,100,Buy,227562480
2024-07-31 09:48:07,127500.0,200,Buy,227562653
2024-07-31 09:48:09,127400.0,500,Sell,227562704
2024-07-31 09:48:09,127400.0,100,Sell,227562705
2024-07-31 09:48:09,127400.0,100,Sell,227562706
2024-07-31 09:48:09,127400.0,300,Sell,227562707
2024-07-31 09:48:10,127400.0,200,Sell,227562722
2024-07-31 09:48:23,127300.0,500,Sell,227562987
2024-07-31 09:48:23,127300.0,500,Sell,227562988
2024-07-31 09:48:23,127300.0,200,Sell,227562996
2024-07-31 09:48:25,127300.0,300,Sell,227563037
2024-07-31 09:48:25,127300.0,100,Sell,227563038
2024-07-31 09:49:18,127500.0,100,Buy,227563954
2024-07-31 09:49:45,127500.0,300,Buy,227564549
2024-07-31 09:49:46,127500.0,100,Buy,227564578
2024-07-31 09:50:22,127500.0,1000,Buy,227565445
2024-07-31 09:50:44,127500.0,100,Buy,227565881
2024-07-31 09:50:44,127500.0,100,Buy,227565901
2024-07-31 09:50:47,127500.0,200,Buy,227565962
2024-07-31 09:50:55,127500.0,1800,Buy,227566131
2024-07-31 09:51:04,127500.0,100,Buy,227566326
2024-07-31 09:51:12,127500.0,100,Buy,227566503
2024-07-31 09:51:47,127500.0,1000,Buy,227567275
2024-07-31 09:51:49,127400.0,100,Sell,227567310
2024-07-31 09:51:49,127400.0,100,Sell,227567311
2024-07-31 09:51:49,127400.0,300,Sell,227567312
2024-07-31 09:52:16,127400.0,100,Buy,227567815
2024-07-31 09:52:50,127500.0,100,Buy,227568580
2024-07-31 09:53:33,127400.0,100,Sell,227569551
2024-07-31 09:53:52,127500.0,200,Buy,227569895
2024-07-31 09:53:52,127500.0,300,Buy,227569894
2024-07-31 09:53:52,127500.0,200,Buy,227569893
2024-07-31 09:53:52,127500.0,100,Buy,227569890
2024-07-31 09:53:52,127500.0,1100,Buy,227569889
2024-07-31 09:53:52,127500.0,2800,Buy,227569888
2024-07-31 09:53:52,127500.0,200,Buy,227569891
2024-07-31 09:53:52,127500.0,100,Buy,227569892
2024-07-31 09:54:03,127500.0,900,Buy,227570030
2024-07-31 09:54:03,127500.0,200,Buy,227570031
2024-07-31 09:54:03,127500.0,1000,Buy,227570032
2024-07-31 09:54:07,127400.0,1000,Sell,227570098
2024-07-31 09:54:07,127400.0,500,Sell,227570099
2024-07-31 09:54:09,127400.0,200,Buy,227570145
2024-07-31 09:54:21,127400.0,300,Buy,227570440
2024-07-31 09:54:21,127400.0,300,Buy,227570441
2024-07-31 09:54:23,127400.0,100,Sell,227570462
2024-07-31 09:54:44,127500.0,400,Buy,227570849
2024-07-31 09:55:20,127500.0,200,Sell,227571757
2024-07-31 09:55:20,127500.0,400,Sell,227571756
2024-07-31 09:55:20,127600.0,100,Sell,227571754
2024-07-31 09:55:20,127500.0,300,Sell,227571755
2024-07-31 09:55:36,127500.0,200,Buy,227572080
2024-07-31 09:56:03,127500.0,100,Sell,227572739
2024-07-31 09:56:05,127400.0,200,Sell,227572779
2024-07-31 09:56:05,127400.0,200,Sell,227572780
2024-07-31 09:56:05,127400.0,300,Sell,227572781
2024-07-31 09:56:05,127400.0,100,Sell,227572782
2024-07-31 09:56:05,127500.0,400,Buy,227572792
2024-07-31 09:56:06,127500.0,100,Sell,227572796
2024-07-31 09:56:13,127500.0,100,Buy,227572923
2024-07-31 09:56:23,127500.0,100,Buy,227573202
2024-07-31 09:57:21,127700.0,100,Sell,227574747
2024-07-31 09:58:49,127900.0,100,Buy,227576588
2024-07-31 10:00:11,127900.0,100,Buy,227578621
2024-07-31 10:02:42,127600.0,100,Sell,227581954
2024-07-31 10:02:43,127600.0,100,Sell,227582010
2024-07-31 10:03:40,127600.0,100,Sell,227583369
2024-07-31 10:03:41,127500.0,200,Sell,227583404
2024-07-31 10:03:41,127500.0,100,Sell,227583405
2024-07-31 10:03:41,127500.0,200,Sell,227583406
2024-07-31 10:03:41,127500.0,2400,Sell,227583407
2024-07-31 10:03:42,127600.0,100,Sell,227583429
2024-07-31 10:03:42,127500.0,600,Sell,227583430
2024-07-31 10:03:42,127500.0,100,Sell,227583431
2024-07-31 10:03:42,127500.0,100,Sell,227583432
2024-07-31 10:03:42,127500.0,100,Sell,227583451
2024-07-31 10:03:44,127400.0,100,Sell,227583468
2024-07-31 10:03:44,127400.0,2000,Sell,227583469
2024-07-31 10:03:44,127400.0,100,Sell,227583470
2024-07-31 10:03:44,127400.0,100,Sell,227583471
2024-07-31 10:04:22,127400.0,200,Buy,227584369
2024-07-31 10:04:45,127400.0,100,Buy,227584849
2024-07-31 10:05:16,127300.0,100,Sell,227585553
2024-07-31 10:05:53,127400.0,100,Buy,227586737
2024-07-31 10:05:53,127400.0,100,Buy,227586738
2024-07-31 10:06:07,127400.0,100,Buy,227587103
2024-07-31 10:06:28,127300.0,1000,Sell,227587886
2024-07-31 10:06:28,127300.0,1400,Sell,227587887
2024-07-31 10:06:28,127300.0,100,Sell,227587888
2024-07-31 10:06:28,127300.0,100,Sell,227587889
2024-07-31 10:06:28,127300.0,100,Sell,227587890
2024-07-31 10:06:30,127200.0,300,Sell,227587966
2024-07-31 10:06:30,127200.0,200,Sell,227587987
2024-07-31 10:06:30,127200.0,100,Sell,227587988
2024-07-31 10:06:30,127200.0,100,Sell,227587989
2024-07-31 10:06:36,127300.0,100,Buy,227588125
2024-07-31 10:06:40,127200.0,800,Sell,227588200
2024-07-31 10:06:47,127200.0,100,Buy,227588344
2024-07-31 10:06:53,127200.0,300,Sell,227588497
2024-07-31 10:07:02,127000.0,100,Sell,227588733
2024-07-31 10:07:02,127000.0,100,Sell,227588732
2024-07-31 10:07:02,127000.0,200,Sell,227588731
2024-07-31 10:07:02,127000.0,300,Sell,227588720
2024-07-31 10:07:02,127000.0,100,Sell,227588719
2024-07-31 10:07:02,127000.0,100,Sell,227588718
2024-07-31 10:07:02,127000.0,100,Sell,227588717
2024-07-31 10:07:02,127000.0,500,Sell,227588716
2024-07-31 10:07:02,127000.0,100,Sell,227588715
2024-07-31 10:07:02,127000.0,200,Sell,227588714
2024-07-31 10:07:02,127000.0,200,Sell,227588711
2024-07-31 10:07:02,127000.0,800,Sell,227588734
2024-07-31 10:07:02,127000.0,100,Sell,227588710
2024-07-31 10:07:02,127000.0,100,Sell,227588713
2024-07-31 10:07:02,127000.0,100,Sell,227588708
2024-07-31 10:07:02,127000.0,100,Sell,227588709
2024-07-31 10:07:02,127200.0,100,Sell,227588695
2024-07-31 10:07:02,127100.0,500,Sell,227588696
2024-07-31 10:07:02,127100.0,100,Sell,227588697
2024-07-31 10:07:02,127000.0,500,Sell,227588698
2024-07-31 10:07:02,127000.0,200,Sell,227588699
2024-07-31 10:07:02,127000.0,500,Sell,227588700
2024-07-31 10:07:02,127000.0,300,Sell,227588712
2024-07-31 10:07:02,127000.0,100,Sell,227588702
2024-07-31 10:07:02,127000.0,100,Sell,227588703
2024-07-31 10:07:02,127000.0,500,Sell,227588704
2024-07-31 10:07:02,127000.0,100,Sell,227588705
2024-07-31 10:07:02,127000.0,500,Sell,227588706
2024-07-31 10:07:02,127000.0,100,Sell,227588701
2024-07-31 10:07:02,127000.0,400,Sell,227588707
2024-07-31 10:07:03,127000.0,200,Sell,227588742
2024-07-31 10:07:03,127000.0,500,Sell,227588743
2024-07-31 10:07:05,126900.0,500,Sell,227588776
2024-07-31 10:07:05,126900.0,100,Sell,227588777
2024-07-31 10:07:17,126900.0,100,Buy,227589019
2024-07-31 10:07:29,126800.0,500,Sell,227589298
2024-07-31 10:07:29,126800.0,200,Sell,227589299
2024-07-31 10:08:02,126800.0,100,Buy,227590068
2024-07-31 10:08:02,126800.0,100,Buy,227590069
2024-07-31 10:08:09,126900.0,100,Buy,227590222
2024-07-31 10:08:14,126900.0,300,Buy,227590378
2024-07-31 10:08:19,126800.0,100,Sell,227590452
2024-07-31 10:08:19,126700.0,300,Sell,227590453
2024-07-31 10:08:52,126900.0,200,Buy,227591100
2024-07-31 10:09:02,126900.0,100,Buy,227591350
2024-07-31 10:09:02,126900.0,100,Buy,227591360
2024-07-31 10:09:03,126900.0,200,Buy,227591365
2024-07-31 10:09:59,126900.0,100,Sell,227592732
2024-07-31 10:10:44,127000.0,100,Buy,227593633
2024-07-31 10:10:48,127000.0,100,Buy,227593720
2024-07-31 10:11:00,127000.0,100,Buy,227593956
2024-07-31 10:13:19,127000.0,400,Sell,227596861
2024-07-31 10:13:19,127000.0,100,Sell,227596860
2024-07-31 10:13:21,127000.0,100,Sell,227596891
2024-07-31 10:16:21,127100.0,100,Sell,227600760
2024-07-31 10:16:31,127100.0,300,Sell,227601072
2024-07-31 10:18:17,127300.0,1000,Buy,227603329
2024-07-31 10:18:27,127300.0,100,Buy,227603542
2024-07-31 10:18:49,127300.0,100,Buy,227603976
2024-07-31 10:19:00,127300.0,100,Buy,227604164
2024-07-31 10:19:20,127300.0,100,Buy,227604629
2024-07-31 10:19:52,127300.0,400,Buy,227605183
2024-07-31 10:20:19,127300.0,100,Buy,227605705
2024-07-31 10:20:58,127300.0,300,Buy,227606479
2024-07-31 10:20:58,127300.0,500,Buy,227606480
2024-07-31 10:20:58,127300.0,700,Buy,227606481
2024-07-31 10:21:00,127300.0,200,Buy,227606508
2024-07-31 10:21:07,127300.0,300,Buy,227606612
2024-07-31 10:21:16,127000.0,200,Sell,227606802
2024-07-31 10:21:16,127000.0,100,Sell,227606803
2024-07-31 10:21:16,127000.0,100,Sell,227606816
2024-07-31 10:21:16,127000.0,900,Sell,227606805
2024-07-31 10:21:16,127000.0,100,Sell,227606815
2024-07-31 10:21:16,127000.0,200,Sell,227606801
2024-07-31 10:21:16,127000.0,1400,Sell,227606804
2024-07-31 10:21:16,127000.0,100,Sell,227606800
2024-07-31 10:21:16,127000.0,100,Sell,227606796
2024-07-31 10:21:16,127000.0,6000,Sell,227606798
2024-07-31 10:21:16,127000.0,100,Sell,227606797
2024-07-31 10:21:16,127000.0,300,Sell,227606817
2024-07-31 10:21:16,127100.0,100,Sell,227606794
2024-07-31 10:21:16,127100.0,100,Sell,227606793
2024-07-31 10:21:16,127100.0,100,Sell,227606792
2024-07-31 10:21:16,127100.0,200,Sell,227606791
2024-07-31 10:21:16,127000.0,300,Sell,227606799
2024-07-31 10:21:16,127100.0,100,Sell,227606795
2024-07-31 10:21:19,126900.0,200,Sell,227606888
2024-07-31 10:21:19,126900.0,100,Sell,227606886
2024-07-31 10:21:19,126900.0,100,Sell,227606887
2024-07-31 10:21:46,127000.0,200,Buy,227607416
2024-07-31 10:21:59,127000.0,1000,Buy,227607605
2024-07-31 10:22:04,127000.0,100,Buy,227607675
2024-07-31 10:22:08,127000.0,100,Buy,227607747
2024-07-31 10:22:16,127000.0,100,Buy,227607878
2024-07-31 10:22:16,127000.0,100,Buy,227607879
2024-07-31 10:22:45,127000.0,100,Buy,227608424
2024-07-31 10:22:46,127000.0,100,Buy,227608438
2024-07-31 10:22:49,126900.0,200,Sell,227608508
2024-07-31 10:22:49,126900.0,300,Sell,227608510
2024-07-31 10:22:49,126900.0,1000,Sell,227608511
2024-07-31 10:22:49,126900.0,200,Sell,227608521
2024-07-31 10:22:56,126800.0,100,Sell,227608653
2024-07-31 10:22:56,126800.0,200,Sell,227608654
2024-07-31 10:22:56,126900.0,100,Buy,227608637
2024-07-31 10:22:56,126800.0,100,Sell,227608652
2024-07-31 10:22:57,127000.0,200,Buy,227608672
2024-07-31 10:22:57,127000.0,300,Buy,227608674
2024-07-31 10:23:24,127000.0,100,Buy,227609117
2024-07-31 10:23:24,127000.0,100,Buy,227609118
2024-07-31 10:23:34,126900.0,100,Sell,227609257
2024-07-31 10:23:35,126800.0,1000,Sell,227609296
2024-07-31 10:23:35,126800.0,100,Sell,227609295
2024-07-31 10:23:35,126800.0,100,Sell,227609294
2024-07-31 10:23:35,126800.0,800,Sell,227609292
2024-07-31 10:23:35,126800.0,500,Sell,227609293
2024-07-31 10:23:42,126800.0,300,Buy,227609400
2024-07-31 10:23:47,126800.0,100,Buy,227609488
2024-07-31 10:23:48,126800.0,100,Buy,227609500
2024-07-31 10:24:00,126800.0,900,Sell,227609921
2024-07-31 10:24:00,126800.0,100,Sell,227609922
2024-07-31 10:24:03,126800.0,100,Buy,227609976
2024-07-31 10:24:11,126800.0,100,Buy,227610095
2024-07-31 10:24:31,126800.0,200,Buy,227610562
2024-07-31 10:24:31,126800.0,200,Sell,227610571
2024-07-31 10:24:31,126800.0,1300,Buy,227610501
2024-07-31 10:24:31,126800.0,200,Buy,227610563
2024-07-31 10:24:32,126800.0,100,Sell,227610583
2024-07-31 10:24:34,126800.0,400,Sell,227610597
2024-07-31 10:26:10,127000.0,100,Buy,227612718
2024-07-31 10:26:10,127000.0,100,Buy,227612719
2024-07-31 10:26:24,127000.0,200,Buy,227612936
2024-07-31 10:26:27,127000.0,100,Buy,227612986
2024-07-31 10:26:43,127000.0,100,Buy,227613216
2024-07-31 10:26:57,127100.0,100,Buy,227613435
2024-07-31 10:27:55,127100.0,900,Buy,227614393
2024-07-31 10:27:55,127100.0,100,Buy,227614394
2024-07-31 10:27:58,127100.0,200,Buy,227614444
2024-07-31 10:29:19,127100.0,200,Sell,227615793
2024-07-31 10:29:19,127100.0,7800,Sell,227615794
2024-07-31 10:29:19,127100.0,100,Sell,227615795
2024-07-31 10:29:19,127100.0,1000,Sell,227615796
2024-07-31 10:29:20,127000.0,300,Sell,227615805
2024-07-31 10:29:21,127000.0,100,Sell,227615814
2024-07-31 10:29:21,127000.0,100,Sell,227615815
2024-07-31 10:29:21,127000.0,100,Sell,227615816
2024-07-31 10:29:21,127000.0,100,Sell,227615813
2024-07-31 10:29:44,127000.0,100,Sell,227616200
2024-07-31 10:29:45,126900.0,100,Sell,227616204
2024-07-31 10:29:57,127000.0,1000,Sell,227616474
2024-07-31 10:30:37,126900.0,500,Sell,227617578
2024-07-31 10:30:39,126900.0,100,Buy,227617619
2024-07-31 10:30:39,127000.0,200,Buy,227617620
2024-07-31 10:30:39,127000.0,400,Buy,227617621
2024-07-31 10:30:39,127000.0,1300,Buy,227617622
2024-07-31 10:30:40,126800.0,100,Sell,227617629
2024-07-31 10:30:40,126800.0,300,Sell,227617630
2024-07-31 10:31:44,126900.0,500,Sell,227618700
2024-07-31 10:31:44,126900.0,100,Sell,227618699
2024-07-31 10:32:05,126900.0,100,Buy,227619030
2024-07-31 10:32:07,126800.0,400,Sell,227619066
2024-07-31 10:32:50,127000.0,100,Buy,227619789
2024-07-31 10:33:20,127000.0,100,Buy,227620194
2024-07-31 10:33:20,126900.0,500,Sell,227620198
2024-07-31 10:33:22,126800.0,1600,Sell,227620210
2024-07-31 10:33:22,126800.0,300,Sell,227620225
2024-07-31 10:33:23,126800.0,400,Sell,227620233
2024-07-31 10:33:23,126800.0,200,Sell,227620234
2024-07-31 10:33:23,126800.0,300,Sell,227620235
2024-07-31 10:33:23,126800.0,200,Sell,227620236
2024-07-31 10:33:23,126800.0,500,Sell,227620237
2024-07-31 10:33:24,126800.0,100,Sell,227620257
2024-07-31 10:33:24,126800.0,100,Sell,227620256
2024-07-31 10:33:24,126800.0,100,Sell,227620255
2024-07-31 10:33:24,126800.0,100,Sell,227620254
2024-07-31 10:33:24,126800.0,100,Sell,227620252
2024-07-31 10:33:24,126800.0,1000,Sell,227620250
2024-07-31 10:33:24,126800.0,100,Sell,227620249
2024-07-31 10:33:24,126800.0,500,Sell,227620248
2024-07-31 10:33:24,126800.0,100,Sell,227620253
2024-07-31 10:33:24,126800.0,400,Sell,227620251
2024-07-31 10:33:27,126700.0,200,Sell,227620341
2024-07-31 10:33:27,126700.0,800,Sell,227620342
2024-07-31 10:33:28,126700.0,200,Sell,227620353
2024-07-31 10:33:29,126800.0,200,Buy,227620361
2024-07-31 10:33:43,126800.0,100,Buy,227620617
2024-07-31 10:34:01,126800.0,100,Buy,227620920
2024-07-31 10:34:02,126800.0,100,Buy,227620924
2024-07-31 10:34:03,126800.0,200,Buy,227620967
2024-07-31 10:34:05,126800.0,100,Buy,227621004
2024-07-31 10:34:28,126900.0,100,Buy,227621410
2024-07-31 10:35:14,126900.0,100,Buy,227622430
2024-07-31 10:35:44,126900.0,300,Buy,227623014
2024-07-31 10:36:29,126900.0,400,Buy,227623923
2024-07-31 10:36:29,126900.0,600,Buy,227623922
2024-07-31 10:36:38,126900.0,200,Buy,227624072
2024-07-31 10:36:38,126900.0,100,Buy,227624071
2024-07-31 10:37:24,127000.0,100,Buy,227624845
2024-07-31 10:38:27,127000.0,200,Buy,227626591
2024-07-31 10:38:27,127000.0,100,Buy,227626592
2024-07-31 10:38:42,127000.0,1500,Buy,227626843
2024-07-31 10:39:36,127000.0,100,Buy,227628268
2024-07-31 10:39:37,127000.0,100,Buy,227628300
2024-07-31 10:42:02,127000.0,200,Buy,227630937
2024-07-31 10:42:10,127000.0,700,Buy,227631205
2024-07-31 10:42:52,127000.0,100,Buy,227632027
2024-07-31 10:42:58,126900.0,100,Sell,227632137
2024-07-31 10:43:05,127000.0,700,Buy,227632233
2024-07-31 10:43:24,126900.0,300,Sell,227632612
2024-07-31 10:43:24,126900.0,200,Sell,227632613
2024-07-31 10:43:25,126900.0,100,Sell,227632627
2024-07-31 10:43:32,127000.0,100,Buy,227632795
2024-07-31 10:45:22,127000.0,200,Buy,227635206
2024-07-31 10:45:37,127000.0,200,Buy,227635552
2024-07-31 10:45:49,126900.0,100,Sell,227635777
2024-07-31 10:47:03,127000.0,500,Buy,227637298
2024-07-31 10:47:48,127000.0,100,Buy,227638268
2024-07-31 10:47:49,127000.0,100,Buy,227638281
2024-07-31 10:47:54,127000.0,300,Buy,227638451
2024-07-31 10:47:54,127000.0,1000,Buy,227638452
2024-07-31 10:47:54,127000.0,300,Buy,227638453
2024-07-31 10:47:54,127000.0,100,Buy,227638454
2024-07-31 10:47:54,127000.0,100,Buy,227638455
2024-07-31 10:47:54,127000.0,500,Buy,227638456
2024-07-31 10:47:54,127000.0,100,Buy,227638457
2024-07-31 10:47:54,127000.0,400,Sell,227638470
2024-07-31 10:49:07,127000.0,200,Sell,227640624
2024-07-31 10:49:20,127000.0,500,Sell,227640922
2024-07-31 10:49:20,127000.0,1500,Sell,227640921
2024-07-31 10:49:20,127000.0,500,Sell,227640912
2024-07-31 10:49:25,127000.0,100,Buy,227641001
2024-07-31 10:49:28,127000.0,100,Buy,227641071
2024-07-31 10:49:31,127000.0,300,Buy,227641166
2024-07-31 10:49:33,127000.0,100,Sell,227641209
2024-07-31 10:50:24,127000.0,100,Sell,227642148
2024-07-31 10:50:27,127100.0,900,Buy,227642272
2024-07-31 10:50:27,127100.0,1800,Buy,227642273
2024-07-31 10:50:27,127100.0,1000,Buy,227642274
2024-07-31 10:50:27,127100.0,300,Buy,227642275
2024-07-31 10:50:28,127100.0,1000,Sell,227642295
2024-07-31 10:50:37,127100.0,1000,Buy,227642530
2024-07-31 10:51:44,127100.0,200,Buy,227644820
2024-07-31 10:52:28,127100.0,100,Sell,227645787
2024-07-31 10:52:33,127200.0,500,Buy,227645936
2024-07-31 10:52:33,127200.0,4500,Buy,227645937
2024-07-31 10:53:17,127200.0,200,Buy,227647073
2024-07-31 10:53:39,127200.0,1000,Buy,227647792
2024-07-31 10:53:39,127300.0,300,Buy,227647793
2024-07-31 10:53:39,127200.0,300,Buy,227647791
2024-07-31 10:54:42,127300.0,700,Buy,227649587
2024-07-31 10:54:53,127200.0,500,Sell,227649996
2024-07-31 10:55:18,127200.0,500,Sell,227650755
2024-07-31 10:55:19,127100.0,500,Sell,227650757
2024-07-31 10:59:54,127300.0,100,Buy,227657357
2024-07-31 11:00:32,127300.0,300,Buy,227657975
2024-07-31 11:00:57,127300.0,100,Buy,227658460
2024-07-31 11:01:27,127300.0,200,Buy,227659123
2024-07-31 11:03:20,127300.0,100,Buy,227661129
2024-07-31 11:04:22,127300.0,200,Buy,227662576
2024-07-31 11:05:40,127200.0,100,Sell,227664265
2024-07-31 11:05:40,127200.0,200,Sell,227664264
2024-07-31 11:05:40,127200.0,600,Sell,227664263
2024-07-31 11:05:52,127100.0,2000,Sell,227664465
2024-07-31 11:05:59,127100.0,1000,Sell,227664650
2024-07-31 11:11:17,127200.0,100,Buy,227669670
2024-07-31 11:11:42,127200.0,100,Buy,227670084
2024-07-31 11:12:20,127100.0,500,Sell,227670628
2024-07-31 11:12:23,127200.0,500,Buy,227670682
2024-07-31 11:13:11,127200.0,400,Buy,227671376
2024-07-31 11:13:12,127200.0,200,Buy,227671383
2024-07-31 11:13:30,127200.0,100,Buy,227671656
2024-07-31 11:13:53,127100.0,500,Sell,227671954
2024-07-31 11:16:23,127100.0,300,Sell,227674174
2024-07-31 11:17:25,127000.0,1000,Sell,227675167
2024-07-31 11:17:25,127000.0,100,Sell,227675166
2024-07-31 11:17:25,127000.0,200,Sell,227675165
2024-07-31 11:17:25,127000.0,100,Sell,227675164
2024-07-31 11:17:25,127000.0,100,Sell,227675163
2024-07-31 11:17:25,127000.0,1000,Sell,227675162
2024-07-31 11:17:25,127000.0,100,Sell,227675161
2024-07-31 11:17:25,127000.0,100,Sell,227675160
2024-07-31 11:17:25,127000.0,500,Sell,227675157
2024-07-31 11:17:25,127000.0,1000,Sell,227675158
2024-07-31 11:17:25,127100.0,200,Sell,227675155
2024-07-31 11:17:25,127100.0,100,Sell,227675154
2024-07-31 11:17:25,127100.0,200,Sell,227675153
2024-07-31 11:17:25,127100.0,500,Sell,227675152
2024-07-31 11:17:25,127100.0,300,Sell,227675151
2024-07-31 11:17:25,127100.0,200,Sell,227675150
2024-07-31 11:17:25,127000.0,700,Sell,227675159
2024-07-31 11:17:25,127100.0,100,Sell,227675156
2024-07-31 11:18:53,127000.0,500,Buy,227676539
2024-07-31 11:20:36,127000.0,500,Buy,227678167
2024-07-31 11:20:48,127000.0,100,Buy,227678299
2024-07-31 11:21:00,127000.0,500,Buy,227678442
2024-07-31 11:21:07,127000.0,1000,Buy,227678513
2024-07-31 11:21:43,127000.0,100,Buy,227679047
2024-07-31 11:22:36,127000.0,100,Buy,227679904
2024-07-31 11:22:55,127000.0,700,Buy,227680165
2024-07-31 11:22:55,127000.0,1300,Buy,227680166
2024-07-31 11:23:25,127000.0,100,Buy,227680601
2024-07-31 11:23:25,127000.0,300,Buy,227680602
2024-07-31 11:23:33,127000.0,1700,Buy,227680701
2024-07-31 11:23:33,127000.0,100,Buy,227680702
2024-07-31 11:23:33,127000.0,100,Buy,227680703
2024-07-31 11:23:33,127000.0,100,Buy,227680704
2024-07-31 11:24:23,127000.0,100,Buy,227681432
2024-07-31 11:24:31,127000.0,300,Buy,227681599
2024-07-31 11:24:38,127000.0,100,Buy,227681696
2024-07-31 11:26:13,127000.0,400,Buy,227683155
2024-07-31 11:26:13,127000.0,200,Buy,227683156
2024-07-31 11:27:36,127000.0,1000,Buy,227684175
2024-07-31 11:27:57,127000.0,100,Buy,227684397
2024-07-31 11:28:20,127000.0,100,Buy,227684679
2024-07-31 11:29:01,126900.0,100,Sell,227685213
2024-07-31 11:29:01,126900.0,200,Sell,227685214
2024-07-31 11:29:01,126900.0,200,Sell,227685215
2024-07-31 11:29:01,126900.0,5000,Sell,227685216
2024-07-31 11:29:01,126900.0,500,Sell,227685217
2024-07-31 11:29:01,126900.0,500,Sell,227685228
2024-07-31 11:29:02,126900.0,500,Sell,227685230
2024-07-31 11:29:02,126900.0,700,Sell,227685231
2024-07-31 11:29:03,126900.0,300,Sell,227685249
2024-07-31 11:29:11,126900.0,600,Sell,227685440
2024-07-31 11:29:12,126900.0,400,Sell,227685465
2024-07-31 11:29:12,126900.0,100,Sell,227685466
2024-07-31 11:29:12,126900.0,100,Sell,227685467
2024-07-31 12:59:40,126900.0,100,Buy,227687779
2024-07-31 12:59:41,126900.0,100,Buy,227688017
2024-07-31 12:59:43,126900.0,500,Buy,227688725
2024-07-31 12:59:43,126800.0,2600,Sell,227688722
2024-07-31 12:59:43,126800.0,500,Sell,227688721
2024-07-31 12:59:43,126900.0,100,Sell,227688716
2024-07-31 12:59:43,126800.0,200,Sell,227688719
2024-07-31 12:59:43,126800.0,200,Sell,227688717
2024-07-31 12:59:43,126800.0,400,Sell,227688720
2024-07-31 12:59:43,126800.0,1000,Sell,227688718
2024-07-31 12:59:48,126900.0,100,Buy,227689753
2024-07-31 12:59:48,126800.0,200,Sell,227689754
2024-07-31 12:59:51,126800.0,500,Sell,227690172
2024-07-31 13:00:50,126900.0,100,Sell,227692857
2024-07-31 13:00:50,126900.0,100,Sell,227692858
2024-07-31 13:00:50,126900.0,100,Sell,227692859
2024-07-31 13:00:50,126900.0,100,Sell,227692860
2024-07-31 13:00:50,126800.0,200,Sell,227692861
2024-07-31 13:02:03,126900.0,100,Sell,227694629
2024-07-31 13:02:03,126900.0,100,Sell,227694630
2024-07-31 13:02:03,126800.0,100,Sell,227694631
2024-07-31 13:02:03,126800.0,200,Sell,227694632
2024-07-31 13:02:03,126800.0,100,Sell,227694633
2024-07-31 13:02:59,126800.0,100,Sell,227695799
2024-07-31 13:03:15,126800.0,400,Sell,227696324
2024-07-31 13:03:15,126800.0,100,Sell,227696323
2024-07-31 13:03:15,126800.0,100,Sell,227696322
2024-07-31 13:03:52,126900.0,100,Buy,227697253
2024-07-31 13:03:53,126800.0,100,Sell,227697279
2024-07-31 13:03:56,126900.0,100,Buy,227697349
2024-07-31 13:04:10,126900.0,300,Buy,227697636
2024-07-31 13:04:13,126900.0,500,Buy,227697696
2024-07-31 13:04:27,126900.0,500,Sell,227697980
2024-07-31 13:04:31,126900.0,100,Buy,227698044
2024-07-31 13:05:40,126900.0,400,Sell,227699782
2024-07-31 13:05:40,126900.0,200,Sell,227699783
2024-07-31 13:06:18,127000.0,300,Buy,227700761
2024-07-31 13:06:25,127000.0,3100,Buy,227700966
2024-07-31 13:06:33,127000.0,100,Buy,227701187
2024-07-31 13:06:51,126900.0,200,Sell,227701616
2024-07-31 13:06:52,126900.0,100,Sell,227701648
2024-07-31 13:06:52,126900.0,100,Sell,227701649
2024-07-31 13:07:00,126900.0,100,Buy,227701891
2024-07-31 13:07:27,126900.0,100,Buy,227702597
2024-07-31 13:07:47,126900.0,200,Buy,227703186
2024-07-31 13:08:03,126900.0,200,Buy,227703864
2024-07-31 13:08:06,126900.0,100,Buy,227703944
2024-07-31 13:08:17,126900.0,200,Buy,227704267
2024-07-31 13:09:07,126900.0,100,Buy,227705566
2024-07-31 13:09:30,126800.0,900,Sell,227706148
2024-07-31 13:09:30,126800.0,200,Sell,227706147
2024-07-31 13:09:30,126800.0,100,Sell,227706145
2024-07-31 13:09:30,126800.0,100,Sell,227706146
2024-07-31 13:09:30,126800.0,100,Sell,227706143
2024-07-31 13:09:30,126800.0,100,Sell,227706142
2024-07-31 13:09:30,126800.0,300,Sell,227706141
2024-07-31 13:09:30,126800.0,300,Sell,227706140
2024-07-31 13:09:30,126800.0,100,Sell,227706144
2024-07-31 13:09:31,126800.0,200,Sell,227706171
2024-07-31 13:09:31,126800.0,100,Sell,227706172
2024-07-31 13:09:31,126800.0,200,Sell,227706169
2024-07-31 13:09:31,126800.0,100,Sell,227706168
2024-07-31 13:09:31,126800.0,200,Sell,227706170
2024-07-31 13:10:17,126800.0,300,Buy,227707368
2024-07-31 13:10:30,126800.0,600,Sell,227707730
2024-07-31 13:10:40,126800.0,100,Sell,227708018
2024-07-31 13:11:04,126900.0,100,Buy,227708654
2024-07-31 13:11:40,126900.0,100,Buy,227709628
2024-07-31 13:11:40,126900.0,400,Buy,227709629
2024-07-31 13:11:53,126900.0,200,Buy,227709954
2024-07-31 13:12:22,126900.0,100,Buy,227710820
2024-07-31 13:13:08,126900.0,100,Buy,227711949
2024-07-31 13:14:21,126900.0,500,Buy,227713623
2024-07-31 13:14:26,126900.0,100,Buy,227713724
2024-07-31 13:15:00,126900.0,100,Buy,227714698
2024-07-31 13:15:22,126800.0,100,Sell,227715531
2024-07-31 13:15:22,126800.0,100,Sell,227715530
2024-07-31 13:15:22,126800.0,200,Sell,227715529
2024-07-31 13:15:22,126900.0,300,Buy,227715524
2024-07-31 13:15:22,126800.0,600,Sell,227715527
2024-07-31 13:15:22,126800.0,500,Sell,227715526
2024-07-31 13:15:22,126800.0,300,Sell,227715525
2024-07-31 13:15:22,126800.0,100,Sell,227715528
2024-07-31 13:15:40,126700.0,300,Sell,227716104
2024-07-31 13:15:40,126700.0,200,Sell,227716103
2024-07-31 13:15:40,126700.0,100,Sell,227716101
2024-07-31 13:15:40,126700.0,100,Sell,227716100
2024-07-31 13:15:40,126700.0,300,Sell,227716102
2024-07-31 13:15:40,126700.0,100,Sell,227716098
2024-07-31 13:15:40,126700.0,500,Sell,227716099
2024-07-31 13:15:40,126700.0,100,Sell,227716097
2024-07-31 13:15:40,126700.0,1000,Sell,227716096
2024-07-31 13:15:40,126700.0,100,Sell,227716095
2024-07-31 13:15:41,126700.0,200,Sell,227716111
2024-07-31 13:15:43,126700.0,100,Sell,227716182
2024-07-31 13:15:43,126700.0,500,Sell,227716183
2024-07-31 13:15:43,126700.0,500,Sell,227716185
2024-07-31 13:15:43,126700.0,500,Sell,227716186
2024-07-31 13:15:43,126700.0,100,Sell,227716187
2024-07-31 13:15:43,126700.0,400,Sell,227716188
2024-07-31 13:15:43,126700.0,200,Sell,227716189
2024-07-31 13:15:43,126700.0,100,Sell,227716181
2024-07-31 13:15:43,126700.0,300,Sell,227716184
2024-07-31 13:15:46,126600.0,1000,Sell,227716284
2024-07-31 13:15:46,126600.0,700,Sell,227716286
2024-07-31 13:15:46,126600.0,100,Sell,227716285
2024-07-31 13:15:46,126600.0,300,Sell,227716283
2024-07-31 13:15:46,126600.0,500,Sell,227716281
2024-07-31 13:15:46,126600.0,500,Sell,227716280
2024-07-31 13:15:46,126600.0,500,Sell,227716279
2024-07-31 13:15:46,126600.0,200,Sell,227716282
2024-07-31 13:15:58,126700.0,2300,Buy,227716725
2024-07-31 13:15:59,126700.0,1100,Sell,227716731
2024-07-31 13:16:31,126700.0,600,Sell,227717611
2024-07-31 13:16:58,126800.0,100,Buy,227718452
2024-07-31 13:17:27,126800.0,300,Sell,227719220
2024-07-31 13:17:43,126800.0,400,Sell,227719707
2024-07-31 13:17:43,126800.0,200,Sell,227719708
2024-07-31 13:18:09,126800.0,200,Sell,227720426
2024-07-31 13:18:25,126800.0,500,Sell,227720873
2024-07-31 13:18:25,126800.0,500,Sell,227720874
2024-07-31 13:18:37,126800.0,500,Sell,227721153
2024-07-31 13:18:40,126800.0,1000,Sell,227721229
2024-07-31 13:18:50,126800.0,200,Buy,227721572
2024-07-31 13:20:22,126700.0,100,Sell,227724701
2024-07-31 13:20:22,126700.0,100,Sell,227724702
2024-07-31 13:20:22,126700.0,100,Sell,227724703
2024-07-31 13:20:22,126700.0,300,Sell,227724704
2024-07-31 13:20:22,126700.0,1000,Sell,227724700
2024-07-31 13:20:26,126700.0,200,Sell,227724762
2024-07-31 13:20:26,126700.0,100,Sell,227724763
2024-07-31 13:21:31,126700.0,200,Buy,227726690
2024-07-31 13:21:44,126700.0,400,Buy,227727068
2024-07-31 13:22:12,126600.0,1000,Sell,227727988
2024-07-31 13:22:12,126600.0,1000,Sell,227727987
2024-07-31 13:22:12,126600.0,400,Sell,227727986
2024-07-31 13:22:12,126600.0,100,Sell,227727985
2024-07-31 13:22:12,126600.0,100,Sell,227727984
2024-07-31 13:22:12,126600.0,100,Sell,227727983
2024-07-31 13:22:12,126600.0,1000,Sell,227727981
2024-07-31 13:22:12,126600.0,100,Sell,227727980
2024-07-31 13:22:12,126700.0,100,Sell,227727975
2024-07-31 13:22:12,126700.0,100,Sell,227727976
2024-07-31 13:22:12,126600.0,100,Sell,227727982
2024-07-31 13:22:12,126600.0,100,Sell,227727978
2024-07-31 13:22:12,126600.0,100,Sell,227727979
2024-07-31 13:22:12,126600.0,200,Sell,227727977
2024-07-31 13:22:16,126600.0,500,Buy,227728078
2024-07-31 13:22:51,126500.0,100,Sell,227729107
2024-07-31 13:22:51,126500.0,100,Sell,227729106
2024-07-31 13:22:51,126500.0,600,Sell,227729105
2024-07-31 13:22:51,126500.0,200,Sell,227729108
2024-07-31 13:22:51,126500.0,1000,Sell,227729103
2024-07-31 13:22:51,126500.0,100,Sell,227729102
2024-07-31 13:22:51,126500.0,500,Sell,227729101
2024-07-31 13:22:51,126500.0,100,Sell,227729104
2024-07-31 13:22:57,126500.0,1600,Sell,227729270
2024-07-31 13:22:57,126500.0,200,Sell,227729283
2024-07-31 13:22:57,126500.0,200,Sell,227729281
2024-07-31 13:22:57,126500.0,100,Sell,227729280
2024-07-31 13:22:57,126500.0,100,Sell,227729279
2024-07-31 13:22:57,126500.0,200,Sell,227729278
2024-07-31 13:22:57,126500.0,100,Sell,227729277
2024-07-31 13:22:57,126500.0,200,Sell,227729271
2024-07-31 13:22:57,126500.0,100,Sell,227729269
2024-07-31 13:22:57,126500.0,600,Sell,227729284
2024-07-31 13:22:57,126500.0,300,Sell,227729267
2024-07-31 13:22:57,126500.0,5000,Sell,227729268
2024-07-31 13:22:57,126500.0,100,Sell,227729259
2024-07-31 13:22:57,126500.0,100,Sell,227729260
2024-07-31 13:22:57,126500.0,100,Sell,227729261
2024-07-31 13:22:57,126500.0,100,Sell,227729282
2024-07-31 13:22:57,126500.0,500,Sell,227729263
2024-07-31 13:22:57,126500.0,500,Sell,227729262
2024-07-31 13:22:57,126500.0,100,Sell,227729264
2024-07-31 13:22:57,126500.0,100,Sell,227729265
2024-07-31 13:22:57,126500.0,100,Sell,227729266
2024-07-31 13:22:58,126500.0,1400,Sell,227729295
2024-07-31 13:22:58,126500.0,100,Sell,227729296
2024-07-31 13:23:10,126400.0,500,Sell,227729582
2024-07-31 13:23:10,126400.0,800,Sell,227729583
2024-07-31 13:23:14,126300.0,500,Sell,227729727
2024-07-31 13:23:14,126300.0,400,Sell,227729728
2024-07-31 13:23:45,126300.0,100,Sell,227730675
2024-07-31 13:23:45,126300.0,100,Sell,227730676
2024-07-31 13:23:45,126300.0,100,Sell,227730677
2024-07-31 13:23:53,126300.0,100,Buy,227730859
2024-07-31 13:23:53,126300.0,100,Buy,227730858
2024-07-31 13:23:56,126300.0,100,Buy,227730943
2024-07-31 13:24:42,126400.0,200,Buy,227732423
2024-07-31 13:24:48,126400.0,100,Buy,227732659
2024-07-31 13:24:53,126400.0,200,Buy,227732839
2024-07-31 13:25:04,126300.0,100,Sell,227733179
2024-07-31 13:25:04,126300.0,100,Sell,227733180
2024-07-31 13:25:04,126300.0,100,Sell,227733181
2024-07-31 13:25:04,126300.0,100,Sell,227733182
2024-07-31 13:25:04,126300.0,300,Sell,227733183
2024-07-31 13:25:04,126300.0,100,Sell,227733184
2024-07-31 13:25:10,126400.0,200,Buy,227733345
2024-07-31 13:25:10,126400.0,200,Buy,227733346
2024-07-31 13:25:29,126400.0,300,Buy,227733801
2024-07-31 13:25:41,126400.0,100,Buy,227734101
2024-07-31 13:25:58,126400.0,500,Sell,227734627
2024-07-31 13:26:09,126400.0,200,Sell,227734933
2024-07-31 13:26:09,126400.0,300,Sell,227734934
2024-07-31 13:26:09,126400.0,100,Sell,227734935
2024-07-31 13:26:58,126500.0,400,Buy,227736129
2024-07-31 13:27:40,126500.0,100,Buy,227737247
2024-07-31 13:27:48,126500.0,100,Buy,227737468
2024-07-31 13:27:57,126500.0,900,Buy,227737851
2024-07-31 13:27:57,126500.0,100,Buy,227737850
2024-07-31 13:28:17,126400.0,100,Sell,227738477
2024-07-31 13:28:29,126400.0,100,Sell,227738797
2024-07-31 13:28:29,126400.0,100,Sell,227738798
2024-07-31 13:29:04,126400.0,500,Buy,227739766
2024-07-31 13:29:40,126400.0,200,Buy,227740769
2024-07-31 13:30:08,126400.0,100,Buy,227741574
2024-07-31 13:30:14,126300.0,100,Sell,227741701
2024-07-31 13:30:14,126300.0,100,Sell,227741702
2024-07-31 13:30:55,126300.0,200,Sell,227742906
2024-07-31 13:30:59,126300.0,100,Sell,227743026
2024-07-31 13:30:59,126300.0,200,Sell,227743037
2024-07-31 13:30:59,126300.0,100,Sell,227743038
2024-07-31 13:30:59,126300.0,100,Sell,227743039
2024-07-31 13:30:59,126300.0,300,Sell,227743040
2024-07-31 13:31:00,126300.0,100,Sell,227743060
2024-07-31 13:31:00,126300.0,1000,Sell,227743059
2024-07-31 13:31:00,126300.0,200,Sell,227743057
2024-07-31 13:31:00,126300.0,200,Sell,227743058
2024-07-31 13:32:11,126300.0,100,Sell,227745117
2024-07-31 13:32:11,126300.0,600,Sell,227745118
2024-07-31 13:32:12,126400.0,1000,Buy,227745129
2024-07-31 13:32:16,126400.0,500,Buy,227745228
2024-07-31 13:32:23,126400.0,300,Buy,227745453
2024-07-31 13:32:24,126400.0,100,Buy,227745471
2024-07-31 13:32:30,126400.0,100,Buy,227745667
2024-07-31 13:32:33,126400.0,1100,Buy,227745784
2024-07-31 13:32:33,126400.0,700,Buy,227745785
2024-07-31 13:32:33,126400.0,600,Buy,227745786
2024-07-31 13:33:19,126500.0,200,Buy,227746986
2024-07-31 13:33:24,126500.0,100,Buy,227747102
2024-07-31 13:33:28,126500.0,100,Buy,227747193
2024-07-31 13:33:35,126500.0,100,Buy,227747428
2024-07-31 13:33:35,126500.0,100,Buy,227747427
2024-07-31 13:33:40,126500.0,100,Buy,227747521
2024-07-31 13:33:50,126500.0,100,Buy,227747877
2024-07-31 13:33:58,126500.0,200,Buy,227748060
2024-07-31 13:34:04,126500.0,100,Buy,227748250
2024-07-31 13:34:07,126500.0,100,Buy,227748287
2024-07-31 13:34:11,126500.0,100,Buy,227748384
2024-07-31 13:34:36,126500.0,100,Sell,227748921
2024-07-31 13:34:36,126500.0,500,Sell,227748922
2024-07-31 13:34:36,126500.0,100,Sell,227748923
2024-07-31 13:35:42,126600.0,100,Buy,227750689
2024-07-31 13:35:48,126600.0,100,Buy,227750853
2024-07-31 13:35:56,126600.0,100,Buy,227750995
2024-07-31 13:35:58,126600.0,100,Buy,227751052
2024-07-31 13:36:01,126600.0,100,Buy,227751082
2024-07-31 13:36:21,126600.0,400,Buy,227751547
2024-07-31 13:36:21,126600.0,100,Buy,227751546
2024-07-31 13:36:25,126600.0,2400,Buy,227751651
2024-07-31 13:37:28,126600.0,100,Buy,227753060
2024-07-31 13:37:48,126600.0,100,Buy,227753417
2024-07-31 13:37:49,126600.0,1000,Buy,227753444
2024-07-31 13:38:38,126600.0,100,Buy,227754327
2024-07-31 13:38:42,126600.0,200,Buy,227754402
2024-07-31 13:39:50,126600.0,500,Buy,227755853
2024-07-31 13:39:53,126600.0,100,Buy,227755936
2024-07-31 13:40:04,126600.0,100,Buy,227756180
2024-07-31 13:40:04,126600.0,500,Buy,227756181
2024-07-31 13:40:22,126600.0,100,Buy,227756593
2024-07-31 13:41:07,126600.0,100,Buy,227757346
2024-07-31 13:41:07,126600.0,500,Buy,227757347
2024-07-31 13:41:20,126600.0,1600,Buy,227757566
2024-07-31 13:41:53,126600.0,700,Buy,227758163
2024-07-31 13:41:53,126600.0,700,Buy,227758161
2024-07-31 13:41:53,126600.0,700,Buy,227758162
2024-07-31 13:41:53,126600.0,700,Buy,227758159
2024-07-31 13:41:53,126600.0,700,Buy,227758160
2024-07-31 13:41:53,126600.0,2900,Buy,227758158
2024-07-31 13:43:02,126600.0,600,Sell,227759443
2024-07-31 13:43:02,126600.0,100,Sell,227759444
2024-07-31 13:44:15,126600.0,200,Sell,227760946
2024-07-31 13:44:15,126600.0,400,Sell,227760947
2024-07-31 13:44:15,126600.0,100,Sell,227760948
2024-07-31 13:44:39,126700.0,1000,Buy,227761454
2024-07-31 13:45:11,126800.0,100,Buy,227762129
2024-07-31 13:45:54,126800.0,100,Buy,227762937
2024-07-31 13:46:26,126700.0,500,Sell,227763589
2024-07-31 13:46:47,126700.0,500,Buy,227764101
2024-07-31 13:47:49,126600.0,100,Sell,227766109
2024-07-31 13:47:49,126600.0,100,Sell,227766110
2024-07-31 13:48:01,126500.0,100,Sell,227766536
2024-07-31 13:48:01,126500.0,100,Sell,227766535
2024-07-31 13:48:01,126500.0,100,Sell,227766533
2024-07-31 13:48:01,126500.0,500,Sell,227766532
2024-07-31 13:48:01,126500.0,100,Sell,227766531
2024-07-31 13:48:01,126500.0,200,Sell,227766534
2024-07-31 13:48:01,126500.0,500,Sell,227766529
2024-07-31 13:48:01,126500.0,100,Sell,227766528
2024-07-31 13:48:01,126500.0,100,Sell,227766527
2024-07-31 13:48:01,126500.0,100,Sell,227766526
2024-07-31 13:48:01,126500.0,1000,Sell,227766530
2024-07-31 13:48:01,126500.0,200,Sell,227766525
2024-07-31 13:49:04,126500.0,300,Sell,227768407
2024-07-31 13:49:04,126500.0,400,Sell,227768408
2024-07-31 13:49:17,126500.0,100,Sell,227768875
2024-07-31 13:49:17,126500.0,300,Sell,227768876
2024-07-31 13:49:25,126200.0,1000,Sell,227769116
2024-07-31 13:49:25,126200.0,500,Sell,227769117
2024-07-31 13:49:25,126200.0,200,Sell,227769118
2024-07-31 13:49:25,126200.0,100,Sell,227769119
2024-07-31 13:49:25,126100.0,500,Sell,227769120
2024-07-31 13:49:25,126100.0,100,Sell,227769124
2024-07-31 13:49:25,126100.0,100,Sell,227769122
2024-07-31 13:49:25,126100.0,100,Sell,227769123
2024-07-31 13:49:25,126100.0,100,Sell,227769125
2024-07-31 13:49:25,126200.0,200,Sell,227769115
2024-07-31 13:49:25,126100.0,500,Sell,227769121
2024-07-31 13:49:25,126200.0,100,Sell,227769114
2024-07-31 13:49:25,126300.0,200,Sell,227769105
2024-07-31 13:49:25,126200.0,100,Sell,227769112
2024-07-31 13:49:25,126200.0,200,Sell,227769113
2024-07-31 13:49:25,126400.0,100,Sell,227769101
2024-07-31 13:49:25,126400.0,200,Sell,227769102
2024-07-31 13:49:25,126400.0,100,Sell,227769103
2024-07-31 13:49:25,126300.0,100,Sell,227769106
2024-07-31 13:49:25,126400.0,100,Sell,227769100
2024-07-31 13:49:25,126300.0,1000,Sell,227769104
2024-07-31 13:49:25,126300.0,100,Sell,227769108
2024-07-31 13:49:25,126300.0,100,Sell,227769109
2024-07-31 13:49:25,126300.0,100,Sell,227769110
2024-07-31 13:49:25,126200.0,500,Sell,227769111
2024-07-31 13:49:25,126300.0,100,Sell,227769107
2024-07-31 13:49:43,126100.0,200,Sell,227769685
2024-07-31 13:50:16,126200.0,200,Sell,227770922
2024-07-31 13:50:16,126200.0,100,Sell,227770920
2024-07-31 13:50:16,126200.0,400,Sell,227770921
2024-07-31 13:50:17,126100.0,100,Sell,227770934
2024-07-31 13:51:07,126300.0,500,Sell,227772555
2024-07-31 13:51:17,126300.0,100,Sell,227772926
2024-07-31 13:51:18,126300.0,200,Sell,227772940
2024-07-31 13:51:29,126300.0,200,Sell,227773294
2024-07-31 13:51:29,126300.0,100,Sell,227773295
2024-07-31 13:51:33,126300.0,500,Buy,227773414
2024-07-31 13:51:42,126300.0,100,Buy,227773692
2024-07-31 13:51:42,126300.0,400,Buy,227773672
2024-07-31 13:51:42,126300.0,600,Buy,227773673
2024-07-31 13:52:39,126400.0,500,Buy,227775510
2024-07-31 13:52:40,126400.0,300,Buy,227775529
2024-07-31 13:52:42,126400.0,400,Buy,227775877
2024-07-31 13:52:43,126300.0,100,Sell,227775951
2024-07-31 13:52:43,126300.0,100,Sell,227775952
2024-07-31 13:53:59,126300.0,100,Buy,227779681
2024-07-31 13:54:51,126300.0,500,Buy,227782430
2024-07-31 13:54:52,126300.0,100,Buy,227782461
2024-07-31 13:55:06,126300.0,100,Sell,227783345
2024-07-31 13:55:17,126300.0,100,Buy,227784068
2024-07-31 13:55:43,126200.0,100,Sell,227785539
2024-07-31 13:55:43,126200.0,400,Sell,227785540
2024-07-31 13:55:44,126300.0,500,Buy,227785575
2024-07-31 13:56:10,126400.0,400,Buy,227786924
2024-07-31 13:56:21,126300.0,500,Sell,227787601
2024-07-31 13:56:31,126300.0,2500,Sell,227788225
2024-07-31 13:57:19,126300.0,2000,Sell,227790670
2024-07-31 13:57:30,126300.0,100,Sell,227791330
2024-07-31 13:57:30,126300.0,500,Sell,227791328
2024-07-31 13:57:30,126300.0,100,Sell,227791329
2024-07-31 13:58:31,126300.0,100,Buy,227794475
2024-07-31 13:58:43,126300.0,400,Sell,227795112
2024-07-31 13:59:09,126300.0,300,Buy,227796561
2024-07-31 13:59:09,126300.0,500,Buy,227796562
2024-07-31 13:59:09,126300.0,100,Buy,227796563
2024-07-31 13:59:20,126300.0,1000,Sell,227797265
2024-07-31 13:59:55,126300.0,100,Sell,227799367
2024-07-31 13:59:55,126300.0,300,Sell,227799368
2024-07-31 14:00:06,126100.0,200,Sell,227799946
2024-07-31 14:00:06,126100.0,1000,Sell,227799945
2024-07-31 14:00:06,126100.0,100,Sell,227799944
2024-07-31 14:00:06,126100.0,100,Sell,227799943
2024-07-31 14:00:06,126100.0,400,Sell,227799942
2024-07-31 14:00:06,126100.0,100,Sell,227799941
2024-07-31 14:00:06,126100.0,400,Sell,227799940
2024-07-31 14:00:06,126200.0,100,Sell,227799937
2024-07-31 14:00:06,126100.0,200,Sell,227799938
2024-07-31 14:00:06,126200.0,500,Sell,227799936
2024-07-31 14:00:06,126200.0,500,Sell,227799935
2024-07-31 14:00:06,126200.0,100,Sell,227799934
2024-07-31 14:00:06,126200.0,500,Sell,227799933
2024-07-31 14:00:06,126200.0,600,Sell,227799932
2024-07-31 14:00:06,126100.0,200,Sell,227799939
2024-07-31 14:00:53,126100.0,100,Sell,227802052
2024-07-31 14:00:53,126100.0,300,Sell,227802053
2024-07-31 14:00:53,126100.0,400,Sell,227802054
2024-07-31 14:00:53,126100.0,200,Sell,227802055
2024-07-31 14:01:07,126100.0,100,Sell,227802883
2024-07-31 14:01:07,126100.0,300,Sell,227802884
2024-07-31 14:01:17,126100.0,300,Buy,227803331
2024-07-31 14:01:20,126100.0,100,Sell,227803429
2024-07-31 14:01:25,126100.0,600,Sell,227803679
2024-07-31 14:01:32,126100.0,300,Buy,227803984
2024-07-31 14:01:35,126000.0,200,Sell,227804135
2024-07-31 14:01:36,126100.0,100,Buy,227804165
2024-07-31 14:01:42,126000.0,300,Sell,227804475
2024-07-31 14:01:42,126000.0,500,Sell,227804476
2024-07-31 14:01:42,126000.0,200,Sell,227804477
2024-07-31 14:01:42,126000.0,100,Sell,227804478
2024-07-31 14:01:42,126000.0,400,Sell,227804479
2024-07-31 14:01:57,126000.0,100,Sell,227805112
2024-07-31 14:01:57,126000.0,100,Sell,227805113
2024-07-31 14:01:57,126000.0,100,Sell,227805114
2024-07-31 14:01:57,126000.0,100,Sell,227805115
2024-07-31 14:01:57,126000.0,100,Sell,227805116
2024-07-31 14:02:20,126000.0,400,Sell,227805971
2024-07-31 14:02:20,126000.0,300,Sell,227805972
2024-07-31 14:02:36,126100.0,100,Buy,227806470
2024-07-31 14:02:43,126100.0,100,Buy,227806886
2024-07-31 14:02:43,126100.0,500,Buy,227806887
2024-07-31 14:02:50,126100.0,1000,Buy,227807138
2024-07-31 14:02:55,126100.0,1000,Buy,227807325
2024-07-31 14:03:04,126100.0,900,Buy,227807650
2024-07-31 14:03:04,126100.0,700,Buy,227807651
2024-07-31 14:03:08,126100.0,100,Sell,227807780
2024-07-31 14:03:32,126200.0,500,Sell,227808549
2024-07-31 14:03:32,126100.0,200,Sell,227808550
2024-07-31 14:04:08,126200.0,200,Sell,227809994
2024-07-31 14:04:08,126200.0,100,Sell,227809995
2024-07-31 14:04:08,126200.0,100,Sell,227809996
2024-07-31 14:04:20,126200.0,100,Buy,227810368
2024-07-31 14:04:22,126200.0,100,Buy,227810468
2024-07-31 14:04:44,126200.0,200,Buy,227811315
2024-07-31 14:04:44,126200.0,300,Sell,227811349
2024-07-31 14:05:04,126200.0,200,Buy,227812130
2024-07-31 14:05:22,126200.0,100,Buy,227812608
2024-07-31 14:05:37,126200.0,100,Buy,227813005
2024-07-31 14:05:50,126300.0,300,Buy,227813362
2024-07-31 14:05:57,126300.0,700,Sell,227813610
2024-07-31 14:06:10,126400.0,300,Buy,227814053
2024-07-31 14:06:10,126400.0,700,Buy,227814054
2024-07-31 14:06:24,126600.0,500,Buy,227814467
2024-07-31 14:06:39,126500.0,200,Buy,227815083
2024-07-31 14:07:00,126500.0,200,Buy,227815676
2024-07-31 14:07:53,126500.0,400,Buy,227817193
2024-07-31 14:09:10,126500.0,100,Buy,227819536
2024-07-31 14:09:24,126500.0,100,Buy,227819985
2024-07-31 14:09:39,126300.0,100,Sell,227820453
2024-07-31 14:09:54,126300.0,100,Sell,227820792
2024-07-31 14:10:00,126300.0,100,Sell,227820972
2024-07-31 14:10:15,126300.0,200,Sell,227821396
2024-07-31 14:10:46,126300.0,200,Sell,227822669
2024-07-31 14:10:46,126300.0,300,Sell,227822667
2024-07-31 14:10:46,126300.0,200,Sell,227822668
2024-07-31 14:10:56,126200.0,100,Sell,227822963
2024-07-31 14:10:56,126200.0,500,Sell,227822964
2024-07-31 14:10:56,126100.0,100,Sell,227822965
2024-07-31 14:12:13,126200.0,100,Sell,227825337
2024-07-31 14:12:13,126100.0,900,Sell,227825338
2024-07-31 14:13:01,126100.0,500,Sell,227826792
2024-07-31 14:13:01,126100.0,100,Sell,227826790
2024-07-31 14:13:01,126100.0,100,Sell,227826789
2024-07-31 14:13:01,126100.0,100,Sell,227826788
2024-07-31 14:13:01,126100.0,100,Sell,227826787
2024-07-31 14:13:01,126100.0,200,Sell,227826791
2024-07-31 14:13:01,126100.0,100,Sell,227826785
2024-07-31 14:13:01,126100.0,200,Sell,227826784
2024-07-31 14:13:01,126100.0,100,Sell,227826783
2024-07-31 14:13:01,126100.0,200,Sell,227826782
2024-07-31 14:13:01,126100.0,100,Sell,227826781
2024-07-31 14:13:01,126100.0,2100,Sell,227826780
2024-07-31 14:13:01,126100.0,1000,Sell,227826786
2024-07-31 14:13:30,126000.0,200,Sell,227827880
2024-07-31 14:13:30,126000.0,100,Sell,227827878
2024-07-31 14:13:30,126000.0,300,Sell,227827879
2024-07-31 14:13:30,126100.0,100,Sell,227827876
2024-07-31 14:13:30,126100.0,100,Sell,227827875
2024-07-31 14:13:30,126000.0,200,Sell,227827877
2024-07-31 14:14:14,126100.0,400,Sell,227829410
2024-07-31 14:14:47,126100.0,400,Sell,227830358
2024-07-31 14:14:47,126100.0,400,Sell,227830359
2024-07-31 14:14:47,126000.0,100,Sell,227830360
2024-07-31 14:15:17,126200.0,100,Sell,227831264
2024-07-31 14:15:17,126100.0,300,Sell,227831265
2024-07-31 14:15:54,126200.0,100,Sell,227832527
2024-07-31 14:16:03,126100.0,1000,Sell,227832907
2024-07-31 14:16:05,126200.0,100,Buy,227832992
2024-07-31 14:16:36,126300.0,500,Buy,227834181
2024-07-31 14:16:36,126300.0,300,Buy,227834180
2024-07-31 14:16:41,126200.0,200,Sell,227834543
2024-07-31 14:17:08,126200.0,100,Sell,227835673
2024-07-31 14:17:20,126100.0,1000,Sell,227836340
2024-07-31 14:17:31,126200.0,100,Buy,227836840
2024-07-31 14:17:31,126400.0,100,Buy,227836841
2024-07-31 14:18:37,126200.0,200,Sell,227840498
2024-07-31 14:18:37,126200.0,300,Sell,227840499
2024-07-31 14:18:37,126200.0,400,Sell,227840501
2024-07-31 14:18:57,126400.0,400,Buy,227841916
2024-07-31 14:18:57,126400.0,100,Buy,227841917
2024-07-31 14:19:37,126500.0,100,Buy,227845261
2024-07-31 14:19:48,126500.0,1000,Buy,227846430
2024-07-31 14:19:48,126500.0,200,Buy,227846429
2024-07-31 14:19:48,126500.0,100,Buy,227846431
2024-07-31 14:19:48,126500.0,500,Buy,227846427
2024-07-31 14:19:48,126500.0,900,Buy,227846428
2024-07-31 14:19:48,126500.0,300,Buy,227846426
2024-07-31 14:19:54,126500.0,600,Sell,227846898
2024-07-31 14:19:54,126300.0,400,Sell,227846899
2024-07-31 14:21:11,126300.0,1000,Sell,227852360
2024-07-31 14:21:28,126300.0,1000,Sell,227853413
2024-07-31 14:21:48,126300.0,400,Sell,227854825
2024-07-31 14:22:01,126300.0,300,Sell,227855763
2024-07-31 14:22:28,126300.0,300,Sell,227857577
2024-07-31 14:22:28,126400.0,600,Sell,227857576
2024-07-31 14:23:23,126300.0,100,Sell,227862660
2024-07-31 14:23:23,126300.0,200,Sell,227862661
2024-07-31 14:23:30,126300.0,300,Sell,227863156
2024-07-31 14:23:30,126300.0,1000,Sell,227863157
2024-07-31 14:23:35,126500.0,300,Buy,227863535
2024-07-31 14:23:35,126300.0,400,Sell,227863553
2024-07-31 14:23:45,126300.0,100,Sell,227864588
2024-07-31 14:23:45,126300.0,100,Sell,227864587
2024-07-31 14:23:45,126300.0,600,Sell,227864585
2024-07-31 14:23:45,126300.0,200,Sell,227864586
2024-07-31 14:23:49,126300.0,200,Sell,227865058
2024-07-31 14:23:52,126300.0,200,Sell,227865353
2024-07-31 14:24:36,126200.0,600,Sell,227869507
2024-07-31 14:24:36,126200.0,200,Sell,227869508
2024-07-31 14:24:36,126100.0,2700,Sell,227869509
2024-07-31 14:24:36,126100.0,100,Sell,227869510
2024-07-31 14:24:36,126100.0,200,Sell,227869511
2024-07-31 14:24:36,126100.0,1000,Sell,227869512
2024-07-31 14:24:36,126100.0,1700,Sell,227869513
2024-07-31 14:24:36,126100.0,100,Sell,227869514
2024-07-31 14:24:36,126100.0,100,Sell,227869515
2024-07-31 14:24:36,126000.0,200,Sell,227869516
2024-07-31 14:24:36,126000.0,100,Sell,227869517
2024-07-31 14:24:36,126000.0,3300,Sell,227869518
2024-07-31 14:24:43,126500.0,100,Buy,227870058
2024-07-31 14:24:43,126300.0,200,Buy,227870057
2024-07-31 14:25:01,126000.0,1000,Sell,227871611
2024-07-31 14:26:18,126100.0,400,Sell,227877298
2024-07-31 14:26:18,126000.0,500,Sell,227877299
2024-07-31 14:26:23,126000.0,200,Sell,227877628
2024-07-31 14:27:24,126100.0,100,Sell,227881593
2024-07-31 14:27:24,126100.0,100,Sell,227881594
2024-07-31 14:27:24,126100.0,300,Sell,227881595
2024-07-31 14:27:35,126000.0,500,Sell,227882278
2024-07-31 14:27:35,126100.0,200,Sell,227882276
2024-07-31 14:27:35,126200.0,100,Sell,227882275
2024-07-31 14:27:35,126100.0,100,Sell,227882277
2024-07-31 14:28:47,126100.0,300,Sell,227885934
2024-07-31 14:28:47,126100.0,500,Sell,227885935
2024-07-31 14:28:47,126000.0,200,Sell,227885936
2024-07-31 14:28:52,126000.0,1000,Sell,227886166
2024-07-31 14:44:36,126000.0,20100,ATO/ATC,227889532
