time,price,volume,match_type,id
2024-08-20 09:14:37,129700.0,7000,ATO/ATC,232873941
2024-08-20 09:15:01,129000.0,1000,Sell,232874547
2024-08-20 09:15:35,128000.0,200,Sell,232875199
2024-08-20 09:15:38,128000.0,100,Buy,232875267
2024-08-20 09:16:17,128000.0,200,Buy,232876187
2024-08-20 09:16:20,128000.0,100,Buy,232876240
2024-08-20 09:16:45,128000.0,200,Buy,232876778
2024-08-20 09:16:45,128000.0,1800,Buy,232876782
2024-08-20 09:16:45,128000.0,100,Buy,232876781
2024-08-20 09:16:45,128000.0,2400,Buy,232876777
2024-08-20 09:16:45,128000.0,200,Buy,232876779
2024-08-20 09:16:45,128000.0,300,Buy,232876780
2024-08-20 09:16:50,128000.0,200,Buy,232876924
2024-08-20 09:16:50,128000.0,300,Buy,232876925
2024-08-20 09:16:50,128000.0,1100,Buy,232876926
2024-08-20 09:16:57,128000.0,300,Sell,232877156
2024-08-20 09:17:21,128200.0,200,Sell,232877756
2024-08-20 09:17:21,128200.0,500,Sell,232877760
2024-08-20 09:17:29,128200.0,100,Buy,232877940
2024-08-20 09:19:04,128000.0,100,Sell,232880377
2024-08-20 09:19:04,128000.0,100,Sell,232880378
2024-08-20 09:19:11,128200.0,200,Buy,232880531
2024-08-20 09:19:16,128000.0,200,Sell,232880677
2024-08-20 09:19:21,128100.0,200,Sell,232880780
2024-08-20 09:19:36,128000.0,200,Sell,232881204
2024-08-20 09:19:36,128100.0,300,Buy,232881203
2024-08-20 09:19:37,128000.0,100,Sell,232881245
2024-08-20 09:19:49,128000.0,200,Sell,232881618
2024-08-20 09:19:53,128000.0,200,Sell,232881702
2024-08-20 09:19:53,128000.0,100,Sell,232881703
2024-08-20 09:20:47,128000.0,100,Buy,232882967
2024-08-20 09:21:20,128100.0,700,Buy,232883806
2024-08-20 09:21:20,128100.0,200,Buy,232883807
2024-08-20 09:21:20,128100.0,100,Buy,232883808
2024-08-20 09:21:35,128100.0,200,Buy,232884169
2024-08-20 09:21:57,128000.0,1800,Sell,232884809
2024-08-20 09:21:57,128000.0,100,Sell,232884810
2024-08-20 09:21:57,128100.0,300,Sell,232884807
2024-08-20 09:21:57,128100.0,500,Sell,232884808
2024-08-20 09:22:24,128000.0,600,Buy,232885572
2024-08-20 09:22:24,128000.0,1900,Buy,232885571
2024-08-20 09:22:27,128000.0,500,Sell,232885625
2024-08-20 09:22:37,128000.0,100,Sell,232885891
2024-08-20 09:22:59,128000.0,800,Sell,232886444
2024-08-20 09:23:07,128000.0,100,Sell,232886629
2024-08-20 09:23:32,128100.0,100,Sell,232887410
2024-08-20 09:23:32,128000.0,900,Sell,232887411
2024-08-20 09:23:33,128000.0,100,Sell,232887430
2024-08-20 09:23:37,128100.0,200,Sell,232887511
2024-08-20 09:24:10,128200.0,100,Buy,232888455
2024-08-20 09:24:10,128200.0,100,Buy,232888456
2024-08-20 09:24:21,128200.0,500,Sell,232888748
2024-08-20 09:24:21,128200.0,600,Sell,232888747
2024-08-20 09:25:18,128200.0,1000,Buy,232890177
2024-08-20 09:25:36,128200.0,900,Buy,232890927
2024-08-20 09:25:36,128200.0,200,Buy,232890928
2024-08-20 09:25:36,128200.0,100,Buy,232890929
2024-08-20 09:25:36,128200.0,200,Buy,232890930
2024-08-20 09:25:37,128200.0,300,Sell,232890963
2024-08-20 09:25:51,128500.0,100,Buy,232891287
2024-08-20 09:26:52,128600.0,200,Buy,232892844
2024-08-20 09:26:52,128600.0,200,Buy,232892845
2024-08-20 09:27:17,128600.0,100,Buy,232893560
2024-08-20 09:27:26,128600.0,100,Buy,232893745
2024-08-20 09:27:37,128700.0,700,Buy,232894023
2024-08-20 09:27:37,128600.0,200,Buy,232894022
2024-08-20 09:27:37,128600.0,100,Buy,232894021
2024-08-20 09:28:19,128700.0,500,Buy,232895104
2024-08-20 09:28:21,128700.0,100,Buy,232895146
2024-08-20 09:28:21,129600.0,100,Buy,232895157
2024-08-20 09:28:21,129500.0,100,Buy,232895156
2024-08-20 09:28:21,129000.0,400,Buy,232895155
2024-08-20 09:28:21,129000.0,2000,Buy,232895154
2024-08-20 09:28:21,129000.0,100,Buy,232895153
2024-08-20 09:28:21,129600.0,100,Buy,232895158
2024-08-20 09:28:21,129000.0,100,Buy,232895151
2024-08-20 09:28:21,129000.0,100,Buy,232895152
2024-08-20 09:28:21,128700.0,200,Buy,232895147
2024-08-20 09:28:21,128700.0,800,Buy,232895145
2024-08-20 09:28:21,129000.0,500,Buy,232895149
2024-08-20 09:28:21,129000.0,300,Buy,232895150
2024-08-20 09:28:21,128900.0,100,Buy,232895148
2024-08-20 09:28:42,129500.0,100,Buy,232895777
2024-08-20 09:30:30,128700.0,300,Sell,232898384
2024-08-20 09:30:37,128700.0,200,Sell,232898609
2024-08-20 09:30:37,128700.0,100,Sell,232898610
2024-08-20 09:30:45,128700.0,100,Sell,232898820
2024-08-20 09:30:50,128700.0,200,Buy,232898934
2024-08-20 09:30:50,128700.0,300,Sell,232898942
2024-08-20 09:30:55,129000.0,300,Buy,232899151
2024-08-20 09:31:12,129000.0,100,Buy,232899543
2024-08-20 09:31:12,129000.0,100,Buy,232899544
2024-08-20 09:31:13,129000.0,300,Buy,232899574
2024-08-20 09:31:13,129000.0,200,Buy,232899573
2024-08-20 09:31:29,129000.0,100,Buy,232899944
2024-08-20 09:31:29,129000.0,100,Buy,232899942
2024-08-20 09:31:29,129000.0,100,Buy,232899943
2024-08-20 09:31:47,129000.0,500,Sell,232900459
2024-08-20 09:31:47,129000.0,200,Sell,232900458
2024-08-20 09:31:48,129000.0,100,Buy,232900477
2024-08-20 09:31:55,129000.0,200,Buy,232900669
2024-08-20 09:31:57,129000.0,200,Sell,232900773
2024-08-20 09:32:34,129100.0,100,Sell,232901742
2024-08-20 09:32:43,129100.0,100,Sell,232902051
2024-08-20 09:33:08,129200.0,200,Buy,232902744
2024-08-20 09:33:08,129200.0,300,Buy,232902745
2024-08-20 09:33:17,129200.0,100,Sell,232902946
2024-08-20 09:33:34,129300.0,200,Buy,232903383
2024-08-20 09:33:57,129300.0,100,Sell,232903937
2024-08-20 09:33:57,129300.0,200,Sell,232903938
2024-08-20 09:34:06,129500.0,300,Buy,232904193
2024-08-20 09:34:06,129500.0,500,Buy,232904192
2024-08-20 09:34:06,129500.0,100,Buy,232904191
2024-08-20 09:34:06,129400.0,200,Buy,232904188
2024-08-20 09:34:06,129400.0,300,Buy,232904189
2024-08-20 09:34:06,129500.0,500,Buy,232904190
2024-08-20 09:34:06,129400.0,500,Buy,232904187
2024-08-20 09:34:29,129100.0,100,Sell,232904875
2024-08-20 09:34:29,129100.0,100,Sell,232904876
2024-08-20 09:34:47,129000.0,100,Sell,232905379
2024-08-20 09:35:01,129000.0,300,Buy,232905758
2024-08-20 09:35:02,129000.0,100,Sell,232905787
2024-08-20 09:35:40,129000.0,100,Buy,232906806
2024-08-20 09:35:40,129000.0,100,Buy,232906805
2024-08-20 09:35:51,128900.0,500,Sell,232907060
2024-08-20 09:36:05,129100.0,100,Buy,232907454
2024-08-20 09:36:05,128900.0,100,Buy,232907453
2024-08-20 09:37:11,129100.0,300,Buy,232909341
2024-08-20 09:37:11,129100.0,300,Buy,232909340
2024-08-20 09:37:34,128800.0,100,Buy,232910069
2024-08-20 09:38:08,128800.0,1900,Buy,232911269
2024-08-20 09:38:17,128800.0,400,Sell,232911569
2024-08-20 09:39:23,128800.0,200,Sell,232913857
2024-08-20 09:39:38,128800.0,100,Sell,232914235
2024-08-20 09:39:48,128800.0,1500,Sell,232914612
2024-08-20 09:39:57,128800.0,300,Sell,232914863
2024-08-20 09:40:17,128800.0,300,Sell,232915376
2024-08-20 09:40:24,128800.0,300,Sell,232915532
2024-08-20 09:41:16,128700.0,500,Sell,232916839
2024-08-20 09:41:16,128700.0,100,Sell,232916840
2024-08-20 09:41:16,128700.0,100,Sell,232916841
2024-08-20 09:42:01,128700.0,100,Buy,232918102
2024-08-20 09:42:52,128700.0,100,Buy,232919562
2024-08-20 09:42:59,128600.0,100,Sell,232919796
2024-08-20 09:43:08,128700.0,100,Buy,232920027
2024-08-20 09:43:11,128700.0,200,Buy,232920180
2024-08-20 09:45:11,128600.0,100,Sell,232924074
2024-08-20 09:45:20,128600.0,400,Sell,232924294
2024-08-20 09:45:20,128500.0,500,Sell,232924295
2024-08-20 09:46:17,128300.0,300,Sell,232925681
2024-08-20 09:46:18,128500.0,100,Buy,232925719
2024-08-20 09:46:28,128500.0,100,Buy,232925959
2024-08-20 09:46:48,128500.0,100,Buy,232926637
2024-08-20 09:46:49,128500.0,100,Buy,232926669
2024-08-20 09:49:02,128400.0,100,Sell,232930297
2024-08-20 09:49:36,128400.0,100,Buy,232931387
2024-08-20 09:49:37,128300.0,800,Sell,232931451
2024-08-20 09:49:37,128300.0,300,Sell,232931449
2024-08-20 09:49:37,128300.0,100,Sell,232931450
2024-08-20 09:49:46,128300.0,100,Sell,232931728
2024-08-20 09:49:47,128300.0,200,Sell,232931770
2024-08-20 09:49:55,128300.0,200,Sell,232931933
2024-08-20 09:49:55,128300.0,100,Sell,232931934
2024-08-20 09:49:55,128300.0,100,Sell,232931935
2024-08-20 09:50:06,128300.0,100,Buy,232932313
2024-08-20 09:50:13,128300.0,100,Buy,232932620
2024-08-20 09:50:24,128300.0,400,Buy,232933089
2024-08-20 09:50:24,128300.0,100,Buy,232933090
2024-08-20 09:50:32,128300.0,100,Buy,232933311
2024-08-20 09:50:45,128300.0,200,Buy,232933761
2024-08-20 09:50:48,128300.0,200,Buy,232933877
2024-08-20 09:50:54,128300.0,100,Buy,232934068
2024-08-20 09:51:10,128300.0,500,Buy,232934771
2024-08-20 09:51:10,128300.0,300,Buy,232934770
2024-08-20 09:51:20,128300.0,100,Buy,232934992
2024-08-20 09:51:20,128300.0,100,Buy,232934993
2024-08-20 09:51:59,128300.0,100,Buy,232936171
2024-08-20 09:51:59,128300.0,100,Buy,232936172
2024-08-20 09:51:59,128300.0,200,Buy,232936173
2024-08-20 09:51:59,128300.0,100,Buy,232936174
2024-08-20 09:51:59,128500.0,100,Buy,232936175
2024-08-20 09:51:59,128500.0,100,Buy,232936176
2024-08-20 09:51:59,128500.0,300,Buy,232936177
2024-08-20 09:51:59,128500.0,100,Buy,232936178
2024-08-20 09:51:59,128500.0,500,Buy,232936179
2024-08-20 09:52:07,128500.0,300,Sell,232936455
2024-08-20 09:52:48,128500.0,100,Sell,232937844
2024-08-20 09:52:50,128500.0,100,Sell,232937960
2024-08-20 09:53:15,128500.0,200,Sell,232938644
2024-08-20 09:53:23,128500.0,200,Sell,232938911
2024-08-20 09:53:23,128500.0,200,Sell,232938910
2024-08-20 09:53:46,128500.0,100,Buy,232939663
2024-08-20 09:54:16,128500.0,300,Buy,232940383
2024-08-20 09:55:20,128500.0,100,Buy,232942089
2024-08-20 09:57:29,128500.0,100,Buy,232945791
2024-08-20 09:57:29,128500.0,100,Buy,232945792
2024-08-20 09:58:08,128400.0,500,Sell,232947007
2024-08-20 09:59:47,128400.0,100,Buy,232950002
2024-08-20 10:01:39,128300.0,300,Sell,232953051
2024-08-20 10:01:42,128300.0,500,Sell,232953115
2024-08-20 10:01:47,128300.0,100,Sell,232953275
2024-08-20 10:01:51,128300.0,100,Sell,232953521
2024-08-20 10:02:02,128300.0,800,Sell,232953793
2024-08-20 10:02:07,128300.0,100,Sell,232953891
2024-08-20 10:02:07,128300.0,100,Sell,232953883
2024-08-20 10:02:18,128300.0,1000,Sell,232954215
2024-08-20 10:02:27,128300.0,200,Sell,232954473
2024-08-20 10:02:35,128300.0,100,Sell,232954628
2024-08-20 10:02:45,128300.0,100,Sell,232954997
2024-08-20 10:02:56,128300.0,100,Sell,232955321
2024-08-20 10:03:09,128300.0,100,Sell,232955614
2024-08-20 10:03:28,128300.0,100,Sell,232956205
2024-08-20 10:03:50,128300.0,100,Sell,232956752
2024-08-20 10:04:13,128400.0,100,Buy,232957289
2024-08-20 10:04:32,128400.0,100,Buy,232957958
2024-08-20 10:04:32,128400.0,100,Buy,232957959
2024-08-20 10:06:26,128400.0,800,Buy,232961151
2024-08-20 10:06:26,128400.0,100,Buy,232961149
2024-08-20 10:06:26,128400.0,100,Buy,232961150
2024-08-20 10:08:19,128400.0,200,Buy,232963943
2024-08-20 10:08:19,128400.0,200,Buy,232963941
2024-08-20 10:08:26,128300.0,100,Sell,232964079
2024-08-20 10:08:27,128300.0,100,Sell,232964090
2024-08-20 10:08:40,128400.0,100,Buy,232964385
2024-08-20 10:11:18,128300.0,300,Sell,232968621
2024-08-20 10:11:32,128300.0,2700,Sell,232969140
2024-08-20 10:11:32,128300.0,100,Sell,232969141
2024-08-20 10:11:37,128300.0,100,Sell,232969297
2024-08-20 10:12:10,128200.0,100,Sell,232970286
2024-08-20 10:12:27,128200.0,900,Sell,232970933
2024-08-20 10:12:37,128200.0,200,Sell,232971223
2024-08-20 10:13:07,128300.0,100,Buy,232972037
2024-08-20 10:13:18,128200.0,300,Sell,232972368
2024-08-20 10:14:07,128200.0,300,Sell,232973410
2024-08-20 10:14:24,128200.0,300,Sell,232973761
2024-08-20 10:14:32,128200.0,1000,Sell,232973962
2024-08-20 10:14:37,128200.0,200,Sell,232974263
2024-08-20 10:14:39,128200.0,100,Sell,232974351
2024-08-20 10:14:39,128200.0,100,Sell,232974352
2024-08-20 10:14:39,128200.0,100,Sell,232974353
2024-08-20 10:14:39,128200.0,100,Sell,232974354
2024-08-20 10:14:39,128200.0,4500,Sell,232974355
2024-08-20 10:14:41,128200.0,500,Sell,232974386
2024-08-20 10:14:43,128300.0,100,Buy,232974419
2024-08-20 10:15:24,128200.0,500,Sell,232975608
2024-08-20 10:15:27,128200.0,100,Sell,232975671
2024-08-20 10:15:30,128200.0,200,Sell,232975763
2024-08-20 10:16:55,128200.0,500,Sell,232977793
2024-08-20 10:16:57,128200.0,100,Sell,232977881
2024-08-20 10:17:14,128200.0,300,Sell,232978240
2024-08-20 10:17:33,128300.0,100,Buy,232978630
2024-08-20 10:18:35,128300.0,100,Buy,232980081
2024-08-20 10:21:31,128200.0,1000,Sell,232984085
2024-08-20 10:21:35,128200.0,500,Sell,232984187
2024-08-20 10:21:37,128200.0,300,Sell,232984218
2024-08-20 10:21:59,128300.0,100,Buy,232984675
2024-08-20 10:23:46,128300.0,100,Buy,232986832
2024-08-20 10:23:46,128300.0,100,Buy,232986833
2024-08-20 10:24:39,128200.0,200,Sell,232987778
2024-08-20 10:24:59,128200.0,100,Sell,232988204
2024-08-20 10:25:16,128200.0,4600,Sell,232988516
2024-08-20 10:25:17,128200.0,1000,Sell,232988534
2024-08-20 10:25:27,128200.0,200,Sell,232988724
2024-08-20 10:25:44,128200.0,400,Sell,232989062
2024-08-20 10:25:44,128200.0,2800,Sell,232989063
2024-08-20 10:25:47,128200.0,700,Sell,232989093
2024-08-20 10:25:56,128300.0,100,Buy,232989230
2024-08-20 10:26:26,128300.0,100,Buy,232989850
2024-08-20 10:26:44,128200.0,100,Sell,232990132
2024-08-20 10:26:54,128200.0,100,Sell,232990323
2024-08-20 10:27:00,128200.0,300,Sell,232990429
2024-08-20 10:27:00,128200.0,100,Sell,232990430
2024-08-20 10:27:00,128200.0,100,Sell,232990431
2024-08-20 10:27:07,128200.0,100,Sell,232990514
2024-08-20 10:27:11,128200.0,100,Sell,232990560
2024-08-20 10:27:11,128200.0,100,Sell,232990561
2024-08-20 10:27:22,128200.0,100,Sell,232990813
2024-08-20 10:27:40,128200.0,100,Sell,232991128
2024-08-20 10:29:17,128100.0,300,Sell,232993153
2024-08-20 10:29:26,128100.0,100,Sell,232993353
2024-08-20 10:29:45,128100.0,100,Sell,232994129
2024-08-20 10:29:46,128100.0,100,Sell,232994167
2024-08-20 10:29:47,128100.0,200,Sell,232994176
2024-08-20 10:30:51,128100.0,200,Sell,232995897
2024-08-20 10:30:52,128200.0,100,Buy,232995920
2024-08-20 10:32:07,128100.0,100,Sell,232997029
2024-08-20 10:32:07,128100.0,100,Sell,232997030
2024-08-20 10:32:07,128100.0,100,Sell,232997031
2024-08-20 10:32:07,128000.0,100,Sell,232997032
2024-08-20 10:32:07,128000.0,100,Sell,232997033
2024-08-20 10:32:17,128000.0,100,Sell,232997336
2024-08-20 10:32:56,128000.0,1000,Sell,232998126
2024-08-20 10:32:56,128000.0,300,Sell,232998127
2024-08-20 10:32:56,128000.0,800,Sell,232998124
2024-08-20 10:32:56,128000.0,900,Sell,232998125
2024-08-20 10:32:57,128000.0,200,Sell,232998146
2024-08-20 10:32:57,128000.0,100,Sell,232998147
2024-08-20 10:32:58,128000.0,100,Sell,232998156
2024-08-20 10:33:05,128000.0,100,Sell,232998286
2024-08-20 10:33:05,128000.0,400,Sell,232998288
2024-08-20 10:33:05,128000.0,700,Sell,232998289
2024-08-20 10:33:24,128000.0,1000,Sell,232998640
2024-08-20 10:33:31,128000.0,100,Sell,232998743
2024-08-20 10:33:53,128000.0,200,Sell,232999134
2024-08-20 10:34:18,128000.0,1000,Sell,232999489
2024-08-20 10:34:28,128000.0,100,Sell,232999606
2024-08-20 10:34:28,128000.0,100,Sell,232999605
2024-08-20 10:34:28,128000.0,100,Sell,232999607
2024-08-20 10:34:28,128000.0,200,Sell,232999603
2024-08-20 10:34:28,128000.0,100,Sell,232999604
2024-08-20 10:34:28,128000.0,100,Sell,232999602
2024-08-20 10:35:05,127900.0,100,Sell,233000173
2024-08-20 10:35:06,127900.0,100,Buy,233000191
2024-08-20 10:35:19,127900.0,100,Buy,233000457
2024-08-20 10:36:51,128000.0,300,Buy,233002065
2024-08-20 10:36:51,128000.0,100,Buy,233002066
2024-08-20 10:36:51,127900.0,100,Buy,233002064
2024-08-20 10:37:14,127900.0,100,Buy,233002452
2024-08-20 10:39:37,127900.0,100,Buy,233004699
2024-08-20 10:39:45,127900.0,100,Buy,233004775
2024-08-20 10:41:20,127900.0,100,Buy,233005950
2024-08-20 10:43:18,127800.0,100,Sell,233007817
2024-08-20 10:43:18,127800.0,100,Sell,233007818
2024-08-20 10:43:18,127800.0,100,Sell,233007819
2024-08-20 10:43:18,127800.0,500,Sell,233007820
2024-08-20 10:43:58,127700.0,500,Sell,233008353
2024-08-20 10:44:12,127800.0,100,Buy,233008676
2024-08-20 10:45:31,127800.0,100,Buy,233009761
2024-08-20 10:46:20,127700.0,100,Sell,233010428
2024-08-20 10:47:57,127600.0,500,Sell,233011672
2024-08-20 10:47:57,127600.0,100,Sell,233011673
2024-08-20 10:47:57,127600.0,100,Sell,233011674
2024-08-20 10:47:57,127600.0,100,Sell,233011675
2024-08-20 10:48:21,127600.0,100,Buy,233011960
2024-08-20 10:48:30,127600.0,100,Sell,233012068
2024-08-20 10:48:38,127700.0,100,Buy,233012240
2024-08-20 10:50:04,127700.0,100,Buy,233013390
2024-08-20 10:50:14,127600.0,800,Sell,233013492
2024-08-20 10:50:14,127600.0,100,Sell,233013493
2024-08-20 10:50:49,127500.0,100,Sell,233014138
2024-08-20 10:51:08,127500.0,900,Sell,233014468
2024-08-20 10:51:08,127500.0,100,Sell,233014467
2024-08-20 10:51:18,127500.0,500,Sell,233014633
2024-08-20 10:51:39,127500.0,1800,Sell,233014939
2024-08-20 10:51:56,127600.0,100,Buy,233015201
2024-08-20 10:52:02,127500.0,300,Sell,233015287
2024-08-20 10:52:29,127500.0,500,Sell,233015783
2024-08-20 10:53:00,127500.0,200,Sell,233016443
2024-08-20 10:53:05,127600.0,100,Buy,233016622
2024-08-20 10:53:41,127600.0,500,Buy,233017259
2024-08-20 10:54:12,127600.0,100,Buy,233017784
2024-08-20 10:55:41,127500.0,1000,Sell,233019695
2024-08-20 10:55:59,127500.0,600,Sell,233020118
2024-08-20 10:56:16,127500.0,600,Sell,233020450
2024-08-20 10:56:34,127500.0,200,Sell,233020832
2024-08-20 10:56:37,127500.0,200,Sell,233020863
2024-08-20 10:56:45,127500.0,100,Sell,233020985
2024-08-20 10:56:51,127500.0,1000,Sell,233021090
2024-08-20 10:56:54,127500.0,400,Sell,233021166
2024-08-20 10:57:10,127500.0,600,Sell,233021438
2024-08-20 10:57:31,127600.0,100,Buy,233021794
2024-08-20 10:57:53,127600.0,100,Buy,233022226
2024-08-20 10:58:00,127600.0,100,Buy,233022369
2024-08-20 11:00:37,127600.0,100,Buy,233025675
2024-08-20 11:01:08,127500.0,200,Sell,233026407
2024-08-20 11:01:11,127600.0,100,Buy,233026525
2024-08-20 11:01:54,127500.0,100,Sell,233027720
2024-08-20 11:01:54,127500.0,200,Sell,233027719
2024-08-20 11:01:54,127500.0,300,Sell,233027718
2024-08-20 11:01:54,127500.0,100,Sell,233027717
2024-08-20 11:01:54,127500.0,100,Sell,233027716
2024-08-20 11:01:54,127500.0,100,Sell,233027714
2024-08-20 11:01:54,127500.0,900,Sell,233027711
2024-08-20 11:01:54,127500.0,500,Sell,233027715
2024-08-20 11:01:54,127500.0,100,Sell,233027713
2024-08-20 11:01:54,127500.0,100,Sell,233027712
2024-08-20 11:01:58,127600.0,100,Buy,233027880
2024-08-20 11:02:29,127500.0,100,Sell,233028577
2024-08-20 11:02:29,127500.0,100,Sell,233028578
2024-08-20 11:02:32,127500.0,100,Sell,233028668
2024-08-20 11:03:01,127500.0,300,Sell,233029391
2024-08-20 11:03:01,127500.0,100,Sell,233029392
2024-08-20 11:04:15,127500.0,100,Buy,233031102
2024-08-20 11:04:21,127500.0,100,Buy,233031225
2024-08-20 11:06:24,127500.0,100,Buy,233033726
2024-08-20 11:10:02,127300.0,1000,Sell,233037808
2024-08-20 11:10:03,127300.0,500,Sell,233037813
2024-08-20 11:10:25,127300.0,1000,Sell,233038270
2024-08-20 11:10:27,127300.0,100,Sell,233038312
2024-08-20 11:10:28,127300.0,500,Sell,233038317
2024-08-20 11:10:31,127300.0,200,Sell,233038358
2024-08-20 11:10:51,127400.0,100,Buy,233038757
2024-08-20 11:11:25,127300.0,400,Sell,233039249
2024-08-20 11:11:27,127400.0,100,Buy,233039287
2024-08-20 11:11:45,127400.0,100,Buy,233039582
2024-08-20 11:12:28,127300.0,300,Sell,233040438
2024-08-20 11:12:46,127300.0,100,Sell,233040763
2024-08-20 11:13:21,127300.0,100,Sell,233041673
2024-08-20 11:13:21,127300.0,100,Sell,233041674
2024-08-20 11:13:21,127300.0,500,Sell,233041675
2024-08-20 11:13:21,127300.0,100,Sell,233041676
2024-08-20 11:13:21,127300.0,100,Sell,233041677
2024-08-20 11:13:21,127300.0,100,Sell,233041678
2024-08-20 11:13:34,127300.0,100,Sell,233041879
2024-08-20 11:13:34,127300.0,300,Sell,233041878
2024-08-20 11:13:59,127300.0,100,Buy,233042208
2024-08-20 11:14:25,127300.0,200,Sell,233042591
2024-08-20 11:14:32,127300.0,100,Sell,233042690
2024-08-20 11:14:32,127300.0,100,Sell,233042691
2024-08-20 11:15:17,127300.0,100,Buy,233043454
2024-08-20 11:16:37,127300.0,100,Buy,233044652
2024-08-20 11:16:46,127300.0,100,Buy,233044743
2024-08-20 11:18:16,127300.0,100,Buy,233045906
2024-08-20 11:18:16,127300.0,100,Buy,233045907
2024-08-20 11:18:25,127300.0,100,Buy,233046054
2024-08-20 11:18:25,127300.0,400,Buy,233046051
2024-08-20 11:18:25,127300.0,500,Buy,233046053
2024-08-20 11:18:25,127300.0,500,Buy,233046049
2024-08-20 11:18:25,127300.0,400,Buy,233046048
2024-08-20 11:18:25,127300.0,500,Buy,233046050
2024-08-20 11:18:25,127300.0,600,Buy,233046052
2024-08-20 11:19:14,127300.0,1400,Sell,233046847
2024-08-20 11:19:25,127300.0,500,Sell,233047007
2024-08-20 11:19:44,127400.0,100,Buy,233047268
2024-08-20 11:19:54,127400.0,200,Buy,233047418
2024-08-20 11:21:24,127400.0,100,Buy,233048534
2024-08-20 11:22:39,127400.0,300,Buy,233049565
2024-08-20 11:22:42,127400.0,100,Buy,233049598
2024-08-20 11:22:42,127400.0,100,Buy,233049594
2024-08-20 11:22:42,127400.0,100,Buy,233049595
2024-08-20 11:22:42,127400.0,500,Buy,233049596
2024-08-20 11:22:42,127400.0,500,Buy,233049597
2024-08-20 11:22:56,127400.0,500,Sell,233049747
2024-08-20 11:24:06,127400.0,100,Sell,233050651
2024-08-20 11:24:06,127400.0,200,Sell,233050650
2024-08-20 11:24:06,127400.0,100,Sell,233050652
2024-08-20 11:24:10,127400.0,100,Buy,233050702
2024-08-20 11:26:10,127300.0,200,Sell,233052402
2024-08-20 11:26:10,127300.0,300,Sell,233052403
2024-08-20 11:26:17,127300.0,100,Sell,233052530
2024-08-20 11:26:27,127300.0,100,Sell,233052691
2024-08-20 11:26:27,127300.0,400,Sell,233052692
2024-08-20 11:27:37,127300.0,600,Sell,233053720
2024-08-20 11:27:46,127300.0,200,Sell,233053820
2024-08-20 11:27:46,127300.0,200,Sell,233053821
2024-08-20 11:27:46,127300.0,100,Sell,233053822
2024-08-20 11:28:22,127300.0,200,Buy,233054255
2024-08-20 11:28:38,127300.0,100,Buy,233054452
2024-08-20 11:28:40,127300.0,200,Buy,233054478
2024-08-20 12:59:38,127200.0,1800,Sell,233055387
2024-08-20 12:59:42,127200.0,600,Sell,233056904
2024-08-20 12:59:44,127200.0,100,Sell,233057485
2024-08-20 12:59:49,127200.0,500,Sell,233058357
2024-08-20 12:59:51,127300.0,300,Buy,233058509
2024-08-20 12:59:52,127000.0,900,Sell,233058691
2024-08-20 12:59:52,127000.0,1000,Sell,233058690
2024-08-20 12:59:52,127000.0,100,Sell,233058689
2024-08-20 12:59:52,127000.0,100,Sell,233058686
2024-08-20 12:59:52,127000.0,100,Sell,233058685
2024-08-20 12:59:52,127000.0,100,Sell,233058688
2024-08-20 12:59:52,127000.0,100,Sell,233058683
2024-08-20 12:59:52,127000.0,100,Sell,233058684
2024-08-20 12:59:52,127200.0,2000,Sell,233058678
2024-08-20 12:59:52,127200.0,100,Sell,233058679
2024-08-20 12:59:52,127000.0,100,Sell,233058687
2024-08-20 12:59:52,127200.0,100,Sell,233058681
2024-08-20 12:59:52,127200.0,100,Sell,233058680
2024-08-20 12:59:52,127100.0,100,Sell,233058682
2024-08-20 12:59:55,127200.0,200,Buy,233059235
2024-08-20 13:00:59,127100.0,500,Sell,233062118
2024-08-20 13:01:06,127000.0,100,Sell,233062389
2024-08-20 13:01:06,127000.0,1000,Sell,233062390
2024-08-20 13:01:06,127000.0,200,Sell,233062391
2024-08-20 13:01:06,127000.0,100,Sell,233062392
2024-08-20 13:01:06,127000.0,100,Sell,233062393
2024-08-20 13:01:06,127000.0,3300,Sell,233062394
2024-08-20 13:01:08,127000.0,200,Sell,233062512
2024-08-20 13:01:08,127000.0,300,Sell,233062513
2024-08-20 13:01:13,127000.0,100,Sell,233062718
2024-08-20 13:01:13,127000.0,100,Sell,233062720
2024-08-20 13:01:13,127000.0,500,Sell,233062721
2024-08-20 13:01:13,127000.0,1000,Sell,233062719
2024-08-20 13:01:32,126900.0,300,Sell,233063432
2024-08-20 13:01:32,126900.0,200,Sell,233063433
2024-08-20 13:01:47,126800.0,1000,Sell,233063927
2024-08-20 13:01:47,126700.0,1000,Sell,233063928
2024-08-20 13:01:47,126500.0,800,Sell,233063929
2024-08-20 13:01:55,126500.0,200,Sell,233064228
2024-08-20 13:01:55,126500.0,500,Sell,233064229
2024-08-20 13:01:55,126500.0,100,Sell,233064230
2024-08-20 13:02:05,126500.0,200,Buy,233064581
2024-08-20 13:02:10,126500.0,300,Sell,233064701
2024-08-20 13:02:10,126800.0,100,Buy,233064716
2024-08-20 13:02:23,126800.0,100,Buy,233065108
2024-08-20 13:02:57,126800.0,100,Buy,233066197
2024-08-20 13:03:06,126700.0,100,Buy,233066436
2024-08-20 13:03:12,126700.0,300,Buy,233066628
2024-08-20 13:03:24,126700.0,400,Sell,233067158
2024-08-20 13:03:29,126700.0,300,Sell,233067338
2024-08-20 13:03:29,126700.0,200,Sell,233067339
2024-08-20 13:03:30,126700.0,300,Sell,233067385
2024-08-20 13:03:38,126800.0,500,Buy,233067599
2024-08-20 13:03:38,126800.0,200,Buy,233067600
2024-08-20 13:03:38,126800.0,200,Buy,233067598
2024-08-20 13:03:51,126800.0,100,Sell,233068217
2024-08-20 13:04:12,126800.0,100,Sell,233069098
2024-08-20 13:04:35,126900.0,100,Buy,233070038
2024-08-20 13:04:39,126900.0,200,Buy,233070301
2024-08-20 13:05:04,126900.0,200,Buy,233071331
2024-08-20 13:05:07,126900.0,100,Buy,233071403
2024-08-20 13:05:07,126900.0,100,Buy,233071418
2024-08-20 13:05:14,126900.0,100,Buy,233071651
2024-08-20 13:05:25,127000.0,1000,Buy,233072210
2024-08-20 13:06:15,127000.0,100,Buy,233074673
2024-08-20 13:06:16,126900.0,2000,Sell,233074692
2024-08-20 13:06:46,127000.0,400,Buy,233076068
2024-08-20 13:06:59,127000.0,500,Sell,233076836
2024-08-20 13:07:43,127000.0,2100,Sell,233078688
2024-08-20 13:07:43,127000.0,500,Sell,233078689
2024-08-20 13:07:43,127000.0,100,Sell,233078692
2024-08-20 13:07:44,127000.0,1000,Buy,233078739
2024-08-20 13:07:47,127000.0,1000,Buy,233078830
2024-08-20 13:07:47,127000.0,500,Buy,233078847
2024-08-20 13:08:10,127000.0,1100,Buy,233080007
2024-08-20 13:08:16,127000.0,300,Buy,233080272
2024-08-20 13:08:16,127000.0,300,Buy,233080273
2024-08-20 13:08:16,127000.0,600,Buy,233080289
2024-08-20 13:08:23,127000.0,600,Buy,233080653
2024-08-20 13:08:23,127000.0,100,Buy,233080652
2024-08-20 13:08:23,127000.0,300,Buy,233080651
2024-08-20 13:08:48,127100.0,300,Buy,233081831
2024-08-20 13:08:49,127200.0,100,Buy,233081852
2024-08-20 13:08:57,127200.0,400,Buy,233082165
2024-08-20 13:08:57,127200.0,100,Buy,233082166
2024-08-20 13:09:13,127300.0,200,Buy,233082947
2024-08-20 13:09:13,127300.0,200,Buy,233082948
2024-08-20 13:09:13,127400.0,100,Buy,233082949
2024-08-20 13:09:20,127300.0,200,Sell,233083240
2024-08-20 13:09:32,127500.0,100,Buy,233083712
2024-08-20 13:09:32,127500.0,500,Buy,233083711
2024-08-20 13:09:32,127500.0,100,Buy,233083708
2024-08-20 13:09:32,127500.0,600,Buy,233083710
2024-08-20 13:09:32,127500.0,500,Buy,233083706
2024-08-20 13:09:32,127400.0,400,Buy,233083705
2024-08-20 13:09:32,127300.0,300,Buy,233083704
2024-08-20 13:09:32,127500.0,500,Buy,233083707
2024-08-20 13:09:32,127500.0,500,Buy,233083709
2024-08-20 13:09:47,127500.0,900,Buy,233084344
2024-08-20 13:10:30,127500.0,500,Sell,233086379
2024-08-20 13:11:00,127500.0,100,Sell,233087801
2024-08-20 13:11:01,127600.0,1200,Buy,233087868
2024-08-20 13:11:05,127600.0,1000,Buy,233088056
2024-08-20 13:11:08,127600.0,500,Buy,233088218
2024-08-20 13:11:08,127600.0,100,Buy,233088219
2024-08-20 13:11:08,127600.0,400,Buy,233088220
2024-08-20 13:11:13,127500.0,2000,Sell,233088408
2024-08-20 13:11:41,127500.0,500,Sell,233089732
2024-08-20 13:12:07,127500.0,100,Sell,233090939
2024-08-20 13:12:24,127600.0,100,Buy,233091764
2024-08-20 13:12:41,127600.0,500,Buy,233092731
2024-08-20 13:12:41,127600.0,100,Buy,233092737
2024-08-20 13:12:41,127600.0,700,Buy,233092736
2024-08-20 13:12:41,127600.0,500,Buy,233092735
2024-08-20 13:12:41,127600.0,200,Buy,233092730
2024-08-20 13:12:41,127600.0,500,Buy,233092733
2024-08-20 13:12:41,127600.0,100,Buy,233092732
2024-08-20 13:12:41,127600.0,100,Buy,233092734
2024-08-20 13:13:05,127600.0,400,Buy,233094017
2024-08-20 13:13:05,127600.0,100,Buy,233094018
2024-08-20 13:13:37,127600.0,100,Buy,233096671
2024-08-20 13:13:52,127600.0,100,Buy,233097737
2024-08-20 13:14:17,127600.0,400,Buy,233099854
2024-08-20 13:14:17,127600.0,200,Buy,233099850
2024-08-20 13:14:17,127600.0,100,Buy,233099853
2024-08-20 13:14:22,127600.0,100,Buy,233100262
2024-08-20 13:14:22,127600.0,200,Buy,233100263
2024-08-20 13:14:29,127600.0,100,Buy,233100788
2024-08-20 13:14:38,127600.0,200,Buy,233101484
2024-08-20 13:14:43,127600.0,300,Sell,233101777
2024-08-20 13:14:44,127600.0,100,Buy,233101945
2024-08-20 13:15:00,127500.0,200,Sell,233103410
2024-08-20 13:15:11,127500.0,200,Sell,233104238
2024-08-20 13:15:11,127500.0,200,Sell,233104239
2024-08-20 13:15:11,127500.0,100,Sell,233104240
2024-08-20 13:15:59,127600.0,100,Buy,233107400
2024-08-20 13:16:00,127500.0,100,Sell,233107443
2024-08-20 13:16:00,127500.0,100,Sell,233107442
2024-08-20 13:16:05,127500.0,100,Sell,233107832
2024-08-20 13:16:05,127600.0,100,Buy,233107815
2024-08-20 13:16:22,127500.0,100,Sell,233108845
2024-08-20 13:16:22,127500.0,100,Sell,233108846
2024-08-20 13:16:51,127500.0,300,Buy,233110258
2024-08-20 13:17:00,127300.0,100,Sell,233110618
2024-08-20 13:17:32,127400.0,500,Sell,233112325
2024-08-20 13:18:42,127400.0,500,Sell,233115691
2024-08-20 13:18:42,127400.0,100,Sell,233115692
2024-08-20 13:19:34,127600.0,100,Buy,233118154
2024-08-20 13:20:48,127600.0,100,Buy,233120978
2024-08-20 13:20:55,127600.0,400,Buy,233121298
2024-08-20 13:20:55,127600.0,100,Buy,233121299
2024-08-20 13:20:55,127600.0,1000,Buy,233121300
2024-08-20 13:21:01,127700.0,200,Buy,233121509
2024-08-20 13:21:01,127700.0,300,Buy,233121507
2024-08-20 13:21:01,127700.0,500,Buy,233121508
2024-08-20 13:21:28,127700.0,100,Buy,233122344
2024-08-20 13:22:30,127700.0,200,Buy,233124526
2024-08-20 13:23:08,127700.0,500,Buy,233125834
2024-08-20 13:23:09,127700.0,100,Buy,233125888
2024-08-20 13:23:29,127600.0,500,Sell,233126461
2024-08-20 13:23:31,127600.0,500,Buy,233126548
2024-08-20 13:23:31,127700.0,100,Buy,233126549
2024-08-20 13:23:31,127700.0,100,Buy,233126550
2024-08-20 13:23:31,127700.0,500,Buy,233126551
2024-08-20 13:23:31,127700.0,300,Buy,233126552
2024-08-20 13:26:07,127500.0,400,Sell,233131518
2024-08-20 13:26:07,127500.0,100,Sell,233131519
2024-08-20 13:26:23,127500.0,500,Buy,233132183
2024-08-20 13:26:43,127600.0,100,Buy,233132851
2024-08-20 13:27:39,127600.0,100,Buy,233135218
2024-08-20 13:27:44,127400.0,100,Sell,233135488
2024-08-20 13:27:44,127400.0,200,Sell,233135491
2024-08-20 13:27:44,127400.0,300,Sell,233135487
2024-08-20 13:27:44,127400.0,100,Sell,233135489
2024-08-20 13:27:44,127400.0,300,Sell,233135490
2024-08-20 13:27:58,127400.0,100,Sell,233136158
2024-08-20 13:28:04,127400.0,100,Sell,233136631
2024-08-20 13:28:09,127400.0,100,Buy,233137094
2024-08-20 13:28:27,127400.0,400,Buy,233138093
2024-08-20 13:28:38,127400.0,100,Buy,233138790
2024-08-20 13:28:38,127400.0,100,Sell,233138807
2024-08-20 13:29:02,127400.0,100,Buy,233140283
2024-08-20 13:29:50,127300.0,500,Sell,233143552
2024-08-20 13:30:01,127300.0,100,Sell,233144212
2024-08-20 13:30:14,127400.0,500,Buy,233145092
2024-08-20 13:30:14,127400.0,800,Buy,233145091
2024-08-20 13:30:18,127600.0,100,Buy,233145315
2024-08-20 13:31:20,127600.0,300,Buy,233149651
2024-08-20 13:31:20,127600.0,200,Buy,233149652
2024-08-20 13:31:20,127500.0,500,Sell,233149669
2024-08-20 13:31:35,127500.0,500,Sell,233150591
2024-08-20 13:31:44,127600.0,300,Buy,233151068
2024-08-20 13:31:44,127600.0,500,Buy,233151069
2024-08-20 13:31:44,127600.0,1000,Buy,233151070
2024-08-20 13:31:54,127700.0,300,Buy,233151848
2024-08-20 13:31:54,127700.0,500,Buy,233151847
2024-08-20 13:31:54,127700.0,100,Buy,233151850
2024-08-20 13:31:54,127700.0,100,Buy,233151845
2024-08-20 13:31:54,127700.0,500,Buy,233151846
2024-08-20 13:31:54,127700.0,200,Buy,233151843
2024-08-20 13:31:54,127700.0,100,Buy,233151849
2024-08-20 13:31:54,127700.0,500,Buy,233151844
2024-08-20 13:31:55,127700.0,100,Sell,233151909
2024-08-20 13:32:25,127700.0,300,Sell,233153876
2024-08-20 13:32:28,127800.0,100,Buy,233153991
2024-08-20 13:32:49,127700.0,700,Sell,233155535
2024-08-20 13:32:50,127800.0,200,Buy,233155596
2024-08-20 13:32:50,127800.0,800,Buy,233155597
2024-08-20 13:32:51,127800.0,200,Buy,233155644
2024-08-20 13:32:51,127800.0,100,Buy,233155645
2024-08-20 13:33:08,127800.0,400,Buy,233156539
2024-08-20 13:33:08,127800.0,500,Buy,233156540
2024-08-20 13:33:09,127900.0,100,Buy,233156576
2024-08-20 13:33:28,128000.0,100,Buy,233157729
2024-08-20 13:33:28,128000.0,400,Buy,233157728
2024-08-20 13:33:28,128000.0,500,Buy,233157726
2024-08-20 13:33:28,128000.0,1000,Buy,233157725
2024-08-20 13:33:28,128000.0,1000,Buy,233157727
2024-08-20 13:33:28,127900.0,2000,Buy,233157722
2024-08-20 13:33:53,128200.0,100,Buy,233159493
2024-08-20 13:33:56,128200.0,100,Buy,233159684
2024-08-20 13:33:56,128300.0,100,Buy,233159685
2024-08-20 13:34:12,128200.0,100,Buy,233160543
2024-08-20 13:34:39,128400.0,2000,Buy,233162145
2024-08-20 13:34:39,128500.0,100,Buy,233162150
2024-08-20 13:34:39,128500.0,300,Buy,233162149
2024-08-20 13:34:39,128500.0,500,Buy,233162148
2024-08-20 13:34:39,128500.0,1000,Buy,233162147
2024-08-20 13:34:39,128500.0,500,Buy,233162146
2024-08-20 13:34:39,128400.0,200,Buy,233162144
2024-08-20 13:34:39,128300.0,500,Buy,233162142
2024-08-20 13:34:39,128200.0,400,Buy,233162137
2024-08-20 13:34:39,128300.0,400,Buy,233162138
2024-08-20 13:34:39,128400.0,100,Buy,233162143
2024-08-20 13:34:39,128300.0,500,Buy,233162140
2024-08-20 13:34:39,128300.0,200,Buy,233162139
2024-08-20 13:34:39,128300.0,100,Buy,233162141
2024-08-20 13:34:51,128500.0,1000,Sell,233162792
2024-08-20 13:35:04,128500.0,2200,Sell,233163495
2024-08-20 13:35:10,128500.0,500,Buy,233163952
2024-08-20 13:35:18,128500.0,500,Sell,233164946
2024-08-20 13:35:28,128500.0,500,Buy,233165497
2024-08-20 13:35:28,128500.0,500,Buy,233165498
2024-08-20 13:35:38,128400.0,500,Buy,233166070
2024-08-20 13:35:46,128600.0,1000,Buy,233166603
2024-08-20 13:35:46,128600.0,500,Buy,233166602
2024-08-20 13:35:46,128600.0,300,Buy,233166601
2024-08-20 13:35:46,128500.0,200,Buy,233166599
2024-08-20 13:35:46,128500.0,500,Buy,233166597
2024-08-20 13:35:46,128400.0,2500,Buy,233166596
2024-08-20 13:35:46,128500.0,100,Buy,233166600
2024-08-20 13:35:46,128500.0,100,Buy,233166598
2024-08-20 13:35:53,128600.0,100,Sell,233166970
2024-08-20 13:35:57,128600.0,100,Sell,233167158
2024-08-20 13:35:57,128600.0,200,Sell,233167178
2024-08-20 13:36:09,128600.0,400,Sell,233167855
2024-08-20 13:36:23,128600.0,200,Buy,233168610
2024-08-20 13:37:28,128500.0,100,Buy,233172428
2024-08-20 13:37:38,128300.0,100,Sell,233173016
2024-08-20 13:37:38,128300.0,200,Sell,233173014
2024-08-20 13:37:38,128300.0,100,Sell,233173015
2024-08-20 13:38:28,128300.0,400,Sell,233176025
2024-08-20 13:38:28,128300.0,100,Sell,233176024
2024-08-20 13:38:37,128300.0,100,Sell,233176560
2024-08-20 13:38:37,128300.0,200,Sell,233176561
2024-08-20 13:38:46,128600.0,1000,Buy,233176980
2024-08-20 13:38:46,128600.0,400,Buy,233176979
2024-08-20 13:38:46,128600.0,400,Buy,233176977
2024-08-20 13:38:46,128500.0,400,Buy,233176976
2024-08-20 13:38:46,128600.0,500,Buy,233176978
2024-08-20 13:39:01,128600.0,500,Sell,233177829
2024-08-20 13:39:41,128700.0,100,Buy,233179720
2024-08-20 13:39:41,128700.0,100,Buy,233179721
2024-08-20 13:39:41,128700.0,500,Buy,233179722
2024-08-20 13:39:41,128700.0,1000,Buy,233179723
2024-08-20 13:39:47,128600.0,200,Sell,233180006
2024-08-20 13:39:47,128700.0,100,Sell,233179979
2024-08-20 13:39:47,128700.0,200,Sell,233180005
2024-08-20 13:39:50,128600.0,100,Sell,233180135
2024-08-20 13:40:01,128700.0,500,Sell,233180621
2024-08-20 13:40:06,128700.0,500,Sell,233180880
2024-08-20 13:40:10,128700.0,1900,Sell,233181016
2024-08-20 13:40:18,128800.0,200,Buy,233181354
2024-08-20 13:40:18,128800.0,100,Buy,233181355
2024-08-20 13:40:18,128800.0,500,Buy,233181356
2024-08-20 13:40:18,128800.0,500,Buy,233181357
2024-08-20 13:40:23,128800.0,500,Buy,233181617
2024-08-20 13:40:23,128800.0,100,Buy,233181618
2024-08-20 13:40:35,128800.0,200,Sell,233182180
2024-08-20 13:40:58,128900.0,200,Buy,233183254
2024-08-20 13:41:03,128900.0,100,Buy,233183474
2024-08-20 13:41:24,128900.0,300,Buy,233184426
2024-08-20 13:41:24,128900.0,700,Buy,233184425
2024-08-20 13:42:02,128800.0,100,Sell,233186290
2024-08-20 13:42:03,128900.0,100,Buy,233186333
2024-08-20 13:42:21,128800.0,100,Sell,233187094
2024-08-20 13:42:21,128900.0,100,Buy,233187073
2024-08-20 13:42:43,128800.0,100,Sell,233188081
2024-08-20 13:42:43,128800.0,100,Sell,233188066
2024-08-20 13:42:53,128800.0,100,Sell,233188627
2024-08-20 13:42:57,128800.0,100,Sell,233188786
2024-08-20 13:43:08,128800.0,100,Sell,233189333
2024-08-20 13:43:18,128800.0,100,Sell,233189809
2024-08-20 13:43:18,128800.0,200,Sell,233189823
2024-08-20 13:43:38,128800.0,300,Sell,233190694
2024-08-20 13:43:39,128800.0,200,Sell,233190757
2024-08-20 13:43:39,128800.0,300,Sell,233190758
2024-08-20 13:43:39,128700.0,2100,Sell,233190759
2024-08-20 13:43:39,128700.0,300,Sell,233190760
2024-08-20 13:43:39,128600.0,6100,Sell,233190761
2024-08-20 13:43:48,128600.0,100,Sell,233191177
2024-08-20 13:44:28,128600.0,300,Sell,233192719
2024-08-20 13:44:36,128600.0,100,Buy,233193077
2024-08-20 13:44:36,128700.0,400,Buy,233193078
2024-08-20 13:44:38,128700.0,100,Buy,233193150
2024-08-20 13:46:55,128200.0,300,Sell,233198394
2024-08-20 13:46:55,128200.0,100,Sell,233198395
2024-08-20 13:47:02,128100.0,200,Sell,233198741
2024-08-20 13:47:02,128100.0,300,Sell,233198742
2024-08-20 13:47:08,128100.0,100,Sell,233198952
2024-08-20 13:47:10,128000.0,500,Sell,233199011
2024-08-20 13:47:10,128000.0,100,Sell,233199012
2024-08-20 13:47:10,128000.0,100,Sell,233199013
2024-08-20 13:47:58,128000.0,100,Buy,233201149
2024-08-20 13:47:58,128000.0,800,Buy,233201147
2024-08-20 13:47:58,128000.0,200,Buy,233201137
2024-08-20 13:47:58,128000.0,100,Buy,233201148
2024-08-20 13:48:03,127800.0,100,Sell,233201356
2024-08-20 13:48:03,127800.0,500,Sell,233201357
2024-08-20 13:48:03,127800.0,100,Sell,233201358
2024-08-20 13:48:13,128000.0,100,Buy,233201789
2024-08-20 13:48:18,127500.0,400,Sell,233202024
2024-08-20 13:48:18,127500.0,100,Sell,233202025
2024-08-20 13:48:18,127500.0,100,Sell,233202026
2024-08-20 13:48:18,127500.0,1000,Sell,233202027
2024-08-20 13:48:18,127500.0,200,Sell,233202028
2024-08-20 13:48:18,127500.0,1000,Sell,233202029
2024-08-20 13:48:40,127300.0,2000,Sell,233203127
2024-08-20 13:48:40,127300.0,100,Sell,233203126
2024-08-20 13:48:40,127300.0,100,Sell,233203124
2024-08-20 13:48:40,127300.0,500,Sell,233203123
2024-08-20 13:48:40,127300.0,300,Sell,233203122
2024-08-20 13:48:40,127300.0,1000,Sell,233203125
2024-08-20 13:49:08,127400.0,100,Buy,233204399
2024-08-20 13:49:35,127400.0,2000,Buy,233205746
2024-08-20 13:49:36,127300.0,100,Sell,233205807
2024-08-20 13:49:36,127300.0,100,Sell,233205808
2024-08-20 13:49:36,127300.0,100,Sell,233205809
2024-08-20 13:49:36,127200.0,200,Sell,233205810
2024-08-20 13:49:36,127200.0,500,Sell,233205811
2024-08-20 13:49:36,127200.0,200,Sell,233205812
2024-08-20 13:49:36,127200.0,1000,Sell,233205813
2024-08-20 13:49:41,127200.0,1000,Buy,233206203
2024-08-20 13:49:48,127100.0,100,Sell,233206536
2024-08-20 13:49:49,127200.0,100,Buy,233206585
2024-08-20 13:49:50,127000.0,200,Sell,233206612
2024-08-20 13:49:50,127000.0,100,Sell,233206614
2024-08-20 13:49:50,127100.0,200,Sell,233206611
2024-08-20 13:49:50,127000.0,100,Sell,233206613
2024-08-20 13:50:00,127000.0,1200,Sell,233207018
2024-08-20 13:50:04,127000.0,100,Sell,233207175
2024-08-20 13:50:04,127000.0,1000,Sell,233207174
2024-08-20 13:50:04,127000.0,100,Sell,233207173
2024-08-20 13:50:04,127000.0,1000,Sell,233207172
2024-08-20 13:50:04,127000.0,2400,Sell,233207176
2024-08-20 13:50:04,127000.0,2000,Sell,233207170
2024-08-20 13:50:04,127000.0,200,Sell,233207169
2024-08-20 13:50:04,127000.0,300,Sell,233207168
2024-08-20 13:50:04,127000.0,100,Sell,233207171
2024-08-20 13:50:04,127000.0,2800,Sell,233207167
2024-08-20 13:50:12,127000.0,500,Sell,233207503
2024-08-20 13:50:12,127400.0,100,Buy,233207478
2024-08-20 13:50:20,127000.0,200,Sell,233207909
2024-08-20 13:50:43,127100.0,200,Sell,233209041
2024-08-20 13:50:43,127000.0,300,Sell,233209042
2024-08-20 13:50:47,127000.0,100,Sell,233209309
2024-08-20 13:51:10,127100.0,400,Sell,233210662
2024-08-20 13:51:10,127000.0,600,Sell,233210663
2024-08-20 13:51:10,127000.0,100,Sell,233210664
2024-08-20 13:51:13,127400.0,100,Buy,233210790
2024-08-20 13:51:27,127500.0,1000,Buy,233211602
2024-08-20 13:51:48,127500.0,100,Buy,233212982
2024-08-20 13:54:24,127500.0,100,Sell,233222605
2024-08-20 13:54:24,127500.0,100,Sell,233222604
2024-08-20 13:54:24,127500.0,100,Sell,233222602
2024-08-20 13:54:24,127500.0,100,Sell,233222603
2024-08-20 13:54:25,127500.0,500,Buy,233222672
2024-08-20 13:54:47,127500.0,100,Buy,233224278
2024-08-20 13:55:23,127500.0,100,Buy,233226796
2024-08-20 13:55:26,127400.0,100,Sell,233226992
2024-08-20 13:55:40,127400.0,100,Sell,233227901
2024-08-20 13:56:35,127400.0,100,Sell,233230839
2024-08-20 13:57:33,127500.0,7100,Buy,233234013
2024-08-20 13:57:38,127500.0,200,Buy,233234268
2024-08-20 13:57:38,127400.0,400,Sell,233234295
2024-08-20 13:57:38,127400.0,100,Sell,233234296
2024-08-20 13:57:42,127500.0,100,Buy,233234519
2024-08-20 13:57:50,127500.0,400,Buy,233234891
2024-08-20 13:58:03,127500.0,100,Buy,233235629
2024-08-20 13:58:05,127500.0,100,Buy,233235718
2024-08-20 13:58:06,127500.0,500,Buy,233235762
2024-08-20 13:58:22,127500.0,200,Buy,233236555
2024-08-20 13:58:30,127500.0,1000,Buy,233236978
2024-08-20 13:58:32,127400.0,100,Sell,233237028
2024-08-20 13:58:35,127500.0,200,Buy,233237166
2024-08-20 13:58:58,127500.0,100,Buy,233238455
2024-08-20 13:59:10,127500.0,300,Buy,233239093
2024-08-20 13:59:17,127400.0,100,Sell,233239588
2024-08-20 13:59:28,127500.0,200,Buy,233240095
2024-08-20 13:59:58,127500.0,300,Buy,233241519
2024-08-20 14:00:09,127500.0,100,Buy,233242035
2024-08-20 14:00:14,127500.0,1000,Buy,233242306
2024-08-20 14:00:49,127500.0,100,Buy,233244089
2024-08-20 14:01:01,127500.0,300,Buy,233244534
2024-08-20 14:01:03,127500.0,100,Buy,233244574
2024-08-20 14:01:14,127500.0,5000,Buy,233244990
2024-08-20 14:01:18,127500.0,400,Buy,233245132
2024-08-20 14:01:51,127500.0,700,Buy,233246610
2024-08-20 14:01:56,127500.0,100,Buy,233246879
2024-08-20 14:02:08,127500.0,100,Buy,233247371
2024-08-20 14:02:08,127400.0,200,Sell,233247389
2024-08-20 14:02:11,127500.0,200,Buy,233247476
2024-08-20 14:02:11,127500.0,300,Buy,233247477
2024-08-20 14:02:33,127500.0,100,Buy,233248752
2024-08-20 14:02:50,127500.0,500,Buy,233249470
2024-08-20 14:03:16,127500.0,100,Buy,233250870
2024-08-20 14:03:17,127500.0,500,Buy,233251031
2024-08-20 14:03:23,127500.0,1000,Buy,233251326
2024-08-20 14:03:23,127500.0,100,Buy,233251327
2024-08-20 14:03:23,127500.0,100,Buy,233251324
2024-08-20 14:03:23,127500.0,700,Buy,233251323
2024-08-20 14:03:23,127500.0,200,Buy,233251325
2024-08-20 14:03:31,127500.0,900,Buy,233251625
2024-08-20 14:04:24,127600.0,100,Buy,233254323
2024-08-20 14:04:33,127600.0,900,Buy,233254774
2024-08-20 14:04:33,127600.0,100,Buy,233254775
2024-08-20 14:04:39,127600.0,900,Buy,233255206
2024-08-20 14:04:59,127700.0,400,Buy,233256246
2024-08-20 14:05:09,127600.0,300,Sell,233256616
2024-08-20 14:05:24,127700.0,100,Buy,233257249
2024-08-20 14:05:37,127700.0,100,Buy,233257800
2024-08-20 14:05:46,127700.0,400,Buy,233258232
2024-08-20 14:05:46,127700.0,100,Buy,233258233
2024-08-20 14:05:54,127700.0,600,Buy,233258645
2024-08-20 14:06:08,127700.0,100,Buy,233259165
2024-08-20 14:06:17,127700.0,100,Buy,233259540
2024-08-20 14:07:58,127700.0,100,Buy,233263744
2024-08-20 14:08:18,127800.0,100,Buy,233264658
2024-08-20 14:08:34,127800.0,400,Buy,233265429
2024-08-20 14:08:34,127800.0,100,Buy,233265428
2024-08-20 14:08:42,127800.0,100,Buy,233265753
2024-08-20 14:08:45,127800.0,300,Buy,233265883
2024-08-20 14:09:00,127800.0,100,Buy,233266497
2024-08-20 14:09:01,127800.0,100,Buy,233266509
2024-08-20 14:09:01,127800.0,400,Sell,233266513
2024-08-20 14:09:01,127700.0,100,Sell,233266514
2024-08-20 14:09:01,127700.0,100,Sell,233266515
2024-08-20 14:09:01,127700.0,100,Sell,233266516
2024-08-20 14:09:09,127700.0,100,Buy,233266804
2024-08-20 14:09:19,127700.0,100,Buy,233267163
2024-08-20 14:09:42,127700.0,100,Buy,233268047
2024-08-20 14:10:22,127700.0,100,Sell,233269890
2024-08-20 14:10:31,127900.0,1000,Buy,233270377
2024-08-20 14:10:31,128000.0,300,Buy,233270378
2024-08-20 14:10:31,128000.0,1000,Buy,233270379
2024-08-20 14:10:31,128000.0,5300,Buy,233270380
2024-08-20 14:10:31,127800.0,1000,Buy,233270376
2024-08-20 14:12:20,127700.0,100,Sell,233275673
2024-08-20 14:12:34,127600.0,100,Sell,233276328
2024-08-20 14:13:12,127600.0,100,Sell,233278567
2024-08-20 14:13:12,127600.0,200,Sell,233278568
2024-08-20 14:13:17,127600.0,100,Buy,233278900
2024-08-20 14:13:18,127600.0,1000,Buy,233278936
2024-08-20 14:13:21,127600.0,100,Buy,233279078
2024-08-20 14:13:26,127500.0,100,Sell,233279462
2024-08-20 14:13:55,127500.0,300,Sell,233281351
2024-08-20 14:14:03,127500.0,1000,Sell,233281811
2024-08-20 14:14:03,127500.0,100,Sell,233281814
2024-08-20 14:14:03,127500.0,700,Sell,233281810
2024-08-20 14:14:03,127500.0,100,Sell,233281812
2024-08-20 14:14:03,127500.0,100,Sell,233281813
2024-08-20 14:15:55,127500.0,200,Sell,233287480
2024-08-20 14:15:55,127500.0,100,Sell,233287481
2024-08-20 14:16:07,127500.0,500,Sell,233288213
2024-08-20 14:16:52,127600.0,100,Buy,233290444
2024-08-20 14:18:06,127500.0,100,Sell,233294078
2024-08-20 14:18:06,127500.0,400,Sell,233294079
2024-08-20 14:19:08,127500.0,100,Sell,233297193
2024-08-20 14:20:05,127400.0,300,Sell,233299349
2024-08-20 14:20:05,127400.0,200,Sell,233299350
2024-08-20 14:20:05,127400.0,500,Sell,233299351
2024-08-20 14:20:27,127500.0,100,Buy,233300224
2024-08-20 14:20:43,127400.0,100,Sell,233301031
2024-08-20 14:20:43,127400.0,100,Sell,233301030
2024-08-20 14:21:11,127400.0,100,Sell,233302065
2024-08-20 14:21:11,127400.0,300,Sell,233302066
2024-08-20 14:21:17,127400.0,300,Buy,233302336
2024-08-20 14:21:29,127400.0,100,Buy,233302732
2024-08-20 14:22:34,127500.0,100,Buy,233305085
2024-08-20 14:22:34,127500.0,300,Buy,233305086
2024-08-20 14:22:35,127500.0,1000,Buy,233305106
2024-08-20 14:22:45,127500.0,100,Buy,233305457
2024-08-20 14:22:46,127500.0,500,Buy,233305478
2024-08-20 14:22:47,127500.0,100,Buy,233305488
2024-08-20 14:23:21,127400.0,100,Sell,233306770
2024-08-20 14:23:21,127400.0,100,Sell,233306769
2024-08-20 14:23:21,127400.0,100,Sell,233306767
2024-08-20 14:23:21,127400.0,300,Sell,233306768
2024-08-20 14:24:02,127500.0,100,Buy,233308259
2024-08-20 14:24:03,127400.0,100,Sell,233308281
2024-08-20 14:24:03,127400.0,100,Sell,233308282
2024-08-20 14:24:03,127400.0,500,Sell,233308283
2024-08-20 14:24:03,127400.0,100,Sell,233308284
2024-08-20 14:24:03,127400.0,100,Sell,233308285
2024-08-20 14:24:10,127400.0,100,Buy,233308510
2024-08-20 14:25:00,127400.0,300,Sell,233310336
2024-08-20 14:25:00,127400.0,100,Sell,233310337
2024-08-20 14:25:00,127400.0,100,Sell,233310338
2024-08-20 14:25:16,127400.0,100,Buy,233310911
2024-08-20 14:26:05,127500.0,1000,Buy,233312787
2024-08-20 14:26:29,127500.0,300,Buy,233313683
2024-08-20 14:26:36,127500.0,100,Buy,233313958
2024-08-20 14:26:44,127500.0,300,Buy,233314321
2024-08-20 14:26:46,127500.0,100,Buy,233314442
2024-08-20 14:27:37,127500.0,100,Buy,233316680
2024-08-20 14:27:43,127500.0,1000,Buy,233316994
2024-08-20 14:27:43,127500.0,100,Buy,233316995
2024-08-20 14:27:43,127500.0,200,Buy,233316996
2024-08-20 14:27:47,127500.0,200,Sell,233317196
2024-08-20 14:28:39,127600.0,200,Buy,233319433
2024-08-20 14:28:59,127500.0,100,Sell,233320447
2024-08-20 14:29:08,127500.0,500,Sell,233320973
2024-08-20 14:29:35,127500.0,100,Sell,233322454
2024-08-20 14:29:35,127500.0,100,Sell,233322455
2024-08-20 14:44:37,128100.0,29300,ATO/ATC,233323387
