time,price,volume,match_type,id
2024-07-18 09:14:39,138200.0,1000,ATO/ATC,224075203
2024-07-18 09:15:09,138200.0,300,Buy,224076241
2024-07-18 09:15:26,138100.0,100,Sell,224076745
2024-07-18 09:15:26,138100.0,100,Sell,224076744
2024-07-18 09:15:37,138100.0,500,Sell,224077103
2024-07-18 09:16:10,138100.0,100,Sell,224078271
2024-07-18 09:16:15,138200.0,100,Buy,224078444
2024-07-18 09:16:15,138200.0,200,Buy,224078443
2024-07-18 09:17:45,138200.0,100,Sell,224082070
2024-07-18 09:17:53,138300.0,100,Buy,224082316
2024-07-18 09:18:02,138200.0,100,Sell,224082724
2024-07-18 09:18:02,138200.0,200,Sell,224082723
2024-07-18 09:18:02,138200.0,400,Sell,224082725
2024-07-18 09:19:08,138200.0,100,Sell,224085553
2024-07-18 09:20:39,138100.0,100,Sell,224089815
2024-07-18 09:21:12,138000.0,100,Sell,224091258
2024-07-18 09:21:12,138000.0,100,Sell,224091259
2024-07-18 09:21:30,138000.0,100,Sell,224092046
2024-07-18 09:21:30,138000.0,400,Sell,224092047
2024-07-18 09:21:31,138000.0,500,Sell,224092108
2024-07-18 09:21:43,138000.0,100,Sell,224092658
2024-07-18 09:25:14,137900.0,900,Sell,224101117
2024-07-18 09:26:33,137500.0,1000,Sell,224104093
2024-07-18 09:28:49,137000.0,100,Sell,224108517
2024-07-18 09:28:50,137000.0,600,Sell,224108528
2024-07-18 09:29:05,137000.0,100,Sell,224109037
2024-07-18 09:29:45,137000.0,100,Sell,224110462
2024-07-18 09:30:30,137000.0,100,Sell,224112026
2024-07-18 09:30:30,137000.0,100,Sell,224112025
2024-07-18 09:30:34,137000.0,100,Sell,224112142
2024-07-18 09:31:58,136500.0,200,Sell,224114600
2024-07-18 09:32:46,136500.0,800,Sell,224116108
2024-07-18 09:32:46,136500.0,100,Sell,224116109
2024-07-18 09:33:38,136500.0,100,Buy,224117592
2024-07-18 09:33:57,136500.0,200,Buy,224118130
2024-07-18 09:34:19,136500.0,200,Buy,224118651
2024-07-18 09:34:19,136500.0,200,Buy,224118652
2024-07-18 09:34:19,136500.0,100,Buy,224118653
2024-07-18 09:34:30,136500.0,100,Buy,224119008
2024-07-18 09:34:30,136500.0,400,Buy,224119007
2024-07-18 09:35:44,136300.0,100,Buy,224120775
2024-07-18 09:36:14,136300.0,100,Buy,224121651
2024-07-18 09:36:16,136300.0,400,Buy,224121688
2024-07-18 09:36:17,136300.0,400,Buy,224121752
2024-07-18 09:36:25,136300.0,200,Buy,224121954
2024-07-18 09:36:25,136200.0,1000,Sell,224121955
2024-07-18 09:36:55,136200.0,100,Buy,224122733
2024-07-18 09:37:08,136000.0,2000,Sell,224123092
2024-07-18 09:37:08,136100.0,400,Sell,224123091
2024-07-18 09:37:31,136000.0,400,Sell,224123716
2024-07-18 09:37:42,136000.0,1000,Sell,224124020
2024-07-18 09:38:07,136000.0,600,Sell,224124663
2024-07-18 09:38:07,136000.0,200,Sell,224124664
2024-07-18 09:38:50,136500.0,100,Buy,224125969
2024-07-18 09:38:50,136500.0,200,Buy,224125970
2024-07-18 09:39:13,136500.0,500,Buy,224126622
2024-07-18 09:39:21,136500.0,500,Buy,224126809
2024-07-18 09:40:08,136500.0,100,Sell,224127934
2024-07-18 09:40:55,136500.0,200,Buy,224129248
2024-07-18 09:41:02,136500.0,700,Buy,224129461
2024-07-18 09:41:53,136300.0,100,Sell,224130816
2024-07-18 09:42:19,136300.0,200,Buy,224131485
2024-07-18 09:43:13,136500.0,100,Buy,224132850
2024-07-18 09:43:13,136500.0,600,Buy,224132851
2024-07-18 09:43:13,136500.0,200,Buy,224132852
2024-07-18 09:43:13,136400.0,100,Buy,224132849
2024-07-18 09:44:08,136100.0,100,Sell,224133981
2024-07-18 09:45:07,136100.0,200,Buy,224135265
2024-07-18 09:45:13,136100.0,300,Buy,224135456
2024-07-18 09:45:46,136000.0,200,Sell,224136234
2024-07-18 09:45:46,136000.0,300,Sell,224136233
2024-07-18 09:45:46,136000.0,100,Sell,224136230
2024-07-18 09:45:46,136000.0,100,Sell,224136231
2024-07-18 09:45:46,136000.0,200,Sell,224136232
2024-07-18 09:45:46,136000.0,100,Sell,224136229
2024-07-18 09:46:02,136000.0,100,Sell,224136616
2024-07-18 09:46:08,136000.0,200,Sell,224136887
2024-07-18 09:46:08,136000.0,300,Sell,224136888
2024-07-18 09:46:35,136000.0,100,Sell,224137551
2024-07-18 09:47:31,136000.0,200,Sell,224138722
2024-07-18 09:47:50,136000.0,600,Sell,224139162
2024-07-18 09:48:59,136000.0,100,Sell,224140650
2024-07-18 09:48:59,136000.0,300,Sell,224140651
2024-07-18 09:48:59,136000.0,1000,Sell,224140652
2024-07-18 09:48:59,136000.0,100,Sell,224140653
2024-07-18 09:48:59,136000.0,200,Sell,224140654
2024-07-18 09:48:59,136000.0,300,Sell,224140655
2024-07-18 09:48:59,136000.0,200,Sell,224140656
2024-07-18 09:48:59,136000.0,800,Sell,224140649
2024-07-18 09:49:05,135500.0,100,Sell,224140816
2024-07-18 09:49:05,135500.0,100,Sell,224140815
2024-07-18 09:49:05,135900.0,100,Sell,224140813
2024-07-18 09:49:05,135800.0,200,Sell,224140814
2024-07-18 09:49:19,136000.0,200,Buy,224141131
2024-07-18 09:49:22,135500.0,900,Sell,224141180
2024-07-18 09:49:31,135000.0,100,Sell,224141331
2024-07-18 09:49:31,135200.0,200,Sell,224141330
2024-07-18 09:49:43,135000.0,2500,Sell,224141614
2024-07-18 09:49:43,135000.0,100,Sell,224141615
2024-07-18 09:49:43,135000.0,100,Sell,224141613
2024-07-18 09:50:03,135000.0,100,Sell,224142032
2024-07-18 09:51:27,135500.0,600,Buy,224144090
2024-07-18 09:51:34,135500.0,200,Buy,224144216
2024-07-18 09:51:47,135100.0,100,Sell,224144503
2024-07-18 09:51:49,135500.0,100,Buy,224144529
2024-07-18 09:52:08,135500.0,500,Buy,224144978
2024-07-18 09:52:08,135500.0,200,Buy,224144992
2024-07-18 09:52:31,135500.0,100,Buy,224145551
2024-07-18 09:52:34,135500.0,900,Buy,224145644
2024-07-18 09:52:51,135500.0,100,Sell,224146042
2024-07-18 09:53:14,135500.0,100,Sell,224146598
2024-07-18 09:53:37,135500.0,2000,Sell,224147163
2024-07-18 09:54:02,135500.0,100,Sell,224147672
2024-07-18 09:54:20,135500.0,100,Sell,224148015
2024-07-18 09:54:20,135500.0,500,Sell,224148013
2024-07-18 09:54:20,135500.0,100,Sell,224148014
2024-07-18 09:54:31,135100.0,100,Sell,224148286
2024-07-18 09:54:31,135100.0,400,Sell,224148287
2024-07-18 09:54:31,135100.0,200,Sell,224148285
2024-07-18 09:54:32,135100.0,400,Buy,224148299
2024-07-18 09:54:32,135100.0,400,Buy,224148318
2024-07-18 09:54:33,135100.0,1800,Buy,224148339
2024-07-18 09:55:11,135200.0,100,Sell,224149189
2024-07-18 09:57:04,135200.0,100,Sell,224151790
2024-07-18 09:57:06,135200.0,100,Sell,224151823
2024-07-18 09:57:41,135200.0,100,Sell,224152532
2024-07-18 09:57:54,135300.0,100,Sell,224152935
2024-07-18 09:57:54,135300.0,400,Sell,224152936
2024-07-18 09:59:30,135300.0,100,Buy,224155325
2024-07-18 10:00:21,135300.0,200,Sell,224156662
2024-07-18 10:00:29,135300.0,100,Buy,224156846
2024-07-18 10:00:49,135200.0,1000,Sell,224157285
2024-07-18 10:01:04,135200.0,100,Sell,224157671
2024-07-18 10:01:59,135200.0,200,Sell,224159214
2024-07-18 10:02:14,135200.0,100,Buy,224159480
2024-07-18 10:02:35,135100.0,100,Sell,224159950
2024-07-18 10:02:35,135000.0,400,Sell,224159972
2024-07-18 10:02:35,135000.0,200,Sell,224159971
2024-07-18 10:02:35,135000.0,100,Sell,224159969
2024-07-18 10:02:35,135000.0,100,Sell,224159968
2024-07-18 10:02:35,135000.0,800,Sell,224159967
2024-07-18 10:02:35,135000.0,500,Sell,224159966
2024-07-18 10:02:35,135000.0,100,Sell,224159965
2024-07-18 10:02:35,135000.0,100,Sell,224159964
2024-07-18 10:02:35,135000.0,500,Sell,224159963
2024-07-18 10:02:35,135000.0,500,Sell,224159962
2024-07-18 10:02:35,135000.0,100,Sell,224159970
2024-07-18 10:02:35,135000.0,200,Sell,224159960
2024-07-18 10:02:35,135000.0,100,Sell,224159961
2024-07-18 10:02:35,135100.0,100,Sell,224159951
2024-07-18 10:02:35,135100.0,100,Sell,224159952
2024-07-18 10:02:35,135100.0,300,Sell,224159953
2024-07-18 10:02:35,135000.0,100,Sell,224159954
2024-07-18 10:02:35,135100.0,100,Sell,224159949
2024-07-18 10:02:35,135000.0,100,Sell,224159956
2024-07-18 10:02:35,135000.0,200,Sell,224159955
2024-07-18 10:02:35,135000.0,100,Sell,224159957
2024-07-18 10:02:35,135000.0,100,Sell,224159958
2024-07-18 10:02:35,135000.0,1000,Sell,224159959
2024-07-18 10:03:05,135000.0,100,Sell,224160573
2024-07-18 10:04:19,135000.0,300,Buy,224162217
2024-07-18 10:04:19,135000.0,100,Buy,224162222
2024-07-18 10:04:30,134800.0,200,Sell,224162413
2024-07-18 10:04:45,134800.0,300,Sell,224162669
2024-07-18 10:05:06,134700.0,100,Sell,224163109
2024-07-18 10:05:06,134600.0,100,Sell,224163111
2024-07-18 10:05:06,134700.0,100,Sell,224163110
2024-07-18 10:05:53,134600.0,300,Sell,224164258
2024-07-18 10:06:09,134700.0,100,Buy,224164602
2024-07-18 10:06:10,134700.0,300,Buy,224164626
2024-07-18 10:06:23,134700.0,200,Sell,224164849
2024-07-18 10:07:08,134600.0,300,Sell,224165986
2024-07-18 10:07:08,134600.0,200,Sell,224165987
2024-07-18 10:07:19,134500.0,200,Sell,224166268
2024-07-18 10:07:26,134700.0,300,Buy,224166449
2024-07-18 10:09:34,134700.0,100,Sell,224170126
2024-07-18 10:10:38,134500.0,200,Sell,224172202
2024-07-18 10:10:38,134500.0,800,Sell,224172200
2024-07-18 10:10:38,134500.0,200,Sell,224172201
2024-07-18 10:10:59,134500.0,100,Sell,224172753
2024-07-18 10:10:59,134500.0,100,Sell,224172752
2024-07-18 10:11:01,134500.0,500,Buy,224172789
2024-07-18 10:13:15,134500.0,300,Buy,224176868
2024-07-18 10:13:15,134500.0,100,Buy,224176867
2024-07-18 10:13:15,134400.0,300,Buy,224176864
2024-07-18 10:13:15,134500.0,300,Buy,224176865
2024-07-18 10:13:15,134500.0,400,Buy,224176866
2024-07-18 10:13:46,134600.0,100,Buy,224177512
2024-07-18 10:14:29,134600.0,300,Buy,224178704
2024-07-18 10:14:43,134500.0,100,Sell,224179024
2024-07-18 10:14:43,134500.0,200,Sell,224179025
2024-07-18 10:14:43,134500.0,100,Sell,224179026
2024-07-18 10:14:43,134500.0,500,Sell,224179027
2024-07-18 10:15:00,134400.0,600,Sell,224179515
2024-07-18 10:15:20,134500.0,200,Buy,224180064
2024-07-18 10:15:30,134500.0,200,Buy,224180324
2024-07-18 10:15:36,134000.0,1000,Sell,224180489
2024-07-18 10:15:36,134000.0,100,Sell,224180488
2024-07-18 10:15:36,134000.0,1000,Sell,224180487
2024-07-18 10:15:36,134000.0,300,Sell,224180486
2024-07-18 10:15:36,134000.0,100,Sell,224180484
2024-07-18 10:15:36,134000.0,100,Sell,224180485
2024-07-18 10:15:36,134000.0,200,Sell,224180482
2024-07-18 10:15:36,134400.0,400,Sell,224180477
2024-07-18 10:15:36,134400.0,100,Sell,224180478
2024-07-18 10:15:36,134000.0,400,Sell,224180483
2024-07-18 10:15:36,134000.0,800,Sell,224180480
2024-07-18 10:15:36,134000.0,500,Sell,224180481
2024-07-18 10:15:36,134000.0,1000,Sell,224180479
2024-07-18 10:16:30,134000.0,100,Buy,224181923
2024-07-18 10:16:48,134000.0,400,Sell,224182449
2024-07-18 10:16:48,134000.0,200,Sell,224182450
2024-07-18 10:17:44,134000.0,200,Sell,224183648
2024-07-18 10:17:44,134000.0,200,Sell,224183649
2024-07-18 10:17:44,134000.0,100,Sell,224183647
2024-07-18 10:17:59,134000.0,200,Sell,224184007
2024-07-18 10:17:59,134100.0,100,Sell,224184000
2024-07-18 10:17:59,134100.0,200,Sell,224184001
2024-07-18 10:17:59,134000.0,100,Sell,224184002
2024-07-18 10:17:59,134000.0,200,Sell,224184004
2024-07-18 10:17:59,134000.0,100,Sell,224184005
2024-07-18 10:17:59,134000.0,200,Sell,224184006
2024-07-18 10:18:00,134000.0,200,Buy,224184027
2024-07-18 10:18:02,134000.0,100,Buy,224184067
2024-07-18 10:18:13,134000.0,100,Buy,224184302
2024-07-18 10:18:40,134000.0,100,Sell,224184892
2024-07-18 10:18:40,134000.0,100,Sell,224184891
2024-07-18 10:19:37,133500.0,100,Sell,224186242
2024-07-18 10:19:37,133500.0,100,Sell,224186241
2024-07-18 10:19:58,133400.0,200,Sell,224186709
2024-07-18 10:20:18,133400.0,100,Sell,224187064
2024-07-18 10:20:18,133400.0,100,Sell,224187065
2024-07-18 10:20:27,134000.0,200,Buy,224187245
2024-07-18 10:20:32,134000.0,100,Buy,224187390
2024-07-18 10:20:33,134000.0,800,Buy,224187424
2024-07-18 10:20:33,134000.0,600,Buy,224187425
2024-07-18 10:20:33,134000.0,100,Buy,224187426
2024-07-18 10:20:33,134000.0,100,Buy,224187423
2024-07-18 10:20:35,134000.0,1000,Buy,224187471
2024-07-18 10:20:35,134000.0,500,Buy,224187472
2024-07-18 10:20:39,133500.0,200,Sell,224187592
2024-07-18 10:20:59,133600.0,200,Sell,224188044
2024-07-18 10:21:20,133600.0,200,Sell,224188576
2024-07-18 10:21:28,133600.0,400,Sell,224188760
2024-07-18 10:21:28,133700.0,200,Sell,224188759
2024-07-18 10:21:40,133700.0,200,Sell,224189002
2024-07-18 10:21:55,134500.0,200,Buy,224189338
2024-07-18 10:21:55,134500.0,100,Buy,224189337
2024-07-18 10:22:01,133700.0,200,Sell,224189434
2024-07-18 10:22:04,133700.0,100,Sell,224189474
2024-07-18 10:22:04,133700.0,200,Sell,224189475
2024-07-18 10:22:04,133700.0,600,Sell,224189476
2024-07-18 10:22:04,133600.0,100,Sell,224189477
2024-07-18 10:22:21,133600.0,200,Sell,224189846
2024-07-18 10:22:25,133600.0,200,Buy,224189935
2024-07-18 10:22:28,133600.0,200,Buy,224189994
2024-07-18 10:22:31,133600.0,100,Buy,224190026
2024-07-18 10:22:42,133600.0,200,Sell,224190265
2024-07-18 10:23:02,133500.0,200,Sell,224190650
2024-07-18 10:23:10,133600.0,100,Buy,224190785
2024-07-18 10:23:19,133600.0,400,Sell,224190989
2024-07-18 10:23:20,133600.0,100,Buy,224191004
2024-07-18 10:23:23,133500.0,200,Sell,224191049
2024-07-18 10:23:43,133500.0,100,Sell,224191419
2024-07-18 10:23:43,133500.0,100,Sell,224191420
2024-07-18 10:23:47,133600.0,100,Buy,224191491
2024-07-18 10:24:04,133600.0,200,Sell,224191804
2024-07-18 10:24:04,133600.0,100,Sell,224191802
2024-07-18 10:24:15,133600.0,500,Sell,224192026
2024-07-18 10:24:24,133600.0,100,Sell,224192223
2024-07-18 10:24:24,133600.0,100,Sell,224192224
2024-07-18 10:24:45,133700.0,200,Sell,224192774
2024-07-18 10:25:05,133700.0,100,Sell,224193115
2024-07-18 10:25:12,133700.0,100,Buy,224193245
2024-07-18 10:25:12,133700.0,100,Buy,224193246
2024-07-18 10:25:14,133700.0,500,Buy,224193323
2024-07-18 10:25:26,133600.0,200,Sell,224193516
2024-07-18 10:25:46,133700.0,100,Sell,224193897
2024-07-18 10:25:46,133700.0,100,Sell,224193898
2024-07-18 10:26:07,133700.0,100,Sell,224194300
2024-07-18 10:26:15,133600.0,100,Sell,224194451
2024-07-18 10:26:18,133700.0,500,Buy,224194477
2024-07-18 10:26:18,133700.0,200,Buy,224194478
2024-07-18 10:26:27,133700.0,200,Sell,224194606
2024-07-18 10:26:41,133700.0,100,Sell,224194847
2024-07-18 10:26:48,133600.0,200,Sell,224195041
2024-07-18 10:27:02,133700.0,100,Buy,224195225
2024-07-18 10:27:05,133700.0,300,Buy,224195279
2024-07-18 10:27:05,133700.0,100,Buy,224195276
2024-07-18 10:27:05,133700.0,100,Buy,224195277
2024-07-18 10:27:06,133700.0,100,Buy,224195305
2024-07-18 10:27:08,133600.0,200,Sell,224195336
2024-07-18 10:27:17,133700.0,200,Buy,224195525
2024-07-18 10:27:29,133700.0,200,Sell,224195717
2024-07-18 10:27:43,133800.0,200,Buy,224195948
2024-07-18 10:27:49,133800.0,200,Sell,224196072
2024-07-18 10:27:59,133800.0,600,Sell,224196247
2024-07-18 10:28:10,133800.0,100,Sell,224196447
2024-07-18 10:28:24,133800.0,100,Buy,224196722
2024-07-18 10:28:30,133800.0,100,Sell,224196837
2024-07-18 10:28:51,133700.0,100,Sell,224197125
2024-07-18 10:28:51,133700.0,100,Sell,224197124
2024-07-18 10:28:55,133700.0,500,Sell,224197227
2024-07-18 10:29:00,133800.0,100,Buy,224197321
2024-07-18 10:29:11,133700.0,200,Sell,224197535
2024-07-18 10:29:32,133700.0,200,Sell,224198007
2024-07-18 10:29:51,133700.0,100,Sell,224198369
2024-07-18 10:29:51,133700.0,500,Sell,224198370
2024-07-18 10:29:52,133700.0,200,Sell,224198400
2024-07-18 10:30:06,134600.0,1300,Buy,224198681
2024-07-18 10:30:06,134500.0,800,Buy,224198680
2024-07-18 10:30:06,134000.0,100,Buy,224198679
2024-07-18 10:30:13,133700.0,200,Sell,224198794
2024-07-18 10:30:33,133700.0,100,Sell,224199182
2024-07-18 10:30:35,133700.0,100,Buy,224199271
2024-07-18 10:30:40,133700.0,100,Sell,224199389
2024-07-18 10:30:40,133700.0,100,Sell,224199388
2024-07-18 10:30:47,133700.0,500,Sell,224199538
2024-07-18 10:30:50,133900.0,200,Buy,224199594
2024-07-18 10:30:54,133900.0,200,Sell,224199748
2024-07-18 10:31:14,133900.0,200,Sell,224200078
2024-07-18 10:31:35,133900.0,200,Sell,224200505
2024-07-18 10:31:43,133900.0,400,Sell,224200634
2024-07-18 10:31:43,133900.0,200,Sell,224200633
2024-07-18 10:31:55,133900.0,200,Sell,224200809
2024-07-18 10:32:16,133800.0,200,Sell,224201163
2024-07-18 10:32:36,133800.0,200,Sell,224201536
2024-07-18 10:32:39,133800.0,600,Sell,224201573
2024-07-18 10:32:42,134000.0,100,Buy,224201611
2024-07-18 10:32:57,133800.0,200,Sell,224201877
2024-07-18 10:33:18,133800.0,200,Sell,224202203
2024-07-18 10:33:35,133800.0,200,Sell,224202547
2024-07-18 10:33:35,133800.0,100,Sell,224202545
2024-07-18 10:33:35,133800.0,200,Sell,224202546
2024-07-18 10:33:38,133700.0,200,Sell,224202612
2024-07-18 10:33:59,133700.0,200,Sell,224202990
2024-07-18 10:34:19,133700.0,200,Sell,224203419
2024-07-18 10:34:30,133700.0,400,Sell,224203566
2024-07-18 10:34:30,133700.0,200,Sell,224203567
2024-07-18 10:34:40,133700.0,100,Sell,224203854
2024-07-18 10:34:40,133700.0,100,Sell,224203855
2024-07-18 10:34:59,133700.0,200,Sell,224204295
2024-07-18 10:34:59,133700.0,300,Sell,224204294
2024-07-18 10:35:00,133700.0,200,Sell,224204325
2024-07-18 10:35:06,133900.0,200,Buy,224204406
2024-07-18 10:35:06,134000.0,100,Buy,224204407
2024-07-18 10:35:06,134000.0,200,Buy,224204408
2024-07-18 10:35:06,134500.0,300,Buy,224204409
2024-07-18 10:35:06,134500.0,200,Buy,224204410
2024-07-18 10:35:21,133700.0,100,Sell,224204691
2024-07-18 10:35:26,133700.0,100,Buy,224204752
2024-07-18 10:35:28,133700.0,500,Buy,224204832
2024-07-18 10:35:41,133700.0,200,Sell,224205051
2024-07-18 10:36:02,133700.0,200,Sell,224205357
2024-07-18 10:36:22,133700.0,600,Sell,224205780
2024-07-18 10:36:22,133700.0,100,Sell,224205774
2024-07-18 10:36:22,133700.0,100,Sell,224205778
2024-07-18 10:36:43,133700.0,200,Sell,224206124
2024-07-18 10:37:03,133700.0,100,Sell,224206527
2024-07-18 10:37:24,133600.0,200,Sell,224206929
2024-07-18 10:37:44,133600.0,100,Sell,224207358
2024-07-18 10:37:52,133600.0,200,Sell,224207492
2024-07-18 10:38:05,133600.0,200,Sell,224207661
2024-07-18 10:38:14,133600.0,600,Sell,224207797
2024-07-18 10:38:23,133600.0,300,Sell,224207921
2024-07-18 10:38:25,133600.0,200,Sell,224207958
2024-07-18 10:38:42,133600.0,100,Sell,224208156
2024-07-18 10:38:46,133600.0,100,Sell,224208219
2024-07-18 10:38:46,133600.0,100,Sell,224208220
2024-07-18 10:38:49,133700.0,100,Buy,224208259
2024-07-18 10:38:49,133700.0,200,Buy,224208260
2024-07-18 10:38:49,133700.0,500,Buy,224208261
2024-07-18 10:39:06,133700.0,200,Sell,224208567
2024-07-18 10:39:24,133700.0,600,Buy,224208981
2024-07-18 10:39:27,133700.0,200,Sell,224209008
2024-07-18 10:39:47,133700.0,200,Sell,224209363
2024-07-18 10:40:03,133700.0,300,Sell,224209591
2024-07-18 10:40:06,133700.0,500,Sell,224209612
2024-07-18 10:40:08,133700.0,200,Sell,224209633
2024-07-18 10:40:28,133700.0,200,Sell,224209978
2024-07-18 10:40:49,133700.0,100,Sell,224210315
2024-07-18 10:41:02,133700.0,200,Sell,224210522
2024-07-18 10:41:02,133700.0,400,Sell,224210523
2024-07-18 10:41:09,133700.0,200,Sell,224210624
2024-07-18 10:41:26,133500.0,100,Sell,224210836
2024-07-18 10:41:26,133500.0,500,Sell,224210843
2024-07-18 10:41:26,133500.0,100,Sell,224210841
2024-07-18 10:41:26,133500.0,300,Sell,224210840
2024-07-18 10:41:26,133500.0,1000,Sell,224210839
2024-07-18 10:41:26,133500.0,100,Sell,224210838
2024-07-18 10:41:26,133500.0,300,Sell,224210837
2024-07-18 10:41:26,133500.0,200,Sell,224210835
2024-07-18 10:41:26,133500.0,500,Sell,224210844
2024-07-18 10:41:26,133500.0,500,Sell,224210833
2024-07-18 10:41:26,133500.0,500,Sell,224210832
2024-07-18 10:41:26,133600.0,1000,Sell,224210831
2024-07-18 10:41:26,133600.0,300,Sell,224210830
2024-07-18 10:41:26,133600.0,100,Sell,224210829
2024-07-18 10:41:26,133600.0,900,Sell,224210828
2024-07-18 10:41:26,133600.0,300,Sell,224210827
2024-07-18 10:41:26,133500.0,100,Sell,224210834
2024-07-18 10:41:26,133700.0,1400,Sell,224210826
2024-07-18 10:41:30,133400.0,200,Sell,224210898
2024-07-18 10:41:50,133300.0,200,Sell,224211139
2024-07-18 10:41:58,133400.0,500,Sell,224211275
2024-07-18 10:42:11,133300.0,200,Sell,224211437
2024-07-18 10:42:30,133300.0,500,Sell,224211702
2024-07-18 10:42:31,133300.0,200,Sell,224211717
2024-07-18 10:42:52,133300.0,200,Sell,224211983
2024-07-18 10:42:54,133300.0,600,Sell,224212002
2024-07-18 10:43:12,133200.0,100,Sell,224212258
2024-07-18 10:43:12,133200.0,100,Sell,224212259
2024-07-18 10:43:33,133200.0,200,Sell,224212509
2024-07-18 10:43:50,133200.0,100,Sell,224212740
2024-07-18 10:43:51,133200.0,200,Buy,224212748
2024-07-18 10:43:53,133100.0,100,Sell,224212779
2024-07-18 10:43:55,133200.0,100,Buy,224212805
2024-07-18 10:43:55,133200.0,200,Buy,224212808
2024-07-18 10:44:14,133200.0,100,Sell,224213048
2024-07-18 10:44:34,133100.0,200,Sell,224213301
2024-07-18 10:44:35,133200.0,100,Buy,224213329
2024-07-18 10:44:51,133200.0,100,Buy,224213509
2024-07-18 10:44:53,133200.0,400,Buy,224213542
2024-07-18 10:44:55,133200.0,200,Sell,224213584
2024-07-18 10:45:15,133200.0,100,Sell,224213793
2024-07-18 10:45:15,133200.0,100,Sell,224213792
2024-07-18 10:45:18,133400.0,100,Buy,224213820
2024-07-18 10:45:32,133400.0,100,Buy,224213983
2024-07-18 10:45:36,133200.0,200,Sell,224214023
2024-07-18 10:45:42,133200.0,100,Sell,224214092
2024-07-18 10:45:42,133200.0,100,Sell,224214090
2024-07-18 10:45:42,133200.0,100,Sell,224214091
2024-07-18 10:45:56,133100.0,200,Sell,224214305
2024-07-18 10:46:14,133200.0,100,Buy,224214502
2024-07-18 10:46:17,133100.0,200,Sell,224214545
2024-07-18 10:46:37,133100.0,500,Sell,224214774
2024-07-18 10:46:37,133100.0,100,Sell,224214775
2024-07-18 10:46:37,133100.0,100,Sell,224214776
2024-07-18 10:46:58,133100.0,100,Sell,224215037
2024-07-18 10:47:11,133200.0,100,Buy,224215198
2024-07-18 10:47:19,133100.0,100,Sell,224215297
2024-07-18 10:47:19,133100.0,100,Sell,224215298
2024-07-18 10:47:30,133200.0,100,Buy,224215509
2024-07-18 10:47:39,133000.0,100,Sell,224215586
2024-07-18 10:47:39,133000.0,100,Sell,224215585
2024-07-18 10:48:00,133000.0,100,Sell,224215891
2024-07-18 10:48:00,133000.0,100,Sell,224215892
2024-07-18 10:48:20,133000.0,200,Sell,224216212
2024-07-18 10:48:29,133000.0,500,Sell,224216367
2024-07-18 10:48:41,133000.0,100,Sell,224216528
2024-07-18 10:48:41,133000.0,100,Sell,224216529
2024-07-18 10:49:01,133000.0,200,Sell,224216859
2024-07-18 10:49:22,133000.0,200,Sell,224217170
2024-07-18 10:49:23,133000.0,100,Sell,224217183
2024-07-18 10:49:23,133000.0,100,Sell,224217184
2024-07-18 10:49:25,133000.0,100,Sell,224217233
2024-07-18 10:49:25,133000.0,100,Sell,224217234
2024-07-18 10:49:25,133000.0,100,Sell,224217236
2024-07-18 10:49:25,133000.0,100,Sell,224217237
2024-07-18 10:49:25,133000.0,200,Sell,224217235
2024-07-18 10:49:42,133000.0,200,Sell,224217515
2024-07-18 10:49:44,133100.0,200,Buy,224217527
2024-07-18 10:50:03,133100.0,100,Sell,224217846
2024-07-18 10:50:21,133100.0,200,Sell,224218057
2024-07-18 10:50:21,133100.0,100,Sell,224218058
2024-07-18 10:50:23,133000.0,200,Sell,224218077
2024-07-18 10:50:44,133000.0,200,Sell,224218341
2024-07-18 10:50:57,133000.0,100,Sell,224218503
2024-07-18 10:51:04,133000.0,200,Sell,224218623
2024-07-18 10:51:17,133000.0,100,Sell,224218796
2024-07-18 10:51:17,133000.0,300,Sell,224218797
2024-07-18 10:51:17,133000.0,100,Sell,224218795
2024-07-18 10:51:25,133000.0,200,Sell,224218913
2024-07-18 10:51:31,133100.0,100,Buy,224219011
2024-07-18 10:51:44,133100.0,100,Buy,224219186
2024-07-18 10:51:45,133000.0,200,Sell,224219195
2024-07-18 10:51:59,133100.0,100,Buy,224219435
2024-07-18 10:52:06,133100.0,100,Sell,224219569
2024-07-18 10:52:26,133000.0,200,Sell,224219849
2024-07-18 10:52:36,133100.0,100,Buy,224219995
2024-07-18 10:52:36,133100.0,100,Buy,224219996
2024-07-18 10:52:41,133100.0,500,Buy,224220117
2024-07-18 10:52:45,133100.0,100,Sell,224220160
2024-07-18 10:52:47,133100.0,200,Sell,224220193
2024-07-18 10:52:58,133100.0,100,Sell,224220330
2024-07-18 10:53:07,133000.0,100,Sell,224220474
2024-07-18 10:53:09,133000.0,100,Sell,224220499
2024-07-18 10:53:09,133000.0,100,Sell,224220497
2024-07-18 10:53:09,133000.0,300,Sell,224220498
2024-07-18 10:53:23,133100.0,100,Buy,224220682
2024-07-18 10:53:28,133000.0,200,Sell,224220721
2024-07-18 10:53:38,133100.0,800,Buy,224220845
2024-07-18 10:53:48,133100.0,200,Sell,224220945
2024-07-18 10:54:06,133100.0,100,Sell,224221170
2024-07-18 10:54:09,133000.0,200,Sell,224221222
2024-07-18 10:54:16,133100.0,500,Buy,224221303
2024-07-18 10:54:29,133100.0,200,Sell,224221437
2024-07-18 10:54:50,133100.0,200,Sell,224221689
2024-07-18 10:55:01,133100.0,200,Sell,224221841
2024-07-18 10:55:01,133100.0,100,Sell,224221839
2024-07-18 10:55:01,133100.0,100,Sell,224221840
2024-07-18 10:55:10,133000.0,200,Sell,224221915
2024-07-18 10:55:23,133100.0,100,Buy,224222054
2024-07-18 10:55:31,133100.0,200,Sell,224222174
2024-07-18 10:55:44,133100.0,200,Sell,224222362
2024-07-18 10:55:44,133100.0,100,Sell,224222363
2024-07-18 10:55:44,133000.0,100,Sell,224222364
2024-07-18 10:55:44,133000.0,600,Sell,224222365
2024-07-18 10:55:51,133000.0,100,Sell,224222452
2024-07-18 10:55:57,133000.0,600,Sell,224222507
2024-07-18 10:56:12,133000.0,200,Sell,224222678
2024-07-18 10:56:19,133200.0,600,Buy,224222797
2024-07-18 10:56:32,133200.0,200,Sell,224222971
2024-07-18 10:56:53,133200.0,200,Sell,224223259
2024-07-18 10:56:53,133200.0,300,Sell,224223260
2024-07-18 10:56:53,133200.0,100,Sell,224223261
2024-07-18 10:56:53,133200.0,200,Sell,224223262
2024-07-18 10:56:59,133500.0,6700,Buy,224223342
2024-07-18 10:57:10,133400.0,200,Buy,224223518
2024-07-18 10:57:13,133300.0,200,Sell,224223550
2024-07-18 10:57:18,133500.0,100,Buy,224223603
2024-07-18 10:57:34,133500.0,100,Sell,224223814
2024-07-18 10:57:34,133500.0,100,Sell,224223815
2024-07-18 10:57:49,133500.0,100,Sell,224224016
2024-07-18 10:57:49,133500.0,100,Sell,224224017
2024-07-18 10:57:49,133500.0,300,Sell,224224018
2024-07-18 10:57:54,133500.0,200,Sell,224224072
2024-07-18 10:58:15,133500.0,200,Sell,224224415
2024-07-18 10:58:35,133500.0,200,Sell,224224780
2024-07-18 10:58:44,133500.0,300,Sell,224224938
2024-07-18 10:58:44,133500.0,100,Sell,224224937
2024-07-18 10:58:56,133300.0,200,Sell,224225121
2024-07-18 10:59:07,133500.0,100,Buy,224225266
2024-07-18 10:59:16,133300.0,200,Sell,224225342
2024-07-18 10:59:20,133500.0,100,Buy,224225397
2024-07-18 10:59:37,133400.0,200,Sell,224225621
2024-07-18 10:59:40,133400.0,100,Sell,224225674
2024-07-18 10:59:40,133400.0,200,Sell,224225673
2024-07-18 10:59:50,133400.0,200,Buy,224225796
2024-07-18 10:59:57,133400.0,100,Sell,224225908
2024-07-18 11:00:18,133400.0,100,Sell,224226262
2024-07-18 11:00:18,133400.0,100,Sell,224226263
2024-07-18 11:00:39,133300.0,200,Sell,224226541
2024-07-18 11:00:41,133400.0,100,Buy,224226555
2024-07-18 11:00:44,133400.0,100,Buy,224226588
2024-07-18 11:00:59,133300.0,200,Sell,224227193
2024-07-18 11:01:11,133300.0,100,Sell,224227365
2024-07-18 11:01:20,133300.0,100,Sell,224227470
2024-07-18 11:01:20,133300.0,100,Sell,224227469
2024-07-18 11:01:32,133300.0,400,Sell,224227667
2024-07-18 11:01:32,133300.0,100,Sell,224227668
2024-07-18 11:01:40,133200.0,100,Sell,224227825
2024-07-18 11:01:57,133200.0,100,Sell,224228084
2024-07-18 11:02:01,133200.0,200,Sell,224228150
2024-07-18 11:02:21,133200.0,200,Sell,224228539
2024-07-18 11:02:28,133200.0,200,Sell,224228694
2024-07-18 11:02:28,133200.0,300,Sell,224228693
2024-07-18 11:02:28,133200.0,100,Sell,224228692
2024-07-18 11:02:42,133200.0,200,Sell,224228994
2024-07-18 11:02:44,133200.0,100,Sell,224229015
2024-07-18 11:03:02,133100.0,200,Sell,224229488
2024-07-18 11:03:23,133100.0,100,Sell,224229897
2024-07-18 11:03:24,133100.0,600,Sell,224229907
2024-07-18 11:03:27,133200.0,100,Buy,224229979
2024-07-18 11:03:43,133100.0,200,Sell,224230326
2024-07-18 11:03:58,133100.0,500,Sell,224230672
2024-07-18 11:04:04,133100.0,200,Sell,224230784
2024-07-18 11:04:15,133100.0,100,Sell,224231126
2024-07-18 11:04:20,133100.0,500,Sell,224231242
2024-07-18 11:04:24,133100.0,200,Sell,224231303
2024-07-18 11:04:33,133200.0,100,Buy,224231591
2024-07-18 11:04:45,133100.0,200,Sell,224231969
2024-07-18 11:05:05,133100.0,200,Sell,224232565
2024-07-18 11:05:10,133200.0,1200,Buy,224232707
2024-07-18 11:05:18,133100.0,1100,Sell,224232874
2024-07-18 11:05:18,133100.0,300,Sell,224232873
2024-07-18 11:05:18,133100.0,2000,Sell,224232871
2024-07-18 11:05:18,133100.0,100,Sell,224232872
2024-07-18 11:05:26,133100.0,200,Sell,224233079
2024-07-18 11:05:28,133100.0,700,Sell,224233126
2024-07-18 11:05:32,133100.0,1000,Sell,224233223
2024-07-18 11:05:46,133000.0,200,Sell,224233503
2024-07-18 11:05:50,133100.0,100,Buy,224233567
2024-07-18 11:06:03,133000.0,2000,Sell,224233860
2024-07-18 11:06:03,133100.0,3800,Buy,224233865
2024-07-18 11:06:07,133000.0,200,Sell,224233926
2024-07-18 11:06:10,133100.0,100,Buy,224234001
2024-07-18 11:06:11,133100.0,200,Sell,224234022
2024-07-18 11:06:12,133100.0,500,Sell,224234090
2024-07-18 11:06:27,133100.0,100,Sell,224234407
2024-07-18 11:06:48,133100.0,200,Sell,224234773
2024-07-18 11:07:08,133100.0,600,Sell,224235129
2024-07-18 11:07:08,133100.0,200,Sell,224235130
2024-07-18 11:07:24,133100.0,300,Sell,224235446
2024-07-18 11:07:29,133100.0,200,Sell,224235566
2024-07-18 11:07:49,133100.0,100,Sell,224236038
2024-07-18 11:07:49,133100.0,100,Sell,224236039
2024-07-18 11:08:10,133000.0,100,Sell,224236346
2024-07-18 11:08:10,133000.0,100,Sell,224236345
2024-07-18 11:08:30,133000.0,100,Sell,224236856
2024-07-18 11:08:51,133000.0,200,Sell,224237201
2024-07-18 11:08:53,133100.0,400,Buy,224237221
2024-07-18 11:08:54,133100.0,200,Buy,224237250
2024-07-18 11:08:54,133100.0,100,Buy,224237251
2024-07-18 11:09:00,133100.0,500,Sell,224237449
2024-07-18 11:09:11,133100.0,200,Sell,224237734
2024-07-18 11:09:32,133100.0,100,Sell,224238222
2024-07-18 11:09:52,133000.0,200,Sell,224238862
2024-07-18 11:09:55,133000.0,200,Sell,224238914
2024-07-18 11:09:55,133000.0,400,Sell,224238913
2024-07-18 11:10:08,133100.0,100,Buy,224239195
2024-07-18 11:10:08,133100.0,300,Buy,224239196
2024-07-18 11:10:09,133100.0,500,Buy,224239280
2024-07-18 11:10:13,133000.0,200,Sell,224239359
2024-07-18 11:10:25,133100.0,800,Buy,224239616
2024-07-18 11:10:33,133000.0,100,Sell,224239765
2024-07-18 11:10:51,133000.0,500,Sell,224240086
2024-07-18 11:10:54,133000.0,100,Sell,224240141
2024-07-18 11:10:54,133000.0,100,Sell,224240140
2024-07-18 11:11:14,133000.0,200,Sell,224240579
2024-07-18 11:11:35,133000.0,200,Sell,224241090
2024-07-18 11:11:47,133000.0,400,Sell,224241291
2024-07-18 11:11:47,133000.0,200,Sell,224241292
2024-07-18 11:11:55,133000.0,200,Sell,224241405
2024-07-18 11:12:16,133000.0,100,Sell,224241769
2024-07-18 11:12:16,133000.0,100,Sell,224241768
2024-07-18 11:12:36,133000.0,100,Sell,224242120
2024-07-18 11:12:43,133000.0,300,Sell,224242206
2024-07-18 11:12:43,133000.0,200,Sell,224242207
2024-07-18 11:12:43,133000.0,100,Sell,224242212
2024-07-18 11:12:57,133000.0,200,Sell,224242600
2024-07-18 11:13:17,133000.0,200,Sell,224242951
2024-07-18 11:13:19,133000.0,200,Sell,224242973
2024-07-18 11:13:19,133000.0,300,Sell,224242972
2024-07-18 11:13:38,133000.0,100,Sell,224243275
2024-07-18 11:13:38,133000.0,100,Sell,224243276
2024-07-18 11:13:39,133000.0,100,Sell,224243286
2024-07-18 11:13:39,133000.0,100,Sell,224243287
2024-07-18 11:13:39,133000.0,400,Sell,224243288
2024-07-18 11:13:58,133000.0,100,Sell,224243697
2024-07-18 11:13:58,133000.0,100,Sell,224243698
2024-07-18 11:14:19,133000.0,100,Sell,224244127
2024-07-18 11:14:19,133000.0,100,Sell,224244126
2024-07-18 11:14:35,133000.0,100,Sell,224244552
2024-07-18 11:14:35,133000.0,200,Sell,224244549
2024-07-18 11:14:35,133000.0,100,Sell,224244550
2024-07-18 11:14:35,133000.0,200,Sell,224244551
2024-07-18 11:14:40,133000.0,100,Sell,224244680
2024-07-18 11:15:00,133000.0,200,Sell,224245221
2024-07-18 11:15:21,133000.0,100,Sell,224245714
2024-07-18 11:15:21,133000.0,100,Sell,224245715
2024-07-18 11:15:31,133000.0,100,Sell,224245951
2024-07-18 11:15:31,133000.0,400,Sell,224245952
2024-07-18 11:15:41,133000.0,100,Sell,224246122
2024-07-18 11:15:41,133000.0,100,Sell,224246123
2024-07-18 11:16:02,133000.0,100,Sell,224246840
2024-07-18 11:16:02,133000.0,100,Sell,224246841
2024-07-18 11:16:22,132900.0,200,Sell,224247373
2024-07-18 11:16:27,132900.0,600,Sell,224247488
2024-07-18 11:16:43,132900.0,100,Sell,224247825
2024-07-18 11:16:55,132900.0,600,Sell,224248129
2024-07-18 11:16:55,132900.0,500,Sell,224248128
2024-07-18 11:16:55,132900.0,100,Sell,224248126
2024-07-18 11:16:55,132900.0,100,Sell,224248127
2024-07-18 11:17:03,132900.0,200,Sell,224248248
2024-07-18 11:17:23,132900.0,500,Sell,224248564
2024-07-18 11:17:24,132900.0,200,Sell,224248583
2024-07-18 11:17:27,132900.0,1000,Sell,224248648
2024-07-18 11:17:32,132900.0,500,Sell,224248777
2024-07-18 11:17:44,132900.0,100,Sell,224249011
2024-07-18 11:17:56,132900.0,100,Buy,224249524
2024-07-18 11:18:05,132900.0,200,Sell,224249672
2024-07-18 11:18:19,132900.0,500,Sell,224250054
2024-07-18 11:18:25,132800.0,100,Sell,224250178
2024-07-18 11:18:46,132800.0,100,Sell,224250637
2024-07-18 11:18:46,132800.0,100,Sell,224250636
2024-07-18 11:19:01,132800.0,500,Sell,224250903
2024-07-18 11:19:06,132800.0,200,Sell,224251007
2024-07-18 11:19:15,132800.0,500,Sell,224251170
2024-07-18 11:19:15,132800.0,300,Sell,224251175
2024-07-18 11:19:27,132800.0,200,Sell,224251415
2024-07-18 11:19:47,132800.0,200,Sell,224251916
2024-07-18 11:19:53,132900.0,100,Buy,224252025
2024-07-18 11:20:08,132800.0,200,Sell,224252344
2024-07-18 11:20:11,132800.0,600,Sell,224252403
2024-07-18 11:20:28,132800.0,100,Sell,224252715
2024-07-18 11:20:34,132800.0,300,Sell,224252801
2024-07-18 11:20:49,132800.0,200,Sell,224253082
2024-07-18 11:21:07,132800.0,600,Sell,224253397
2024-07-18 11:21:09,132800.0,100,Sell,224253472
2024-07-18 11:21:09,132800.0,100,Sell,224253473
2024-07-18 11:21:25,132800.0,300,Sell,224253864
2024-07-18 11:21:30,132800.0,200,Sell,224253968
2024-07-18 11:21:50,132800.0,200,Sell,224254386
2024-07-18 11:22:02,132800.0,500,Sell,224254544
2024-07-18 11:22:11,132800.0,200,Sell,224254659
2024-07-18 11:22:31,132800.0,100,Sell,224255056
2024-07-18 11:22:35,133000.0,200,Buy,224255121
2024-07-18 11:22:37,132800.0,400,Sell,224255153
2024-07-18 11:22:37,132800.0,100,Sell,224255154
2024-07-18 11:22:52,132800.0,200,Sell,224255402
2024-07-18 11:22:53,133000.0,100,Buy,224255404
2024-07-18 11:23:12,132800.0,200,Sell,224255789
2024-07-18 11:23:12,133000.0,100,Buy,224255803
2024-07-18 11:23:24,133000.0,100,Buy,224255995
2024-07-18 11:23:24,133000.0,100,Buy,224255997
2024-07-18 11:23:24,133000.0,200,Buy,224255996
2024-07-18 11:23:33,132800.0,200,Sell,224256132
2024-07-18 11:23:50,133000.0,100,Buy,224256443
2024-07-18 11:23:50,133000.0,400,Buy,224256444
2024-07-18 11:23:53,132800.0,100,Sell,224256505
2024-07-18 11:23:53,132800.0,100,Sell,224256506
2024-07-18 11:23:54,132800.0,400,Sell,224256520
2024-07-18 11:23:54,132800.0,100,Sell,224256521
2024-07-18 11:24:14,132800.0,200,Sell,224256851
2024-07-18 11:24:24,133000.0,200,Buy,224257006
2024-07-18 11:24:34,133000.0,100,Sell,224257164
2024-07-18 11:24:50,133000.0,200,Sell,224257435
2024-07-18 11:24:55,132800.0,200,Sell,224257560
2024-07-18 11:25:15,132800.0,200,Sell,224257997
2024-07-18 11:25:36,132900.0,100,Sell,224258456
2024-07-18 11:25:46,132900.0,500,Sell,224258642
2024-07-18 11:25:53,133000.0,100,Buy,224258837
2024-07-18 11:25:53,133000.0,400,Buy,224258836
2024-07-18 11:25:56,132900.0,100,Sell,224258880
2024-07-18 11:25:56,132900.0,200,Sell,224258878
2024-07-18 11:26:17,132900.0,100,Sell,224259294
2024-07-18 11:26:37,132800.0,200,Sell,224259657
2024-07-18 11:26:42,132900.0,500,Sell,224259756
2024-07-18 11:26:42,132800.0,100,Sell,224259757
2024-07-18 11:26:58,132800.0,100,Sell,224259993
2024-07-18 11:26:59,132800.0,300,Sell,224260005
2024-07-18 11:27:18,132800.0,100,Sell,224260347
2024-07-18 11:27:38,132800.0,100,Sell,224260662
2024-07-18 11:27:38,132800.0,500,Sell,224260661
2024-07-18 11:27:39,132800.0,100,Sell,224260686
2024-07-18 11:27:39,132800.0,100,Sell,224260685
2024-07-18 11:27:46,132800.0,1100,Sell,224260795
2024-07-18 11:28:09,133000.0,100,Buy,224261215
2024-07-18 11:29:33,133000.0,200,Buy,224262718
2024-07-18 12:59:39,132800.0,500,Sell,224263111
2024-07-18 12:59:39,133000.0,100,Buy,224263113
2024-07-18 12:59:39,133000.0,100,Buy,224263106
2024-07-18 12:59:39,132800.0,400,Sell,224263110
2024-07-18 12:59:39,132800.0,100,Sell,224263112
2024-07-18 12:59:40,132800.0,300,Sell,224263443
2024-07-18 12:59:44,132900.0,100,Buy,224264976
2024-07-18 12:59:44,132900.0,200,Buy,224264980
2024-07-18 12:59:45,133000.0,100,Buy,224265277
2024-07-18 12:59:52,132900.0,100,Sell,224267429
2024-07-18 12:59:58,132900.0,200,Sell,224268216
2024-07-18 13:00:17,132900.0,200,Sell,224269712
2024-07-18 13:00:26,132900.0,200,Sell,224270029
2024-07-18 13:00:26,132900.0,300,Sell,224270028
2024-07-18 13:00:37,132900.0,100,Sell,224270342
2024-07-18 13:00:55,132800.0,200,Sell,224270940
2024-07-18 13:01:15,132800.0,200,Sell,224271496
2024-07-18 13:01:20,132800.0,200,Sell,224271623
2024-07-18 13:01:22,132800.0,100,Sell,224271665
2024-07-18 13:01:22,132800.0,400,Sell,224271666
2024-07-18 13:01:22,132800.0,100,Sell,224271667
2024-07-18 13:01:35,132800.0,200,Sell,224272211
2024-07-18 13:01:35,132800.0,100,Sell,224272249
2024-07-18 13:01:35,132800.0,500,Sell,224272250
2024-07-18 13:01:53,132600.0,100,Sell,224273033
2024-07-18 13:01:53,132600.0,100,Sell,224273032
2024-07-18 13:01:54,132800.0,100,Buy,224273044
2024-07-18 13:02:13,132800.0,200,Sell,224273768
2024-07-18 13:02:18,132800.0,200,Sell,224273907
2024-07-18 13:02:18,132800.0,100,Sell,224273908
2024-07-18 13:02:33,132600.0,200,Sell,224274536
2024-07-18 13:02:51,132600.0,200,Sell,224275338
2024-07-18 13:03:12,132600.0,200,Sell,224276350
2024-07-18 13:03:14,132600.0,500,Sell,224276490
2024-07-18 13:03:30,132600.0,200,Sell,224277256
2024-07-18 13:03:38,132600.0,300,Sell,224277560
2024-07-18 13:03:47,132800.0,300,Buy,224277948
2024-07-18 13:03:47,132800.0,100,Buy,224277949
2024-07-18 13:03:49,132800.0,200,Sell,224278026
2024-07-18 13:04:09,132800.0,600,Sell,224278962
2024-07-18 13:04:09,132800.0,200,Sell,224278981
2024-07-18 13:04:11,132800.0,200,Sell,224279049
2024-07-18 13:04:29,132600.0,200,Sell,224279770
2024-07-18 13:04:46,132600.0,2000,Sell,224280498
2024-07-18 13:04:48,132600.0,100,Sell,224280538
2024-07-18 13:04:48,132600.0,100,Sell,224280537
2024-07-18 13:05:05,132600.0,100,Sell,224281209
2024-07-18 13:05:05,132600.0,400,Sell,224281208
2024-07-18 13:05:07,132600.0,200,Sell,224281333
2024-07-18 13:05:20,132600.0,100,Sell,224282058
2024-07-18 13:05:27,132600.0,100,Sell,224282284
2024-07-18 13:05:27,132600.0,100,Sell,224282285
2024-07-18 13:05:30,132600.0,100,Sell,224282383
2024-07-18 13:05:32,132600.0,100,Sell,224282461
2024-07-18 13:05:45,132600.0,200,Sell,224283188
2024-07-18 13:05:52,132600.0,100,Sell,224283413
2024-07-18 13:05:56,132600.0,100,Sell,224283536
2024-07-18 13:05:56,132600.0,500,Sell,224283537
2024-07-18 13:06:05,132500.0,200,Sell,224284028
2024-07-18 13:06:21,132500.0,100,Sell,224284761
2024-07-18 13:06:21,132500.0,300,Sell,224284762
2024-07-18 13:06:21,132500.0,100,Sell,224284763
2024-07-18 13:06:21,132500.0,200,Sell,224284764
2024-07-18 13:06:21,132500.0,300,Sell,224284765
2024-07-18 13:06:21,132500.0,2700,Sell,224284766
2024-07-18 13:06:21,132500.0,800,Sell,224284760
2024-07-18 13:06:24,132500.0,200,Sell,224284917
2024-07-18 13:06:31,132500.0,400,Sell,224285186
2024-07-18 13:06:31,132500.0,6300,Sell,224285152
2024-07-18 13:06:31,132500.0,1000,Sell,224285151
2024-07-18 13:06:31,132500.0,100,Sell,224285149
2024-07-18 13:06:31,132500.0,1100,Sell,224285147
2024-07-18 13:06:31,132500.0,1000,Sell,224285150
2024-07-18 13:06:31,132500.0,500,Sell,224285148
2024-07-18 13:06:39,132500.0,100,Buy,224285494
2024-07-18 13:06:44,132400.0,200,Sell,224285732
2024-07-18 13:06:57,132400.0,500,Sell,224286410
2024-07-18 13:07:01,132500.0,500,Buy,224286571
2024-07-18 13:07:03,132300.0,200,Sell,224286653
2024-07-18 13:07:09,132400.0,900,Buy,224286898
2024-07-18 13:07:22,132300.0,200,Sell,224287459
2024-07-18 13:07:32,132500.0,4500,Buy,224287898
2024-07-18 13:07:32,132500.0,500,Buy,224287899
2024-07-18 13:07:34,132300.0,100,Sell,224287941
2024-07-18 13:07:42,132200.0,200,Sell,224288375
2024-07-18 13:07:53,132200.0,500,Sell,224289116
2024-07-18 13:07:57,132200.0,200,Sell,224289272
2024-07-18 13:07:57,132200.0,500,Sell,224289273
2024-07-18 13:07:57,132200.0,100,Sell,224289274
2024-07-18 13:08:02,132200.0,400,Buy,224289483
2024-07-18 13:08:02,132100.0,100,Buy,224289482
2024-07-18 13:08:02,132100.0,100,Sell,224289471
2024-07-18 13:08:20,132000.0,100,Sell,224290139
2024-07-18 13:08:31,132000.0,100,Sell,224290603
2024-07-18 13:08:34,132000.0,1200,Sell,224290754
2024-07-18 13:08:34,132000.0,200,Sell,224290753
2024-07-18 13:08:34,132000.0,100,Sell,224290752
2024-07-18 13:08:34,132000.0,500,Sell,224290751
2024-07-18 13:08:34,132000.0,100,Sell,224290750
2024-07-18 13:08:34,132000.0,100,Sell,224290749
2024-07-18 13:08:34,132000.0,100,Sell,224290746
2024-07-18 13:08:34,132000.0,300,Sell,224290747
2024-07-18 13:08:34,132000.0,300,Sell,224290748
2024-07-18 13:08:34,132000.0,300,Sell,224290741
2024-07-18 13:08:34,132000.0,100,Sell,224290742
2024-07-18 13:08:34,132000.0,100,Sell,224290745
2024-07-18 13:08:34,132000.0,500,Sell,224290744
2024-07-18 13:08:34,132000.0,100,Sell,224290743
2024-07-18 13:08:37,132000.0,100,Sell,224290861
2024-07-18 13:08:40,132100.0,200,Sell,224291068
2024-07-18 13:08:42,132100.0,800,Sell,224291150
2024-07-18 13:08:42,132000.0,100,Sell,224291151
2024-07-18 13:08:47,132000.0,100,Sell,224291272
2024-07-18 13:08:47,132000.0,100,Sell,224291273
2024-07-18 13:08:47,132000.0,100,Sell,224291274
2024-07-18 13:08:47,132000.0,200,Sell,224291275
2024-07-18 13:08:49,132000.0,300,Sell,224291347
2024-07-18 13:08:49,132000.0,100,Sell,224291348
2024-07-18 13:09:00,132000.0,100,Sell,224291756
2024-07-18 13:09:03,132000.0,200,Sell,224291894
2024-07-18 13:09:12,132000.0,100,Sell,224292283
2024-07-18 13:09:16,132100.0,500,Sell,224292423
2024-07-18 13:09:18,132100.0,100,Sell,224292488
2024-07-18 13:09:22,132200.0,100,Buy,224292597
2024-07-18 13:09:38,132100.0,200,Sell,224293332
2024-07-18 13:09:45,132100.0,100,Sell,224293537
2024-07-18 13:09:45,132100.0,200,Sell,224293536
2024-07-18 13:09:58,132000.0,100,Sell,224293957
2024-07-18 13:09:58,132100.0,100,Buy,224293975
2024-07-18 13:10:04,132100.0,100,Buy,224294167
2024-07-18 13:10:09,132100.0,100,Buy,224294346
2024-07-18 13:10:16,132100.0,200,Sell,224294661
2024-07-18 13:10:37,132100.0,100,Sell,224295376
2024-07-18 13:10:41,132100.0,500,Sell,224295511
2024-07-18 13:10:49,132200.0,100,Buy,224295797
2024-07-18 13:10:55,132200.0,100,Sell,224296035
2024-07-18 13:11:00,132500.0,1000,Buy,224296186
2024-07-18 13:11:04,132500.0,8500,Buy,224296269
2024-07-18 13:11:04,132500.0,200,Buy,224296270
2024-07-18 13:11:04,132500.0,100,Buy,224296271
2024-07-18 13:11:14,132500.0,200,Sell,224296652
2024-07-18 13:11:16,132500.0,500,Sell,224296690
2024-07-18 13:11:25,132600.0,100,Buy,224296990
2024-07-18 13:11:34,132600.0,100,Sell,224297293
2024-07-18 13:11:37,132600.0,400,Sell,224297371
2024-07-18 13:11:44,132600.0,100,Sell,224297691
2024-07-18 13:11:44,132600.0,400,Sell,224297689
2024-07-18 13:11:44,132600.0,100,Sell,224297690
2024-07-18 13:11:54,132600.0,200,Sell,224298010
2024-07-18 13:12:12,132600.0,100,Sell,224298704
2024-07-18 13:12:33,132600.0,100,Sell,224299413
2024-07-18 13:12:33,132600.0,300,Sell,224299417
2024-07-18 13:12:33,132600.0,100,Sell,224299418
2024-07-18 13:12:40,132600.0,100,Buy,224299679
2024-07-18 13:12:52,132700.0,200,Sell,224300105
2024-07-18 13:13:12,132500.0,100,Sell,224300739
2024-07-18 13:13:29,132600.0,400,Sell,224301253
2024-07-18 13:13:32,132600.0,200,Sell,224301315
2024-07-18 13:13:36,132800.0,200,Buy,224301505
2024-07-18 13:13:37,132800.0,200,Buy,224301520
2024-07-18 13:13:50,132600.0,200,Sell,224301878
2024-07-18 13:13:58,132800.0,100,Buy,224302034
2024-07-18 13:14:08,132800.0,600,Sell,224302288
2024-07-18 13:14:11,132600.0,100,Sell,224302383
2024-07-18 13:14:25,132600.0,200,Sell,224302771
2024-07-18 13:14:25,132600.0,100,Sell,224302770
2024-07-18 13:14:25,132700.0,200,Sell,224302769
2024-07-18 13:14:30,132600.0,100,Sell,224302993
2024-07-18 13:14:38,132600.0,100,Buy,224303241
2024-07-18 13:14:50,132600.0,100,Sell,224303804
2024-07-18 13:15:00,132600.0,100,Sell,224304078
2024-07-18 13:15:00,132600.0,100,Sell,224304079
2024-07-18 13:15:18,132600.0,400,Sell,224304629
2024-07-18 13:15:18,132600.0,100,Sell,224304630
2024-07-18 13:15:18,132800.0,200,Buy,224304632
2024-07-18 13:15:22,132600.0,100,Sell,224304771
2024-07-18 13:15:44,132600.0,200,Sell,224305385
2024-07-18 13:15:49,132800.0,200,Buy,224305561
2024-07-18 13:16:05,132600.0,100,Sell,224306048
2024-07-18 13:16:16,132600.0,400,Sell,224306391
2024-07-18 13:16:22,132600.0,100,Sell,224306562
2024-07-18 13:16:27,132600.0,200,Sell,224306690
2024-07-18 13:16:40,132800.0,500,Buy,224307007
2024-07-18 13:16:49,132600.0,100,Sell,224307291
2024-07-18 13:16:50,132900.0,100,Buy,224307298
2024-07-18 13:16:50,132900.0,100,Buy,224307299
2024-07-18 13:17:11,132900.0,100,Sell,224307946
2024-07-18 13:17:17,132900.0,100,Buy,224308085
2024-07-18 13:17:24,132900.0,100,Buy,224308291
2024-07-18 13:17:33,132700.0,200,Sell,224308624
2024-07-18 13:17:50,132900.0,300,Buy,224309105
2024-07-18 13:17:54,132700.0,100,Sell,224309192
2024-07-18 13:18:08,132700.0,300,Sell,224309510
2024-07-18 13:18:08,132700.0,200,Sell,224309511
2024-07-18 13:18:16,132700.0,100,Sell,224309736
2024-07-18 13:18:21,132700.0,100,Buy,224309848
2024-07-18 13:18:36,133100.0,3400,Buy,224310259
2024-07-18 13:18:36,133000.0,100,Buy,224310258
2024-07-18 13:18:36,133000.0,200,Buy,224310257
2024-07-18 13:18:36,132900.0,200,Buy,224310255
2024-07-18 13:18:36,132900.0,100,Buy,224310254
2024-07-18 13:18:36,133000.0,100,Buy,224310256
2024-07-18 13:18:38,133100.0,200,Sell,224310317
2024-07-18 13:18:41,133200.0,100,Buy,224310369
2024-07-18 13:19:00,133200.0,100,Sell,224311010
2024-07-18 13:19:04,133200.0,300,Sell,224311111
2024-07-18 13:19:06,133200.0,100,Buy,224311219
2024-07-18 13:19:06,133500.0,900,Buy,224311220
2024-07-18 13:19:21,133100.0,200,Sell,224311610
2024-07-18 13:19:31,133500.0,500,Buy,224311879
2024-07-18 13:19:31,133500.0,100,Buy,224311878
2024-07-18 13:19:43,133500.0,200,Sell,224312373
2024-07-18 13:19:46,133500.0,200,Sell,224312433
2024-07-18 13:19:58,133500.0,200,Buy,224312915
2024-07-18 13:20:05,133500.0,100,Buy,224313189
2024-07-18 13:20:05,133200.0,100,Sell,224313208
2024-07-18 13:20:11,133500.0,400,Buy,224313341
2024-07-18 13:20:27,133500.0,200,Sell,224313906
2024-07-18 13:20:49,133500.0,200,Sell,224314683
2024-07-18 13:20:56,134000.0,600,Buy,224314907
2024-07-18 13:20:56,134000.0,500,Buy,224314906
2024-07-18 13:20:56,133500.0,200,Sell,224314891
2024-07-18 13:20:56,133900.0,200,Buy,224314904
2024-07-18 13:20:56,133500.0,200,Buy,224314903
2024-07-18 13:20:56,134000.0,500,Buy,224314905
2024-07-18 13:21:00,133600.0,100,Sell,224315019
2024-07-18 13:21:10,133200.0,200,Sell,224315321
2024-07-18 13:21:24,134000.0,400,Buy,224315830
2024-07-18 13:21:24,134000.0,100,Buy,224315831
2024-07-18 13:21:24,133500.0,100,Buy,224315828
2024-07-18 13:21:24,133500.0,200,Buy,224315829
2024-07-18 13:21:32,134000.0,200,Sell,224316122
2024-07-18 13:22:11,134000.0,500,Buy,224317314
2024-07-18 13:22:59,133900.0,200,Buy,224318945
2024-07-18 13:23:04,134000.0,200,Buy,224319090
2024-07-18 13:23:04,134000.0,200,Buy,224319091
2024-07-18 13:23:04,134000.0,200,Buy,224319092
2024-07-18 13:23:04,134000.0,900,Buy,224319093
2024-07-18 13:23:04,134000.0,400,Buy,224319094
2024-07-18 13:23:04,134000.0,100,Buy,224319095
2024-07-18 13:23:13,133900.0,200,Sell,224319824
2024-07-18 13:23:15,133900.0,100,Sell,224319876
2024-07-18 13:23:42,133900.0,100,Buy,224321032
2024-07-18 13:23:43,133700.0,200,Sell,224321061
2024-07-18 13:23:51,133800.0,100,Buy,224321357
2024-07-18 13:23:51,133900.0,400,Buy,224321358
2024-07-18 13:24:12,133900.0,100,Sell,224322458
2024-07-18 13:24:16,133900.0,100,Buy,224322644
2024-07-18 13:24:30,133700.0,100,Buy,224323196
2024-07-18 13:24:43,133500.0,100,Sell,224323537
2024-07-18 13:24:43,133500.0,100,Sell,224323538
2024-07-18 13:25:05,134000.0,400,Buy,224324564
2024-07-18 13:25:05,134000.0,400,Buy,224324563
2024-07-18 13:25:05,133900.0,200,Buy,224324561
2024-07-18 13:25:05,133700.0,500,Buy,224324560
2024-07-18 13:25:05,133900.0,500,Buy,224324562
2024-07-18 13:25:12,133500.0,200,Sell,224324752
2024-07-18 13:25:36,133500.0,100,Sell,224325454
2024-07-18 13:25:36,133500.0,200,Sell,224325455
2024-07-18 13:26:03,133500.0,100,Buy,224326518
2024-07-18 13:26:05,134000.0,100,Buy,224326562
2024-07-18 13:26:05,134000.0,1000,Buy,224326561
2024-07-18 13:26:05,134000.0,500,Buy,224326560
2024-07-18 13:26:05,134000.0,1000,Buy,224326558
2024-07-18 13:26:05,134000.0,100,Buy,224326557
2024-07-18 13:26:05,133500.0,100,Buy,224326556
2024-07-18 13:26:05,134000.0,200,Buy,224326559
2024-07-18 13:26:20,134000.0,100,Buy,224326953
2024-07-18 13:26:20,134000.0,400,Buy,224326954
2024-07-18 13:27:32,133900.0,100,Buy,224329095
2024-07-18 13:32:06,133600.0,200,Buy,224337626
2024-07-18 13:32:21,133600.0,200,Buy,224338078
2024-07-18 13:32:40,133600.0,300,Buy,224338842
2024-07-18 13:32:57,133400.0,100,Sell,224339535
2024-07-18 13:32:57,133600.0,100,Sell,224339533
2024-07-18 13:32:57,133500.0,500,Sell,224339534
2024-07-18 13:32:59,133400.0,300,Buy,224339640
2024-07-18 13:33:08,133300.0,100,Sell,224339936
2024-07-18 13:33:12,133400.0,400,Buy,224340077
2024-07-18 13:34:17,133400.0,500,Buy,224342423
2024-07-18 13:34:17,133400.0,500,Buy,224342424
2024-07-18 13:34:41,133400.0,200,Buy,224343359
2024-07-18 13:34:55,133400.0,500,Sell,224343928
2024-07-18 13:34:58,133400.0,500,Sell,224344073
2024-07-18 13:35:58,133400.0,100,Buy,224345999
2024-07-18 13:36:19,133400.0,400,Buy,224346621
2024-07-18 13:36:19,133400.0,1400,Buy,224346620
2024-07-18 13:36:58,133400.0,100,Buy,224347784
2024-07-18 13:37:10,133300.0,300,Sell,224348168
2024-07-18 13:37:13,133400.0,100,Buy,224348236
2024-07-18 13:37:28,133400.0,100,Buy,224348696
2024-07-18 13:37:36,133400.0,100,Buy,224348919
2024-07-18 13:37:37,133400.0,100,Buy,224348922
2024-07-18 13:37:40,133400.0,1000,Buy,224349056
2024-07-18 13:37:42,133400.0,200,Sell,224349131
2024-07-18 13:37:43,133400.0,400,Sell,224349151
2024-07-18 13:38:13,133400.0,200,Sell,224350052
2024-07-18 13:38:20,133500.0,500,Buy,224350256
2024-07-18 13:38:38,133500.0,500,Sell,224350846
2024-07-18 13:38:45,133500.0,200,Sell,224351080
2024-07-18 13:39:01,133500.0,1200,Sell,224351558
2024-07-18 13:39:10,133600.0,500,Buy,224351863
2024-07-18 13:39:16,133600.0,200,Sell,224352023
2024-07-18 13:39:34,133600.0,300,Sell,224352536
2024-07-18 13:39:48,133500.0,100,Sell,224352998
2024-07-18 13:39:48,133500.0,100,Sell,224352999
2024-07-18 13:40:19,133500.0,100,Sell,224353845
2024-07-18 13:40:19,133500.0,100,Sell,224353844
2024-07-18 13:40:28,133600.0,100,Buy,224354113
2024-07-18 13:40:36,133500.0,100,Sell,224354346
2024-07-18 13:40:36,133500.0,100,Sell,224354347
2024-07-18 13:40:51,133500.0,200,Sell,224354835
2024-07-18 13:41:00,133600.0,100,Buy,224355112
2024-07-18 13:41:00,133600.0,300,Buy,224355113
2024-07-18 13:41:00,133600.0,400,Buy,224355114
2024-07-18 13:41:15,133600.0,1000,Sell,224355492
2024-07-18 13:41:22,133600.0,200,Sell,224355669
2024-07-18 13:41:26,133600.0,500,Sell,224355772
2024-07-18 13:41:54,133600.0,200,Sell,224356681
2024-07-18 13:42:23,133600.0,100,Buy,224357500
2024-07-18 13:42:23,133600.0,300,Buy,224357515
2024-07-18 13:42:25,133600.0,200,Sell,224357567
2024-07-18 13:42:57,133600.0,200,Sell,224358453
2024-07-18 13:43:18,133600.0,500,Sell,224359092
2024-07-18 13:43:29,133500.0,100,Sell,224359403
2024-07-18 13:43:29,133500.0,100,Sell,224359402
2024-07-18 13:44:00,133500.0,200,Sell,224360328
2024-07-18 13:44:14,133500.0,500,Sell,224360821
2024-07-18 13:44:32,133500.0,200,Sell,224361426
2024-07-18 13:45:03,133500.0,200,Sell,224362604
2024-07-18 13:45:10,133500.0,100,Sell,224362753
2024-07-18 13:45:27,133500.0,100,Buy,224363189
2024-07-18 13:45:35,133400.0,200,Sell,224363324
2024-07-18 13:46:02,133400.0,100,Sell,224363971
2024-07-18 13:46:06,133400.0,500,Sell,224364072
2024-07-18 13:46:38,133200.0,100,Sell,224364742
2024-07-18 13:46:38,133200.0,100,Sell,224364741
2024-07-18 13:47:02,133200.0,100,Sell,224365447
2024-07-18 13:47:02,133200.0,100,Sell,224365448
2024-07-18 13:47:09,133100.0,200,Sell,224365622
2024-07-18 13:47:41,133100.0,200,Sell,224366285
2024-07-18 13:47:54,133200.0,100,Buy,224366733
2024-07-18 13:47:55,133200.0,100,Buy,224366751
2024-07-18 13:47:58,133200.0,100,Sell,224366786
2024-07-18 13:48:12,133100.0,300,Sell,224367162
2024-07-18 13:48:19,133200.0,100,Buy,224367295
2024-07-18 13:48:20,133400.0,200,Buy,224367308
2024-07-18 13:48:20,133500.0,100,Buy,224367309
2024-07-18 13:48:20,133200.0,300,Buy,224367307
2024-07-18 13:48:30,133500.0,100,Buy,224367541
2024-07-18 13:48:30,133500.0,1500,Buy,224367542
2024-07-18 13:48:44,133500.0,300,Sell,224367867
2024-07-18 13:48:54,133500.0,500,Sell,224368093
2024-07-18 13:49:15,133500.0,200,Sell,224368611
2024-07-18 13:49:47,133500.0,200,Sell,224369473
2024-07-18 13:49:50,133500.0,400,Sell,224369542
2024-07-18 13:50:09,133500.0,800,Sell,224370065
2024-07-18 13:50:09,133500.0,200,Sell,224370066
2024-07-18 13:50:19,133500.0,200,Sell,224370251
2024-07-18 13:50:40,133500.0,100,Sell,224370704
2024-07-18 13:50:45,133500.0,500,Sell,224370816
2024-07-18 13:50:50,133200.0,100,Sell,224370944
2024-07-18 13:50:54,133200.0,100,Buy,224371146
2024-07-18 13:51:11,133200.0,100,Buy,224371727
2024-07-18 13:51:22,133200.0,100,Sell,224372131
2024-07-18 13:51:49,133200.0,300,Buy,224372939
2024-07-18 13:51:49,133200.0,200,Buy,224372937
2024-07-18 13:51:49,133200.0,500,Buy,224372938
2024-07-18 13:51:53,133100.0,300,Sell,224373071
2024-07-18 13:52:25,133100.0,200,Sell,224374266
2024-07-18 13:52:37,133100.0,500,Sell,224374632
2024-07-18 13:52:56,133100.0,200,Sell,224375146
2024-07-18 13:53:08,133200.0,100,Buy,224375482
2024-07-18 13:53:16,133200.0,500,Sell,224375896
2024-07-18 13:53:20,133200.0,200,Sell,224376050
2024-07-18 13:53:28,133200.0,100,Sell,224376325
2024-07-18 13:53:29,133200.0,100,Buy,224376343
2024-07-18 13:53:33,133200.0,100,Sell,224376480
2024-07-18 13:53:33,133200.0,400,Sell,224376481
2024-07-18 13:53:52,133200.0,1000,Sell,224377087
2024-07-18 13:53:59,133200.0,200,Sell,224377299
2024-07-18 13:54:07,133200.0,400,Sell,224377627
2024-07-18 13:54:23,133100.0,2000,Sell,224378239
2024-07-18 13:54:29,133100.0,400,Sell,224378433
2024-07-18 13:54:31,133100.0,200,Sell,224378473
2024-07-18 13:54:36,133100.0,300,Sell,224378557
2024-07-18 13:54:36,133100.0,1200,Sell,224378555
2024-07-18 13:54:36,133100.0,100,Sell,224378556
2024-07-18 13:54:38,133100.0,100,Sell,224378605
2024-07-18 13:55:02,133000.0,100,Sell,224379296
2024-07-18 13:55:02,133000.0,100,Sell,224379297
2024-07-18 13:55:05,133000.0,900,Sell,224379412
2024-07-18 13:55:05,133000.0,100,Sell,224379413
2024-07-18 13:55:05,133000.0,200,Sell,224379414
2024-07-18 13:55:34,132900.0,100,Sell,224380149
2024-07-18 13:55:34,132900.0,100,Sell,224380150
2024-07-18 13:55:46,132900.0,300,Sell,224380515
2024-07-18 13:55:46,132900.0,100,Sell,224380516
2024-07-18 13:56:06,132800.0,200,Sell,224381356
2024-07-18 13:56:21,132800.0,300,Sell,224381971
2024-07-18 13:56:21,132800.0,100,Sell,224381972
2024-07-18 13:56:21,132800.0,100,Sell,224381973
2024-07-18 13:56:37,132800.0,200,Sell,224382675
2024-07-18 13:56:45,132800.0,600,Sell,224382965
2024-07-18 13:57:01,133100.0,100,Buy,224383552
2024-07-18 13:57:01,133000.0,500,Buy,224383551
2024-07-18 13:57:01,133000.0,700,Buy,224383549
2024-07-18 13:57:01,132900.0,100,Buy,224383548
2024-07-18 13:57:01,133000.0,1000,Buy,224383550
2024-07-18 13:57:01,132800.0,400,Buy,224383547
2024-07-18 13:57:09,132700.0,100,Sell,224383816
2024-07-18 13:57:09,132700.0,100,Sell,224383817
2024-07-18 13:57:24,132700.0,100,Buy,224384631
2024-07-18 13:57:32,132700.0,300,Buy,224384971
2024-07-18 13:57:32,132700.0,500,Buy,224384972
2024-07-18 13:57:40,132700.0,100,Sell,224385233
2024-07-18 13:57:40,132700.0,100,Sell,224385234
2024-07-18 13:57:50,132700.0,100,Sell,224385617
2024-07-18 13:57:57,132700.0,100,Sell,224386042
2024-07-18 13:58:12,132700.0,200,Sell,224386844
2024-07-18 13:58:20,132600.0,2000,Sell,224387340
2024-07-18 13:58:35,132600.0,2000,Sell,224388043
2024-07-18 13:58:43,132600.0,200,Sell,224388744
2024-07-18 13:58:45,132700.0,100,Buy,224388835
2024-07-18 13:58:55,132600.0,2000,Sell,224389313
2024-07-18 13:59:03,132600.0,1000,Sell,224389818
2024-07-18 13:59:09,132600.0,400,Sell,224390186
2024-07-18 13:59:10,132600.0,200,Sell,224390272
2024-07-18 13:59:14,132500.0,500,Sell,224390697
2024-07-18 13:59:14,132500.0,100,Sell,224390696
2024-07-18 13:59:14,132500.0,900,Sell,224390695
2024-07-18 13:59:14,132600.0,300,Sell,224390691
2024-07-18 13:59:14,132600.0,100,Sell,224390693
2024-07-18 13:59:14,132500.0,100,Sell,224390694
2024-07-18 13:59:14,132600.0,900,Sell,224390690
2024-07-18 13:59:14,132600.0,100,Sell,224390692
2024-07-18 13:59:15,132500.0,200,Sell,224390786
2024-07-18 13:59:30,132500.0,500,Sell,224391982
2024-07-18 13:59:46,132500.0,200,Sell,224393453
2024-07-18 13:59:48,132500.0,200,Sell,224393601
2024-07-18 14:00:05,132500.0,100,Sell,224395077
2024-07-18 14:00:05,132500.0,400,Sell,224395078
2024-07-18 14:00:18,132500.0,200,Sell,224396151
2024-07-18 14:00:24,132500.0,400,Sell,224396560
2024-07-18 14:00:24,132500.0,900,Sell,224396561
2024-07-18 14:00:40,132500.0,500,Sell,224397638
2024-07-18 14:00:49,132500.0,200,Sell,224398352
2024-07-18 14:00:54,132500.0,400,Sell,224398727
2024-07-18 14:01:06,132200.0,100,Sell,224399600
2024-07-18 14:01:21,132200.0,200,Sell,224400747
2024-07-18 14:01:26,132500.0,100,Buy,224401163
2024-07-18 14:01:52,132200.0,200,Sell,224403750
2024-07-18 14:01:57,132200.0,300,Sell,224404204
2024-07-18 14:01:57,132200.0,100,Sell,224404205
2024-07-18 14:02:00,132200.0,100,Sell,224404737
2024-07-18 14:02:00,132500.0,100,Buy,224404738
2024-07-18 14:02:24,132200.0,100,Sell,224407162
2024-07-18 14:02:49,132300.0,100,Sell,224409409
2024-07-18 14:02:49,132300.0,100,Sell,224409410
2024-07-18 14:02:49,132300.0,100,Sell,224409411
2024-07-18 14:02:53,132200.0,1000,Sell,224409676
2024-07-18 14:02:56,132200.0,300,Sell,224409918
2024-07-18 14:02:56,132200.0,200,Sell,224409917
2024-07-18 14:03:27,132200.0,2000,Sell,224412389
2024-07-18 14:03:27,132200.0,200,Sell,224412398
2024-07-18 14:03:28,132200.0,300,Sell,224412510
2024-07-18 14:03:33,132300.0,100,Buy,224412905
2024-07-18 14:03:34,132200.0,100,Sell,224412944
2024-07-18 14:03:48,132200.0,400,Sell,224414027
2024-07-18 14:03:51,132100.0,3100,Sell,224414291
2024-07-18 14:03:51,132100.0,100,Sell,224414290
2024-07-18 14:03:51,132100.0,1000,Sell,224414289
2024-07-18 14:03:51,132100.0,500,Sell,224414288
2024-07-18 14:03:51,132200.0,200,Sell,224414284
2024-07-18 14:03:51,132200.0,1500,Sell,224414286
2024-07-18 14:03:51,132200.0,200,Sell,224414285
2024-07-18 14:03:51,132200.0,100,Sell,224414283
2024-07-18 14:03:51,132200.0,300,Sell,224414282
2024-07-18 14:03:51,132100.0,1000,Sell,224414287
2024-07-18 14:03:59,132100.0,200,Sell,224414847
2024-07-18 14:04:09,132100.0,200,Sell,224415474
2024-07-18 14:04:09,132100.0,400,Sell,224415475
2024-07-18 14:04:09,132100.0,6700,Sell,224415472
2024-07-18 14:04:09,132100.0,1000,Sell,224415473
2024-07-18 14:04:16,132100.0,100,Buy,224415930
2024-07-18 14:04:21,132000.0,400,Sell,224416331
2024-07-18 14:04:21,132000.0,1000,Sell,224416330
2024-07-18 14:04:21,132000.0,500,Sell,224416329
2024-07-18 14:04:21,132000.0,1000,Sell,224416328
2024-07-18 14:04:21,132000.0,100,Sell,224416327
2024-07-18 14:04:21,132000.0,200,Sell,224416326
2024-07-18 14:04:21,132000.0,500,Sell,224416325
2024-07-18 14:04:21,132000.0,100,Sell,224416323
2024-07-18 14:04:21,132000.0,100,Sell,224416322
2024-07-18 14:04:21,132000.0,100,Sell,224416321
2024-07-18 14:04:21,132000.0,500,Sell,224416320
2024-07-18 14:04:21,132000.0,500,Sell,224416319
2024-07-18 14:04:21,132000.0,100,Sell,224416318
2024-07-18 14:04:21,132000.0,100,Sell,224416317
2024-07-18 14:04:21,132000.0,200,Sell,224416324
2024-07-18 14:04:27,132200.0,300,Buy,224416703
2024-07-18 14:04:31,132100.0,100,Sell,224416927
2024-07-18 14:04:31,132000.0,200,Sell,224416928
2024-07-18 14:04:34,132000.0,200,Sell,224417152
2024-07-18 14:04:34,132000.0,200,Sell,224417150
2024-07-18 14:04:34,132000.0,100,Sell,224417149
2024-07-18 14:04:34,132000.0,400,Sell,224417151
2024-07-18 14:04:34,132000.0,200,Sell,224417147
2024-07-18 14:04:34,132000.0,700,Sell,224417146
2024-07-18 14:04:34,132000.0,100,Sell,224417145
2024-07-18 14:04:34,132000.0,100,Sell,224417148
2024-07-18 14:04:41,131200.0,100,Sell,224417485
2024-07-18 14:04:41,131100.0,100,Sell,224417486
2024-07-18 14:04:41,131100.0,300,Sell,224417487
2024-07-18 14:04:41,131000.0,100,Sell,224417488
2024-07-18 14:04:41,131000.0,100,Sell,224417489
2024-07-18 14:04:41,131000.0,300,Sell,224417490
2024-07-18 14:04:41,131000.0,100,Sell,224417492
2024-07-18 14:04:41,131000.0,200,Sell,224417494
2024-07-18 14:04:41,131000.0,10000,Sell,224417495
2024-07-18 14:04:41,131000.0,100,Sell,224417496
2024-07-18 14:04:41,131000.0,3000,Sell,224417497
2024-07-18 14:04:41,130900.0,400,Sell,224417498
2024-07-18 14:04:41,131400.0,200,Sell,224417484
2024-07-18 14:04:41,131000.0,100,Sell,224417491
2024-07-18 14:04:41,131500.0,1000,Sell,224417483
2024-07-18 14:04:41,131000.0,100,Sell,224417493
2024-07-18 14:04:41,131500.0,100,Sell,224417481
2024-07-18 14:04:41,132000.0,200,Sell,224417467
2024-07-18 14:04:41,132000.0,1000,Sell,224417469
2024-07-18 14:04:41,132000.0,200,Sell,224417470
2024-07-18 14:04:41,132000.0,100,Sell,224417471
2024-07-18 14:04:41,132000.0,100,Sell,224417472
2024-07-18 14:04:41,131900.0,100,Sell,224417473
2024-07-18 14:04:41,132000.0,500,Sell,224417468
2024-07-18 14:04:41,131800.0,100,Sell,224417475
2024-07-18 14:04:41,131800.0,200,Sell,224417474
2024-07-18 14:04:41,131500.0,300,Sell,224417480
2024-07-18 14:04:41,131500.0,100,Sell,224417479
2024-07-18 14:04:41,131500.0,200,Sell,224417482
2024-07-18 14:04:41,131700.0,200,Sell,224417477
2024-07-18 14:04:41,131800.0,100,Sell,224417476
2024-07-18 14:04:41,131600.0,200,Sell,224417478
2024-07-18 14:04:43,130900.0,100,Sell,224417630
2024-07-18 14:05:07,130900.0,100,Sell,224418815
2024-07-18 14:05:07,130700.0,500,Sell,224418817
2024-07-18 14:05:07,130900.0,300,Sell,224418816
2024-07-18 14:05:30,132200.0,100,Buy,224420387
2024-07-18 14:05:42,132200.0,100,Buy,224421015
2024-07-18 14:05:46,132200.0,500,Sell,224421223
2024-07-18 14:05:53,132200.0,200,Sell,224421561
2024-07-18 14:06:20,130900.0,100,Sell,224422936
2024-07-18 14:06:20,130800.0,200,Sell,224422938
2024-07-18 14:06:20,130800.0,100,Sell,224422937
2024-07-18 14:06:20,131000.0,200,Sell,224422935
2024-07-18 14:06:20,131000.0,100,Sell,224422933
2024-07-18 14:06:20,132200.0,500,Sell,224422932
2024-07-18 14:06:20,131000.0,200,Sell,224422934
2024-07-18 14:07:41,131400.0,200,Sell,224426361
2024-07-18 14:08:36,132400.0,100,Buy,224429022
2024-07-18 14:08:36,132400.0,100,Buy,224429023
2024-07-18 14:08:50,132500.0,800,Buy,224429587
2024-07-18 14:09:02,132000.0,200,Sell,224430114
2024-07-18 14:09:36,132500.0,200,Buy,224431583
2024-07-18 14:09:36,132500.0,100,Buy,224431589
2024-07-18 14:09:36,132500.0,700,Buy,224431590
2024-07-18 14:10:02,132700.0,100,Buy,224432758
2024-07-18 14:10:02,132400.0,100,Buy,224432756
2024-07-18 14:10:02,132500.0,300,Buy,224432757
2024-07-18 14:10:14,132700.0,300,Buy,224433176
2024-07-18 14:10:33,132700.0,200,Buy,224433978
2024-07-18 14:10:34,132700.0,700,Buy,224433980
2024-07-18 14:10:34,132800.0,200,Buy,224433981
2024-07-18 14:10:34,133000.0,300,Buy,224433982
2024-07-18 14:10:34,133000.0,100,Buy,224433983
2024-07-18 14:10:34,133200.0,100,Buy,224433984
2024-07-18 14:10:34,133600.0,100,Buy,224433985
2024-07-18 14:10:34,133800.0,200,Buy,224433986
2024-07-18 14:10:34,133800.0,100,Buy,224433987
2024-07-18 14:11:06,133800.0,100,Buy,224435300
2024-07-18 14:11:34,133800.0,500,Buy,224436330
2024-07-18 14:11:34,133800.0,400,Buy,224436328
2024-07-18 14:11:34,133800.0,100,Buy,224436329
2024-07-18 14:11:44,133800.0,500,Buy,224436664
2024-07-18 14:11:44,133800.0,100,Buy,224436665
2024-07-18 14:11:57,133900.0,100,Buy,224437331
2024-07-18 14:11:57,133900.0,100,Buy,224437332
2024-07-18 14:12:03,133900.0,800,Sell,224437617
2024-07-18 14:12:03,133800.0,200,Sell,224437618
2024-07-18 14:12:13,134000.0,1000,Buy,224438038
2024-07-18 14:12:27,134000.0,200,Buy,224438586
2024-07-18 14:12:27,134000.0,100,Buy,224438587
2024-07-18 14:12:27,134000.0,100,Buy,224438588
2024-07-18 14:12:27,134000.0,600,Buy,224438589
2024-07-18 14:12:34,133800.0,500,Sell,224438819
2024-07-18 14:12:47,133800.0,500,Sell,224439351
2024-07-18 14:13:01,133800.0,200,Sell,224439947
2024-07-18 14:13:01,133800.0,100,Sell,224439948
2024-07-18 14:13:03,133800.0,200,Buy,224440025
2024-07-18 14:13:03,134000.0,100,Buy,224440026
2024-07-18 14:13:03,134000.0,500,Buy,224440027
2024-07-18 14:13:11,134000.0,100,Sell,224440348
2024-07-18 14:13:14,134000.0,100,Sell,224440437
2024-07-18 14:14:16,134000.0,100,Buy,224442614
2024-07-18 14:15:27,133400.0,100,Buy,224445386
2024-07-18 14:15:43,133800.0,100,Buy,224445883
2024-07-18 14:15:43,134000.0,400,Buy,224445886
2024-07-18 14:15:43,133400.0,900,Buy,224445882
2024-07-18 14:15:43,133900.0,500,Buy,224445884
2024-07-18 14:15:43,133900.0,300,Buy,224445885
2024-07-18 14:15:52,133300.0,100,Sell,224446273
2024-07-18 14:16:05,133300.0,500,Sell,224446968
2024-07-18 14:19:52,133400.0,1000,Sell,224456328
2024-07-18 14:20:16,133400.0,100,Sell,224457407
2024-07-18 14:20:24,133400.0,300,Sell,224457811
2024-07-18 14:21:13,133400.0,200,Sell,224460052
2024-07-18 14:21:13,133400.0,300,Sell,224460053
2024-07-18 14:21:16,133400.0,300,Sell,224460239
2024-07-18 14:22:17,133800.0,400,Buy,224463383
2024-07-18 14:22:19,133500.0,100,Sell,224463466
2024-07-18 14:22:59,133500.0,100,Sell,224466225
2024-07-18 14:23:08,133900.0,100,Buy,224466701
2024-07-18 14:23:23,133900.0,100,Buy,224467839
2024-07-18 14:23:37,133900.0,400,Buy,224468571
2024-07-18 14:23:37,133900.0,300,Buy,224468570
2024-07-18 14:23:54,133900.0,100,Buy,224469807
2024-07-18 14:23:54,133900.0,900,Buy,224469808
2024-07-18 14:24:00,133900.0,100,Buy,224470102
2024-07-18 14:24:01,133900.0,100,Sell,224470156
2024-07-18 14:24:14,133900.0,200,Buy,224470971
2024-07-18 14:24:14,133900.0,500,Buy,224470972
2024-07-18 14:24:14,134000.0,200,Buy,224470973
2024-07-18 14:24:14,134000.0,100,Buy,224470974
2024-07-18 14:24:31,134000.0,100,Buy,224472129
2024-07-18 14:24:31,134000.0,200,Buy,224472130
2024-07-18 14:24:31,134000.0,200,Buy,224472127
2024-07-18 14:24:31,134000.0,400,Buy,224472126
2024-07-18 14:24:31,134000.0,100,Buy,224472128
2024-07-18 14:24:43,134000.0,200,Buy,224472942
2024-07-18 14:24:46,134000.0,100,Buy,224473216
2024-07-18 14:24:46,134000.0,100,Buy,224473217
2024-07-18 14:24:50,134100.0,500,Buy,224473432
2024-07-18 14:24:50,134100.0,100,Buy,224473433
2024-07-18 14:24:50,134200.0,100,Buy,224473434
2024-07-18 14:24:50,134200.0,300,Buy,224473435
2024-07-18 14:25:02,134000.0,100,Sell,224474121
2024-07-18 14:25:07,134200.0,700,Buy,224474410
2024-07-18 14:25:33,134200.0,400,Sell,224476255
2024-07-18 14:25:33,134200.0,200,Sell,224476266
2024-07-18 14:26:21,134200.0,300,Sell,224480109
2024-07-18 14:26:21,134200.0,100,Sell,224480110
2024-07-18 14:26:45,134400.0,100,Buy,224481994
2024-07-18 14:26:50,134400.0,900,Buy,224482362
2024-07-18 14:26:50,134400.0,500,Buy,224482363
2024-07-18 14:26:59,134500.0,200,Buy,224482953
2024-07-18 14:27:09,134400.0,500,Sell,224483647
2024-07-18 14:27:16,134500.0,700,Buy,224484110
2024-07-18 14:27:16,134500.0,900,Buy,224484109
2024-07-18 14:27:16,134500.0,1000,Buy,224484107
2024-07-18 14:27:16,134500.0,300,Buy,224484106
2024-07-18 14:27:16,134500.0,100,Buy,224484105
2024-07-18 14:27:16,134500.0,2000,Buy,224484108
2024-07-18 14:27:19,134500.0,300,Buy,224484283
2024-07-18 14:27:39,134500.0,200,Sell,224486122
2024-07-18 14:28:08,134400.0,100,Sell,224488350
2024-07-18 14:28:49,134400.0,200,Buy,224491565
2024-07-18 14:29:12,134400.0,5000,Buy,224493630
2024-07-18 14:44:38,134400.0,39500,ATO/ATC,224496746
