time,price,volume,match_type,id
2024-08-27 09:14:37,126600.0,2300,ATO/ATC,234885160
2024-08-27 09:14:40,126800.0,800,Buy,234885411
2024-08-27 09:15:46,126600.0,100,Sell,234886570
2024-08-27 09:16:00,126800.0,200,Buy,234886804
2024-08-27 09:17:06,126600.0,100,Sell,234888147
2024-08-27 09:17:06,126100.0,400,Sell,234888164
2024-08-27 09:17:06,126200.0,500,Sell,234888163
2024-08-27 09:17:06,126200.0,100,Sell,234888162
2024-08-27 09:17:06,126200.0,200,Sell,234888161
2024-08-27 09:17:06,126600.0,100,Sell,234888146
2024-08-27 09:17:06,126200.0,200,Sell,234888158
2024-08-27 09:17:06,126200.0,300,Sell,234888157
2024-08-27 09:17:06,126200.0,400,Sell,234888156
2024-08-27 09:17:06,126200.0,500,Sell,234888160
2024-08-27 09:17:06,126200.0,100,Sell,234888154
2024-08-27 09:17:06,126200.0,100,Sell,234888155
2024-08-27 09:17:06,126500.0,100,Sell,234888148
2024-08-27 09:17:06,126500.0,2000,Sell,234888149
2024-08-27 09:17:06,126500.0,400,Sell,234888150
2024-08-27 09:17:06,126200.0,500,Sell,234888159
2024-08-27 09:17:06,126300.0,2000,Sell,234888152
2024-08-27 09:17:06,126300.0,600,Sell,234888153
2024-08-27 09:17:06,126400.0,100,Sell,234888151
2024-08-27 09:17:13,126700.0,200,Buy,234888294
2024-08-27 09:17:49,126700.0,100,Buy,234889067
2024-08-27 09:19:53,126600.0,200,Buy,234891807
2024-08-27 09:19:53,126600.0,200,Buy,234891808
2024-08-27 09:21:11,126600.0,200,Buy,234893548
2024-08-27 09:22:22,126600.0,100,Buy,234895341
2024-08-27 09:23:15,126700.0,2000,Buy,234896631
2024-08-27 09:23:15,126700.0,100,Buy,234896632
2024-08-27 09:23:15,126700.0,200,Buy,234896629
2024-08-27 09:23:15,126600.0,300,Buy,234896628
2024-08-27 09:23:15,126600.0,200,Buy,234896627
2024-08-27 09:23:15,126700.0,400,Buy,234896630
2024-08-27 09:23:29,126700.0,100,Sell,234896958
2024-08-27 09:24:19,126700.0,100,Buy,234898246
2024-08-27 09:24:56,126600.0,100,Sell,234899060
2024-08-27 09:26:18,126500.0,100,Sell,234900837
2024-08-27 09:26:55,126600.0,100,Sell,234901699
2024-08-27 09:27:15,126600.0,100,Buy,234902167
2024-08-27 09:28:13,126600.0,200,Sell,234903635
2024-08-27 09:28:18,126600.0,500,Sell,234903721
2024-08-27 09:28:47,126600.0,500,Buy,234904772
2024-08-27 09:28:48,126600.0,600,Sell,234904799
2024-08-27 09:29:02,126600.0,100,Sell,234905332
2024-08-27 09:29:02,126600.0,400,Sell,234905331
2024-08-27 09:31:25,126600.0,100,Buy,234910218
2024-08-27 09:34:34,126500.0,100,Buy,234915998
2024-08-27 09:34:52,126300.0,100,Sell,234916461
2024-08-27 09:34:52,126200.0,100,Sell,234916462
2024-08-27 09:34:52,126200.0,100,Sell,234916463
2024-08-27 09:35:20,126200.0,100,Sell,234917461
2024-08-27 09:35:20,126200.0,200,Sell,234917462
2024-08-27 09:35:20,126100.0,100,Sell,234917463
2024-08-27 09:35:20,126100.0,500,Sell,234917464
2024-08-27 09:35:30,126100.0,400,Sell,234917672
2024-08-27 09:36:30,126100.0,100,Sell,234919346
2024-08-27 09:37:19,126100.0,100,Sell,234920729
2024-08-27 09:37:19,126100.0,100,Sell,234920728
2024-08-27 09:37:19,126100.0,100,Sell,234920727
2024-08-27 09:37:19,126100.0,300,Sell,234920726
2024-08-27 09:37:53,126100.0,200,Sell,234921762
2024-08-27 09:37:53,126100.0,300,Sell,234921763
2024-08-27 09:37:53,126100.0,100,Sell,234921764
2024-08-27 09:38:01,126000.0,1400,Sell,234922156
2024-08-27 09:38:01,126000.0,100,Sell,234922154
2024-08-27 09:38:01,126000.0,1000,Sell,234922155
2024-08-27 09:38:01,126000.0,200,Sell,234922152
2024-08-27 09:38:01,126000.0,100,Sell,234922151
2024-08-27 09:38:01,126000.0,100,Sell,234922150
2024-08-27 09:38:01,126000.0,100,Sell,234922153
2024-08-27 09:38:07,126000.0,300,Sell,234922328
2024-08-27 09:38:12,126000.0,300,Sell,234922527
2024-08-27 09:38:15,126000.0,200,Sell,234922607
2024-08-27 09:38:15,126000.0,100,Sell,234922610
2024-08-27 09:38:15,126000.0,100,Sell,234922609
2024-08-27 09:38:15,126000.0,100,Sell,234922608
2024-08-27 09:38:15,126000.0,200,Sell,234922606
2024-08-27 09:38:15,126000.0,100,Sell,234922601
2024-08-27 09:38:15,126000.0,100,Sell,234922604
2024-08-27 09:38:15,126000.0,100,Sell,234922603
2024-08-27 09:38:15,126000.0,100,Sell,234922602
2024-08-27 09:38:15,126000.0,200,Sell,234922600
2024-08-27 09:38:15,126000.0,100,Sell,234922605
2024-08-27 09:38:28,126000.0,500,Sell,234923025
2024-08-27 09:38:40,126000.0,500,Sell,234923362
2024-08-27 09:38:45,125900.0,1000,Sell,234923486
2024-08-27 09:38:50,125900.0,100,Sell,234923668
2024-08-27 09:38:50,125900.0,100,Sell,234923667
2024-08-27 09:38:50,125900.0,300,Sell,234923666
2024-08-27 09:39:12,125800.0,100,Sell,234924289
2024-08-27 09:41:00,125900.0,100,Buy,234927218
2024-08-27 09:41:06,125900.0,400,Buy,234927377
2024-08-27 09:41:10,125800.0,100,Sell,234927496
2024-08-27 09:41:14,125800.0,100,Sell,234927558
2024-08-27 09:41:14,125800.0,100,Sell,234927559
2024-08-27 09:41:14,125800.0,100,Sell,234927560
2024-08-27 09:41:22,125800.0,100,Buy,234927742
2024-08-27 09:42:29,125800.0,400,Buy,234930152
2024-08-27 09:42:31,125800.0,100,Buy,234930247
2024-08-27 09:42:32,125800.0,100,Buy,234930328
2024-08-27 09:42:37,125700.0,100,Sell,234930631
2024-08-27 09:42:37,125700.0,100,Sell,234930632
2024-08-27 09:42:38,125800.0,100,Buy,234930665
2024-08-27 09:42:45,125800.0,100,Buy,234930839
2024-08-27 09:42:51,125800.0,900,Sell,234931055
2024-08-27 09:42:51,125800.0,100,Sell,234931056
2024-08-27 09:43:07,125900.0,100,Sell,234931805
2024-08-27 09:43:07,125800.0,400,Sell,234931806
2024-08-27 09:43:07,125800.0,500,Sell,234931807
2024-08-27 09:43:07,125800.0,200,Sell,234931808
2024-08-27 09:43:09,125800.0,100,Buy,234931896
2024-08-27 09:43:37,125800.0,1700,Buy,234932601
2024-08-27 09:45:53,125800.0,100,Sell,234936007
2024-08-27 09:45:53,125800.0,100,Sell,234936008
2024-08-27 09:45:53,125800.0,200,Sell,234936006
2024-08-27 09:45:53,125800.0,100,Sell,234936010
2024-08-27 09:45:53,125900.0,200,Sell,234936004
2024-08-27 09:45:53,125800.0,300,Sell,234936005
2024-08-27 09:45:53,125900.0,100,Sell,234936002
2024-08-27 09:45:53,125800.0,100,Sell,234936009
2024-08-27 09:45:53,125900.0,100,Sell,234936003
2024-08-27 09:48:07,126100.0,200,Buy,234938900
2024-08-27 09:48:18,126100.0,100,Buy,234939200
2024-08-27 09:48:41,126100.0,200,Buy,234939643
2024-08-27 09:49:36,126100.0,100,Buy,234940780
2024-08-27 09:52:05,126200.0,200,Buy,234943624
2024-08-27 09:52:05,126600.0,100,Buy,234943625
2024-08-27 09:52:05,126600.0,100,Buy,234943626
2024-08-27 09:52:41,126200.0,200,Sell,234944275
2024-08-27 09:52:41,126100.0,300,Sell,234944276
2024-08-27 09:55:29,126200.0,100,Sell,234947668
2024-08-27 10:02:33,126600.0,100,Buy,234954849
2024-08-27 10:02:33,126600.0,200,Buy,234954850
2024-08-27 10:02:33,126600.0,200,Buy,234954848
2024-08-27 10:03:33,126600.0,100,Buy,234955782
2024-08-27 10:05:37,126400.0,200,Buy,234957793
2024-08-27 10:06:18,126300.0,100,Sell,234958494
2024-08-27 10:07:09,126300.0,200,Sell,234959895
2024-08-27 10:08:45,126300.0,100,Sell,234961851
2024-08-27 10:08:55,126300.0,200,Sell,234962104
2024-08-27 10:11:08,126500.0,100,Buy,234965350
2024-08-27 10:11:15,126600.0,200,Buy,234965490
2024-08-27 10:13:11,126400.0,100,Buy,234968982
2024-08-27 10:13:19,126300.0,100,Sell,234969254
2024-08-27 10:13:19,126300.0,200,Sell,234969255
2024-08-27 10:13:19,126300.0,200,Sell,234969256
2024-08-27 10:13:22,125800.0,200,Sell,234969421
2024-08-27 10:13:22,125800.0,300,Sell,234969420
2024-08-27 10:13:22,125800.0,200,Sell,234969419
2024-08-27 10:13:22,125900.0,1000,Sell,234969418
2024-08-27 10:13:22,126000.0,100,Sell,234969412
2024-08-27 10:13:22,126000.0,500,Sell,234969417
2024-08-27 10:13:22,126000.0,500,Sell,234969416
2024-08-27 10:13:22,126000.0,100,Sell,234969415
2024-08-27 10:13:22,126000.0,200,Sell,234969413
2024-08-27 10:13:22,126000.0,100,Sell,234969411
2024-08-27 10:13:22,126100.0,300,Sell,234969404
2024-08-27 10:13:22,126000.0,100,Sell,234969409
2024-08-27 10:13:22,126000.0,100,Sell,234969410
2024-08-27 10:13:22,126200.0,200,Sell,234969400
2024-08-27 10:13:22,126200.0,500,Sell,234969401
2024-08-27 10:13:22,126200.0,100,Sell,234969402
2024-08-27 10:13:22,126200.0,100,Sell,234969403
2024-08-27 10:13:22,126100.0,100,Sell,234969405
2024-08-27 10:13:22,126100.0,100,Sell,234969406
2024-08-27 10:13:22,126100.0,100,Sell,234969407
2024-08-27 10:13:22,126100.0,100,Sell,234969408
2024-08-27 10:15:25,125900.0,100,Sell,234973576
2024-08-27 10:16:13,126000.0,100,Sell,234975611
2024-08-27 10:16:13,126000.0,100,Sell,234975610
2024-08-27 10:16:27,126000.0,400,Sell,234975948
2024-08-27 10:17:31,126000.0,100,Sell,234977836
2024-08-27 10:20:25,126200.0,100,Sell,234983378
2024-08-27 10:23:10,126300.0,200,Sell,234987604
2024-08-27 10:23:10,126200.0,400,Sell,234987605
2024-08-27 10:26:15,126200.0,100,Sell,234991678
2024-08-27 10:26:19,126200.0,300,Sell,234991730
2024-08-27 10:28:19,126200.0,200,Sell,234994099
2024-08-27 10:28:19,126200.0,100,Sell,234994098
2024-08-27 10:28:19,126200.0,100,Sell,234994097
2024-08-27 10:28:48,126200.0,100,Sell,234994572
2024-08-27 10:28:48,126200.0,100,Sell,234994573
2024-08-27 10:34:43,126200.0,300,Buy,235001436
2024-08-27 10:34:43,126200.0,200,Buy,235001437
2024-08-27 10:34:43,126200.0,100,Buy,235001438
2024-08-27 10:34:43,126200.0,100,Buy,235001439
2024-08-27 10:34:59,126200.0,200,Sell,235001761
2024-08-27 10:36:04,126200.0,200,Sell,235003328
2024-08-27 10:40:10,126200.0,100,Sell,235007201
2024-08-27 10:44:18,126500.0,300,Buy,235012494
2024-08-27 10:45:45,126500.0,100,Buy,235015281
2024-08-27 10:45:45,126500.0,100,Buy,235015282
2024-08-27 10:46:58,126300.0,100,Sell,235017772
2024-08-27 10:47:15,126300.0,100,Sell,235018460
2024-08-27 10:47:15,126300.0,500,Sell,235018459
2024-08-27 10:47:15,126300.0,100,Sell,235018457
2024-08-27 10:47:15,126300.0,300,Sell,235018458
2024-08-27 10:47:37,126300.0,100,Sell,235019338
2024-08-27 10:47:41,126300.0,100,Sell,235019487
2024-08-27 10:48:48,126300.0,1000,Sell,235021816
2024-08-27 10:48:58,126300.0,500,Sell,235022133
2024-08-27 10:49:28,126300.0,200,Sell,235023238
2024-08-27 10:49:28,126300.0,100,Sell,235023239
2024-08-27 10:49:52,126200.0,100,Sell,235023998
2024-08-27 10:50:02,126200.0,100,Sell,235024266
2024-08-27 10:51:39,126000.0,600,Sell,235027133
2024-08-27 10:51:39,126000.0,200,Sell,235027132
2024-08-27 10:51:39,126000.0,100,Sell,235027131
2024-08-27 10:51:39,126000.0,100,Sell,235027130
2024-08-27 10:51:39,126000.0,100,Sell,235027128
2024-08-27 10:51:39,126000.0,100,Sell,235027127
2024-08-27 10:51:39,126100.0,100,Sell,235027126
2024-08-27 10:51:39,126100.0,400,Sell,235027125
2024-08-27 10:51:39,126100.0,100,Sell,235027124
2024-08-27 10:51:39,126000.0,100,Sell,235027129
2024-08-27 10:52:16,126000.0,100,Sell,235028033
2024-08-27 10:52:37,126000.0,700,Sell,235028450
2024-08-27 10:52:50,126000.0,100,Sell,235028713
2024-08-27 10:52:50,126000.0,100,Sell,235028714
2024-08-27 10:52:50,126000.0,900,Sell,235028715
2024-08-27 10:52:50,126000.0,5000,Sell,235028716
2024-08-27 10:52:50,126000.0,500,Sell,235028717
2024-08-27 10:52:50,126000.0,100,Sell,235028718
2024-08-27 10:54:23,126000.0,500,Buy,235030476
2024-08-27 10:56:30,126000.0,100,Buy,235032460
2024-08-27 10:56:52,126000.0,700,Buy,235032729
2024-08-27 10:58:17,126100.0,100,Sell,235034006
2024-08-27 10:58:32,126100.0,900,Sell,235034169
2024-08-27 11:01:33,126100.0,100,Buy,235036602
2024-08-27 11:01:39,126100.0,100,Buy,235036662
2024-08-27 11:01:54,126100.0,100,Buy,235037003
2024-08-27 11:02:25,126100.0,100,Buy,235037439
2024-08-27 11:03:53,126100.0,100,Buy,235038733
2024-08-27 11:05:20,126000.0,500,Sell,235040210
2024-08-27 11:05:33,126000.0,100,Sell,235040451
2024-08-27 11:05:52,126000.0,100,Sell,235040949
2024-08-27 11:06:01,126000.0,900,Sell,235041083
2024-08-27 11:06:01,126000.0,100,Sell,235041084
2024-08-27 11:06:22,126000.0,900,Buy,235041545
2024-08-27 11:06:41,126000.0,100,Buy,235041865
2024-08-27 11:06:54,126000.0,100,Sell,235042100
2024-08-27 11:08:26,126000.0,2600,Sell,235043951
2024-08-27 11:08:51,126000.0,100,Buy,235044401
2024-08-27 11:08:58,126000.0,300,Buy,235044511
2024-08-27 11:08:59,126000.0,100,Sell,235044527
2024-08-27 11:09:21,126000.0,600,Sell,235044888
2024-08-27 11:14:48,125900.0,400,Sell,235052762
2024-08-27 11:14:48,125900.0,100,Sell,235052763
2024-08-27 11:14:48,125900.0,400,Sell,235052764
2024-08-27 11:15:02,125900.0,100,Sell,235053009
2024-08-27 11:15:20,125800.0,200,Sell,235053413
2024-08-27 11:15:20,125800.0,100,Sell,235053412
2024-08-27 11:15:20,125800.0,200,Sell,235053411
2024-08-27 11:15:20,125800.0,100,Sell,235053410
2024-08-27 11:15:20,125800.0,500,Sell,235053414
2024-08-27 11:15:20,125800.0,300,Sell,235053408
2024-08-27 11:15:20,125800.0,200,Sell,235053407
2024-08-27 11:15:20,125800.0,100,Sell,235053406
2024-08-27 11:15:20,125800.0,100,Sell,235053409
2024-08-27 11:15:20,125800.0,100,Sell,235053405
2024-08-27 11:16:20,125800.0,300,Sell,235054747
2024-08-27 11:17:18,125800.0,100,Sell,235055889
2024-08-27 11:17:33,125800.0,100,Sell,235056164
2024-08-27 11:17:33,125800.0,100,Sell,235056165
2024-08-27 11:17:53,125900.0,400,Buy,235056468
2024-08-27 11:18:24,125900.0,100,Buy,235057051
2024-08-27 11:19:10,125900.0,400,Buy,235057810
2024-08-27 11:19:10,125900.0,100,Buy,235057809
2024-08-27 11:20:13,125800.0,600,Sell,235058819
2024-08-27 11:20:13,125800.0,100,Sell,235058820
2024-08-27 11:20:13,125800.0,100,Sell,235058821
2024-08-27 11:20:28,125800.0,100,Sell,235059006
2024-08-27 11:20:43,125700.0,100,Sell,235059194
2024-08-27 11:20:57,125700.0,100,Sell,235059402
2024-08-27 11:20:57,125700.0,100,Sell,235059400
2024-08-27 11:20:57,125700.0,100,Sell,235059401
2024-08-27 11:21:10,125700.0,900,Buy,235059609
2024-08-27 11:21:53,125700.0,200,Buy,235060328
2024-08-27 11:22:30,125700.0,100,Buy,235060873
2024-08-27 11:23:03,125700.0,100,Buy,235061293
2024-08-27 11:23:36,125700.0,2000,Buy,235061672
2024-08-27 11:23:46,125700.0,100,Buy,235061761
2024-08-27 11:23:47,125700.0,500,Buy,235061768
2024-08-27 11:23:47,125700.0,1600,Buy,235061774
2024-08-27 11:23:55,125700.0,100,Buy,235061909
2024-08-27 11:23:56,125700.0,400,Buy,235061929
2024-08-27 11:23:56,125700.0,600,Buy,235061930
2024-08-27 11:23:58,125700.0,1000,Buy,235061958
2024-08-27 11:29:30,125800.0,500,Sell,235067114
2024-08-27 11:29:30,125800.0,600,Sell,235067115
2024-08-27 11:29:36,125800.0,400,Sell,235067220
2024-08-27 12:59:39,125700.0,200,Sell,235067885
2024-08-27 12:59:39,125700.0,700,Sell,235067883
2024-08-27 12:59:39,125700.0,800,Sell,235067884
2024-08-27 12:59:43,125800.0,200,Buy,235069515
2024-08-27 12:59:43,125900.0,300,Buy,235069516
2024-08-27 12:59:43,125700.0,100,Sell,235069707
2024-08-27 12:59:44,125700.0,700,Sell,235069955
2024-08-27 12:59:44,125700.0,300,Sell,235069956
2024-08-27 12:59:53,125800.0,100,Buy,235071166
2024-08-27 12:59:54,125500.0,100,Sell,235071260
2024-08-27 12:59:54,125500.0,100,Sell,235071261
2024-08-27 12:59:54,125500.0,500,Sell,235071262
2024-08-27 12:59:54,125500.0,100,Sell,235071259
2024-08-27 12:59:54,125500.0,200,Sell,235071264
2024-08-27 12:59:54,125500.0,200,Sell,235071265
2024-08-27 12:59:54,125500.0,1000,Sell,235071266
2024-08-27 12:59:54,125500.0,100,Sell,235071263
2024-08-27 12:59:54,125500.0,200,Sell,235071257
2024-08-27 12:59:54,125700.0,100,Sell,235071248
2024-08-27 12:59:54,125600.0,100,Sell,235071255
2024-08-27 12:59:54,125500.0,1000,Sell,235071256
2024-08-27 12:59:54,125700.0,100,Sell,235071249
2024-08-27 12:59:54,125700.0,500,Sell,235071250
2024-08-27 12:59:54,125700.0,200,Sell,235071247
2024-08-27 12:59:54,125600.0,100,Sell,235071252
2024-08-27 12:59:54,125600.0,100,Sell,235071251
2024-08-27 12:59:54,125600.0,200,Sell,235071254
2024-08-27 12:59:54,125600.0,100,Sell,235071253
2024-08-27 13:00:40,125500.0,400,Sell,235073028
2024-08-27 13:03:28,125600.0,100,Sell,235077509
2024-08-27 13:03:37,125600.0,100,Sell,235077703
2024-08-27 13:04:38,125700.0,200,Sell,235079184
2024-08-27 13:06:51,125800.0,200,Buy,235082886
2024-08-27 13:06:51,125800.0,500,Buy,235082887
2024-08-27 13:06:53,125700.0,400,Sell,235082946
2024-08-27 13:07:33,125800.0,200,Buy,235083915
2024-08-27 13:07:33,125800.0,100,Buy,235083916
2024-08-27 13:09:31,125800.0,600,Sell,235088243
2024-08-27 13:10:09,126000.0,1000,Buy,235089616
2024-08-27 13:10:51,126000.0,100,Sell,235091453
2024-08-27 13:10:51,126000.0,1900,Sell,235091458
2024-08-27 13:12:23,126100.0,100,Buy,235094554
2024-08-27 13:12:25,126100.0,100,Buy,235094603
2024-08-27 13:13:01,126100.0,100,Buy,235095609
2024-08-27 13:13:01,126100.0,300,Buy,235095608
2024-08-27 13:13:41,126100.0,300,Sell,235096720
2024-08-27 13:17:07,126200.0,100,Buy,235102010
2024-08-27 13:17:33,126300.0,200,Buy,235102642
2024-08-27 13:17:59,126300.0,200,Buy,235103320
2024-08-27 13:18:40,126300.0,100,Sell,235104310
2024-08-27 13:18:49,126300.0,100,Sell,235104566
2024-08-27 13:19:07,126400.0,200,Sell,235105057
2024-08-27 13:19:37,126500.0,300,Buy,235105750
2024-08-27 13:20:56,126700.0,100,Buy,235107942
2024-08-27 13:21:31,126700.0,100,Buy,235108924
2024-08-27 13:21:31,126700.0,500,Buy,235108925
2024-08-27 13:21:31,126700.0,100,Buy,235108926
2024-08-27 13:21:50,126700.0,100,Sell,235109425
2024-08-27 13:22:24,126800.0,100,Buy,235110485
2024-08-27 13:22:32,126800.0,3900,Buy,235110660
2024-08-27 13:23:11,127000.0,100,Buy,235111694
2024-08-27 13:23:18,127000.0,100,Sell,235111898
2024-08-27 13:24:32,127400.0,1000,Buy,235113856
2024-08-27 13:24:32,127400.0,200,Buy,235113857
2024-08-27 13:24:32,127400.0,100,Buy,235113858
2024-08-27 13:24:32,127500.0,100,Buy,235113859
2024-08-27 13:24:32,127500.0,600,Buy,235113860
2024-08-27 13:24:32,127600.0,500,Buy,235113861
2024-08-27 13:24:48,127600.0,500,Buy,235114285
2024-08-27 13:25:01,127900.0,100,Buy,235114594
2024-08-27 13:25:05,127900.0,800,Buy,235114650
2024-08-27 13:25:12,127900.0,700,Buy,235114815
2024-08-27 13:25:23,127600.0,10000,Sell,235114969
2024-08-27 13:25:48,127900.0,400,Buy,235115485
2024-08-27 13:25:48,127700.0,200,Sell,235115486
2024-08-27 13:26:36,127600.0,200,Sell,235116485
2024-08-27 13:26:43,127600.0,2000,Sell,235116636
2024-08-27 13:26:43,127600.0,900,Sell,235116643
2024-08-27 13:26:43,127600.0,200,Sell,235116644
2024-08-27 13:26:50,127700.0,100,Buy,235116819
2024-08-27 13:26:50,127700.0,100,Buy,235116820
2024-08-27 13:26:50,127800.0,100,Buy,235116821
2024-08-27 13:26:50,127800.0,200,Buy,235116822
2024-08-27 13:27:04,127800.0,300,Buy,235117148
2024-08-27 13:27:04,127800.0,700,Buy,235117149
2024-08-27 13:27:19,127800.0,200,Buy,235117514
2024-08-27 13:28:37,127100.0,100,Sell,235119264
2024-08-27 13:29:54,127100.0,200,Sell,235121098
2024-08-27 13:30:37,127100.0,100,Buy,235122218
2024-08-27 13:30:43,127000.0,100,Sell,235122369
2024-08-27 13:33:48,127100.0,100,Buy,235126653
2024-08-27 13:33:53,127100.0,200,Buy,235126800
2024-08-27 13:34:02,127000.0,1300,Sell,235127002
2024-08-27 13:34:13,127000.0,700,Buy,235127246
2024-08-27 13:34:18,127000.0,100,Sell,235127343
2024-08-27 13:34:22,127000.0,200,Sell,235127536
2024-08-27 13:34:48,127000.0,100,Buy,235128310
2024-08-27 13:36:28,126900.0,100,Sell,235131977
2024-08-27 13:36:43,126900.0,100,Buy,235132518
2024-08-27 13:36:51,126800.0,100,Sell,235132717
2024-08-27 13:37:01,126700.0,100,Sell,235133045
2024-08-27 13:37:57,126700.0,100,Sell,235134851
2024-08-27 13:38:32,126600.0,100,Buy,235136019
2024-08-27 13:38:46,126600.0,100,Buy,235136530
2024-08-27 13:39:23,126700.0,200,Buy,235137607
2024-08-27 13:42:24,127000.0,100,Buy,235143322
2024-08-27 13:42:49,127000.0,600,Buy,235143932
2024-08-27 13:42:49,127000.0,100,Buy,235143933
2024-08-27 13:45:30,126700.0,100,Sell,235148238
2024-08-27 13:45:30,126700.0,100,Sell,235148237
2024-08-27 13:45:30,126700.0,100,Sell,235148236
2024-08-27 13:45:30,126700.0,400,Sell,235148240
2024-08-27 13:45:30,126900.0,100,Sell,235148234
2024-08-27 13:45:30,126800.0,100,Sell,235148235
2024-08-27 13:45:30,127000.0,2000,Sell,235148231
2024-08-27 13:45:30,126700.0,200,Sell,235148239
2024-08-27 13:45:30,126900.0,100,Sell,235148232
2024-08-27 13:45:30,126900.0,100,Sell,235148233
2024-08-27 13:51:06,126800.0,100,Sell,235156596
2024-08-27 13:51:06,126700.0,200,Sell,235156597
2024-08-27 13:51:58,127200.0,300,Buy,235157919
2024-08-27 13:51:58,127200.0,100,Buy,235157920
2024-08-27 13:52:09,126700.0,100,Sell,235158141
2024-08-27 13:52:22,126700.0,400,Sell,235158389
2024-08-27 13:53:32,126700.0,400,Sell,235159721
2024-08-27 13:53:32,126700.0,200,Sell,235159722
2024-08-27 13:53:32,126700.0,200,Sell,235159723
2024-08-27 13:55:29,126700.0,200,Sell,235162347
2024-08-27 13:56:48,126800.0,100,Sell,235163968
2024-08-27 13:56:57,126800.0,400,Sell,235164159
2024-08-27 13:59:30,126800.0,300,Sell,235167254
2024-08-27 14:00:22,126800.0,100,Buy,235168676
2024-08-27 14:01:56,126800.0,1000,Buy,235171668
2024-08-27 14:01:56,126800.0,1500,Buy,235171669
2024-08-27 14:01:57,126800.0,500,Buy,235171683
2024-08-27 14:02:58,126800.0,100,Sell,235173401
2024-08-27 14:08:19,126800.0,100,Sell,235183228
2024-08-27 14:08:37,126900.0,500,Buy,235183797
2024-08-27 14:09:19,126900.0,1000,Sell,235184858
2024-08-27 14:09:20,126900.0,100,Buy,235184899
2024-08-27 14:09:25,126900.0,100,Buy,235185003
2024-08-27 14:09:29,126900.0,600,Buy,235185175
2024-08-27 14:11:07,126900.0,100,Sell,235187583
2024-08-27 14:11:27,126900.0,700,Sell,235188206
2024-08-27 14:13:05,126900.0,100,Buy,235190950
2024-08-27 14:15:19,125800.0,100,Sell,235195630
2024-08-27 14:15:19,125800.0,100,Sell,235195629
2024-08-27 14:15:19,126000.0,400,Sell,235195628
2024-08-27 14:15:19,126000.0,100,Sell,235195627
2024-08-27 14:15:19,126000.0,500,Sell,235195626
2024-08-27 14:15:19,126000.0,100,Sell,235195625
2024-08-27 14:15:19,126000.0,500,Sell,235195624
2024-08-27 14:15:19,126000.0,100,Sell,235195623
2024-08-27 14:15:19,126000.0,500,Sell,235195622
2024-08-27 14:15:19,126000.0,100,Sell,235195621
2024-08-27 14:15:19,125700.0,100,Sell,235195631
2024-08-27 14:15:19,126100.0,500,Sell,235195619
2024-08-27 14:15:19,126100.0,100,Sell,235195620
2024-08-27 14:15:19,126500.0,100,Sell,235195617
2024-08-27 14:15:19,126500.0,100,Sell,235195616
2024-08-27 14:15:19,126500.0,100,Sell,235195615
2024-08-27 14:15:19,126500.0,100,Sell,235195614
2024-08-27 14:15:19,126500.0,200,Sell,235195613
2024-08-27 14:15:19,126600.0,200,Sell,235195612
2024-08-27 14:15:19,126600.0,300,Sell,235195611
2024-08-27 14:15:19,126600.0,100,Sell,235195610
2024-08-27 14:15:19,126800.0,500,Sell,235195609
2024-08-27 14:15:19,126800.0,100,Sell,235195608
2024-08-27 14:15:19,126800.0,500,Sell,235195607
2024-08-27 14:15:19,126800.0,100,Sell,235195606
2024-08-27 14:15:19,126800.0,200,Sell,235195605
2024-08-27 14:15:19,126300.0,100,Sell,235195618
2024-08-27 14:15:42,126900.0,100,Buy,235196396
2024-08-27 14:17:04,126900.0,200,Buy,235199024
2024-08-27 14:17:04,126900.0,800,Buy,235199023
2024-08-27 14:17:42,126900.0,400,Buy,235200465
2024-08-27 14:17:42,126900.0,100,Buy,235200466
2024-08-27 14:22:51,126900.0,500,Buy,235209822
2024-08-27 14:23:08,126900.0,200,Buy,235210460
2024-08-27 14:23:08,126900.0,100,Buy,235210461
2024-08-27 14:23:08,126900.0,200,Buy,235210462
2024-08-27 14:24:09,126900.0,200,Buy,235212956
2024-08-27 14:24:09,126900.0,400,Buy,235212957
2024-08-27 14:25:23,126900.0,500,Buy,235215894
2024-08-27 14:25:31,126900.0,100,Buy,235216162
2024-08-27 14:27:34,126900.0,300,Buy,235220829
2024-08-27 14:27:34,126900.0,100,Buy,235220830
2024-08-27 14:27:57,126900.0,100,Sell,235221856
2024-08-27 14:44:37,127000.0,6700,ATO/ATC,235226835
