time,price,volume,match_type,id
2024-08-15 09:14:38,121100.0,100,ATO/ATC,231691138
2024-08-15 09:15:07,121100.0,1000,Buy,231691749
2024-08-15 09:15:31,121100.0,100,Buy,231692233
2024-08-15 09:15:32,121100.0,200,Buy,231692256
2024-08-15 09:15:52,121100.0,100,Buy,231692498
2024-08-15 09:17:31,121100.0,100,Sell,231694260
2024-08-15 09:18:34,121200.0,100,Sell,231695392
2024-08-15 09:18:45,121200.0,200,Sell,231695598
2024-08-15 09:18:45,121200.0,100,Sell,231695599
2024-08-15 09:19:03,121300.0,3000,Sell,231695943
2024-08-15 09:19:03,121100.0,200,Sell,231695944
2024-08-15 09:19:03,121100.0,300,Sell,231695945
2024-08-15 09:19:03,121100.0,500,Sell,231695946
2024-08-15 09:19:03,121100.0,100,Sell,231695947
2024-08-15 09:19:03,121100.0,100,Sell,231695948
2024-08-15 09:19:18,121000.0,100,Sell,231696214
2024-08-15 09:19:25,121100.0,2000,Buy,231696333
2024-08-15 09:19:26,121000.0,100,Sell,231696340
2024-08-15 09:19:50,121100.0,2000,Buy,231696761
2024-08-15 09:20:08,121000.0,300,Sell,231697207
2024-08-15 09:20:08,121000.0,100,Sell,231697204
2024-08-15 09:20:08,121000.0,100,Sell,231697205
2024-08-15 09:20:08,121000.0,500,Sell,231697206
2024-08-15 09:20:14,121000.0,1000,Sell,231697292
2024-08-15 09:20:49,121000.0,100,Sell,231698034
2024-08-15 09:20:57,121000.0,200,Sell,231698214
2024-08-15 09:20:57,121000.0,600,Sell,231698212
2024-08-15 09:20:57,121000.0,200,Sell,231698213
2024-08-15 09:21:09,121000.0,100,Sell,231698448
2024-08-15 09:21:09,121000.0,200,Sell,231698449
2024-08-15 09:21:17,121000.0,500,Sell,231698603
2024-08-15 09:21:20,121000.0,500,Sell,231698649
2024-08-15 09:21:20,121000.0,100,Sell,231698650
2024-08-15 09:24:17,120900.0,200,Sell,231701575
2024-08-15 09:24:17,120900.0,100,Sell,231701576
2024-08-15 09:24:17,120900.0,100,Sell,231701574
2024-08-15 09:24:38,120900.0,600,Buy,231701962
2024-08-15 09:25:11,121000.0,400,Buy,231702545
2024-08-15 09:25:12,120900.0,500,Sell,231702565
2024-08-15 09:25:27,120900.0,100,Sell,231702812
2024-08-15 09:25:56,120900.0,100,Sell,231703258
2024-08-15 09:26:06,120900.0,500,Sell,231703418
2024-08-15 09:26:46,120900.0,400,Sell,231704005
2024-08-15 09:31:19,120900.0,100,Sell,231708138
2024-08-15 09:31:30,120900.0,100,Sell,231708267
2024-08-15 09:31:59,120900.0,500,Sell,231708656
2024-08-15 09:32:05,120900.0,100,Sell,231708774
2024-08-15 09:32:16,120900.0,200,Sell,231708976
2024-08-15 09:32:16,120900.0,1000,Sell,231708977
2024-08-15 09:32:16,120900.0,500,Sell,231708978
2024-08-15 09:32:16,120900.0,100,Sell,231708979
2024-08-15 09:32:16,120900.0,100,Sell,231708980
2024-08-15 09:32:16,120900.0,100,Sell,231708981
2024-08-15 09:32:16,120900.0,1000,Sell,231708982
2024-08-15 09:32:46,120900.0,100,Sell,231709448
2024-08-15 09:32:46,120900.0,100,Sell,231709449
2024-08-15 09:33:40,120700.0,100,Sell,231710029
2024-08-15 09:33:58,120700.0,100,Sell,231710397
2024-08-15 09:33:58,120700.0,200,Sell,231710398
2024-08-15 09:33:58,120700.0,200,Sell,231710399
2024-08-15 09:34:04,120700.0,200,Sell,231710538
2024-08-15 09:34:04,120700.0,100,Sell,231710537
2024-08-15 09:34:04,120700.0,200,Sell,231710528
2024-08-15 09:34:04,120700.0,100,Sell,231710529
2024-08-15 09:34:04,120700.0,200,Sell,231710527
2024-08-15 09:34:26,120600.0,100,Sell,231710856
2024-08-15 09:34:27,120700.0,200,Buy,231710872
2024-08-15 09:37:03,120700.0,500,Buy,231713796
2024-08-15 09:37:03,120700.0,100,Buy,231713797
2024-08-15 09:37:03,120700.0,500,Buy,231713798
2024-08-15 09:37:03,120700.0,200,Buy,231713799
2024-08-15 09:37:16,120700.0,100,Buy,231713998
2024-08-15 09:37:18,120700.0,300,Buy,231714030
2024-08-15 09:37:18,120700.0,200,Buy,231714029
2024-08-15 09:37:25,120600.0,300,Sell,231714144
2024-08-15 09:37:25,120600.0,100,Sell,231714145
2024-08-15 09:37:31,120600.0,600,Buy,231714225
2024-08-15 09:37:31,120700.0,200,Buy,231714226
2024-08-15 09:38:04,120800.0,1000,Buy,231714796
2024-08-15 09:38:31,120800.0,100,Sell,231715265
2024-08-15 09:38:48,120800.0,300,Buy,231715722
2024-08-15 09:40:58,120800.0,1500,Buy,231718101
2024-08-15 09:41:56,120800.0,100,Buy,231719320
2024-08-15 09:42:13,120800.0,100,Buy,231719612
2024-08-15 09:42:32,120800.0,1000,Buy,231719932
2024-08-15 09:42:32,120800.0,2000,Buy,231719933
2024-08-15 09:42:32,120800.0,100,Buy,231719934
2024-08-15 09:42:32,120800.0,900,Buy,231719931
2024-08-15 09:42:51,120800.0,100,Buy,231720298
2024-08-15 09:43:12,120800.0,100,Buy,231720655
2024-08-15 09:43:17,120800.0,500,Buy,231720724
2024-08-15 09:43:53,120800.0,300,Buy,231721213
2024-08-15 09:44:04,120800.0,200,Buy,231721366
2024-08-15 09:44:04,120800.0,100,Buy,231721365
2024-08-15 09:44:18,120800.0,200,Buy,231721547
2024-08-15 09:44:53,120800.0,100,Buy,231722169
2024-08-15 09:44:54,120800.0,900,Buy,231722172
2024-08-15 09:45:16,120600.0,100,Sell,231722483
2024-08-15 09:45:36,120600.0,100,Sell,231722731
2024-08-15 09:45:47,120600.0,100,Sell,231722924
2024-08-15 09:46:51,120800.0,100,Buy,231723925
2024-08-15 09:47:11,120800.0,300,Buy,231724218
2024-08-15 09:47:31,120800.0,500,Buy,231724475
2024-08-15 09:50:27,120800.0,200,Sell,231727652
2024-08-15 09:50:27,120800.0,100,Sell,231727653
2024-08-15 09:50:27,120800.0,500,Sell,231727651
2024-08-15 09:52:28,120800.0,100,Sell,231729959
2024-08-15 09:52:28,120800.0,400,Sell,231729960
2024-08-15 09:54:48,120800.0,400,Sell,231732025
2024-08-15 09:54:48,120800.0,600,Sell,231732026
2024-08-15 09:55:45,120800.0,400,Sell,231732916
2024-08-15 09:56:45,120800.0,100,Sell,231733690
2024-08-15 10:01:08,120900.0,200,Buy,231737627
2024-08-15 10:01:25,120800.0,100,Sell,231737874
2024-08-15 10:01:25,120800.0,100,Sell,231737871
2024-08-15 10:01:25,120800.0,200,Sell,231737872
2024-08-15 10:01:25,120800.0,100,Sell,231737873
2024-08-15 10:02:50,120700.0,100,Sell,231739026
2024-08-15 10:02:50,120700.0,100,Sell,231739027
2024-08-15 10:02:50,120700.0,300,Sell,231739028
2024-08-15 10:04:01,120700.0,100,Sell,231740461
2024-08-15 10:04:01,120700.0,500,Sell,231740460
2024-08-15 10:04:01,120700.0,100,Sell,231740458
2024-08-15 10:04:01,120700.0,200,Sell,231740457
2024-08-15 10:04:01,120700.0,500,Sell,231740459
2024-08-15 10:04:44,120700.0,100,Buy,231741188
2024-08-15 10:05:23,120700.0,1500,Buy,231741924
2024-08-15 10:06:08,120900.0,100,Buy,231742937
2024-08-15 10:07:08,120900.0,500,Buy,231743882
2024-08-15 10:09:26,120700.0,500,Sell,231746566
2024-08-15 10:10:38,120700.0,700,Sell,231747531
2024-08-15 10:10:56,120700.0,100,Sell,231747755
2024-08-15 10:11:32,120700.0,100,Sell,231748200
2024-08-15 10:11:32,120700.0,200,Sell,231748201
2024-08-15 10:12:05,120700.0,500,Buy,231748657
2024-08-15 10:12:22,120700.0,100,Buy,231748948
2024-08-15 10:13:29,120700.0,100,Buy,231749941
2024-08-15 10:13:47,120700.0,100,Sell,231750216
2024-08-15 10:13:47,120600.0,100,Sell,231750218
2024-08-15 10:13:47,120600.0,100,Sell,231750219
2024-08-15 10:13:47,120600.0,600,Sell,231750220
2024-08-15 10:13:47,120600.0,100,Sell,231750221
2024-08-15 10:14:21,120600.0,100,Sell,231750728
2024-08-15 10:14:21,120600.0,200,Sell,231750730
2024-08-15 10:14:21,120600.0,100,Sell,231750729
2024-08-15 10:14:21,120600.0,200,Sell,231750727
2024-08-15 10:14:21,120600.0,100,Sell,231750721
2024-08-15 10:14:21,120600.0,200,Sell,231750725
2024-08-15 10:14:21,120600.0,100,Sell,231750724
2024-08-15 10:14:21,120600.0,100,Sell,231750723
2024-08-15 10:14:21,120600.0,100,Sell,231750722
2024-08-15 10:14:21,120600.0,100,Sell,231750726
2024-08-15 10:15:32,120600.0,200,Sell,231751759
2024-08-15 10:16:05,120600.0,200,Buy,231752331
2024-08-15 10:16:32,120500.0,100,Sell,231752852
2024-08-15 10:16:32,120500.0,100,Sell,231752851
2024-08-15 10:16:32,120500.0,500,Sell,231752850
2024-08-15 10:16:32,120500.0,500,Sell,231752849
2024-08-15 10:16:32,120500.0,300,Sell,231752848
2024-08-15 10:16:32,120500.0,100,Sell,231752847
2024-08-15 10:16:32,120500.0,500,Sell,231752845
2024-08-15 10:16:32,120500.0,1000,Sell,231752844
2024-08-15 10:16:32,120500.0,200,Sell,231752840
2024-08-15 10:16:32,120500.0,100,Sell,231752841
2024-08-15 10:16:32,120500.0,3000,Sell,231752846
2024-08-15 10:16:32,120500.0,100,Sell,231752843
2024-08-15 10:16:32,120500.0,300,Sell,231752842
2024-08-15 10:16:33,120500.0,600,Buy,231752873
2024-08-15 10:16:33,120600.0,800,Buy,231752874
2024-08-15 10:16:33,120600.0,300,Buy,231752875
2024-08-15 10:17:08,120600.0,300,Sell,231753447
2024-08-15 10:17:08,120600.0,2100,Sell,231753448
2024-08-15 10:17:36,120600.0,500,Sell,231753852
2024-08-15 10:18:58,120600.0,300,Sell,231755171
2024-08-15 10:19:30,120600.0,100,Sell,231755887
2024-08-15 10:20:07,120500.0,100,Sell,231756668
2024-08-15 10:20:08,120500.0,200,Buy,231756669
2024-08-15 10:20:08,120500.0,500,Buy,231756683
2024-08-15 10:20:55,120500.0,200,Buy,231757733
2024-08-15 10:21:10,120300.0,100,Sell,231758221
2024-08-15 10:21:10,120300.0,500,Sell,231758219
2024-08-15 10:21:10,120300.0,100,Sell,231758220
2024-08-15 10:21:26,120300.0,100,Buy,231758598
2024-08-15 10:21:55,120300.0,200,Buy,231759160
2024-08-15 10:22:03,120200.0,500,Sell,231759310
2024-08-15 10:22:42,120200.0,500,Sell,231760491
2024-08-15 10:22:42,120200.0,100,Sell,231760492
2024-08-15 10:22:47,120200.0,100,Sell,231760631
2024-08-15 10:22:47,120200.0,500,Sell,231760632
2024-08-15 10:22:47,120200.0,300,Sell,231760633
2024-08-15 10:23:00,120200.0,100,Buy,231761009
2024-08-15 10:23:03,120200.0,100,Buy,231761153
2024-08-15 10:23:07,120200.0,200,Buy,231761254
2024-08-15 10:23:12,120200.0,500,Buy,231761353
2024-08-15 10:23:25,120200.0,200,Buy,231761633
2024-08-15 10:23:35,120200.0,300,Sell,231762028
2024-08-15 10:24:03,120100.0,300,Sell,231762660
2024-08-15 10:24:03,120100.0,100,Sell,231762661
2024-08-15 10:24:03,120100.0,100,Sell,231762662
2024-08-15 10:24:24,120100.0,600,Sell,231763089
2024-08-15 10:24:38,120100.0,1000,Sell,231763373
2024-08-15 10:24:51,120100.0,300,Sell,231763692
2024-08-15 10:25:04,120100.0,200,Sell,231763979
2024-08-15 10:25:12,120100.0,500,Sell,231764121
2024-08-15 10:26:05,120100.0,300,Sell,231765266
2024-08-15 10:26:05,120100.0,2700,Sell,231765267
2024-08-15 10:26:31,120100.0,3000,Sell,231765896
2024-08-15 10:26:40,120100.0,500,Sell,231766133
2024-08-15 10:26:44,120100.0,200,Sell,231766250
2024-08-15 10:26:58,120100.0,400,Sell,231766555
2024-08-15 10:27:38,120100.0,500,Sell,231767357
2024-08-15 10:27:39,120200.0,200,Buy,231767408
2024-08-15 10:27:46,120200.0,500,Sell,231767488
2024-08-15 10:27:54,120200.0,500,Sell,231767633
2024-08-15 10:27:55,120300.0,1500,Buy,231767648
2024-08-15 10:28:14,120300.0,1000,Buy,231768032
2024-08-15 10:29:12,120300.0,100,Buy,231769379
2024-08-15 10:29:14,120300.0,400,Buy,231769395
2024-08-15 10:29:14,120300.0,100,Buy,231769396
2024-08-15 10:31:19,120300.0,100,Buy,231771659
2024-08-15 10:31:52,120300.0,200,Buy,231772149
2024-08-15 10:32:13,120300.0,400,Buy,231772676
2024-08-15 10:32:13,120300.0,200,Buy,231772677
2024-08-15 10:32:13,120300.0,100,Buy,231772675
2024-08-15 10:33:55,120300.0,200,Sell,231774217
2024-08-15 10:33:55,120300.0,100,Sell,231774216
2024-08-15 10:33:55,120300.0,700,Sell,231774218
2024-08-15 10:33:55,120300.0,300,Sell,231774214
2024-08-15 10:33:55,120400.0,200,Sell,231774213
2024-08-15 10:33:55,120400.0,1000,Sell,231774206
2024-08-15 10:33:55,120300.0,500,Sell,231774215
2024-08-15 10:34:14,120500.0,100,Buy,231774503
2024-08-15 10:34:29,120500.0,200,Buy,231774716
2024-08-15 10:34:45,120500.0,1000,Buy,231775012
2024-08-15 10:38:44,120400.0,200,Sell,231778548
2024-08-15 10:38:47,120400.0,200,Buy,231778571
2024-08-15 10:39:04,120400.0,100,Buy,231778761
2024-08-15 10:42:28,120400.0,500,Sell,231781329
2024-08-15 10:42:28,120400.0,200,Sell,231781328
2024-08-15 10:42:28,120400.0,100,Sell,231781326
2024-08-15 10:42:28,120400.0,100,Sell,231781325
2024-08-15 10:42:28,120400.0,100,Sell,231781327
2024-08-15 10:43:50,120400.0,100,Sell,231782388
2024-08-15 10:46:51,120400.0,200,Sell,231784695
2024-08-15 10:47:16,120400.0,200,Buy,231784934
2024-08-15 10:48:38,120500.0,200,Buy,231785944
2024-08-15 10:48:38,120500.0,800,Buy,231785945
2024-08-15 10:48:39,120500.0,400,Buy,231785955
2024-08-15 10:52:50,120500.0,100,Buy,231789044
2024-08-15 10:55:12,120300.0,300,Sell,231790916
2024-08-15 10:55:12,120300.0,200,Sell,231790917
2024-08-15 10:55:12,120300.0,1300,Sell,231790918
2024-08-15 10:56:17,120300.0,700,Sell,231791885
2024-08-15 10:57:18,120300.0,100,Sell,231792843
2024-08-15 10:57:45,120300.0,200,Sell,231793292
2024-08-15 10:57:45,120300.0,100,Sell,231793293
2024-08-15 10:57:45,120300.0,200,Sell,231793294
2024-08-15 10:58:40,120300.0,700,Sell,231794138
2024-08-15 11:00:51,120300.0,200,Sell,231796012
2024-08-15 11:01:13,120300.0,100,Sell,231796370
2024-08-15 11:01:40,120300.0,300,Sell,231796747
2024-08-15 11:01:56,120300.0,200,Sell,231797000
2024-08-15 11:02:34,120300.0,800,Sell,231797650
2024-08-15 11:02:34,120300.0,100,Sell,231797651
2024-08-15 11:02:34,120300.0,500,Sell,231797649
2024-08-15 11:03:20,120300.0,100,Buy,231798522
2024-08-15 11:03:22,120200.0,200,Sell,231798547
2024-08-15 11:07:18,120300.0,100,Sell,231802397
2024-08-15 11:07:18,120200.0,100,Sell,231802398
2024-08-15 11:07:56,120200.0,300,Sell,231802925
2024-08-15 11:07:56,120200.0,500,Sell,231802924
2024-08-15 11:08:40,120200.0,1000,Sell,231803638
2024-08-15 11:10:03,120300.0,100,Sell,231804811
2024-08-15 11:10:20,120300.0,200,Buy,231805037
2024-08-15 11:10:32,120300.0,100,Buy,231805256
2024-08-15 11:10:33,120300.0,200,Buy,231805267
2024-08-15 11:11:46,120300.0,100,Buy,231806098
2024-08-15 11:12:39,120300.0,100,Buy,231806959
2024-08-15 11:12:39,120300.0,400,Buy,231806958
2024-08-15 11:14:47,120300.0,400,Buy,231808971
2024-08-15 11:15:59,120300.0,300,Sell,231809873
2024-08-15 11:17:01,120300.0,300,Sell,231811021
2024-08-15 11:19:39,120200.0,1000,Sell,231814527
2024-08-15 11:20:05,120300.0,1000,Sell,231815119
2024-08-15 11:22:01,120400.0,1000,Buy,231817503
2024-08-15 11:22:49,120300.0,100,Sell,231818505
2024-08-15 11:22:49,120200.0,200,Sell,231818506
2024-08-15 11:23:23,120200.0,500,Sell,231819176
2024-08-15 11:23:44,120200.0,100,Sell,231819494
2024-08-15 11:25:55,120100.0,3500,Sell,231822386
2024-08-15 11:25:55,120100.0,100,Sell,231822385
2024-08-15 11:25:55,120100.0,100,Sell,231822384
2024-08-15 11:25:55,120100.0,100,Sell,231822383
2024-08-15 11:25:55,120200.0,100,Sell,231822381
2024-08-15 11:25:55,120100.0,100,Sell,231822382
2024-08-15 11:25:55,120200.0,100,Sell,231822379
2024-08-15 11:25:55,120200.0,1000,Sell,231822378
2024-08-15 11:25:55,120200.0,100,Sell,231822377
2024-08-15 11:25:55,120200.0,300,Sell,231822376
2024-08-15 11:25:55,120200.0,200,Sell,231822375
2024-08-15 11:25:55,120200.0,1900,Sell,231822374
2024-08-15 11:25:55,120200.0,100,Sell,231822380
2024-08-15 11:26:59,120200.0,500,Buy,231823437
2024-08-15 11:27:47,120200.0,100,Buy,231824428
2024-08-15 11:28:28,120200.0,100,Buy,231825074
2024-08-15 11:28:44,120000.0,100,Sell,231825445
2024-08-15 11:28:44,120000.0,500,Sell,231825444
2024-08-15 11:28:44,120000.0,900,Sell,231825443
2024-08-15 11:28:44,120000.0,100,Sell,231825442
2024-08-15 11:28:44,120100.0,1500,Sell,231825437
2024-08-15 11:28:44,120100.0,200,Sell,231825440
2024-08-15 11:28:44,120100.0,100,Sell,231825439
2024-08-15 11:28:44,120100.0,100,Sell,231825438
2024-08-15 11:28:44,120000.0,100,Sell,231825441
2024-08-15 11:28:44,120000.0,1000,Sell,231825446
2024-08-15 11:28:44,120000.0,1000,Sell,231825447
2024-08-15 11:28:44,120000.0,300,Sell,231825449
2024-08-15 11:28:44,120000.0,100,Sell,231825470
2024-08-15 11:28:44,120000.0,100,Sell,231825469
2024-08-15 11:28:44,120000.0,200,Sell,231825468
2024-08-15 11:28:44,120000.0,100,Sell,231825467
2024-08-15 11:28:44,120000.0,200,Sell,231825466
2024-08-15 11:28:44,120000.0,100,Sell,231825465
2024-08-15 11:28:44,120000.0,100,Sell,231825463
2024-08-15 11:28:44,120000.0,200,Sell,231825462
2024-08-15 11:28:44,120000.0,100,Sell,231825461
2024-08-15 11:28:44,120000.0,100,Sell,231825448
2024-08-15 11:28:44,120000.0,1000,Sell,231825459
2024-08-15 11:28:44,120000.0,200,Sell,231825451
2024-08-15 11:28:44,120000.0,100,Sell,231825452
2024-08-15 11:28:44,120000.0,200,Sell,231825453
2024-08-15 11:28:44,120000.0,100,Sell,231825454
2024-08-15 11:28:44,120000.0,100,Sell,231825460
2024-08-15 11:28:44,120000.0,100,Sell,231825456
2024-08-15 11:28:44,120000.0,100,Sell,231825458
2024-08-15 11:28:44,120000.0,100,Sell,231825455
2024-08-15 11:28:44,120000.0,100,Sell,231825457
2024-08-15 11:28:58,120000.0,300,Sell,231825723
2024-08-15 11:28:58,120000.0,400,Sell,231825724
2024-08-15 12:59:38,120000.0,600,Sell,231826662
2024-08-15 12:59:38,120000.0,100,Sell,231826663
2024-08-15 12:59:38,120000.0,300,Sell,231826664
2024-08-15 12:59:40,119500.0,900,Sell,231827967
2024-08-15 12:59:40,119500.0,100,Sell,231827966
2024-08-15 12:59:40,119500.0,100,Sell,231827965
2024-08-15 12:59:40,119500.0,100,Sell,231827964
2024-08-15 12:59:40,119500.0,300,Sell,231827963
2024-08-15 12:59:40,119500.0,100,Sell,231827962
2024-08-15 12:59:40,119500.0,100,Sell,231827961
2024-08-15 12:59:40,119600.0,300,Sell,231827959
2024-08-15 12:59:40,119700.0,100,Sell,231827958
2024-08-15 12:59:40,119700.0,100,Sell,231827956
2024-08-15 12:59:40,119800.0,500,Sell,231827955
2024-08-15 12:59:40,119800.0,100,Sell,231827954
2024-08-15 12:59:40,119800.0,100,Sell,231827953
2024-08-15 12:59:40,119900.0,100,Sell,231827952
2024-08-15 12:59:40,119600.0,100,Sell,231827960
2024-08-15 12:59:40,119700.0,100,Sell,231827957
2024-08-15 12:59:42,120000.0,200,Buy,231828768
2024-08-15 12:59:43,120000.0,700,Buy,231828824
2024-08-15 12:59:43,120000.0,300,Buy,231828823
2024-08-15 12:59:45,120000.0,300,Buy,231829373
2024-08-15 12:59:52,120000.0,100,Sell,231830443
2024-08-15 12:59:52,120000.0,700,Sell,231830442
2024-08-15 12:59:52,119500.0,200,Sell,231830444
2024-08-15 13:02:36,120100.0,100,Buy,231835833
2024-08-15 13:03:45,120100.0,200,Buy,231837731
2024-08-15 13:04:11,120000.0,200,Sell,231838408
2024-08-15 13:04:12,120000.0,200,Buy,231838435
2024-08-15 13:05:10,120000.0,100,Buy,231840339
2024-08-15 13:06:25,120000.0,100,Sell,231843032
2024-08-15 13:06:25,120000.0,200,Sell,231843033
2024-08-15 13:07:31,120000.0,100,Buy,231844678
2024-08-15 13:07:31,119600.0,100,Sell,231844690
2024-08-15 13:07:31,119600.0,200,Sell,231844691
2024-08-15 13:07:59,120300.0,900,Buy,231845358
2024-08-15 13:07:59,120200.0,300,Buy,231845357
2024-08-15 13:07:59,120100.0,100,Buy,231845355
2024-08-15 13:07:59,120200.0,300,Buy,231845356
2024-08-15 13:07:59,120100.0,100,Buy,231845353
2024-08-15 13:07:59,120000.0,100,Buy,231845352
2024-08-15 13:07:59,120000.0,100,Buy,231845351
2024-08-15 13:07:59,120100.0,100,Buy,231845354
2024-08-15 13:08:26,120200.0,100,Buy,231846218
2024-08-15 13:09:46,120100.0,100,Buy,231848488
2024-08-15 13:10:11,120100.0,200,Buy,231849136
2024-08-15 13:10:24,120100.0,100,Buy,231849498
2024-08-15 13:10:25,120000.0,500,Sell,231849539
2024-08-15 13:11:08,120000.0,100,Buy,231850807
2024-08-15 13:11:08,120000.0,100,Buy,231850808
2024-08-15 13:11:11,120000.0,200,Buy,231850893
2024-08-15 13:11:11,120000.0,200,Buy,231850894
2024-08-15 13:11:11,120000.0,100,Buy,231850895
2024-08-15 13:11:16,120000.0,100,Buy,231851031
2024-08-15 13:12:59,120000.0,100,Buy,231854093
2024-08-15 13:12:59,120000.0,900,Buy,231854092
2024-08-15 13:13:25,120000.0,100,Buy,231854699
2024-08-15 13:13:43,120000.0,100,Buy,231855108
2024-08-15 13:13:43,120000.0,100,Buy,231855109
2024-08-15 13:14:09,120000.0,300,Buy,231855709
2024-08-15 13:14:31,120000.0,1000,Buy,231856226
2024-08-15 13:14:31,120000.0,600,Buy,231856225
2024-08-15 13:14:41,120000.0,400,Sell,231856438
2024-08-15 13:15:05,120000.0,500,Buy,231857065
2024-08-15 13:15:05,120000.0,100,Buy,231857057
2024-08-15 13:15:35,120000.0,1500,Sell,231858006
2024-08-15 13:15:54,120000.0,500,Buy,231858572
2024-08-15 13:16:23,120000.0,500,Buy,231859337
2024-08-15 13:17:54,120000.0,100,Sell,231861477
2024-08-15 13:17:54,120000.0,100,Sell,231861484
2024-08-15 13:18:46,120000.0,100,Sell,231862686
2024-08-15 13:19:08,119700.0,1200,Sell,231863133
2024-08-15 13:19:08,119700.0,100,Sell,231863132
2024-08-15 13:19:08,119700.0,100,Sell,231863131
2024-08-15 13:19:08,119800.0,100,Sell,231863130
2024-08-15 13:20:07,119700.0,2000,Sell,231864390
2024-08-15 13:20:40,119900.0,100,Sell,231865036
2024-08-15 13:20:40,119700.0,1800,Sell,231865037
2024-08-15 13:20:40,119700.0,200,Sell,231865038
2024-08-15 13:21:48,119700.0,100,Sell,231866376
2024-08-15 13:21:48,119700.0,100,Sell,231866375
2024-08-15 13:21:48,119700.0,1000,Sell,231866374
2024-08-15 13:21:48,119700.0,200,Sell,231866371
2024-08-15 13:21:48,119700.0,100,Sell,231866372
2024-08-15 13:21:48,119700.0,200,Sell,231866373
2024-08-15 13:21:48,119700.0,200,Sell,231866370
2024-08-15 13:21:54,119600.0,100,Sell,231866491
2024-08-15 13:21:55,119700.0,100,Buy,231866513
2024-08-15 13:22:14,119700.0,100,Sell,231866957
2024-08-15 13:22:14,119600.0,500,Sell,231866958
2024-08-15 13:22:14,119600.0,100,Sell,231866959
2024-08-15 13:22:14,119600.0,100,Sell,231866960
2024-08-15 13:22:14,119500.0,200,Sell,231866961
2024-08-15 13:22:59,119500.0,100,Sell,231867872
2024-08-15 13:22:59,119500.0,100,Sell,231867874
2024-08-15 13:22:59,119500.0,200,Sell,231867873
2024-08-15 13:22:59,119500.0,100,Sell,231867871
2024-08-15 13:22:59,119500.0,100,Sell,231867869
2024-08-15 13:22:59,119500.0,300,Sell,231867870
2024-08-15 13:22:59,119500.0,500,Sell,231867866
2024-08-15 13:22:59,119500.0,300,Sell,231867868
2024-08-15 13:22:59,119500.0,300,Sell,231867867
2024-08-15 13:23:02,119500.0,100,Sell,231867948
2024-08-15 13:23:02,119500.0,100,Sell,231867949
2024-08-15 13:23:02,119500.0,500,Sell,231867950
2024-08-15 13:23:04,119500.0,100,Buy,231867973
2024-08-15 13:23:10,119500.0,100,Buy,231868138
2024-08-15 13:23:11,119500.0,600,Buy,231868157
2024-08-15 13:24:59,119900.0,1400,Buy,231870662
2024-08-15 13:28:33,119600.0,100,Sell,231875264
2024-08-15 13:28:33,119600.0,400,Sell,231875265
2024-08-15 13:31:56,119700.0,100,Sell,231879516
2024-08-15 13:32:46,119600.0,100,Sell,231880520
2024-08-15 13:32:46,119700.0,100,Sell,231880518
2024-08-15 13:32:46,119600.0,300,Sell,231880521
2024-08-15 13:32:46,119600.0,100,Sell,231880519
2024-08-15 13:32:46,119700.0,300,Sell,231880516
2024-08-15 13:32:46,119700.0,1900,Sell,231880515
2024-08-15 13:32:46,119700.0,200,Sell,231880517
2024-08-15 13:33:33,119600.0,2500,Sell,231881461
2024-08-15 13:33:46,119900.0,100,Buy,231881699
2024-08-15 13:34:02,119700.0,200,Sell,231882057
2024-08-15 13:34:14,120300.0,200,Buy,231882307
2024-08-15 13:34:14,120300.0,100,Buy,231882306
2024-08-15 13:34:14,120300.0,100,Buy,231882305
2024-08-15 13:34:14,120200.0,500,Buy,231882304
2024-08-15 13:34:14,120100.0,100,Buy,231882303
2024-08-15 13:34:14,120500.0,400,Buy,231882308
2024-08-15 13:34:14,120000.0,1000,Buy,231882301
2024-08-15 13:34:14,119900.0,500,Buy,231882299
2024-08-15 13:34:14,119900.0,200,Buy,231882298
2024-08-15 13:34:14,119900.0,300,Buy,231882297
2024-08-15 13:34:14,120000.0,1500,Buy,231882302
2024-08-15 13:34:14,120000.0,100,Buy,231882300
2024-08-15 13:35:46,120400.0,100,Buy,231884350
2024-08-15 13:35:57,120000.0,200,Sell,231884936
2024-08-15 13:37:36,120000.0,300,Sell,231887250
2024-08-15 13:37:45,120000.0,100,Buy,231887474
2024-08-15 13:37:56,120000.0,600,Buy,231887729
2024-08-15 13:38:41,120000.0,2000,Sell,231888833
2024-08-15 13:38:41,120000.0,400,Sell,231888832
2024-08-15 13:39:50,120000.0,100,Buy,231890344
2024-08-15 13:39:51,120000.0,100,Buy,231890389
2024-08-15 13:40:53,120000.0,1000,Buy,231891818
2024-08-15 13:41:15,120000.0,500,Buy,231892374
2024-08-15 13:41:38,119800.0,200,Sell,231892924
2024-08-15 13:41:38,119800.0,500,Sell,231892925
2024-08-15 13:41:38,119800.0,100,Sell,231892926
2024-08-15 13:41:38,119700.0,400,Sell,231892928
2024-08-15 13:41:38,119700.0,800,Sell,231892927
2024-08-15 13:41:39,120000.0,300,Buy,231892943
2024-08-15 13:41:39,119700.0,600,Sell,231892947
2024-08-15 13:41:39,119700.0,100,Sell,231892948
2024-08-15 13:41:39,119700.0,200,Sell,231892949
2024-08-15 13:42:55,120000.0,400,Buy,231894658
2024-08-15 13:42:55,120000.0,600,Buy,231894657
2024-08-15 13:44:06,120000.0,100,Buy,231896217
2024-08-15 13:44:49,119700.0,400,Sell,231897132
2024-08-15 13:46:05,119800.0,100,Sell,231898796
2024-08-15 13:46:05,119700.0,1000,Sell,231898797
2024-08-15 13:49:41,119900.0,200,Buy,231903201
2024-08-15 13:49:41,119900.0,800,Buy,231903202
2024-08-15 13:49:57,119900.0,100,Buy,231903490
2024-08-15 13:50:41,119900.0,100,Buy,231904441
2024-08-15 13:50:43,119900.0,100,Buy,231904488
2024-08-15 13:51:31,119900.0,100,Buy,231905470
2024-08-15 13:53:03,120000.0,100,Buy,231907346
2024-08-15 13:53:51,120000.0,200,Buy,231908430
2024-08-15 13:54:44,120000.0,100,Buy,231909665
2024-08-15 13:55:53,120000.0,100,Buy,231911522
2024-08-15 13:57:24,119900.0,100,Sell,231914646
2024-08-15 13:57:24,119900.0,100,Sell,231914647
2024-08-15 13:57:24,119900.0,100,Sell,231914648
2024-08-15 13:57:59,119900.0,100,Buy,231916054
2024-08-15 13:58:15,119900.0,100,Buy,231916635
2024-08-15 13:58:24,119900.0,100,Buy,231916881
2024-08-15 13:58:52,119900.0,400,Buy,231917924
2024-08-15 13:59:42,119800.0,100,Sell,231919757
2024-08-15 13:59:42,119800.0,800,Sell,231919758
2024-08-15 13:59:42,119800.0,100,Sell,231919756
2024-08-15 14:00:21,119800.0,1000,Sell,231920937
2024-08-15 14:00:46,119800.0,200,Sell,231921673
2024-08-15 14:00:53,119800.0,100,Sell,231921801
2024-08-15 14:00:53,119800.0,200,Sell,231921802
2024-08-15 14:00:53,119800.0,300,Sell,231921803
2024-08-15 14:00:56,119800.0,200,Sell,231921878
2024-08-15 14:01:03,119800.0,200,Sell,231922082
2024-08-15 14:01:06,119800.0,100,Buy,231922229
2024-08-15 14:01:40,119700.0,400,Sell,231923448
2024-08-15 14:02:05,119700.0,300,Sell,231924510
2024-08-15 14:02:24,119700.0,200,Sell,231925358
2024-08-15 14:02:37,119700.0,200,Sell,231925937
2024-08-15 14:02:44,119700.0,2000,Sell,231926218
2024-08-15 14:02:58,119700.0,200,Sell,231926723
2024-08-15 14:03:07,119700.0,600,Sell,231927002
2024-08-15 14:03:07,119700.0,100,Sell,231927001
2024-08-15 14:03:07,119700.0,500,Sell,231927000
2024-08-15 14:03:07,119700.0,100,Sell,231926996
2024-08-15 14:03:07,119700.0,100,Sell,231926998
2024-08-15 14:03:07,119700.0,100,Sell,231926997
2024-08-15 14:03:07,119700.0,100,Sell,231926999
2024-08-15 14:03:07,119700.0,300,Sell,231926995
2024-08-15 14:03:40,119600.0,300,Sell,231928713
2024-08-15 14:03:47,119600.0,800,Sell,231928900
2024-08-15 14:04:06,119600.0,2100,Sell,231930500
2024-08-15 14:04:06,119600.0,2000,Sell,231930501
2024-08-15 14:04:06,119600.0,100,Sell,231930502
2024-08-15 14:04:06,119600.0,1300,Sell,231930503
2024-08-15 14:04:10,119600.0,100,Sell,231930675
2024-08-15 14:04:13,119600.0,100,Sell,231930779
2024-08-15 14:04:13,119600.0,3600,Sell,231930776
2024-08-15 14:04:13,119600.0,100,Sell,231930777
2024-08-15 14:04:13,119600.0,100,Sell,231930778
2024-08-15 14:04:18,119600.0,100,Buy,231931020
2024-08-15 14:04:30,119600.0,100,Buy,231931961
2024-08-15 14:04:34,119600.0,100,Buy,231932044
2024-08-15 14:04:34,119500.0,500,Sell,231932039
2024-08-15 14:04:34,119600.0,900,Buy,231932043
2024-08-15 14:04:46,119600.0,100,Sell,231932662
2024-08-15 14:04:48,119600.0,100,Sell,231932733
2024-08-15 14:04:48,119600.0,100,Sell,231932734
2024-08-15 14:04:48,119600.0,100,Sell,231932735
2024-08-15 14:04:56,119500.0,500,Sell,231933543
2024-08-15 14:04:56,119500.0,1500,Sell,231933544
2024-08-15 14:05:39,119600.0,300,Buy,231935770
2024-08-15 14:05:39,119600.0,200,Buy,231935771
2024-08-15 14:05:59,119600.0,100,Buy,231936683
2024-08-15 14:06:45,119600.0,100,Buy,231938703
2024-08-15 14:07:05,119600.0,100,Buy,231939423
2024-08-15 14:08:11,119600.0,100,Buy,231941510
2024-08-15 14:08:16,119600.0,100,Buy,231941653
2024-08-15 14:10:09,119800.0,100,Buy,231944789
2024-08-15 14:10:29,119800.0,200,Sell,231945308
2024-08-15 14:11:07,119800.0,700,Buy,231946393
2024-08-15 14:11:07,119800.0,100,Buy,231946392
2024-08-15 14:11:23,120000.0,700,Buy,231946885
2024-08-15 14:11:23,119900.0,100,Buy,231946883
2024-08-15 14:11:23,119900.0,200,Buy,231946884
2024-08-15 14:11:48,120000.0,100,Buy,231947525
2024-08-15 14:12:10,120000.0,100,Buy,231948174
2024-08-15 14:12:42,120000.0,100,Buy,231948899
2024-08-15 14:12:56,120000.0,100,Buy,231949242
2024-08-15 14:13:25,120000.0,400,Buy,231949990
2024-08-15 14:13:26,120000.0,600,Buy,231949993
2024-08-15 14:13:26,120000.0,400,Buy,231949995
2024-08-15 14:13:26,120000.0,100,Buy,231949994
2024-08-15 14:13:58,120000.0,100,Sell,231950922
2024-08-15 14:14:43,120000.0,300,Sell,231952072
2024-08-15 14:15:09,120000.0,2000,Sell,231953007
2024-08-15 14:15:40,120000.0,100,Sell,231954001
2024-08-15 14:16:53,120100.0,200,Sell,231956169
2024-08-15 14:16:53,120000.0,100,Sell,231956170
2024-08-15 14:23:14,120100.0,1000,Sell,231967944
2024-08-15 14:23:32,120100.0,400,Buy,231968443
2024-08-15 14:23:35,120100.0,600,Buy,231968546
2024-08-15 14:24:09,120200.0,100,Buy,231969600
2024-08-15 14:24:19,120200.0,100,Buy,231969925
2024-08-15 14:25:18,120400.0,200,Buy,231972138
2024-08-15 14:25:18,120400.0,300,Buy,231972139
2024-08-15 14:25:30,120500.0,100,Buy,231972575
2024-08-15 14:25:34,120500.0,500,Buy,231972747
2024-08-15 14:25:42,120500.0,500,Buy,231973000
2024-08-15 14:25:42,120500.0,500,Buy,231973001
2024-08-15 14:25:42,120500.0,100,Buy,231973002
2024-08-15 14:25:56,120500.0,100,Sell,231973614
2024-08-15 14:25:56,120500.0,900,Sell,231973613
2024-08-15 14:26:11,120500.0,100,Sell,231974288
2024-08-15 14:26:23,120700.0,100,Buy,231974682
2024-08-15 14:26:23,120800.0,400,Buy,231974683
2024-08-15 14:26:46,120800.0,100,Buy,231975659
2024-08-15 14:26:46,120800.0,200,Buy,231975660
2024-08-15 14:27:01,120800.0,200,Sell,231976314
2024-08-15 14:27:01,120800.0,100,Sell,231976315
2024-08-15 14:27:07,120800.0,200,Buy,231976671
2024-08-15 14:27:10,120900.0,500,Buy,231976762
2024-08-15 14:27:10,120900.0,500,Buy,231976763
2024-08-15 14:27:10,120900.0,500,Buy,231976764
2024-08-15 14:27:10,120900.0,900,Buy,231976765
2024-08-15 14:27:10,120900.0,100,Buy,231976766
2024-08-15 14:27:10,120900.0,1000,Buy,231976767
2024-08-15 14:27:10,120900.0,1000,Buy,231976768
2024-08-15 14:27:10,120900.0,200,Buy,231976761
2024-08-15 14:27:44,121000.0,100,Buy,231978093
2024-08-15 14:27:49,120900.0,500,Sell,231978256
2024-08-15 14:27:52,121000.0,200,Buy,231978382
2024-08-15 14:28:06,120900.0,1000,Sell,231978883
2024-08-15 14:28:09,120900.0,100,Sell,231979029
2024-08-15 14:28:10,120900.0,100,Sell,231979050
2024-08-15 14:28:17,120900.0,300,Sell,231979332
2024-08-15 14:28:25,120900.0,1900,Sell,231979664
2024-08-15 14:44:37,119600.0,22000,ATO/ATC,231984268
