time,price,volume,match_type,id
2024-07-23 09:14:38,127000.0,8900,ATO/ATC,225457617
2024-07-23 09:16:29,127900.0,300,Sell,225459574
2024-07-23 09:16:40,127900.0,1500,Sell,225459767
2024-07-23 09:16:40,127900.0,100,Sell,225459766
2024-07-23 09:17:22,129800.0,100,Buy,225460656
2024-07-23 09:20:24,129700.0,200,Buy,225464663
2024-07-23 09:20:24,129700.0,500,Buy,225464664
2024-07-23 09:20:45,129700.0,5000,Sell,225465138
2024-07-23 09:20:52,129700.0,500,Sell,225465308
2024-07-23 09:21:08,129700.0,1100,Sell,225465796
2024-07-23 09:21:08,129700.0,300,Sell,225465797
2024-07-23 09:21:40,129700.0,100,Buy,225466441
2024-07-23 09:21:58,129700.0,100,Buy,225466830
2024-07-23 09:21:58,129700.0,400,Buy,225466831
2024-07-23 09:22:35,128700.0,100,Sell,225467901
2024-07-23 09:22:36,129600.0,100,Buy,225467927
2024-07-23 09:25:23,129000.0,1000,Sell,225471764
2024-07-23 09:25:25,129400.0,100,Buy,225471805
2024-07-23 09:25:25,129500.0,100,Buy,225471806
2024-07-23 09:26:27,128700.0,100,Sell,225473135
2024-07-23 09:26:32,129300.0,100,Buy,225473215
2024-07-23 09:27:40,128700.0,100,Sell,225474497
2024-07-23 09:27:40,128500.0,100,Sell,225474498
2024-07-23 09:27:40,128500.0,2700,Sell,225474499
2024-07-23 09:30:22,128500.0,100,Sell,225477808
2024-07-23 09:30:32,128500.0,500,Sell,225477965
2024-07-23 09:31:37,129000.0,100,Buy,225479472
2024-07-23 09:32:19,128500.0,400,Sell,225480275
2024-07-23 09:32:19,128500.0,100,Sell,225480276
2024-07-23 09:33:16,128300.0,200,Sell,225481392
2024-07-23 09:33:30,128200.0,500,Sell,225481719
2024-07-23 09:33:54,128000.0,100,Sell,225482190
2024-07-23 09:33:54,128000.0,300,Sell,225482191
2024-07-23 09:33:54,128000.0,100,Sell,225482192
2024-07-23 09:33:54,127900.0,300,Sell,225482193
2024-07-23 09:33:54,127900.0,200,Sell,225482194
2024-07-23 09:33:54,127900.0,100,Sell,225482195
2024-07-23 09:33:58,127500.0,100,Sell,225482255
2024-07-23 09:34:27,127500.0,100,Buy,225482842
2024-07-23 09:35:08,127500.0,100,Sell,225483765
2024-07-23 09:36:34,128300.0,100,Buy,225485326
2024-07-23 09:36:34,128200.0,100,Buy,225485325
2024-07-23 09:36:59,127600.0,100,Sell,225485873
2024-07-23 09:37:11,127500.0,100,Sell,225486183
2024-07-23 09:37:11,127500.0,100,Sell,225486184
2024-07-23 09:37:11,127500.0,100,Sell,225486185
2024-07-23 09:37:11,127300.0,200,Sell,225486186
2024-07-23 09:37:11,127600.0,100,Sell,225486182
2024-07-23 09:38:55,127300.0,200,Sell,225488279
2024-07-23 09:39:59,127300.0,100,Sell,225489671
2024-07-23 09:41:01,127300.0,100,Sell,225490985
2024-07-23 09:41:01,127300.0,500,Sell,225490986
2024-07-23 09:41:01,127300.0,100,Sell,225490987
2024-07-23 09:41:01,127300.0,100,Sell,225490988
2024-07-23 09:41:01,127300.0,200,Sell,225490989
2024-07-23 09:41:29,127300.0,100,Sell,225491541
2024-07-23 09:42:20,127300.0,100,Sell,225492769
2024-07-23 09:42:27,127300.0,100,Sell,225492937
2024-07-23 09:42:32,127300.0,200,Sell,225493111
2024-07-23 09:42:46,127300.0,300,Sell,225493447
2024-07-23 09:44:06,127300.0,500,Sell,225495193
2024-07-23 09:44:20,127300.0,2700,Sell,225495448
2024-07-23 09:44:20,127300.0,100,Sell,225495449
2024-07-23 09:44:20,127300.0,100,Sell,225495450
2024-07-23 09:44:20,127300.0,100,Sell,225495451
2024-07-23 09:44:35,127300.0,100,Sell,225495803
2024-07-23 09:45:33,128100.0,400,Buy,225497024
2024-07-23 09:45:33,128100.0,1000,Buy,225497025
2024-07-23 09:45:33,128100.0,600,Buy,225497026
2024-07-23 09:47:44,127400.0,200,Sell,225499600
2024-07-23 09:47:54,127400.0,100,Sell,225499830
2024-07-23 09:47:54,127300.0,500,Sell,225499831
2024-07-23 09:48:11,127400.0,400,Buy,225500128
2024-07-23 09:48:12,127400.0,600,Buy,225500147
2024-07-23 09:48:32,127400.0,100,Sell,225500505
2024-07-23 09:49:17,127500.0,100,Sell,225501339
2024-07-23 09:49:50,127600.0,100,Sell,225501872
2024-07-23 09:49:50,127500.0,900,Sell,225501873
2024-07-23 09:50:15,127500.0,100,Sell,225502327
2024-07-23 09:50:49,127500.0,200,Sell,225503009
2024-07-23 09:50:58,127500.0,3700,Sell,225503160
2024-07-23 09:50:58,127500.0,100,Sell,225503161
2024-07-23 09:50:58,127500.0,900,Sell,225503162
2024-07-23 09:50:58,127500.0,300,Sell,225503163
2024-07-23 09:51:16,127500.0,100,Buy,225503614
2024-07-23 09:51:18,127500.0,2400,Buy,225503659
2024-07-23 09:51:30,127500.0,100,Sell,225503902
2024-07-23 09:51:46,127500.0,200,Buy,225504190
2024-07-23 09:51:46,127500.0,100,Buy,225504191
2024-07-23 09:53:14,127500.0,500,Sell,225505884
2024-07-23 09:53:43,127400.0,100,Sell,225506384
2024-07-23 09:53:43,127400.0,100,Sell,225506385
2024-07-23 09:53:48,127400.0,200,Buy,225506493
2024-07-23 09:53:57,127500.0,1000,Sell,225506641
2024-07-23 09:54:05,127500.0,800,Sell,225506775
2024-07-23 09:55:52,127500.0,100,Sell,225508678
2024-07-23 09:56:35,127500.0,100,Sell,225509359
2024-07-23 09:56:35,127500.0,100,Sell,225509360
2024-07-23 09:56:35,127500.0,4000,Sell,225509361
2024-07-23 09:56:37,127500.0,800,Buy,225509400
2024-07-23 09:56:53,127600.0,200,Sell,225509669
2024-07-23 09:57:55,127500.0,1000,Sell,225510546
2024-07-23 09:58:04,127500.0,200,Sell,225510654
2024-07-23 09:58:14,127500.0,300,Buy,225510805
2024-07-23 09:58:15,127300.0,200,Sell,225510828
2024-07-23 09:58:15,127300.0,100,Sell,225510827
2024-07-23 09:58:15,127300.0,200,Sell,225510824
2024-07-23 09:58:15,127300.0,100,Sell,225510826
2024-07-23 09:58:15,127300.0,100,Sell,225510825
2024-07-23 09:58:15,127500.0,700,Sell,225510820
2024-07-23 09:58:15,127300.0,1800,Sell,225510823
2024-07-23 09:58:15,127400.0,500,Sell,225510822
2024-07-23 09:58:15,127400.0,1000,Sell,225510821
2024-07-23 09:58:37,127300.0,100,Sell,225511239
2024-07-23 09:58:45,127300.0,200,Sell,225511419
2024-07-23 09:58:45,127300.0,200,Sell,225511420
2024-07-23 09:58:45,127300.0,100,Sell,225511421
2024-07-23 09:58:45,127300.0,300,Sell,225511423
2024-07-23 09:58:45,127300.0,100,Sell,225511422
2024-07-23 09:58:47,127300.0,600,Buy,225511455
2024-07-23 09:58:55,127200.0,100,Sell,225511597
2024-07-23 09:59:07,127200.0,100,Sell,225511839
2024-07-23 09:59:07,127300.0,100,Sell,225511836
2024-07-23 09:59:07,127200.0,200,Sell,225511837
2024-07-23 09:59:07,127200.0,100,Sell,225511838
2024-07-23 09:59:14,127200.0,1700,Sell,225511950
2024-07-23 09:59:14,127200.0,100,Sell,225511949
2024-07-23 10:00:42,127200.0,500,Sell,225513701
2024-07-23 10:00:54,127200.0,800,Sell,225514001
2024-07-23 10:00:54,127200.0,100,Sell,225514002
2024-07-23 10:00:54,127200.0,100,Sell,225514003
2024-07-23 10:01:07,127200.0,1000,Buy,225514326
2024-07-23 10:02:14,127200.0,1000,Buy,225515367
2024-07-23 10:02:18,127200.0,1000,Buy,225515426
2024-07-23 10:02:24,127200.0,1000,Buy,225515543
2024-07-23 10:02:32,127200.0,1000,Buy,225515700
2024-07-23 10:02:44,127200.0,100,Buy,225515883
2024-07-23 10:03:05,127200.0,100,Buy,225516266
2024-07-23 10:03:10,127100.0,14000,Sell,225516341
2024-07-23 10:03:18,127100.0,1800,Sell,225516519
2024-07-23 10:03:18,127100.0,400,Sell,225516520
2024-07-23 10:03:18,127100.0,100,Sell,225516521
2024-07-23 10:03:58,127100.0,100,Buy,225517079
2024-07-23 10:04:01,127100.0,600,Buy,225517121
2024-07-23 10:04:34,127000.0,100,Sell,225517815
2024-07-23 10:04:34,127000.0,700,Sell,225517838
2024-07-23 10:04:34,127000.0,100,Sell,225517837
2024-07-23 10:04:34,127000.0,100,Sell,225517835
2024-07-23 10:04:34,127000.0,100,Sell,225517834
2024-07-23 10:04:34,127000.0,300,Sell,225517833
2024-07-23 10:04:34,127000.0,100,Sell,225517832
2024-07-23 10:04:34,127000.0,200,Sell,225517831
2024-07-23 10:04:34,127000.0,1000,Sell,225517830
2024-07-23 10:04:34,127000.0,100,Sell,225517829
2024-07-23 10:04:34,127000.0,300,Sell,225517828
2024-07-23 10:04:34,127000.0,1000,Sell,225517827
2024-07-23 10:04:34,127100.0,400,Sell,225517814
2024-07-23 10:04:34,127000.0,500,Sell,225517825
2024-07-23 10:04:34,127000.0,100,Sell,225517824
2024-07-23 10:04:34,127000.0,100,Sell,225517823
2024-07-23 10:04:34,127000.0,100,Sell,225517822
2024-07-23 10:04:34,127000.0,100,Sell,225517821
2024-07-23 10:04:34,127000.0,1000,Sell,225517820
2024-07-23 10:04:34,127000.0,100,Sell,225517819
2024-07-23 10:04:34,127000.0,100,Sell,225517818
2024-07-23 10:04:34,127000.0,100,Sell,225517817
2024-07-23 10:04:34,127000.0,100,Sell,225517816
2024-07-23 10:04:34,127000.0,200,Sell,225517826
2024-07-23 10:04:41,127000.0,300,Sell,225517924
2024-07-23 10:05:25,126500.0,300,Sell,225518768
2024-07-23 10:05:25,126500.0,100,Sell,225518766
2024-07-23 10:05:25,126500.0,300,Sell,225518767
2024-07-23 10:05:25,126500.0,100,Sell,225518764
2024-07-23 10:05:25,126500.0,100,Sell,225518765
2024-07-23 10:05:25,126500.0,100,Sell,225518763
2024-07-23 10:05:33,126500.0,100,Sell,225518928
2024-07-23 10:05:33,126500.0,200,Sell,225518929
2024-07-23 10:05:50,126500.0,200,Sell,225519282
2024-07-23 10:06:08,127000.0,100,Buy,225519600
2024-07-23 10:06:28,126500.0,200,Sell,225519908
2024-07-23 10:07:02,126500.0,100,Sell,225520590
2024-07-23 10:07:12,126500.0,100,Sell,225520820
2024-07-23 10:07:25,126000.0,100,Sell,225521053
2024-07-23 10:07:25,126000.0,500,Sell,225521054
2024-07-23 10:07:25,126000.0,100,Sell,225521052
2024-07-23 10:07:25,126000.0,100,Sell,225521056
2024-07-23 10:07:25,126000.0,600,Sell,225521057
2024-07-23 10:07:25,126000.0,100,Sell,225521055
2024-07-23 10:07:25,126000.0,100,Sell,225521051
2024-07-23 10:07:25,126200.0,100,Sell,225521044
2024-07-23 10:07:25,126000.0,100,Sell,225521049
2024-07-23 10:07:25,126100.0,100,Sell,225521048
2024-07-23 10:07:25,126100.0,300,Sell,225521047
2024-07-23 10:07:25,126100.0,300,Sell,225521046
2024-07-23 10:07:25,126100.0,100,Sell,225521045
2024-07-23 10:07:25,126200.0,200,Sell,225521042
2024-07-23 10:07:25,126200.0,100,Sell,225521043
2024-07-23 10:07:25,126000.0,100,Sell,225521050
2024-07-23 10:07:40,126500.0,300,Sell,225521395
2024-07-23 10:07:43,126500.0,100,Sell,225521463
2024-07-23 10:07:48,126500.0,1700,Sell,225521568
2024-07-23 10:07:49,126500.0,400,Sell,225521585
2024-07-23 10:07:54,126500.0,500,Sell,225521704
2024-07-23 10:08:25,126500.0,100,Buy,225522325
2024-07-23 10:08:37,126500.0,100,Buy,225522547
2024-07-23 10:08:44,126500.0,300,Buy,225522691
2024-07-23 10:08:44,126500.0,100,Buy,225522692
2024-07-23 10:08:44,126500.0,600,Buy,225522693
2024-07-23 10:08:58,126100.0,100,Sell,225522976
2024-07-23 10:09:09,126000.0,100,Sell,225523228
2024-07-23 10:09:09,126000.0,100,Sell,225523226
2024-07-23 10:09:09,126000.0,100,Sell,225523227
2024-07-23 10:09:09,126000.0,100,Sell,225523224
2024-07-23 10:09:09,126000.0,100,Sell,225523225
2024-07-23 10:09:09,126000.0,400,Sell,225523223
2024-07-23 10:09:09,126100.0,100,Sell,225523221
2024-07-23 10:09:31,126000.0,4000,Sell,225523600
2024-07-23 10:09:45,126000.0,200,Sell,225523852
2024-07-23 10:09:45,126000.0,200,Sell,225523853
2024-07-23 10:09:59,126400.0,100,Buy,225524053
2024-07-23 10:10:09,125800.0,200,Sell,225524191
2024-07-23 10:10:09,125800.0,200,Sell,225524189
2024-07-23 10:10:09,125800.0,800,Sell,225524188
2024-07-23 10:10:09,125800.0,100,Sell,225524190
2024-07-23 10:11:06,125800.0,100,Sell,225525155
2024-07-23 10:11:08,126000.0,100,Buy,225525185
2024-07-23 10:11:29,125800.0,100,Sell,225525472
2024-07-23 10:11:39,125800.0,200,Sell,225525560
2024-07-23 10:11:39,125800.0,200,Sell,225525561
2024-07-23 10:11:39,125800.0,200,Sell,225525562
2024-07-23 10:11:39,125800.0,200,Buy,225525573
2024-07-23 10:12:09,125700.0,100,Sell,225526041
2024-07-23 10:12:09,125600.0,100,Sell,225526042
2024-07-23 10:12:10,125800.0,100,Buy,225526059
2024-07-23 10:12:15,125800.0,100,Buy,225526147
2024-07-23 10:12:18,125800.0,500,Buy,225526190
2024-07-23 10:12:36,125500.0,400,Sell,225526457
2024-07-23 10:12:36,125600.0,100,Sell,225526456
2024-07-23 10:12:37,125500.0,100,Sell,225526463
2024-07-23 10:12:37,125200.0,100,Sell,225526464
2024-07-23 10:12:37,125200.0,100,Sell,225526465
2024-07-23 10:12:37,125200.0,100,Sell,225526466
2024-07-23 10:12:45,125200.0,200,Buy,225526588
2024-07-23 10:12:47,125200.0,2400,Buy,225526605
2024-07-23 10:12:47,125200.0,400,Buy,225526606
2024-07-23 10:13:18,125200.0,100,Sell,225527198
2024-07-23 10:14:09,126000.0,300,Buy,225528231
2024-07-23 10:14:15,126000.0,1800,Buy,225528348
2024-07-23 10:14:26,126000.0,100,Buy,225528553
2024-07-23 10:14:26,126000.0,200,Buy,225528554
2024-07-23 10:14:46,125400.0,100,Sell,225528869
2024-07-23 10:14:46,125400.0,500,Sell,225528870
2024-07-23 10:15:05,126000.0,200,Buy,225529265
2024-07-23 10:15:05,126000.0,300,Buy,225529264
2024-07-23 10:15:05,126000.0,900,Buy,225529262
2024-07-23 10:15:05,126000.0,500,Buy,225529261
2024-07-23 10:15:05,126000.0,100,Buy,225529263
2024-07-23 10:15:11,126000.0,100,Buy,225529421
2024-07-23 10:15:11,126000.0,200,Buy,225529422
2024-07-23 10:15:12,126000.0,400,Buy,225529439
2024-07-23 10:15:28,126000.0,100,Sell,225529900
2024-07-23 10:15:41,126000.0,100,Sell,225530093
2024-07-23 10:15:43,126000.0,400,Buy,225530126
2024-07-23 10:15:57,126000.0,100,Sell,225530402
2024-07-23 10:16:02,126000.0,100,Buy,225530488
2024-07-23 10:16:35,126000.0,100,Buy,225531246
2024-07-23 10:16:45,125700.0,100,Sell,225531548
2024-07-23 10:17:07,125600.0,400,Sell,225532041
2024-07-23 10:17:07,125600.0,500,Sell,225532042
2024-07-23 10:17:14,125500.0,800,Sell,225532175
2024-07-23 10:17:14,125500.0,100,Sell,225532174
2024-07-23 10:17:18,125500.0,2000,Sell,225532291
2024-07-23 10:17:20,125500.0,100,Sell,225532323
2024-07-23 10:17:23,125600.0,100,Buy,225532360
2024-07-23 10:17:41,125700.0,300,Buy,225532824
2024-07-23 10:18:20,125800.0,200,Buy,225533894
2024-07-23 10:18:20,125800.0,300,Buy,225533895
2024-07-23 10:18:21,125700.0,300,Sell,225533924
2024-07-23 10:18:21,125800.0,200,Buy,225533928
2024-07-23 10:21:42,125700.0,300,Sell,225537642
2024-07-23 10:21:43,125700.0,1800,Sell,225537663
2024-07-23 10:21:46,125700.0,700,Sell,225537702
2024-07-23 10:21:46,125700.0,200,Sell,225537703
2024-07-23 10:21:51,125800.0,100,Buy,225537765
2024-07-23 10:22:03,125700.0,100,Sell,225538021
2024-07-23 10:22:03,125700.0,300,Sell,225538020
2024-07-23 10:22:16,125700.0,100,Buy,225538264
2024-07-23 10:22:52,125800.0,100,Buy,225538931
2024-07-23 10:22:56,125700.0,100,Sell,225538998
2024-07-23 10:23:46,125700.0,200,Sell,225539752
2024-07-23 10:23:46,125700.0,100,Sell,225539751
2024-07-23 10:23:59,125700.0,200,Buy,225539886
2024-07-23 10:24:41,125700.0,500,Sell,225540475
2024-07-23 10:24:41,125700.0,500,Sell,225540476
2024-07-23 10:24:48,125700.0,300,Sell,225540552
2024-07-23 10:24:48,125700.0,1200,Sell,225540553
2024-07-23 10:24:48,125700.0,800,Sell,225540557
2024-07-23 10:25:01,125600.0,200,Sell,225540722
2024-07-23 10:25:48,125700.0,100,Buy,225541450
2024-07-23 10:26:07,125600.0,100,Sell,225541767
2024-07-23 10:26:42,125600.0,100,Buy,225542307
2024-07-23 10:27:48,125600.0,100,Buy,225543165
2024-07-23 10:27:53,125600.0,100,Buy,225543215
2024-07-23 10:29:06,125500.0,800,Sell,225544383
2024-07-23 10:29:06,125400.0,200,Sell,225544384
2024-07-23 10:29:28,125400.0,1000,Sell,225544628
2024-07-23 10:29:28,125400.0,100,Sell,225544629
2024-07-23 10:29:28,125400.0,100,Sell,225544630
2024-07-23 10:29:28,125200.0,100,Sell,225544631
2024-07-23 10:29:45,125600.0,300,Buy,225544873
2024-07-23 10:29:45,125600.0,500,Buy,225544872
2024-07-23 10:29:45,125600.0,200,Buy,225544871
2024-07-23 10:31:33,125200.0,100,Sell,225546514
2024-07-23 10:31:33,125200.0,100,Sell,225546515
2024-07-23 10:31:33,125200.0,200,Sell,225546516
2024-07-23 10:31:42,125200.0,200,Sell,225546724
2024-07-23 10:32:37,125200.0,300,Sell,225547633
2024-07-23 10:32:42,125200.0,100,Sell,225547728
2024-07-23 10:32:42,125200.0,100,Sell,225547727
2024-07-23 10:32:42,125200.0,100,Sell,225547726
2024-07-23 10:32:42,125200.0,100,Sell,225547725
2024-07-23 10:32:42,125200.0,100,Sell,225547724
2024-07-23 10:32:42,125200.0,300,Sell,225547723
2024-07-23 10:32:48,125000.0,200,Sell,225547802
2024-07-23 10:32:48,125000.0,100,Sell,225547801
2024-07-23 10:32:48,125000.0,200,Sell,225547800
2024-07-23 10:32:48,125000.0,100,Sell,225547799
2024-07-23 10:32:48,125000.0,100,Sell,225547798
2024-07-23 10:32:48,125100.0,100,Sell,225547794
2024-07-23 10:32:48,125000.0,500,Sell,225547796
2024-07-23 10:32:48,125000.0,100,Sell,225547797
2024-07-23 10:32:48,125200.0,500,Sell,225547792
2024-07-23 10:32:48,125100.0,100,Sell,225547793
2024-07-23 10:32:48,125000.0,100,Sell,225547795
2024-07-23 10:33:07,125000.0,100,Sell,225548075
2024-07-23 10:33:07,125000.0,100,Sell,225548076
2024-07-23 10:33:10,125000.0,300,Sell,225548136
2024-07-23 10:33:10,125000.0,100,Sell,225548135
2024-07-23 10:33:10,125000.0,500,Sell,225548134
2024-07-23 10:33:10,125000.0,100,Sell,225548137
2024-07-23 10:33:10,125000.0,100,Sell,225548132
2024-07-23 10:33:10,125000.0,200,Sell,225548131
2024-07-23 10:33:10,125000.0,200,Sell,225548130
2024-07-23 10:33:10,125000.0,100,Sell,225548129
2024-07-23 10:33:10,125000.0,100,Sell,225548133
2024-07-23 10:33:19,125000.0,100,Buy,225548279
2024-07-23 10:33:19,125000.0,100,Buy,225548277
2024-07-23 10:33:24,125000.0,100,Buy,225548370
2024-07-23 10:33:30,125000.0,200,Sell,225548446
2024-07-23 10:33:30,125000.0,300,Sell,225548447
2024-07-23 10:33:44,125000.0,200,Sell,225548731
2024-07-23 10:34:42,125000.0,100,Buy,225549708
2024-07-23 10:34:44,124900.0,200,Sell,225549753
2024-07-23 10:34:44,124900.0,600,Sell,225549754
2024-07-23 10:34:44,124900.0,100,Buy,225549773
2024-07-23 10:35:13,124000.0,200,Sell,225550383
2024-07-23 10:35:13,124000.0,100,Sell,225550382
2024-07-23 10:35:13,124000.0,100,Sell,225550381
2024-07-23 10:35:13,124000.0,100,Sell,225550380
2024-07-23 10:35:13,124500.0,100,Sell,225550378
2024-07-23 10:35:13,124500.0,200,Sell,225550377
2024-07-23 10:35:13,124800.0,100,Sell,225550374
2024-07-23 10:35:13,124000.0,100,Sell,225550379
2024-07-23 10:35:13,124600.0,1000,Sell,225550376
2024-07-23 10:35:13,124600.0,100,Sell,225550375
2024-07-23 10:35:21,124800.0,100,Sell,225550501
2024-07-23 10:35:35,124500.0,200,Sell,225550721
2024-07-23 10:35:45,124500.0,100,Buy,225550838
2024-07-23 10:35:47,124500.0,100,Buy,225550859
2024-07-23 10:36:13,124200.0,100,Sell,225551291
2024-07-23 10:36:27,124300.0,100,Sell,225551622
2024-07-23 10:36:31,124200.0,200,Sell,225551702
2024-07-23 10:36:37,124200.0,1000,Sell,225551777
2024-07-23 10:36:49,124100.0,100,Sell,225552011
2024-07-23 10:36:57,124200.0,1000,Buy,225552255
2024-07-23 10:36:58,124100.0,1900,Sell,225552308
2024-07-23 10:36:58,124100.0,100,Sell,225552309
2024-07-23 10:37:08,124100.0,500,Sell,225552577
2024-07-23 10:37:08,124100.0,500,Sell,225552578
2024-07-23 10:37:17,124100.0,200,Sell,225552721
2024-07-23 10:37:17,124100.0,800,Sell,225552722
2024-07-23 10:37:20,124100.0,200,Sell,225552768
2024-07-23 10:37:32,124000.0,300,Sell,225553115
2024-07-23 10:37:32,124000.0,200,Sell,225553116
2024-07-23 10:37:36,124100.0,100,Buy,225553227
2024-07-23 10:37:37,124100.0,100,Buy,225553245
2024-07-23 10:37:47,124000.0,200,Sell,225553441
2024-07-23 10:37:47,124000.0,300,Sell,225553440
2024-07-23 10:37:47,124000.0,200,Sell,225553439
2024-07-23 10:37:47,124000.0,100,Sell,225553442
2024-07-23 10:37:47,124000.0,100,Sell,225553437
2024-07-23 10:37:47,124000.0,100,Sell,225553436
2024-07-23 10:37:47,124000.0,100,Sell,225553435
2024-07-23 10:37:47,124000.0,800,Sell,225553434
2024-07-23 10:37:47,124000.0,100,Sell,225553438
2024-07-23 10:37:48,123000.0,100,Sell,225553499
2024-07-23 10:37:48,123000.0,100,Sell,225553506
2024-07-23 10:37:48,123000.0,100,Sell,225553505
2024-07-23 10:37:48,123000.0,100,Sell,225553504
2024-07-23 10:37:48,123000.0,100,Sell,225553503
2024-07-23 10:37:48,123000.0,100,Sell,225553502
2024-07-23 10:37:48,123000.0,200,Sell,225553501
2024-07-23 10:37:48,123000.0,100,Sell,225553500
2024-07-23 10:37:48,123000.0,100,Sell,225553498
2024-07-23 10:37:48,124000.0,400,Sell,225553487
2024-07-23 10:37:48,123000.0,200,Sell,225553496
2024-07-23 10:37:48,123100.0,200,Sell,225553495
2024-07-23 10:37:48,123200.0,300,Sell,225553494
2024-07-23 10:37:48,123200.0,100,Sell,225553493
2024-07-23 10:37:48,123400.0,100,Sell,225553492
2024-07-23 10:37:48,123500.0,200,Sell,225553491
2024-07-23 10:37:48,123500.0,200,Sell,225553490
2024-07-23 10:37:48,123600.0,100,Sell,225553489
2024-07-23 10:37:48,123700.0,100,Sell,225553488
2024-07-23 10:37:48,123000.0,100,Sell,225553497
2024-07-23 10:38:19,123000.0,700,Sell,225554163
2024-07-23 10:38:19,123000.0,100,Sell,225554161
2024-07-23 10:38:19,123000.0,1200,Sell,225554162
2024-07-23 10:38:22,123100.0,600,Sell,225554208
2024-07-23 10:38:37,123100.0,200,Sell,225554580
2024-07-23 10:38:52,123300.0,800,Sell,225554968
2024-07-23 10:38:53,123200.0,400,Sell,225554971
2024-07-23 10:39:05,123300.0,1000,Sell,225555261
2024-07-23 10:39:20,123300.0,200,Sell,225555591
2024-07-23 10:39:20,123300.0,1500,Sell,225555592
2024-07-23 10:39:20,123300.0,1000,Sell,225555593
2024-07-23 10:39:50,123400.0,100,Sell,225556543
2024-07-23 10:39:50,123400.0,500,Sell,225556544
2024-07-23 10:40:08,124000.0,1000,Buy,225556993
2024-07-23 10:40:08,124000.0,3700,Buy,225556992
2024-07-23 10:40:08,123800.0,400,Buy,225556991
2024-07-23 10:40:19,123400.0,100,Sell,225557309
2024-07-23 10:40:19,123400.0,800,Sell,225557310
2024-07-23 10:40:29,123400.0,200,Sell,225557569
2024-07-23 10:40:29,123500.0,100,Sell,225557567
2024-07-23 10:40:29,123500.0,400,Sell,225557568
2024-07-23 10:40:30,123400.0,100,Buy,225557611
2024-07-23 10:40:42,123400.0,1000,Sell,225557971
2024-07-23 10:40:42,123400.0,800,Sell,225557970
2024-07-23 10:40:56,123500.0,100,Sell,225558261
2024-07-23 10:40:56,123500.0,600,Sell,225558262
2024-07-23 10:41:22,123400.0,600,Sell,225558942
2024-07-23 10:41:27,123400.0,100,Sell,225559164
2024-07-23 10:41:47,123300.0,400,Sell,225559689
2024-07-23 10:41:47,123300.0,100,Sell,225559690
2024-07-23 10:41:47,123300.0,100,Sell,225559691
2024-07-23 10:41:47,123300.0,100,Sell,225559692
2024-07-23 10:41:47,123300.0,400,Sell,225559693
2024-07-23 10:41:48,123400.0,100,Buy,225559713
2024-07-23 10:41:51,123500.0,1500,Buy,225559782
2024-07-23 10:41:59,123500.0,400,Sell,225559936
2024-07-23 10:41:59,123500.0,2000,Sell,225559935
2024-07-23 10:42:00,123500.0,600,Buy,225559992
2024-07-23 10:42:01,123400.0,200,Sell,225560023
2024-07-23 10:42:18,123400.0,800,Sell,225560370
2024-07-23 10:42:18,123400.0,600,Sell,225560371
2024-07-23 10:43:16,123500.0,300,Sell,225561306
2024-07-23 10:43:27,123500.0,200,Sell,225561534
2024-07-23 10:43:27,123500.0,600,Sell,225561535
2024-07-23 10:43:35,123500.0,100,Buy,225561665
2024-07-23 10:43:57,123600.0,200,Buy,225561967
2024-07-23 10:44:00,123800.0,700,Buy,225562013
2024-07-23 10:44:00,123800.0,700,Buy,225562014
2024-07-23 10:44:00,123800.0,100,Buy,225562015
2024-07-23 10:44:22,123800.0,100,Sell,225562355
2024-07-23 10:44:32,123800.0,100,Buy,225562509
2024-07-23 10:44:32,123600.0,100,Sell,225562494
2024-07-23 10:44:38,123800.0,100,Sell,225562576
2024-07-23 10:44:38,123800.0,200,Sell,225562577
2024-07-23 10:44:50,123800.0,300,Sell,225562813
2024-07-23 10:44:57,123800.0,100,Sell,225562913
2024-07-23 10:44:59,124000.0,1000,Buy,225562930
2024-07-23 10:44:59,124000.0,600,Buy,225562931
2024-07-23 10:45:07,123900.0,200,Buy,225563031
2024-07-23 10:45:07,124000.0,300,Buy,225563032
2024-07-23 10:45:07,124000.0,100,Buy,225563033
2024-07-23 10:45:07,124000.0,1100,Buy,225563034
2024-07-23 10:45:15,124000.0,600,Buy,225563193
2024-07-23 10:45:15,124000.0,500,Buy,225563194
2024-07-23 10:45:15,124000.0,600,Buy,225563195
2024-07-23 10:45:20,124500.0,100,Buy,225563315
2024-07-23 10:45:20,124500.0,300,Buy,225563316
2024-07-23 10:45:22,124500.0,400,Buy,225563332
2024-07-23 10:45:33,124500.0,700,Buy,225563436
2024-07-23 10:45:48,124500.0,300,Sell,225563618
2024-07-23 10:45:58,124500.0,100,Buy,225563752
2024-07-23 10:46:28,124500.0,500,Sell,225564139
2024-07-23 10:46:48,124100.0,100,Sell,225564419
2024-07-23 10:46:48,124000.0,300,Sell,225564420
2024-07-23 10:46:48,124000.0,600,Sell,225564421
2024-07-23 10:46:57,124500.0,400,Buy,225564619
2024-07-23 10:47:04,124500.0,600,Sell,225564682
2024-07-23 10:47:56,124500.0,2000,Buy,225565401
2024-07-23 10:48:15,124500.0,200,Sell,225565616
2024-07-23 10:48:21,124500.0,200,Sell,225565708
2024-07-23 10:48:34,124800.0,100,Buy,225565857
2024-07-23 10:48:54,124800.0,100,Buy,225566110
2024-07-23 10:48:54,124800.0,800,Buy,225566111
2024-07-23 10:48:54,124800.0,100,Buy,225566112
2024-07-23 10:49:10,124800.0,100,Buy,225566288
2024-07-23 10:49:43,124800.0,500,Sell,225566707
2024-07-23 10:49:47,124800.0,1000,Sell,225566763
2024-07-23 10:49:54,124800.0,1000,Sell,225566895
2024-07-23 10:50:03,124800.0,200,Sell,225567002
2024-07-23 10:50:29,124800.0,200,Sell,225567355
2024-07-23 10:51:35,124800.0,100,Buy,225568058
2024-07-23 10:52:20,124800.0,100,Buy,225568659
2024-07-23 10:52:28,124600.0,100,Sell,225568719
2024-07-23 10:52:28,124600.0,100,Sell,225568720
2024-07-23 10:52:31,124500.0,2600,Sell,225568758
2024-07-23 10:53:14,124500.0,200,Sell,225569306
2024-07-23 10:53:14,124500.0,100,Sell,225569307
2024-07-23 10:53:21,124500.0,100,Sell,225569432
2024-07-23 10:53:47,124500.0,400,Sell,225569794
2024-07-23 10:53:47,124500.0,100,Sell,225569795
2024-07-23 10:54:12,124500.0,200,Sell,225570129
2024-07-23 10:54:56,124600.0,900,Buy,225570662
2024-07-23 10:54:56,124600.0,600,Buy,225570663
2024-07-23 10:55:45,124600.0,100,Buy,225571234
2024-07-23 10:55:59,124500.0,100,Sell,225571399
2024-07-23 10:56:02,124600.0,100,Buy,225571449
2024-07-23 10:56:30,124100.0,500,Sell,225571825
2024-07-23 10:56:30,124000.0,100,Sell,225571826
2024-07-23 10:56:37,124000.0,300,Sell,225571920
2024-07-23 10:56:50,124000.0,100,Sell,225572029
2024-07-23 10:56:50,124000.0,100,Sell,225572030
2024-07-23 10:57:24,124100.0,100,Sell,225572439
2024-07-23 10:57:25,124100.0,100,Sell,225572448
2024-07-23 10:57:25,124100.0,700,Sell,225572449
2024-07-23 10:57:25,124000.0,100,Sell,225572450
2024-07-23 10:57:25,124000.0,1000,Sell,225572451
2024-07-23 10:57:25,124000.0,400,Sell,225572452
2024-07-23 10:57:25,124000.0,100,Sell,225572453
2024-07-23 10:58:20,123900.0,800,Sell,225573083
2024-07-23 10:58:20,123900.0,500,Sell,225573084
2024-07-23 10:58:20,123900.0,100,Sell,225573082
2024-07-23 10:58:20,124000.0,200,Sell,225573081
2024-07-23 10:58:48,124000.0,500,Buy,225573440
2024-07-23 10:59:57,124000.0,500,Sell,225574350
2024-07-23 11:00:26,124500.0,400,Buy,225574702
2024-07-23 11:00:28,124500.0,400,Buy,225574720
2024-07-23 11:00:29,124500.0,100,Buy,225574730
2024-07-23 11:00:29,124500.0,600,Buy,225574731
2024-07-23 11:00:29,124500.0,500,Buy,225574732
2024-07-23 11:02:17,124500.0,300,Buy,225576055
2024-07-23 11:03:08,124500.0,100,Buy,225576725
2024-07-23 11:04:29,124500.0,100,Buy,225577770
2024-07-23 11:04:29,124500.0,300,Buy,225577771
2024-07-23 11:04:29,124500.0,600,Buy,225577772
2024-07-23 11:04:33,124600.0,2300,Buy,225577825
2024-07-23 11:04:33,124600.0,600,Buy,225577826
2024-07-23 11:04:35,124500.0,1000,Sell,225577919
2024-07-23 11:04:39,124500.0,200,Sell,225577968
2024-07-23 11:04:44,124400.0,1000,Sell,225578013
2024-07-23 11:07:33,124400.0,100,Sell,225580088
2024-07-23 11:07:48,124400.0,300,Buy,225580271
2024-07-23 11:09:04,124400.0,200,Buy,225581180
2024-07-23 11:11:10,124500.0,500,Sell,225582782
2024-07-23 11:12:38,124500.0,900,Sell,225583714
2024-07-23 11:12:44,124500.0,400,Sell,225583786
2024-07-23 11:14:37,124500.0,300,Sell,225585372
2024-07-23 11:17:21,124500.0,500,Sell,225587420
2024-07-23 11:17:32,124500.0,1000,Sell,225587532
2024-07-23 11:18:18,124500.0,1000,Sell,225588050
2024-07-23 11:18:28,124500.0,400,Sell,225588152
2024-07-23 11:18:28,124500.0,100,Sell,225588153
2024-07-23 11:18:28,124500.0,200,Sell,225588154
2024-07-23 11:21:31,124500.0,300,Buy,225590559
2024-07-23 11:21:31,124500.0,600,Buy,225590560
2024-07-23 11:21:51,124500.0,100,Buy,225590824
2024-07-23 11:25:55,124500.0,300,Buy,225594186
2024-07-23 11:25:55,124500.0,200,Buy,225594188
2024-07-23 11:25:55,124500.0,400,Buy,225594191
2024-07-23 11:25:55,124500.0,400,Buy,225594187
2024-07-23 11:25:55,124500.0,100,Buy,225594189
2024-07-23 11:25:55,124500.0,400,Buy,225594190
2024-07-23 11:25:56,124600.0,600,Buy,225594206
2024-07-23 11:25:56,124600.0,400,Buy,225594207
2024-07-23 11:25:56,124600.0,600,Buy,225594205
2024-07-23 11:25:57,124600.0,500,Buy,225594223
2024-07-23 11:25:57,124600.0,1000,Buy,225594224
2024-07-23 11:26:18,124600.0,100,Buy,225594454
2024-07-23 11:26:23,124700.0,800,Buy,225594569
2024-07-23 11:27:28,124700.0,100,Buy,225595392
2024-07-23 11:27:28,124700.0,200,Buy,225595393
2024-07-23 11:28:02,124700.0,700,Buy,225596039
2024-07-23 11:28:02,124700.0,300,Buy,225596040
2024-07-23 11:28:45,124700.0,300,Buy,225596688
2024-07-23 11:28:59,124700.0,200,Buy,225596918
2024-07-23 12:59:39,124500.0,1100,Sell,225597875
2024-07-23 12:59:39,124600.0,700,Sell,225597874
2024-07-23 12:59:39,124600.0,100,Sell,225597872
2024-07-23 12:59:39,124600.0,100,Sell,225597873
2024-07-23 12:59:45,124600.0,100,Sell,225599527
2024-07-23 12:59:46,124700.0,100,Buy,225599709
2024-07-23 12:59:51,124600.0,300,Sell,225600568
2024-07-23 12:59:51,124500.0,3100,Sell,225600569
2024-07-23 12:59:51,124500.0,100,Sell,225600570
2024-07-23 12:59:51,124500.0,600,Sell,225600571
2024-07-23 13:00:16,124700.0,200,Buy,225601879
2024-07-23 13:00:16,124700.0,100,Buy,225601880
2024-07-23 13:01:56,124700.0,100,Buy,225604228
2024-07-23 13:02:33,124500.0,500,Sell,225604986
2024-07-23 13:02:38,124500.0,200,Sell,225605105
2024-07-23 13:03:02,124500.0,500,Sell,225605567
2024-07-23 13:03:24,124500.0,200,Sell,225606293
2024-07-23 13:03:24,124500.0,600,Sell,225606294
2024-07-23 13:03:24,124500.0,100,Sell,225606295
2024-07-23 13:04:02,124400.0,200,Sell,225607177
2024-07-23 13:04:02,124400.0,200,Sell,225607175
2024-07-23 13:04:02,124400.0,100,Sell,225607176
2024-07-23 13:05:07,124300.0,300,Sell,225608524
2024-07-23 13:05:48,124300.0,100,Buy,225609420
2024-07-23 13:07:11,124200.0,300,Sell,225611184
2024-07-23 13:07:31,124200.0,700,Buy,225611579
2024-07-23 13:07:31,124200.0,600,Buy,225611580
2024-07-23 13:07:48,124200.0,100,Buy,225612077
2024-07-23 13:08:03,124200.0,700,Buy,225612467
2024-07-23 13:09:04,124200.0,200,Buy,225614072
2024-07-23 13:09:04,124200.0,600,Buy,225614071
2024-07-23 13:10:19,124100.0,1000,Sell,225615534
2024-07-23 13:10:32,124100.0,2000,Sell,225615850
2024-07-23 13:10:32,124100.0,100,Sell,225615851
2024-07-23 13:10:32,124100.0,300,Sell,225615852
2024-07-23 13:10:32,124000.0,600,Sell,225615853
2024-07-23 13:10:53,124200.0,300,Buy,225616325
2024-07-23 13:10:53,124200.0,300,Buy,225616324
2024-07-23 13:10:53,124200.0,500,Buy,225616323
2024-07-23 13:10:53,124200.0,200,Buy,225616321
2024-07-23 13:10:53,124100.0,1600,Buy,225616319
2024-07-23 13:10:53,124200.0,500,Buy,225616322
2024-07-23 13:10:53,124200.0,800,Buy,225616320
2024-07-23 13:10:54,124300.0,100,Buy,225616349
2024-07-23 13:10:54,124300.0,200,Buy,225616350
2024-07-23 13:10:56,124300.0,300,Buy,225616377
2024-07-23 13:10:56,124300.0,100,Buy,225616378
2024-07-23 13:11:11,124200.0,800,Sell,225616669
2024-07-23 13:11:11,124200.0,400,Sell,225616670
2024-07-23 13:11:37,124300.0,100,Sell,225617423
2024-07-23 13:12:26,124300.0,100,Sell,225618501
2024-07-23 13:12:26,124300.0,400,Sell,225618499
2024-07-23 13:12:26,124300.0,400,Sell,225618500
2024-07-23 13:16:11,124000.0,300,Sell,225623969
2024-07-23 13:16:11,124000.0,100,Sell,225623970
2024-07-23 13:16:11,124000.0,100,Sell,225623968
2024-07-23 13:16:11,124000.0,100,Sell,225623965
2024-07-23 13:16:11,124000.0,100,Sell,225623966
2024-07-23 13:16:11,124000.0,2000,Sell,225623967
2024-07-23 13:16:11,124000.0,400,Sell,225623964
2024-07-23 13:17:49,124000.0,100,Sell,225626233
2024-07-23 13:17:49,124000.0,1000,Sell,225626234
2024-07-23 13:18:04,124100.0,500,Buy,225626563
2024-07-23 13:18:34,124000.0,2900,Sell,225627307
2024-07-23 13:18:51,124100.0,800,Buy,225627780
2024-07-23 13:18:52,124000.0,100,Sell,225627788
2024-07-23 13:18:52,124000.0,100,Sell,225627789
2024-07-23 13:18:52,124000.0,200,Sell,225627790
2024-07-23 13:18:52,124000.0,200,Sell,225627791
2024-07-23 13:18:52,124000.0,100,Sell,225627792
2024-07-23 13:18:52,124000.0,100,Sell,225627793
2024-07-23 13:18:52,124000.0,100,Sell,225627794
2024-07-23 13:18:52,124000.0,100,Sell,225627795
2024-07-23 13:19:50,124000.0,900,Sell,225629266
2024-07-23 13:19:50,124000.0,1000,Sell,225629264
2024-07-23 13:19:50,124000.0,100,Sell,225629265
2024-07-23 13:19:54,124000.0,900,Sell,225629334
2024-07-23 13:20:03,124000.0,100,Sell,225629550
2024-07-23 13:20:03,124000.0,300,Sell,225629551
2024-07-23 13:21:00,124000.0,100,Buy,225630830
2024-07-23 13:21:00,124000.0,300,Buy,225630831
2024-07-23 13:21:01,124100.0,200,Buy,225630855
2024-07-23 13:21:44,124100.0,200,Sell,225631799
2024-07-23 13:21:44,124100.0,1100,Sell,225631800
2024-07-23 13:21:47,124000.0,600,Sell,225631931
2024-07-23 13:23:18,124000.0,200,Sell,225633700
2024-07-23 13:24:04,124100.0,1100,Buy,225634577
2024-07-23 13:25:12,124100.0,100,Sell,225636199
2024-07-23 13:25:12,124100.0,400,Sell,225636200
2024-07-23 13:26:09,124100.0,100,Sell,225637662
2024-07-23 13:26:34,124100.0,100,Sell,225638306
2024-07-23 13:26:36,124100.0,700,Sell,225638344
2024-07-23 13:26:37,124100.0,200,Sell,225638390
2024-07-23 13:26:39,124100.0,100,Sell,225638414
2024-07-23 13:26:39,124100.0,600,Sell,225638415
2024-07-23 13:27:00,124100.0,300,Buy,225638951
2024-07-23 13:27:01,124100.0,200,Buy,225638955
2024-07-23 13:27:32,124000.0,600,Sell,225639606
2024-07-23 13:28:33,124100.0,300,Buy,225640981
2024-07-23 13:28:33,124100.0,800,Buy,225640982
2024-07-23 13:28:43,124100.0,2000,Buy,225641167
2024-07-23 13:28:54,124200.0,100,Buy,225641312
2024-07-23 13:28:55,124200.0,900,Buy,225641339
2024-07-23 13:28:55,124200.0,800,Buy,225641340
2024-07-23 13:29:52,124300.0,100,Buy,225642703
2024-07-23 13:30:26,124300.0,1500,Buy,225643462
2024-07-23 13:30:26,124300.0,200,Buy,225643461
2024-07-23 13:30:26,124300.0,500,Buy,225643460
2024-07-23 13:30:26,124300.0,100,Buy,225643458
2024-07-23 13:30:26,124300.0,500,Buy,225643459
2024-07-23 13:30:39,124300.0,200,Sell,225643846
2024-07-23 13:30:42,124300.0,800,Buy,225643923
2024-07-23 13:31:31,124400.0,100,Buy,225645524
2024-07-23 13:31:31,124400.0,400,Buy,225645525
2024-07-23 13:31:43,124400.0,100,Buy,225645901
2024-07-23 13:32:42,124400.0,1000,Buy,225648316
2024-07-23 13:32:51,124400.0,200,Buy,225648701
2024-07-23 13:32:57,124400.0,100,Buy,225648816
2024-07-23 13:32:57,124400.0,300,Buy,225648817
2024-07-23 13:32:57,124400.0,1000,Buy,225648818
2024-07-23 13:33:37,124400.0,100,Sell,225651366
2024-07-23 13:33:51,124400.0,300,Sell,225652317
2024-07-23 13:34:05,124500.0,200,Buy,225653190
2024-07-23 13:34:05,124500.0,500,Buy,225653191
2024-07-23 13:34:05,124500.0,100,Buy,225653189
2024-07-23 13:34:05,124500.0,100,Buy,225653188
2024-07-23 13:34:26,124400.0,100,Sell,225655035
2024-07-23 13:34:36,124400.0,200,Sell,225655742
2024-07-23 13:34:36,124400.0,1100,Sell,225655741
2024-07-23 13:35:06,124300.0,1500,Sell,225657693
2024-07-23 13:35:06,124200.0,100,Sell,225657694
2024-07-23 13:35:06,124200.0,100,Sell,225657695
2024-07-23 13:35:06,124100.0,400,Sell,225657696
2024-07-23 13:35:06,124100.0,100,Sell,225657698
2024-07-23 13:35:06,124100.0,1000,Sell,225657697
2024-07-23 13:35:26,124000.0,400,Sell,225659140
2024-07-23 13:35:26,124000.0,100,Sell,225659141
2024-07-23 13:35:26,124000.0,500,Sell,225659142
2024-07-23 13:35:33,124000.0,200,Sell,225659624
2024-07-23 13:35:33,124000.0,100,Sell,225659621
2024-07-23 13:35:33,124000.0,100,Sell,225659622
2024-07-23 13:35:33,124000.0,100,Sell,225659623
2024-07-23 13:35:42,124000.0,400,Sell,225660197
2024-07-23 13:35:42,124000.0,800,Sell,225660196
2024-07-23 13:35:51,124000.0,500,Sell,225660675
2024-07-23 13:35:57,124000.0,100,Sell,225660986
2024-07-23 13:35:57,124000.0,100,Sell,225660987
2024-07-23 13:35:57,124000.0,100,Sell,225660988
2024-07-23 13:35:57,124000.0,100,Sell,225660989
2024-07-23 13:36:01,124000.0,100,Buy,225661379
2024-07-23 13:36:02,124000.0,500,Buy,225661660
2024-07-23 13:36:02,124000.0,400,Buy,225661661
2024-07-23 13:36:29,124000.0,100,Sell,225662989
2024-07-23 13:36:32,123800.0,100,Sell,225663084
2024-07-23 13:36:32,123800.0,200,Sell,225663081
2024-07-23 13:36:32,123800.0,100,Sell,225663082
2024-07-23 13:36:32,123800.0,100,Sell,225663083
2024-07-23 13:37:00,123800.0,400,Sell,225664612
2024-07-23 13:37:22,123800.0,100,Buy,225665432
2024-07-23 13:38:46,123800.0,100,Buy,225668866
2024-07-23 13:39:22,123800.0,200,Buy,225670049
2024-07-23 13:39:48,123800.0,100,Buy,225670876
2024-07-23 13:39:48,123800.0,200,Buy,225670873
2024-07-23 13:39:48,123800.0,1000,Buy,225670874
2024-07-23 13:39:48,123800.0,200,Buy,225670875
2024-07-23 13:40:28,124000.0,500,Buy,225672029
2024-07-23 13:40:28,124000.0,500,Buy,225672028
2024-07-23 13:40:49,124000.0,100,Buy,225672544
2024-07-23 13:40:49,124000.0,100,Buy,225672545
2024-07-23 13:41:13,124000.0,100,Buy,225673242
2024-07-23 13:41:23,124000.0,1000,Buy,225673578
2024-07-23 13:42:49,124000.0,100,Buy,225675694
2024-07-23 13:42:49,124000.0,400,Buy,225675695
2024-07-23 13:42:58,123900.0,600,Sell,225676007
2024-07-23 13:43:06,123900.0,400,Sell,225676214
2024-07-23 13:44:00,123900.0,100,Buy,225677772
2024-07-23 13:44:10,123900.0,100,Buy,225678109
2024-07-23 13:44:55,123900.0,300,Buy,225679940
2024-07-23 13:44:55,123900.0,600,Buy,225679941
2024-07-23 13:45:16,123900.0,1600,Sell,225680824
2024-07-23 13:46:20,123800.0,400,Sell,225684307
2024-07-23 13:46:21,123800.0,100,Sell,225684495
2024-07-23 13:46:21,123800.0,100,Sell,225684494
2024-07-23 13:46:31,123900.0,1000,Buy,225685153
2024-07-23 13:47:07,123900.0,300,Buy,225688209
2024-07-23 13:47:33,123800.0,100,Sell,225689635
2024-07-23 13:47:33,123800.0,1400,Sell,225689636
2024-07-23 13:47:40,123800.0,200,Sell,225690030
2024-07-23 13:47:40,123800.0,100,Sell,225690031
2024-07-23 13:48:08,123700.0,100,Sell,225691655
2024-07-23 13:48:08,123700.0,400,Sell,225691663
2024-07-23 13:48:21,123700.0,100,Sell,225692382
2024-07-23 13:48:46,123700.0,100,Sell,225693802
2024-07-23 13:48:46,123600.0,100,Sell,225693803
2024-07-23 13:48:46,123600.0,100,Sell,225693804
2024-07-23 13:49:18,123500.0,300,Sell,225695207
2024-07-23 13:49:18,123500.0,100,Sell,225695206
2024-07-23 13:49:18,123500.0,900,Sell,225695203
2024-07-23 13:49:18,123500.0,200,Sell,225695204
2024-07-23 13:49:18,123500.0,1000,Sell,225695205
2024-07-23 13:49:18,123500.0,500,Sell,225695202
2024-07-23 13:49:19,123600.0,100,Buy,225695221
2024-07-23 13:50:08,123600.0,400,Buy,225697205
2024-07-23 13:50:10,123600.0,400,Buy,225697259
2024-07-23 13:50:22,123600.0,3000,Buy,225697619
2024-07-23 13:50:23,123600.0,400,Buy,225697669
2024-07-23 13:50:28,123600.0,100,Buy,225697802
2024-07-23 13:50:34,123600.0,1000,Buy,225697966
2024-07-23 13:50:43,123600.0,600,Buy,225698259
2024-07-23 13:50:43,123600.0,400,Buy,225698260
2024-07-23 13:50:45,123600.0,200,Buy,225698294
2024-07-23 13:50:56,123600.0,600,Buy,225698623
2024-07-23 13:51:17,123500.0,100,Sell,225699286
2024-07-23 13:51:17,123500.0,100,Sell,225699287
2024-07-23 13:51:17,123500.0,200,Sell,225699288
2024-07-23 13:51:20,123500.0,100,Sell,225699386
2024-07-23 13:51:32,123500.0,200,Sell,225699733
2024-07-23 13:52:13,123500.0,1000,Sell,225700958
2024-07-23 13:52:13,123500.0,100,Sell,225700959
2024-07-23 13:52:13,123500.0,300,Sell,225700957
2024-07-23 13:52:37,123500.0,100,Sell,225701727
2024-07-23 13:52:37,123500.0,100,Sell,225701733
2024-07-23 13:53:01,123500.0,900,Buy,225702549
2024-07-23 13:53:03,123500.0,100,Sell,225702657
2024-07-23 13:53:42,123500.0,100,Buy,225704261
2024-07-23 13:53:42,123500.0,200,Buy,225704262
2024-07-23 13:53:42,123500.0,100,Buy,225704263
2024-07-23 13:53:44,123500.0,1000,Sell,225704307
2024-07-23 13:53:46,123500.0,1000,Sell,225704354
2024-07-23 13:55:44,123600.0,1000,Sell,225708608
2024-07-23 13:56:38,123600.0,200,Sell,225710593
2024-07-23 13:56:45,123600.0,800,Sell,225710753
2024-07-23 13:56:45,123600.0,200,Sell,225710755
2024-07-23 13:56:50,123600.0,800,Sell,225710992
2024-07-23 13:56:50,123600.0,100,Sell,225710993
2024-07-23 13:58:20,123600.0,100,Buy,225715504
2024-07-23 13:59:05,123600.0,100,Buy,225717911
2024-07-23 13:59:22,123500.0,3100,Sell,225718863
2024-07-23 13:59:22,123500.0,1900,Sell,225718864
2024-07-23 13:59:26,123500.0,100,Sell,225719043
2024-07-23 13:59:26,123500.0,100,Sell,225719044
2024-07-23 13:59:26,123500.0,100,Sell,225719045
2024-07-23 13:59:26,123500.0,100,Sell,225719046
2024-07-23 13:59:33,123500.0,100,Buy,225719286
2024-07-23 14:00:37,123500.0,100,Sell,225722506
2024-07-23 14:01:14,123600.0,200,Buy,225723959
2024-07-23 14:01:14,123600.0,500,Buy,225723960
2024-07-23 14:01:14,123600.0,500,Buy,225723961
2024-07-23 14:01:14,123600.0,800,Buy,225723962
2024-07-23 14:01:15,123600.0,400,Buy,225724002
2024-07-23 14:01:17,123600.0,400,Buy,225724056
2024-07-23 14:01:18,123600.0,100,Buy,225724111
2024-07-23 14:01:18,123600.0,1500,Buy,225724112
2024-07-23 14:02:39,123600.0,100,Sell,225726870
2024-07-23 14:02:39,123600.0,200,Sell,225726871
2024-07-23 14:02:47,123600.0,200,Sell,225727135
2024-07-23 14:02:47,123600.0,1000,Sell,225727136
2024-07-23 14:02:52,123600.0,100,Buy,225727266
2024-07-23 14:03:25,123600.0,600,Buy,225728311
2024-07-23 14:03:37,123600.0,100,Buy,225728623
2024-07-23 14:04:10,123600.0,500,Sell,225729361
2024-07-23 14:04:20,123600.0,500,Buy,225729629
2024-07-23 14:04:32,123600.0,900,Buy,225730004
2024-07-23 14:06:22,123600.0,100,Buy,225732861
2024-07-23 14:06:22,123600.0,100,Buy,225732862
2024-07-23 14:06:22,123600.0,100,Buy,225732863
2024-07-23 14:06:34,123600.0,100,Buy,225733173
2024-07-23 14:07:29,123600.0,100,Sell,225734581
2024-07-23 14:07:53,123600.0,900,Buy,225735187
2024-07-23 14:08:39,123600.0,100,Sell,225736745
2024-07-23 14:08:39,123600.0,100,Sell,225736746
2024-07-23 14:09:30,123700.0,100,Buy,225738231
2024-07-23 14:09:35,123700.0,200,Buy,225738445
2024-07-23 14:09:35,123700.0,300,Buy,225738447
2024-07-23 14:09:35,123700.0,200,Buy,225738444
2024-07-23 14:09:35,123700.0,1300,Buy,225738446
2024-07-23 14:10:04,123600.0,100,Sell,225739443
2024-07-23 14:10:04,123600.0,500,Sell,225739444
2024-07-23 14:10:04,123600.0,100,Sell,225739445
2024-07-23 14:10:06,123600.0,100,Buy,225739505
2024-07-23 14:10:15,123600.0,200,Buy,225739842
2024-07-23 14:10:19,123700.0,500,Buy,225739926
2024-07-23 14:11:03,123600.0,100,Buy,225741267
2024-07-23 14:11:03,123600.0,300,Buy,225741268
2024-07-23 14:11:03,123600.0,300,Buy,225741269
2024-07-23 14:11:25,123600.0,100,Buy,225741833
2024-07-23 14:11:27,123500.0,1400,Sell,225741905
2024-07-23 14:11:27,123500.0,200,Sell,225741904
2024-07-23 14:11:27,123500.0,100,Sell,225741903
2024-07-23 14:11:27,123500.0,100,Sell,225741901
2024-07-23 14:11:27,123500.0,100,Sell,225741900
2024-07-23 14:11:27,123500.0,100,Sell,225741902
2024-07-23 14:11:28,123600.0,300,Buy,225741917
2024-07-23 14:11:47,123600.0,1700,Sell,225742524
2024-07-23 14:12:47,123600.0,200,Sell,225744190
2024-07-23 14:13:05,123600.0,100,Sell,225744660
2024-07-23 14:13:05,123600.0,100,Sell,225744658
2024-07-23 14:13:05,123600.0,100,Sell,225744659
2024-07-23 14:13:11,123600.0,200,Sell,225744834
2024-07-23 14:13:11,123600.0,200,Sell,225744835
2024-07-23 14:13:22,123600.0,500,Buy,225745178
2024-07-23 14:13:28,123600.0,800,Buy,225745380
2024-07-23 14:13:59,123600.0,200,Sell,225746261
2024-07-23 14:13:59,123600.0,100,Sell,225746262
2024-07-23 14:14:06,123600.0,500,Buy,225746417
2024-07-23 14:15:29,123500.0,100,Sell,225749371
2024-07-23 14:15:33,123500.0,200,Sell,225749556
2024-07-23 14:15:33,123500.0,800,Sell,225749561
2024-07-23 14:15:33,123500.0,200,Sell,225749560
2024-07-23 14:15:33,123500.0,500,Sell,225749555
2024-07-23 14:15:33,123500.0,100,Sell,225749558
2024-07-23 14:15:33,123500.0,1000,Sell,225749557
2024-07-23 14:15:33,123500.0,200,Sell,225749559
2024-07-23 14:15:48,123500.0,100,Sell,225750185
2024-07-23 14:16:02,123100.0,100,Sell,225751166
2024-07-23 14:16:02,123100.0,100,Sell,225751165
2024-07-23 14:16:02,123100.0,100,Sell,225751164
2024-07-23 14:16:02,123100.0,100,Sell,225751163
2024-07-23 14:16:02,123100.0,1000,Sell,225751162
2024-07-23 14:16:02,123200.0,100,Sell,225751161
2024-07-23 14:16:02,123200.0,100,Sell,225751160
2024-07-23 14:16:02,123300.0,200,Sell,225751159
2024-07-23 14:16:02,123300.0,100,Sell,225751158
2024-07-23 14:16:02,123300.0,800,Sell,225751157
2024-07-23 14:16:02,123300.0,1000,Sell,225751156
2024-07-23 14:16:02,123300.0,200,Sell,225751154
2024-07-23 14:16:02,123400.0,1000,Sell,225751153
2024-07-23 14:16:02,123100.0,1400,Sell,225751170
2024-07-23 14:16:02,123400.0,1900,Sell,225751151
2024-07-23 14:16:02,123400.0,100,Sell,225751150
2024-07-23 14:16:02,123400.0,100,Sell,225751149
2024-07-23 14:16:02,123400.0,500,Sell,225751148
2024-07-23 14:16:02,123400.0,200,Sell,225751147
2024-07-23 14:16:02,123400.0,100,Sell,225751146
2024-07-23 14:16:02,123500.0,100,Sell,225751145
2024-07-23 14:16:02,123500.0,100,Sell,225751144
2024-07-23 14:16:02,123500.0,100,Sell,225751143
2024-07-23 14:16:02,123300.0,100,Sell,225751155
2024-07-23 14:16:02,123400.0,400,Sell,225751152
2024-07-23 14:16:16,123100.0,1100,Sell,225752011
2024-07-23 14:16:37,123100.0,1000,Sell,225753425
2024-07-23 14:16:47,123100.0,700,Sell,225754606
2024-07-23 14:17:13,123500.0,100,Buy,225757704
2024-07-23 14:17:13,123500.0,1400,Buy,225757705
2024-07-23 14:17:13,123500.0,500,Buy,225757703
2024-07-23 14:17:41,123500.0,300,Buy,225764027
2024-07-23 14:17:41,123500.0,700,Buy,225764028
2024-07-23 14:17:46,123000.0,1000,Sell,225764881
2024-07-23 14:17:46,123000.0,500,Sell,225764880
2024-07-23 14:17:46,123000.0,100,Sell,225764879
2024-07-23 14:17:46,123000.0,100,Sell,225764878
2024-07-23 14:17:46,123000.0,100,Sell,225764877
2024-07-23 14:17:46,123000.0,500,Sell,225764876
2024-07-23 14:17:46,123000.0,100,Sell,225764874
2024-07-23 14:17:46,123000.0,100,Sell,225764873
2024-07-23 14:17:46,123000.0,100,Sell,225764872
2024-07-23 14:17:46,123000.0,2000,Sell,225764871
2024-07-23 14:17:46,123000.0,100,Sell,225764875
2024-07-23 14:17:46,123000.0,100,Sell,225764869
2024-07-23 14:17:46,123000.0,100,Sell,225764868
2024-07-23 14:17:46,123000.0,200,Sell,225764867
2024-07-23 14:17:46,123000.0,100,Sell,225764866
2024-07-23 14:17:46,123100.0,800,Sell,225764859
2024-07-23 14:17:46,123000.0,100,Sell,225764865
2024-07-23 14:17:46,123000.0,500,Sell,225764864
2024-07-23 14:17:46,123100.0,500,Sell,225764863
2024-07-23 14:17:46,123100.0,300,Sell,225764862
2024-07-23 14:17:46,123100.0,1000,Sell,225764861
2024-07-23 14:17:46,123100.0,1000,Sell,225764860
2024-07-23 14:17:46,123000.0,100,Sell,225764870
2024-07-23 14:17:47,123000.0,1000,Sell,225765038
2024-07-23 14:17:48,123000.0,900,Sell,225765357
2024-07-23 14:17:51,123000.0,500,Sell,225765970
2024-07-23 14:17:51,123000.0,100,Sell,225765969
2024-07-23 14:17:51,123000.0,200,Sell,225765968
2024-07-23 14:17:51,123000.0,100,Sell,225765961
2024-07-23 14:17:51,123000.0,100,Sell,225765967
2024-07-23 14:17:51,123000.0,1000,Sell,225765966
2024-07-23 14:17:51,123000.0,1000,Sell,225765965
2024-07-23 14:17:51,123000.0,100,Sell,225765964
2024-07-23 14:17:51,123000.0,100,Sell,225765963
2024-07-23 14:17:51,123000.0,100,Sell,225765962
2024-07-23 14:17:51,123000.0,1000,Sell,225765971
2024-07-23 14:17:51,123000.0,200,Sell,225765960
2024-07-23 14:17:51,123000.0,200,Sell,225765950
2024-07-23 14:17:51,123000.0,1000,Sell,225765958
2024-07-23 14:17:51,123000.0,100,Sell,225765959
2024-07-23 14:17:51,123100.0,100,Sell,225765946
2024-07-23 14:17:51,123000.0,2100,Sell,225765947
2024-07-23 14:17:51,123000.0,1000,Sell,225765948
2024-07-23 14:17:51,123000.0,100,Sell,225765951
2024-07-23 14:17:51,123000.0,1000,Sell,225765949
2024-07-23 14:17:51,123000.0,100,Sell,225765953
2024-07-23 14:17:51,123000.0,100,Sell,225765952
2024-07-23 14:17:51,123000.0,1000,Sell,225765954
2024-07-23 14:17:51,123000.0,500,Sell,225765955
2024-07-23 14:17:51,123000.0,100,Sell,225765956
2024-07-23 14:17:51,123000.0,100,Sell,225765957
2024-07-23 14:18:21,122900.0,100,Sell,225771548
2024-07-23 14:18:21,122900.0,400,Sell,225771549
2024-07-23 14:18:25,122900.0,100,Sell,225772452
2024-07-23 14:18:25,122100.0,500,Sell,225772461
2024-07-23 14:18:25,122500.0,1000,Sell,225772454
2024-07-23 14:18:25,122500.0,100,Sell,225772455
2024-07-23 14:18:25,122300.0,100,Sell,225772456
2024-07-23 14:18:25,122300.0,3100,Sell,225772457
2024-07-23 14:18:25,122200.0,100,Sell,225772458
2024-07-23 14:18:25,122200.0,100,Sell,225772459
2024-07-23 14:18:25,122200.0,100,Sell,225772460
2024-07-23 14:18:25,122800.0,100,Sell,225772453
2024-07-23 14:18:26,122100.0,400,Sell,225772868
2024-07-23 14:18:33,122100.0,1800,Sell,225774409
2024-07-23 14:18:33,122100.0,200,Sell,225774408
2024-07-23 14:18:35,122100.0,500,Sell,225774869
2024-07-23 14:18:41,122600.0,100,Sell,225776659
2024-07-23 14:18:41,122100.0,400,Sell,225776660
2024-07-23 14:18:52,122500.0,1000,Sell,225778900
2024-07-23 14:18:52,122100.0,2000,Sell,225778901
2024-07-23 14:18:53,122100.0,300,Sell,225778979
2024-07-23 14:18:53,122100.0,100,Sell,225778980
2024-07-23 14:18:53,122000.0,200,Sell,225778981
2024-07-23 14:18:53,122000.0,100,Sell,225778982
2024-07-23 14:18:53,122000.0,800,Sell,225778983
2024-07-23 14:19:07,122100.0,200,Sell,225781931
2024-07-23 14:19:07,122000.0,100,Sell,225781932
2024-07-23 14:19:17,122100.0,100,Sell,225783768
2024-07-23 14:19:17,122100.0,100,Sell,225783813
2024-07-23 14:19:22,122100.0,300,Sell,225784669
2024-07-23 14:19:35,122100.0,500,Buy,225787099
2024-07-23 14:19:38,122100.0,500,Sell,225787875
2024-07-23 14:19:38,122100.0,1000,Sell,225787775
2024-07-23 14:19:45,122100.0,100,Sell,225788660
2024-07-23 14:19:45,122100.0,900,Sell,225788661
2024-07-23 14:19:47,122500.0,200,Buy,225789432
2024-07-23 14:19:49,122100.0,500,Sell,225790168
2024-07-23 14:19:49,122000.0,100,Sell,225790169
2024-07-23 14:19:49,122000.0,200,Sell,225790170
2024-07-23 14:19:49,122000.0,300,Sell,225790171
2024-07-23 14:19:49,122000.0,500,Sell,225790172
2024-07-23 14:19:49,122000.0,700,Sell,225790173
2024-07-23 14:20:00,122100.0,100,Sell,225792030
2024-07-23 14:20:04,122100.0,500,Sell,225792879
2024-07-23 14:20:04,122100.0,1200,Sell,225792880
2024-07-23 14:20:08,122100.0,300,Buy,225793484
2024-07-23 14:20:12,122100.0,300,Buy,225794276
2024-07-23 14:20:18,122100.0,800,Sell,225795458
2024-07-23 14:20:18,122100.0,500,Sell,225795457
2024-07-23 14:20:24,122100.0,100,Buy,225796426
2024-07-23 14:20:29,122100.0,500,Buy,225797201
2024-07-23 14:20:47,122000.0,200,Sell,225799397
2024-07-23 14:20:49,122000.0,800,Sell,225799786
2024-07-23 14:20:51,122000.0,300,Sell,225800014
2024-07-23 14:20:56,122000.0,100,Sell,225800687
2024-07-23 14:20:58,122000.0,2900,Sell,225800803
2024-07-23 14:20:58,122000.0,100,Sell,225800804
2024-07-23 14:20:59,122000.0,400,Sell,225801113
2024-07-23 14:20:59,122000.0,100,Sell,225801114
2024-07-23 14:20:59,122000.0,200,Sell,225801115
2024-07-23 14:20:59,122000.0,1000,Sell,225801116
2024-07-23 14:20:59,122000.0,100,Sell,225801117
2024-07-23 14:20:59,122000.0,100,Sell,225801118
2024-07-23 14:20:59,122000.0,100,Sell,225801119
2024-07-23 14:20:59,122000.0,1000,Sell,225801120
2024-07-23 14:21:02,122000.0,500,Sell,225801419
2024-07-23 14:21:02,122000.0,500,Sell,225801418
2024-07-23 14:21:05,122000.0,200,Sell,225801827
2024-07-23 14:21:08,122000.0,100,Buy,225802098
2024-07-23 14:21:14,122000.0,200,Buy,225802932
2024-07-23 14:21:14,121900.0,100,Sell,225802933
2024-07-23 14:21:14,121900.0,100,Sell,225802934
2024-07-23 14:21:16,122000.0,1500,Buy,225803204
2024-07-23 14:21:16,122100.0,100,Buy,225803205
2024-07-23 14:21:16,122100.0,1000,Buy,225803206
2024-07-23 14:21:16,122500.0,800,Buy,225803208
2024-07-23 14:21:16,122500.0,1500,Buy,225803209
2024-07-23 14:21:16,122600.0,2000,Buy,225803210
2024-07-23 14:21:16,122600.0,800,Buy,225803211
2024-07-23 14:21:16,122900.0,200,Buy,225803212
2024-07-23 14:21:16,122100.0,2100,Buy,225803207
2024-07-23 14:21:37,122000.0,300,Buy,225805847
2024-07-23 14:21:37,122000.0,100,Buy,225805846
2024-07-23 14:21:42,121900.0,300,Sell,225806567
2024-07-23 14:21:43,121900.0,300,Sell,225806703
2024-07-23 14:21:57,122000.0,1100,Buy,225808153
2024-07-23 14:21:57,122000.0,1900,Buy,225808151
2024-07-23 14:21:57,122000.0,1000,Buy,225808152
2024-07-23 14:21:59,122000.0,400,Buy,225808282
2024-07-23 14:22:01,122000.0,500,Buy,225808546
2024-07-23 14:22:05,122100.0,200,Buy,225808923
2024-07-23 14:22:12,122000.0,500,Buy,225809569
2024-07-23 14:22:19,122100.0,400,Buy,225810450
2024-07-23 14:22:24,122000.0,300,Sell,225810859
2024-07-23 14:22:24,122100.0,500,Buy,225810885
2024-07-23 14:22:25,122100.0,900,Buy,225811028
2024-07-23 14:22:26,122100.0,100,Sell,225811052
2024-07-23 14:22:27,122100.0,500,Sell,225811205
2024-07-23 14:22:34,122100.0,500,Sell,225811827
2024-07-23 14:22:43,122200.0,300,Sell,225812590
2024-07-23 14:22:56,122300.0,200,Sell,225813846
2024-07-23 14:23:40,122300.0,100,Sell,225817433
2024-07-23 14:23:48,123000.0,100,Buy,225818036
2024-07-23 14:23:48,122900.0,100,Buy,225818035
2024-07-23 14:24:19,122900.0,500,Buy,225820158
2024-07-23 14:25:00,122800.0,700,Buy,225822658
2024-07-23 14:25:00,122800.0,500,Buy,225822659
2024-07-23 14:25:08,122700.0,300,Sell,225823232
2024-07-23 14:26:05,122600.0,200,Buy,225827152
2024-07-23 14:26:05,122600.0,300,Buy,225827153
2024-07-23 14:26:06,122500.0,100,Sell,225827243
2024-07-23 14:26:06,122500.0,600,Sell,225827244
2024-07-23 14:26:06,122500.0,100,Sell,225827245
2024-07-23 14:26:06,122500.0,1000,Sell,225827246
2024-07-23 14:26:11,122400.0,100,Sell,225827539
2024-07-23 14:26:11,122400.0,200,Sell,225827540
2024-07-23 14:26:12,122400.0,600,Sell,225827673
2024-07-23 14:26:32,122300.0,200,Sell,225829152
2024-07-23 14:26:32,122100.0,800,Sell,225829153
2024-07-23 14:26:35,122400.0,100,Buy,225829318
2024-07-23 14:26:59,122400.0,100,Sell,225831344
2024-07-23 14:27:05,122400.0,1000,Buy,225831981
2024-07-23 14:27:06,122100.0,300,Sell,225832088
2024-07-23 14:27:24,122200.0,500,Sell,225833624
2024-07-23 14:27:34,122200.0,100,Sell,225834435
2024-07-23 14:27:34,122100.0,900,Sell,225834436
2024-07-23 14:27:41,122100.0,200,Sell,225834996
2024-07-23 14:28:14,122100.0,500,Sell,225838344
2024-07-23 14:28:33,122100.0,200,Sell,225840309
2024-07-23 14:28:33,122100.0,200,Sell,225840308
2024-07-23 14:28:33,122100.0,200,Sell,225840307
2024-07-23 14:28:33,122100.0,100,Sell,225840306
2024-07-23 14:28:33,122100.0,200,Sell,225840310
2024-07-23 14:28:33,122100.0,200,Sell,225840304
2024-07-23 14:28:33,122100.0,100,Sell,225840303
2024-07-23 14:28:33,122100.0,400,Sell,225840302
2024-07-23 14:28:33,122100.0,500,Sell,225840301
2024-07-23 14:28:33,122100.0,400,Sell,225840305
2024-07-23 14:28:36,122100.0,100,Sell,225840572
2024-07-23 14:28:36,122100.0,600,Sell,225840573
2024-07-23 14:29:15,122000.0,300,Sell,225844689
2024-07-23 14:29:15,122000.0,200,Sell,225844688
2024-07-23 14:29:15,122100.0,100,Sell,225844687
2024-07-23 14:29:15,122100.0,200,Sell,225844685
2024-07-23 14:29:15,122100.0,100,Sell,225844684
2024-07-23 14:29:15,122100.0,400,Sell,225844683
2024-07-23 14:29:15,122200.0,100,Sell,225844682
2024-07-23 14:29:15,122100.0,100,Sell,225844686
2024-07-23 14:29:25,122300.0,200,Sell,225845763
2024-07-23 14:29:32,122200.0,800,Buy,225846502
2024-07-23 14:29:32,122400.0,700,Buy,225846503
2024-07-23 14:29:32,122400.0,500,Buy,225846504
2024-07-23 14:44:39,122000.0,33600,ATO/ATC,225848815
