time,price,volume,match_type,id
2024-07-24 09:14:37,119100.0,7000,ATO/ATC,225854045
2024-07-24 09:14:40,120000.0,2000,Buy,225854409
2024-07-24 09:15:47,119900.0,100,Buy,225856924
2024-07-24 09:16:26,119900.0,300,Buy,225858543
2024-07-24 09:16:38,119400.0,100,Sell,225859008
2024-07-24 09:17:01,119400.0,200,Buy,225859857
2024-07-24 09:17:16,119400.0,200,Buy,225860549
2024-07-24 09:17:19,119300.0,100,Sell,225860747
2024-07-24 09:17:22,119300.0,900,Sell,225860851
2024-07-24 09:17:27,119100.0,100,Sell,225861242
2024-07-24 09:17:40,119300.0,1000,Buy,225861787
2024-07-24 09:17:46,119100.0,900,Sell,225862092
2024-07-24 09:17:46,119100.0,100,Sell,225862093
2024-07-24 09:17:48,119300.0,100,Buy,225862134
2024-07-24 09:17:57,119100.0,200,Sell,225862542
2024-07-24 09:17:57,119100.0,400,Sell,225862543
2024-07-24 09:17:57,119100.0,100,Sell,225862544
2024-07-24 09:18:04,119100.0,900,Sell,225862920
2024-07-24 09:18:04,119100.0,400,Sell,225862921
2024-07-24 09:18:04,119000.0,700,Sell,225862922
2024-07-24 09:18:11,119000.0,300,Sell,225863245
2024-07-24 09:18:11,119000.0,200,Sell,225863246
2024-07-24 09:18:11,119000.0,400,Sell,225863247
2024-07-24 09:18:12,118800.0,200,Sell,225863266
2024-07-24 09:18:16,118800.0,200,Sell,225863456
2024-07-24 09:18:29,118800.0,200,Sell,225864076
2024-07-24 09:18:29,118800.0,600,Sell,225864074
2024-07-24 09:18:29,118800.0,100,Sell,225864075
2024-07-24 09:18:30,118800.0,200,Sell,225864164
2024-07-24 09:18:36,118800.0,800,Buy,225864541
2024-07-24 09:18:41,118800.0,500,Buy,225864780
2024-07-24 09:18:48,118800.0,100,Buy,225865058
2024-07-24 09:18:49,119000.0,100,Buy,225865101
2024-07-24 09:18:49,119000.0,100,Buy,225865102
2024-07-24 09:18:58,118600.0,600,Sell,225865543
2024-07-24 09:18:58,118600.0,400,Sell,225865544
2024-07-24 09:19:09,118900.0,100,Sell,225866004
2024-07-24 09:19:09,119000.0,400,Buy,225866005
2024-07-24 09:19:21,119300.0,100,Buy,225866656
2024-07-24 09:19:21,119300.0,100,Buy,225866662
2024-07-24 09:19:38,119300.0,200,Buy,225867422
2024-07-24 09:19:40,119500.0,100,Buy,225867487
2024-07-24 09:20:03,119500.0,100,Buy,225868442
2024-07-24 09:20:27,119800.0,1000,Buy,225869347
2024-07-24 09:20:28,119800.0,100,Sell,225869397
2024-07-24 09:20:28,119800.0,1000,Buy,225869368
2024-07-24 09:20:39,119900.0,500,Buy,225869789
2024-07-24 09:20:40,119900.0,100,Buy,225869820
2024-07-24 09:20:40,119900.0,100,Buy,225869821
2024-07-24 09:20:40,119900.0,100,Buy,225869819
2024-07-24 09:20:44,120000.0,100,Buy,225869951
2024-07-24 09:20:44,120000.0,100,Buy,225869952
2024-07-24 09:20:48,120000.0,100,Buy,225870091
2024-07-24 09:20:48,120000.0,500,Buy,225870092
2024-07-24 09:20:52,120000.0,400,Sell,225870281
2024-07-24 09:20:52,120000.0,100,Sell,225870282
2024-07-24 09:20:54,120100.0,200,Sell,225870360
2024-07-24 09:21:08,122000.0,600,Buy,225870894
2024-07-24 09:21:12,122000.0,100,Buy,225871024
2024-07-24 09:21:12,122000.0,900,Buy,225871025
2024-07-24 09:21:21,122000.0,100,Buy,225871358
2024-07-24 09:21:38,120200.0,100,Sell,225871869
2024-07-24 09:21:47,120200.0,100,Sell,225872157
2024-07-24 09:21:58,120200.0,100,Sell,225872536
2024-07-24 09:22:14,120200.0,200,Sell,225873050
2024-07-24 09:22:40,120200.0,100,Sell,225873992
2024-07-24 09:23:07,120600.0,100,Sell,225874943
2024-07-24 09:23:12,122000.0,100,Buy,225875136
2024-07-24 09:23:22,120600.0,1300,Sell,225875491
2024-07-24 09:23:33,120800.0,100,Sell,225875832
2024-07-24 09:23:33,120700.0,100,Sell,225875833
2024-07-24 09:23:34,121000.0,400,Buy,225875843
2024-07-24 09:23:41,121000.0,1000,Buy,225876138
2024-07-24 09:23:50,121000.0,300,Buy,225876388
2024-07-24 09:23:52,121000.0,300,Buy,225876475
2024-07-24 09:24:00,121000.0,100,Sell,225876745
2024-07-24 09:24:26,121000.0,200,Sell,225877622
2024-07-24 09:24:26,121000.0,100,Sell,225877636
2024-07-24 09:24:28,121000.0,100,Sell,225877719
2024-07-24 09:24:38,121000.0,800,Sell,225878153
2024-07-24 09:24:53,121000.0,200,Sell,225878659
2024-07-24 09:24:56,121000.0,1300,Sell,225878798
2024-07-24 09:24:56,121000.0,500,Sell,225878797
2024-07-24 09:24:56,121000.0,500,Sell,225878796
2024-07-24 09:24:56,121000.0,100,Sell,225878795
2024-07-24 09:25:14,121000.0,400,Sell,225879548
2024-07-24 09:25:14,121000.0,700,Sell,225879546
2024-07-24 09:25:14,121000.0,100,Sell,225879547
2024-07-24 09:25:19,121000.0,100,Sell,225879750
2024-07-24 09:25:45,121000.0,100,Sell,225880747
2024-07-24 09:26:12,121000.0,100,Sell,225881754
2024-07-24 09:26:12,121000.0,100,Sell,225881755
2024-07-24 09:26:28,121000.0,200,Sell,225882285
2024-07-24 09:26:38,121000.0,100,Sell,225882664
2024-07-24 09:26:38,121000.0,100,Sell,225882653
2024-07-24 09:27:05,121000.0,100,Sell,225883620
2024-07-24 09:27:05,121000.0,600,Sell,225883630
2024-07-24 09:27:09,121000.0,200,Sell,225883831
2024-07-24 09:27:14,121000.0,600,Sell,225884028
2024-07-24 09:27:14,121000.0,400,Sell,225884029
2024-07-24 09:27:31,121000.0,100,Sell,225884626
2024-07-24 09:27:31,121100.0,100,Sell,225884625
2024-07-24 09:27:36,121000.0,400,Sell,225884894
2024-07-24 09:27:48,121000.0,100,Sell,225885356
2024-07-24 09:27:48,121000.0,200,Sell,225885358
2024-07-24 09:27:48,121000.0,100,Sell,225885350
2024-07-24 09:27:48,121000.0,100,Sell,225885357
2024-07-24 09:27:49,121000.0,200,Buy,225885394
2024-07-24 09:30:13,120600.0,100,Sell,225890417
2024-07-24 09:30:13,120600.0,900,Sell,225890418
2024-07-24 09:30:36,120600.0,100,Sell,225891021
2024-07-24 09:30:37,120600.0,100,Sell,225891039
2024-07-24 09:30:46,120600.0,100,Sell,225891370
2024-07-24 09:31:03,120600.0,100,Sell,225892036
2024-07-24 09:31:29,120700.0,200,Sell,225892815
2024-07-24 09:31:38,120700.0,100,Sell,225893020
2024-07-24 09:31:45,120800.0,100,Sell,225893226
2024-07-24 09:31:56,120700.0,100,Buy,225893574
2024-07-24 09:32:02,120700.0,200,Buy,225893819
2024-07-24 09:32:03,120700.0,300,Buy,225893895
2024-07-24 09:32:17,120700.0,100,Sell,225894253
2024-07-24 09:32:23,120700.0,100,Buy,225894487
2024-07-24 09:32:24,120800.0,100,Buy,225894532
2024-07-24 09:32:24,120800.0,300,Buy,225894533
2024-07-24 09:32:44,120800.0,100,Sell,225895191
2024-07-24 09:32:49,120800.0,200,Sell,225895330
2024-07-24 09:32:50,120800.0,300,Sell,225895363
2024-07-24 09:32:50,120800.0,200,Sell,225895365
2024-07-24 09:33:15,120800.0,100,Sell,225895915
2024-07-24 09:33:44,120800.0,200,Buy,225896546
2024-07-24 09:33:44,120800.0,100,Buy,225896551
2024-07-24 09:33:46,120800.0,300,Sell,225896625
2024-07-24 09:33:50,120800.0,100,Buy,225896699
2024-07-24 09:33:53,120800.0,100,Buy,225896816
2024-07-24 09:34:08,120800.0,100,Sell,225897199
2024-07-24 09:34:20,120900.0,100,Buy,225897537
2024-07-24 09:34:20,120900.0,100,Buy,225897538
2024-07-24 09:34:20,120900.0,100,Buy,225897539
2024-07-24 09:34:23,120900.0,2700,Buy,225897586
2024-07-24 09:34:24,120900.0,2200,Buy,225897613
2024-07-24 09:34:25,120900.0,100,Buy,225897635
2024-07-24 09:34:34,120900.0,200,Sell,225897871
2024-07-24 09:34:51,120900.0,100,Sell,225898242
2024-07-24 09:35:01,120900.0,100,Sell,225898576
2024-07-24 09:35:27,120900.0,100,Sell,225899339
2024-07-24 09:35:34,120900.0,100,Sell,225899563
2024-07-24 09:35:50,121000.0,100,Buy,225899968
2024-07-24 09:35:50,121000.0,100,Buy,225899969
2024-07-24 09:35:50,121000.0,400,Buy,225899970
2024-07-24 09:35:50,121000.0,100,Buy,225899975
2024-07-24 09:35:50,121000.0,100,Buy,225899976
2024-07-24 09:35:50,121000.0,200,Buy,225899977
2024-07-24 09:35:58,120900.0,100,Sell,225900159
2024-07-24 09:36:20,120900.0,100,Sell,225900739
2024-07-24 09:36:22,120900.0,100,Sell,225900786
2024-07-24 09:36:31,120900.0,100,Sell,225900960
2024-07-24 09:36:38,120900.0,100,Sell,225901171
2024-07-24 09:36:46,120900.0,100,Sell,225901375
2024-07-24 09:36:47,120900.0,100,Sell,225901389
2024-07-24 09:36:48,120900.0,700,Sell,225901411
2024-07-24 09:36:48,120900.0,200,Sell,225901412
2024-07-24 09:36:48,120900.0,200,Sell,225901413
2024-07-24 09:36:49,120900.0,300,Buy,225901448
2024-07-24 09:37:11,120700.0,100,Sell,225901998
2024-07-24 09:37:35,120600.0,100,Sell,225902604
2024-07-24 09:37:40,120600.0,100,Sell,225902726
2024-07-24 09:37:59,120600.0,100,Sell,225903234
2024-07-24 09:38:06,120600.0,100,Sell,225903387
2024-07-24 09:38:14,120700.0,200,Buy,225903582
2024-07-24 09:38:14,120900.0,2500,Buy,225903583
2024-07-24 09:38:14,120900.0,100,Buy,225903584
2024-07-24 09:38:14,120900.0,2000,Buy,225903585
2024-07-24 09:38:23,120900.0,100,Sell,225903831
2024-07-24 09:38:33,120900.0,100,Sell,225904036
2024-07-24 09:38:33,120900.0,100,Sell,225904037
2024-07-24 09:38:37,120900.0,800,Sell,225904103
2024-07-24 09:38:41,120900.0,200,Buy,225904188
2024-07-24 09:38:41,120900.0,100,Buy,225904189
2024-07-24 09:38:45,121000.0,100,Buy,225904242
2024-07-24 09:38:45,121000.0,400,Buy,225904243
2024-07-24 09:38:46,121000.0,100,Buy,225904272
2024-07-24 09:38:46,121000.0,1400,Buy,225904271
2024-07-24 09:38:46,121000.0,200,Buy,225904270
2024-07-24 09:38:46,121000.0,200,Buy,225904269
2024-07-24 09:38:46,121000.0,100,Buy,225904266
2024-07-24 09:38:46,121000.0,600,Buy,225904263
2024-07-24 09:38:46,121000.0,100,Buy,225904267
2024-07-24 09:38:46,121000.0,100,Buy,225904265
2024-07-24 09:38:46,121000.0,100,Buy,225904264
2024-07-24 09:38:47,121000.0,100,Sell,225904312
2024-07-24 09:38:56,121200.0,500,Buy,225904499
2024-07-24 09:38:57,121300.0,100,Buy,225904520
2024-07-24 09:38:57,121300.0,100,Buy,225904521
2024-07-24 09:39:06,121300.0,100,Buy,225904841
2024-07-24 09:39:06,121300.0,100,Buy,225904842
2024-07-24 09:39:10,121300.0,100,Buy,225904952
2024-07-24 09:39:12,121100.0,100,Sell,225905043
2024-07-24 09:39:25,121100.0,100,Sell,225905348
2024-07-24 09:39:36,121100.0,100,Sell,225905624
2024-07-24 09:39:54,121100.0,100,Sell,225906073
2024-07-24 09:39:54,121100.0,100,Sell,225906074
2024-07-24 09:40:00,121100.0,100,Sell,225906206
2024-07-24 09:40:18,121100.0,100,Sell,225906698
2024-07-24 09:40:24,121200.0,100,Sell,225906837
2024-07-24 09:40:44,121400.0,200,Buy,225907297
2024-07-24 09:40:49,121300.0,100,Sell,225907428
2024-07-24 09:40:51,121400.0,100,Buy,225907543
2024-07-24 09:40:51,121400.0,100,Buy,225907542
2024-07-24 09:41:09,121500.0,100,Buy,225907982
2024-07-24 09:41:09,121500.0,100,Buy,225907983
2024-07-24 09:41:09,121500.0,100,Buy,225907984
2024-07-24 09:41:09,121500.0,100,Buy,225907985
2024-07-24 09:41:09,121500.0,600,Buy,225907981
2024-07-24 09:41:13,121400.0,100,Sell,225908068
2024-07-24 09:41:24,121400.0,100,Sell,225908345
2024-07-24 09:41:24,121000.0,100,Sell,225908346
2024-07-24 09:41:37,121300.0,100,Sell,225908718
2024-07-24 09:41:38,121300.0,100,Sell,225908738
2024-07-24 09:41:38,121300.0,100,Sell,225908739
2024-07-24 09:41:59,121300.0,100,Buy,225909201
2024-07-24 09:42:01,121300.0,400,Buy,225909303
2024-07-24 09:42:01,121200.0,100,Sell,225909308
2024-07-24 09:42:04,121200.0,100,Sell,225909405
2024-07-24 09:42:25,121300.0,100,Sell,225909880
2024-07-24 09:42:50,121200.0,100,Sell,225910435
2024-07-24 09:43:08,121200.0,100,Buy,225910902
2024-07-24 09:43:08,121200.0,100,Buy,225910903
2024-07-24 09:43:14,121200.0,100,Sell,225911041
2024-07-24 09:43:37,121200.0,100,Buy,225911514
2024-07-24 09:43:37,121200.0,100,Buy,225911515
2024-07-24 09:43:38,121000.0,100,Sell,225911547
2024-07-24 09:43:50,121000.0,200,Sell,225911854
2024-07-24 09:44:03,121000.0,100,Sell,225912160
2024-07-24 09:44:16,121000.0,100,Sell,225912437
2024-07-24 09:44:27,121000.0,100,Sell,225912748
2024-07-24 09:44:43,121000.0,100,Sell,225913070
2024-07-24 09:44:51,121100.0,100,Sell,225913229
2024-07-24 09:45:01,121100.0,100,Sell,225913477
2024-07-24 09:45:09,121100.0,100,Sell,225913749
2024-07-24 09:45:13,121100.0,100,Buy,225913837
2024-07-24 09:45:15,121000.0,100,Sell,225913870
2024-07-24 09:45:26,121000.0,100,Sell,225914097
2024-07-24 09:45:36,121000.0,100,Sell,225914358
2024-07-24 09:45:39,121000.0,100,Sell,225914423
2024-07-24 09:45:45,121100.0,100,Buy,225914549
2024-07-24 09:45:45,121100.0,100,Buy,225914550
2024-07-24 09:46:04,121000.0,100,Sell,225914986
2024-07-24 09:46:05,121100.0,100,Buy,225915008
2024-07-24 09:46:13,121200.0,300,Buy,225915147
2024-07-24 09:46:13,121200.0,100,Buy,225915148
2024-07-24 09:46:17,121300.0,200,Buy,225915252
2024-07-24 09:46:28,121200.0,100,Sell,225915498
2024-07-24 09:46:29,121200.0,200,Sell,225915526
2024-07-24 09:46:38,121200.0,100,Sell,225915745
2024-07-24 09:46:51,121300.0,100,Buy,225915992
2024-07-24 09:46:52,121200.0,100,Sell,225916039
2024-07-24 09:46:55,121200.0,100,Sell,225916115
2024-07-24 09:47:02,121200.0,100,Sell,225916285
2024-07-24 09:47:14,121200.0,100,Buy,225916563
2024-07-24 09:47:17,121000.0,100,Sell,225916631
2024-07-24 09:47:22,121000.0,100,Sell,225916756
2024-07-24 09:47:33,121000.0,100,Sell,225917152
2024-07-24 09:47:41,121000.0,100,Sell,225917268
2024-07-24 09:47:48,121000.0,200,Sell,225917471
2024-07-24 09:48:05,121000.0,100,Sell,225918117
2024-07-24 09:48:15,121000.0,100,Sell,225918424
2024-07-24 09:48:17,121000.0,100,Sell,225918456
2024-07-24 09:48:29,121100.0,100,Sell,225918808
2024-07-24 09:48:30,121200.0,100,Buy,225918849
2024-07-24 09:48:42,121200.0,100,Buy,225919133
2024-07-24 09:48:42,121400.0,100,Buy,225919134
2024-07-24 09:48:54,121100.0,100,Sell,225919399
2024-07-24 09:49:07,121200.0,100,Sell,225919681
2024-07-24 09:49:07,121100.0,100,Sell,225919682
2024-07-24 09:49:15,121200.0,100,Sell,225919917
2024-07-24 09:49:18,121200.0,100,Sell,225919963
2024-07-24 09:49:38,121200.0,100,Buy,225920519
2024-07-24 09:49:42,121000.0,100,Sell,225920648
2024-07-24 09:50:00,121000.0,100,Sell,225921112
2024-07-24 09:50:07,121000.0,100,Sell,225921305
2024-07-24 09:50:22,121200.0,100,Buy,225921687
2024-07-24 09:50:31,121100.0,100,Sell,225921958
2024-07-24 09:50:44,121200.0,200,Buy,225922375
2024-07-24 09:50:55,121000.0,100,Sell,225922655
2024-07-24 09:51:04,121200.0,100,Buy,225922875
2024-07-24 09:51:18,121300.0,200,Buy,225923263
2024-07-24 09:51:20,121100.0,100,Sell,225923322
2024-07-24 09:51:23,121100.0,100,Sell,225923485
2024-07-24 09:51:38,121100.0,100,Sell,225923800
2024-07-24 09:51:44,121100.0,100,Sell,225923981
2024-07-24 09:51:46,121100.0,200,Sell,225924022
2024-07-24 09:51:47,121100.0,100,Sell,225924034
2024-07-24 09:52:08,121100.0,100,Sell,225924537
2024-07-24 09:52:13,121100.0,100,Sell,225924627
2024-07-24 09:52:33,121000.0,100,Sell,225925285
2024-07-24 09:52:39,121000.0,100,Sell,225925462
2024-07-24 09:52:57,121000.0,100,Sell,225925980
2024-07-24 09:53:05,121000.0,200,Sell,225926310
2024-07-24 09:53:21,121000.0,100,Sell,225927003
2024-07-24 09:53:30,121000.0,100,Sell,225927277
2024-07-24 09:53:32,121000.0,100,Sell,225927346
2024-07-24 09:53:46,121000.0,100,Sell,225927702
2024-07-24 09:53:52,121000.0,100,Sell,225927939
2024-07-24 09:53:54,121000.0,100,Sell,225928094
2024-07-24 09:53:58,121000.0,100,Sell,225928372
2024-07-24 09:54:10,121000.0,100,Sell,225928908
2024-07-24 09:54:25,121000.0,200,Sell,225929509
2024-07-24 09:54:34,121100.0,100,Sell,225929821
2024-07-24 09:54:51,121100.0,100,Sell,225930276
2024-07-24 09:54:59,121100.0,100,Sell,225930457
2024-07-24 09:55:12,121100.0,200,Sell,225930939
2024-07-24 09:55:21,121000.0,2100,Sell,225931185
2024-07-24 09:55:21,121000.0,400,Sell,225931184
2024-07-24 09:55:23,121000.0,100,Sell,225931251
2024-07-24 09:55:32,120800.0,5000,Sell,225931483
2024-07-24 09:55:32,120800.0,100,Sell,225931482
2024-07-24 09:55:32,121000.0,500,Sell,225931481
2024-07-24 09:55:32,121000.0,300,Sell,225931480
2024-07-24 09:55:32,121000.0,300,Sell,225931479
2024-07-24 09:55:32,121000.0,100,Sell,225931478
2024-07-24 09:55:32,121000.0,500,Sell,225931476
2024-07-24 09:55:32,121000.0,100,Sell,225931475
2024-07-24 09:55:32,121000.0,800,Sell,225931471
2024-07-24 09:55:32,121000.0,100,Sell,225931472
2024-07-24 09:55:32,121000.0,500,Sell,225931477
2024-07-24 09:55:32,121000.0,100,Sell,225931474
2024-07-24 09:55:32,121000.0,200,Sell,225931473
2024-07-24 09:55:39,120600.0,100,Sell,225931709
2024-07-24 09:55:39,120600.0,100,Sell,225931708
2024-07-24 09:55:44,120600.0,200,Sell,225931814
2024-07-24 09:55:47,120600.0,100,Sell,225931904
2024-07-24 09:55:58,120600.0,100,Sell,225932299
2024-07-24 09:56:02,120600.0,100,Sell,225932401
2024-07-24 09:56:11,120600.0,100,Sell,225932793
2024-07-24 09:56:12,120600.0,100,Sell,225932806
2024-07-24 09:56:36,120600.0,100,Sell,225933432
2024-07-24 09:56:37,120600.0,100,Sell,225933446
2024-07-24 09:56:38,120600.0,100,Sell,225933482
2024-07-24 09:56:55,120600.0,100,Sell,225933991
2024-07-24 09:57:00,120600.0,100,Sell,225934190
2024-07-24 09:57:04,120600.0,200,Sell,225934321
2024-07-24 09:57:25,120600.0,100,Sell,225935136
2024-07-24 09:57:26,120600.0,200,Sell,225935156
2024-07-24 09:57:30,120600.0,100,Sell,225935287
2024-07-24 09:57:45,120600.0,100,Sell,225935828
2024-07-24 09:57:49,120600.0,100,Sell,225935958
2024-07-24 09:57:56,120600.0,100,Sell,225936310
2024-07-24 09:58:09,120600.0,100,Sell,225936929
2024-07-24 09:58:14,120600.0,100,Sell,225937117
2024-07-24 09:58:38,120500.0,100,Sell,225937894
2024-07-24 09:58:49,120500.0,100,Sell,225938357
2024-07-24 09:59:03,120500.0,100,Sell,225938897
2024-07-24 09:59:16,120500.0,100,Sell,225939281
2024-07-24 09:59:27,120500.0,100,Sell,225939720
2024-07-24 09:59:38,120500.0,100,Sell,225940379
2024-07-24 09:59:38,120500.0,100,Sell,225940381
2024-07-24 09:59:38,120500.0,200,Sell,225940380
2024-07-24 09:59:51,120300.0,100,Sell,225940807
2024-07-24 09:59:52,120300.0,100,Sell,225940854
2024-07-24 09:59:58,120300.0,300,Sell,225941118
2024-07-24 10:00:08,120300.0,200,Buy,225941652
2024-07-24 10:00:10,120300.0,100,Buy,225941737
2024-07-24 10:00:15,120300.0,100,Buy,225941976
2024-07-24 10:00:16,120200.0,100,Sell,225941993
2024-07-24 10:00:17,120300.0,100,Buy,225942072
2024-07-24 10:00:29,120300.0,600,Sell,225942613
2024-07-24 10:00:32,120300.0,200,Sell,225942817
2024-07-24 10:00:40,120200.0,100,Sell,225943233
2024-07-24 10:01:02,120200.0,200,Sell,225944130
2024-07-24 10:01:04,120200.0,100,Sell,225944276
2024-07-24 10:01:07,120000.0,5000,Sell,225944502
2024-07-24 10:01:07,120000.0,100,Sell,225944501
2024-07-24 10:01:07,120000.0,300,Sell,225944500
2024-07-24 10:01:07,120000.0,200,Sell,225944499
2024-07-24 10:01:07,120000.0,400,Sell,225944498
2024-07-24 10:01:07,120000.0,100,Sell,225944497
2024-07-24 10:01:07,120000.0,100,Sell,225944496
2024-07-24 10:01:07,120100.0,100,Sell,225944494
2024-07-24 10:01:07,120100.0,100,Sell,225944493
2024-07-24 10:01:07,120200.0,100,Sell,225944492
2024-07-24 10:01:07,120200.0,100,Sell,225944491
2024-07-24 10:01:07,120200.0,500,Sell,225944490
2024-07-24 10:01:07,120000.0,100,Sell,225944503
2024-07-24 10:01:07,120000.0,500,Sell,225944495
2024-07-24 10:01:10,120000.0,300,Buy,225944669
2024-07-24 10:01:28,120000.0,100,Sell,225945711
2024-07-24 10:01:29,120000.0,100,Sell,225945737
2024-07-24 10:01:32,120000.0,1000,Sell,225945939
2024-07-24 10:01:33,120000.0,100,Sell,225945951
2024-07-24 10:01:33,120000.0,100,Sell,225945952
2024-07-24 10:01:38,119800.0,100,Sell,225946234
2024-07-24 10:01:50,119800.0,500,Sell,225946855
2024-07-24 10:01:51,119800.0,200,Sell,225946943
2024-07-24 10:01:54,119500.0,100,Sell,225947096
2024-07-24 10:01:55,119500.0,100,Sell,225947231
2024-07-24 10:01:59,119500.0,100,Sell,225947485
2024-07-24 10:02:18,119500.0,100,Sell,225948638
2024-07-24 10:02:21,119500.0,200,Sell,225948917
2024-07-24 10:02:35,119300.0,600,Sell,225949919
2024-07-24 10:02:35,119300.0,100,Buy,225949920
2024-07-24 10:02:39,119000.0,100,Sell,225950112
2024-07-24 10:02:39,119000.0,200,Sell,225950111
2024-07-24 10:02:39,119000.0,100,Sell,225950110
2024-07-24 10:02:39,119000.0,300,Sell,225950108
2024-07-24 10:02:39,119000.0,100,Sell,225950107
2024-07-24 10:02:39,119000.0,100,Sell,225950109
2024-07-24 10:02:39,119100.0,100,Sell,225950106
2024-07-24 10:02:42,119000.0,100,Sell,225950306
2024-07-24 10:02:47,119000.0,100,Sell,225950613
2024-07-24 10:02:47,119000.0,100,Sell,225950614
2024-07-24 10:02:57,119000.0,1200,Sell,225951228
2024-07-24 10:02:57,119000.0,400,Sell,225951229
2024-07-24 10:03:07,118700.0,100,Sell,225951747
2024-07-24 10:03:10,119000.0,500,Buy,225951899
2024-07-24 10:03:13,119000.0,500,Buy,225952081
2024-07-24 10:03:15,119000.0,100,Buy,225952255
2024-07-24 10:03:22,119000.0,100,Buy,225952686
2024-07-24 10:03:22,119000.0,100,Buy,225952687
2024-07-24 10:03:31,119000.0,100,Sell,225953257
2024-07-24 10:03:37,119000.0,400,Sell,225953665
2024-07-24 10:03:40,119000.0,100,Sell,225953835
2024-07-24 10:03:41,119000.0,200,Sell,225953853
2024-07-24 10:03:41,119000.0,300,Sell,225953855
2024-07-24 10:03:41,119000.0,800,Sell,225953854
2024-07-24 10:03:41,119000.0,200,Sell,225953851
2024-07-24 10:03:41,119000.0,200,Sell,225953852
2024-07-24 10:03:56,119100.0,100,Sell,225954625
2024-07-24 10:04:06,119100.0,100,Sell,225955088
2024-07-24 10:04:07,119100.0,200,Sell,225955117
2024-07-24 10:04:20,119100.0,100,Sell,225955622
2024-07-24 10:04:29,119100.0,500,Sell,225956010
2024-07-24 10:04:29,119100.0,1000,Sell,225956017
2024-07-24 10:04:30,119000.0,100,Sell,225956033
2024-07-24 10:04:31,119100.0,500,Buy,225956062
2024-07-24 10:04:36,119100.0,100,Buy,225956342
2024-07-24 10:04:45,119000.0,100,Sell,225956639
2024-07-24 10:04:52,119500.0,100,Buy,225956929
2024-07-24 10:04:52,119100.0,100,Sell,225956934
2024-07-24 10:05:00,119100.0,900,Sell,225957196
2024-07-24 10:05:00,119100.0,600,Sell,225957197
2024-07-24 10:05:00,119100.0,100,Sell,225957208
2024-07-24 10:05:09,119000.0,100,Sell,225957545
2024-07-24 10:05:14,119000.0,100,Sell,225957701
2024-07-24 10:05:14,119000.0,3200,Sell,225957706
2024-07-24 10:05:14,119000.0,100,Sell,225957705
2024-07-24 10:05:14,119100.0,200,Sell,225957700
2024-07-24 10:05:14,119000.0,1000,Sell,225957703
2024-07-24 10:05:14,119000.0,300,Sell,225957702
2024-07-24 10:05:14,119000.0,400,Sell,225957704
2024-07-24 10:05:16,119100.0,1300,Sell,225957763
2024-07-24 10:05:26,119100.0,200,Sell,225958141
2024-07-24 10:05:33,119100.0,100,Sell,225958386
2024-07-24 10:05:34,119100.0,600,Sell,225958390
2024-07-24 10:05:34,119100.0,1100,Sell,225958391
2024-07-24 10:05:34,119100.0,1300,Sell,225958392
2024-07-24 10:05:34,119100.0,100,Sell,225958393
2024-07-24 10:05:34,119000.0,300,Sell,225958394
2024-07-24 10:05:34,119000.0,1100,Sell,225958395
2024-07-24 10:05:34,119000.0,1000,Sell,225958396
2024-07-24 10:05:35,119000.0,700,Buy,225958432
2024-07-24 10:05:50,119000.0,1200,Buy,225959009
2024-07-24 10:05:51,119000.0,1600,Buy,225959035
2024-07-24 10:05:52,119000.0,1000,Buy,225959116
2024-07-24 10:05:58,118900.0,100,Sell,225959283
2024-07-24 10:06:02,119000.0,100,Buy,225959390
2024-07-24 10:06:10,119000.0,100,Sell,225959639
2024-07-24 10:06:14,119000.0,100,Sell,225959761
2024-07-24 10:06:19,119000.0,100,Sell,225959876
2024-07-24 10:06:22,119000.0,100,Sell,225959945
2024-07-24 10:06:24,119000.0,100,Sell,225960001
2024-07-24 10:06:37,119100.0,100,Sell,225960412
2024-07-24 10:06:38,119100.0,100,Sell,225960466
2024-07-24 10:06:46,119100.0,100,Sell,225960676
2024-07-24 10:06:57,119000.0,300,Sell,225961060
2024-07-24 10:06:59,119100.0,100,Buy,225961084
2024-07-24 10:06:59,119100.0,100,Buy,225961085
2024-07-24 10:07:11,119100.0,100,Sell,225961448
2024-07-24 10:07:36,119000.0,100,Sell,225962351
2024-07-24 10:07:38,119000.0,100,Sell,225962412
2024-07-24 10:07:38,119000.0,100,Sell,225962413
2024-07-24 10:07:42,119100.0,100,Buy,225962580
2024-07-24 10:08:00,119100.0,100,Sell,225963227
2024-07-24 10:08:05,119100.0,100,Sell,225963379
2024-07-24 10:08:21,119200.0,100,Sell,225963966
2024-07-24 10:08:25,119200.0,100,Sell,225964059
2024-07-24 10:08:31,119400.0,100,Sell,225964272
2024-07-24 10:08:44,119400.0,100,Sell,225964659
2024-07-24 10:08:49,119100.0,100,Sell,225964856
2024-07-24 10:08:58,119100.0,200,Sell,225965087
2024-07-24 10:09:14,119100.0,100,Sell,225965557
2024-07-24 10:09:24,119100.0,100,Sell,225965803
2024-07-24 10:09:38,119100.0,100,Sell,225966142
2024-07-24 10:09:51,119100.0,100,Sell,225966462
2024-07-24 10:10:03,119100.0,100,Sell,225966898
2024-07-24 10:10:17,120000.0,100,Buy,225967320
2024-07-24 10:10:17,119200.0,200,Sell,225967321
2024-07-24 10:10:27,119200.0,100,Sell,225967526
2024-07-24 10:10:44,119300.0,100,Sell,225968024
2024-07-24 10:10:52,120000.0,400,Buy,225968248
2024-07-24 10:10:52,119200.0,100,Sell,225968236
2024-07-24 10:11:09,120000.0,100,Buy,225968802
2024-07-24 10:11:16,119200.0,100,Sell,225968993
2024-07-24 10:11:37,119300.0,200,Sell,225969494
2024-07-24 10:11:38,119300.0,100,Sell,225969522
2024-07-24 10:11:41,119300.0,100,Sell,225969614
2024-07-24 10:12:03,119300.0,100,Sell,225970180
2024-07-24 10:12:05,119300.0,100,Sell,225970249
2024-07-24 10:12:12,119900.0,100,Buy,225970359
2024-07-24 10:12:12,120000.0,200,Buy,225970360
2024-07-24 10:12:30,119300.0,100,Sell,225970782
2024-07-24 10:12:36,119300.0,100,Sell,225970959
2024-07-24 10:12:51,119200.0,700,Sell,225971275
2024-07-24 10:12:51,119300.0,200,Sell,225971269
2024-07-24 10:12:51,119300.0,100,Sell,225971270
2024-07-24 10:12:51,119300.0,100,Sell,225971271
2024-07-24 10:12:51,119300.0,100,Sell,225971272
2024-07-24 10:12:51,119300.0,100,Sell,225971273
2024-07-24 10:12:51,119300.0,100,Sell,225971274
2024-07-24 10:12:54,119200.0,100,Sell,225971381
2024-07-24 10:12:55,119200.0,1300,Sell,225971389
2024-07-24 10:12:56,119200.0,200,Sell,225971404
2024-07-24 10:12:58,119200.0,100,Sell,225971456
2024-07-24 10:12:59,119200.0,1200,Sell,225971493
2024-07-24 10:13:05,119200.0,900,Sell,225971651
2024-07-24 10:13:05,119200.0,300,Sell,225971652
2024-07-24 10:13:10,119200.0,300,Sell,225971763
2024-07-24 10:13:10,119200.0,400,Sell,225971764
2024-07-24 10:13:10,119200.0,100,Sell,225971765
2024-07-24 10:13:10,119200.0,200,Sell,225971766
2024-07-24 10:13:16,119200.0,700,Sell,225972070
2024-07-24 10:13:19,119200.0,100,Sell,225972166
2024-07-24 10:13:22,119100.0,200,Sell,225972273
2024-07-24 10:13:22,119200.0,100,Sell,225972271
2024-07-24 10:13:22,119100.0,300,Sell,225972272
2024-07-24 10:13:26,119100.0,500,Sell,225972427
2024-07-24 10:13:35,119000.0,100,Sell,225972714
2024-07-24 10:13:35,119000.0,1000,Sell,225972713
2024-07-24 10:13:35,119000.0,100,Sell,225972712
2024-07-24 10:13:35,119000.0,400,Sell,225972711
2024-07-24 10:13:35,119000.0,100,Sell,225972710
2024-07-24 10:13:35,119000.0,1900,Sell,225972709
2024-07-24 10:13:35,119000.0,100,Sell,225972705
2024-07-24 10:13:35,119000.0,100,Sell,225972707
2024-07-24 10:13:35,119000.0,700,Sell,225972706
2024-07-24 10:13:35,119000.0,700,Sell,225972703
2024-07-24 10:13:35,119100.0,500,Sell,225972702
2024-07-24 10:13:35,119100.0,500,Sell,225972701
2024-07-24 10:13:35,119000.0,200,Sell,225972708
2024-07-24 10:13:35,119000.0,100,Sell,225972704
2024-07-24 10:13:36,119000.0,100,Buy,225972729
2024-07-24 10:13:39,119000.0,1200,Buy,225972840
2024-07-24 10:13:44,118900.0,100,Sell,225972977
2024-07-24 10:13:45,118900.0,300,Sell,225973006
2024-07-24 10:13:46,118900.0,500,Sell,225973027
2024-07-24 10:13:50,118900.0,300,Buy,225973183
2024-07-24 10:13:50,118900.0,100,Buy,225973184
2024-07-24 10:14:04,119000.0,1000,Buy,225973718
2024-07-24 10:14:08,118900.0,100,Sell,225973863
2024-07-24 10:14:16,118900.0,200,Sell,225974046
2024-07-24 10:14:21,119000.0,100,Buy,225974176
2024-07-24 10:14:31,119000.0,100,Sell,225974439
2024-07-24 10:14:33,119000.0,100,Sell,225974476
2024-07-24 10:14:33,119000.0,200,Sell,225974504
2024-07-24 10:14:42,119200.0,100,Buy,225975025
2024-07-24 10:14:42,119200.0,100,Sell,225975028
2024-07-24 10:14:43,119200.0,100,Sell,225975059
2024-07-24 10:14:43,119200.0,100,Sell,225975062
2024-07-24 10:14:57,119200.0,100,Sell,225975451
2024-07-24 10:15:05,119200.0,100,Sell,225975671
2024-07-24 10:15:22,119000.0,100,Sell,225976223
2024-07-24 10:15:36,119000.0,200,Sell,225976606
2024-07-24 10:15:46,119000.0,100,Sell,225976884
2024-07-24 10:16:01,119000.0,100,Sell,225977366
2024-07-24 10:16:03,119000.0,100,Sell,225977438
2024-07-24 10:16:03,119000.0,100,Sell,225977439
2024-07-24 10:16:09,119000.0,100,Buy,225977612
2024-07-24 10:16:11,118900.0,100,Sell,225977703
2024-07-24 10:16:28,118900.0,200,Sell,225978267
2024-07-24 10:16:36,118900.0,100,Sell,225978496
2024-07-24 10:16:38,118900.0,100,Sell,225978561
2024-07-24 10:16:50,118900.0,100,Sell,225979084
2024-07-24 10:16:54,118900.0,100,Sell,225979255
2024-07-24 10:17:00,118900.0,100,Sell,225979472
2024-07-24 10:17:10,119000.0,100,Buy,225979814
2024-07-24 10:17:10,119000.0,100,Buy,225979815
2024-07-24 10:17:12,119000.0,100,Sell,225979930
2024-07-24 10:17:20,119000.0,100,Sell,225980494
2024-07-24 10:17:25,119000.0,100,Sell,225980695
2024-07-24 10:17:47,119000.0,200,Sell,225981654
2024-07-24 10:17:49,119000.0,100,Sell,225981735
2024-07-24 10:17:50,118900.0,100,Sell,225981753
2024-07-24 10:17:50,119000.0,200,Sell,225981748
2024-07-24 10:17:50,119000.0,100,Sell,225981749
2024-07-24 10:17:50,119000.0,100,Sell,225981750
2024-07-24 10:17:50,118900.0,200,Sell,225981751
2024-07-24 10:17:50,118900.0,300,Sell,225981752
2024-07-24 10:18:06,118900.0,100,Sell,225982401
2024-07-24 10:18:13,118900.0,100,Sell,225982675
2024-07-24 10:18:14,118900.0,100,Sell,225982723
2024-07-24 10:18:39,118900.0,100,Sell,225983619
2024-07-24 10:18:40,118900.0,100,Sell,225983643
2024-07-24 10:18:58,118800.0,100,Sell,225984506
2024-07-24 10:19:03,118800.0,100,Sell,225984679
2024-07-24 10:19:06,118800.0,200,Sell,225984755
2024-07-24 10:19:17,118800.0,100,Sell,225985240
2024-07-24 10:19:17,118700.0,100,Sell,225985241
2024-07-24 10:19:19,118700.0,100,Sell,225985337
2024-07-24 10:19:28,118700.0,100,Sell,225985748
2024-07-24 10:19:33,118700.0,100,Sell,225986029
2024-07-24 10:19:52,118600.0,100,Sell,225986893
2024-07-24 10:19:59,118600.0,100,Sell,225987151
2024-07-24 10:20:09,118600.0,100,Sell,225987660
2024-07-24 10:20:17,118500.0,100,Sell,225988009
2024-07-24 10:20:26,118500.0,200,Sell,225988447
2024-07-24 10:20:42,118500.0,100,Sell,225989113
2024-07-24 10:20:43,118500.0,200,Sell,225989192
2024-07-24 10:20:45,118500.0,500,Sell,225989240
2024-07-24 10:20:45,118500.0,100,Sell,225989241
2024-07-24 10:20:45,118500.0,100,Sell,225989239
2024-07-24 10:20:45,118500.0,100,Sell,225989234
2024-07-24 10:20:45,118500.0,100,Sell,225989237
2024-07-24 10:20:45,118500.0,100,Sell,225989236
2024-07-24 10:20:45,118500.0,500,Sell,225989235
2024-07-24 10:20:45,118500.0,200,Sell,225989238
2024-07-24 10:20:47,118400.0,100,Sell,225989354
2024-07-24 10:20:52,118400.0,100,Sell,225989659
2024-07-24 10:21:05,118400.0,100,Sell,225990947
2024-07-24 10:21:06,118400.0,100,Sell,225990987
2024-07-24 10:21:13,118400.0,100,Sell,225991287
2024-07-24 10:21:18,118400.0,100,Sell,225991747
2024-07-24 10:21:24,118400.0,100,Sell,225992213
2024-07-24 10:21:26,118400.0,100,Sell,225992288
2024-07-24 10:21:31,118400.0,100,Sell,225992576
2024-07-24 10:21:36,118400.0,100,Sell,225992801
2024-07-24 10:21:39,118400.0,100,Sell,225992927
2024-07-24 10:21:45,118400.0,100,Sell,225993192
2024-07-24 10:21:56,118200.0,100,Sell,225993819
2024-07-24 10:22:20,118200.0,100,Buy,225995285
2024-07-24 10:22:20,118100.0,100,Sell,225995232
2024-07-24 10:22:32,118200.0,100,Buy,225995846
2024-07-24 10:22:45,118100.0,100,Sell,225996449
2024-07-24 10:22:52,118100.0,100,Sell,225996880
2024-07-24 10:22:53,118200.0,200,Buy,225996917
2024-07-24 10:23:02,118100.0,100,Sell,225997299
2024-07-24 10:23:02,118100.0,800,Sell,225997298
2024-07-24 10:23:03,118100.0,100,Sell,225997359
2024-07-24 10:23:06,118100.0,200,Buy,225997563
2024-07-24 10:23:11,118100.0,100,Buy,225997882
2024-07-24 10:23:11,118200.0,200,Buy,225997883
2024-07-24 10:23:11,118200.0,100,Buy,225997884
2024-07-24 10:23:12,118200.0,100,Sell,225997966
2024-07-24 10:23:14,118100.0,100,Sell,225998036
2024-07-24 10:23:31,118200.0,100,Sell,225998798
2024-07-24 10:23:32,118200.0,100,Sell,225998846
2024-07-24 10:23:33,118200.0,100,Sell,225998869
2024-07-24 10:23:34,118100.0,100,Sell,225998904
2024-07-24 10:23:34,118100.0,100,Sell,225998909
2024-07-24 10:23:38,118200.0,100,Sell,225999028
2024-07-24 10:23:56,118200.0,200,Buy,225999921
2024-07-24 10:23:57,118200.0,100,Sell,225999959
2024-07-24 10:23:59,118200.0,100,Sell,226000036
2024-07-24 10:24:06,118200.0,100,Sell,226000520
2024-07-24 10:24:07,118200.0,300,Sell,226000534
2024-07-24 10:24:23,118300.0,100,Sell,226001237
2024-07-24 10:24:34,118100.0,200,Sell,226001861
2024-07-24 10:24:34,118100.0,300,Sell,226001862
2024-07-24 10:24:34,118200.0,1000,Sell,226001860
2024-07-24 10:24:48,118200.0,100,Sell,226002644
2024-07-24 10:24:48,118200.0,100,Sell,226002645
2024-07-24 10:24:50,118200.0,100,Sell,226002702
2024-07-24 10:24:56,118100.0,1400,Sell,226002924
2024-07-24 10:25:03,118000.0,100,Sell,226003223
2024-07-24 10:25:03,118000.0,100,Sell,226003224
2024-07-24 10:25:03,118000.0,100,Sell,226003225
2024-07-24 10:25:03,118000.0,500,Sell,226003226
2024-07-24 10:25:03,118000.0,100,Sell,226003230
2024-07-24 10:25:03,118000.0,100,Sell,226003228
2024-07-24 10:25:03,118000.0,100,Sell,226003229
2024-07-24 10:25:03,118000.0,100,Sell,226003231
2024-07-24 10:25:03,118000.0,800,Sell,226003232
2024-07-24 10:25:03,118000.0,500,Sell,226003227
2024-07-24 10:25:03,118000.0,100,Sell,226003222
2024-07-24 10:25:03,118000.0,100,Sell,226003219
2024-07-24 10:25:03,118000.0,100,Sell,226003220
2024-07-24 10:25:03,118000.0,100,Sell,226003221
2024-07-24 10:25:03,118100.0,300,Sell,226003189
2024-07-24 10:25:03,118100.0,100,Sell,226003190
2024-07-24 10:25:03,118000.0,200,Sell,226003191
2024-07-24 10:25:03,118000.0,100,Sell,226003192
2024-07-24 10:25:03,118000.0,400,Sell,226003218
2024-07-24 10:25:03,118000.0,100,Sell,226003194
2024-07-24 10:25:03,118000.0,100,Sell,226003195
2024-07-24 10:25:03,118000.0,100,Sell,226003196
2024-07-24 10:25:03,118000.0,200,Sell,226003193
2024-07-24 10:25:07,118000.0,1100,Sell,226003489
2024-07-24 10:25:12,118000.0,1000,Sell,226003784
2024-07-24 10:25:13,118000.0,100,Sell,226003821
2024-07-24 10:25:15,118100.0,100,Buy,226003902
2024-07-24 10:25:17,118100.0,100,Sell,226003992
2024-07-24 10:25:20,118100.0,100,Sell,226004180
2024-07-24 10:25:29,118100.0,900,Sell,226004702
2024-07-24 10:25:34,118000.0,300,Sell,226004933
2024-07-24 10:25:34,118100.0,400,Sell,226004932
2024-07-24 10:25:35,118100.0,100,Buy,226004963
2024-07-24 10:25:37,118100.0,100,Sell,226005065
2024-07-24 10:25:40,118100.0,100,Sell,226005253
2024-07-24 10:25:43,118000.0,500,Sell,226005411
2024-07-24 10:25:49,118000.0,200,Sell,226005756
2024-07-24 10:25:52,118100.0,200,Buy,226005878
2024-07-24 10:26:02,118200.0,100,Sell,226006437
2024-07-24 10:26:07,118200.0,100,Sell,226006759
2024-07-24 10:26:07,118100.0,500,Sell,226006760
2024-07-24 10:26:09,118100.0,100,Sell,226007033
2024-07-24 10:26:27,118200.0,100,Sell,226007960
2024-07-24 10:26:38,118100.0,100,Sell,226008648
2024-07-24 10:26:47,118200.0,200,Buy,226009084
2024-07-24 10:26:52,118200.0,100,Sell,226009390
2024-07-24 10:27:02,118200.0,100,Sell,226010059
2024-07-24 10:27:13,118100.0,100,Sell,226010800
2024-07-24 10:27:13,118100.0,200,Sell,226010802
2024-07-24 10:27:13,118200.0,100,Sell,226010799
2024-07-24 10:27:13,118100.0,100,Sell,226010801
2024-07-24 10:27:16,118200.0,100,Sell,226010999
2024-07-24 10:27:27,118100.0,100,Sell,226011701
2024-07-24 10:27:29,118100.0,100,Sell,226011782
2024-07-24 10:27:41,118000.0,100,Sell,226012478
2024-07-24 10:27:47,118000.0,100,Sell,226013044
2024-07-24 10:27:55,118100.0,100,Sell,226013655
2024-07-24 10:27:55,118000.0,100,Sell,226013656
2024-07-24 10:28:02,118000.0,800,Sell,226014086
2024-07-24 10:28:02,118000.0,100,Sell,226014085
2024-07-24 10:28:02,118000.0,1500,Sell,226014084
2024-07-24 10:28:02,118000.0,100,Sell,226014083
2024-07-24 10:28:02,118000.0,100,Sell,226014081
2024-07-24 10:28:02,118000.0,700,Sell,226014080
2024-07-24 10:28:02,118000.0,300,Sell,226014082
2024-07-24 10:28:06,118000.0,100,Sell,226014274
2024-07-24 10:28:18,118100.0,700,Sell,226015024
2024-07-24 10:28:18,118000.0,200,Sell,226015025
2024-07-24 10:28:22,118000.0,100,Sell,226015289
2024-07-24 10:28:30,118000.0,100,Sell,226015833
2024-07-24 10:28:37,118100.0,200,Sell,226016414
2024-07-24 10:28:55,118000.0,100,Sell,226017539
2024-07-24 10:29:15,118000.0,100,Sell,226018469
2024-07-24 10:29:15,118000.0,100,Sell,226018470
2024-07-24 10:29:20,118000.0,100,Sell,226018758
2024-07-24 10:29:34,118000.0,100,Sell,226019587
2024-07-24 10:29:39,118000.0,100,Sell,226019983
2024-07-24 10:29:39,118000.0,400,Sell,226019984
2024-07-24 10:29:39,118000.0,100,Sell,226019985
2024-07-24 10:29:44,117700.0,100,Sell,226020284
2024-07-24 10:29:54,117500.0,100,Sell,226020875
2024-07-24 10:29:59,117700.0,300,Sell,226021225
2024-07-24 10:30:09,117700.0,100,Sell,226021773
2024-07-24 10:30:10,117700.0,100,Sell,226021793
2024-07-24 10:30:22,118000.0,100,Buy,226022550
2024-07-24 10:30:34,117800.0,100,Sell,226023259
2024-07-24 10:30:46,118000.0,400,Buy,226023959
2024-07-24 10:30:46,118000.0,200,Buy,226023958
2024-07-24 10:30:46,118000.0,300,Buy,226023956
2024-07-24 10:30:46,117800.0,100,Sell,226023954
2024-07-24 10:30:46,118000.0,100,Buy,226023957
2024-07-24 10:30:47,118000.0,1000,Buy,226024082
2024-07-24 10:30:51,117800.0,100,Sell,226024311
2024-07-24 10:30:51,117800.0,400,Sell,226024312
2024-07-24 10:30:57,118000.0,100,Buy,226024705
2024-07-24 10:30:59,117900.0,100,Sell,226024802
2024-07-24 10:30:59,118000.0,100,Buy,226024810
2024-07-24 10:30:59,118000.0,300,Buy,226024811
2024-07-24 10:30:59,118000.0,100,Buy,226024812
2024-07-24 10:31:02,117900.0,400,Sell,226024992
2024-07-24 10:31:02,117900.0,600,Sell,226024993
2024-07-24 10:31:03,118000.0,100,Buy,226025129
2024-07-24 10:31:03,118000.0,100,Buy,226025130
2024-07-24 10:31:11,117900.0,1300,Buy,226025614
2024-07-24 10:31:22,118100.0,2500,Buy,226026194
2024-07-24 10:31:22,118100.0,100,Buy,226026192
2024-07-24 10:31:22,118100.0,100,Buy,226026193
2024-07-24 10:31:24,117900.0,100,Sell,226026276
2024-07-24 10:31:24,118100.0,500,Buy,226026282
2024-07-24 10:31:26,118100.0,500,Sell,226026424
2024-07-24 10:31:27,118100.0,100,Sell,226026500
2024-07-24 10:31:38,117900.0,100,Sell,226027182
2024-07-24 10:31:42,117900.0,100,Sell,226027332
2024-07-24 10:31:46,118200.0,100,Buy,226027553
2024-07-24 10:31:50,118200.0,100,Buy,226027745
2024-07-24 10:31:54,118200.0,200,Buy,226027912
2024-07-24 10:32:01,118100.0,100,Sell,226028263
2024-07-24 10:32:01,118300.0,100,Buy,226028291
2024-07-24 10:32:03,118300.0,100,Buy,226028330
2024-07-24 10:32:03,118300.0,100,Buy,226028331
2024-07-24 10:32:03,118300.0,100,Sell,226028341
2024-07-24 10:32:03,118100.0,500,Sell,226028342
2024-07-24 10:32:03,118000.0,400,Sell,226028343
2024-07-24 10:32:13,118100.0,100,Sell,226028744
2024-07-24 10:32:20,118100.0,100,Sell,226029099
2024-07-24 10:32:38,118100.0,100,Sell,226029785
2024-07-24 10:32:46,118100.0,100,Sell,226030040
2024-07-24 10:33:02,118100.0,100,Sell,226030476
2024-07-24 10:33:02,118100.0,100,Sell,226030453
2024-07-24 10:33:13,118200.0,200,Sell,226030823
2024-07-24 10:33:27,118200.0,100,Sell,226031346
2024-07-24 10:33:39,118200.0,100,Sell,226031649
2024-07-24 10:33:49,118300.0,100,Sell,226031872
2024-07-24 10:33:52,118200.0,100,Sell,226031923
2024-07-24 10:33:58,118300.0,100,Buy,226032069
2024-07-24 10:34:02,118300.0,200,Buy,226032181
2024-07-24 10:34:02,118400.0,100,Buy,226032182
2024-07-24 10:34:02,118500.0,1800,Buy,226032183
2024-07-24 10:34:02,118500.0,500,Buy,226032184
2024-07-24 10:34:02,118600.0,500,Buy,226032185
2024-07-24 10:34:02,118900.0,200,Buy,226032186
2024-07-24 10:34:02,119000.0,100,Buy,226032187
2024-07-24 10:34:02,119000.0,500,Buy,226032188
2024-07-24 10:34:06,119000.0,100,Sell,226032303
2024-07-24 10:34:07,119000.0,300,Sell,226032323
2024-07-24 10:34:08,119000.0,100,Sell,226032333
2024-07-24 10:34:08,119000.0,600,Sell,226032340
2024-07-24 10:34:17,118200.0,100,Sell,226032608
2024-07-24 10:34:32,119200.0,100,Sell,226033109
2024-07-24 10:34:32,119200.0,100,Buy,226033076
2024-07-24 10:34:32,118200.0,100,Sell,226033110
2024-07-24 10:34:42,118200.0,100,Sell,226033385
2024-07-24 10:34:59,118200.0,100,Sell,226033822
2024-07-24 10:35:06,118300.0,100,Sell,226033994
2024-07-24 10:35:31,118200.0,100,Sell,226034640
2024-07-24 10:35:31,118300.0,200,Buy,226034641
2024-07-24 10:35:51,118300.0,100,Sell,226035073
2024-07-24 10:35:56,118300.0,100,Sell,226035195
2024-07-24 10:35:56,118300.0,100,Sell,226035190
2024-07-24 10:36:15,118300.0,100,Sell,226035722
2024-07-24 10:36:18,118300.0,100,Sell,226035808
2024-07-24 10:36:21,118300.0,100,Sell,226035869
2024-07-24 10:36:38,118400.0,100,Sell,226036240
2024-07-24 10:36:46,118300.0,100,Sell,226036445
2024-07-24 10:36:51,118400.0,100,Buy,226036586
2024-07-24 10:36:54,118400.0,100,Buy,226036670
2024-07-24 10:36:59,118300.0,100,Sell,226036792
2024-07-24 10:37:11,118400.0,100,Sell,226037093
2024-07-24 10:37:11,118400.0,100,Sell,226037121
2024-07-24 10:37:35,118400.0,100,Sell,226037655
2024-07-24 10:37:37,118400.0,100,Sell,226037693
2024-07-24 10:38:00,118400.0,100,Sell,226038150
2024-07-24 10:38:04,118400.0,200,Sell,226038289
2024-07-24 10:38:04,118400.0,100,Sell,226038292
2024-07-24 10:38:22,118400.0,100,Sell,226038673
2024-07-24 10:38:25,118400.0,100,Sell,226038746
2024-07-24 10:38:30,118400.0,100,Sell,226038859
2024-07-24 10:38:50,118400.0,100,Sell,226039272
2024-07-24 10:38:57,118400.0,100,Sell,226039409
2024-07-24 10:39:15,118400.0,100,Sell,226039744
2024-07-24 10:39:23,118400.0,200,Sell,226039969
2024-07-24 10:39:40,118400.0,100,Sell,226040287
2024-07-24 10:39:50,118400.0,100,Sell,226040518
2024-07-24 10:40:04,118400.0,100,Sell,226040757
2024-07-24 10:40:11,118400.0,100,Sell,226040869
2024-07-24 10:40:16,118400.0,100,Sell,226040966
2024-07-24 10:40:29,118400.0,100,Sell,226041256
2024-07-24 10:40:29,118400.0,100,Sell,226041245
2024-07-24 10:40:42,118400.0,200,Sell,226041486
2024-07-24 10:40:48,118400.0,200,Sell,226041653
2024-07-24 10:40:54,118400.0,100,Sell,226041811
2024-07-24 10:41:09,118400.0,100,Sell,226042058
2024-07-24 10:41:19,118300.0,100,Sell,226042268
2024-07-24 10:41:35,118300.0,100,Sell,226042599
2024-07-24 10:41:38,118300.0,100,Sell,226042658
2024-07-24 10:41:44,118300.0,100,Sell,226042849
2024-07-24 10:42:02,118300.0,200,Sell,226043219
2024-07-24 10:42:09,118300.0,100,Sell,226043408
2024-07-24 10:42:18,118300.0,100,Sell,226043613
2024-07-24 10:42:28,118300.0,100,Sell,226043956
2024-07-24 10:42:34,118300.0,100,Sell,226044161
2024-07-24 10:42:36,118300.0,100,Sell,226044211
2024-07-24 10:42:55,118300.0,100,Sell,226044688
2024-07-24 10:42:58,118300.0,900,Sell,226044778
2024-07-24 10:42:59,118300.0,100,Sell,226044793
2024-07-24 10:43:21,118400.0,200,Sell,226045336
2024-07-24 10:43:23,118400.0,100,Sell,226045375
2024-07-24 10:43:48,118400.0,100,Sell,226045925
2024-07-24 10:43:48,118400.0,100,Sell,226045937
2024-07-24 10:44:13,118500.0,100,Sell,226046462
2024-07-24 10:44:38,118400.0,100,Sell,226047113
2024-07-24 10:44:39,118500.0,200,Buy,226047128
2024-07-24 10:44:39,118500.0,100,Buy,226047129
2024-07-24 10:44:44,118500.0,100,Buy,226047348
2024-07-24 10:44:44,118500.0,100,Buy,226047349
2024-07-24 10:45:03,118600.0,100,Sell,226047914
2024-07-24 10:45:07,118600.0,100,Sell,226048025
2024-07-24 10:45:28,118600.0,100,Sell,226048852
2024-07-24 10:45:33,118600.0,200,Sell,226049105
2024-07-24 10:45:38,118600.0,100,Sell,226049244
2024-07-24 10:45:41,118600.0,200,Sell,226049412
2024-07-24 10:45:53,118600.0,100,Sell,226050003
2024-07-24 10:46:00,118600.0,100,Sell,226050308
2024-07-24 10:46:18,118600.0,100,Sell,226051124
2024-07-24 10:46:26,118600.0,100,Sell,226051479
2024-07-24 10:46:39,118600.0,100,Sell,226051868
2024-07-24 10:46:43,118600.0,100,Sell,226052007
2024-07-24 10:46:53,118600.0,200,Sell,226052392
2024-07-24 10:47:08,118600.0,100,Sell,226052969
2024-07-24 10:47:19,118600.0,100,Sell,226053466
2024-07-24 10:47:33,118600.0,100,Sell,226053894
2024-07-24 10:47:46,118600.0,100,Sell,226054362
2024-07-24 10:47:57,118600.0,100,Sell,226054688
2024-07-24 10:48:12,118700.0,200,Sell,226055193
2024-07-24 10:48:22,118700.0,100,Sell,226055627
2024-07-24 10:48:39,118700.0,100,Sell,226056390
2024-07-24 10:48:40,118700.0,100,Sell,226056454
2024-07-24 10:48:47,118700.0,100,Sell,226056743
2024-07-24 10:48:54,118800.0,100,Sell,226057017
2024-07-24 10:48:58,118800.0,100,Sell,226057156
2024-07-24 10:49:05,118800.0,100,Sell,226057389
2024-07-24 10:49:12,119000.0,100,Sell,226057648
2024-07-24 10:49:16,119000.0,100,Sell,226057864
2024-07-24 10:49:31,119000.0,200,Sell,226058348
2024-07-24 10:49:37,119000.0,100,Sell,226058577
2024-07-24 10:49:54,119000.0,100,Sell,226059192
2024-07-24 10:49:58,119000.0,100,Sell,226059353
2024-07-24 10:50:02,119000.0,100,Sell,226059457
2024-07-24 10:50:23,119400.0,100,Buy,226060122
2024-07-24 10:50:27,119100.0,100,Sell,226060287
2024-07-24 10:50:36,119400.0,100,Buy,226060550
2024-07-24 10:50:36,119400.0,100,Buy,226060551
2024-07-24 10:50:52,119300.0,100,Buy,226060971
2024-07-24 10:50:52,119400.0,100,Buy,226060972
2024-07-24 10:50:52,119400.0,200,Buy,226060973
2024-07-24 10:50:52,119400.0,100,Sell,226060974
2024-07-24 10:51:05,119400.0,100,Sell,226061343
2024-07-24 10:51:17,119100.0,100,Sell,226061700
2024-07-24 10:51:27,119100.0,100,Sell,226061985
2024-07-24 10:51:37,119100.0,200,Buy,226062290
2024-07-24 10:51:38,119000.0,100,Sell,226062296
2024-07-24 10:51:42,119100.0,100,Sell,226062445
2024-07-24 10:51:44,119100.0,100,Sell,226062504
2024-07-24 10:52:07,119100.0,100,Sell,226063052
2024-07-24 10:52:10,119100.0,200,Sell,226063110
2024-07-24 10:52:29,119400.0,100,Buy,226063652
2024-07-24 10:52:32,119400.0,100,Sell,226063776
2024-07-24 10:52:37,119400.0,100,Sell,226063915
2024-07-24 10:52:49,119400.0,200,Sell,226064218
2024-07-24 10:52:57,119100.0,100,Sell,226064462
2024-07-24 10:53:03,119100.0,200,Sell,226064707
2024-07-24 10:53:06,119300.0,100,Buy,226064801
2024-07-24 10:53:19,119300.0,100,Buy,226065190
2024-07-24 10:53:22,119300.0,100,Sell,226065267
2024-07-24 10:53:30,119300.0,100,Sell,226065521
2024-07-24 10:53:42,119400.0,100,Buy,226065884
2024-07-24 10:53:42,119800.0,200,Buy,226065885
2024-07-24 10:53:42,119900.0,4700,Buy,226065886
2024-07-24 10:53:47,119300.0,100,Sell,226066120
2024-07-24 10:53:56,119300.0,100,Sell,226066353
2024-07-24 10:54:12,119300.0,100,Sell,226066813
2024-07-24 10:54:30,119300.0,100,Buy,226067227
2024-07-24 10:54:37,119100.0,100,Sell,226067474
2024-07-24 10:54:38,119300.0,100,Buy,226067481
2024-07-24 10:54:54,119300.0,100,Buy,226067847
2024-07-24 10:55:02,119100.0,100,Sell,226068072
2024-07-24 10:55:07,119800.0,500,Buy,226068191
2024-07-24 10:55:07,120000.0,2700,Buy,226068199
2024-07-24 10:55:07,120000.0,500,Buy,226068198
2024-07-24 10:55:07,120000.0,300,Buy,226068197
2024-07-24 10:55:07,120000.0,200,Buy,226068196
2024-07-24 10:55:07,119300.0,100,Buy,226068190
2024-07-24 10:55:07,120000.0,100,Buy,226068194
2024-07-24 10:55:07,119900.0,300,Buy,226068192
2024-07-24 10:55:07,120000.0,100,Buy,226068195
2024-07-24 10:55:07,120000.0,200,Buy,226068193
2024-07-24 10:55:27,119100.0,100,Sell,226068671
2024-07-24 10:55:42,119100.0,200,Sell,226068946
2024-07-24 10:55:56,119100.0,100,Sell,226069269
2024-07-24 10:56:10,119100.0,100,Sell,226069558
2024-07-24 10:56:35,119200.0,100,Sell,226069997
2024-07-24 10:56:38,119200.0,100,Sell,226070031
2024-07-24 10:57:01,119200.0,200,Sell,226070644
2024-07-24 10:57:10,119200.0,100,Sell,226070856
2024-07-24 10:57:26,119200.0,100,Sell,226071093
2024-07-24 10:57:28,119200.0,100,Sell,226071158
2024-07-24 10:57:54,119200.0,100,Sell,226071549
2024-07-24 10:58:21,119200.0,200,Sell,226071969
2024-07-24 10:58:47,119200.0,100,Sell,226072365
2024-07-24 10:59:13,119200.0,100,Sell,226072723
2024-07-24 10:59:13,119900.0,100,Buy,226072722
2024-07-24 10:59:17,119200.0,100,Sell,226072784
2024-07-24 10:59:26,119200.0,100,Sell,226072915
2024-07-24 10:59:26,119200.0,300,Sell,226072916
2024-07-24 10:59:26,119200.0,600,Sell,226072917
2024-07-24 10:59:33,119200.0,100,Sell,226073039
2024-07-24 10:59:36,119200.0,100,Sell,226073075
2024-07-24 10:59:38,119200.0,100,Buy,226073107
2024-07-24 10:59:42,119200.0,100,Buy,226073222
2024-07-24 10:59:42,119200.0,100,Buy,226073223
2024-07-24 10:59:44,119200.0,100,Buy,226073290
2024-07-24 11:00:06,119300.0,100,Sell,226073585
2024-07-24 11:00:33,119300.0,100,Sell,226074094
2024-07-24 11:00:59,119300.0,100,Sell,226074461
2024-07-24 11:00:59,119300.0,100,Sell,226074460
2024-07-24 11:01:39,119100.0,100,Sell,226074957
2024-07-24 11:01:40,119100.0,100,Sell,226074968
2024-07-24 11:01:52,119100.0,200,Sell,226075107
2024-07-24 11:02:19,119200.0,100,Sell,226075465
2024-07-24 11:02:36,119200.0,500,Sell,226075674
2024-07-24 11:02:42,119200.0,100,Buy,226075738
2024-07-24 11:02:44,119200.0,100,Buy,226075762
2024-07-24 11:02:50,119200.0,100,Buy,226075839
2024-07-24 11:02:57,119200.0,300,Buy,226075922
2024-07-24 11:02:57,119200.0,100,Buy,226075923
2024-07-24 11:03:02,119300.0,100,Buy,226075973
2024-07-24 11:03:04,119300.0,100,Buy,226075996
2024-07-24 11:03:32,119300.0,100,Buy,226076316
2024-07-24 11:04:18,119300.0,100,Buy,226076977
2024-07-24 11:04:18,119300.0,100,Buy,226076978
2024-07-24 11:04:18,119300.0,100,Buy,226076979
2024-07-24 11:04:18,119300.0,100,Buy,226076980
2024-07-24 11:04:18,119300.0,100,Buy,226076981
2024-07-24 11:04:19,119100.0,100,Sell,226076990
2024-07-24 11:04:31,119200.0,100,Sell,226077100
2024-07-24 11:04:31,119200.0,100,Sell,226077099
2024-07-24 11:04:56,119300.0,100,Buy,226077456
2024-07-24 11:05:06,119300.0,100,Buy,226077597
2024-07-24 11:05:50,119300.0,100,Buy,226078151
2024-07-24 11:05:50,119300.0,100,Buy,226078152
2024-07-24 11:06:01,119300.0,200,Buy,226078242
2024-07-24 11:06:01,119300.0,100,Buy,226078243
2024-07-24 11:06:18,119400.0,100,Sell,226078387
2024-07-24 11:06:38,119400.0,100,Sell,226078637
2024-07-24 11:09:07,119400.0,200,Buy,226080459
2024-07-24 11:09:07,119400.0,100,Buy,226080460
2024-07-24 11:09:07,119400.0,100,Buy,226080461
2024-07-24 11:09:07,119400.0,100,Buy,226080458
2024-07-24 11:09:21,119400.0,100,Buy,226080674
2024-07-24 11:09:22,119400.0,100,Buy,226080693
2024-07-24 11:09:24,119400.0,100,Buy,226080709
2024-07-24 11:09:30,119400.0,100,Buy,226080786
2024-07-24 11:09:30,119400.0,100,Buy,226080784
2024-07-24 11:09:30,119400.0,100,Buy,226080785
2024-07-24 11:09:48,119400.0,100,Sell,226081051
2024-07-24 11:09:48,119500.0,100,Sell,226081050
2024-07-24 11:09:54,119400.0,100,Sell,226081171
2024-07-24 11:10:08,119400.0,100,Sell,226081362
2024-07-24 11:11:32,119400.0,100,Buy,226082597
2024-07-24 11:11:39,119300.0,100,Sell,226082674
2024-07-24 11:12:01,119300.0,200,Sell,226082957
2024-07-24 11:12:01,119300.0,100,Sell,226082958
2024-07-24 11:12:15,119300.0,100,Sell,226083171
2024-07-24 11:12:19,119400.0,100,Buy,226083276
2024-07-24 11:12:19,119400.0,200,Buy,226083277
2024-07-24 11:12:19,119400.0,100,Buy,226083278
2024-07-24 11:12:27,119500.0,100,Sell,226083389
2024-07-24 11:12:53,119500.0,100,Sell,226083733
2024-07-24 11:13:20,119500.0,100,Sell,226084130
2024-07-24 11:13:20,119500.0,100,Sell,226084131
2024-07-24 11:14:20,119200.0,1000,Sell,226084990
2024-07-24 11:14:22,119200.0,200,Buy,226085024
2024-07-24 11:14:23,119200.0,1000,Buy,226085043
2024-07-24 11:14:24,119200.0,400,Buy,226085056
2024-07-24 11:14:25,119200.0,2400,Buy,226085068
2024-07-24 11:14:37,119200.0,1000,Buy,226085219
2024-07-24 11:14:42,119200.0,1000,Buy,226085313
2024-07-24 11:14:44,119200.0,900,Buy,226085331
2024-07-24 11:14:45,119200.0,500,Buy,226085348
2024-07-24 11:14:46,119200.0,1500,Buy,226085366
2024-07-24 11:14:46,119200.0,100,Buy,226085367
2024-07-24 11:14:46,119200.0,200,Buy,226085368
2024-07-24 11:15:05,119400.0,500,Buy,226085681
2024-07-24 11:15:12,119400.0,100,Buy,226085793
2024-07-24 11:15:22,119500.0,100,Buy,226085917
2024-07-24 11:15:24,119500.0,100,Buy,226085972
2024-07-24 11:15:33,119500.0,100,Buy,226086107
2024-07-24 11:15:54,119500.0,100,Buy,226086355
2024-07-24 11:15:59,119500.0,100,Sell,226086427
2024-07-24 11:16:00,119500.0,100,Buy,226086446
2024-07-24 11:16:36,119500.0,100,Buy,226087118
2024-07-24 11:16:38,119300.0,100,Sell,226087159
2024-07-24 11:16:52,119300.0,100,Sell,226087367
2024-07-24 11:17:18,119300.0,200,Sell,226087732
2024-07-24 11:17:44,119300.0,100,Sell,226088227
2024-07-24 11:18:11,119300.0,100,Sell,226088583
2024-07-24 11:18:23,119300.0,100,Sell,226088806
2024-07-24 11:18:36,119300.0,100,Sell,226088950
2024-07-24 11:18:37,119300.0,200,Sell,226088962
2024-07-24 11:19:04,119300.0,100,Sell,226089317
2024-07-24 11:19:30,119300.0,100,Sell,226089768
2024-07-24 11:19:57,119300.0,200,Sell,226090120
2024-07-24 11:20:23,119300.0,100,Sell,226090432
2024-07-24 11:20:30,119300.0,100,Sell,226090515
2024-07-24 11:20:43,119300.0,100,Sell,226090684
2024-07-24 11:20:50,119300.0,100,Sell,226090795
2024-07-24 11:20:50,119300.0,100,Sell,226090796
2024-07-24 11:21:16,119300.0,100,Sell,226091101
2024-07-24 11:21:38,119300.0,100,Sell,226091415
2024-07-24 11:21:43,119300.0,100,Sell,226091464
2024-07-24 11:23:56,119300.0,100,Buy,226093368
2024-07-24 11:25:02,119300.0,100,Buy,226094254
2024-07-24 11:25:02,119100.0,200,Sell,226094252
2024-07-24 11:25:02,119100.0,800,Sell,226094251
2024-07-24 11:25:02,119300.0,100,Buy,226094253
2024-07-24 11:25:05,119300.0,100,Buy,226094314
2024-07-24 11:25:05,119300.0,100,Buy,226094315
2024-07-24 11:25:22,119300.0,100,Buy,226094528
2024-07-24 11:25:22,119300.0,100,Buy,226094529
2024-07-24 11:25:55,119300.0,100,Buy,226094865
2024-07-24 11:26:22,119300.0,100,Buy,226095145
2024-07-24 11:26:30,119300.0,200,Buy,226095214
2024-07-24 11:26:30,119300.0,100,Buy,226095213
2024-07-24 11:26:30,119300.0,200,Buy,226095211
2024-07-24 11:26:30,119300.0,100,Buy,226095210
2024-07-24 11:26:30,119300.0,100,Buy,226095212
2024-07-24 11:26:38,119100.0,100,Sell,226095305
2024-07-24 11:26:51,119300.0,100,Buy,226095458
2024-07-24 11:26:56,119300.0,100,Buy,226095533
2024-07-24 11:27:00,119300.0,100,Sell,226095569
2024-07-24 11:27:04,119300.0,100,Sell,226095619
2024-07-24 11:27:26,119300.0,200,Sell,226095910
2024-07-24 11:27:38,119300.0,200,Sell,226096036
2024-07-24 11:27:53,119300.0,100,Sell,226096330
2024-07-24 11:28:07,119300.0,4000,Sell,226096443
2024-07-24 11:28:21,119300.0,100,Buy,226096594
2024-07-24 11:28:46,119400.0,200,Sell,226096932
2024-07-24 11:28:59,119400.0,100,Sell,226097199
2024-07-24 11:29:11,119400.0,100,Sell,226097407
2024-07-24 11:29:12,119400.0,100,Sell,226097416
2024-07-24 12:59:38,119500.0,100,Buy,226097862
2024-07-24 12:59:38,119500.0,100,Buy,226098253
2024-07-24 12:59:38,119900.0,200,Buy,226098254
2024-07-24 12:59:54,119500.0,100,Buy,226101370
2024-07-24 13:00:03,119500.0,100,Buy,226101992
2024-07-24 13:00:13,119500.0,100,Buy,226102328
2024-07-24 13:00:32,119500.0,100,Sell,226102684
2024-07-24 13:00:38,119500.0,100,Sell,226102812
2024-07-24 13:00:42,119500.0,300,Sell,226102960
2024-07-24 13:00:42,119500.0,100,Sell,226102961
2024-07-24 13:00:44,119500.0,100,Buy,226103023
2024-07-24 13:00:57,119500.0,1500,Buy,226103266
2024-07-24 13:01:02,119500.0,200,Buy,226103353
2024-07-24 13:01:06,119600.0,200,Sell,226103422
2024-07-24 13:01:06,119600.0,300,Sell,226103423
2024-07-24 13:01:22,119600.0,100,Buy,226103720
2024-07-24 13:01:24,119600.0,100,Buy,226103780
2024-07-24 13:02:13,119500.0,100,Sell,226104741
2024-07-24 13:02:16,119600.0,100,Buy,226104796
2024-07-24 13:02:16,119600.0,700,Buy,226104797
2024-07-24 13:02:22,119500.0,200,Buy,226104929
2024-07-24 13:02:22,119600.0,100,Buy,226104931
2024-07-24 13:02:24,119600.0,100,Buy,226104982
2024-07-24 13:02:44,119700.0,100,Sell,226105314
2024-07-24 13:02:55,119800.0,200,Buy,226105483
2024-07-24 13:03:09,119500.0,100,Sell,226105760
2024-07-24 13:03:10,119500.0,100,Sell,226105775
2024-07-24 13:03:14,119500.0,100,Sell,226105850
2024-07-24 13:03:25,119500.0,100,Sell,226106088
2024-07-24 13:03:33,119600.0,900,Sell,226106215
2024-07-24 13:03:33,119600.0,100,Sell,226106214
2024-07-24 13:03:41,119600.0,200,Buy,226106349
2024-07-24 13:03:48,119700.0,100,Sell,226106448
2024-07-24 13:04:03,119700.0,100,Sell,226106734
2024-07-24 13:04:17,119900.0,100,Buy,226107064
2024-07-24 13:04:27,119700.0,200,Sell,226107248
2024-07-24 13:04:27,119700.0,1000,Sell,226107249
2024-07-24 13:04:30,119700.0,100,Sell,226107324
2024-07-24 13:04:56,119800.0,200,Sell,226107790
2024-07-24 13:05:21,119800.0,100,Sell,226108294
2024-07-24 13:05:23,119800.0,100,Sell,226108349
2024-07-24 13:05:39,119600.0,100,Sell,226108650
2024-07-24 13:05:49,119600.0,100,Sell,226108861
2024-07-24 13:06:15,119600.0,200,Sell,226109381
2024-07-24 13:06:20,119500.0,400,Sell,226109479
2024-07-24 13:06:20,119500.0,300,Sell,226109480
2024-07-24 13:06:20,119600.0,300,Sell,226109477
2024-07-24 13:06:20,119600.0,600,Sell,226109476
2024-07-24 13:06:20,119600.0,400,Sell,226109478
2024-07-24 13:06:37,119600.0,400,Sell,226109801
2024-07-24 13:06:37,119500.0,100,Sell,226109808
2024-07-24 13:06:38,119600.0,300,Buy,226109875
2024-07-24 13:06:40,119600.0,300,Buy,226109929
2024-07-24 13:06:42,119700.0,100,Sell,226109943
2024-07-24 13:06:44,119800.0,100,Buy,226109999
2024-07-24 13:07:00,119800.0,200,Buy,226110420
2024-07-24 13:07:00,119800.0,100,Sell,226110419
2024-07-24 13:07:20,119800.0,100,Buy,226110808
2024-07-24 13:08:08,119700.0,100,Sell,226113301
2024-07-24 13:08:18,119700.0,600,Sell,226113620
2024-07-24 13:08:20,119700.0,200,Buy,226113676
2024-07-24 13:08:24,119800.0,100,Buy,226113825
2024-07-24 13:08:40,119800.0,100,Buy,226114426
2024-07-24 13:09:00,119800.0,1000,Buy,226115193
2024-07-24 13:09:03,119800.0,100,Buy,226115266
2024-07-24 13:09:03,119800.0,100,Buy,226115263
2024-07-24 13:09:03,119800.0,200,Buy,226115265
2024-07-24 13:09:03,119800.0,100,Buy,226115261
2024-07-24 13:09:03,119800.0,200,Buy,226115262
2024-07-24 13:09:03,119800.0,400,Buy,226115259
2024-07-24 13:09:03,119800.0,100,Buy,226115264
2024-07-24 13:09:03,119800.0,100,Buy,226115260
2024-07-24 13:09:04,119900.0,400,Buy,226115302
2024-07-24 13:09:15,119900.0,2000,Buy,226115696
2024-07-24 13:09:15,119900.0,1000,Buy,226115697
2024-07-24 13:09:15,120000.0,1300,Buy,226115698
2024-07-24 13:09:15,120000.0,100,Buy,226115699
2024-07-24 13:09:15,120000.0,100,Buy,226115700
2024-07-24 13:09:15,120000.0,100,Buy,226115701
2024-07-24 13:09:15,120000.0,1000,Buy,226115702
2024-07-24 13:09:15,120000.0,2100,Buy,226115703
2024-07-24 13:09:15,119900.0,1300,Buy,226115695
2024-07-24 13:09:17,119900.0,200,Sell,226115775
2024-07-24 13:09:20,120000.0,4700,Buy,226115861
2024-07-24 13:09:22,120000.0,900,Buy,226115917
2024-07-24 13:09:22,120000.0,100,Buy,226115933
2024-07-24 13:09:23,120100.0,500,Buy,226115961
2024-07-24 13:09:24,120100.0,500,Buy,226115997
2024-07-24 13:09:27,120300.0,100,Buy,226116072
2024-07-24 13:09:29,120200.0,500,Sell,226116098
2024-07-24 13:09:31,120300.0,200,Sell,226116162
2024-07-24 13:09:33,120900.0,700,Buy,226116231
2024-07-24 13:09:33,120800.0,100,Buy,226116229
2024-07-24 13:09:33,120900.0,200,Buy,226116230
2024-07-24 13:09:40,120900.0,300,Buy,226116576
2024-07-24 13:09:40,120900.0,1000,Buy,226116577
2024-07-24 13:09:40,120900.0,100,Buy,226116578
2024-07-24 13:09:40,121000.0,2000,Buy,226116579
2024-07-24 13:09:44,121000.0,1100,Buy,226116754
2024-07-24 13:09:46,121000.0,2300,Buy,226116801
2024-07-24 13:09:46,120900.0,100,Buy,226116800
2024-07-24 13:09:47,120300.0,200,Sell,226116900
2024-07-24 13:10:03,120500.0,100,Sell,226117402
2024-07-24 13:10:08,120900.0,200,Buy,226117583
2024-07-24 13:10:08,120900.0,1000,Buy,226117584
2024-07-24 13:10:08,120900.0,1000,Buy,226117585
2024-07-24 13:10:18,120700.0,200,Sell,226117878
2024-07-24 13:10:22,120900.0,100,Buy,226118054
2024-07-24 13:10:24,121000.0,500,Buy,226118183
2024-07-24 13:10:34,120900.0,200,Sell,226118526
2024-07-24 13:10:38,120900.0,100,Sell,226118645
2024-07-24 13:10:40,120900.0,100,Sell,226118686
2024-07-24 13:10:40,121000.0,3300,Buy,226118692
2024-07-24 13:10:40,121000.0,300,Buy,226118698
2024-07-24 13:10:44,121000.0,500,Buy,226118837
2024-07-24 13:10:44,121000.0,400,Buy,226118838
2024-07-24 13:10:45,121000.0,100,Buy,226118862
2024-07-24 13:10:45,121000.0,100,Buy,226118863
2024-07-24 13:10:49,121700.0,100,Buy,226119023
2024-07-24 13:10:49,121600.0,100,Buy,226119021
2024-07-24 13:10:49,121500.0,200,Buy,226119020
2024-07-24 13:10:49,121500.0,100,Buy,226119019
2024-07-24 13:10:49,121500.0,100,Buy,226119018
2024-07-24 13:10:49,121600.0,100,Buy,226119022
2024-07-24 13:10:49,121400.0,200,Buy,226119016
2024-07-24 13:10:49,121300.0,200,Buy,226119015
2024-07-24 13:10:49,121300.0,200,Buy,226119014
2024-07-24 13:10:49,121000.0,200,Buy,226119013
2024-07-24 13:10:49,121000.0,100,Buy,226119012
2024-07-24 13:10:49,121400.0,100,Buy,226119017
2024-07-24 13:10:50,120900.0,200,Sell,226119058
2024-07-24 13:11:06,121000.0,200,Sell,226119786
2024-07-24 13:11:07,121000.0,200,Sell,226119809
2024-07-24 13:11:23,121100.0,100,Sell,226120325
2024-07-24 13:11:23,121100.0,100,Sell,226120326
2024-07-24 13:11:33,121200.0,100,Sell,226120752
2024-07-24 13:11:39,121000.0,1600,Sell,226120902
2024-07-24 13:11:39,121000.0,100,Sell,226120928
2024-07-24 13:11:43,121100.0,100,Sell,226121060
2024-07-24 13:11:45,121200.0,300,Sell,226121133
2024-07-24 13:11:45,121100.0,200,Sell,226121134
2024-07-24 13:11:51,121500.0,200,Buy,226121360
2024-07-24 13:11:55,121100.0,200,Sell,226121455
2024-07-24 13:11:59,121100.0,100,Sell,226121578
2024-07-24 13:12:04,121200.0,400,Sell,226121717
2024-07-24 13:12:04,121100.0,200,Sell,226121718
2024-07-24 13:12:04,121000.0,900,Sell,226121719
2024-07-24 13:12:04,121000.0,500,Sell,226121720
2024-07-24 13:12:10,121100.0,200,Sell,226121930
2024-07-24 13:12:24,121200.0,800,Sell,226122319
2024-07-24 13:12:27,121100.0,200,Sell,226122417
2024-07-24 13:12:27,121000.0,100,Sell,226122419
2024-07-24 13:12:27,121100.0,200,Sell,226122416
2024-07-24 13:12:27,121100.0,200,Sell,226122418
2024-07-24 13:12:31,121000.0,500,Buy,226122584
2024-07-24 13:12:32,120900.0,300,Sell,226122605
2024-07-24 13:12:32,120900.0,2000,Sell,226122604
2024-07-24 13:12:43,121000.0,100,Sell,226122888
2024-07-24 13:12:52,121100.0,100,Sell,226123159
2024-07-24 13:12:54,121100.0,200,Sell,226123230
2024-07-24 13:12:57,121200.0,200,Buy,226123309
2024-07-24 13:13:01,121300.0,200,Buy,226123388
2024-07-24 13:13:06,121300.0,1200,Buy,226123542
2024-07-24 13:13:06,121300.0,100,Buy,226123548
2024-07-24 13:13:07,121300.0,500,Buy,226123576
2024-07-24 13:13:09,121300.0,100,Buy,226123682
2024-07-24 13:13:10,121400.0,1000,Buy,226123707
2024-07-24 13:13:10,121400.0,100,Buy,226123708
2024-07-24 13:13:11,121300.0,100,Buy,226123772
2024-07-24 13:13:20,121300.0,100,Buy,226124105
2024-07-24 13:13:22,121500.0,100,Buy,226124219
2024-07-24 13:13:22,121500.0,100,Buy,226124220
2024-07-24 13:13:22,121700.0,1900,Buy,226124221
2024-07-24 13:13:22,121700.0,100,Buy,226124222
2024-07-24 13:13:22,121700.0,100,Buy,226124223
2024-07-24 13:13:26,121700.0,200,Sell,226124364
2024-07-24 13:13:37,121800.0,100,Buy,226124669
2024-07-24 13:13:37,121800.0,100,Buy,226124668
2024-07-24 13:13:37,121800.0,100,Buy,226124670
2024-07-24 13:13:40,121900.0,1100,Buy,226124765
2024-07-24 13:13:41,121900.0,2000,Buy,226124777
2024-07-24 13:13:42,121800.0,200,Sell,226124800
2024-07-24 13:13:45,121800.0,200,Sell,226124878
2024-07-24 13:13:46,122000.0,100,Buy,226124887
2024-07-24 13:13:46,122000.0,100,Buy,226124888
2024-07-24 13:13:46,122000.0,100,Buy,226124890
2024-07-24 13:13:46,122000.0,700,Buy,226124891
2024-07-24 13:13:46,122000.0,1000,Buy,226124889
2024-07-24 13:13:48,122000.0,100,Buy,226125004
2024-07-24 13:13:48,122000.0,1300,Buy,226125000
2024-07-24 13:13:48,122000.0,100,Buy,226125001
2024-07-24 13:13:48,122000.0,200,Buy,226125002
2024-07-24 13:13:48,122000.0,100,Buy,226125003
2024-07-24 13:13:51,122000.0,100,Sell,226125148
2024-07-24 13:13:58,122100.0,200,Sell,226125357
2024-07-24 13:14:01,122200.0,100,Sell,226125434
2024-07-24 13:14:08,122800.0,100,Buy,226125655
2024-07-24 13:14:08,122700.0,100,Buy,226125654
2024-07-24 13:14:09,122800.0,200,Buy,226125689
2024-07-24 13:14:13,122800.0,100,Sell,226125757
2024-07-24 13:14:14,122800.0,200,Sell,226125791
2024-07-24 13:14:16,122800.0,100,Sell,226125878
2024-07-24 13:14:17,122900.0,300,Buy,226125896
2024-07-24 13:14:19,122800.0,100,Sell,226125950
2024-07-24 13:14:20,122800.0,500,Buy,226125972
2024-07-24 13:14:30,122700.0,100,Sell,226126296
2024-07-24 13:14:37,122700.0,100,Buy,226126565
2024-07-24 13:14:37,122800.0,200,Buy,226126566
2024-07-24 13:14:40,122800.0,300,Buy,226126636
2024-07-24 13:14:46,122300.0,100,Sell,226126793
2024-07-24 13:14:46,122700.0,100,Buy,226126825
2024-07-24 13:14:49,122700.0,600,Sell,226126992
2024-07-24 13:14:56,122500.0,400,Buy,226127199
2024-07-24 13:15:01,122600.0,200,Sell,226127333
2024-07-24 13:15:05,122600.0,200,Sell,226127441
2024-07-24 13:15:06,122600.0,200,Sell,226127526
2024-07-24 13:15:17,122500.0,300,Buy,226127820
2024-07-24 13:15:17,122200.0,200,Sell,226127828
2024-07-24 13:15:22,122500.0,600,Buy,226127977
2024-07-24 13:15:32,122300.0,100,Sell,226128246
2024-07-24 13:15:37,122400.0,200,Buy,226128332
2024-07-24 13:15:38,122400.0,100,Sell,226128353
2024-07-24 13:15:39,122500.0,1000,Buy,226128382
2024-07-24 13:15:39,122500.0,100,Buy,226128383
2024-07-24 13:15:39,122500.0,3900,Buy,226128381
2024-07-24 13:15:40,122600.0,100,Buy,226128429
2024-07-24 13:15:40,122600.0,300,Buy,226128430
2024-07-24 13:15:42,122600.0,300,Sell,226128470
2024-07-24 13:15:45,122600.0,500,Sell,226128589
2024-07-24 13:15:48,122600.0,100,Sell,226128634
2024-07-24 13:15:52,122600.0,400,Sell,226128809
2024-07-24 13:15:57,122700.0,100,Sell,226128956
2024-07-24 13:15:57,122700.0,500,Buy,226128947
2024-07-24 13:15:58,122600.0,500,Sell,226128967
2024-07-24 13:15:58,122700.0,1500,Sell,226128966
2024-07-24 13:15:58,122600.0,100,Sell,226128981
2024-07-24 13:15:59,122800.0,700,Buy,226129041
2024-07-24 13:16:00,122800.0,2000,Buy,226129109
2024-07-24 13:16:03,122600.0,100,Sell,226129206
2024-07-24 13:16:11,122600.0,100,Buy,226129424
2024-07-24 13:16:15,122600.0,100,Buy,226129563
2024-07-24 13:16:17,122600.0,200,Buy,226129578
2024-07-24 13:16:19,122700.0,200,Sell,226129620
2024-07-24 13:16:20,122800.0,1000,Buy,226129671
2024-07-24 13:16:26,122700.0,100,Sell,226129851
2024-07-24 13:16:35,122700.0,200,Sell,226130095
2024-07-24 13:16:36,122800.0,700,Buy,226130142
2024-07-24 13:16:37,122800.0,700,Buy,226130163
2024-07-24 13:16:38,122700.0,500,Sell,226130186
2024-07-24 13:16:40,122800.0,1200,Buy,226130256
2024-07-24 13:16:42,122700.0,100,Sell,226130300
2024-07-24 13:16:45,122700.0,100,Sell,226130386
2024-07-24 13:16:45,122800.0,1000,Buy,226130375
2024-07-24 13:16:48,122700.0,100,Sell,226130485
2024-07-24 13:16:50,122700.0,100,Sell,226130508
2024-07-24 13:16:51,122700.0,100,Sell,226130537
2024-07-24 13:16:51,122700.0,100,Sell,226130538
2024-07-24 13:16:51,122700.0,100,Sell,226130545
2024-07-24 13:16:54,122700.0,100,Sell,226130634
2024-07-24 13:16:57,122800.0,600,Buy,226130681
2024-07-24 13:16:57,122800.0,100,Buy,226130682
2024-07-24 13:16:57,122800.0,200,Buy,226130683
2024-07-24 13:17:07,122900.0,200,Sell,226130925
2024-07-24 13:17:15,123000.0,100,Buy,226131105
2024-07-24 13:17:15,123000.0,100,Buy,226131106
2024-07-24 13:17:15,123000.0,400,Buy,226131107
2024-07-24 13:17:17,123000.0,400,Buy,226131198
2024-07-24 13:17:17,123000.0,200,Buy,226131201
2024-07-24 13:17:17,123000.0,100,Buy,226131200
2024-07-24 13:17:17,123000.0,300,Buy,226131199
2024-07-24 13:17:17,123000.0,500,Buy,226131197
2024-07-24 13:17:17,123000.0,600,Buy,226131195
2024-07-24 13:17:17,123000.0,100,Buy,226131185
2024-07-24 13:17:17,123000.0,100,Buy,226131196
2024-07-24 13:17:17,123000.0,400,Buy,226131186
2024-07-24 13:17:18,123000.0,100,Sell,226131218
2024-07-24 13:17:18,123000.0,200,Sell,226131227
2024-07-24 13:17:18,122900.0,1300,Sell,226131229
2024-07-24 13:17:18,122800.0,300,Sell,226131230
2024-07-24 13:17:23,122300.0,200,Sell,226131378
2024-07-24 13:17:25,122500.0,2100,Buy,226131435
2024-07-24 13:17:30,122500.0,4000,Buy,226131579
2024-07-24 13:17:37,122500.0,3200,Buy,226131776
2024-07-24 13:17:38,122500.0,300,Buy,226131799
2024-07-24 13:17:38,122500.0,600,Buy,226131802
2024-07-24 13:17:39,122500.0,200,Sell,226131815
2024-07-24 13:17:43,122600.0,100,Sell,226131904
2024-07-24 13:17:49,123000.0,100,Buy,226132091
2024-07-24 13:17:49,123000.0,600,Buy,226132092
2024-07-24 13:17:54,122600.0,200,Sell,226132229
2024-07-24 13:17:56,123000.0,1600,Buy,226132296
2024-07-24 13:17:56,123000.0,400,Buy,226132302
2024-07-24 13:17:56,123000.0,400,Buy,226132295
2024-07-24 13:18:05,123300.0,100,Sell,226132491
2024-07-24 13:18:10,123300.0,100,Sell,226132611
2024-07-24 13:18:10,123300.0,100,Sell,226132612
2024-07-24 13:18:16,123300.0,100,Buy,226132766
2024-07-24 13:18:25,123400.0,200,Sell,226132936
2024-07-24 13:18:36,123400.0,100,Sell,226133184
2024-07-24 13:18:40,123400.0,100,Buy,226133299
2024-07-24 13:18:41,123200.0,200,Sell,226133322
2024-07-24 13:18:57,123200.0,500,Sell,226133708
2024-07-24 13:18:58,123200.0,500,Buy,226133723
2024-07-24 13:18:58,123200.0,100,Buy,226133724
2024-07-24 13:19:03,123300.0,100,Sell,226133816
2024-07-24 13:19:12,123300.0,200,Sell,226134023
2024-07-24 13:19:17,123400.0,100,Buy,226134110
2024-07-24 13:19:17,123400.0,100,Buy,226134109
2024-07-24 13:19:28,123500.0,200,Sell,226134360
2024-07-24 13:19:33,123500.0,100,Buy,226134553
2024-07-24 13:19:39,123800.0,200,Buy,226134701
2024-07-24 13:19:40,123600.0,100,Sell,226134740
2024-07-24 13:19:40,123800.0,500,Sell,226134739
2024-07-24 13:19:44,123400.0,200,Sell,226134801
2024-07-24 13:19:44,123500.0,400,Buy,226134796
2024-07-24 13:19:51,123900.0,400,Buy,226134930
2024-07-24 13:19:51,123900.0,3600,Buy,226134931
2024-07-24 13:19:51,123800.0,200,Buy,226134929
2024-07-24 13:19:57,123900.0,1600,Buy,226135041
2024-07-24 13:20:00,123300.0,200,Sell,226135101
2024-07-24 13:20:13,123400.0,100,Sell,226135389
2024-07-24 13:20:15,123900.0,700,Buy,226135427
2024-07-24 13:20:16,123400.0,200,Sell,226135485
2024-07-24 13:20:22,123900.0,100,Buy,226135681
2024-07-24 13:20:22,123400.0,100,Sell,226135687
2024-07-24 13:20:33,123500.0,200,Sell,226135975
2024-07-24 13:20:34,123500.0,200,Sell,226136002
2024-07-24 13:20:34,123500.0,300,Sell,226136003
2024-07-24 13:20:39,123500.0,100,Sell,226136137
2024-07-24 13:20:48,123600.0,100,Sell,226136389
2024-07-24 13:20:49,123600.0,100,Sell,226136404
2024-07-24 13:20:49,123600.0,100,Sell,226136403
2024-07-24 13:20:52,123900.0,700,Buy,226136472
2024-07-24 13:21:04,123500.0,100,Sell,226136771
2024-07-24 13:21:15,123600.0,200,Sell,226137069
2024-07-24 13:21:18,123600.0,200,Sell,226137178
2024-07-24 13:21:20,123500.0,200,Sell,226137249
2024-07-24 13:21:26,123600.0,300,Buy,226137379
2024-07-24 13:21:26,123600.0,100,Buy,226137387
2024-07-24 13:21:27,123600.0,100,Buy,226137393
2024-07-24 13:21:29,123600.0,700,Buy,226137464
2024-07-24 13:21:31,123500.0,1000,Sell,226137497
2024-07-24 13:21:33,123600.0,100,Buy,226137566
2024-07-24 13:21:36,123500.0,100,Sell,226137616
2024-07-24 13:21:41,123500.0,100,Sell,226137718
2024-07-24 13:21:51,123600.0,200,Sell,226138010
2024-07-24 13:22:01,123600.0,100,Sell,226138258
2024-07-24 13:22:05,123900.0,200,Buy,226138358
2024-07-24 13:22:05,123900.0,100,Buy,226138356
2024-07-24 13:22:05,123900.0,200,Buy,226138355
2024-07-24 13:22:05,123900.0,100,Buy,226138357
2024-07-24 13:22:06,123900.0,100,Buy,226138403
2024-07-24 13:22:07,123900.0,200,Buy,226138435
2024-07-24 13:22:07,123600.0,100,Sell,226138449
2024-07-24 13:22:08,123600.0,100,Sell,226138467
2024-07-24 13:22:09,123900.0,500,Buy,226138506
2024-07-24 13:22:09,123900.0,300,Buy,226138507
2024-07-24 13:22:23,123900.0,200,Sell,226138910
2024-07-24 13:22:26,123900.0,300,Buy,226139009
2024-07-24 13:22:27,123900.0,300,Buy,226139029
2024-07-24 13:22:32,123900.0,400,Buy,226139159
2024-07-24 13:22:36,123900.0,700,Buy,226139247
2024-07-24 13:22:39,123600.0,200,Sell,226139367
2024-07-24 13:22:39,123900.0,100,Buy,226139368
2024-07-24 13:22:40,123900.0,200,Buy,226139381
2024-07-24 13:22:40,123900.0,200,Buy,226139387
2024-07-24 13:22:42,124000.0,100,Buy,226139441
2024-07-24 13:22:42,124000.0,100,Buy,226139440
2024-07-24 13:22:42,124000.0,500,Buy,226139439
2024-07-24 13:22:46,124000.0,200,Buy,226139607
2024-07-24 13:22:46,124000.0,300,Buy,226139608
2024-07-24 13:22:46,124000.0,100,Buy,226139609
2024-07-24 13:22:47,124000.0,400,Buy,226139649
2024-07-24 13:22:47,124000.0,200,Buy,226139650
2024-07-24 13:22:48,124000.0,100,Buy,226139673
2024-07-24 13:22:48,124000.0,100,Buy,226139672
2024-07-24 13:22:48,124000.0,500,Buy,226139671
2024-07-24 13:22:48,124000.0,1000,Buy,226139669
2024-07-24 13:22:48,124000.0,100,Buy,226139668
2024-07-24 13:22:48,124000.0,100,Buy,226139670
2024-07-24 13:22:55,124000.0,200,Sell,226139839
2024-07-24 13:23:01,124000.0,100,Sell,226140061
2024-07-24 13:23:03,124200.0,100,Buy,226140169
2024-07-24 13:23:03,124200.0,100,Buy,226140170
2024-07-24 13:23:03,124200.0,100,Buy,226140171
2024-07-24 13:23:05,124500.0,300,Buy,226140209
2024-07-24 13:23:06,124500.0,100,Buy,226140250
2024-07-24 13:23:08,124600.0,100,Sell,226140306
2024-07-24 13:23:11,124600.0,100,Sell,226140400
2024-07-24 13:23:23,124900.0,100,Buy,226140760
2024-07-24 13:23:27,124600.0,200,Sell,226140828
2024-07-24 13:23:39,124900.0,1400,Buy,226141244
2024-07-24 13:23:39,124900.0,2000,Buy,226141245
2024-07-24 13:23:39,124900.0,100,Buy,226141246
2024-07-24 13:23:39,125000.0,100,Buy,226141247
2024-07-24 13:23:39,125000.0,1000,Buy,226141248
2024-07-24 13:23:39,125000.0,100,Buy,226141249
2024-07-24 13:23:39,125000.0,100,Buy,226141250
2024-07-24 13:23:39,125000.0,100,Buy,226141251
2024-07-24 13:23:39,125000.0,100,Buy,226141252
2024-07-24 13:23:43,124600.0,200,Sell,226141359
2024-07-24 13:23:47,124700.0,100,Sell,226141452
2024-07-24 13:23:47,124700.0,900,Sell,226141453
2024-07-24 13:23:54,124700.0,100,Sell,226141653
2024-07-24 13:23:54,124700.0,100,Sell,226141654
2024-07-24 13:23:57,124700.0,900,Sell,226141803
2024-07-24 13:23:59,124600.0,100,Sell,226141837
2024-07-24 13:24:00,124700.0,100,Buy,226141883
2024-07-24 13:24:00,124700.0,100,Buy,226141882
2024-07-24 13:24:01,124700.0,100,Buy,226141888
2024-07-24 13:24:14,124800.0,200,Sell,226142400
2024-07-24 13:24:17,125000.0,400,Buy,226142460
2024-07-24 13:24:17,125000.0,100,Buy,226142461
2024-07-24 13:24:17,125000.0,300,Buy,226142462
2024-07-24 13:24:17,125000.0,100,Buy,226142463
2024-07-24 13:24:17,125000.0,500,Buy,226142464
2024-07-24 13:24:19,125000.0,100,Sell,226142572
2024-07-24 13:24:20,125000.0,100,Sell,226142602
2024-07-24 13:24:25,125000.0,2000,Sell,226142758
2024-07-24 13:24:27,125100.0,700,Buy,226142827
2024-07-24 13:24:27,125100.0,300,Buy,226142850
2024-07-24 13:24:31,125100.0,200,Sell,226142981
2024-07-24 13:24:35,125200.0,200,Buy,226143282
2024-07-24 13:24:36,125100.0,300,Sell,226143309
2024-07-24 13:24:36,125100.0,200,Sell,226143308
2024-07-24 13:24:36,125100.0,800,Sell,226143303
2024-07-24 13:24:36,125100.0,200,Sell,226143302
2024-07-24 13:24:45,125200.0,100,Buy,226143707
2024-07-24 13:24:46,125200.0,600,Buy,226143771
2024-07-24 13:24:47,125200.0,200,Sell,226143813
2024-07-24 13:24:47,125300.0,700,Buy,226143799
2024-07-24 13:24:47,125200.0,100,Sell,226143814
2024-07-24 13:24:47,125200.0,100,Buy,226143789
2024-07-24 13:24:47,125200.0,100,Buy,226143788
2024-07-24 13:24:47,125200.0,100,Buy,226143790
2024-07-24 13:25:01,125300.0,100,Buy,226144299
2024-07-24 13:25:01,125300.0,300,Buy,226144298
2024-07-24 13:25:04,125200.0,200,Sell,226144368
2024-07-24 13:25:05,125300.0,100,Buy,226144402
2024-07-24 13:25:06,125300.0,400,Buy,226144455
2024-07-24 13:25:06,125400.0,100,Buy,226144456
2024-07-24 13:25:06,125200.0,100,Sell,226144461
2024-07-24 13:25:12,125300.0,300,Sell,226144702
2024-07-24 13:25:13,125300.0,200,Sell,226144712
2024-07-24 13:25:17,125300.0,100,Buy,226144898
2024-07-24 13:25:20,125200.0,100,Sell,226145043
2024-07-24 13:25:20,125200.0,100,Sell,226145042
2024-07-24 13:25:32,125300.0,2000,Sell,226145480
2024-07-24 13:25:33,125300.0,200,Sell,226145500
2024-07-24 13:25:33,125300.0,100,Sell,226145501
2024-07-24 13:25:36,125200.0,200,Sell,226145798
2024-07-24 13:25:37,125200.0,200,Sell,226145842
2024-07-24 13:25:37,125200.0,100,Sell,226145843
2024-07-24 13:25:37,125200.0,500,Sell,226145844
2024-07-24 13:25:39,125100.0,100,Sell,226145949
2024-07-24 13:25:40,125100.0,100,Sell,226146102
2024-07-24 13:25:40,125200.0,100,Buy,226146107
2024-07-24 13:25:40,125100.0,200,Sell,226146101
2024-07-24 13:25:42,125200.0,300,Sell,226146161
2024-07-24 13:25:44,125200.0,600,Sell,226146304
2024-07-24 13:25:46,125200.0,100,Buy,226146458
2024-07-24 13:25:46,125300.0,200,Buy,226146459
2024-07-24 13:25:46,125300.0,600,Buy,226146460
2024-07-24 13:25:48,125400.0,400,Buy,226146559
2024-07-24 13:25:48,125300.0,300,Buy,226146558
2024-07-24 13:25:48,125300.0,400,Buy,226146557
2024-07-24 13:25:52,125000.0,100,Sell,226146720
2024-07-24 13:26:03,125000.0,1000,Sell,226147272
2024-07-24 13:26:05,125000.0,300,Sell,226147487
2024-07-24 13:26:05,125000.0,400,Sell,226147488
2024-07-24 13:26:06,125000.0,100,Sell,226147525
2024-07-24 13:26:08,125100.0,100,Sell,226147625
2024-07-24 13:26:09,125100.0,400,Sell,226147736
2024-07-24 13:26:18,125100.0,200,Sell,226148121
2024-07-24 13:26:18,125100.0,600,Sell,226148122
2024-07-24 13:26:23,125000.0,200,Sell,226148372
2024-07-24 13:26:32,125100.0,200,Sell,226148748
2024-07-24 13:26:33,125100.0,100,Sell,226148822
2024-07-24 13:26:33,125100.0,300,Sell,226148823
2024-07-24 13:26:39,125000.0,100,Sell,226149205
2024-07-24 13:26:41,125100.0,200,Buy,226149300
2024-07-24 13:26:46,125100.0,100,Buy,226149541
2024-07-24 13:26:47,125000.0,100,Sell,226149600
2024-07-24 13:26:47,125000.0,400,Sell,226149599
2024-07-24 13:26:47,125200.0,100,Buy,226149596
2024-07-24 13:26:47,125000.0,4200,Sell,226149598
2024-07-24 13:26:47,125100.0,100,Buy,226149595
2024-07-24 13:26:51,125000.0,200,Buy,226149806
2024-07-24 13:26:53,125000.0,100,Buy,226149911
2024-07-24 13:26:55,124800.0,100,Sell,226149971
2024-07-24 13:26:59,125000.0,100,Sell,226150155
2024-07-24 13:27:00,125000.0,500,Sell,226150255
2024-07-24 13:27:06,125100.0,1000,Buy,226150552
2024-07-24 13:27:07,125200.0,100,Buy,226150582
2024-07-24 13:27:07,125200.0,900,Buy,226150580
2024-07-24 13:27:07,125200.0,100,Buy,226150581
2024-07-24 13:27:10,125200.0,200,Sell,226150739
2024-07-24 13:27:14,125200.0,300,Buy,226150976
2024-07-24 13:27:25,125200.0,200,Sell,226151667
2024-07-24 13:27:26,125200.0,100,Sell,226151719
2024-07-24 13:27:26,125300.0,500,Buy,226151720
2024-07-24 13:27:27,125300.0,300,Buy,226151767
2024-07-24 13:27:27,125400.0,100,Buy,226151768
2024-07-24 13:27:30,125200.0,400,Sell,226151903
2024-07-24 13:27:34,125200.0,300,Buy,226152106
2024-07-24 13:27:41,125200.0,100,Sell,226152419
2024-07-24 13:27:46,125300.0,100,Buy,226152620
2024-07-24 13:27:46,125300.0,200,Buy,226152621
2024-07-24 13:27:46,125200.0,100,Sell,226152626
2024-07-24 13:27:46,125200.0,500,Sell,226152619
2024-07-24 13:27:47,125300.0,400,Buy,226152643
2024-07-24 13:27:51,125300.0,400,Buy,226152948
2024-07-24 13:27:52,125300.0,100,Sell,226153012
2024-07-24 13:27:56,125300.0,200,Sell,226153167
2024-07-24 13:27:57,125300.0,100,Sell,226153221
2024-07-24 13:27:59,125300.0,900,Buy,226153276
2024-07-24 13:28:03,125300.0,300,Sell,226153479
2024-07-24 13:28:06,125400.0,400,Buy,226153611
2024-07-24 13:28:06,125400.0,200,Buy,226153612
2024-07-24 13:28:07,125400.0,100,Buy,226153635
2024-07-24 13:28:07,125400.0,500,Buy,226153636
2024-07-24 13:28:09,125300.0,100,Sell,226153757
2024-07-24 13:28:10,125400.0,800,Buy,226153845
2024-07-24 13:28:12,125300.0,100,Sell,226153972
2024-07-24 13:28:18,125300.0,100,Sell,226154262
2024-07-24 13:28:26,125400.0,400,Buy,226154678
2024-07-24 13:28:27,125400.0,300,Buy,226154823
2024-07-24 13:28:27,125400.0,100,Buy,226154824
2024-07-24 13:28:28,125300.0,200,Sell,226154868
2024-07-24 13:28:35,125400.0,100,Sell,226155182
2024-07-24 13:28:44,125400.0,200,Sell,226155603
2024-07-24 13:28:47,125400.0,200,Buy,226155748
2024-07-24 13:28:47,125500.0,100,Buy,226155763
2024-07-24 13:29:00,125300.0,200,Sell,226156422
2024-07-24 13:29:02,125400.0,100,Buy,226156475
2024-07-24 13:29:02,125500.0,400,Buy,226156476
2024-07-24 13:29:02,125400.0,200,Buy,226156467
2024-07-24 13:29:06,125500.0,200,Buy,226156676
2024-07-24 13:29:07,125500.0,200,Buy,226156705
2024-07-24 13:29:17,125300.0,200,Sell,226157081
2024-07-24 13:29:33,125400.0,100,Sell,226157794
2024-07-24 13:29:34,125500.0,200,Buy,226157904
2024-07-24 13:29:34,125500.0,100,Buy,226157902
2024-07-24 13:29:34,125400.0,100,Buy,226157901
2024-07-24 13:29:34,125500.0,100,Buy,226157903
2024-07-24 13:29:46,125400.0,100,Buy,226158438
2024-07-24 13:29:47,125400.0,100,Buy,226158454
2024-07-24 13:29:49,125300.0,100,Sell,226158503
2024-07-24 13:30:04,125300.0,100,Sell,226159173
2024-07-24 13:30:04,125300.0,100,Sell,226159174
2024-07-24 13:30:04,125300.0,100,Sell,226159179
2024-07-24 13:30:06,125300.0,300,Sell,226159238
2024-07-24 13:30:06,125300.0,200,Sell,226159239
2024-07-24 13:30:07,125400.0,200,Buy,226159267
2024-07-24 13:30:07,125400.0,100,Buy,226159329
2024-07-24 13:30:07,125400.0,100,Buy,226159328
2024-07-24 13:30:13,125300.0,100,Sell,226159691
2024-07-24 13:30:13,125300.0,200,Sell,226159692
2024-07-24 13:30:19,125300.0,100,Buy,226159891
2024-07-24 13:30:20,125300.0,300,Sell,226159943
2024-07-24 13:30:20,125400.0,1000,Buy,226159911
2024-07-24 13:30:20,125300.0,100,Sell,226159917
2024-07-24 13:30:26,125300.0,200,Buy,226160183
2024-07-24 13:30:26,125300.0,200,Buy,226160182
2024-07-24 13:30:27,125400.0,100,Buy,226160205
2024-07-24 13:30:27,125300.0,100,Buy,226160203
2024-07-24 13:30:27,125400.0,200,Buy,226160204
2024-07-24 13:30:28,125400.0,200,Buy,226160272
2024-07-24 13:30:35,125100.0,200,Sell,226160555
2024-07-24 13:30:38,125100.0,100,Sell,226160660
2024-07-24 13:30:52,125200.0,100,Sell,226161223
2024-07-24 13:30:54,125200.0,100,Sell,226161393
2024-07-24 13:30:57,125200.0,100,Sell,226161590
2024-07-24 13:31:07,125100.0,100,Sell,226162087
2024-07-24 13:31:22,125100.0,100,Sell,226162852
2024-07-24 13:31:25,125100.0,100,Buy,226163049
2024-07-24 13:31:26,125100.0,100,Buy,226163060
2024-07-24 13:31:30,125100.0,100,Buy,226163241
2024-07-24 13:31:30,125300.0,100,Buy,226163242
2024-07-24 13:31:30,125300.0,100,Buy,226163243
2024-07-24 13:31:39,125000.0,100,Sell,226163586
2024-07-24 13:31:50,125100.0,100,Sell,226164153
2024-07-24 13:31:53,125100.0,500,Sell,226164288
2024-07-24 13:31:54,125100.0,200,Sell,226164311
2024-07-24 13:32:07,125300.0,100,Buy,226165046
2024-07-24 13:32:07,125200.0,100,Buy,226165006
2024-07-24 13:32:10,125100.0,200,Sell,226165200
2024-07-24 13:32:16,125100.0,100,Sell,226165428
2024-07-24 13:32:26,125200.0,100,Buy,226165915
2024-07-24 13:32:26,125100.0,100,Sell,226165922
2024-07-24 13:32:27,125200.0,100,Buy,226165950
2024-07-24 13:32:28,125200.0,200,Buy,226166016
2024-07-24 13:32:29,125200.0,100,Sell,226166034
2024-07-24 13:32:29,125100.0,300,Sell,226166035
2024-07-24 13:32:34,125100.0,500,Sell,226166259
2024-07-24 13:32:42,125100.0,100,Sell,226166536
2024-07-24 13:32:43,125300.0,200,Buy,226166571
2024-07-24 13:32:43,125400.0,100,Buy,226166572
2024-07-24 13:32:43,125300.0,100,Buy,226166569
2024-07-24 13:32:43,125300.0,600,Buy,226166570
2024-07-24 13:32:43,125100.0,200,Sell,226166562
2024-07-24 13:32:45,125100.0,100,Sell,226166722
2024-07-24 13:32:46,125100.0,500,Buy,226166763
2024-07-24 13:32:47,125100.0,400,Buy,226166792
2024-07-24 13:32:57,125200.0,100,Sell,226167099
2024-07-24 13:32:57,125200.0,100,Sell,226167100
2024-07-24 13:33:00,125200.0,100,Buy,226167212
2024-07-24 13:33:06,125200.0,100,Buy,226167428
2024-07-24 13:33:06,125300.0,100,Buy,226167429
2024-07-24 13:33:07,125300.0,100,Buy,226167446
2024-07-24 13:33:08,125200.0,100,Sell,226167479
2024-07-24 13:33:13,125100.0,200,Sell,226167760
2024-07-24 13:33:17,125200.0,100,Buy,226167913
2024-07-24 13:33:26,125300.0,100,Buy,226168270
2024-07-24 13:33:27,125300.0,100,Buy,226168309
2024-07-24 13:33:30,125200.0,200,Sell,226168454
2024-07-24 13:33:31,125300.0,100,Buy,226168519
2024-07-24 13:33:46,125300.0,100,Buy,226169060
2024-07-24 13:33:47,125100.0,300,Sell,226169077
2024-07-24 13:33:47,125100.0,1000,Sell,226169076
2024-07-24 13:33:47,125100.0,100,Buy,226169080
2024-07-24 13:33:47,125200.0,400,Sell,226169074
2024-07-24 13:33:47,125100.0,800,Sell,226169075
2024-07-24 13:33:47,125200.0,300,Sell,226169073
2024-07-24 13:34:02,125100.0,200,Sell,226169673
2024-07-24 13:34:04,125100.0,4800,Sell,226169732
2024-07-24 13:34:06,125100.0,200,Buy,226169828
2024-07-24 13:34:06,125200.0,100,Buy,226169829
2024-07-24 13:34:06,125200.0,100,Buy,226169830
2024-07-24 13:34:07,125300.0,400,Buy,226169850
2024-07-24 13:34:07,125300.0,100,Buy,226169853
2024-07-24 13:34:07,125300.0,1000,Buy,226169854
2024-07-24 13:34:07,125300.0,100,Buy,226169855
2024-07-24 13:34:18,125300.0,100,Buy,226170189
2024-07-24 13:34:20,125300.0,100,Sell,226170233
2024-07-24 13:34:21,125300.0,700,Sell,226170262
2024-07-24 13:34:26,125300.0,100,Buy,226170440
2024-07-24 13:34:26,125300.0,500,Buy,226170456
2024-07-24 13:34:27,125300.0,600,Buy,226170478
2024-07-24 13:34:27,125200.0,1200,Sell,226170488
2024-07-24 13:34:30,125200.0,100,Buy,226170571
2024-07-24 13:34:30,125300.0,100,Buy,226170572
2024-07-24 13:34:32,125300.0,500,Sell,226170649
2024-07-24 13:34:37,125300.0,100,Sell,226170878
2024-07-24 13:34:46,125400.0,100,Buy,226171124
2024-07-24 13:34:46,125400.0,500,Buy,226171125
2024-07-24 13:34:47,125400.0,600,Buy,226171138
2024-07-24 13:34:55,125400.0,400,Buy,226171329
2024-07-24 13:34:55,125400.0,100,Buy,226171330
2024-07-24 13:34:58,125400.0,100,Sell,226171431
2024-07-24 13:35:00,125500.0,200,Buy,226171528
2024-07-24 13:35:00,125500.0,500,Buy,226171527
2024-07-24 13:35:00,125500.0,2000,Buy,226171526
2024-07-24 13:35:00,125500.0,100,Buy,226171524
2024-07-24 13:35:00,125500.0,100,Buy,226171525
2024-07-24 13:35:00,125500.0,100,Buy,226171522
2024-07-24 13:35:00,125500.0,100,Buy,226171521
2024-07-24 13:35:00,125500.0,500,Buy,226171520
2024-07-24 13:35:00,125500.0,800,Buy,226171519
2024-07-24 13:35:00,125500.0,100,Buy,226171523
2024-07-24 13:35:06,125500.0,100,Buy,226171690
2024-07-24 13:35:06,125500.0,100,Buy,226171691
2024-07-24 13:35:06,125500.0,200,Buy,226171692
2024-07-24 13:35:06,125600.0,800,Buy,226171693
2024-07-24 13:35:08,125700.0,700,Buy,226171726
2024-07-24 13:35:08,125600.0,100,Buy,226171725
2024-07-24 13:35:08,125600.0,200,Buy,226171721
2024-07-24 13:35:08,125600.0,100,Buy,226171723
2024-07-24 13:35:08,125600.0,100,Buy,226171724
2024-07-24 13:35:08,125600.0,100,Buy,226171722
2024-07-24 13:35:17,125400.0,200,Sell,226171998
2024-07-24 13:35:21,125400.0,100,Sell,226172109
2024-07-24 13:35:26,125400.0,100,Buy,226172248
2024-07-24 13:35:26,125500.0,100,Buy,226172249
2024-07-24 13:35:32,125600.0,100,Sell,226172368
2024-07-24 13:35:32,125700.0,300,Buy,226172373
2024-07-24 13:35:36,125700.0,500,Sell,226172492
2024-07-24 13:35:38,125600.0,100,Sell,226172529
2024-07-24 13:35:46,125700.0,200,Buy,226172714
2024-07-24 13:35:47,125700.0,200,Buy,226172738
2024-07-24 13:36:08,125700.0,600,Buy,226173297
2024-07-24 13:36:08,125700.0,100,Buy,226173298
2024-07-24 13:36:08,125700.0,100,Buy,226173299
2024-07-24 13:36:08,125700.0,100,Buy,226173300
2024-07-24 13:36:26,125700.0,100,Buy,226173681
2024-07-24 13:36:26,125600.0,100,Sell,226173687
2024-07-24 13:36:27,125700.0,100,Buy,226173697
2024-07-24 13:36:27,125600.0,100,Buy,226173696
2024-07-24 13:36:36,125500.0,300,Sell,226173910
2024-07-24 13:36:45,125500.0,100,Buy,226174099
2024-07-24 13:36:45,125500.0,100,Buy,226174100
2024-07-24 13:36:48,125600.0,100,Sell,226174146
2024-07-24 13:36:48,125600.0,100,Sell,226174147
2024-07-24 13:36:48,125500.0,300,Sell,226174148
2024-07-24 13:36:49,125500.0,400,Sell,226174167
2024-07-24 13:37:06,125500.0,100,Buy,226174543
2024-07-24 13:37:07,125500.0,200,Buy,226174551
2024-07-24 13:37:22,125400.0,800,Buy,226174923
2024-07-24 13:37:26,125000.0,2000,Sell,226175022
2024-07-24 13:37:26,125000.0,400,Sell,226175021
2024-07-24 13:37:26,125000.0,5000,Sell,226175020
2024-07-24 13:37:26,125000.0,100,Sell,226175017
2024-07-24 13:37:26,125000.0,100,Sell,226175019
2024-07-24 13:37:26,125000.0,100,Sell,226175018
2024-07-24 13:37:26,125000.0,400,Sell,226175023
2024-07-24 13:37:26,125000.0,100,Sell,226175016
2024-07-24 13:37:26,125000.0,500,Sell,226175011
2024-07-24 13:37:26,125000.0,5000,Sell,226175014
2024-07-24 13:37:26,125100.0,500,Sell,226175007
2024-07-24 13:37:26,125100.0,100,Sell,226175008
2024-07-24 13:37:26,125100.0,100,Sell,226175009
2024-07-24 13:37:26,125000.0,100,Sell,226175015
2024-07-24 13:37:26,125000.0,100,Sell,226175012
2024-07-24 13:37:26,125000.0,100,Sell,226175013
2024-07-24 13:37:26,125000.0,4300,Sell,226175010
2024-07-24 13:37:34,125100.0,200,Sell,226175158
2024-07-24 13:37:37,125100.0,3800,Sell,226175233
2024-07-24 13:37:38,125100.0,100,Buy,226175240
2024-07-24 13:37:58,125400.0,200,Buy,226175736
2024-07-24 13:37:58,125400.0,300,Buy,226175737
2024-07-24 13:38:00,125400.0,100,Sell,226175785
2024-07-24 13:38:07,125500.0,100,Buy,226175995
2024-07-24 13:38:07,125500.0,100,Buy,226175994
2024-07-24 13:38:07,125500.0,100,Buy,226175996
2024-07-24 13:38:07,125500.0,200,Buy,226175992
2024-07-24 13:38:07,125500.0,100,Buy,226175993
2024-07-24 13:38:07,125500.0,300,Buy,226175991
2024-07-24 13:38:08,125500.0,100,Sell,226176021
2024-07-24 13:38:16,125500.0,1000,Sell,226176171
2024-07-24 13:38:30,125400.0,100,Sell,226176477
2024-07-24 13:38:34,125400.0,300,Sell,226176611
2024-07-24 13:38:34,125400.0,200,Sell,226176610
2024-07-24 13:38:35,125500.0,900,Buy,226176620
2024-07-24 13:38:48,125400.0,100,Sell,226176937
2024-07-24 13:38:54,125400.0,200,Sell,226177059
2024-07-24 13:39:11,125500.0,100,Buy,226177404
2024-07-24 13:39:12,125500.0,800,Buy,226177436
2024-07-24 13:39:19,125500.0,100,Buy,226177574
2024-07-24 13:39:21,125500.0,100,Sell,226177644
2024-07-24 13:39:21,125500.0,100,Buy,226177635
2024-07-24 13:39:21,125500.0,100,Buy,226177638
2024-07-24 13:39:21,125500.0,100,Buy,226177639
2024-07-24 13:39:21,125500.0,100,Buy,226177640
2024-07-24 13:39:21,125500.0,100,Buy,226177641
2024-07-24 13:39:21,125500.0,100,Buy,226177642
2024-07-24 13:39:38,125500.0,100,Sell,226178013
2024-07-24 13:39:38,125500.0,100,Sell,226178014
2024-07-24 13:39:39,125500.0,600,Sell,226178044
2024-07-24 13:39:39,125400.0,800,Sell,226178045
2024-07-24 13:39:46,125400.0,100,Sell,226178213
2024-07-24 13:39:48,125500.0,300,Buy,226178275
2024-07-24 13:39:48,125500.0,400,Buy,226178276
2024-07-24 13:39:57,125500.0,200,Sell,226178497
2024-07-24 13:39:57,125500.0,100,Sell,226178498
2024-07-24 13:40:03,125600.0,100,Buy,226178607
2024-07-24 13:40:08,125500.0,200,Sell,226178688
2024-07-24 13:40:12,125500.0,200,Sell,226178801
2024-07-24 13:40:21,125500.0,3000,Sell,226179026
2024-07-24 13:40:25,125600.0,400,Buy,226179151
2024-07-24 13:40:25,125600.0,100,Buy,226179152
2024-07-24 13:40:25,125600.0,100,Buy,226179153
2024-07-24 13:40:25,125600.0,100,Buy,226179154
2024-07-24 13:40:25,125600.0,100,Buy,226179155
2024-07-24 13:40:38,125600.0,100,Sell,226179451
2024-07-24 13:40:39,125600.0,100,Sell,226179455
2024-07-24 13:40:39,125600.0,100,Sell,226179464
2024-07-24 13:40:40,125500.0,200,Sell,226179477
2024-07-24 13:41:01,125700.0,100,Buy,226179998
2024-07-24 13:41:01,125700.0,200,Buy,226179999
2024-07-24 13:41:01,125700.0,100,Buy,226180000
2024-07-24 13:41:01,125700.0,100,Buy,226180001
2024-07-24 13:41:01,125700.0,300,Buy,226180002
2024-07-24 13:41:09,125700.0,200,Buy,226180140
2024-07-24 13:41:09,125700.0,100,Buy,226180141
2024-07-24 13:41:13,125500.0,200,Sell,226180234
2024-07-24 13:41:17,125800.0,200,Buy,226180319
2024-07-24 13:41:31,125700.0,500,Sell,226180672
2024-07-24 13:41:37,125800.0,500,Buy,226180791
2024-07-24 13:41:38,125800.0,300,Buy,226180805
2024-07-24 13:41:38,125800.0,500,Buy,226180806
2024-07-24 13:41:38,125800.0,100,Buy,226180807
2024-07-24 13:41:40,125700.0,1500,Sell,226180853
2024-07-24 13:41:43,125700.0,500,Buy,226180923
2024-07-24 13:41:45,125500.0,200,Sell,226180958
2024-07-24 13:41:47,125700.0,700,Buy,226181037
2024-07-24 13:42:15,125700.0,200,Buy,226181638
2024-07-24 13:42:15,125700.0,300,Buy,226181637
2024-07-24 13:42:15,125700.0,100,Buy,226181639
2024-07-24 13:42:16,125700.0,200,Sell,226181673
2024-07-24 13:42:21,125800.0,100,Buy,226181778
2024-07-24 13:42:48,125700.0,100,Sell,226182541
2024-07-24 13:42:51,125700.0,100,Buy,226182587
2024-07-24 13:42:51,125700.0,200,Buy,226182588
2024-07-24 13:43:02,125700.0,200,Sell,226182842
2024-07-24 13:43:03,125700.0,300,Sell,226182863
2024-07-24 13:43:03,125700.0,100,Sell,226182864
2024-07-24 13:43:09,125500.0,100,Sell,226183011
2024-07-24 13:43:18,125500.0,100,Sell,226183287
2024-07-24 13:43:20,125500.0,200,Sell,226183322
2024-07-24 13:43:28,125700.0,900,Buy,226183570
2024-07-24 13:43:49,125400.0,500,Sell,226184002
2024-07-24 13:43:49,125400.0,4100,Sell,226184003
2024-07-24 13:43:49,125500.0,100,Sell,226184000
2024-07-24 13:43:49,125500.0,500,Sell,226184001
2024-07-24 13:43:49,125500.0,4800,Sell,226183999
2024-07-24 13:43:50,125700.0,100,Buy,226184031
2024-07-24 13:43:51,125400.0,200,Sell,226184049
2024-07-24 13:44:05,125700.0,600,Buy,226184314
2024-07-24 13:44:05,125700.0,100,Buy,226184315
2024-07-24 13:44:05,125700.0,100,Buy,226184316
2024-07-24 13:44:05,125700.0,100,Buy,226184317
2024-07-24 13:44:23,125400.0,100,Sell,226184823
2024-07-24 13:44:35,125400.0,100,Sell,226185132
2024-07-24 13:44:37,125400.0,100,Sell,226185184
2024-07-24 13:44:41,125700.0,100,Buy,226185260
2024-07-24 13:44:41,125700.0,300,Buy,226185261
2024-07-24 13:44:41,125700.0,200,Buy,226185262
2024-07-24 13:44:41,125700.0,200,Buy,226185263
2024-07-24 13:44:54,125400.0,100,Sell,226185591
2024-07-24 13:45:03,125400.0,200,Sell,226185767
2024-07-24 13:45:18,125700.0,100,Buy,226186064
2024-07-24 13:45:18,125700.0,800,Buy,226186063
2024-07-24 13:45:26,125400.0,100,Sell,226186210
2024-07-24 13:45:26,125400.0,100,Sell,226186211
2024-07-24 13:45:30,125400.0,100,Sell,226186317
2024-07-24 13:45:34,125400.0,600,Sell,226186451
2024-07-24 13:45:38,125400.0,100,Sell,226186527
2024-07-24 13:45:54,125400.0,3000,Sell,226186854
2024-07-24 13:45:55,125600.0,100,Buy,226186870
2024-07-24 13:45:56,125600.0,100,Sell,226186893
2024-07-24 13:45:57,125600.0,100,Sell,226186912
2024-07-24 13:46:06,125600.0,500,Sell,226187088
2024-07-24 13:46:09,125600.0,100,Sell,226187152
2024-07-24 13:46:28,125400.0,200,Sell,226187506
2024-07-24 13:46:31,125600.0,200,Buy,226187567
2024-07-24 13:46:37,125600.0,400,Sell,226187703
2024-07-24 13:46:49,125600.0,100,Sell,226187936
2024-07-24 13:47:00,125600.0,100,Sell,226188181
2024-07-24 13:47:08,125600.0,100,Buy,226188314
2024-07-24 13:47:08,125600.0,100,Buy,226188313
2024-07-24 13:47:16,125600.0,100,Sell,226188583
2024-07-24 13:47:16,125600.0,100,Sell,226188563
2024-07-24 13:47:33,125600.0,200,Sell,226188884
2024-07-24 13:47:42,125600.0,200,Sell,226189071
2024-07-24 13:47:45,125700.0,100,Buy,226189190
2024-07-24 13:47:45,125700.0,800,Buy,226189191
2024-07-24 13:48:04,125600.0,100,Sell,226189563
2024-07-24 13:48:09,125500.0,100,Sell,226189672
2024-07-24 13:48:21,125600.0,100,Buy,226189957
2024-07-24 13:48:35,125600.0,100,Sell,226190327
2024-07-24 13:48:35,125600.0,200,Sell,226190314
2024-07-24 13:48:39,125600.0,400,Sell,226190440
2024-07-24 13:48:58,125600.0,600,Buy,226190785
2024-07-24 13:48:58,125600.0,100,Sell,226190786
2024-07-24 13:49:01,125600.0,200,Sell,226190831
2024-07-24 13:49:06,125400.0,100,Sell,226190945
2024-07-24 13:49:28,125400.0,100,Sell,226191394
2024-07-24 13:49:34,125700.0,100,Buy,226191542
2024-07-24 13:49:34,125700.0,300,Buy,226191543
2024-07-24 13:49:34,125700.0,300,Buy,226191540
2024-07-24 13:49:34,125700.0,200,Buy,226191541
2024-07-24 13:49:37,125400.0,200,Sell,226191606
2024-07-24 13:49:54,125400.0,100,Sell,226191959
2024-07-24 13:50:02,125700.0,200,Buy,226192127
2024-07-24 13:50:02,125700.0,100,Buy,226192128
2024-07-24 13:50:02,125700.0,500,Buy,226192129
2024-07-24 13:50:06,125400.0,100,Sell,226192255
2024-07-24 13:50:06,125400.0,2900,Sell,226192256
2024-07-24 13:50:09,125400.0,200,Sell,226192407
2024-07-24 13:50:11,125700.0,200,Buy,226192432
2024-07-24 13:50:15,125400.0,400,Sell,226192555
2024-07-24 13:50:15,125700.0,600,Sell,226192553
2024-07-24 13:50:15,125400.0,1900,Sell,226192554
2024-07-24 13:50:40,125300.0,100,Sell,226193177
2024-07-24 13:50:42,125300.0,200,Sell,226193190
2024-07-24 13:50:47,125300.0,100,Sell,226193287
2024-07-24 13:50:48,125400.0,100,Buy,226193319
2024-07-24 13:50:48,125400.0,200,Buy,226193320
2024-07-24 13:51:14,125400.0,100,Sell,226193871
2024-07-24 13:51:14,125400.0,100,Sell,226193874
2024-07-24 13:51:24,125700.0,300,Buy,226194092
2024-07-24 13:51:24,125700.0,100,Buy,226194091
2024-07-24 13:51:24,125700.0,300,Buy,226194090
2024-07-24 13:51:40,125700.0,200,Sell,226194388
2024-07-24 13:51:45,125400.0,100,Sell,226194534
2024-07-24 13:52:01,125600.0,800,Buy,226194887
2024-07-24 13:52:16,125400.0,100,Sell,226195172
2024-07-24 13:52:33,125400.0,100,Sell,226195587
2024-07-24 13:52:35,125600.0,200,Buy,226195659
2024-07-24 13:52:38,125600.0,100,Buy,226195729
2024-07-24 13:52:39,125700.0,100,Buy,226195821
2024-07-24 13:52:39,125700.0,100,Buy,226195822
2024-07-24 13:52:40,125600.0,500,Sell,226195830
2024-07-24 13:52:47,125600.0,100,Sell,226196086
2024-07-24 13:52:49,126000.0,300,Buy,226196121
2024-07-24 13:52:49,126000.0,300,Buy,226196120
2024-07-24 13:52:49,126000.0,500,Buy,226196119
2024-07-24 13:52:49,126000.0,100,Buy,226196118
2024-07-24 13:52:49,125900.0,100,Buy,226196111
2024-07-24 13:52:49,125900.0,200,Buy,226196117
2024-07-24 13:52:49,125900.0,100,Buy,226196112
2024-07-24 13:52:49,125900.0,500,Buy,226196110
2024-07-24 13:52:49,125800.0,1000,Buy,226196104
2024-07-24 13:52:49,125800.0,100,Buy,226196108
2024-07-24 13:52:49,125800.0,100,Buy,226196107
2024-07-24 13:52:49,125800.0,500,Buy,226196106
2024-07-24 13:52:49,125800.0,100,Buy,226196105
2024-07-24 13:52:49,125800.0,100,Buy,226196103
2024-07-24 13:52:49,125800.0,100,Buy,226196102
2024-07-24 13:52:49,125800.0,500,Buy,226196101
2024-07-24 13:52:49,125700.0,100,Buy,226196100
2024-07-24 13:52:49,125800.0,300,Buy,226196109
2024-07-24 13:53:03,126000.0,300,Buy,226196552
2024-07-24 13:53:03,126000.0,100,Buy,226196551
2024-07-24 13:53:03,126000.0,100,Buy,226196550
2024-07-24 13:53:03,126000.0,200,Buy,226196559
2024-07-24 13:53:03,126000.0,600,Buy,226196548
2024-07-24 13:53:03,126000.0,200,Buy,226196547
2024-07-24 13:53:03,126000.0,100,Buy,226196546
2024-07-24 13:53:03,126000.0,200,Buy,226196545
2024-07-24 13:53:03,126000.0,400,Buy,226196549
2024-07-24 13:53:05,126000.0,100,Sell,226196573
2024-07-24 13:53:09,126000.0,100,Sell,226196720
2024-07-24 13:53:14,126000.0,100,Sell,226196826
2024-07-24 13:53:18,126000.0,100,Sell,226196882
2024-07-24 13:53:23,126000.0,900,Sell,226197048
2024-07-24 13:53:23,126000.0,2400,Sell,226197047
2024-07-24 13:53:48,125600.0,200,Sell,226197616
2024-07-24 13:53:51,126000.0,800,Buy,226197668
2024-07-24 13:54:02,126000.0,900,Buy,226197987
2024-07-24 13:54:02,126000.0,100,Buy,226197988
2024-07-24 13:54:09,126000.0,200,Buy,226198150
2024-07-24 13:54:09,126000.0,100,Buy,226198151
2024-07-24 13:54:16,125900.0,100,Buy,226198418
2024-07-24 13:54:16,126000.0,100,Buy,226198419
2024-07-24 13:54:16,126000.0,100,Buy,226198420
2024-07-24 13:54:19,126000.0,100,Sell,226198489
2024-07-24 13:54:19,126000.0,300,Sell,226198487
2024-07-24 13:54:20,126000.0,100,Sell,226198520
2024-07-24 13:54:28,126000.0,800,Buy,226198844
2024-07-24 13:54:28,126000.0,100,Buy,226198843
2024-07-24 13:54:32,126000.0,500,Buy,226199008
2024-07-24 13:54:33,126000.0,400,Buy,226199060
2024-07-24 13:54:37,126000.0,500,Buy,226199191
2024-07-24 13:54:45,126000.0,500,Buy,226199463
2024-07-24 13:54:52,125700.0,200,Sell,226199919
2024-07-24 13:54:53,126000.0,300,Buy,226199973
2024-07-24 13:54:53,126000.0,100,Buy,226199974
2024-07-24 13:54:53,126000.0,100,Buy,226199975
2024-07-24 13:55:04,126000.0,200,Buy,226200504
2024-07-24 13:55:04,126000.0,600,Buy,226200506
2024-07-24 13:55:04,126000.0,100,Buy,226200505
2024-07-24 13:55:11,126000.0,200,Buy,226200888
2024-07-24 13:55:14,126000.0,1100,Buy,226201087
2024-07-24 13:55:24,125800.0,100,Sell,226201560
2024-07-24 13:55:30,126000.0,200,Buy,226201813
2024-07-24 13:55:30,126000.0,100,Buy,226201811
2024-07-24 13:55:30,126000.0,100,Buy,226201812
2024-07-24 13:55:38,126000.0,100,Sell,226202242
2024-07-24 13:55:38,126000.0,100,Sell,226202237
2024-07-24 13:55:52,126000.0,800,Sell,226203043
2024-07-24 13:55:52,126100.0,600,Sell,226203040
2024-07-24 13:55:52,126000.0,1200,Sell,226203041
2024-07-24 13:55:52,126000.0,100,Sell,226203042
2024-07-24 13:55:55,125800.0,200,Sell,226203159
2024-07-24 13:56:05,125800.0,100,Sell,226203765
2024-07-24 13:56:09,126000.0,300,Buy,226203947
2024-07-24 13:56:10,126000.0,1000,Buy,226203952
2024-07-24 13:56:10,126000.0,500,Buy,226203953
2024-07-24 13:56:18,126000.0,500,Buy,226204324
2024-07-24 13:56:18,126000.0,200,Buy,226204325
2024-07-24 13:56:22,126000.0,200,Sell,226204650
2024-07-24 13:56:22,126000.0,100,Sell,226204651
2024-07-24 13:56:23,126000.0,500,Sell,226204664
2024-07-24 13:56:25,126000.0,300,Sell,226204753
2024-07-24 13:56:27,126000.0,100,Sell,226204782
