time,price,volume,match_type,id
2024-08-30 09:14:56,125900.0,600,ATO/ATC,235893407
2024-08-30 09:16:48,126000.0,500,Buy,235895360
2024-08-30 09:16:54,126000.0,100,Buy,235895439
2024-08-30 09:17:01,126000.0,300,Buy,235895517
2024-08-30 09:17:01,126000.0,100,Buy,235895518
2024-08-30 09:17:06,126000.0,100,Buy,235895580
2024-08-30 09:17:24,126200.0,500,Buy,235895807
2024-08-30 09:17:25,126200.0,100,Sell,235895833
2024-08-30 09:18:45,126300.0,300,Buy,235896945
2024-08-30 09:18:45,126300.0,200,Buy,235896944
2024-08-30 09:18:48,126300.0,100,Buy,235897018
2024-08-30 09:18:49,126300.0,100,Buy,235897020
2024-08-30 09:21:11,126300.0,100,Buy,235899219
2024-08-30 09:21:11,126300.0,100,Buy,235899220
2024-08-30 09:21:51,126300.0,100,Buy,235899882
2024-08-30 09:26:02,126200.0,400,Sell,235904903
2024-08-30 09:26:02,126200.0,100,Sell,235904904
2024-08-30 09:26:03,126200.0,100,Sell,235904925
2024-08-30 09:30:39,126200.0,100,Sell,235909714
2024-08-30 09:33:03,126300.0,500,Buy,235912620
2024-08-30 09:33:07,126300.0,100,Buy,235912746
2024-08-30 09:33:15,126300.0,1400,Buy,235913025
2024-08-30 09:33:15,126300.0,100,Buy,235913026
2024-08-30 09:33:18,126300.0,400,Buy,235913145
2024-08-30 09:33:20,126300.0,100,Buy,235913169
2024-08-30 09:33:55,126300.0,100,Sell,235913935
2024-08-30 09:34:26,126300.0,300,Sell,235914739
2024-08-30 09:34:26,126300.0,100,Sell,235914740
2024-08-30 09:34:26,126300.0,100,Sell,235914741
2024-08-30 09:34:31,126300.0,100,Buy,235914847
2024-08-30 09:34:32,126200.0,300,Sell,235914877
2024-08-30 09:34:32,126200.0,300,Sell,235914875
2024-08-30 09:34:32,126200.0,100,Sell,235914876
2024-08-30 09:34:33,126200.0,100,Sell,235914910
2024-08-30 09:35:02,126300.0,100,Sell,235915524
2024-08-30 09:36:51,126300.0,1000,Sell,235917810
2024-08-30 09:36:51,126300.0,200,Sell,235917820
2024-08-30 09:37:09,126400.0,100,Buy,235918102
2024-08-30 09:37:21,126400.0,200,Buy,235918325
2024-08-30 09:37:21,126400.0,100,Buy,235918326
2024-08-30 09:37:54,126400.0,1000,Buy,235918946
2024-08-30 09:37:55,126400.0,300,Buy,235918980
2024-08-30 09:38:40,126400.0,200,Buy,235919778
2024-08-30 09:38:43,126400.0,400,Buy,235919856
2024-08-30 09:38:43,126400.0,100,Buy,235919857
2024-08-30 09:38:48,126400.0,100,Buy,235919924
2024-08-30 09:39:23,126400.0,200,Buy,235920662
2024-08-30 09:39:23,126400.0,300,Buy,235920661
2024-08-30 09:39:24,126400.0,100,Buy,235920665
2024-08-30 09:39:28,126400.0,100,Sell,235920729
2024-08-30 09:40:42,126500.0,300,Buy,235921913
2024-08-30 09:40:42,126500.0,300,Buy,235921914
2024-08-30 09:40:42,126500.0,300,Buy,235921915
2024-08-30 09:40:45,126500.0,400,Sell,235921949
2024-08-30 09:40:48,126500.0,100,Buy,235922003
2024-08-30 09:40:54,126600.0,100,Buy,235922110
2024-08-30 09:41:51,126700.0,300,Buy,235923159
2024-08-30 09:41:54,126600.0,3300,Sell,235923280
2024-08-30 09:41:54,126600.0,100,Sell,235923279
2024-08-30 09:41:54,126600.0,100,Sell,235923277
2024-08-30 09:41:54,126600.0,500,Sell,235923278
2024-08-30 09:42:09,126700.0,500,Buy,235923662
2024-08-30 09:42:14,126800.0,400,Buy,235923752
2024-08-30 09:42:15,126700.0,500,Sell,235923771
2024-08-30 09:42:15,126700.0,100,Sell,235923772
2024-08-30 09:42:15,126700.0,400,Sell,235923773
2024-08-30 09:42:15,126600.0,300,Sell,235923774
2024-08-30 09:43:11,126600.0,200,Sell,235924869
2024-08-30 09:43:30,126600.0,100,Sell,235925426
2024-08-30 09:45:08,126600.0,100,Sell,235927748
2024-08-30 09:45:19,126600.0,100,Sell,235928038
2024-08-30 09:46:02,126700.0,100,Buy,235928977
2024-08-30 09:47:36,126700.0,100,Buy,235931169
2024-08-30 09:47:36,126700.0,100,Buy,235931168
2024-08-30 09:48:37,126700.0,100,Buy,235932632
2024-08-30 09:48:37,126700.0,100,Buy,235932640
2024-08-30 09:48:47,126700.0,200,Buy,235932880
2024-08-30 09:49:25,126700.0,100,Buy,235933895
2024-08-30 09:49:25,126700.0,100,Buy,235933896
2024-08-30 09:50:07,127000.0,200,Buy,235935299
2024-08-30 09:50:40,126900.0,100,Buy,235936329
2024-08-30 09:51:27,126900.0,100,Buy,235937803
2024-08-30 09:52:59,126900.0,100,Sell,235940604
2024-08-30 09:54:05,126800.0,100,Sell,235942335
2024-08-30 09:54:46,126800.0,500,Sell,235943141
2024-08-30 09:54:57,126800.0,100,Sell,235943341
2024-08-30 09:55:27,126900.0,100,Buy,235944036
2024-08-30 09:55:27,126900.0,100,Buy,235944034
2024-08-30 09:55:27,126900.0,100,Buy,235944035
2024-08-30 09:56:09,126900.0,100,Sell,235944881
2024-08-30 09:56:20,126900.0,500,Sell,235945148
2024-08-30 09:56:21,126900.0,100,Sell,235945165
2024-08-30 09:56:25,126900.0,100,Buy,235945345
2024-08-30 09:57:20,126900.0,100,Buy,235946334
2024-08-30 09:57:22,126900.0,100,Buy,235946365
2024-08-30 09:57:34,126800.0,500,Sell,235946592
2024-08-30 09:57:55,126800.0,100,Sell,235946994
2024-08-30 09:57:55,126800.0,100,Sell,235946995
2024-08-30 09:57:58,126800.0,300,Sell,235947088
2024-08-30 09:58:09,126800.0,100,Sell,235947274
2024-08-30 09:58:13,126900.0,400,Buy,235947364
2024-08-30 09:58:13,126900.0,300,Buy,235947363
2024-08-30 09:58:13,126900.0,100,Buy,235947362
2024-08-30 09:58:53,126900.0,100,Sell,235948078
2024-08-30 09:58:55,126900.0,100,Sell,235948098
2024-08-30 09:59:17,126900.0,200,Sell,235948535
2024-08-30 10:00:28,126900.0,100,Sell,235949954
2024-08-30 10:01:45,126800.0,500,Sell,235951455
2024-08-30 10:01:45,126800.0,500,Sell,235951456
2024-08-30 10:01:54,126600.0,300,Sell,235951721
2024-08-30 10:01:54,126600.0,1200,Sell,235951720
2024-08-30 10:01:54,126700.0,100,Sell,235951719
2024-08-30 10:01:54,126700.0,1000,Sell,235951718
2024-08-30 10:01:54,126800.0,300,Sell,235951715
2024-08-30 10:01:54,126700.0,300,Sell,235951716
2024-08-30 10:01:54,126700.0,500,Sell,235951717
2024-08-30 10:01:54,126800.0,100,Sell,235951712
2024-08-30 10:01:54,126800.0,100,Sell,235951714
2024-08-30 10:01:54,126800.0,100,Sell,235951713
2024-08-30 10:02:06,126600.0,200,Sell,235952016
2024-08-30 10:02:06,126600.0,100,Sell,235952017
2024-08-30 10:02:06,126600.0,1200,Sell,235952018
2024-08-30 10:02:06,126500.0,200,Sell,235952019
2024-08-30 10:02:06,126500.0,500,Sell,235952020
2024-08-30 10:02:06,126500.0,1000,Sell,235952021
2024-08-30 10:02:13,126500.0,900,Buy,235952141
2024-08-30 10:02:19,126500.0,200,Buy,235952280
2024-08-30 10:02:38,126500.0,100,Buy,235952588
2024-08-30 10:03:17,126500.0,100,Buy,235953399
2024-08-30 10:03:35,126500.0,100,Buy,235953781
2024-08-30 10:03:45,126500.0,100,Buy,235954030
2024-08-30 10:04:19,126500.0,200,Buy,235954668
2024-08-30 10:04:40,126400.0,100,Sell,235955051
2024-08-30 10:04:40,126400.0,400,Sell,235955052
2024-08-30 10:04:40,126400.0,1000,Sell,235955050
2024-08-30 10:04:47,126400.0,200,Sell,235955323
2024-08-30 10:05:24,126400.0,400,Sell,235955920
2024-08-30 10:05:24,126400.0,400,Sell,235955921
2024-08-30 10:05:25,126400.0,200,Buy,235955938
2024-08-30 10:06:39,126400.0,100,Buy,235957240
2024-08-30 10:08:00,126400.0,200,Buy,235958644
2024-08-30 10:08:00,126400.0,100,Buy,235958645
2024-08-30 10:08:09,126900.0,300,Buy,235958784
2024-08-30 10:08:09,126900.0,100,Buy,235958782
2024-08-30 10:08:09,126900.0,100,Buy,235958783
2024-08-30 10:08:13,126900.0,100,Buy,235958821
2024-08-30 10:08:47,126900.0,200,Buy,235959378
2024-08-30 10:09:12,126800.0,100,Buy,235959781
2024-08-30 10:09:32,126400.0,100,Sell,235960045
2024-08-30 10:10:42,126500.0,100,Sell,235961175
2024-08-30 10:10:57,126500.0,100,Sell,235961434
2024-08-30 10:12:20,126500.0,1400,Sell,235962742
2024-08-30 10:12:40,126500.0,100,Sell,235963109
2024-08-30 10:14:19,126500.0,100,Sell,235964847
2024-08-30 10:14:23,126500.0,200,Sell,235964913
2024-08-30 10:14:38,126500.0,200,Sell,235965145
2024-08-30 10:16:36,126500.0,100,Sell,235966883
2024-08-30 10:17:37,126500.0,100,Sell,235967828
2024-08-30 10:17:37,126500.0,100,Sell,235967829
2024-08-30 10:17:37,126500.0,200,Sell,235967830
2024-08-30 10:17:44,126800.0,100,Buy,235967924
2024-08-30 10:17:44,126800.0,100,Buy,235967925
2024-08-30 10:21:02,126800.0,100,Buy,235970916
2024-08-30 10:21:53,126500.0,300,Sell,235971714
2024-08-30 10:21:53,126500.0,200,Sell,235971712
2024-08-30 10:21:53,126500.0,1300,Sell,235971715
2024-08-30 10:21:53,126500.0,200,Sell,235971713
2024-08-30 10:21:53,126600.0,100,Sell,235971709
2024-08-30 10:21:53,126500.0,100,Sell,235971711
2024-08-30 10:21:53,126600.0,800,Sell,235971710
2024-08-30 10:22:30,126500.0,100,Sell,235972255
2024-08-30 10:24:28,126600.0,100,Sell,235973964
2024-08-30 10:24:56,126600.0,400,Sell,235974377
2024-08-30 10:26:26,126600.0,200,Sell,235975705
2024-08-30 10:28:24,126600.0,100,Sell,235977371
2024-08-30 10:28:35,126600.0,100,Sell,235977523
2024-08-30 10:30:22,126600.0,100,Sell,235979116
2024-08-30 10:32:20,126600.0,100,Sell,235981127
2024-08-30 10:34:18,126600.0,100,Sell,235983219
2024-08-30 10:36:02,126700.0,100,Buy,235985377
2024-08-30 10:37:06,126600.0,100,Sell,235986391
2024-08-30 10:38:14,126600.0,100,Sell,235987615
2024-08-30 10:38:55,126700.0,100,Buy,235988458
2024-08-30 10:39:00,126700.0,100,Buy,235988542
2024-08-30 10:39:00,126700.0,100,Buy,235988543
2024-08-30 10:39:00,126700.0,300,Buy,235988544
2024-08-30 10:39:02,126700.0,300,Buy,235988566
2024-08-30 10:40:03,126700.0,100,Sell,235989527
2024-08-30 10:40:12,126700.0,100,Sell,235989646
2024-08-30 10:42:08,126700.0,100,Sell,235991316
2024-08-30 10:42:10,126700.0,100,Sell,235991339
2024-08-30 10:43:00,126700.0,200,Sell,235992184
2024-08-30 10:44:08,126700.0,100,Sell,235993456
2024-08-30 10:44:50,126700.0,100,Sell,235994259
2024-08-30 10:45:37,126700.0,100,Buy,235994945
2024-08-30 10:45:38,126700.0,400,Buy,235994965
2024-08-30 10:45:43,126700.0,100,Buy,235995033
2024-08-30 10:45:43,126600.0,100,Sell,235995036
2024-08-30 10:45:43,126600.0,400,Sell,235995037
2024-08-30 10:45:43,126600.0,100,Sell,235995038
2024-08-30 10:45:44,126800.0,100,Buy,235995059
2024-08-30 10:45:44,126800.0,100,Buy,235995060
2024-08-30 10:45:44,126800.0,100,Buy,235995061
2024-08-30 10:45:44,126800.0,100,Buy,235995062
2024-08-30 10:45:44,126600.0,100,Sell,235995066
2024-08-30 10:46:07,126600.0,100,Sell,235995416
2024-08-30 10:48:04,126600.0,200,Sell,235997221
2024-08-30 10:49:53,126600.0,100,Sell,235998889
2024-08-30 10:49:53,126600.0,100,Sell,235998890
2024-08-30 10:50:02,126600.0,100,Sell,235999028
2024-08-30 10:52:00,126600.0,100,Sell,236000454
2024-08-30 10:52:19,126600.0,100,Sell,236000729
2024-08-30 10:53:58,126600.0,100,Sell,236001957
2024-08-30 10:54:09,126700.0,300,Buy,236002147
2024-08-30 10:55:24,126700.0,100,Buy,236003274
2024-08-30 10:55:36,126700.0,200,Buy,236003426
2024-08-30 10:56:33,126700.0,100,Buy,236004070
2024-08-30 10:56:39,126700.0,200,Buy,236004166
2024-08-30 10:56:46,126700.0,100,Buy,236004256
2024-08-30 10:58:07,126700.0,200,Buy,236005238
2024-08-30 10:58:10,126700.0,200,Sell,236005262
2024-08-30 10:59:53,126700.0,100,Sell,236006468
2024-08-30 11:00:18,126700.0,100,Sell,236006744
2024-08-30 11:01:42,126600.0,100,Sell,236007708
2024-08-30 11:01:42,126600.0,300,Sell,236007712
2024-08-30 11:01:42,126600.0,100,Sell,236007711
2024-08-30 11:01:42,126600.0,100,Sell,236007707
2024-08-30 11:01:42,126600.0,300,Sell,236007709
2024-08-30 11:01:42,126600.0,100,Sell,236007710
2024-08-30 11:01:51,126600.0,100,Sell,236007835
2024-08-30 11:03:49,126600.0,100,Sell,236009265
2024-08-30 11:05:04,126600.0,100,Sell,236010260
2024-08-30 11:05:04,126600.0,100,Sell,236010261
2024-08-30 11:08:24,126600.0,100,Buy,236012782
2024-08-30 11:08:51,126600.0,200,Buy,236013076
2024-08-30 11:12:54,126600.0,100,Buy,236016494
2024-08-30 11:12:57,126600.0,200,Buy,236016530
2024-08-30 11:13:35,126500.0,300,Sell,236016960
2024-08-30 11:13:39,126500.0,100,Sell,236017002
2024-08-30 11:15:37,126500.0,100,Sell,236018441
2024-08-30 11:16:46,126500.0,100,Sell,236019353
2024-08-30 11:16:46,126500.0,100,Sell,236019312
2024-08-30 11:17:08,126600.0,200,Buy,236019555
2024-08-30 11:20:14,126600.0,100,Buy,236021697
2024-08-30 11:23:39,126600.0,300,Buy,236023996
2024-08-30 11:25:40,126600.0,200,Buy,236025340
2024-08-30 11:25:49,126500.0,1000,Sell,236025430
2024-08-30 11:27:25,126500.0,100,Sell,236026602
2024-08-30 11:28:11,126600.0,100,Buy,236027263
2024-08-30 11:28:35,126500.0,100,Sell,236027650
2024-08-30 11:29:23,126500.0,200,Sell,236028138
2024-08-30 12:59:56,126500.0,100,Sell,236028999
2024-08-30 12:59:59,126500.0,500,Sell,236029915
2024-08-30 12:59:59,126600.0,1000,Buy,236029968
2024-08-30 13:00:06,126600.0,400,Buy,236030885
2024-08-30 13:00:12,126600.0,100,Buy,236031295
2024-08-30 13:00:17,126600.0,100,Buy,236031661
2024-08-30 13:00:17,126600.0,100,Buy,236031659
2024-08-30 13:00:17,126600.0,200,Buy,236031658
2024-08-30 13:00:17,126600.0,100,Buy,236031657
2024-08-30 13:00:17,126600.0,100,Buy,236031660
2024-08-30 13:00:17,126600.0,200,Buy,236031655
2024-08-30 13:00:17,126600.0,100,Buy,236031654
2024-08-30 13:00:17,126600.0,100,Buy,236031653
2024-08-30 13:00:17,126600.0,1900,Buy,236031652
2024-08-30 13:00:17,126600.0,100,Buy,236031656
2024-08-30 13:00:35,126600.0,600,Sell,236032002
2024-08-30 13:00:41,126700.0,100,Buy,236032102
2024-08-30 13:00:41,126700.0,100,Buy,236032103
2024-08-30 13:00:41,126700.0,100,Buy,236032104
2024-08-30 13:00:41,126700.0,200,Buy,236032105
2024-08-30 13:00:41,126700.0,100,Buy,236032106
2024-08-30 13:01:21,126700.0,100,Sell,236033077
2024-08-30 13:02:04,126700.0,100,Buy,236033819
2024-08-30 13:02:05,126700.0,900,Buy,236033833
2024-08-30 13:02:33,126700.0,300,Sell,236034310
2024-08-30 13:02:44,126700.0,700,Buy,236034630
2024-08-30 13:03:19,126700.0,100,Sell,236035277
2024-08-30 13:05:17,126700.0,100,Sell,236037341
2024-08-30 13:06:20,126700.0,100,Buy,236038544
2024-08-30 13:07:15,126700.0,500,Buy,236039570
2024-08-30 13:07:18,126700.0,100,Buy,236039616
2024-08-30 13:08:26,126700.0,100,Sell,236041101
2024-08-30 13:08:52,126700.0,300,Buy,236041810
2024-08-30 13:09:46,126700.0,100,Buy,236042935
2024-08-30 13:11:09,126800.0,100,Buy,236045114
2024-08-30 13:12:17,126800.0,100,Buy,236046620
2024-08-30 13:12:17,126800.0,200,Buy,236046622
2024-08-30 13:12:17,126800.0,500,Buy,236046618
2024-08-30 13:12:17,126800.0,300,Buy,236046617
2024-08-30 13:12:17,126800.0,500,Buy,236046619
2024-08-30 13:12:17,126800.0,600,Buy,236046621
2024-08-30 13:12:39,126800.0,100,Sell,236047100
2024-08-30 13:12:45,126800.0,500,Sell,236047205
2024-08-30 13:12:48,126900.0,500,Buy,236047256
2024-08-30 13:12:48,126900.0,300,Buy,236047257
2024-08-30 13:12:48,126900.0,100,Buy,236047258
2024-08-30 13:12:48,126900.0,800,Buy,236047259
2024-08-30 13:12:54,126900.0,200,Buy,236047409
2024-08-30 13:12:54,126900.0,100,Buy,236047410
2024-08-30 13:12:56,127000.0,100,Buy,236047445
2024-08-30 13:12:56,127000.0,400,Buy,236047447
2024-08-30 13:12:56,127000.0,200,Buy,236047446
2024-08-30 13:12:56,127000.0,500,Buy,236047444
2024-08-30 13:12:56,127000.0,300,Buy,236047442
2024-08-30 13:12:56,127000.0,500,Buy,236047441
2024-08-30 13:12:56,127000.0,500,Buy,236047443
2024-08-30 13:13:00,127000.0,800,Buy,236047578
2024-08-30 13:13:06,127000.0,4800,Buy,236047670
2024-08-30 13:13:06,127000.0,100,Buy,236047671
2024-08-30 13:13:06,127000.0,100,Buy,236047672
2024-08-30 13:13:10,127000.0,100,Sell,236047775
2024-08-30 13:13:41,127200.0,100,Buy,236048662
2024-08-30 13:13:53,127200.0,100,Buy,236048923
2024-08-30 13:14:00,127200.0,100,Buy,236049096
2024-08-30 13:14:00,127200.0,100,Buy,236049094
2024-08-30 13:14:00,127200.0,100,Buy,236049095
2024-08-30 13:14:02,127300.0,1000,Buy,236049158
2024-08-30 13:14:03,127300.0,600,Buy,236049178
2024-08-30 13:14:20,127500.0,100,Buy,236049582
2024-08-30 13:14:20,127500.0,100,Buy,236049583
2024-08-30 13:14:39,127500.0,400,Buy,236049986
2024-08-30 13:14:39,127500.0,100,Buy,236049987
2024-08-30 13:14:41,127500.0,100,Buy,236050026
2024-08-30 13:15:03,127600.0,100,Buy,236050570
2024-08-30 13:15:09,127600.0,100,Buy,236050752
2024-08-30 13:15:09,127700.0,1900,Buy,236050753
2024-08-30 13:15:12,127900.0,100,Buy,236050832
2024-08-30 13:15:12,128000.0,100,Buy,236050834
2024-08-30 13:15:12,127700.0,100,Buy,236050830
2024-08-30 13:15:12,127800.0,100,Buy,236050831
2024-08-30 13:15:12,127900.0,200,Buy,236050833
2024-08-30 13:15:12,127700.0,100,Buy,236050829
2024-08-30 13:15:19,128000.0,200,Buy,236051030
2024-08-30 13:15:45,127900.0,100,Buy,236051893
2024-08-30 13:15:52,128000.0,400,Buy,236052209
2024-08-30 13:15:52,128000.0,200,Buy,236052208
2024-08-30 13:15:52,128000.0,200,Buy,236052207
2024-08-30 13:15:52,128000.0,100,Buy,236052206
2024-08-30 13:15:52,128000.0,200,Buy,236052201
2024-08-30 13:15:52,128000.0,500,Buy,236052204
2024-08-30 13:15:52,128000.0,100,Buy,236052203
2024-08-30 13:15:52,128000.0,200,Buy,236052202
2024-08-30 13:15:52,128000.0,100,Buy,236052205
2024-08-30 13:15:54,128000.0,500,Buy,236052272
2024-08-30 13:15:54,128000.0,100,Buy,236052273
2024-08-30 13:16:00,128000.0,100,Buy,236052414
2024-08-30 13:16:04,127900.0,3000,Buy,236052544
2024-08-30 13:16:06,127900.0,2000,Buy,236052585
2024-08-30 13:16:15,127900.0,200,Sell,236052821
2024-08-30 13:16:20,127900.0,500,Sell,236052951
2024-08-30 13:16:20,127900.0,800,Sell,236052976
2024-08-30 13:16:23,127900.0,2000,Buy,236053053
2024-08-30 13:16:24,127900.0,900,Buy,236053075
2024-08-30 13:16:30,127900.0,200,Buy,236053281
2024-08-30 13:16:42,127800.0,1000,Sell,236053570
2024-08-30 13:16:42,127800.0,100,Sell,236053573
2024-08-30 13:16:45,127800.0,200,Buy,236053625
2024-08-30 13:16:49,127800.0,300,Buy,236053748
2024-08-30 13:16:55,127800.0,100,Buy,236053908
2024-08-30 13:17:09,127700.0,100,Sell,236054164
2024-08-30 13:17:16,127700.0,100,Sell,236054458
2024-08-30 13:17:19,127700.0,200,Sell,236054537
2024-08-30 13:17:19,127700.0,300,Sell,236054538
2024-08-30 13:17:20,127700.0,100,Sell,236054542
2024-08-30 13:17:38,127700.0,100,Sell,236055091
2024-08-30 13:17:44,127700.0,100,Buy,236055218
2024-08-30 13:17:51,127700.0,900,Sell,236055387
2024-08-30 13:17:54,127700.0,100,Buy,236055462
2024-08-30 13:18:03,127700.0,100,Sell,236055675
2024-08-30 13:18:03,127700.0,100,Sell,236055676
2024-08-30 13:18:05,127500.0,100,Sell,236055718
2024-08-30 13:18:05,127500.0,100,Sell,236055716
2024-08-30 13:18:05,127500.0,100,Sell,236055717
2024-08-30 13:19:03,127500.0,100,Sell,236057255
2024-08-30 13:19:03,127500.0,100,Sell,236057256
2024-08-30 13:19:03,127500.0,2000,Sell,236057257
2024-08-30 13:19:03,127500.0,800,Sell,236057258
2024-08-30 13:19:04,127500.0,100,Sell,236057275
2024-08-30 13:19:05,127500.0,200,Sell,236057297
2024-08-30 13:19:10,127500.0,200,Sell,236057401
2024-08-30 13:19:34,127700.0,300,Buy,236058043
2024-08-30 13:19:41,127700.0,100,Buy,236058296
2024-08-30 13:19:50,127700.0,100,Buy,236058510
2024-08-30 13:20:55,127500.0,100,Sell,236060279
2024-08-30 13:20:55,127500.0,100,Sell,236060278
2024-08-30 13:21:02,127500.0,200,Sell,236060466
2024-08-30 13:21:17,127700.0,300,Buy,236060983
2024-08-30 13:22:42,127700.0,100,Buy,236063136
2024-08-30 13:22:42,127700.0,100,Buy,236063137
2024-08-30 13:22:54,127700.0,500,Sell,236063467
2024-08-30 13:22:56,127800.0,100,Buy,236063507
2024-08-30 13:25:32,127700.0,300,Sell,236067204
2024-08-30 13:25:32,127700.0,100,Sell,236067205
2024-08-30 13:25:32,127700.0,1100,Sell,236067206
2024-08-30 13:25:51,127700.0,400,Sell,236067607
2024-08-30 13:25:51,127700.0,100,Sell,236067608
2024-08-30 13:26:22,127700.0,100,Sell,236068257
2024-08-30 13:26:44,127600.0,1000,Sell,236068730
2024-08-30 13:26:48,127600.0,300,Buy,236068822
2024-08-30 13:27:46,127600.0,100,Buy,236070094
2024-08-30 13:27:59,127500.0,100,Sell,236070354
2024-08-30 13:28:19,127500.0,500,Sell,236070784
2024-08-30 13:28:19,127500.0,500,Sell,236070785
2024-08-30 13:28:19,127500.0,500,Sell,236070786
2024-08-30 13:28:19,127500.0,100,Sell,236070787
2024-08-30 13:28:24,127500.0,400,Buy,236070952
2024-08-30 13:28:30,127500.0,100,Buy,236071086
2024-08-30 13:28:31,127500.0,400,Buy,236071096
2024-08-30 13:28:36,127500.0,100,Buy,236071224
2024-08-30 13:28:37,127500.0,1000,Buy,236071237
2024-08-30 13:28:37,127500.0,500,Buy,236071238
2024-08-30 13:28:49,127500.0,100,Sell,236071483
2024-08-30 13:28:49,127500.0,400,Sell,236071482
2024-08-30 13:28:54,127500.0,100,Buy,236071597
2024-08-30 13:29:06,127600.0,100,Buy,236072134
2024-08-30 13:29:06,127600.0,800,Buy,236072135
2024-08-30 13:29:06,127600.0,300,Buy,236072150
2024-08-30 13:29:06,127600.0,100,Buy,236072133
2024-08-30 13:29:07,127600.0,200,Buy,236072159
2024-08-30 13:29:09,127800.0,100,Buy,236072206
2024-08-30 13:29:09,127800.0,100,Buy,236072207
2024-08-30 13:29:09,127800.0,200,Buy,236072208
2024-08-30 13:29:09,127500.0,400,Sell,236072221
2024-08-30 13:30:52,127500.0,100,Sell,236074488
2024-08-30 13:32:26,127500.0,100,Sell,236076690
2024-08-30 13:32:50,127500.0,200,Sell,236077301
2024-08-30 13:32:58,127500.0,100,Sell,236077479
2024-08-30 13:34:50,127500.0,100,Sell,236079954
2024-08-30 13:34:56,127500.0,100,Sell,236080092
2024-08-30 13:35:58,127700.0,100,Buy,236081321
2024-08-30 13:37:07,127700.0,900,Buy,236082799
2024-08-30 13:37:12,127700.0,200,Buy,236082855
2024-08-30 13:37:25,127700.0,100,Buy,236083189
2024-08-30 13:37:25,127700.0,100,Buy,236083190
2024-08-30 13:37:33,127700.0,300,Sell,236083342
2024-08-30 13:37:33,127700.0,100,Sell,236083343
2024-08-30 13:37:34,127700.0,1000,Buy,236083358
2024-08-30 13:37:34,127700.0,100,Buy,236083362
2024-08-30 13:37:36,127700.0,400,Buy,236083384
2024-08-30 13:37:42,127700.0,100,Buy,236083506
2024-08-30 13:37:45,127700.0,1000,Buy,236083541
2024-08-30 13:37:48,127700.0,300,Buy,236083598
2024-08-30 13:37:49,127700.0,2600,Buy,236083607
2024-08-30 13:37:54,127700.0,800,Buy,236083705
2024-08-30 13:37:55,127700.0,1100,Buy,236083732
2024-08-30 13:38:22,127700.0,200,Sell,236084353
2024-08-30 13:38:22,127700.0,500,Sell,236084350
2024-08-30 13:38:22,127700.0,300,Sell,236084351
2024-08-30 13:38:22,127700.0,1000,Sell,236084352
2024-08-30 13:38:30,127700.0,500,Sell,236084460
2024-08-30 13:38:36,127800.0,200,Buy,236084597
2024-08-30 13:38:36,127800.0,400,Buy,236084595
2024-08-30 13:38:36,127800.0,200,Buy,236084596
2024-08-30 13:38:36,127800.0,100,Buy,236084592
2024-08-30 13:38:36,127800.0,500,Buy,236084591
2024-08-30 13:38:36,127800.0,100,Buy,236084590
2024-08-30 13:38:36,127800.0,100,Buy,236084593
2024-08-30 13:38:36,127800.0,400,Buy,236084594
2024-08-30 13:38:44,127800.0,100,Sell,236084722
2024-08-30 13:38:48,127800.0,600,Sell,236084801
2024-08-30 13:38:48,127800.0,700,Sell,236084802
2024-08-30 13:38:48,127800.0,100,Buy,236084823
2024-08-30 13:38:48,127800.0,400,Buy,236084828
2024-08-30 13:38:54,127800.0,100,Buy,236084950
2024-08-30 13:39:35,127700.0,100,Sell,236085804
2024-08-30 13:39:35,127700.0,100,Sell,236085805
2024-08-30 13:40:02,127800.0,100,Buy,236086327
2024-08-30 13:40:02,127800.0,200,Buy,236086328
2024-08-30 13:40:03,127800.0,300,Buy,236086347
2024-08-30 13:40:03,127800.0,100,Buy,236086348
2024-08-30 13:40:03,127800.0,100,Buy,236086349
2024-08-30 13:40:34,128000.0,200,Buy,236087185
2024-08-30 13:40:34,128000.0,500,Buy,236087186
2024-08-30 13:40:34,128000.0,600,Buy,236087187
2024-08-30 13:40:34,128000.0,1000,Buy,236087188
2024-08-30 13:40:34,128000.0,100,Buy,236087189
2024-08-30 13:40:34,128000.0,500,Buy,236087193
2024-08-30 13:40:34,128000.0,100,Buy,236087191
2024-08-30 13:40:34,128000.0,100,Buy,236087194
2024-08-30 13:40:34,128000.0,100,Buy,236087184
2024-08-30 13:40:34,128000.0,300,Buy,236087197
2024-08-30 13:40:34,128000.0,600,Buy,236087190
2024-08-30 13:40:34,128000.0,100,Buy,236087183
2024-08-30 13:40:34,128000.0,100,Buy,236087196
2024-08-30 13:40:34,128000.0,900,Buy,236087181
2024-08-30 13:40:34,128000.0,100,Buy,236087182
2024-08-30 13:40:34,127900.0,1100,Buy,236087168
2024-08-30 13:40:34,127900.0,500,Buy,236087169
2024-08-30 13:40:34,127900.0,200,Buy,236087170
2024-08-30 13:40:34,127900.0,100,Buy,236087171
2024-08-30 13:40:34,127900.0,100,Buy,236087172
2024-08-30 13:40:34,128000.0,1000,Buy,236087195
2024-08-30 13:40:34,127900.0,100,Buy,236087174
2024-08-30 13:40:34,128000.0,100,Buy,236087178
2024-08-30 13:40:34,128000.0,100,Buy,236087177
2024-08-30 13:40:34,128000.0,200,Buy,236087180
2024-08-30 13:40:34,128000.0,400,Buy,236087176
2024-08-30 13:40:34,128000.0,100,Buy,236087175
2024-08-30 13:40:34,127900.0,500,Buy,236087173
2024-08-30 13:40:38,128100.0,100,Buy,236087288
2024-08-30 13:40:38,128100.0,100,Buy,236087289
2024-08-30 13:40:38,128100.0,500,Buy,236087290
2024-08-30 13:40:42,128100.0,100,Sell,236087456
2024-08-30 13:40:48,128100.0,100,Sell,236087622
2024-08-30 13:41:00,128200.0,100,Buy,236087833
2024-08-30 13:41:10,128100.0,100,Sell,236088041
2024-08-30 13:41:18,128200.0,100,Buy,236088232
2024-08-30 13:41:18,128200.0,100,Sell,236088246
2024-08-30 13:41:19,128300.0,1500,Buy,236088252
2024-08-30 13:41:19,128300.0,100,Buy,236088253
2024-08-30 13:41:41,128400.0,100,Buy,236088680
2024-08-30 13:42:12,128500.0,100,Buy,236089537
2024-08-30 13:42:12,128500.0,400,Buy,236089538
2024-08-30 13:42:12,128500.0,100,Buy,236089549
2024-08-30 13:42:13,128500.0,400,Buy,236089556
2024-08-30 13:42:15,128500.0,200,Buy,236089581
2024-08-30 13:42:16,128500.0,400,Buy,236089600
2024-08-30 13:42:18,128500.0,300,Buy,236089657
2024-08-30 13:42:23,128500.0,100,Buy,236089752
2024-08-30 13:42:24,128500.0,100,Buy,236089799
2024-08-30 13:42:25,128500.0,500,Buy,236089820
2024-08-30 13:42:30,128500.0,100,Buy,236089915
2024-08-30 13:42:34,128500.0,1000,Buy,236090020
2024-08-30 13:42:34,128500.0,100,Buy,236090015
2024-08-30 13:42:35,128500.0,600,Buy,236090035
2024-08-30 13:42:36,128500.0,500,Buy,236090051
2024-08-30 13:42:41,128400.0,500,Sell,236090154
2024-08-30 13:42:43,128500.0,100,Buy,236090204
2024-08-30 13:42:43,128500.0,100,Buy,236090202
2024-08-30 13:42:43,128500.0,100,Buy,236090201
2024-08-30 13:42:43,128500.0,100,Buy,236090203
2024-08-30 13:42:43,128500.0,100,Buy,236090199
2024-08-30 13:42:43,128500.0,100,Buy,236090198
2024-08-30 13:42:43,128500.0,200,Buy,236090200
2024-08-30 13:42:43,128500.0,100,Buy,236090197
2024-08-30 13:42:43,128500.0,200,Buy,236090196
2024-08-30 13:42:45,128500.0,100,Buy,236090264
2024-08-30 13:42:45,128500.0,100,Buy,236090271
2024-08-30 13:42:49,128500.0,100,Sell,236090354
2024-08-30 13:42:57,128500.0,200,Sell,236090598
2024-08-30 13:42:57,128500.0,500,Sell,236090599
2024-08-30 13:43:00,128500.0,200,Buy,236090718
2024-08-30 13:43:06,128400.0,200,Sell,236090817
2024-08-30 13:43:06,128400.0,100,Sell,236090818
2024-08-30 13:43:06,128400.0,100,Sell,236090819
2024-08-30 13:43:09,128500.0,100,Buy,236090885
2024-08-30 13:43:09,128500.0,200,Buy,236090886
2024-08-30 13:43:09,128500.0,400,Buy,236090887
2024-08-30 13:43:12,128500.0,100,Buy,236090971
2024-08-30 13:43:15,128500.0,100,Sell,236091019
2024-08-30 13:43:29,128500.0,100,Buy,236091267
2024-08-30 13:43:35,128500.0,100,Buy,236091351
2024-08-30 13:43:37,128500.0,300,Buy,236091400
2024-08-30 13:43:37,128700.0,100,Buy,236091401
2024-08-30 13:43:40,128400.0,200,Sell,236091439
2024-08-30 13:43:40,128400.0,100,Sell,236091440
2024-08-30 13:43:43,128400.0,200,Buy,236091512
2024-08-30 13:43:56,128300.0,500,Sell,236091830
2024-08-30 13:44:00,128300.0,100,Buy,236092011
2024-08-30 13:44:21,128200.0,100,Sell,236092404
2024-08-30 13:44:34,127800.0,2000,Sell,236092701
2024-08-30 13:44:34,127800.0,300,Sell,236092700
2024-08-30 13:44:34,127800.0,200,Sell,236092699
2024-08-30 13:44:34,127700.0,400,Sell,236092702
2024-08-30 13:44:34,128000.0,300,Sell,236092697
2024-08-30 13:44:34,128000.0,200,Sell,236092696
2024-08-30 13:44:34,128000.0,200,Sell,236092695
2024-08-30 13:44:34,127800.0,100,Sell,236092698
2024-08-30 13:44:38,127800.0,100,Sell,236092808
2024-08-30 13:44:58,128000.0,400,Buy,236093280
2024-08-30 13:45:00,128000.0,100,Buy,236093319
2024-08-30 13:45:01,128000.0,300,Buy,236093341
2024-08-30 13:45:17,128200.0,100,Buy,236093752
2024-08-30 13:45:17,128200.0,300,Buy,236093753
2024-08-30 13:45:17,128200.0,100,Buy,236093754
2024-08-30 13:45:18,128200.0,100,Buy,236093766
2024-08-30 13:45:58,128000.0,100,Sell,236094628
2024-08-30 13:45:58,128000.0,100,Sell,236094629
2024-08-30 13:46:36,128000.0,100,Sell,236095434
2024-08-30 13:46:52,128100.0,500,Buy,236095750
2024-08-30 13:47:03,128200.0,400,Buy,236095962
2024-08-30 13:47:15,128200.0,500,Sell,236096275
2024-08-30 13:47:16,128300.0,100,Buy,236096293
2024-08-30 13:47:18,128300.0,100,Buy,236096351
2024-08-30 13:48:10,128300.0,200,Buy,236097750
2024-08-30 13:48:10,128300.0,500,Buy,236097751
2024-08-30 13:48:10,128300.0,800,Buy,236097752
2024-08-30 13:48:12,128300.0,200,Buy,236097799
2024-08-30 13:48:12,128300.0,200,Buy,236097800
2024-08-30 13:48:18,128300.0,100,Buy,236097938
2024-08-30 13:48:25,128300.0,100,Buy,236098127
2024-08-30 13:49:18,128100.0,100,Sell,236099586
2024-08-30 13:49:20,128100.0,100,Buy,236099642
2024-08-30 13:49:30,128100.0,100,Sell,236099798
2024-08-30 13:50:24,128100.0,100,Sell,236101185
2024-08-30 13:50:35,128100.0,200,Buy,236101382
2024-08-30 13:51:04,128100.0,200,Buy,236102024
2024-08-30 13:51:04,128100.0,100,Buy,236102025
2024-08-30 13:51:08,128100.0,200,Buy,236102093
2024-08-30 13:51:16,128000.0,800,Sell,236102288
2024-08-30 13:51:16,128000.0,100,Sell,236102289
2024-08-30 13:51:16,128000.0,100,Sell,236102290
2024-08-30 13:51:16,128100.0,100,Buy,236102327
2024-08-30 13:51:19,128100.0,200,Buy,236102390
2024-08-30 13:51:31,128100.0,100,Sell,236102603
2024-08-30 13:52:08,128000.0,100,Sell,236103470
2024-08-30 13:52:08,128000.0,200,Sell,236103469
2024-08-30 13:52:34,128000.0,100,Buy,236104063
2024-08-30 13:53:24,128000.0,400,Buy,236105198
2024-08-30 13:53:30,128000.0,100,Buy,236105324
2024-08-30 13:53:31,128000.0,1200,Buy,236105341
2024-08-30 13:53:49,128000.0,800,Sell,236105712
2024-08-30 13:53:49,128000.0,700,Sell,236105713
2024-08-30 13:53:49,128000.0,300,Sell,236105714
2024-08-30 13:53:54,128000.0,200,Buy,236105811
2024-08-30 13:54:00,128000.0,300,Sell,236105908
2024-08-30 13:54:01,128000.0,100,Buy,236105925
2024-08-30 13:54:27,128000.0,1600,Buy,236106514
2024-08-30 13:54:30,128000.0,100,Buy,236106579
2024-08-30 13:54:30,128000.0,100,Buy,236106577
2024-08-30 13:54:30,128000.0,200,Buy,236106578
2024-08-30 13:54:49,128000.0,1600,Sell,236106909
2024-08-30 13:54:49,128000.0,1000,Sell,236106910
2024-08-30 13:54:49,128000.0,100,Sell,236106908
2024-08-30 13:54:54,128000.0,300,Buy,236107019
2024-08-30 13:54:58,128000.0,100,Sell,236107109
2024-08-30 13:54:59,128000.0,400,Sell,236107117
2024-08-30 13:55:00,128000.0,200,Buy,236107156
2024-08-30 13:55:08,128000.0,100,Buy,236107292
2024-08-30 13:55:19,128000.0,100,Buy,236107546
2024-08-30 13:55:38,128000.0,100,Buy,236107960
2024-08-30 13:55:38,128000.0,200,Buy,236107959
2024-08-30 13:55:42,128000.0,100,Buy,236108088
2024-08-30 13:55:42,128000.0,200,Buy,236108057
2024-08-30 13:56:13,128000.0,100,Buy,236108760
2024-08-30 13:57:19,127900.0,1500,Sell,236110299
2024-08-30 13:57:20,127900.0,900,Sell,236110340
2024-08-30 13:57:46,127900.0,600,Sell,236110876
2024-08-30 13:57:46,127900.0,400,Sell,236110877
2024-08-30 13:57:50,127900.0,300,Sell,236110948
2024-08-30 13:57:50,127900.0,300,Sell,236110949
2024-08-30 13:57:54,127900.0,100,Buy,236111021
2024-08-30 13:58:32,127900.0,100,Buy,236111933
2024-08-30 13:58:51,127900.0,100,Buy,236112285
2024-08-30 13:59:12,127900.0,100,Buy,236112767
2024-08-30 13:59:13,127800.0,100,Sell,236112795
2024-08-30 13:59:13,127800.0,500,Sell,236112792
2024-08-30 13:59:13,127800.0,100,Sell,236112793
2024-08-30 13:59:13,127800.0,300,Sell,236112794
2024-08-30 13:59:21,127900.0,100,Buy,236112936
2024-08-30 13:59:21,127900.0,100,Buy,236112937
2024-08-30 13:59:39,127900.0,100,Sell,236113380
2024-08-30 14:01:14,127900.0,100,Buy,236115386
2024-08-30 14:01:18,127900.0,100,Buy,236115503
2024-08-30 14:01:31,127900.0,600,Buy,236115805
2024-08-30 14:01:32,127900.0,400,Buy,236115828
2024-08-30 14:01:35,127900.0,100,Buy,236115890
2024-08-30 14:01:36,127900.0,600,Buy,236115932
2024-08-30 14:01:36,127900.0,100,Buy,236115933
2024-08-30 14:01:38,127900.0,200,Sell,236115969
2024-08-30 14:02:20,127900.0,100,Sell,236116898
2024-08-30 14:02:26,127900.0,200,Sell,236116999
2024-08-30 14:04:47,127900.0,900,Buy,236120892
2024-08-30 14:04:48,127900.0,200,Buy,236120932
2024-08-30 14:04:48,127900.0,100,Buy,236120931
2024-08-30 14:05:03,127900.0,300,Sell,236121300
2024-08-30 14:05:03,127900.0,200,Sell,236121299
2024-08-30 14:06:07,128000.0,200,Buy,236123257
2024-08-30 14:06:07,128000.0,100,Buy,236123258
2024-08-30 14:06:07,128000.0,100,Buy,236123259
2024-08-30 14:06:07,128000.0,100,Buy,236123260
2024-08-30 14:06:07,128000.0,300,Buy,236123261
2024-08-30 14:06:10,128000.0,200,Sell,236123352
2024-08-30 14:06:11,127900.0,100,Sell,236123358
2024-08-30 14:06:11,127900.0,200,Sell,236123359
2024-08-30 14:06:17,127900.0,100,Sell,236123531
2024-08-30 14:06:39,128000.0,1000,Sell,236124126
2024-08-30 14:06:44,128000.0,500,Sell,236124300
2024-08-30 14:07:03,128100.0,100,Buy,236124777
2024-08-30 14:07:03,128100.0,300,Buy,236124778
2024-08-30 14:07:06,128100.0,100,Buy,236124863
2024-08-30 14:07:08,128100.0,600,Buy,236124897
2024-08-30 14:07:08,128100.0,700,Buy,236124898
2024-08-30 14:07:12,128100.0,300,Buy,236125038
2024-08-30 14:07:40,128100.0,100,Sell,236125742
2024-08-30 14:07:40,128100.0,800,Sell,236125743
2024-08-30 14:07:42,128100.0,200,Buy,236125832
2024-08-30 14:07:43,128100.0,900,Buy,236125838
2024-08-30 14:08:07,128100.0,400,Sell,236126687
2024-08-30 14:08:07,128100.0,300,Sell,236126686
2024-08-30 14:08:12,128100.0,200,Buy,236126798
2024-08-30 14:08:13,128100.0,400,Buy,236126830
2024-08-30 14:08:18,128100.0,100,Buy,236126994
2024-08-30 14:10:22,128100.0,200,Buy,236130677
2024-08-30 14:10:52,128000.0,500,Sell,236131507
2024-08-30 14:10:52,128000.0,300,Sell,236131508
2024-08-30 14:10:52,128000.0,100,Sell,236131509
2024-08-30 14:10:52,128000.0,2000,Sell,236131510
2024-08-30 14:10:52,128000.0,200,Sell,236131511
2024-08-30 14:10:52,128000.0,2000,Sell,236131512
2024-08-30 14:10:52,128000.0,100,Sell,236131513
2024-08-30 14:10:52,128000.0,100,Sell,236131514
2024-08-30 14:11:06,128000.0,100,Sell,236132141
2024-08-30 14:11:07,128000.0,1000,Sell,236132235
2024-08-30 14:11:13,128000.0,400,Sell,236132410
2024-08-30 14:11:13,128000.0,100,Sell,236132411
2024-08-30 14:11:20,128000.0,200,Sell,236132642
2024-08-30 14:11:20,128000.0,100,Sell,236132643
2024-08-30 14:11:59,128000.0,200,Buy,236133776
2024-08-30 14:11:59,128000.0,400,Buy,236133777
2024-08-30 14:11:59,128000.0,400,Buy,236133778
2024-08-30 14:12:06,128000.0,200,Sell,236134041
2024-08-30 14:12:11,128000.0,100,Sell,236134228
2024-08-30 14:12:50,127900.0,300,Sell,236135533
2024-08-30 14:12:55,127900.0,100,Sell,236135669
2024-08-30 14:13:09,127900.0,400,Sell,236136168
2024-08-30 14:13:09,127900.0,600,Sell,236136169
2024-08-30 14:13:22,127900.0,500,Sell,236136669
2024-08-30 14:13:22,127900.0,500,Sell,236136676
2024-08-30 14:13:55,127900.0,100,Sell,236138119
2024-08-30 14:13:57,127900.0,300,Sell,236138178
2024-08-30 14:14:09,127900.0,100,Sell,236138615
2024-08-30 14:14:22,127900.0,100,Sell,236139184
2024-08-30 14:14:33,127900.0,100,Sell,236139669
2024-08-30 14:14:33,127900.0,200,Sell,236139670
2024-08-30 14:14:36,127900.0,700,Sell,236139777
2024-08-30 14:14:36,127900.0,300,Sell,236139778
2024-08-30 14:14:36,127900.0,300,Sell,236139779
2024-08-30 14:14:36,127900.0,100,Sell,236139780
2024-08-30 14:14:42,127900.0,100,Buy,236139974
2024-08-30 14:14:42,127900.0,300,Buy,236139973
2024-08-30 14:14:49,127900.0,100,Buy,236140410
2024-08-30 14:15:49,127800.0,100,Sell,236142942
2024-08-30 14:16:00,127800.0,100,Sell,236143336
2024-08-30 14:16:00,127800.0,300,Sell,236143337
2024-08-30 14:16:00,127800.0,1000,Sell,236143338
2024-08-30 14:16:00,127800.0,500,Sell,236143339
2024-08-30 14:16:00,127800.0,100,Sell,236143340
2024-08-30 14:16:07,127800.0,100,Sell,236143596
2024-08-30 14:16:07,127800.0,100,Sell,236143597
2024-08-30 14:16:14,127900.0,400,Buy,236143851
2024-08-30 14:16:18,127900.0,100,Buy,236144090
2024-08-30 14:16:24,127800.0,300,Sell,236144360
2024-08-30 14:16:25,127900.0,400,Buy,236144394
2024-08-30 14:16:30,127900.0,100,Buy,236144699
2024-08-30 14:16:30,127900.0,100,Buy,236144700
2024-08-30 14:16:32,127900.0,200,Buy,236144788
2024-08-30 14:16:34,127900.0,200,Sell,236144915
2024-08-30 14:16:36,127900.0,100,Buy,236145008
2024-08-30 14:17:01,127800.0,100,Sell,236145941
2024-08-30 14:18:02,127800.0,100,Sell,236148194
2024-08-30 14:18:26,128000.0,400,Buy,236149048
2024-08-30 14:18:26,128000.0,200,Buy,236149047
2024-08-30 14:18:26,128000.0,500,Buy,236149044
2024-08-30 14:18:26,128000.0,300,Buy,236149046
2024-08-30 14:18:26,128000.0,200,Buy,236149042
2024-08-30 14:18:26,127900.0,3000,Buy,236149041
2024-08-30 14:18:26,127900.0,300,Buy,236149040
2024-08-30 14:18:26,128000.0,100,Buy,236149043
2024-08-30 14:18:29,128000.0,800,Buy,236149174
2024-08-30 14:18:29,128000.0,200,Buy,236149175
2024-08-30 14:18:53,128000.0,100,Sell,236150009
2024-08-30 14:18:56,128000.0,500,Sell,236150092
2024-08-30 14:19:03,128000.0,1200,Sell,236150337
2024-08-30 14:19:03,128000.0,100,Sell,236150338
2024-08-30 14:19:06,128000.0,300,Buy,236150455
2024-08-30 14:19:08,127800.0,100,Sell,236150505
2024-08-30 14:19:52,127800.0,100,Sell,236152223
2024-08-30 14:19:52,127800.0,100,Sell,236152224
2024-08-30 14:19:52,127800.0,100,Sell,236152221
2024-08-30 14:19:52,127800.0,100,Sell,236152222
2024-08-30 14:19:52,127800.0,100,Sell,236152220
2024-08-30 14:20:14,127800.0,100,Sell,236153018
2024-08-30 14:20:19,127900.0,200,Buy,236153277
2024-08-30 14:20:27,127900.0,500,Buy,236153644
2024-08-30 14:20:38,127900.0,200,Buy,236154115
2024-08-30 14:20:38,128000.0,200,Buy,236154116
2024-08-30 14:20:50,127900.0,400,Buy,236154785
2024-08-30 14:21:01,127900.0,400,Buy,236155146
2024-08-30 14:21:01,128000.0,100,Buy,236155147
2024-08-30 14:21:13,128000.0,400,Buy,236155665
2024-08-30 14:21:21,127800.0,100,Sell,236156013
2024-08-30 14:21:24,128000.0,400,Buy,236156094
2024-08-30 14:21:36,128000.0,500,Buy,236156506
2024-08-30 14:21:47,128000.0,400,Buy,236156932
2024-08-30 14:21:59,128000.0,400,Buy,236157315
2024-08-30 14:22:10,128000.0,400,Buy,236157734
2024-08-30 14:22:22,128000.0,500,Buy,236158099
2024-08-30 14:22:23,127800.0,100,Sell,236158173
2024-08-30 14:22:26,127800.0,100,Sell,236158230
2024-08-30 14:22:33,128000.0,100,Buy,236158505
2024-08-30 14:22:33,128000.0,300,Buy,236158506
2024-08-30 14:22:45,128000.0,200,Buy,236158869
2024-08-30 14:22:45,128000.0,200,Buy,236158870
2024-08-30 14:22:47,127800.0,100,Sell,236158939
2024-08-30 14:22:47,127800.0,100,Sell,236158940
2024-08-30 14:22:47,127800.0,100,Sell,236158941
2024-08-30 14:23:00,127800.0,200,Buy,236159534
2024-08-30 14:23:00,127800.0,500,Buy,236159511
2024-08-30 14:23:08,128000.0,400,Buy,236159825
2024-08-30 14:23:19,128000.0,400,Buy,236160419
2024-08-30 14:23:31,128000.0,500,Buy,236160825
2024-08-30 14:23:31,127800.0,100,Sell,236160826
2024-08-30 14:23:42,128000.0,400,Buy,236161366
2024-08-30 14:23:54,128000.0,100,Buy,236161879
2024-08-30 14:23:54,128000.0,200,Buy,236161880
2024-08-30 14:23:54,128000.0,100,Buy,236161881
2024-08-30 14:24:05,128000.0,500,Buy,236162410
2024-08-30 14:24:17,128000.0,400,Buy,236163001
2024-08-30 14:24:28,128000.0,400,Buy,236163718
2024-08-30 14:24:34,127800.0,100,Sell,236164145
2024-08-30 14:24:34,127800.0,100,Sell,236164144
2024-08-30 14:24:34,127800.0,100,Sell,236164143
2024-08-30 14:24:34,127800.0,100,Sell,236164141
2024-08-30 14:24:34,127800.0,300,Sell,236164142
2024-08-30 14:24:36,127800.0,300,Buy,236164236
2024-08-30 14:24:37,127700.0,100,Sell,236164326
2024-08-30 14:24:40,128000.0,500,Buy,236164578
2024-08-30 14:24:51,128000.0,400,Buy,236165328
2024-08-30 14:25:03,128000.0,400,Buy,236166287
2024-08-30 14:25:14,127900.0,500,Buy,236166983
2024-08-30 14:25:26,127900.0,400,Buy,236167725
2024-08-30 14:25:34,127900.0,100,Buy,236168255
2024-08-30 14:25:34,127900.0,100,Buy,236168256
2024-08-30 14:25:37,128000.0,200,Buy,236168441
2024-08-30 14:25:37,127900.0,200,Buy,236168440
2024-08-30 14:25:43,127800.0,100,Sell,236168740
2024-08-30 14:25:49,128000.0,100,Buy,236169101
2024-08-30 14:25:49,128000.0,300,Buy,236169102
2024-08-30 14:26:00,128000.0,500,Buy,236169862
2024-08-30 14:26:12,128000.0,200,Buy,236170561
2024-08-30 14:26:12,128000.0,100,Buy,236170562
2024-08-30 14:26:12,128000.0,100,Buy,236170563
2024-08-30 14:26:18,127900.0,1000,Buy,236171102
2024-08-30 14:26:23,128000.0,400,Buy,236171365
2024-08-30 14:26:32,127900.0,100,Sell,236171853
2024-08-30 14:26:32,127900.0,400,Sell,236171854
2024-08-30 14:26:37,127900.0,500,Buy,236172091
2024-08-30 14:26:47,128000.0,400,Buy,236172765
2024-08-30 14:26:49,127800.0,100,Sell,236172896
2024-08-30 14:26:58,128000.0,400,Buy,236173488
2024-08-30 14:27:09,128000.0,500,Buy,236174224
2024-08-30 14:27:21,127900.0,400,Buy,236175091
2024-08-30 14:27:28,127900.0,600,Buy,236175594
2024-08-30 14:27:32,128000.0,200,Buy,236175758
2024-08-30 14:27:32,128000.0,100,Buy,236175759
2024-08-30 14:27:32,128000.0,100,Buy,236175760
2024-08-30 14:27:44,128000.0,100,Buy,236176387
2024-08-30 14:27:44,128000.0,100,Buy,236176388
2024-08-30 14:27:44,128000.0,200,Buy,236176389
2024-08-30 14:27:55,128000.0,400,Buy,236177164
2024-08-30 14:27:55,127800.0,100,Sell,236177165
2024-08-30 14:27:55,128000.0,100,Buy,236177155
2024-08-30 14:27:55,128000.0,100,Buy,236177163
2024-08-30 14:28:06,128000.0,100,Buy,236177856
2024-08-30 14:28:06,128000.0,200,Buy,236177857
2024-08-30 14:28:06,128000.0,200,Buy,236177858
2024-08-30 14:28:21,127900.0,500,Sell,236178954
2024-08-30 14:28:39,127900.0,100,Sell,236180052
2024-08-30 14:28:39,127900.0,100,Sell,236180053
2024-08-30 14:28:43,127900.0,500,Sell,236180274
2024-08-30 14:28:48,128000.0,100,Buy,236180741
2024-08-30 14:28:56,127900.0,200,Sell,236181409
2024-08-30 14:28:59,128000.0,100,Buy,236181661
2024-08-30 14:29:04,128000.0,100,Buy,236181937
2024-08-30 14:29:11,128000.0,100,Buy,236182461
2024-08-30 14:29:12,128000.0,100,Buy,236182693
2024-08-30 14:29:18,128000.0,200,Buy,236183158
2024-08-30 14:29:18,128000.0,1100,Buy,236183159
2024-08-30 14:29:18,128000.0,600,Buy,236183160
2024-08-30 14:29:18,128000.0,200,Buy,236183161
2024-08-30 14:29:18,128000.0,100,Buy,236183162
2024-08-30 14:29:18,128000.0,100,Buy,236183163
2024-08-30 14:29:18,128000.0,200,Buy,236183164
2024-08-30 14:29:18,128000.0,100,Buy,236183140
2024-08-30 14:29:30,128000.0,100,Buy,236184003
2024-08-30 14:29:43,128000.0,100,Sell,236184704
2024-08-30 14:29:43,128000.0,200,Sell,236184705
2024-08-30 14:29:45,128000.0,100,Sell,236184819
2024-08-30 14:44:55,128100.0,28800,ATO/ATC,236186254
