time,price,volume,match_type,id
2024-07-17 09:14:38,142300.0,1000,ATO/ATC,223363670
2024-07-17 09:14:43,142300.0,100,Sell,223364061
2024-07-17 09:14:53,142800.0,200,Buy,223364250
2024-07-17 09:15:41,142800.0,500,Buy,223365149
2024-07-17 09:15:41,142900.0,300,Buy,223365150
2024-07-17 09:16:31,142800.0,100,Sell,223366406
2024-07-17 09:16:32,142800.0,200,Sell,223366452
2024-07-17 09:17:38,142300.0,100,Sell,223368235
2024-07-17 09:17:39,142300.0,2600,Sell,223368259
2024-07-17 09:17:39,142300.0,100,Sell,223368258
2024-07-17 09:17:46,142300.0,400,Sell,223368502
2024-07-17 09:17:50,142200.0,100,Sell,223368593
2024-07-17 09:17:50,142200.0,1000,Sell,223368594
2024-07-17 09:18:05,142000.0,100,Sell,223369088
2024-07-17 09:18:20,142000.0,100,Sell,223369494
2024-07-17 09:18:34,142000.0,400,Sell,223369821
2024-07-17 09:18:34,142000.0,100,Sell,223369822
2024-07-17 09:18:34,142000.0,100,Sell,223369823
2024-07-17 09:18:34,142000.0,100,Sell,223369824
2024-07-17 09:18:34,142000.0,100,Sell,223369825
2024-07-17 09:18:36,142000.0,200,Buy,223369890
2024-07-17 09:19:53,142000.0,100,Buy,223372009
2024-07-17 09:20:10,141600.0,100,Sell,223372499
2024-07-17 09:21:08,141700.0,400,Sell,223374231
2024-07-17 09:21:10,141700.0,600,Sell,223374266
2024-07-17 09:21:19,141700.0,600,Sell,223374605
2024-07-17 09:21:19,141700.0,1000,Buy,223374590
2024-07-17 09:21:21,141700.0,400,Sell,223374674
2024-07-17 09:21:38,141700.0,100,Buy,223375201
2024-07-17 09:21:50,141700.0,200,Buy,223375606
2024-07-17 09:21:59,141600.0,100,Sell,223375915
2024-07-17 09:22:00,141600.0,400,Sell,223375944
2024-07-17 09:22:05,141700.0,500,Buy,223376095
2024-07-17 09:22:16,141700.0,200,Buy,223376397
2024-07-17 09:22:45,141700.0,100,Sell,223377390
2024-07-17 09:22:46,141700.0,100,Buy,223377423
2024-07-17 09:22:47,141700.0,800,Buy,223377434
2024-07-17 09:22:47,141700.0,400,Buy,223377435
2024-07-17 09:23:00,141700.0,800,Sell,223377812
2024-07-17 09:23:08,141800.0,2400,Sell,223377999
2024-07-17 09:23:09,141800.0,2600,Sell,223378040
2024-07-17 09:23:41,141800.0,100,Sell,223379049
2024-07-17 09:23:41,141800.0,100,Sell,223379050
2024-07-17 09:23:48,141700.0,100,Sell,223379240
2024-07-17 09:24:31,141700.0,100,Sell,223380602
2024-07-17 09:25:02,141800.0,100,Buy,223381511
2024-07-17 09:25:37,141700.0,100,Sell,223382507
2024-07-17 09:26:34,141800.0,1000,Sell,223384060
2024-07-17 09:27:27,141800.0,100,Sell,223385518
2024-07-17 09:27:28,141800.0,300,Sell,223385552
2024-07-17 09:27:30,141800.0,200,Sell,223385581
2024-07-17 09:27:35,141800.0,400,Sell,223385748
2024-07-17 09:27:38,141700.0,400,Sell,223385835
2024-07-17 09:27:56,141700.0,100,Sell,223386423
2024-07-17 09:29:16,141700.0,100,Sell,223388821
2024-07-17 09:30:03,141700.0,100,Sell,223390084
2024-07-17 09:30:03,141700.0,100,Sell,223390083
2024-07-17 09:30:03,141700.0,100,Sell,223390081
2024-07-17 09:30:03,141700.0,500,Sell,223390082
2024-07-17 09:30:04,141700.0,100,Buy,223390118
2024-07-17 09:31:05,141600.0,100,Sell,223391477
2024-07-17 09:31:17,141700.0,100,Buy,223391765
2024-07-17 09:31:22,141600.0,500,Sell,223391897
2024-07-17 09:31:22,141600.0,500,Sell,223391898
2024-07-17 09:31:47,141600.0,300,Sell,223392473
2024-07-17 09:32:00,141600.0,200,Buy,223392801
2024-07-17 09:32:38,141500.0,200,Sell,223393661
2024-07-17 09:32:55,141500.0,100,Sell,223394009
2024-07-17 09:32:55,141500.0,100,Sell,223394011
2024-07-17 09:33:47,141500.0,300,Sell,223395545
2024-07-17 09:33:47,141500.0,100,Sell,223395549
2024-07-17 09:33:47,141500.0,200,Sell,223395550
2024-07-17 09:34:44,141500.0,100,Sell,223397011
2024-07-17 09:35:12,141300.0,100,Sell,223397617
2024-07-17 09:36:11,141300.0,100,Sell,223399089
2024-07-17 09:36:11,141300.0,100,Sell,223399090
2024-07-17 09:36:33,141300.0,100,Sell,223399640
2024-07-17 09:37:16,141300.0,200,Sell,223400680
2024-07-17 09:37:16,141300.0,100,Sell,223400681
2024-07-17 09:37:51,141500.0,100,Buy,223401697
2024-07-17 09:38:22,141200.0,100,Sell,223402458
2024-07-17 09:38:40,141200.0,1100,Sell,223403082
2024-07-17 09:38:41,141200.0,200,Sell,223403095
2024-07-17 09:39:31,141200.0,600,Sell,223404393
2024-07-17 09:39:31,141100.0,100,Sell,223404394
2024-07-17 09:39:31,141100.0,100,Sell,223404395
2024-07-17 09:39:31,141100.0,200,Sell,223404396
2024-07-17 09:39:46,141000.0,100,Sell,223404671
2024-07-17 09:39:46,141000.0,100,Sell,223404670
2024-07-17 09:39:46,141000.0,200,Sell,223404668
2024-07-17 09:39:46,141000.0,100,Sell,223404667
2024-07-17 09:39:46,141000.0,100,Sell,223404669
2024-07-17 09:39:51,141000.0,100,Sell,223404782
2024-07-17 09:39:51,141000.0,200,Sell,223404783
2024-07-17 09:39:52,141000.0,200,Sell,223404786
2024-07-17 09:39:52,141000.0,100,Sell,223404787
2024-07-17 09:40:11,140500.0,100,Sell,223405237
2024-07-17 09:40:17,140600.0,200,Sell,223405348
2024-07-17 09:40:35,140600.0,100,Sell,223405965
2024-07-17 09:40:39,140600.0,300,Sell,223406036
2024-07-17 09:41:12,140700.0,100,Sell,223406743
2024-07-17 09:41:43,140800.0,100,Sell,223407472
2024-07-17 09:41:43,140700.0,900,Sell,223407473
2024-07-17 09:41:45,141000.0,500,Buy,223407521
2024-07-17 09:41:45,141000.0,1000,Buy,223407520
2024-07-17 09:41:45,140900.0,100,Buy,223407518
2024-07-17 09:41:45,140900.0,100,Buy,223407517
2024-07-17 09:41:45,140900.0,300,Buy,223407516
2024-07-17 09:41:45,141000.0,1000,Buy,223407519
2024-07-17 09:41:47,140700.0,1000,Sell,223407569
2024-07-17 09:41:47,140700.0,1700,Sell,223407570
2024-07-17 09:42:01,140800.0,100,Sell,223407953
2024-07-17 09:42:54,141000.0,500,Buy,223409410
2024-07-17 09:42:54,141000.0,100,Buy,223409411
2024-07-17 09:43:18,141200.0,100,Buy,223409924
2024-07-17 09:43:18,141200.0,1000,Buy,223409925
2024-07-17 09:43:18,141200.0,100,Buy,223409926
2024-07-17 09:43:18,141400.0,1000,Buy,223409927
2024-07-17 09:43:18,141400.0,1000,Buy,223409928
2024-07-17 09:43:18,141500.0,100,Buy,223409929
2024-07-17 09:43:18,141500.0,1000,Buy,223409930
2024-07-17 09:43:18,141500.0,100,Buy,223409931
2024-07-17 09:43:19,141500.0,600,Sell,223409947
2024-07-17 09:43:36,141500.0,100,Buy,223410367
2024-07-17 09:43:36,141500.0,1000,Buy,223410368
2024-07-17 09:43:36,141300.0,900,Buy,223410366
2024-07-17 09:43:49,141500.0,100,Buy,223410696
2024-07-17 09:43:50,141000.0,100,Sell,223410702
2024-07-17 09:44:11,141500.0,900,Buy,223411227
2024-07-17 09:44:11,141500.0,300,Buy,223411228
2024-07-17 09:44:11,141500.0,1000,Buy,223411229
2024-07-17 09:44:11,141500.0,800,Buy,223411230
2024-07-17 09:45:39,141100.0,100,Sell,223413491
2024-07-17 09:46:28,141100.0,200,Sell,223414925
2024-07-17 09:46:47,141000.0,500,Sell,223415482
2024-07-17 09:46:47,141000.0,800,Sell,223415481
2024-07-17 09:46:47,141000.0,500,Sell,223415475
2024-07-17 09:46:47,141100.0,100,Sell,223415473
2024-07-17 09:46:47,141100.0,200,Sell,223415472
2024-07-17 09:46:47,141100.0,400,Sell,223415471
2024-07-17 09:46:47,141000.0,200,Sell,223415474
2024-07-17 09:47:28,140800.0,100,Sell,223416951
2024-07-17 09:47:53,140800.0,800,Sell,223417804
2024-07-17 09:47:53,140800.0,100,Sell,223417808
2024-07-17 09:47:54,140800.0,100,Sell,223417848
2024-07-17 09:47:54,140800.0,500,Sell,223417849
2024-07-17 09:47:54,140800.0,100,Sell,223417850
2024-07-17 09:47:54,140800.0,500,Sell,223417851
2024-07-17 09:48:12,140800.0,100,Sell,223418420
2024-07-17 09:48:17,140800.0,100,Sell,223418592
2024-07-17 09:48:17,140800.0,400,Buy,223418599
2024-07-17 09:48:17,140800.0,6000,Sell,223418591
2024-07-17 09:48:19,141000.0,600,Sell,223418679
2024-07-17 09:49:18,140900.0,100,Sell,223421281
2024-07-17 09:50:49,141000.0,100,Buy,223424349
2024-07-17 09:50:49,141000.0,200,Buy,223424350
2024-07-17 09:51:00,140900.0,300,Sell,223424660
2024-07-17 09:51:00,140900.0,600,Sell,223424658
2024-07-17 09:51:00,140900.0,300,Sell,223424659
2024-07-17 09:51:07,140700.0,100,Sell,223424890
2024-07-17 09:51:26,140700.0,1000,Sell,223425495
2024-07-17 09:51:26,140700.0,100,Sell,223425496
2024-07-17 09:51:26,140700.0,500,Sell,223425497
2024-07-17 09:51:49,140700.0,100,Buy,223426229
2024-07-17 09:51:50,140700.0,300,Buy,223426232
2024-07-17 09:51:50,140700.0,200,Buy,223426233
2024-07-17 09:51:53,140500.0,100,Sell,223426385
2024-07-17 09:51:53,140500.0,900,Sell,223426391
2024-07-17 09:51:53,140500.0,100,Sell,223426390
2024-07-17 09:51:53,140500.0,2000,Sell,223426389
2024-07-17 09:51:53,140500.0,500,Sell,223426388
2024-07-17 09:51:53,140500.0,100,Sell,223426387
2024-07-17 09:51:53,140500.0,1000,Sell,223426386
2024-07-17 09:51:53,140500.0,200,Sell,223426384
2024-07-17 09:51:53,140600.0,300,Sell,223426376
2024-07-17 09:51:53,140500.0,2000,Sell,223426382
2024-07-17 09:51:53,140500.0,100,Sell,223426381
2024-07-17 09:51:53,140500.0,100,Sell,223426380
2024-07-17 09:51:53,140600.0,100,Sell,223426379
2024-07-17 09:51:53,140600.0,100,Sell,223426378
2024-07-17 09:51:53,140600.0,100,Sell,223426377
2024-07-17 09:51:53,140600.0,200,Sell,223426374
2024-07-17 09:51:53,140600.0,1000,Sell,223426375
2024-07-17 09:51:53,140500.0,100,Sell,223426383
2024-07-17 09:52:06,140500.0,100,Sell,223426956
2024-07-17 09:52:32,140100.0,300,Sell,223428269
2024-07-17 09:52:50,140100.0,100,Sell,223429076
2024-07-17 09:52:50,140100.0,500,Sell,223429075
2024-07-17 09:52:50,140100.0,700,Sell,223429071
2024-07-17 09:52:50,140100.0,100,Sell,223429073
2024-07-17 09:52:50,140100.0,100,Sell,223429072
2024-07-17 09:52:50,140100.0,200,Sell,223429074
2024-07-17 09:52:52,140000.0,900,Sell,223429412
2024-07-17 09:52:52,140000.0,200,Sell,223429408
2024-07-17 09:52:52,140000.0,100,Sell,223429410
2024-07-17 09:52:52,140000.0,100,Sell,223429409
2024-07-17 09:52:52,140000.0,100,Sell,223429407
2024-07-17 09:52:52,140000.0,4100,Sell,223429411
2024-07-17 09:52:52,140000.0,100,Sell,223429405
2024-07-17 09:52:52,140100.0,200,Sell,223429401
2024-07-17 09:52:52,140100.0,100,Sell,223429402
2024-07-17 09:52:52,140000.0,200,Sell,223429406
2024-07-17 09:52:52,140000.0,100,Sell,223429404
2024-07-17 09:52:52,140100.0,200,Sell,223429403
2024-07-17 09:52:53,140000.0,100,Sell,223429436
2024-07-17 09:52:53,140000.0,1000,Sell,223429435
2024-07-17 09:52:53,140000.0,800,Sell,223429434
2024-07-17 09:52:53,140000.0,100,Sell,223429433
2024-07-17 09:52:53,140000.0,100,Sell,223429432
2024-07-17 09:52:53,140000.0,200,Sell,223429437
2024-07-17 09:52:53,140000.0,500,Sell,223429430
2024-07-17 09:52:53,140000.0,300,Sell,223429429
2024-07-17 09:52:53,140000.0,100,Sell,223429428
2024-07-17 09:52:53,140000.0,1000,Sell,223429427
2024-07-17 09:52:53,140000.0,300,Sell,223429431
2024-07-17 09:52:53,140000.0,100,Sell,223429426
2024-07-17 09:52:54,140000.0,300,Sell,223429482
2024-07-17 09:52:54,140000.0,200,Sell,223429475
2024-07-17 09:52:56,139900.0,100,Sell,223429569
2024-07-17 09:52:59,140000.0,200,Buy,223429838
2024-07-17 09:53:18,140000.0,1000,Buy,223430504
2024-07-17 09:53:22,140000.0,500,Buy,223430630
2024-07-17 09:53:22,140000.0,400,Buy,223430631
2024-07-17 09:53:22,140000.0,100,Buy,223430629
2024-07-17 09:53:26,139900.0,500,Sell,223430815
2024-07-17 09:53:28,140000.0,100,Buy,223430887
2024-07-17 09:53:36,140000.0,100,Sell,223431283
2024-07-17 09:53:37,140000.0,100,Buy,223431325
2024-07-17 09:53:37,140000.0,900,Buy,223431326
2024-07-17 09:53:43,140000.0,100,Buy,223431548
2024-07-17 09:53:44,140000.0,100,Buy,223431563
2024-07-17 09:53:53,140000.0,100,Buy,223431934
2024-07-17 09:53:54,140000.0,300,Buy,223431992
2024-07-17 09:53:59,140500.0,200,Buy,223432113
2024-07-17 09:53:59,140500.0,400,Buy,223432112
2024-07-17 09:53:59,140500.0,400,Buy,223432114
2024-07-17 09:54:12,140500.0,100,Buy,223432632
2024-07-17 09:54:12,140500.0,500,Buy,223432634
2024-07-17 09:54:12,140500.0,2400,Buy,223432635
2024-07-17 09:54:13,140500.0,100,Buy,223432639
2024-07-17 09:54:45,140000.0,100,Sell,223433891
2024-07-17 09:55:20,140100.0,100,Sell,223435184
2024-07-17 09:55:20,140000.0,200,Sell,223435186
2024-07-17 09:55:20,140000.0,1000,Sell,223435187
2024-07-17 09:55:20,140000.0,1900,Sell,223435188
2024-07-17 09:55:20,140000.0,3100,Sell,223435199
2024-07-17 09:55:20,140000.0,100,Sell,223435200
2024-07-17 09:55:20,140000.0,100,Sell,223435185
2024-07-17 09:55:33,140000.0,100,Buy,223435574
2024-07-17 09:56:14,139900.0,500,Sell,223437049
2024-07-17 09:56:15,139900.0,500,Sell,223437052
2024-07-17 09:56:29,139900.0,200,Sell,223437655
2024-07-17 09:56:35,139900.0,100,Sell,223437889
2024-07-17 09:56:40,139900.0,100,Sell,223438067
2024-07-17 09:56:40,139900.0,100,Sell,223438068
2024-07-17 09:56:40,139900.0,300,Sell,223438069
2024-07-17 09:56:50,139900.0,100,Sell,223438454
2024-07-17 09:57:08,139900.0,100,Buy,223439340
2024-07-17 09:57:08,139800.0,500,Sell,223439357
2024-07-17 09:57:15,139900.0,200,Buy,223439699
2024-07-17 09:57:15,139900.0,400,Buy,223439700
2024-07-17 09:57:18,139800.0,1000,Sell,223439889
2024-07-17 09:57:23,139900.0,400,Buy,223440094
2024-07-17 09:57:30,139900.0,100,Buy,223440435
2024-07-17 09:57:49,139800.0,1000,Sell,223441324
2024-07-17 09:57:59,139800.0,100,Sell,223441905
2024-07-17 09:58:03,139800.0,500,Sell,223442186
2024-07-17 09:58:17,139800.0,200,Sell,223442925
2024-07-17 09:58:19,139800.0,3800,Sell,223443060
2024-07-17 09:58:19,139800.0,200,Sell,223443057
2024-07-17 09:58:19,139800.0,400,Sell,223443058
2024-07-17 09:58:19,139800.0,100,Sell,223443059
2024-07-17 09:58:21,139800.0,100,Sell,223443187
2024-07-17 09:58:21,139800.0,1200,Sell,223443186
2024-07-17 09:58:23,139900.0,400,Buy,223443271
2024-07-17 09:58:23,139900.0,600,Buy,223443274
2024-07-17 09:58:23,139800.0,2600,Buy,223443270
2024-07-17 09:58:23,139900.0,2000,Buy,223443272
2024-07-17 09:58:23,139900.0,300,Buy,223443273
2024-07-17 09:58:24,139900.0,100,Sell,223443375
2024-07-17 09:58:37,139900.0,1000,Sell,223444303
2024-07-17 09:58:42,140200.0,100,Buy,223444611
2024-07-17 09:58:42,140300.0,300,Buy,223444612
2024-07-17 09:59:12,140000.0,2000,Buy,223446228
2024-07-17 09:59:24,140000.0,800,Buy,223446808
2024-07-17 09:59:24,140000.0,200,Buy,223446809
2024-07-17 09:59:27,140000.0,400,Buy,223446930
2024-07-17 09:59:27,140000.0,100,Buy,223446931
2024-07-17 09:59:49,140300.0,800,Buy,223448231
2024-07-17 09:59:49,140300.0,700,Buy,223448230
2024-07-17 09:59:49,140200.0,100,Buy,223448229
2024-07-17 09:59:49,140000.0,500,Buy,223448227
2024-07-17 09:59:49,140000.0,100,Buy,223448226
2024-07-17 09:59:49,140000.0,100,Buy,223448224
2024-07-17 09:59:49,140200.0,1200,Buy,223448228
2024-07-17 09:59:49,140000.0,200,Buy,223448225
2024-07-17 10:00:00,140300.0,300,Sell,223448803
2024-07-17 10:00:11,140300.0,500,Sell,223449442
2024-07-17 10:00:13,140300.0,100,Sell,223449505
2024-07-17 10:00:26,140300.0,400,Sell,223450090
2024-07-17 10:01:01,139800.0,100,Sell,223451720
2024-07-17 10:01:10,139800.0,200,Sell,223452200
2024-07-17 10:01:16,139800.0,500,Sell,223452452
2024-07-17 10:01:29,139800.0,200,Sell,223453056
2024-07-17 10:02:02,139800.0,100,Sell,223454461
2024-07-17 10:02:10,139800.0,100,Sell,223454880
2024-07-17 10:02:10,139800.0,100,Sell,223454879
2024-07-17 10:02:10,139800.0,300,Sell,223454881
2024-07-17 10:02:16,139800.0,100,Sell,223455054
2024-07-17 10:02:16,139800.0,400,Sell,223455055
2024-07-17 10:02:59,139800.0,1100,Sell,223456584
2024-07-17 10:03:05,139800.0,500,Sell,223456753
2024-07-17 10:03:08,139800.0,3000,Sell,223456880
2024-07-17 10:03:08,139800.0,100,Sell,223456882
2024-07-17 10:03:08,139800.0,100,Sell,223456883
2024-07-17 10:03:08,139800.0,100,Sell,223456884
2024-07-17 10:03:08,139700.0,2700,Sell,223456885
2024-07-17 10:03:35,139700.0,600,Sell,223458098
2024-07-17 10:03:52,139800.0,100,Sell,223459060
2024-07-17 10:03:57,139800.0,100,Sell,223459315
2024-07-17 10:04:07,139800.0,100,Buy,223459810
2024-07-17 10:04:09,139700.0,600,Sell,223459837
2024-07-17 10:04:26,139800.0,100,Buy,223460585
2024-07-17 10:04:35,139800.0,400,Buy,223460975
2024-07-17 10:04:50,139800.0,600,Sell,223461601
2024-07-17 10:04:53,139800.0,500,Buy,223461676
2024-07-17 10:04:53,139700.0,500,Sell,223461677
2024-07-17 10:05:36,139700.0,600,Sell,223463370
2024-07-17 10:05:36,139700.0,200,Sell,223463371
2024-07-17 10:05:36,139700.0,700,Sell,223463372
2024-07-17 10:05:41,139700.0,100,Sell,223463520
2024-07-17 10:05:47,139700.0,200,Sell,223463714
2024-07-17 10:05:47,139700.0,100,Sell,223463715
2024-07-17 10:05:47,139700.0,100,Sell,223463716
2024-07-17 10:05:47,139700.0,100,Sell,223463717
2024-07-17 10:05:50,139800.0,100,Buy,223463856
2024-07-17 10:06:05,139700.0,100,Sell,223464445
2024-07-17 10:06:05,139800.0,600,Buy,223464447
2024-07-17 10:06:05,139700.0,100,Sell,223464444
2024-07-17 10:06:05,139700.0,100,Sell,223464446
2024-07-17 10:06:13,139800.0,200,Buy,223464742
2024-07-17 10:06:13,139800.0,300,Buy,223464743
2024-07-17 10:06:30,139800.0,100,Buy,223465503
2024-07-17 10:06:35,139800.0,200,Buy,223465693
2024-07-17 10:07:01,139800.0,100,Buy,223466741
2024-07-17 10:07:01,139800.0,500,Buy,223466742
2024-07-17 10:07:30,139800.0,100,Sell,223467659
2024-07-17 10:08:22,139900.0,200,Buy,223469287
2024-07-17 10:08:46,139800.0,100,Sell,223469873
2024-07-17 10:08:46,139800.0,300,Sell,223469874
2024-07-17 10:08:46,139800.0,100,Sell,223469875
2024-07-17 10:08:53,139800.0,100,Buy,223470055
2024-07-17 10:09:01,139900.0,500,Buy,223470305
2024-07-17 10:09:09,140000.0,1000,Buy,223470546
2024-07-17 10:09:09,140000.0,500,Buy,223470547
2024-07-17 10:09:09,140000.0,200,Buy,223470548
2024-07-17 10:09:09,140000.0,200,Buy,223470549
2024-07-17 10:09:09,140000.0,100,Buy,223470545
2024-07-17 10:09:14,139900.0,100,Sell,223470685
2024-07-17 10:09:14,139800.0,100,Sell,223470686
2024-07-17 10:09:14,139700.0,200,Sell,223470687
2024-07-17 10:09:14,139700.0,100,Sell,223470688
2024-07-17 10:09:19,139700.0,100,Sell,223470851
2024-07-17 10:09:41,140000.0,400,Buy,223471445
2024-07-17 10:09:41,140000.0,200,Buy,223471444
2024-07-17 10:09:41,140300.0,300,Buy,223471446
2024-07-17 10:09:41,139900.0,500,Buy,223471442
2024-07-17 10:09:41,140000.0,100,Buy,223471443
2024-07-17 10:09:41,139900.0,500,Buy,223471441
2024-07-17 10:09:42,139700.0,300,Sell,223471478
2024-07-17 10:09:42,139700.0,100,Sell,223471476
2024-07-17 10:09:42,139700.0,100,Sell,223471477
2024-07-17 10:10:12,140300.0,700,Buy,223472157
2024-07-17 10:10:12,140300.0,200,Buy,223472158
2024-07-17 10:10:12,140300.0,100,Buy,223472159
2024-07-17 10:10:12,140400.0,1500,Buy,223472160
2024-07-17 10:10:12,140400.0,1000,Buy,223472161
2024-07-17 10:10:12,140500.0,2500,Buy,223472162
2024-07-17 10:10:12,140500.0,500,Buy,223472163
2024-07-17 10:11:09,140000.0,100,Sell,223473632
2024-07-17 10:11:36,140000.0,600,Sell,223474291
2024-07-17 10:11:44,139700.0,500,Sell,223474432
2024-07-17 10:12:35,140400.0,100,Buy,223476026
2024-07-17 10:12:39,139700.0,100,Sell,223476096
2024-07-17 10:12:39,139700.0,100,Sell,223476095
2024-07-17 10:12:39,139700.0,200,Sell,223476094
2024-07-17 10:12:39,139700.0,200,Sell,223476093
2024-07-17 10:12:58,139800.0,100,Sell,223476630
2024-07-17 10:13:19,139800.0,100,Sell,223477397
2024-07-17 10:13:32,139800.0,500,Sell,223478078
2024-07-17 10:13:52,139800.0,300,Sell,223478906
2024-07-17 10:13:52,139800.0,100,Sell,223478907
2024-07-17 10:13:52,139800.0,100,Sell,223478908
2024-07-17 10:13:52,139800.0,100,Sell,223478909
2024-07-17 10:14:27,139700.0,100,Sell,223480285
2024-07-17 10:14:27,139700.0,100,Sell,223480286
2024-07-17 10:14:27,139700.0,200,Sell,223480287
2024-07-17 10:14:27,139700.0,100,Sell,223480288
2024-07-17 10:14:47,139700.0,100,Sell,223481254
2024-07-17 10:14:49,139800.0,200,Buy,223481360
2024-07-17 10:15:21,139700.0,500,Sell,223483700
2024-07-17 10:16:04,139700.0,100,Sell,223486764
2024-07-17 10:16:04,139700.0,200,Sell,223486763
2024-07-17 10:16:04,139700.0,1300,Sell,223486759
2024-07-17 10:16:04,139700.0,200,Sell,223486761
2024-07-17 10:16:04,139700.0,100,Sell,223486762
2024-07-17 10:16:04,139700.0,100,Sell,223486760
2024-07-17 10:16:14,139700.0,100,Sell,223487765
2024-07-17 10:16:14,139700.0,100,Sell,223487764
2024-07-17 10:16:14,139700.0,100,Sell,223487761
2024-07-17 10:16:14,139700.0,100,Sell,223487762
2024-07-17 10:16:14,139700.0,100,Sell,223487763
2024-07-17 10:16:15,139600.0,500,Sell,223487956
2024-07-17 10:16:36,139600.0,100,Sell,223489615
2024-07-17 10:17:09,139600.0,500,Sell,223492667
2024-07-17 10:17:10,139600.0,100,Sell,223492755
2024-07-17 10:17:48,139600.0,1500,Sell,223496186
2024-07-17 10:18:02,139600.0,300,Sell,223497398
2024-07-17 10:18:03,139600.0,500,Sell,223497451
2024-07-17 10:18:04,139600.0,500,Sell,223497567
2024-07-17 10:18:23,139600.0,100,Sell,223499249
2024-07-17 10:18:26,139600.0,100,Sell,223499612
2024-07-17 10:18:35,139600.0,2000,Sell,223500986
2024-07-17 10:18:41,139600.0,100,Sell,223501515
2024-07-17 10:18:51,139600.0,200,Sell,223502337
2024-07-17 10:18:53,139600.0,1500,Sell,223502499
2024-07-17 10:18:53,139600.0,1500,Sell,223502500
2024-07-17 10:18:57,139600.0,300,Sell,223502896
2024-07-17 10:18:57,139600.0,100,Sell,223502897
2024-07-17 10:18:57,139600.0,100,Sell,223502898
2024-07-17 10:19:05,139600.0,100,Sell,223503623
2024-07-17 10:19:05,139600.0,1300,Sell,223503619
2024-07-17 10:19:05,139600.0,100,Sell,223503620
2024-07-17 10:19:05,139600.0,100,Sell,223503621
2024-07-17 10:19:05,139600.0,500,Sell,223503622
2024-07-17 10:19:12,139500.0,200,Sell,223504159
2024-07-17 10:19:32,139500.0,500,Sell,223505810
2024-07-17 10:19:35,139600.0,200,Buy,223506033
2024-07-17 10:19:51,139500.0,600,Sell,223507185
2024-07-17 10:19:57,139500.0,1600,Sell,223507606
2024-07-17 10:19:57,139500.0,100,Sell,223507607
2024-07-17 10:19:57,139500.0,100,Sell,223507608
2024-07-17 10:19:57,139500.0,100,Sell,223507609
2024-07-17 10:19:57,139500.0,100,Sell,223507610
2024-07-17 10:19:57,139500.0,200,Sell,223507611
2024-07-17 10:19:57,139500.0,100,Sell,223507612
2024-07-17 10:19:57,139500.0,500,Sell,223507613
2024-07-17 10:19:57,139500.0,100,Sell,223507614
2024-07-17 10:19:57,139500.0,100,Sell,223507615
2024-07-17 10:19:57,139500.0,100,Sell,223507616
2024-07-17 10:19:57,139500.0,100,Sell,223507617
2024-07-17 10:20:14,139600.0,200,Buy,223509042
2024-07-17 10:20:15,139400.0,100,Sell,223509096
2024-07-17 10:20:41,139200.0,500,Sell,223511173
2024-07-17 10:20:45,139200.0,500,Sell,223511481
2024-07-17 10:20:50,139200.0,2000,Sell,223511946
2024-07-17 10:20:50,139200.0,100,Sell,223511947
2024-07-17 10:20:50,139200.0,200,Sell,223511948
2024-07-17 10:20:58,139200.0,100,Buy,223512497
2024-07-17 10:21:21,139200.0,100,Buy,223514029
2024-07-17 10:21:22,139100.0,1000,Sell,223514129
2024-07-17 10:21:22,139100.0,1000,Sell,223514130
2024-07-17 10:21:32,139000.0,500,Sell,223514746
2024-07-17 10:21:32,139000.0,100,Sell,223514759
2024-07-17 10:21:39,139000.0,600,Sell,223515293
2024-07-17 10:21:49,139000.0,1800,Sell,223515945
2024-07-17 10:21:50,139000.0,100,Sell,223516096
2024-07-17 10:21:50,139000.0,100,Sell,223516095
2024-07-17 10:21:53,139000.0,200,Sell,223516199
2024-07-17 10:21:56,139000.0,800,Sell,223516374
2024-07-17 10:21:56,139000.0,200,Sell,223516402
2024-07-17 10:21:56,139000.0,100,Sell,223516401
2024-07-17 10:21:56,139000.0,2000,Sell,223516399
2024-07-17 10:21:56,139000.0,100,Sell,223516398
2024-07-17 10:21:56,139000.0,100,Sell,223516397
2024-07-17 10:21:56,139000.0,400,Sell,223516396
2024-07-17 10:21:56,139000.0,100,Sell,223516395
2024-07-17 10:21:56,139000.0,200,Sell,223516394
2024-07-17 10:21:56,139000.0,100,Sell,223516393
2024-07-17 10:21:56,139000.0,300,Sell,223516392
2024-07-17 10:21:56,139000.0,100,Sell,223516391
2024-07-17 10:21:56,139000.0,100,Sell,223516390
2024-07-17 10:21:56,139000.0,500,Sell,223516389
2024-07-17 10:21:56,139000.0,100,Sell,223516388
2024-07-17 10:21:56,139000.0,100,Sell,223516386
2024-07-17 10:21:56,139000.0,100,Sell,223516385
2024-07-17 10:21:56,139000.0,100,Sell,223516384
2024-07-17 10:21:56,139000.0,100,Sell,223516383
2024-07-17 10:21:56,139000.0,300,Sell,223516382
2024-07-17 10:21:56,139000.0,100,Sell,223516381
2024-07-17 10:21:56,139000.0,1000,Sell,223516380
2024-07-17 10:21:56,139000.0,500,Sell,223516379
2024-07-17 10:21:56,139000.0,100,Sell,223516378
2024-07-17 10:21:56,139000.0,100,Sell,223516377
2024-07-17 10:21:56,139000.0,500,Sell,223516376
2024-07-17 10:21:56,139000.0,100,Sell,223516375
2024-07-17 10:21:56,139000.0,200,Sell,223516387
2024-07-17 10:22:04,138900.0,100,Sell,223516906
2024-07-17 10:22:12,138900.0,700,Sell,223518014
2024-07-17 10:22:26,138800.0,500,Sell,223519028
2024-07-17 10:22:32,138800.0,2400,Sell,223519392
2024-07-17 10:22:33,138800.0,500,Sell,223519444
2024-07-17 10:22:36,138800.0,1400,Sell,223519652
2024-07-17 10:22:47,138800.0,200,Sell,223520481
2024-07-17 10:22:47,138800.0,300,Sell,223520482
2024-07-17 10:22:47,138800.0,500,Sell,223520483
2024-07-17 10:23:09,138700.0,100,Sell,223522085
2024-07-17 10:23:09,138600.0,100,Sell,223522086
2024-07-17 10:23:09,138500.0,1700,Sell,223522087
2024-07-17 10:23:10,138500.0,1000,Sell,223522142
2024-07-17 10:23:22,138500.0,200,Sell,223523074
2024-07-17 10:23:26,138600.0,100,Sell,223523351
2024-07-17 10:23:27,138500.0,100,Sell,223523418
2024-07-17 10:23:27,138500.0,500,Sell,223523499
2024-07-17 10:23:53,138500.0,100,Sell,223525252
2024-07-17 10:23:59,138600.0,300,Buy,223525664
2024-07-17 10:24:00,138600.0,200,Buy,223525708
2024-07-17 10:24:00,138500.0,200,Sell,223525707
2024-07-17 10:24:04,138600.0,500,Buy,223526037
2024-07-17 10:24:20,138600.0,100,Sell,223526784
2024-07-17 10:24:21,138600.0,400,Sell,223526815
2024-07-17 10:24:21,138600.0,200,Sell,223526816
2024-07-17 10:24:21,138700.0,200,Buy,223526857
2024-07-17 10:24:23,138700.0,200,Buy,223526911
2024-07-17 10:24:27,138700.0,100,Buy,223527159
2024-07-17 10:24:31,138700.0,200,Buy,223527398
2024-07-17 10:24:35,138700.0,300,Sell,223527550
2024-07-17 10:24:35,138600.0,400,Sell,223527551
2024-07-17 10:24:59,138600.0,100,Sell,223528595
2024-07-17 10:25:34,138600.0,100,Sell,223530053
2024-07-17 10:25:43,138700.0,100,Sell,223530451
2024-07-17 10:25:48,138600.0,100,Sell,223530673
2024-07-17 10:25:50,138600.0,100,Sell,223530747
2024-07-17 10:26:17,138700.0,500,Sell,223531851
2024-07-17 10:26:41,138800.0,100,Buy,223532691
2024-07-17 10:26:41,138800.0,400,Buy,223532688
2024-07-17 10:26:41,138800.0,1500,Buy,223532689
2024-07-17 10:26:41,138800.0,3000,Buy,223532690
2024-07-17 10:26:46,138800.0,300,Buy,223532880
2024-07-17 10:26:46,138800.0,100,Buy,223532842
2024-07-17 10:26:57,138900.0,200,Buy,223533230
2024-07-17 10:26:57,138900.0,300,Buy,223533229
2024-07-17 10:27:00,138900.0,500,Buy,223533340
2024-07-17 10:27:29,139000.0,600,Buy,223534323
2024-07-17 10:27:29,139000.0,100,Buy,223534324
2024-07-17 10:27:29,139000.0,300,Buy,223534325
2024-07-17 10:27:29,139000.0,500,Buy,223534326
2024-07-17 10:27:32,138900.0,100,Sell,223534442
2024-07-17 10:27:37,139000.0,100,Buy,223534661
2024-07-17 10:28:00,139200.0,500,Buy,223535476
2024-07-17 10:28:08,139200.0,300,Buy,223535688
2024-07-17 10:28:08,139400.0,1200,Buy,223535689
2024-07-17 10:28:08,139500.0,2000,Buy,223535690
2024-07-17 10:28:33,139500.0,100,Buy,223536375
2024-07-17 10:29:16,139500.0,200,Buy,223537671
2024-07-17 10:29:17,139300.0,200,Sell,223537691
2024-07-17 10:29:21,139200.0,100,Sell,223537798
2024-07-17 10:29:30,139200.0,300,Sell,223538043
2024-07-17 10:29:38,139300.0,300,Buy,223538288
2024-07-17 10:29:51,139300.0,100,Sell,223538619
2024-07-17 10:30:11,139300.0,500,Sell,223539233
2024-07-17 10:30:36,139400.0,900,Buy,223539982
2024-07-17 10:30:36,139400.0,500,Buy,223539983
2024-07-17 10:31:10,139400.0,100,Sell,223540915
2024-07-17 10:31:20,139500.0,500,Buy,223541173
2024-07-17 10:31:30,139400.0,300,Sell,223541473
2024-07-17 10:31:31,139400.0,3400,Sell,223541477
2024-07-17 10:31:47,139400.0,1000,Sell,223541935
2024-07-17 10:31:50,139500.0,300,Buy,223542079
2024-07-17 10:31:54,139400.0,1900,Sell,223542269
2024-07-17 10:31:54,139400.0,100,Sell,223542270
2024-07-17 10:31:58,139500.0,1000,Buy,223542406
2024-07-17 10:32:06,139400.0,300,Sell,223542578
2024-07-17 10:32:38,139400.0,200,Buy,223543436
2024-07-17 10:32:47,139400.0,100,Sell,223543676
2024-07-17 10:33:00,139300.0,100,Sell,223544094
2024-07-17 10:33:00,139300.0,100,Sell,223544088
2024-07-17 10:33:36,139300.0,400,Buy,223545158
2024-07-17 10:33:54,139300.0,100,Sell,223545797
2024-07-17 10:33:58,139300.0,100,Buy,223545883
2024-07-17 10:34:04,139200.0,100,Sell,223546079
2024-07-17 10:34:04,139200.0,200,Sell,223546080
2024-07-17 10:34:04,139200.0,100,Sell,223546082
2024-07-17 10:34:04,139200.0,500,Sell,223546081
2024-07-17 10:34:48,139100.0,100,Sell,223547480
2024-07-17 10:34:48,139100.0,300,Sell,223547481
2024-07-17 10:34:48,139100.0,600,Sell,223547482
2024-07-17 10:34:49,139100.0,100,Sell,223547496
2024-07-17 10:35:42,139000.0,500,Sell,223549247
2024-07-17 10:36:05,139000.0,100,Sell,223549871
2024-07-17 10:36:12,139100.0,100,Buy,223550040
2024-07-17 10:36:29,139000.0,200,Sell,223550475
2024-07-17 10:36:29,139000.0,100,Sell,223550476
2024-07-17 10:36:29,138900.0,1000,Sell,223550477
2024-07-17 10:36:29,138900.0,1000,Sell,223550478
2024-07-17 10:36:29,138800.0,900,Sell,223550479
2024-07-17 10:36:29,139000.0,300,Sell,223550474
2024-07-17 10:36:36,138800.0,100,Sell,223550685
2024-07-17 10:36:36,138800.0,100,Sell,223550686
2024-07-17 10:36:38,138700.0,100,Sell,223550743
2024-07-17 10:37:19,138600.0,100,Sell,223552054
2024-07-17 10:37:28,138600.0,1000,Sell,223552291
2024-07-17 10:37:28,138600.0,100,Sell,223552288
2024-07-17 10:37:28,138600.0,1000,Sell,223552290
2024-07-17 10:37:28,138600.0,100,Sell,223552289
2024-07-17 10:37:28,138600.0,1000,Sell,223552287
2024-07-17 10:37:28,138600.0,400,Sell,223552282
2024-07-17 10:37:28,138600.0,100,Sell,223552285
2024-07-17 10:37:28,138600.0,500,Sell,223552286
2024-07-17 10:37:28,138700.0,1000,Sell,223552281
2024-07-17 10:37:28,138600.0,1000,Sell,223552283
2024-07-17 10:37:28,138600.0,200,Sell,223552284
2024-07-17 10:37:29,138500.0,400,Sell,223552309
2024-07-17 10:37:30,138500.0,300,Sell,223552375
2024-07-17 10:37:31,138500.0,500,Sell,223552379
2024-07-17 10:37:58,138600.0,200,Buy,223553080
2024-07-17 10:38:09,138600.0,100,Buy,223553581
2024-07-17 10:38:11,138600.0,100,Buy,223553686
2024-07-17 10:38:21,138600.0,100,Buy,223553938
2024-07-17 10:38:24,138500.0,100,Sell,223554029
2024-07-17 10:38:24,138500.0,300,Sell,223554030
2024-07-17 10:38:24,138500.0,100,Sell,223554031
2024-07-17 10:38:27,138500.0,100,Sell,223554069
2024-07-17 10:38:34,138500.0,700,Sell,223554352
2024-07-17 10:38:34,138500.0,100,Sell,223554350
2024-07-17 10:38:34,138500.0,100,Sell,223554349
2024-07-17 10:38:34,138500.0,100,Sell,223554351
2024-07-17 10:38:40,138600.0,500,Buy,223554613
2024-07-17 10:38:48,138600.0,100,Buy,223554881
2024-07-17 10:38:52,138600.0,200,Buy,223555014
2024-07-17 10:39:16,138600.0,100,Buy,223555803
2024-07-17 10:39:19,138500.0,200,Sell,223555898
2024-07-17 10:39:25,138500.0,500,Sell,223556116
2024-07-17 10:39:29,138600.0,100,Buy,223556258
2024-07-17 10:39:34,138600.0,300,Buy,223556392
2024-07-17 10:39:55,138600.0,100,Buy,223557016
2024-07-17 10:40:17,138500.0,100,Sell,223558180
2024-07-17 10:40:54,138500.0,100,Sell,223559568
2024-07-17 10:40:54,138800.0,100,Sell,223559567
2024-07-17 10:41:14,138600.0,200,Sell,223560580
2024-07-17 10:41:15,138600.0,100,Buy,223560598
2024-07-17 10:41:16,138500.0,400,Sell,223560631
2024-07-17 10:41:16,138500.0,500,Sell,223560632
2024-07-17 10:41:16,138500.0,300,Sell,223560633
2024-07-17 10:41:16,138500.0,500,Sell,223560634
2024-07-17 10:41:16,138500.0,100,Sell,223560635
2024-07-17 10:41:16,138500.0,200,Sell,223560636
2024-07-17 10:41:16,138500.0,200,Sell,223560637
2024-07-17 10:41:16,138500.0,1000,Sell,223560638
2024-07-17 10:41:16,138500.0,200,Sell,223560639
2024-07-17 10:41:16,138500.0,200,Sell,223560640
2024-07-17 10:41:16,138500.0,100,Sell,223560641
2024-07-17 10:41:25,138500.0,200,Buy,223560883
2024-07-17 10:41:37,138500.0,200,Buy,223561371
2024-07-17 10:41:38,138500.0,100,Buy,223561424
2024-07-17 10:42:05,138400.0,100,Sell,223562382
2024-07-17 10:42:06,138500.0,100,Buy,223562469
2024-07-17 10:42:06,138400.0,100,Sell,223562470
2024-07-17 10:42:08,138400.0,200,Sell,223562530
2024-07-17 10:42:08,138400.0,300,Sell,223562532
2024-07-17 10:42:08,138400.0,100,Sell,223562533
2024-07-17 10:42:09,138400.0,100,Buy,223562592
2024-07-17 10:42:10,138100.0,100,Sell,223562621
2024-07-17 10:42:20,138100.0,100,Sell,223563100
2024-07-17 10:42:35,138400.0,100,Buy,223563880
2024-07-17 10:42:52,138400.0,100,Sell,223564536
2024-07-17 10:43:02,138200.0,300,Buy,223564940
2024-07-17 10:43:02,138200.0,100,Sell,223564939
2024-07-17 10:43:12,138100.0,300,Sell,223565432
2024-07-17 10:43:12,138100.0,100,Sell,223565431
2024-07-17 10:43:26,138100.0,100,Sell,223565987
2024-07-17 10:43:26,138100.0,100,Sell,223565986
2024-07-17 10:43:33,138100.0,500,Buy,223566240
2024-07-17 10:43:35,138000.0,100,Sell,223566288
2024-07-17 10:43:35,138000.0,500,Sell,223566312
2024-07-17 10:43:35,138000.0,500,Sell,223566311
2024-07-17 10:43:35,138000.0,1500,Sell,223566302
2024-07-17 10:43:35,138000.0,1000,Sell,223566299
2024-07-17 10:43:35,138000.0,200,Sell,223566298
2024-07-17 10:43:35,138000.0,100,Sell,223566297
2024-07-17 10:43:35,138000.0,1000,Sell,223566301
2024-07-17 10:43:35,138000.0,300,Sell,223566294
2024-07-17 10:43:35,138000.0,100,Sell,223566295
2024-07-17 10:43:35,138000.0,100,Sell,223566289
2024-07-17 10:43:35,138000.0,100,Sell,223566290
2024-07-17 10:43:35,138000.0,100,Sell,223566300
2024-07-17 10:43:35,138000.0,300,Sell,223566292
2024-07-17 10:43:35,138000.0,500,Sell,223566293
2024-07-17 10:43:35,138000.0,100,Sell,223566291
2024-07-17 10:43:39,138000.0,100,Sell,223566461
2024-07-17 10:43:39,138000.0,1100,Sell,223566463
2024-07-17 10:43:39,138000.0,800,Sell,223566464
2024-07-17 10:43:39,138000.0,1000,Sell,223566462
2024-07-17 10:43:41,138000.0,200,Sell,223566506
2024-07-17 10:43:41,138000.0,100,Sell,223566507
2024-07-17 10:43:41,138000.0,100,Sell,223566508
2024-07-17 10:43:41,138000.0,100,Sell,223566509
2024-07-17 10:43:55,138000.0,100,Sell,223566928
2024-07-17 10:43:56,138000.0,100,Sell,223566975
2024-07-17 10:43:56,138000.0,500,Sell,223566969
2024-07-17 10:43:56,138000.0,100,Sell,223566966
2024-07-17 10:43:56,138000.0,100,Sell,223566967
2024-07-17 10:44:00,138000.0,400,Sell,223567138
2024-07-17 10:44:34,138000.0,100,Sell,223568280
2024-07-17 10:44:34,138000.0,100,Sell,223568281
2024-07-17 10:44:34,138000.0,100,Sell,223568282
2024-07-17 10:44:34,138000.0,100,Sell,223568283
2024-07-17 10:44:35,138000.0,200,Sell,223568332
2024-07-17 10:44:37,138100.0,200,Buy,223568391
2024-07-17 10:44:38,138000.0,100,Sell,223568512
2024-07-17 10:44:42,138000.0,500,Sell,223568653
2024-07-17 10:44:47,138000.0,100,Buy,223568803
2024-07-17 10:44:50,137800.0,100,Sell,223568884
2024-07-17 10:44:50,137800.0,100,Sell,223568885
2024-07-17 10:45:02,137800.0,300,Buy,223569301
2024-07-17 10:45:40,137800.0,200,Sell,223570964
2024-07-17 10:45:44,137600.0,100,Sell,223571164
2024-07-17 10:45:44,137600.0,100,Sell,223571165
2024-07-17 10:45:44,137600.0,400,Sell,223571166
2024-07-17 10:45:44,137600.0,100,Sell,223571163
2024-07-17 10:46:38,137700.0,100,Sell,223573049
2024-07-17 10:46:38,137700.0,100,Sell,223573055
2024-07-17 10:46:41,137700.0,300,Buy,223573169
2024-07-17 10:47:13,137800.0,100,Buy,223574330
2024-07-17 10:47:13,137800.0,300,Buy,223574331
2024-07-17 10:47:14,137700.0,200,Sell,223574353
2024-07-17 10:47:14,137700.0,300,Sell,223574354
2024-07-17 10:47:20,137700.0,100,Sell,223574509
2024-07-17 10:47:21,137700.0,100,Sell,223574565
2024-07-17 10:47:21,137700.0,100,Sell,223574566
2024-07-17 10:47:21,137700.0,100,Sell,223574567
2024-07-17 10:47:25,137700.0,700,Buy,223574741
2024-07-17 10:47:32,137700.0,200,Sell,223574918
2024-07-17 10:47:34,137700.0,100,Sell,223574964
2024-07-17 10:47:46,137800.0,500,Buy,223575384
2024-07-17 10:47:47,137800.0,100,Sell,223575393
2024-07-17 10:48:10,138000.0,300,Buy,223576143
2024-07-17 10:48:10,138000.0,100,Buy,223576144
2024-07-17 10:48:10,138000.0,2400,Buy,223576142
2024-07-17 10:48:11,138000.0,100,Sell,223576152
2024-07-17 10:48:40,138100.0,500,Buy,223577045
2024-07-17 10:48:48,138100.0,400,Buy,223577353
2024-07-17 10:48:55,138100.0,100,Buy,223577499
2024-07-17 10:48:56,138100.0,600,Buy,223577554
2024-07-17 10:48:56,138100.0,500,Buy,223577555
2024-07-17 10:49:10,138100.0,100,Sell,223577871
2024-07-17 10:49:23,138200.0,100,Sell,223578239
2024-07-17 10:50:20,138200.0,500,Buy,223580013
2024-07-17 10:50:31,138200.0,500,Sell,223580303
2024-07-17 10:50:36,138200.0,200,Sell,223580451
2024-07-17 10:51:12,138200.0,100,Sell,223581294
2024-07-17 10:51:25,138200.0,100,Sell,223581753
2024-07-17 10:51:25,138200.0,400,Sell,223581754
2024-07-17 10:52:15,138300.0,100,Buy,223583146
2024-07-17 10:52:19,138200.0,500,Sell,223583246
2024-07-17 10:52:25,138300.0,100,Buy,223583412
2024-07-17 10:52:26,138300.0,300,Buy,223583444
2024-07-17 10:52:35,138300.0,200,Buy,223583642
2024-07-17 10:53:01,138300.0,100,Sell,223584296
2024-07-17 10:53:21,138300.0,100,Sell,223584773
2024-07-17 10:53:21,138300.0,500,Sell,223584791
2024-07-17 10:53:21,138300.0,100,Sell,223584792
2024-07-17 10:53:27,138300.0,100,Buy,223584925
2024-07-17 10:53:35,138300.0,4300,Buy,223585089
2024-07-17 10:53:44,138400.0,500,Buy,223585292
2024-07-17 10:53:44,138400.0,200,Buy,223585291
2024-07-17 10:53:55,138300.0,7500,Sell,223585595
2024-07-17 10:53:55,138400.0,300,Sell,223585590
2024-07-17 10:53:55,138400.0,500,Sell,223585591
2024-07-17 10:53:55,138300.0,6700,Sell,223585592
2024-07-17 10:54:00,138500.0,100,Buy,223585697
2024-07-17 10:54:05,138500.0,600,Buy,223585794
2024-07-17 10:54:05,138500.0,400,Buy,223585795
2024-07-17 10:54:51,138400.0,100,Sell,223586890
2024-07-17 10:55:03,138500.0,100,Buy,223587261
2024-07-17 10:55:05,138500.0,100,Buy,223587445
2024-07-17 10:55:05,138500.0,100,Buy,223587460
2024-07-17 10:55:14,138400.0,500,Sell,223587678
2024-07-17 10:55:14,138400.0,100,Sell,223587679
2024-07-17 10:55:14,138400.0,200,Sell,223587680
2024-07-17 10:55:14,138400.0,200,Sell,223587681
2024-07-17 10:55:16,138400.0,300,Sell,223587753
2024-07-17 10:55:20,138400.0,100,Buy,223587823
2024-07-17 10:55:21,138400.0,100,Buy,223587848
2024-07-17 10:55:21,138500.0,100,Buy,223587879
2024-07-17 10:55:22,138500.0,100,Buy,223587881
2024-07-17 10:55:25,138400.0,400,Sell,223587965
2024-07-17 10:55:27,138500.0,100,Buy,223587997
2024-07-17 10:55:27,138500.0,100,Buy,223587998
2024-07-17 10:56:00,138500.0,1700,Buy,223589057
2024-07-17 10:56:00,138500.0,400,Buy,223589058
2024-07-17 10:56:00,138500.0,500,Buy,223589059
2024-07-17 10:56:40,138500.0,100,Sell,223590290
2024-07-17 10:56:52,138500.0,100,Sell,223590703
2024-07-17 10:57:13,138500.0,200,Sell,223591421
2024-07-17 10:57:13,138500.0,300,Sell,223591422
2024-07-17 10:57:23,138500.0,200,Sell,223591691
2024-07-17 10:57:27,138500.0,100,Sell,223591874
2024-07-17 10:58:06,138900.0,500,Buy,223593428
2024-07-17 10:58:07,138500.0,300,Sell,223593466
2024-07-17 10:58:07,138500.0,200,Sell,223593465
2024-07-17 10:58:29,138500.0,100,Sell,223594416
2024-07-17 10:59:01,138500.0,100,Sell,223595661
2024-07-17 10:59:01,138500.0,100,Sell,223595658
2024-07-17 10:59:01,138500.0,200,Sell,223595659
2024-07-17 10:59:01,138500.0,100,Sell,223595660
2024-07-17 10:59:29,138600.0,100,Sell,223596590
2024-07-17 10:59:55,138600.0,500,Sell,223597580
2024-07-17 11:00:18,138600.0,100,Sell,223598416
2024-07-17 11:00:50,138600.0,400,Sell,223599591
2024-07-17 11:00:50,138600.0,100,Sell,223599592
2024-07-17 11:01:12,138900.0,500,Buy,223600291
2024-07-17 11:01:30,139000.0,500,Buy,223601104
2024-07-17 11:01:34,139000.0,500,Buy,223601198
2024-07-17 11:01:34,139000.0,1000,Buy,223601199
2024-07-17 11:01:34,139000.0,1000,Buy,223601200
2024-07-17 11:01:34,139100.0,500,Buy,223601201
2024-07-17 11:02:05,139100.0,2000,Buy,223602036
2024-07-17 11:02:08,139000.0,100,Sell,223602091
2024-07-17 11:02:12,139100.0,500,Buy,223602214
2024-07-17 11:02:12,139100.0,500,Buy,223602215
2024-07-17 11:02:14,139100.0,2000,Buy,223602326
2024-07-17 11:02:14,139100.0,500,Buy,223602327
2024-07-17 11:02:23,139100.0,500,Sell,223602602
2024-07-17 11:02:23,139000.0,100,Sell,223602612
2024-07-17 11:02:34,139000.0,200,Sell,223603015
2024-07-17 11:02:55,139000.0,600,Buy,223604165
2024-07-17 11:02:56,139000.0,200,Buy,223604192
2024-07-17 11:02:56,139000.0,200,Buy,223604211
2024-07-17 11:03:03,139000.0,500,Buy,223604468
2024-07-17 11:03:57,139000.0,100,Sell,223606637
2024-07-17 11:04:34,139000.0,100,Sell,223607844
2024-07-17 11:04:51,139000.0,500,Sell,223608427
2024-07-17 11:05:00,139000.0,1000,Sell,223608747
2024-07-17 11:05:02,139000.0,100,Sell,223608818
2024-07-17 11:05:23,139000.0,100,Sell,223609536
2024-07-17 11:05:24,139000.0,300,Sell,223609571
2024-07-17 11:05:25,139000.0,300,Sell,223609594
2024-07-17 11:05:25,139000.0,100,Sell,223609595
2024-07-17 11:05:45,138800.0,500,Sell,223610346
2024-07-17 11:05:46,138800.0,100,Sell,223610372
2024-07-17 11:06:08,138800.0,100,Sell,223611406
2024-07-17 11:06:39,138800.0,300,Sell,223612521
2024-07-17 11:06:39,138800.0,100,Buy,223612525
2024-07-17 11:06:47,138800.0,100,Buy,223612817
2024-07-17 11:06:47,139000.0,900,Buy,223612818
2024-07-17 11:07:33,138800.0,500,Sell,223614453
2024-07-17 11:07:35,138600.0,100,Sell,223614551
2024-07-17 11:08:27,138700.0,100,Sell,223616844
2024-07-17 11:09:00,138700.0,200,Buy,223617739
2024-07-17 11:09:21,138600.0,500,Sell,223618266
2024-07-17 11:09:21,138600.0,200,Sell,223618272
2024-07-17 11:09:25,138600.0,100,Sell,223618350
2024-07-17 11:10:15,138600.0,100,Sell,223619983
2024-07-17 11:10:15,138600.0,300,Sell,223619984
2024-07-17 11:10:15,138600.0,100,Sell,223619985
2024-07-17 11:10:58,138600.0,200,Sell,223621104
2024-07-17 11:10:58,138600.0,400,Sell,223621105
2024-07-17 11:10:59,138600.0,100,Sell,223621146
2024-07-17 11:10:59,138600.0,300,Sell,223621147
2024-07-17 11:10:59,138600.0,100,Sell,223621148
2024-07-17 11:10:59,138600.0,100,Sell,223621149
2024-07-17 11:11:07,138500.0,200,Sell,223621342
2024-07-17 11:11:07,138500.0,100,Sell,223621344
2024-07-17 11:11:07,138500.0,100,Sell,223621343
2024-07-17 11:11:07,138500.0,300,Sell,223621341
2024-07-17 11:11:07,138500.0,200,Sell,223621340
2024-07-17 11:11:09,138400.0,100,Sell,223621374
2024-07-17 11:11:09,138400.0,400,Sell,223621375
2024-07-17 11:11:10,138400.0,1100,Sell,223621425
2024-07-17 11:11:10,138400.0,500,Sell,223621427
2024-07-17 11:11:14,138300.0,100,Sell,223621551
2024-07-17 11:11:51,138400.0,500,Buy,223622944
2024-07-17 11:11:51,138400.0,200,Buy,223622945
2024-07-17 11:11:56,138700.0,500,Buy,223623058
2024-07-17 11:11:56,138900.0,1000,Buy,223623059
2024-07-17 11:11:56,139000.0,300,Buy,223623060
2024-07-17 11:11:56,139000.0,2500,Buy,223623061
2024-07-17 11:11:56,139000.0,700,Buy,223623062
2024-07-17 11:12:32,139000.0,500,Buy,223624347
2024-07-17 11:12:36,139000.0,100,Buy,223624551
2024-07-17 11:13:03,138400.0,100,Sell,223625156
2024-07-17 11:13:07,138400.0,500,Sell,223625238
2024-07-17 11:13:30,138400.0,100,Sell,223625741
2024-07-17 11:14:00,138400.0,100,Sell,223626531
2024-07-17 11:14:00,138400.0,100,Sell,223626532
2024-07-17 11:14:00,138400.0,100,Sell,223626533
2024-07-17 11:14:00,138400.0,200,Sell,223626534
2024-07-17 11:14:42,138400.0,100,Sell,223627600
2024-07-17 11:14:42,138400.0,100,Sell,223627601
2024-07-17 11:14:46,138400.0,200,Sell,223627675
2024-07-17 11:14:52,138300.0,100,Sell,223627780
2024-07-17 11:14:54,138300.0,100,Sell,223627809
2024-07-17 11:14:54,138300.0,100,Sell,223627810
2024-07-17 11:14:54,138300.0,100,Sell,223627811
2024-07-17 11:14:54,138300.0,100,Sell,223627812
2024-07-17 11:15:06,138800.0,1500,Buy,223628098
2024-07-17 11:15:06,138800.0,1500,Buy,223628097
2024-07-17 11:15:06,138400.0,100,Buy,223628095
2024-07-17 11:15:06,138300.0,100,Buy,223628094
2024-07-17 11:15:06,138400.0,500,Buy,223628096
2024-07-17 11:15:16,138800.0,1300,Sell,223628344
2024-07-17 11:16:42,138300.0,100,Sell,223630331
2024-07-17 11:16:49,138300.0,500,Sell,223630470
2024-07-17 11:16:53,138400.0,200,Sell,223630566
2024-07-17 11:16:59,138400.0,100,Sell,223630690
2024-07-17 11:17:43,138400.0,100,Sell,223631593
2024-07-17 11:17:43,138400.0,400,Sell,223631594
2024-07-17 11:18:31,138500.0,100,Sell,223632659
2024-07-17 11:18:31,138400.0,100,Sell,223632660
2024-07-17 11:18:31,138400.0,300,Sell,223632661
2024-07-17 11:18:37,138400.0,500,Sell,223632774
2024-07-17 11:19:31,138400.0,500,Sell,223633852
2024-07-17 11:20:09,138400.0,100,Sell,223634703
2024-07-17 11:20:09,138400.0,100,Sell,223634702
2024-07-17 11:20:09,138400.0,1000,Sell,223634701
2024-07-17 11:20:09,138400.0,700,Sell,223634699
2024-07-17 11:20:09,138400.0,500,Sell,223634700
2024-07-17 11:20:13,138300.0,2200,Sell,223634774
2024-07-17 11:20:13,138300.0,2200,Sell,223634775
2024-07-17 11:20:20,138200.0,100,Sell,223634911
2024-07-17 11:20:26,138400.0,100,Sell,223635007
2024-07-17 11:21:19,138300.0,100,Sell,223635986
2024-07-17 11:21:25,138300.0,100,Buy,223636123
2024-07-17 11:21:32,138300.0,200,Buy,223636226
2024-07-17 11:21:32,138300.0,300,Buy,223636227
2024-07-17 11:21:46,138300.0,200,Buy,223636450
2024-07-17 11:22:09,138200.0,100,Sell,223636837
2024-07-17 11:22:13,138200.0,500,Sell,223636925
2024-07-17 11:23:07,138200.0,100,Sell,223638055
2024-07-17 11:23:07,138200.0,100,Sell,223638054
2024-07-17 11:23:07,138200.0,300,Sell,223638053
2024-07-17 11:23:59,138200.0,100,Sell,223638926
2024-07-17 11:24:01,138200.0,100,Sell,223638974
2024-07-17 11:24:01,138200.0,300,Sell,223638973
2024-07-17 11:24:01,138200.0,100,Sell,223638975
2024-07-17 11:24:21,138400.0,500,Buy,223639376
2024-07-17 11:25:48,138200.0,100,Sell,223641005
2024-07-17 11:25:57,138200.0,100,Sell,223641162
2024-07-17 11:25:57,138200.0,500,Sell,223641163
2024-07-17 11:26:51,138200.0,500,Sell,223642217
2024-07-17 11:27:37,138200.0,100,Sell,223643029
2024-07-17 11:27:46,138200.0,500,Sell,223643202
2024-07-17 11:27:52,138200.0,100,Sell,223643288
2024-07-17 11:27:55,138200.0,2000,Sell,223643341
2024-07-17 11:28:41,138000.0,1000,Sell,223644320
2024-07-17 11:28:41,138000.0,500,Sell,223644321
2024-07-17 11:28:41,138000.0,500,Sell,223644322
2024-07-17 11:28:41,138000.0,100,Sell,223644323
2024-07-17 11:28:41,138000.0,100,Sell,223644329
2024-07-17 11:28:41,138000.0,600,Sell,223644325
2024-07-17 11:28:41,138000.0,100,Sell,223644328
2024-07-17 11:28:41,138000.0,100,Sell,223644319
2024-07-17 11:28:41,138000.0,100,Sell,223644330
2024-07-17 11:28:41,138000.0,200,Sell,223644324
2024-07-17 11:28:41,138000.0,500,Sell,223644318
2024-07-17 11:28:41,138000.0,100,Sell,223644327
2024-07-17 11:28:41,138000.0,100,Sell,223644316
2024-07-17 11:28:41,138000.0,100,Sell,223644317
2024-07-17 11:28:41,138200.0,1100,Sell,223644306
2024-07-17 11:28:41,138200.0,100,Sell,223644307
2024-07-17 11:28:41,138200.0,800,Sell,223644308
2024-07-17 11:28:41,138200.0,100,Sell,223644309
2024-07-17 11:28:41,138000.0,200,Sell,223644326
2024-07-17 11:28:41,138100.0,100,Sell,223644311
2024-07-17 11:28:41,138100.0,300,Sell,223644312
2024-07-17 11:28:41,138100.0,100,Sell,223644313
2024-07-17 11:28:41,138100.0,5000,Sell,223644314
2024-07-17 11:28:41,138000.0,100,Sell,223644315
2024-07-17 11:28:41,138100.0,500,Sell,223644310
2024-07-17 11:29:01,138000.0,200,Buy,223644713
2024-07-17 11:29:16,138000.0,200,Buy,223645052
2024-07-17 11:29:20,138000.0,200,Buy,223645148
2024-07-17 11:29:33,138000.0,100,Buy,223645504
2024-07-17 12:59:37,138000.0,100,Buy,223645596
2024-07-17 12:59:37,138000.0,100,Buy,223645730
2024-07-17 12:59:37,138000.0,100,Buy,223645731
2024-07-17 12:59:40,137700.0,100,Sell,223646380
2024-07-17 12:59:40,137800.0,100,Sell,223646374
2024-07-17 12:59:40,137600.0,100,Sell,223646386
2024-07-17 12:59:40,137700.0,1000,Sell,223646379
2024-07-17 12:59:40,137600.0,200,Sell,223646381
2024-07-17 12:59:40,137800.0,100,Sell,223646378
2024-07-17 12:59:40,137800.0,100,Sell,223646360
2024-07-17 12:59:40,137800.0,100,Sell,223646376
2024-07-17 12:59:40,137800.0,100,Sell,223646375
2024-07-17 12:59:40,137800.0,500,Sell,223646373
2024-07-17 12:59:40,137800.0,300,Sell,223646372
2024-07-17 12:59:40,137800.0,100,Sell,223646377
2024-07-17 12:59:41,138000.0,200,Buy,223647000
2024-07-17 12:59:41,138000.0,300,Buy,223647002
2024-07-17 12:59:46,138000.0,1000,Buy,223648586
2024-07-17 12:59:46,138000.0,100,Buy,223648587
2024-07-17 12:59:46,138000.0,200,Buy,223648588
2024-07-17 12:59:47,138000.0,300,Sell,223648958
2024-07-17 12:59:51,138000.0,300,Sell,223649629
2024-07-17 12:59:52,138000.0,600,Sell,223649809
2024-07-17 12:59:55,138000.0,100,Sell,223650161
2024-07-17 13:00:07,138000.0,300,Sell,223651191
2024-07-17 13:00:19,138000.0,400,Sell,223651647
2024-07-17 13:00:19,138000.0,100,Sell,223651649
2024-07-17 13:00:19,138000.0,100,Sell,223651646
2024-07-17 13:00:19,138000.0,100,Sell,223651648
2024-07-17 13:00:40,138000.0,500,Sell,223652206
2024-07-17 13:01:26,138100.0,100,Sell,223653438
2024-07-17 13:01:32,138100.0,500,Sell,223653563
2024-07-17 13:01:51,138100.0,300,Sell,223654244
2024-07-17 13:01:51,138100.0,100,Sell,223654245
2024-07-17 13:02:21,138100.0,300,Buy,223655513
2024-07-17 13:02:21,138100.0,200,Buy,223655514
2024-07-17 13:02:27,138100.0,500,Sell,223655657
2024-07-17 13:03:06,138000.0,900,Sell,223657253
2024-07-17 13:03:06,138000.0,100,Sell,223657251
2024-07-17 13:03:06,138000.0,2000,Sell,223657252
2024-07-17 13:03:06,138000.0,600,Sell,223657247
2024-07-17 13:03:06,138000.0,1400,Sell,223657246
2024-07-17 13:03:06,138000.0,900,Sell,223657245
2024-07-17 13:03:06,138000.0,100,Sell,223657248
2024-07-17 13:03:10,138100.0,100,Buy,223657377
2024-07-17 13:03:15,138000.0,100,Sell,223657464
2024-07-17 13:03:20,138000.0,200,Sell,223657643
2024-07-17 13:03:23,138000.0,100,Buy,223657704
2024-07-17 13:03:25,138000.0,100,Buy,223657838
2024-07-17 13:03:27,138000.0,100,Buy,223657868
2024-07-17 13:03:27,138000.0,400,Buy,223657869
2024-07-17 13:03:35,138000.0,200,Sell,223658081
2024-07-17 13:03:53,138000.0,300,Sell,223658726
2024-07-17 13:03:56,138100.0,3300,Buy,223658831
2024-07-17 13:03:56,138100.0,500,Buy,223658832
2024-07-17 13:04:49,138300.0,100,Buy,223660467
2024-07-17 13:04:49,138300.0,1500,Buy,223660466
2024-07-17 13:05:04,138100.0,100,Sell,223661226
2024-07-17 13:05:13,138100.0,100,Sell,223661519
2024-07-17 13:05:20,138100.0,500,Sell,223661728
2024-07-17 13:05:41,138100.0,100,Sell,223662374
2024-07-17 13:06:09,138100.0,100,Sell,223663383
2024-07-17 13:06:14,138100.0,300,Sell,223663611
2024-07-17 13:06:14,138100.0,100,Sell,223663612
2024-07-17 13:06:14,138100.0,100,Sell,223663613
2024-07-17 13:06:30,138000.0,4000,Sell,223664256
2024-07-17 13:06:30,138000.0,5000,Sell,223664257
2024-07-17 13:06:30,138000.0,300,Sell,223664258
2024-07-17 13:06:48,138000.0,700,Buy,223664794
2024-07-17 13:06:53,138000.0,100,Sell,223664927
2024-07-17 13:07:08,138000.0,500,Sell,223665460
2024-07-17 13:07:29,138100.0,100,Buy,223666188
2024-07-17 13:07:48,138000.0,3700,Sell,223666787
2024-07-17 13:07:48,138000.0,300,Sell,223666788
2024-07-17 13:07:48,138000.0,200,Sell,223666789
2024-07-17 13:07:48,138000.0,800,Sell,223666790
2024-07-17 13:07:48,138000.0,200,Sell,223666810
2024-07-17 13:07:48,138000.0,100,Sell,223666811
2024-07-17 13:07:48,138000.0,100,Sell,223666812
2024-07-17 13:07:48,138000.0,700,Sell,223666813
2024-07-17 13:07:48,138000.0,5000,Sell,223666783
2024-07-17 13:07:55,138000.0,300,Sell,223667050
2024-07-17 13:08:02,137900.0,500,Sell,223667287
2024-07-17 13:08:42,137900.0,100,Sell,223668685
2024-07-17 13:08:55,137900.0,400,Sell,223669104
2024-07-17 13:08:55,137900.0,100,Sell,223669105
2024-07-17 13:09:04,137900.0,100,Sell,223669584
2024-07-17 13:09:11,137900.0,100,Sell,223669822
2024-07-17 13:09:14,137900.0,100,Sell,223669915
2024-07-17 13:09:20,137900.0,200,Sell,223670086
2024-07-17 13:09:39,137900.0,300,Sell,223670766
2024-07-17 13:09:43,137900.0,100,Sell,223670881
2024-07-17 13:09:49,137900.0,500,Sell,223671145
2024-07-17 13:09:55,137900.0,100,Sell,223671291
2024-07-17 13:09:55,137900.0,200,Sell,223671292
2024-07-17 13:09:55,137900.0,100,Sell,223671293
2024-07-17 13:09:55,137900.0,800,Sell,223671290
2024-07-17 13:10:05,137900.0,300,Buy,223671437
2024-07-17 13:10:11,137900.0,100,Buy,223671798
2024-07-17 13:10:32,137800.0,100,Sell,223672592
2024-07-17 13:10:44,137800.0,500,Sell,223673017
2024-07-17 13:11:08,137900.0,400,Buy,223673729
2024-07-17 13:11:08,137900.0,500,Buy,223673730
2024-07-17 13:11:57,138000.0,200,Buy,223675549
2024-07-17 13:11:57,138000.0,100,Buy,223675551
2024-07-17 13:11:57,138000.0,300,Buy,223675547
2024-07-17 13:11:57,138000.0,100,Buy,223675548
2024-07-17 13:11:57,138000.0,100,Buy,223675550
2024-07-17 13:11:57,138000.0,200,Buy,223675546
2024-07-17 13:12:17,138000.0,400,Buy,223676094
2024-07-17 13:12:17,138000.0,1000,Buy,223676095
2024-07-17 13:12:20,138000.0,100,Sell,223676208
2024-07-17 13:12:35,138000.0,1300,Sell,223676629
2024-07-17 13:12:35,138000.0,1200,Sell,223676632
2024-07-17 13:12:48,138000.0,300,Buy,223677359
2024-07-17 13:13:06,138000.0,1000,Buy,223678003
2024-07-17 13:13:16,138000.0,800,Sell,223678589
2024-07-17 13:13:16,138000.0,200,Sell,223678590
2024-07-17 13:13:27,138000.0,100,Sell,223679060
2024-07-17 13:13:27,138000.0,100,Sell,223679061
2024-07-17 13:13:27,138000.0,200,Sell,223679062
2024-07-17 13:13:27,138000.0,3000,Sell,223679063
2024-07-17 13:13:38,138000.0,1000,Buy,223679517
2024-07-17 13:13:41,137900.0,500,Sell,223679648
2024-07-17 13:13:53,138000.0,100,Buy,223680106
2024-07-17 13:14:02,137900.0,800,Sell,223680458
2024-07-17 13:14:10,137900.0,100,Sell,223680767
2024-07-17 13:14:16,138000.0,500,Buy,223680929
2024-07-17 13:14:16,138000.0,500,Buy,223680930
2024-07-17 13:14:16,138000.0,1000,Buy,223680931
2024-07-17 13:14:43,138000.0,100,Buy,223681938
2024-07-17 13:14:43,138000.0,500,Buy,223681939
2024-07-17 13:15:05,138000.0,100,Buy,223682751
2024-07-17 13:15:10,138000.0,300,Buy,223682885
2024-07-17 13:15:38,137900.0,500,Sell,223684285
2024-07-17 13:15:59,137900.0,100,Sell,223685148
2024-07-17 13:16:13,138000.0,300,Buy,223685936
2024-07-17 13:16:20,138000.0,1000,Buy,223686290
2024-07-17 13:16:32,137900.0,500,Sell,223686806
2024-07-17 13:16:40,137900.0,500,Sell,223687071
2024-07-17 13:16:46,138000.0,700,Buy,223687330
2024-07-17 13:16:46,138000.0,800,Buy,223687328
2024-07-17 13:16:46,138000.0,500,Buy,223687329
2024-07-17 13:16:48,137900.0,100,Sell,223687536
2024-07-17 13:17:02,137900.0,300,Sell,223688220
2024-07-17 13:17:08,138000.0,100,Buy,223688531
2024-07-17 13:17:08,138000.0,1900,Buy,223688542
2024-07-17 13:17:25,137900.0,500,Sell,223689280
2024-07-17 13:17:43,138000.0,1800,Buy,223690244
2024-07-17 13:17:43,138000.0,100,Buy,223690245
2024-07-17 13:17:43,138000.0,500,Buy,223690246
2024-07-17 13:17:43,138000.0,600,Buy,223690247
2024-07-17 13:17:48,137900.0,100,Sell,223690450
2024-07-17 13:17:59,138000.0,100,Sell,223690943
2024-07-17 13:18:19,138000.0,100,Sell,223692064
2024-07-17 13:18:27,138000.0,100,Sell,223692378
2024-07-17 13:18:27,138000.0,200,Sell,223692379
2024-07-17 13:18:57,138000.0,600,Sell,223693901
2024-07-17 13:18:57,138000.0,200,Sell,223693902
2024-07-17 13:19:19,137900.0,100,Sell,223695045
2024-07-17 13:19:19,137900.0,100,Sell,223695043
2024-07-17 13:19:19,137900.0,300,Sell,223695044
2024-07-17 13:19:22,138000.0,100,Buy,223695210
2024-07-17 13:19:23,137900.0,500,Sell,223695222
2024-07-17 13:19:37,137900.0,100,Sell,223696102
2024-07-17 13:20:01,137900.0,300,Sell,223697510
2024-07-17 13:20:01,137900.0,100,Sell,223697511
2024-07-17 13:20:01,137900.0,100,Sell,223697512
2024-07-17 13:20:18,137900.0,500,Sell,223698282
2024-07-17 13:20:26,137900.0,100,Sell,223698749
2024-07-17 13:20:27,137900.0,200,Sell,223698819
2024-07-17 13:20:27,137900.0,400,Sell,223698820
2024-07-17 13:20:27,137900.0,500,Sell,223698821
2024-07-17 13:20:41,137900.0,400,Buy,223699502
2024-07-17 13:20:55,137900.0,2300,Sell,223700176
2024-07-17 13:20:55,137900.0,2300,Sell,223700168
2024-07-17 13:21:09,137900.0,100,Sell,223700760
2024-07-17 13:21:11,137800.0,500,Sell,223700849
2024-07-17 13:21:20,137900.0,100,Buy,223701348
2024-07-17 13:21:26,137800.0,100,Sell,223701633
2024-07-17 13:21:31,137800.0,800,Sell,223702161
2024-07-17 13:21:31,137800.0,200,Sell,223702162
2024-07-17 13:21:31,137800.0,1000,Sell,223702163
2024-07-17 13:21:31,137800.0,100,Sell,223702164
2024-07-17 13:21:31,137800.0,100,Sell,223702165
2024-07-17 13:21:43,137800.0,300,Buy,223702726
2024-07-17 13:21:52,137800.0,100,Sell,223703255
2024-07-17 13:21:52,137800.0,100,Sell,223703256
2024-07-17 13:22:06,137800.0,200,Sell,223704255
2024-07-17 13:22:29,137800.0,300,Buy,223705253
2024-07-17 13:22:57,137800.0,100,Buy,223706726
2024-07-17 13:23:00,137700.0,200,Sell,223706845
2024-07-17 13:23:00,137700.0,300,Sell,223706844
2024-07-17 13:23:10,137700.0,800,Sell,223707434
2024-07-17 13:23:10,137700.0,100,Sell,223707435
2024-07-17 13:23:10,137700.0,100,Sell,223707436
2024-07-17 13:23:15,137700.0,100,Sell,223707682
2024-07-17 13:23:15,137700.0,100,Sell,223707698
2024-07-17 13:23:38,137700.0,200,Sell,223708618
2024-07-17 13:23:54,137700.0,500,Sell,223709167
2024-07-17 13:24:00,137800.0,100,Sell,223709492
2024-07-17 13:24:10,137800.0,100,Sell,223709944
2024-07-17 13:24:23,137800.0,100,Buy,223710479
2024-07-17 13:24:33,137800.0,100,Buy,223710880
2024-07-17 13:24:35,137800.0,200,Buy,223710930
2024-07-17 13:24:47,137800.0,300,Sell,223711491
2024-07-17 13:24:47,137800.0,200,Sell,223711492
2024-07-17 13:25:02,137900.0,100,Buy,223712167
2024-07-17 13:25:04,137700.0,100,Sell,223712272
2024-07-17 13:25:30,137900.0,500,Buy,223713455
2024-07-17 13:25:30,137900.0,100,Buy,223713453
2024-07-17 13:25:30,137900.0,1000,Buy,223713454
2024-07-17 13:25:41,138000.0,100,Buy,223713957
2024-07-17 13:25:41,138000.0,100,Buy,223713958
2024-07-17 13:25:41,138000.0,100,Buy,223713968
2024-07-17 13:25:48,137900.0,1500,Sell,223714242
2024-07-17 13:26:07,138000.0,300,Buy,223715096
2024-07-17 13:26:07,138000.0,300,Buy,223715097
2024-07-17 13:26:07,138000.0,400,Buy,223715098
2024-07-17 13:26:13,138000.0,100,Buy,223715348
2024-07-17 13:26:35,138000.0,2000,Sell,223716304
2024-07-17 13:26:53,138000.0,100,Sell,223717086
2024-07-17 13:27:14,138200.0,100,Buy,223718038
2024-07-17 13:27:18,138300.0,700,Buy,223718242
2024-07-17 13:27:18,138300.0,1000,Buy,223718241
2024-07-17 13:27:18,138200.0,500,Buy,223718239
2024-07-17 13:27:18,138300.0,1400,Buy,223718240
2024-07-17 13:27:18,138200.0,300,Buy,223718237
2024-07-17 13:27:18,138200.0,100,Buy,223718238
2024-07-17 13:27:29,138300.0,300,Buy,223718745
2024-07-17 13:27:29,138300.0,700,Buy,223718746
2024-07-17 13:27:59,138300.0,100,Buy,223720444
2024-07-17 13:27:59,138300.0,200,Buy,223720445
2024-07-17 13:28:05,138300.0,100,Buy,223720819
2024-07-17 13:28:42,138000.0,100,Sell,223722323
2024-07-17 13:28:47,138300.0,200,Buy,223722532
2024-07-17 13:29:56,138300.0,500,Sell,223726493
2024-07-17 13:30:10,138300.0,300,Sell,223727243
2024-07-17 13:30:22,138500.0,100,Buy,223727809
2024-07-17 13:30:22,138500.0,200,Buy,223727810
2024-07-17 13:30:22,138500.0,500,Buy,223727811
2024-07-17 13:30:32,138600.0,100,Sell,223728379
2024-07-17 13:30:41,139000.0,200,Buy,223729058
2024-07-17 13:30:41,139000.0,1200,Buy,223729057
2024-07-17 13:30:41,138800.0,1500,Buy,223729055
2024-07-17 13:30:41,138700.0,800,Buy,223729053
2024-07-17 13:30:41,138800.0,100,Buy,223729056
2024-07-17 13:30:41,138800.0,200,Buy,223729054
2024-07-17 13:30:52,139300.0,100,Buy,223729590
2024-07-17 13:30:52,139300.0,300,Buy,223729591
2024-07-17 13:31:38,139300.0,100,Buy,223732411
2024-07-17 13:31:51,139000.0,100,Sell,223733292
2024-07-17 13:32:06,139000.0,900,Sell,223733997
2024-07-17 13:32:21,138500.0,100,Sell,223734688
2024-07-17 13:32:45,138500.0,100,Sell,223735830
2024-07-17 13:32:45,138500.0,400,Sell,223735831
2024-07-17 13:32:50,138500.0,200,Sell,223736004
2024-07-17 13:32:50,138500.0,200,Sell,223736005
2024-07-17 13:33:39,138300.0,100,Sell,223738780
2024-07-17 13:34:10,138100.0,100,Sell,223740326
2024-07-17 13:34:33,138100.0,400,Sell,223741741
2024-07-17 13:34:33,138100.0,500,Sell,223741790
2024-07-17 13:34:47,138300.0,200,Buy,223742552
2024-07-17 13:35:26,138300.0,100,Buy,223744927
2024-07-17 13:35:27,138200.0,200,Sell,223745110
2024-07-17 13:35:42,138200.0,100,Sell,223745887
2024-07-17 13:35:53,138200.0,300,Sell,223746350
2024-07-17 13:35:59,138200.0,100,Sell,223746647
2024-07-17 13:36:14,138300.0,500,Buy,223747630
2024-07-17 13:36:20,138000.0,900,Sell,223748100
2024-07-17 13:36:20,138000.0,100,Sell,223748099
2024-07-17 13:36:20,138000.0,100,Sell,223748098
2024-07-17 13:36:20,138000.0,100,Sell,223748096
2024-07-17 13:36:20,138000.0,2000,Sell,223748095
2024-07-17 13:36:20,138000.0,100,Sell,223748097
2024-07-17 13:36:20,138100.0,800,Sell,223748086
2024-07-17 13:36:20,138100.0,200,Sell,223748085
2024-07-17 13:36:20,138100.0,1000,Sell,223748084
2024-07-17 13:36:20,138200.0,1000,Sell,223748083
2024-07-17 13:36:20,138200.0,500,Sell,223748082
2024-07-17 13:36:20,138100.0,200,Sell,223748094
2024-07-17 13:36:32,138300.0,100,Buy,223748662
2024-07-17 13:37:22,138100.0,100,Sell,223751095
2024-07-17 13:37:48,138000.0,100,Sell,223752291
2024-07-17 13:37:55,138000.0,100,Sell,223752720
2024-07-17 13:37:55,138000.0,100,Sell,223752717
2024-07-17 13:37:55,138000.0,1000,Sell,223752718
2024-07-17 13:37:55,138000.0,800,Sell,223752719
2024-07-17 13:38:10,138000.0,2000,Sell,223753604
2024-07-17 13:38:10,138000.0,1000,Sell,223753605
2024-07-17 13:38:11,137900.0,200,Sell,223753686
2024-07-17 13:38:15,137900.0,500,Sell,223754007
2024-07-17 13:38:16,137900.0,400,Sell,223754015
2024-07-17 13:38:22,137900.0,200,Sell,223754459
2024-07-17 13:38:32,138000.0,700,Buy,223754955
2024-07-17 13:38:56,138000.0,100,Sell,223756443
2024-07-17 13:38:56,138000.0,400,Buy,223756442
2024-07-17 13:38:56,138000.0,300,Sell,223756436
2024-07-17 13:38:56,138000.0,300,Sell,223756437
2024-07-17 13:38:56,138000.0,1000,Sell,223756438
2024-07-17 13:39:10,137900.0,500,Sell,223757246
2024-07-17 13:39:12,138000.0,200,Buy,223757355
2024-07-17 13:39:12,138000.0,100,Buy,223757356
2024-07-17 13:39:12,138000.0,200,Buy,223757357
2024-07-17 13:39:27,138000.0,300,Buy,223758508
2024-07-17 13:39:27,138000.0,100,Buy,223758509
2024-07-17 13:39:35,138000.0,100,Sell,223759141
2024-07-17 13:39:37,138000.0,100,Sell,223759232
2024-07-17 13:40:06,138100.0,100,Buy,223761201
2024-07-17 13:40:23,138100.0,100,Buy,223762090
2024-07-17 13:40:43,138100.0,100,Buy,223763467
2024-07-17 13:40:43,138100.0,200,Buy,223763465
2024-07-17 13:40:43,138100.0,500,Buy,223763466
2024-07-17 13:40:57,138100.0,100,Buy,223764731
2024-07-17 13:40:57,138100.0,400,Buy,223764732
2024-07-17 13:41:18,138000.0,2000,Sell,223766567
2024-07-17 13:41:26,138000.0,100,Sell,223766961
2024-07-17 13:41:36,138100.0,600,Buy,223767465
2024-07-17 13:41:36,138100.0,500,Buy,223767466
2024-07-17 13:41:36,138100.0,1800,Sell,223767467
2024-07-17 13:41:46,138100.0,100,Sell,223768804
2024-07-17 13:41:57,138100.0,100,Buy,223769519
2024-07-17 13:41:59,138100.0,200,Buy,223769712
2024-07-17 13:42:07,138000.0,100,Sell,223770184
2024-07-17 13:42:14,138000.0,300,Sell,223770748
2024-07-17 13:42:27,138000.0,100,Sell,223771737
2024-07-17 13:42:30,138100.0,100,Buy,223772024
2024-07-17 13:42:30,138100.0,400,Buy,223772025
2024-07-17 13:42:40,138000.0,1800,Sell,223772641
2024-07-17 13:42:40,138000.0,500,Sell,223772642
2024-07-17 13:42:40,138000.0,1000,Sell,223772643
2024-07-17 13:42:40,138000.0,300,Sell,223772644
2024-07-17 13:42:40,138000.0,1000,Sell,223772645
2024-07-17 13:42:40,138000.0,400,Sell,223772646
2024-07-17 13:43:15,138100.0,100,Sell,223774832
2024-07-17 13:43:28,138000.0,400,Sell,223775803
2024-07-17 13:43:59,138000.0,300,Sell,223777602
2024-07-17 13:44:12,138000.0,500,Sell,223778276
2024-07-17 13:44:50,138300.0,300,Sell,223780545
2024-07-17 13:45:04,138300.0,100,Sell,223781291
2024-07-17 13:45:07,138300.0,400,Sell,223781487
2024-07-17 13:45:25,138300.0,400,Buy,223782241
2024-07-17 13:45:25,138300.0,100,Buy,223782240
2024-07-17 13:45:32,138300.0,100,Buy,223782612
2024-07-17 13:45:35,138300.0,100,Buy,223782730
2024-07-17 13:45:38,138300.0,100,Buy,223782858
2024-07-17 13:45:55,138300.0,2000,Buy,223783515
2024-07-17 13:46:01,138000.0,400,Sell,223783892
2024-07-17 13:46:01,138000.0,100,Sell,223783893
2024-07-17 13:46:53,138200.0,100,Sell,223786207
2024-07-17 13:46:56,138000.0,400,Sell,223786375
2024-07-17 13:47:36,138000.0,1000,Sell,223788196
2024-07-17 13:47:36,138000.0,100,Sell,223788197
2024-07-17 13:47:36,138000.0,100,Sell,223788198
2024-07-17 13:47:36,138000.0,100,Sell,223788195
2024-07-17 13:47:36,138000.0,500,Sell,223788200
2024-07-17 13:47:36,138000.0,200,Sell,223788201
2024-07-17 13:47:36,138000.0,100,Sell,223788202
2024-07-17 13:47:36,138000.0,100,Sell,223788199
2024-07-17 13:47:36,138000.0,100,Sell,223788194
2024-07-17 13:47:36,138000.0,300,Sell,223788177
2024-07-17 13:47:36,138000.0,100,Sell,223788192
2024-07-17 13:47:36,138000.0,100,Sell,223788193
2024-07-17 13:47:36,138000.0,200,Sell,223788178
2024-07-17 13:47:36,138000.0,500,Sell,223788179
2024-07-17 13:47:36,138000.0,1000,Sell,223788176
2024-07-17 13:47:36,138000.0,200,Sell,223788189
2024-07-17 13:47:36,138000.0,600,Sell,223788191
2024-07-17 13:47:36,138000.0,1800,Sell,223788180
2024-07-17 13:47:36,138000.0,500,Sell,223788190
2024-07-17 13:47:46,138300.0,500,Buy,223788644
2024-07-17 13:47:50,138000.0,100,Sell,223788798
2024-07-17 13:47:58,138000.0,200,Buy,223789128
2024-07-17 13:48:19,138000.0,100,Buy,223790171
2024-07-17 13:48:29,138000.0,100,Buy,223790577
2024-07-17 13:48:29,138000.0,500,Buy,223790578
2024-07-17 13:48:29,138000.0,500,Buy,223790579
2024-07-17 13:48:42,138000.0,100,Sell,223791122
2024-07-17 13:48:44,138000.0,500,Sell,223791267
2024-07-17 13:49:12,138000.0,600,Sell,223792763
2024-07-17 13:49:37,138000.0,500,Sell,223793976
2024-07-17 13:50:17,138000.0,200,Sell,223796044
2024-07-17 13:50:17,138000.0,500,Sell,223796043
2024-07-17 13:50:17,138000.0,200,Sell,223796041
2024-07-17 13:50:17,138000.0,2000,Sell,223796042
2024-07-17 13:50:17,138000.0,100,Sell,223796039
2024-07-17 13:50:17,138000.0,2200,Sell,223796038
2024-07-17 13:50:17,138000.0,500,Sell,223796040
2024-07-17 13:50:17,138100.0,100,Sell,223796037
2024-07-17 13:50:32,137900.0,100,Sell,223796642
2024-07-17 13:50:32,137900.0,400,Sell,223796643
2024-07-17 13:50:41,137900.0,100,Sell,223797227
2024-07-17 13:50:47,137900.0,1000,Sell,223797469
2024-07-17 13:50:47,137900.0,1000,Sell,223797467
2024-07-17 13:50:47,137900.0,100,Sell,223797468
2024-07-17 13:50:47,137900.0,400,Sell,223797470
2024-07-17 13:50:48,137900.0,200,Sell,223797529
2024-07-17 13:50:56,137800.0,200,Sell,223797899
2024-07-17 13:50:56,137800.0,100,Sell,223797898
2024-07-17 13:50:56,137800.0,600,Sell,223797901
2024-07-17 13:50:56,137800.0,100,Sell,223797900
2024-07-17 13:50:56,137800.0,200,Sell,223797897
2024-07-17 13:50:56,137900.0,400,Sell,223797891
2024-07-17 13:50:56,137900.0,1300,Sell,223797895
2024-07-17 13:50:56,137900.0,100,Sell,223797894
2024-07-17 13:50:56,137900.0,100,Sell,223797893
2024-07-17 13:50:56,137900.0,200,Sell,223797892
2024-07-17 13:50:56,137800.0,200,Sell,223797896
2024-07-17 13:50:57,137800.0,400,Sell,223797908
2024-07-17 13:50:57,137800.0,3100,Sell,223797909
2024-07-17 13:51:25,137900.0,100,Sell,223799305
2024-07-17 13:51:49,137900.0,100,Buy,223800256
2024-07-17 13:52:19,137800.0,500,Sell,223801842
2024-07-17 13:52:20,137800.0,200,Sell,223801849
2024-07-17 13:52:21,137800.0,100,Sell,223801911
2024-07-17 13:52:33,137800.0,1100,Sell,223802509
2024-07-17 13:52:34,137800.0,200,Sell,223802511
2024-07-17 13:52:34,137800.0,300,Sell,223802512
2024-07-17 13:52:49,137700.0,200,Sell,223803240
2024-07-17 13:52:49,137700.0,200,Sell,223803241
2024-07-17 13:52:49,137700.0,100,Sell,223803242
2024-07-17 13:52:59,137700.0,200,Buy,223803652
2024-07-17 13:53:14,137600.0,400,Sell,223804366
2024-07-17 13:53:27,137600.0,100,Sell,223805100
2024-07-17 13:53:27,137600.0,900,Sell,223805099
2024-07-17 13:53:27,137600.0,300,Sell,223805101
2024-07-17 13:53:27,137600.0,100,Sell,223805097
2024-07-17 13:53:27,137600.0,100,Sell,223805096
2024-07-17 13:53:27,137600.0,100,Sell,223805098
2024-07-17 13:53:28,137600.0,100,Sell,223805129
2024-07-17 13:53:28,137600.0,900,Sell,223805130
2024-07-17 13:53:34,137600.0,200,Sell,223805415
2024-07-17 13:53:34,137600.0,100,Sell,223805412
2024-07-17 13:53:34,137600.0,100,Sell,223805413
2024-07-17 13:53:34,137600.0,100,Sell,223805414
2024-07-17 13:53:50,137600.0,200,Sell,223806178
2024-07-17 13:53:59,137600.0,100,Sell,223807167
2024-07-17 13:54:01,137600.0,100,Buy,223807246
2024-07-17 13:54:07,137600.0,100,Buy,223807594
2024-07-17 13:54:07,137600.0,100,Buy,223807595
2024-07-17 13:54:07,137500.0,100,Sell,223807665
2024-07-17 13:54:07,137500.0,100,Sell,223807666
2024-07-17 13:54:07,137500.0,100,Sell,223807667
2024-07-17 13:54:07,137500.0,200,Sell,223807668
2024-07-17 13:54:08,137600.0,100,Buy,223807672
2024-07-17 13:54:09,137500.0,100,Sell,223807723
2024-07-17 13:54:15,137500.0,200,Sell,223807981
2024-07-17 13:54:19,137600.0,200,Buy,223808240
2024-07-17 13:54:26,137600.0,100,Buy,223808709
2024-07-17 13:54:38,137600.0,300,Buy,223809397
2024-07-17 13:54:38,137700.0,100,Buy,223809398
2024-07-17 13:54:50,137700.0,4000,Buy,223809940
2024-07-17 13:55:15,137700.0,100,Buy,223811441
2024-07-17 13:55:30,137700.0,1800,Buy,223812323
2024-07-17 13:55:30,137700.0,300,Buy,223812324
2024-07-17 13:55:30,137700.0,500,Buy,223812325
2024-07-17 13:55:30,137700.0,1700,Buy,223812326
2024-07-17 13:55:32,137700.0,200,Sell,223812430
2024-07-17 13:55:55,137700.0,100,Sell,223813597
2024-07-17 13:55:55,137700.0,500,Sell,223813595
2024-07-17 13:55:55,137700.0,100,Sell,223813596
2024-07-17 13:55:59,137600.0,100,Sell,223813826
2024-07-17 13:56:11,137600.0,200,Sell,223814366
2024-07-17 13:56:13,137600.0,1000,Sell,223814422
2024-07-17 13:56:19,137700.0,100,Buy,223814655
2024-07-17 13:56:19,137600.0,1200,Sell,223814663
2024-07-17 13:56:23,137600.0,2800,Sell,223814829
2024-07-17 13:56:32,137600.0,100,Buy,223815182
2024-07-17 13:56:32,137600.0,2000,Buy,223815200
2024-07-17 13:56:34,137500.0,200,Sell,223815286
2024-07-17 13:56:34,137500.0,500,Sell,223815285
2024-07-17 13:56:34,137500.0,400,Sell,223815287
2024-07-17 13:56:34,137500.0,300,Sell,223815283
2024-07-17 13:56:34,137500.0,500,Sell,223815282
2024-07-17 13:56:34,137500.0,100,Sell,223815284
2024-07-17 13:56:37,137600.0,500,Buy,223815457
2024-07-17 13:56:37,137600.0,300,Buy,223815458
2024-07-17 13:56:47,137600.0,200,Sell,223815839
2024-07-17 13:57:07,137700.0,200,Buy,223816869
2024-07-17 13:57:07,137700.0,500,Buy,223816870
2024-07-17 13:57:07,137700.0,1800,Buy,223816871
2024-07-17 13:57:25,137700.0,500,Sell,223817902
2024-07-17 13:57:48,137700.0,100,Sell,223819204
2024-07-17 13:58:07,138000.0,100,Buy,223820297
2024-07-17 13:58:13,137700.0,400,Sell,223820696
2024-07-17 13:58:59,137700.0,100,Sell,223823347
2024-07-17 13:59:06,137700.0,500,Sell,223823761
2024-07-17 13:59:19,137700.0,100,Sell,223824681
2024-07-17 13:59:25,138000.0,400,Buy,223825024
2024-07-17 13:59:25,138000.0,100,Buy,223825023
2024-07-17 13:59:25,138000.0,200,Buy,223825021
2024-07-17 13:59:25,138000.0,200,Buy,223825022
2024-07-17 13:59:25,138000.0,100,Buy,223825020
2024-07-17 13:59:37,138000.0,100,Sell,223825893
2024-07-17 13:59:39,137900.0,800,Sell,223826019
2024-07-17 13:59:58,138000.0,100,Buy,223827097
2024-07-17 13:59:58,138000.0,100,Buy,223827096
2024-07-17 14:00:07,138000.0,400,Buy,223827648
2024-07-17 14:00:07,138000.0,400,Buy,223827647
2024-07-17 14:00:28,138100.0,500,Buy,223828991
2024-07-17 14:00:31,138300.0,100,Buy,223829181
2024-07-17 14:02:01,138100.0,100,Sell,223834825
2024-07-17 14:02:01,138100.0,500,Sell,223834826
2024-07-17 14:02:06,138100.0,100,Sell,223835258
2024-07-17 14:02:36,138100.0,100,Buy,223837390
2024-07-17 14:02:51,138100.0,100,Buy,223838586
2024-07-17 14:03:01,137900.0,300,Sell,223839770
2024-07-17 14:03:01,137900.0,200,Sell,223839689
2024-07-17 14:03:01,137900.0,100,Sell,223839769
2024-07-17 14:03:15,138000.0,1900,Buy,223841249
2024-07-17 14:03:49,138100.0,600,Buy,223844010
2024-07-17 14:03:49,138100.0,400,Buy,223844011
2024-07-17 14:03:53,138100.0,500,Sell,223844327
2024-07-17 14:03:53,138000.0,2500,Sell,223844328
2024-07-17 14:04:22,138200.0,100,Buy,223847770
2024-07-17 14:04:25,138200.0,600,Buy,223848024
2024-07-17 14:04:25,138200.0,400,Buy,223848025
2024-07-17 14:04:28,138000.0,200,Sell,223848344
2024-07-17 14:04:48,138000.0,600,Sell,223850230
2024-07-17 14:04:48,138000.0,400,Sell,223850229
2024-07-17 14:05:26,138000.0,100,Sell,223854212
2024-07-17 14:05:26,138000.0,300,Sell,223854210
2024-07-17 14:05:26,138000.0,200,Sell,223854211
2024-07-17 14:05:31,138200.0,500,Buy,223854616
2024-07-17 14:05:31,138200.0,400,Buy,223854617
2024-07-17 14:05:31,138200.0,100,Buy,223854618
2024-07-17 14:05:40,138300.0,1500,Buy,223855725
2024-07-17 14:05:44,138300.0,100,Buy,223856081
2024-07-17 14:06:09,138300.0,200,Buy,223858542
2024-07-17 14:06:09,138300.0,500,Buy,223858543
2024-07-17 14:06:09,138300.0,400,Buy,223858544
2024-07-17 14:06:22,138500.0,600,Buy,223859785
2024-07-17 14:06:22,138900.0,100,Buy,223859786
2024-07-17 14:06:39,138300.0,900,Sell,223861329
2024-07-17 14:07:48,138000.0,600,Sell,223868210
2024-07-17 14:07:48,138000.0,400,Sell,223868202
2024-07-17 14:07:48,138300.0,100,Sell,223868200
2024-07-17 14:07:48,138000.0,100,Sell,223868201
2024-07-17 14:08:03,138000.0,100,Sell,223869537
2024-07-17 14:08:18,138000.0,300,Buy,223870621
2024-07-17 14:08:31,138000.0,500,Sell,223871649
2024-07-17 14:08:33,138000.0,200,Sell,223871849
2024-07-17 14:08:33,138000.0,200,Sell,223871850
2024-07-17 14:08:36,138000.0,1000,Sell,223872074
2024-07-17 14:08:36,138000.0,100,Sell,223872075
2024-07-17 14:08:57,137900.0,100,Sell,223873867
2024-07-17 14:08:57,137900.0,200,Buy,223873869
2024-07-17 14:09:01,137900.0,100,Buy,223874196
2024-07-17 14:09:01,138000.0,900,Buy,223874197
2024-07-17 14:09:25,138000.0,400,Buy,223875916
2024-07-17 14:09:59,138500.0,100,Buy,223878851
2024-07-17 14:10:06,138000.0,2800,Sell,223879324
2024-07-17 14:10:06,138000.0,2200,Sell,223879323
2024-07-17 14:10:06,138000.0,300,Sell,223879321
2024-07-17 14:10:06,138000.0,500,Sell,223879322
2024-07-17 14:10:42,138000.0,300,Sell,223881822
2024-07-17 14:10:52,138000.0,400,Sell,223882544
2024-07-17 14:10:56,138000.0,500,Sell,223882795
2024-07-17 14:10:56,138000.0,100,Sell,223882816
2024-07-17 14:10:56,138000.0,300,Sell,223882817
2024-07-17 14:11:04,138000.0,200,Buy,223883393
2024-07-17 14:11:05,137900.0,600,Sell,223883424
2024-07-17 14:11:05,137900.0,300,Sell,223883420
2024-07-17 14:11:05,137900.0,100,Sell,223883419
2024-07-17 14:11:05,137900.0,100,Sell,223883418
2024-07-17 14:11:05,138000.0,100,Sell,223883417
2024-07-17 14:11:28,138000.0,400,Buy,223885124
2024-07-17 14:11:45,137500.0,400,Sell,223886219
2024-07-17 14:11:45,137500.0,100,Sell,223886218
2024-07-17 14:11:45,137600.0,100,Sell,223886217
2024-07-17 14:11:45,137600.0,100,Sell,223886216
2024-07-17 14:11:45,137600.0,200,Sell,223886215
2024-07-17 14:11:45,137600.0,1000,Sell,223886214
2024-07-17 14:11:45,137700.0,300,Sell,223886213
2024-07-17 14:11:45,137700.0,400,Sell,223886210
2024-07-17 14:11:45,137700.0,500,Sell,223886211
2024-07-17 14:11:45,137700.0,100,Sell,223886212
2024-07-17 14:11:45,137900.0,100,Sell,223886205
2024-07-17 14:11:45,137800.0,200,Sell,223886206
2024-07-17 14:11:45,137900.0,100,Sell,223886204
2024-07-17 14:11:45,137700.0,100,Sell,223886208
2024-07-17 14:11:45,137700.0,200,Sell,223886209
2024-07-17 14:11:45,137800.0,100,Sell,223886207
2024-07-17 14:12:02,137900.0,100,Buy,223887470
2024-07-17 14:12:24,137500.0,300,Sell,223888877
2024-07-17 14:12:24,137500.0,500,Sell,223888887
2024-07-17 14:12:24,137500.0,200,Sell,223888886
2024-07-17 14:12:24,137500.0,1000,Sell,223888885
2024-07-17 14:12:24,137500.0,100,Sell,223888884
2024-07-17 14:12:24,137500.0,700,Sell,223888883
2024-07-17 14:12:24,137500.0,1000,Sell,223888882
2024-07-17 14:12:24,137500.0,100,Sell,223888878
2024-07-17 14:12:24,137500.0,200,Sell,223888876
2024-07-17 14:12:24,137900.0,300,Buy,223888823
2024-07-17 14:12:24,137500.0,100,Sell,223888874
2024-07-17 14:12:24,137500.0,400,Sell,223888873
2024-07-17 14:12:24,137500.0,500,Sell,223888872
2024-07-17 14:12:24,137500.0,100,Sell,223888871
2024-07-17 14:12:24,137500.0,600,Sell,223888870
2024-07-17 14:12:24,137600.0,200,Sell,223888869
2024-07-17 14:12:24,137600.0,200,Sell,223888868
2024-07-17 14:12:24,137900.0,700,Sell,223888867
2024-07-17 14:12:24,137500.0,300,Sell,223888875
2024-07-17 14:12:36,137500.0,300,Sell,223889718
2024-07-17 14:12:36,137500.0,100,Sell,223889717
2024-07-17 14:12:36,137500.0,100,Sell,223889645
2024-07-17 14:12:36,137500.0,300,Sell,223889643
2024-07-17 14:12:36,137500.0,100,Sell,223889644
2024-07-17 14:12:41,137500.0,100,Sell,223890254
2024-07-17 14:12:41,137500.0,300,Sell,223890255
2024-07-17 14:12:41,138000.0,300,Buy,223890333
2024-07-17 14:13:30,138000.0,100,Buy,223894521
2024-07-17 14:13:30,138000.0,400,Buy,223894522
2024-07-17 14:13:30,138000.0,1400,Buy,223894523
2024-07-17 14:13:30,138000.0,100,Buy,223894524
2024-07-17 14:13:58,138000.0,100,Buy,223896686
2024-07-17 14:13:58,138000.0,200,Buy,223896684
2024-07-17 14:13:58,138000.0,400,Buy,223896685
2024-07-17 14:14:19,138000.0,100,Sell,223898356
2024-07-17 14:14:55,138100.0,800,Buy,223901116
2024-07-17 14:14:55,138100.0,200,Buy,223901117
2024-07-17 14:15:20,138000.0,700,Sell,223903087
2024-07-17 14:15:20,138000.0,700,Sell,223903088
2024-07-17 14:15:20,138000.0,300,Sell,223903102
2024-07-17 14:15:20,138000.0,1000,Sell,223903103
2024-07-17 14:15:20,138000.0,100,Sell,223903104
2024-07-17 14:15:43,137800.0,100,Sell,223904811
2024-07-17 14:16:34,137800.0,100,Buy,223909328
2024-07-17 14:16:34,137800.0,100,Buy,223909327
2024-07-17 14:16:36,137800.0,400,Sell,223909427
2024-07-17 14:16:37,137800.0,400,Sell,223909523
2024-07-17 14:16:39,137800.0,100,Sell,223909612
2024-07-17 14:17:13,137800.0,400,Sell,223913446
2024-07-17 14:17:13,137800.0,100,Sell,223913447
2024-07-17 14:17:13,137800.0,100,Sell,223913448
2024-07-17 14:17:24,137600.0,300,Sell,223914560
2024-07-17 14:17:24,137600.0,100,Sell,223914561
2024-07-17 14:17:24,137600.0,300,Sell,223914562
2024-07-17 14:17:24,137500.0,800,Sell,223914563
2024-07-17 14:17:30,137500.0,100,Sell,223915327
2024-07-17 14:17:34,137500.0,200,Sell,223915917
2024-07-17 14:17:34,137500.0,300,Sell,223915915
2024-07-17 14:17:34,137500.0,1000,Sell,223915916
2024-07-17 14:17:45,137400.0,100,Sell,223917332
2024-07-17 14:17:56,137000.0,100,Sell,223919070
2024-07-17 14:17:56,137000.0,300,Sell,223919071
2024-07-17 14:17:56,137000.0,200,Sell,223919072
2024-07-17 14:17:56,137000.0,100,Sell,223919073
2024-07-17 14:17:56,137000.0,1000,Sell,223919074
2024-07-17 14:17:56,137000.0,100,Sell,223919075
2024-07-17 14:17:56,137000.0,100,Sell,223919076
2024-07-17 14:17:56,137000.0,200,Sell,223919077
2024-07-17 14:17:56,137000.0,300,Sell,223919078
2024-07-17 14:17:56,137000.0,1000,Sell,223919079
2024-07-17 14:17:56,137000.0,1000,Sell,223919081
2024-07-17 14:17:56,137000.0,100,Sell,223919083
2024-07-17 14:17:56,137000.0,100,Sell,223919084
2024-07-17 14:17:56,137000.0,100,Sell,223919085
2024-07-17 14:17:56,137000.0,100,Sell,223919086
2024-07-17 14:17:56,137000.0,100,Sell,223919087
2024-07-17 14:17:56,137000.0,100,Sell,223919088
2024-07-17 14:17:56,137000.0,500,Sell,223919089
2024-07-17 14:17:56,137000.0,2000,Sell,223919090
2024-07-17 14:17:56,137000.0,100,Sell,223919091
2024-07-17 14:17:56,137000.0,100,Sell,223919092
2024-07-17 14:17:56,137000.0,100,Sell,223919093
2024-07-17 14:17:56,137000.0,2000,Sell,223919082
2024-07-17 14:17:56,137000.0,100,Sell,223919069
2024-07-17 14:17:56,137000.0,3000,Sell,223919080
2024-07-17 14:17:56,137000.0,500,Sell,223919067
2024-07-17 14:17:56,137200.0,1000,Sell,223919045
2024-07-17 14:17:56,137100.0,100,Sell,223919046
2024-07-17 14:17:56,137100.0,200,Sell,223919047
2024-07-17 14:17:56,137100.0,1000,Sell,223919048
2024-07-17 14:17:56,137100.0,200,Sell,223919049
2024-07-17 14:17:56,137000.0,100,Sell,223919051
2024-07-17 14:17:56,137000.0,500,Sell,223919052
2024-07-17 14:17:56,137000.0,100,Sell,223919053
2024-07-17 14:17:56,137000.0,1000,Sell,223919054
2024-07-17 14:17:56,137000.0,500,Sell,223919055
2024-07-17 14:17:56,137000.0,400,Sell,223919056
2024-07-17 14:17:56,137000.0,100,Sell,223919050
2024-07-17 14:17:56,137200.0,100,Sell,223919044
2024-07-17 14:17:56,137000.0,200,Sell,223919057
2024-07-17 14:17:56,137000.0,100,Sell,223919066
2024-07-17 14:17:56,137000.0,100,Sell,223919065
2024-07-17 14:17:56,137000.0,200,Sell,223919064
2024-07-17 14:17:56,137000.0,1000,Sell,223919063
2024-07-17 14:17:56,137000.0,200,Sell,223919068
2024-07-17 14:17:56,137000.0,100,Sell,223919061
2024-07-17 14:17:56,137000.0,500,Sell,223919060
2024-07-17 14:17:56,137000.0,100,Sell,223919059
2024-07-17 14:17:56,137000.0,100,Sell,223919058
2024-07-17 14:17:56,137000.0,400,Sell,223919062
2024-07-17 14:17:57,137000.0,200,Buy,223919230
2024-07-17 14:18:01,137000.0,100,Buy,223919849
2024-07-17 14:18:01,137000.0,700,Buy,223919850
2024-07-17 14:18:01,137000.0,200,Buy,223919851
2024-07-17 14:18:08,137000.0,400,Buy,223920723
2024-07-17 14:18:08,137000.0,100,Buy,223920724
2024-07-17 14:18:13,137000.0,100,Buy,223921268
2024-07-17 14:18:14,136900.0,200,Sell,223921375
2024-07-17 14:18:14,136900.0,100,Sell,223921376
2024-07-17 14:18:21,137000.0,100,Buy,223922198
2024-07-17 14:18:22,136900.0,300,Sell,223922323
2024-07-17 14:18:24,136900.0,400,Sell,223922701
2024-07-17 14:18:32,136900.0,300,Sell,223924234
2024-07-17 14:18:32,136900.0,100,Sell,223924233
2024-07-17 14:18:40,136900.0,300,Sell,223925502
2024-07-17 14:18:43,137000.0,1200,Buy,223926031
2024-07-17 14:18:43,137000.0,300,Buy,223926032
2024-07-17 14:18:43,137000.0,200,Buy,223926033
2024-07-17 14:18:43,137000.0,300,Buy,223926034
2024-07-17 14:18:48,136500.0,100,Sell,223926599
2024-07-17 14:18:48,136500.0,700,Sell,223926598
2024-07-17 14:18:48,136600.0,100,Sell,223926597
2024-07-17 14:18:48,136600.0,100,Sell,223926596
2024-07-17 14:18:48,136700.0,100,Sell,223926595
2024-07-17 14:18:48,136700.0,1000,Sell,223926594
2024-07-17 14:18:48,136500.0,200,Sell,223926773
2024-07-17 14:18:48,136800.0,1000,Sell,223926592
2024-07-17 14:18:48,136800.0,100,Sell,223926591
2024-07-17 14:18:48,136900.0,100,Sell,223926590
2024-07-17 14:18:48,136900.0,100,Sell,223926589
2024-07-17 14:18:48,136900.0,100,Sell,223926588
2024-07-17 14:18:48,136900.0,400,Sell,223926587
2024-07-17 14:18:48,136800.0,100,Sell,223926593
2024-07-17 14:18:59,136500.0,200,Sell,223928695
2024-07-17 14:18:59,136500.0,100,Sell,223928696
2024-07-17 14:18:59,136500.0,100,Sell,223928697
2024-07-17 14:18:59,136500.0,100,Sell,223928698
2024-07-17 14:18:59,136500.0,200,Sell,223928699
2024-07-17 14:19:03,136500.0,100,Buy,223929428
2024-07-17 14:19:03,136500.0,100,Buy,223929429
2024-07-17 14:19:14,136500.0,100,Buy,223932186
2024-07-17 14:19:15,136500.0,100,Buy,223932272
2024-07-17 14:19:18,136300.0,100,Sell,223933078
2024-07-17 14:19:23,135400.0,200,Sell,223934017
2024-07-17 14:19:23,135400.0,2000,Sell,223934016
2024-07-17 14:19:23,135500.0,100,Sell,223934015
2024-07-17 14:19:23,135500.0,100,Sell,223934014
2024-07-17 14:19:23,135500.0,100,Sell,223934013
2024-07-17 14:19:23,136000.0,1000,Sell,223934011
2024-07-17 14:19:23,136000.0,600,Sell,223934010
2024-07-17 14:19:23,136000.0,200,Sell,223934012
2024-07-17 14:19:23,136000.0,100,Sell,223934008
2024-07-17 14:19:23,136000.0,1000,Sell,223934007
2024-07-17 14:19:23,136000.0,100,Sell,223934006
2024-07-17 14:19:23,136000.0,500,Sell,223934005
2024-07-17 14:19:23,136000.0,100,Sell,223934004
2024-07-17 14:19:23,136100.0,500,Sell,223934003
2024-07-17 14:19:23,136100.0,300,Sell,223934002
2024-07-17 14:19:23,136000.0,100,Sell,223934009
2024-07-17 14:19:26,135000.0,200,Sell,223934933
2024-07-17 14:19:26,135000.0,200,Sell,223934932
2024-07-17 14:19:26,135000.0,300,Sell,223934931
2024-07-17 14:19:26,135000.0,700,Sell,223934930
2024-07-17 14:19:26,135000.0,100,Sell,223934929
2024-07-17 14:19:26,135000.0,100,Sell,223934928
2024-07-17 14:19:26,135000.0,400,Sell,223934927
2024-07-17 14:19:26,135000.0,1000,Sell,223934926
2024-07-17 14:19:26,135000.0,100,Sell,223934925
2024-07-17 14:19:26,135000.0,500,Sell,223934924
2024-07-17 14:19:26,135000.0,100,Sell,223934923
2024-07-17 14:19:26,135000.0,200,Sell,223934922
2024-07-17 14:19:26,135000.0,500,Sell,223934921
2024-07-17 14:19:26,135000.0,100,Sell,223934920
2024-07-17 14:19:26,135100.0,400,Sell,223934919
2024-07-17 14:19:26,135400.0,800,Sell,223934918
2024-07-17 14:19:32,135000.0,800,Sell,223936129
2024-07-17 14:19:32,135000.0,100,Sell,223936130
2024-07-17 14:19:32,135000.0,200,Sell,223936131
2024-07-17 14:19:32,135000.0,100,Sell,223936132
2024-07-17 14:19:32,135000.0,800,Sell,223936133
2024-07-17 14:19:32,135000.0,200,Sell,223936321
2024-07-17 14:19:46,135000.0,100,Sell,223939717
2024-07-17 14:19:46,135000.0,100,Sell,223939716
2024-07-17 14:19:46,135000.0,100,Sell,223939713
2024-07-17 14:19:46,135000.0,400,Sell,223939714
2024-07-17 14:19:46,135000.0,200,Sell,223939712
2024-07-17 14:19:46,135000.0,100,Sell,223939715
2024-07-17 14:19:49,135100.0,300,Sell,223940500
2024-07-17 14:19:50,135400.0,100,Buy,223940874
2024-07-17 14:19:54,135100.0,100,Sell,223941881
2024-07-17 14:19:55,135100.0,500,Sell,223942224
2024-07-17 14:19:56,135100.0,100,Sell,223942393
2024-07-17 14:20:01,135100.0,6000,Sell,223943897
2024-07-17 14:20:02,135100.0,1000,Sell,223944184
2024-07-17 14:20:10,135200.0,100,Sell,223946204
2024-07-17 14:20:10,135100.0,200,Sell,223946205
2024-07-17 14:20:11,135100.0,100,Sell,223946734
2024-07-17 14:20:11,135100.0,100,Sell,223946733
2024-07-17 14:20:11,135100.0,100,Sell,223946732
2024-07-17 14:20:11,135100.0,100,Sell,223946731
2024-07-17 14:20:11,135100.0,1600,Sell,223946729
2024-07-17 14:20:11,135100.0,200,Sell,223946569
2024-07-17 14:20:11,135100.0,100,Sell,223946730
2024-07-17 14:20:13,135100.0,100,Buy,223947329
2024-07-17 14:20:15,135100.0,300,Buy,223947629
2024-07-17 14:20:16,135100.0,100,Buy,223947863
2024-07-17 14:20:18,135000.0,100,Sell,223948675
2024-07-17 14:20:18,135000.0,100,Sell,223948676
2024-07-17 14:20:18,135000.0,100,Sell,223948677
2024-07-17 14:20:18,135000.0,1200,Sell,223948678
2024-07-17 14:20:20,135000.0,100,Sell,223949118
2024-07-17 14:20:20,135000.0,500,Sell,223949119
2024-07-17 14:20:20,135000.0,200,Sell,223949117
2024-07-17 14:20:20,135000.0,100,Sell,223949120
2024-07-17 14:20:20,135000.0,400,Sell,223949115
2024-07-17 14:20:20,135000.0,1400,Sell,223949114
2024-07-17 14:20:20,135000.0,300,Sell,223949113
2024-07-17 14:20:20,135000.0,800,Sell,223949112
2024-07-17 14:20:20,135000.0,600,Sell,223949116
2024-07-17 14:20:21,135000.0,100,Buy,223949398
2024-07-17 14:20:22,135000.0,100,Buy,223949755
2024-07-17 14:20:25,135000.0,100,Buy,223950429
2024-07-17 14:20:26,135000.0,1000,Buy,223950709
2024-07-17 14:20:27,135000.0,100,Buy,223950950
2024-07-17 14:20:29,134200.0,100,Sell,223951514
2024-07-17 14:20:29,134500.0,500,Sell,223951513
2024-07-17 14:20:29,134100.0,100,Sell,223951515
2024-07-17 14:20:29,134800.0,100,Sell,223951511
2024-07-17 14:20:29,134800.0,100,Sell,223951510
2024-07-17 14:20:29,134900.0,100,Sell,223951509
2024-07-17 14:20:29,134500.0,100,Sell,223951512
2024-07-17 14:20:30,134500.0,100,Buy,223951770
2024-07-17 14:20:31,134500.0,100,Buy,223951899
2024-07-17 14:20:33,134500.0,500,Buy,223952393
2024-07-17 14:20:33,135000.0,100,Buy,223952394
2024-07-17 14:20:33,135000.0,400,Buy,223952395
2024-07-17 14:20:43,135000.0,600,Sell,223955324
2024-07-17 14:20:45,135000.0,100,Sell,223956037
2024-07-17 14:20:48,135000.0,900,Sell,223956822
2024-07-17 14:20:48,135000.0,1100,Sell,223956823
2024-07-17 14:20:48,135000.0,300,Sell,223956821
2024-07-17 14:20:57,135000.0,100,Buy,223959432
2024-07-17 14:20:57,135000.0,900,Buy,223959433
2024-07-17 14:21:02,134000.0,200,Sell,223960468
2024-07-17 14:21:02,134000.0,100,Sell,223960467
2024-07-17 14:21:02,134100.0,100,Sell,223960465
2024-07-17 14:21:02,134000.0,100,Sell,223960466
2024-07-17 14:21:02,134500.0,100,Sell,223960463
2024-07-17 14:21:02,134800.0,100,Sell,223960460
2024-07-17 14:21:02,134100.0,400,Sell,223960464
2024-07-17 14:21:02,134500.0,100,Sell,223960462
2024-07-17 14:21:02,134600.0,100,Sell,223960461
2024-07-17 14:21:08,134600.0,100,Sell,223962345
2024-07-17 14:21:10,134000.0,300,Sell,223962973
2024-07-17 14:21:10,134000.0,1000,Sell,223962974
2024-07-17 14:21:10,134000.0,500,Sell,223962975
2024-07-17 14:21:10,134000.0,1000,Sell,223962976
2024-07-17 14:21:10,134000.0,200,Sell,223962977
2024-07-17 14:21:14,133700.0,400,Sell,223964620
2024-07-17 14:21:16,133100.0,500,Sell,223965050
2024-07-17 14:21:16,134000.0,100,Buy,223965043
2024-07-17 14:21:16,133700.0,600,Sell,223965045
2024-07-17 14:21:16,133500.0,100,Sell,223965046
2024-07-17 14:21:16,133500.0,100,Sell,223965047
2024-07-17 14:21:16,133500.0,100,Sell,223965048
2024-07-17 14:21:16,133200.0,100,Sell,223965049
2024-07-17 14:21:19,133400.0,500,Buy,223965872
2024-07-17 14:21:20,133100.0,100,Sell,223966031
2024-07-17 14:21:21,133100.0,100,Buy,223966662
2024-07-17 14:21:27,133000.0,500,Sell,223968307
2024-07-17 14:21:27,133000.0,100,Sell,223968306
2024-07-17 14:21:27,133000.0,100,Sell,223968304
2024-07-17 14:21:27,133000.0,200,Sell,223968303
2024-07-17 14:21:27,133000.0,500,Sell,223968305
2024-07-17 14:21:27,133000.0,100,Sell,223968301
2024-07-17 14:21:27,133000.0,1000,Sell,223968300
2024-07-17 14:21:27,133000.0,100,Sell,223968299
2024-07-17 14:21:27,133000.0,100,Sell,223968298
2024-07-17 14:21:27,133000.0,300,Sell,223968302
2024-07-17 14:21:34,133100.0,100,Buy,223970633
2024-07-17 14:21:40,133000.0,100,Sell,223972399
2024-07-17 14:21:40,133000.0,200,Sell,223972400
2024-07-17 14:21:55,133000.0,1000,Sell,223977290
2024-07-17 14:21:57,133100.0,100,Sell,223977938
2024-07-17 14:21:57,133000.0,900,Sell,223977939
2024-07-17 14:21:57,133100.0,100,Buy,223977936
2024-07-17 14:21:57,133100.0,100,Buy,223977937
2024-07-17 14:21:57,133000.0,1000,Buy,223977935
2024-07-17 14:21:59,133000.0,100,Sell,223978345
2024-07-17 14:22:00,133000.0,500,Buy,223978585
2024-07-17 14:22:00,133000.0,100,Buy,223978589
2024-07-17 14:22:02,133000.0,300,Buy,223979377
2024-07-17 14:22:02,133000.0,700,Buy,223979378
2024-07-17 14:22:04,133000.0,100,Buy,223979912
2024-07-17 14:22:09,132700.0,400,Sell,223981036
2024-07-17 14:22:15,132700.0,300,Sell,223982522
2024-07-17 14:22:19,133000.0,200,Buy,223983639
2024-07-17 14:22:21,132700.0,100,Buy,223984209
2024-07-17 14:22:22,132600.0,100,Sell,223984386
2024-07-17 14:22:25,132600.0,500,Sell,223985254
2024-07-17 14:22:26,133000.0,100,Buy,223985586
2024-07-17 14:22:26,132700.0,100,Buy,223985584
2024-07-17 14:22:26,133000.0,400,Buy,223985585
2024-07-17 14:22:33,133000.0,4400,Sell,223987278
2024-07-17 14:22:37,133000.0,400,Buy,223988445
2024-07-17 14:22:37,133000.0,600,Buy,223988446
2024-07-17 14:22:41,133000.0,2000,Buy,223989330
2024-07-17 14:22:42,133000.0,200,Buy,223989648
2024-07-17 14:22:53,133000.0,1000,Buy,223992279
2024-07-17 14:22:57,132600.0,400,Sell,223993357
2024-07-17 14:22:57,132600.0,100,Sell,223993358
2024-07-17 14:22:59,133000.0,100,Buy,223993707
2024-07-17 14:23:02,133000.0,100,Buy,223994572
2024-07-17 14:23:11,133000.0,1000,Buy,223997024
2024-07-17 14:23:15,133000.0,200,Buy,223998148
2024-07-17 14:23:15,133000.0,800,Buy,223998149
2024-07-17 14:23:27,133000.0,200,Buy,224001580
2024-07-17 14:23:27,132700.0,100,Sell,224001582
2024-07-17 14:23:27,133000.0,100,Buy,224001579
2024-07-17 14:23:27,133000.0,200,Buy,224001578
2024-07-17 14:23:28,133000.0,500,Buy,224001783
2024-07-17 14:23:30,133000.0,3500,Buy,224002143
2024-07-17 14:23:31,132700.0,100,Sell,224002356
2024-07-17 14:23:35,132700.0,100,Sell,224002928
2024-07-17 14:23:35,133000.0,500,Buy,224003160
2024-07-17 14:23:38,132700.0,600,Sell,224003877
2024-07-17 14:23:41,132700.0,100,Sell,224004602
2024-07-17 14:23:41,132700.0,100,Sell,224004604
2024-07-17 14:23:41,132700.0,100,Sell,224004603
2024-07-17 14:23:46,132700.0,100,Buy,224005757
2024-07-17 14:23:46,132700.0,100,Buy,224005758
2024-07-17 14:23:48,132600.0,100,Sell,224006281
2024-07-17 14:23:48,132600.0,500,Sell,224006284
2024-07-17 14:23:48,132600.0,100,Sell,224006283
2024-07-17 14:23:48,132600.0,200,Sell,224006282
2024-07-17 14:23:48,132600.0,100,Sell,224006280
2024-07-17 14:23:48,132600.0,100,Sell,224006278
2024-07-17 14:23:48,132600.0,100,Sell,224006277
2024-07-17 14:23:48,132600.0,100,Sell,224006276
2024-07-17 14:23:48,132600.0,100,Sell,224006275
2024-07-17 14:23:48,132600.0,100,Sell,224006279
2024-07-17 14:23:51,132600.0,100,Buy,224007021
2024-07-17 14:23:56,132600.0,600,Buy,224008289
2024-07-17 14:24:04,132600.0,100,Buy,224009935
2024-07-17 14:24:04,132500.0,100,Sell,224009932
2024-07-17 14:24:04,132500.0,300,Sell,224009933
2024-07-17 14:24:11,132500.0,200,Sell,224011525
2024-07-17 14:24:11,132500.0,300,Sell,224011526
2024-07-17 14:24:16,132600.0,1000,Buy,224013049
2024-07-17 14:24:17,132600.0,5000,Buy,224013580
2024-07-17 14:24:20,132600.0,1700,Buy,224014108
2024-07-17 14:24:20,132600.0,300,Buy,224014109
2024-07-17 14:24:20,132600.0,400,Buy,224014110
2024-07-17 14:24:21,132600.0,100,Buy,224014451
2024-07-17 14:24:26,132500.0,200,Sell,224015773
2024-07-17 14:24:30,132500.0,100,Sell,224016857
2024-07-17 14:24:30,132500.0,100,Sell,224016858
2024-07-17 14:24:30,132500.0,100,Sell,224016859
2024-07-17 14:24:30,132500.0,100,Sell,224016860
2024-07-17 14:24:31,132600.0,500,Buy,224017147
2024-07-17 14:24:37,132600.0,100,Buy,224018500
2024-07-17 14:24:38,132500.0,100,Sell,224018794
2024-07-17 14:24:39,132500.0,100,Sell,224018953
2024-07-17 14:24:39,132500.0,200,Sell,224018952
2024-07-17 14:24:39,132500.0,500,Sell,224018950
2024-07-17 14:24:39,132500.0,100,Sell,224018949
2024-07-17 14:24:39,132500.0,2000,Sell,224018951
2024-07-17 14:24:39,132500.0,100,Sell,224018947
2024-07-17 14:24:39,132500.0,300,Sell,224018946
2024-07-17 14:24:39,132500.0,100,Sell,224018945
2024-07-17 14:24:39,132500.0,100,Sell,224018944
2024-07-17 14:24:39,132500.0,100,Sell,224018948
2024-07-17 14:24:41,132500.0,400,Buy,224019411
2024-07-17 14:24:41,132500.0,100,Buy,224019412
2024-07-17 14:24:43,132500.0,200,Buy,224020033
2024-07-17 14:24:48,132500.0,100,Sell,224021315
2024-07-17 14:24:52,132500.0,300,Sell,224022246
2024-07-17 14:24:54,132500.0,2300,Sell,224022766
2024-07-17 14:24:54,132600.0,100,Sell,224022765
2024-07-17 14:24:57,132200.0,200,Sell,224023400
2024-07-17 14:24:57,132200.0,500,Sell,224023399
2024-07-17 14:24:57,132200.0,100,Sell,224023398
2024-07-17 14:24:57,132200.0,1000,Sell,224023397
2024-07-17 14:24:57,132300.0,100,Sell,224023395
2024-07-17 14:24:57,132200.0,100,Sell,224023396
2024-07-17 14:24:57,132300.0,200,Sell,224023393
2024-07-17 14:24:57,132600.0,300,Sell,224023388
2024-07-17 14:24:57,132500.0,2100,Sell,224023389
2024-07-17 14:24:57,132300.0,100,Sell,224023394
2024-07-17 14:24:57,132300.0,200,Sell,224023391
2024-07-17 14:24:57,132300.0,100,Sell,224023392
2024-07-17 14:24:57,132500.0,1000,Sell,224023390
2024-07-17 14:24:59,132800.0,300,Sell,224023666
2024-07-17 14:25:00,132200.0,300,Sell,224024001
2024-07-17 14:25:00,132100.0,100,Sell,224024003
2024-07-17 14:25:00,132100.0,100,Sell,224024002
2024-07-17 14:25:01,132500.0,900,Buy,224024244
2024-07-17 14:25:01,132500.0,500,Buy,224024245
2024-07-17 14:25:01,132500.0,600,Buy,224024246
2024-07-17 14:25:04,132500.0,400,Sell,224024875
2024-07-17 14:25:04,133000.0,400,Buy,224024872
2024-07-17 14:25:04,133000.0,400,Buy,224024873
2024-07-17 14:25:04,133000.0,200,Buy,224024874
2024-07-17 14:25:13,132500.0,200,Sell,224026538
2024-07-17 14:25:18,132500.0,100,Sell,224027396
2024-07-17 14:25:18,132500.0,100,Sell,224027395
2024-07-17 14:25:24,132500.0,200,Buy,224028592
2024-07-17 14:25:25,132500.0,100,Buy,224028773
2024-07-17 14:25:26,132200.0,100,Sell,224029126
2024-07-17 14:25:26,132200.0,100,Sell,224029127
2024-07-17 14:25:26,132200.0,100,Sell,224029128
2024-07-17 14:25:34,132200.0,500,Sell,224030566
2024-07-17 14:25:38,132200.0,400,Sell,224031214
2024-07-17 14:25:38,132200.0,100,Sell,224031215
2024-07-17 14:25:38,132200.0,200,Sell,224031216
2024-07-17 14:25:38,132200.0,500,Sell,224031217
2024-07-17 14:25:38,132500.0,100,Buy,224031220
2024-07-17 14:25:42,132200.0,200,Sell,224031982
2024-07-17 14:25:42,132500.0,200,Buy,224032141
2024-07-17 14:25:47,132200.0,900,Sell,224032846
2024-07-17 14:25:47,132200.0,600,Sell,224032843
2024-07-17 14:25:47,132200.0,100,Sell,224032844
2024-07-17 14:25:47,132200.0,200,Sell,224032845
2024-07-17 14:25:56,132200.0,400,Sell,224034297
2024-07-17 14:25:56,132200.0,600,Sell,224034296
2024-07-17 14:26:00,132200.0,1000,Sell,224035151
2024-07-17 14:26:01,132200.0,400,Sell,224035302
2024-07-17 14:26:03,132500.0,100,Buy,224035664
2024-07-17 14:26:07,132500.0,100,Buy,224036195
2024-07-17 14:26:07,132500.0,400,Buy,224036196
2024-07-17 14:26:07,132200.0,100,Sell,224036197
2024-07-17 14:26:11,132200.0,100,Buy,224036950
2024-07-17 14:26:11,132200.0,100,Sell,224036949
2024-07-17 14:26:11,132200.0,100,Sell,224036948
2024-07-17 14:26:11,132200.0,300,Sell,224036947
2024-07-17 14:26:11,132200.0,1000,Sell,224036945
2024-07-17 14:26:11,132200.0,1000,Sell,224036944
2024-07-17 14:26:11,132200.0,200,Sell,224036943
2024-07-17 14:26:11,132200.0,100,Sell,224036942
2024-07-17 14:26:11,132200.0,100,Sell,224036946
2024-07-17 14:26:18,132400.0,1000,Sell,224038231
2024-07-17 14:26:18,132200.0,500,Sell,224038232
2024-07-17 14:26:34,132200.0,200,Sell,224040825
2024-07-17 14:26:34,132200.0,300,Sell,224040826
2024-07-17 14:26:34,132200.0,100,Sell,224040827
2024-07-17 14:26:34,132200.0,500,Sell,224040828
2024-07-17 14:26:34,132200.0,300,Sell,224040829
2024-07-17 14:26:34,132200.0,100,Sell,224040830
2024-07-17 14:26:34,132100.0,400,Sell,224040831
2024-07-17 14:26:37,132200.0,100,Sell,224041415
2024-07-17 14:26:37,132200.0,100,Sell,224041414
2024-07-17 14:26:37,132200.0,1000,Sell,224041413
2024-07-17 14:26:38,132200.0,100,Buy,224041649
2024-07-17 14:26:38,132200.0,100,Buy,224041650
2024-07-17 14:26:40,132300.0,100,Buy,224041867
2024-07-17 14:26:43,132100.0,100,Sell,224042424
2024-07-17 14:26:46,132200.0,100,Buy,224042785
2024-07-17 14:26:54,132100.0,100,Sell,224044045
2024-07-17 14:26:54,132100.0,200,Sell,224044046
2024-07-17 14:26:57,132100.0,300,Sell,224044653
2024-07-17 14:26:57,132200.0,500,Buy,224044656
2024-07-17 14:26:58,132200.0,100,Buy,224044726
2024-07-17 14:27:00,132200.0,200,Buy,224044958
2024-07-17 14:27:00,132200.0,200,Buy,224044959
2024-07-17 14:27:01,132200.0,100,Sell,224045185
2024-07-17 14:27:01,132200.0,500,Sell,224045291
2024-07-17 14:27:06,132100.0,500,Sell,224046058
2024-07-17 14:27:06,132100.0,100,Sell,224046057
2024-07-17 14:27:06,132100.0,100,Sell,224045924
2024-07-17 14:27:06,132100.0,200,Sell,224045925
2024-07-17 14:27:06,132100.0,300,Sell,224046056
2024-07-17 14:27:08,132100.0,200,Sell,224046276
2024-07-17 14:27:08,132100.0,100,Sell,224046277
2024-07-17 14:27:08,132100.0,200,Sell,224046278
2024-07-17 14:27:08,132200.0,100,Buy,224046279
2024-07-17 14:27:14,132100.0,300,Sell,224047249
2024-07-17 14:27:14,132100.0,100,Sell,224047250
2024-07-17 14:27:14,132100.0,100,Sell,224047248
2024-07-17 14:27:14,132100.0,100,Sell,224047253
2024-07-17 14:27:14,132100.0,2000,Sell,224047251
2024-07-17 14:27:14,132100.0,1000,Sell,224047247
2024-07-17 14:27:14,132100.0,500,Sell,224047252
2024-07-17 14:27:14,132100.0,100,Sell,224047245
2024-07-17 14:27:14,132100.0,100,Sell,224047244
2024-07-17 14:27:14,132100.0,100,Sell,224047243
2024-07-17 14:27:14,132100.0,200,Sell,224047242
2024-07-17 14:27:14,132100.0,100,Sell,224047241
2024-07-17 14:27:14,132100.0,300,Sell,224047240
2024-07-17 14:27:14,132100.0,100,Sell,224047246
2024-07-17 14:27:15,132200.0,100,Buy,224047419
2024-07-17 14:27:15,132200.0,200,Buy,224047420
2024-07-17 14:27:18,132200.0,100,Sell,224047891
2024-07-17 14:27:21,132200.0,100,Sell,224048430
2024-07-17 14:27:31,132100.0,2200,Sell,224049758
2024-07-17 14:27:31,132100.0,100,Sell,224049759
2024-07-17 14:27:31,132100.0,100,Sell,224049760
2024-07-17 14:27:31,132100.0,1000,Sell,224049761
2024-07-17 14:27:31,132100.0,100,Sell,224049762
2024-07-17 14:27:31,132100.0,100,Sell,224049767
2024-07-17 14:27:31,132100.0,300,Sell,224049764
2024-07-17 14:27:31,132100.0,100,Sell,224049765
2024-07-17 14:27:31,132100.0,100,Sell,224049757
2024-07-17 14:27:31,132100.0,400,Sell,224049768
2024-07-17 14:27:31,132100.0,1000,Sell,224049763
2024-07-17 14:27:31,132100.0,200,Sell,224049756
2024-07-17 14:27:31,132100.0,100,Sell,224049766
2024-07-17 14:27:31,132100.0,1000,Sell,224049754
2024-07-17 14:27:31,132100.0,300,Sell,224049755
2024-07-17 14:27:31,132300.0,100,Sell,224049743
2024-07-17 14:27:31,132200.0,1500,Sell,224049744
2024-07-17 14:27:31,132200.0,200,Sell,224049745
2024-07-17 14:27:31,132100.0,400,Sell,224049746
2024-07-17 14:27:31,132100.0,100,Sell,224049747
2024-07-17 14:27:31,132300.0,400,Sell,224049741
2024-07-17 14:27:31,132100.0,4000,Sell,224049749
2024-07-17 14:27:31,132100.0,100,Sell,224049750
2024-07-17 14:27:31,132100.0,100,Sell,224049751
2024-07-17 14:27:31,132100.0,100,Sell,224049752
2024-07-17 14:27:31,132100.0,300,Sell,224049753
2024-07-17 14:27:31,132100.0,4000,Sell,224049748
2024-07-17 14:27:34,132200.0,200,Sell,224050247
