time,price,volume,match_type,id
2024-08-09 09:14:37,24700.0,6300,ATO/ATC,230423258
2024-08-09 09:14:40,24650.0,2000,Sell,230423551
2024-08-09 09:16:35,24700.0,500,Buy,230426298
2024-08-09 09:16:45,24700.0,5300,Buy,230426567
2024-08-09 09:17:13,24750.0,4900,Buy,230427303
2024-08-09 09:17:25,24750.0,7000,Buy,230427631
2024-08-09 09:17:25,24750.0,1500,Buy,230427632
2024-08-09 09:17:52,24800.0,1700,Buy,230428291
2024-08-09 09:17:52,24800.0,2500,Buy,230428292
2024-08-09 09:18:05,24800.0,2600,Buy,230428573
2024-08-09 09:18:15,24800.0,3900,Buy,230428809
2024-08-09 09:18:20,24800.0,3500,Buy,230428904
2024-08-09 09:18:20,24800.0,1000,Buy,230428905
2024-08-09 09:18:46,24850.0,2600,Buy,230429606
2024-08-09 09:18:58,24850.0,5200,Buy,230429843
2024-08-09 09:19:09,24850.0,5900,Buy,230430086
2024-08-09 09:19:10,24850.0,2300,Sell,230430114
2024-08-09 09:19:50,24900.0,6600,Buy,230431085
2024-08-09 09:19:59,24900.0,4100,Buy,230431318
2024-08-09 09:20:19,24900.0,4600,Buy,230431817
2024-08-09 09:20:19,24900.0,2900,Buy,230431818
2024-08-09 09:21:09,24950.0,1500,Buy,230432849
2024-08-09 09:21:24,24950.0,2200,Buy,230433255
2024-08-09 09:21:37,24950.0,2700,Buy,230433650
2024-08-09 09:21:50,24950.0,3000,Buy,230433951
2024-08-09 09:22:24,24950.0,5400,Buy,230434727
2024-08-09 09:22:24,24950.0,1900,Buy,230434728
2024-08-09 09:22:24,25000.0,700,Buy,230434729
2024-08-09 09:23:42,25000.0,500,Buy,230436745
2024-08-09 09:24:56,25000.0,2500,Buy,230438423
2024-08-09 09:27:55,25000.0,500,Buy,230442445
2024-08-09 09:28:31,25000.0,3000,Buy,230443206
2024-08-09 09:37:47,24950.0,1900,Buy,230454010
2024-08-09 09:37:47,25000.0,500,Buy,230454011
2024-08-09 09:37:47,24950.0,100,Buy,230454009
2024-08-09 09:50:06,24900.0,5300,Sell,230467285
2024-08-09 09:50:09,24900.0,6800,Sell,230467327
2024-08-09 09:51:25,24950.0,400,Buy,230469230
2024-08-09 09:51:46,24950.0,2600,Sell,230469703
2024-08-09 09:51:46,24900.0,400,Sell,230469704
2024-08-09 10:07:50,24900.0,1900,Buy,230493721
2024-08-09 10:08:01,24900.0,3800,Buy,230493922
2024-08-09 10:08:16,24900.0,1300,Buy,230494250
2024-08-09 10:08:30,25000.0,500,Buy,230494580
2024-08-09 10:17:20,25000.0,2600,Buy,230504106
2024-08-09 10:20:49,25000.0,1300,Buy,230507255
2024-08-09 10:23:20,25000.0,300,Buy,230509514
2024-08-09 10:23:53,25000.0,700,Buy,230510180
2024-08-09 13:03:09,25000.0,1100,Buy,230574752
2024-08-09 13:24:36,25000.0,1000,Buy,230610886
2024-08-09 13:32:24,24900.0,200,Sell,230627341
2024-08-09 13:33:37,24900.0,100,Sell,230631206
2024-08-09 13:35:26,25000.0,200,Buy,230636279
2024-08-09 13:51:19,24900.0,100,Sell,230671296
2024-08-09 13:55:58,24900.0,4100,Sell,230680329
2024-08-09 13:58:13,24900.0,200,Sell,230686151
2024-08-09 13:58:13,24900.0,1600,Sell,230686152
2024-08-09 13:59:44,24900.0,1400,Sell,230689764
2024-08-09 14:23:53,24900.0,13700,Buy,230742978
2024-08-09 14:23:53,24900.0,700,Buy,230742980
2024-08-09 14:23:53,25000.0,5900,Buy,230742991
2024-08-09 14:23:53,25000.0,100,Buy,230742990
2024-08-09 14:23:53,25000.0,200,Buy,230742989
2024-08-09 14:23:53,25000.0,2000,Buy,230742988
2024-08-09 14:23:53,25000.0,1000,Buy,230742987
2024-08-09 14:23:53,24900.0,10000,Buy,230742979
2024-08-09 14:23:53,25000.0,200,Buy,230742985
2024-08-09 14:23:53,25000.0,200,Buy,230742984
2024-08-09 14:23:53,25000.0,1000,Buy,230742983
2024-08-09 14:23:53,24950.0,4000,Buy,230742982
2024-08-09 14:23:53,24950.0,15000,Buy,230742981
2024-08-09 14:23:53,25000.0,1000,Buy,230742986
2024-08-09 14:24:42,25000.0,1000,Buy,230744747
2024-08-09 14:24:42,25000.0,400,Buy,230744745
2024-08-09 14:24:42,25000.0,4100,Buy,230744744
2024-08-09 14:24:42,25000.0,1000,Buy,230744746
2024-08-09 14:24:53,25050.0,2500,Buy,230745154
2024-08-09 14:25:10,25050.0,2300,Buy,230745964
2024-08-09 14:25:21,25050.0,6000,Buy,230746317
2024-08-09 14:25:33,25050.0,7600,Buy,230746868
2024-08-09 14:25:48,25050.0,100,Buy,230747461
2024-08-09 14:25:48,25050.0,2000,Buy,230747462
2024-08-09 14:25:57,25100.0,5500,Buy,230747807
2024-08-09 14:26:06,25100.0,4500,Buy,230748177
2024-08-09 14:26:14,25100.0,3100,Buy,230748504
2024-08-09 14:26:25,25100.0,4500,Buy,230748878
2024-08-09 14:26:28,25100.0,500,Sell,230748992
2024-08-09 14:26:46,25100.0,200,Buy,230749800
2024-08-09 14:26:46,25100.0,500,Buy,230749799
2024-08-09 14:26:55,25150.0,3800,Buy,230750192
2024-08-09 14:27:04,25150.0,2400,Buy,230750542
2024-08-09 14:27:14,25150.0,7600,Buy,230750935
2024-08-09 14:27:46,25150.0,4300,Buy,230752191
2024-08-09 14:28:14,25200.0,8500,Buy,230753518
2024-08-09 14:28:14,25200.0,2400,Buy,230753596
2024-08-09 14:28:27,25200.0,6500,Buy,230754259
2024-08-09 14:28:28,25200.0,2000,Buy,230754296
2024-08-09 14:28:28,25200.0,200,Buy,230754297
2024-08-09 14:28:28,25200.0,900,Buy,230754298
2024-08-09 14:28:28,25200.0,100,Buy,230754299
2024-08-09 14:28:38,25250.0,3100,Buy,230754725
2024-08-09 14:28:40,25250.0,4100,Buy,230754843
2024-08-09 14:28:47,25250.0,7600,Buy,230755319
2024-08-09 14:28:53,25250.0,1000,Buy,230755706
2024-08-09 14:28:53,25250.0,100,Buy,230755707
2024-08-09 14:28:53,25250.0,2900,Buy,230755705
2024-08-09 14:28:59,25300.0,9100,Buy,230756028
2024-08-09 14:29:04,25300.0,7800,Buy,230756353
2024-08-09 14:29:04,25300.0,300,Buy,230756354
2024-08-09 14:29:04,25300.0,100,Buy,230756355
2024-08-09 14:29:14,25350.0,11700,Buy,230756807
2024-08-09 14:29:20,25350.0,7900,Buy,230757205
2024-08-09 14:29:20,25350.0,100,Buy,230757206
2024-08-09 14:29:28,25400.0,18700,Buy,230757621
2024-08-09 14:29:29,25400.0,100,Sell,230757627
2024-08-09 14:44:37,25350.0,27200,ATO/ATC,230758901
