time,price,volume,match_type,id
2024-07-18 09:15:44,26400.0,3500,Buy,224077307
2024-07-18 09:16:01,26400.0,6000,Buy,224077983
2024-07-18 09:16:20,26450.0,7500,Buy,224078667
2024-07-18 09:16:30,26450.0,500,Buy,224079007
2024-07-18 09:16:30,26450.0,2700,Buy,224079008
2024-07-18 09:16:40,26450.0,2500,Buy,224079406
2024-07-18 09:17:10,26500.0,2600,Buy,224080522
2024-07-18 09:17:17,26500.0,1500,Buy,224080891
2024-07-18 09:17:52,26450.0,6200,Sell,224082304
2024-07-18 09:18:08,26450.0,2800,Buy,224082988
2024-07-18 09:18:27,26450.0,200,Sell,224083711
2024-07-18 09:18:27,26400.0,1100,Sell,224083712
2024-07-18 09:18:27,26400.0,3200,Sell,224083713
2024-07-18 09:18:37,26400.0,500,Buy,224084106
2024-07-18 09:18:46,26500.0,3000,Buy,224084465
2024-07-18 09:19:11,26500.0,1500,Buy,224085623
2024-07-18 09:19:30,26550.0,2100,Buy,224086488
2024-07-18 09:19:30,26500.0,500,Buy,224086487
2024-07-18 09:19:30,26500.0,1400,Buy,224086485
2024-07-18 09:19:30,26500.0,1000,Buy,224086486
2024-07-18 09:20:19,26550.0,3500,Buy,224088894
2024-07-18 09:20:55,26400.0,500,Sell,224090537
2024-07-18 09:20:55,26400.0,1500,Sell,224090538
2024-07-18 09:21:06,26500.0,2000,Buy,224091063
2024-07-18 09:21:06,26550.0,7000,Buy,224091069
2024-07-18 09:23:52,26400.0,1700,Sell,224098006
2024-07-18 09:23:53,26400.0,3000,Sell,224098009
2024-07-18 09:27:26,26350.0,2000,Sell,224105853
2024-07-18 09:28:13,26400.0,100,Buy,224107337
2024-07-18 09:29:59,26350.0,500,Sell,224110959
2024-07-18 09:30:30,26350.0,200,Sell,224112001
2024-07-18 09:32:43,26350.0,100,Sell,224115978
2024-07-18 09:32:52,26350.0,600,Sell,224116299
2024-07-18 09:33:11,26350.0,500,Sell,224116897
2024-07-18 09:33:11,26350.0,100,Sell,224116898
2024-07-18 09:33:11,26350.0,800,Sell,224116895
2024-07-18 09:33:11,26350.0,1500,Sell,224116896
2024-07-18 09:34:40,26300.0,3000,Sell,224119264
2024-07-18 09:35:03,26300.0,2500,Sell,224119814
2024-07-18 09:35:03,26300.0,3100,Sell,224119815
2024-07-18 09:35:03,26300.0,100,Sell,224119816
2024-07-18 09:35:03,26300.0,100,Sell,224119817
2024-07-18 09:35:11,26300.0,100,Buy,224120070
2024-07-18 09:38:50,26300.0,2000,Buy,224125962
2024-07-18 09:39:16,26300.0,2100,Buy,224126670
2024-07-18 09:39:16,26350.0,2100,Buy,224126671
2024-07-18 09:39:16,26350.0,1300,Buy,224126672
2024-07-18 09:41:42,26350.0,200,Buy,224130566
2024-07-18 09:44:07,26350.0,3000,Buy,224133953
2024-07-18 09:52:28,26300.0,500,Sell,224145497
2024-07-18 09:52:28,26300.0,500,Sell,224145496
2024-07-18 09:52:28,26300.0,1500,Sell,224145494
2024-07-18 09:52:28,26300.0,200,Sell,224145495
2024-07-18 09:53:02,26250.0,9000,Sell,224146324
2024-07-18 09:53:02,26250.0,500,Sell,224146325
2024-07-18 09:53:04,26250.0,100,Buy,224146364
2024-07-18 09:53:31,26250.0,400,Buy,224147004
2024-07-18 09:53:31,26300.0,1100,Buy,224147005
2024-07-18 09:54:52,26300.0,300,Buy,224148780
2024-07-18 09:55:29,26300.0,500,Buy,224149575
2024-07-18 09:55:54,26250.0,900,Sell,224150200
2024-07-18 10:10:24,26300.0,400,Buy,224171908
2024-07-18 10:10:24,26300.0,800,Buy,224171909
2024-07-18 10:10:24,26300.0,1500,Buy,224171910
2024-07-18 10:10:24,26300.0,700,Buy,224171911
2024-07-18 10:12:00,26300.0,100,Sell,224174656
2024-07-18 10:13:25,26300.0,400,Sell,224177084
2024-07-18 10:14:15,26250.0,1000,Sell,224178256
2024-07-18 10:14:15,26250.0,1000,Sell,224178255
2024-07-18 10:14:15,26250.0,2900,Sell,224178257
2024-07-18 10:14:15,26250.0,200,Sell,224178253
2024-07-18 10:14:15,26250.0,100,Sell,224178252
2024-07-18 10:14:15,26250.0,500,Sell,224178254
2024-07-18 10:14:15,26300.0,100,Sell,224178251
2024-07-18 10:14:31,26250.0,100,Sell,224178732
2024-07-18 10:15:03,26200.0,500,Sell,224179639
2024-07-18 10:15:03,26200.0,100,Sell,224179640
2024-07-18 10:15:03,26200.0,4000,Sell,224179641
2024-07-18 10:15:03,26200.0,2000,Sell,224179642
2024-07-18 10:15:03,26200.0,3000,Sell,224179643
2024-07-18 10:15:03,26200.0,8100,Sell,224179638
2024-07-18 10:18:21,26200.0,1500,Sell,224184482
2024-07-18 10:20:20,26150.0,3300,Sell,224187094
2024-07-18 10:20:20,26150.0,2000,Sell,224187093
2024-07-18 10:20:20,26150.0,100,Sell,224187092
2024-07-18 10:20:20,26150.0,500,Sell,224187090
2024-07-18 10:20:20,26150.0,100,Sell,224187091
2024-07-18 10:21:00,26150.0,1200,Buy,224188082
2024-07-18 10:27:24,26150.0,300,Sell,224195621
2024-07-18 10:27:24,26150.0,700,Sell,224195622
2024-07-18 10:28:34,26150.0,1400,Sell,224196897
2024-07-18 10:43:13,26150.0,1400,Sell,224212283
2024-07-18 10:43:13,26200.0,500,Sell,224212281
2024-07-18 10:43:13,26200.0,200,Sell,224212282
2024-07-18 10:44:20,26100.0,400,Sell,224213096
2024-07-18 10:55:26,26150.0,100,Sell,224222101
2024-07-18 10:59:45,26100.0,100,Sell,224225740
2024-07-18 10:59:45,26100.0,200,Sell,224225741
2024-07-18 10:59:45,26100.0,300,Sell,224225742
2024-07-18 11:00:38,26100.0,4400,Sell,224226522
2024-07-18 11:00:38,26100.0,500,Sell,224226523
2024-07-18 11:00:38,26100.0,100,Sell,224226524
2024-07-18 11:00:38,26100.0,100,Sell,224226525
2024-07-18 11:00:38,26100.0,200,Sell,224226526
2024-07-18 11:00:38,26100.0,100,Sell,224226527
2024-07-18 11:01:37,26050.0,500,Sell,224227758
2024-07-18 11:01:37,26050.0,1000,Sell,224227757
2024-07-18 11:01:37,26050.0,3000,Sell,224227756
2024-07-18 11:01:37,26050.0,3000,Sell,224227755
2024-07-18 11:01:37,26050.0,500,Sell,224227754
2024-07-18 11:01:37,26050.0,12500,Sell,224227753
2024-07-18 11:02:27,26000.0,500,Sell,224228689
2024-07-18 11:02:27,26000.0,2000,Sell,224228688
2024-07-18 11:02:27,26000.0,200,Sell,224228687
2024-07-18 11:02:27,26000.0,1000,Sell,224228686
2024-07-18 11:02:27,26000.0,200,Sell,224228685
2024-07-18 11:02:27,26000.0,4000,Sell,224228684
2024-07-18 11:02:27,26000.0,400,Sell,224228683
2024-07-18 11:02:27,26000.0,15100,Sell,224228675
2024-07-18 11:02:27,26000.0,1000,Sell,224228681
2024-07-18 11:02:27,26000.0,700,Sell,224228680
2024-07-18 11:02:27,26000.0,100,Sell,224228679
2024-07-18 11:02:27,26000.0,500,Sell,224228678
2024-07-18 11:02:27,26000.0,1000,Sell,224228677
2024-07-18 11:02:27,26000.0,8000,Sell,224228676
2024-07-18 11:02:27,26000.0,300,Sell,224228682
2024-07-18 11:02:40,26000.0,100,Sell,224228946
2024-07-18 11:03:52,26000.0,300,Buy,224230601
2024-07-18 11:03:52,26000.0,900,Buy,224230602
2024-07-18 11:05:18,26000.0,800,Sell,224232861
2024-07-18 11:05:18,26000.0,3000,Sell,224232862
2024-07-18 11:05:18,26000.0,100,Sell,224232863
2024-07-18 11:05:46,26000.0,3000,Sell,224233502
2024-07-18 11:05:46,26000.0,100,Sell,224233501
2024-07-18 11:18:33,25950.0,100,Sell,224250431
2024-07-18 11:18:33,25900.0,100,Sell,224250432
2024-07-18 11:18:33,25900.0,100,Sell,224250433
2024-07-18 11:18:43,25900.0,300,Sell,224250583
2024-07-18 11:19:43,25950.0,100,Sell,224251856
2024-07-18 11:19:43,25900.0,100,Sell,224251857
2024-07-18 11:21:46,25900.0,200,Sell,224254291
2024-07-18 11:25:15,25900.0,2100,Sell,224258023
2024-07-18 11:25:19,25900.0,400,Sell,224258055
2024-07-18 11:25:55,25900.0,100,Sell,224258859
2024-07-18 11:25:55,25900.0,100,Sell,224258860
2024-07-18 11:26:35,25900.0,200,Sell,224259633
2024-07-18 12:59:39,25900.0,1000,Sell,224262974
2024-07-18 12:59:40,25900.0,200,Sell,224263296
2024-07-18 12:59:40,25900.0,100,Sell,224263299
2024-07-18 12:59:40,25900.0,200,Sell,224263295
2024-07-18 12:59:40,25900.0,200,Sell,224263297
2024-07-18 12:59:40,25900.0,100,Sell,224263298
2024-07-18 12:59:41,25900.0,100,Sell,224263712
2024-07-18 12:59:41,25900.0,100,Sell,224263711
2024-07-18 12:59:43,25900.0,100,Buy,224264633
2024-07-18 12:59:43,25900.0,100,Buy,224264632
2024-07-18 13:00:11,25900.0,900,Buy,224269479
2024-07-18 13:00:11,25900.0,100,Buy,224269480
2024-07-18 13:01:49,25850.0,100,Sell,224272806
2024-07-18 13:01:49,25850.0,500,Sell,224272807
2024-07-18 13:01:49,25850.0,1500,Sell,224272808
2024-07-18 13:01:49,25850.0,800,Sell,224272810
2024-07-18 13:01:49,25850.0,100,Sell,224272809
2024-07-18 13:04:48,25850.0,200,Sell,224280577
2024-07-18 13:04:48,25850.0,300,Sell,224280578
2024-07-18 13:08:19,25850.0,3700,Sell,224290084
2024-07-18 13:08:36,25800.0,1000,Sell,224290824
2024-07-18 13:09:06,25800.0,4000,Sell,224291973
2024-07-18 13:10:32,25800.0,3000,Sell,224295235
2024-07-18 13:10:32,25800.0,2000,Sell,224295234
2024-07-18 13:10:32,25800.0,5000,Sell,224295233
2024-07-18 13:10:39,25800.0,500,Sell,224295446
2024-07-18 13:10:39,25800.0,500,Sell,224295447
2024-07-18 13:11:09,25800.0,1000,Sell,224296458
2024-07-18 13:11:09,25800.0,300,Sell,224296459
2024-07-18 13:11:09,25800.0,200,Sell,224296460
2024-07-18 13:11:09,25800.0,500,Sell,224296461
2024-07-18 13:11:09,25800.0,100,Sell,224296462
2024-07-18 13:11:25,25750.0,200,Sell,224296972
2024-07-18 13:12:52,25750.0,300,Sell,224300120
2024-07-18 13:12:52,25750.0,2000,Sell,224300121
2024-07-18 13:12:52,25750.0,300,Sell,224300122
2024-07-18 13:12:52,25750.0,900,Sell,224300123
2024-07-18 13:13:36,25700.0,500,Sell,224301510
2024-07-18 13:15:38,25700.0,200,Sell,224305215
2024-07-18 13:15:38,25700.0,4000,Sell,224305213
2024-07-18 13:15:38,25700.0,500,Sell,224305212
2024-07-18 13:15:38,25700.0,500,Sell,224305214
2024-07-18 13:15:54,25700.0,500,Buy,224305706
2024-07-18 13:16:31,25700.0,300,Buy,224306794
2024-07-18 13:17:11,25700.0,400,Sell,224307940
2024-07-18 13:18:45,25650.0,10000,Sell,224310507
2024-07-18 13:23:20,25650.0,100,Buy,224320087
2024-07-18 13:23:46,25600.0,500,Sell,224321168
2024-07-18 13:23:46,25600.0,100,Sell,224321169
2024-07-18 13:23:46,25600.0,1000,Sell,224321171
2024-07-18 13:23:46,25600.0,500,Sell,224321172
2024-07-18 13:23:46,25600.0,100,Sell,224321170
2024-07-18 13:25:34,25550.0,100,Sell,224325401
2024-07-18 13:25:34,25550.0,100,Sell,224325402
2024-07-18 13:25:34,25550.0,300,Sell,224325403
2024-07-18 13:25:44,25550.0,500,Sell,224325718
2024-07-18 13:26:22,25550.0,400,Sell,224327023
2024-07-18 13:26:26,25550.0,300,Sell,224327235
2024-07-18 13:27:37,25550.0,100,Sell,224329219
2024-07-18 13:27:37,25550.0,2800,Sell,224329218
2024-07-18 13:29:53,25550.0,100,Sell,224333213
2024-07-18 13:30:19,25550.0,2000,Buy,224333963
2024-07-18 13:30:37,25500.0,100,Sell,224334580
2024-07-18 13:33:19,25550.0,2900,Buy,224340332
2024-07-18 13:40:30,25600.0,1000,Buy,224354183
2024-07-18 13:42:21,25600.0,500,Buy,224357479
2024-07-18 13:42:44,25550.0,100,Sell,224358094
2024-07-18 13:42:44,25550.0,1000,Sell,224358095
2024-07-18 13:42:44,25550.0,100,Sell,224358096
2024-07-18 13:42:44,25550.0,100,Sell,224358097
2024-07-18 13:42:44,25550.0,300,Sell,224358098
2024-07-18 13:42:44,25550.0,100,Sell,224358099
2024-07-18 13:42:44,25550.0,3300,Sell,224358100
2024-07-18 13:42:56,25600.0,100,Buy,224358421
2024-07-18 13:43:41,25550.0,900,Sell,224359708
2024-07-18 13:43:49,25550.0,5800,Sell,224359940
2024-07-18 13:46:03,25550.0,100,Buy,224364008
2024-07-18 13:48:56,25550.0,2000,Buy,224368151
2024-07-18 13:49:29,25550.0,100,Buy,224368961
2024-07-18 13:55:05,25550.0,100,Buy,224379417
2024-07-18 14:00:02,25550.0,100,Buy,224394807
2024-07-18 14:00:38,25500.0,2600,Sell,224397582
2024-07-18 14:00:38,25500.0,100,Sell,224397581
2024-07-18 14:00:38,25500.0,100,Sell,224397580
2024-07-18 14:00:38,25500.0,100,Sell,224397579
2024-07-18 14:00:38,25500.0,100,Sell,224397578
2024-07-18 14:00:38,25500.0,100,Sell,224397583
2024-07-18 14:00:38,25500.0,1000,Sell,224397576
2024-07-18 14:00:38,25500.0,1000,Sell,224397575
2024-07-18 14:00:38,25500.0,4400,Sell,224397574
2024-07-18 14:00:38,25500.0,500,Sell,224397573
2024-07-18 14:00:38,25500.0,400,Sell,224397572
2024-07-18 14:00:38,25500.0,100,Sell,224397577
2024-07-18 14:00:38,25500.0,900,Sell,224397571
2024-07-18 14:00:57,25450.0,500,Sell,224399077
2024-07-18 14:00:57,25450.0,1500,Sell,224399074
2024-07-18 14:00:57,25450.0,300,Sell,224399075
2024-07-18 14:00:57,25450.0,100,Sell,224399076
2024-07-18 14:01:31,25400.0,500,Sell,224401510
2024-07-18 14:01:31,25400.0,1000,Sell,224401524
2024-07-18 14:01:31,25400.0,1000,Sell,224401525
2024-07-18 14:01:31,25400.0,100,Sell,224401523
2024-07-18 14:02:13,25350.0,100,Sell,224406070
2024-07-18 14:02:13,25350.0,1300,Sell,224406071
2024-07-18 14:02:13,25300.0,2200,Sell,224406072
2024-07-18 14:02:39,25300.0,5300,Sell,224408591
2024-07-18 14:02:42,25250.0,100,Sell,224408857
2024-07-18 14:02:42,25250.0,1500,Sell,224408858
2024-07-18 14:02:42,25200.0,400,Sell,224408861
2024-07-18 14:02:42,25300.0,100,Buy,224408900
2024-07-18 14:04:18,25200.0,500,Sell,224416108
2024-07-18 14:05:12,25250.0,200,Buy,224419227
2024-07-18 14:05:19,25250.0,200,Buy,224419724
2024-07-18 14:05:19,25250.0,300,Buy,224419723
2024-07-18 14:05:22,25250.0,200,Buy,224419929
2024-07-18 14:05:33,25250.0,100,Buy,224420565
2024-07-18 14:06:57,25300.0,800,Buy,224424733
2024-07-18 14:08:04,25300.0,400,Buy,224427366
2024-07-18 14:10:28,25300.0,500,Buy,224433707
2024-07-18 14:10:33,25300.0,1000,Buy,224433957
2024-07-18 14:11:51,25300.0,1000,Buy,224436996
2024-07-18 14:12:50,25300.0,300,Buy,224439485
2024-07-18 14:12:50,25300.0,500,Buy,224439484
2024-07-18 14:13:07,25300.0,100,Buy,224440175
2024-07-18 14:14:22,25300.0,400,Buy,224442807
2024-07-18 14:15:23,25300.0,1000,Buy,224445266
2024-07-18 14:16:39,25300.0,100,Buy,224448247
2024-07-18 14:18:16,25300.0,1000,Buy,224452132
2024-07-18 14:19:19,25300.0,500,Buy,224454762
2024-07-18 14:20:34,25300.0,300,Buy,224458193
2024-07-18 14:20:45,25300.0,500,Buy,224458647
2024-07-18 14:21:58,25300.0,800,Buy,224462243
2024-07-18 14:21:58,25300.0,200,Buy,224462244
2024-07-18 14:22:00,25300.0,100,Buy,224462304
2024-07-18 14:23:19,25550.0,100,Buy,224467598
2024-07-18 14:26:49,25550.0,100,Buy,224482292
2024-07-18 14:26:49,25550.0,300,Buy,224482293
2024-07-18 14:27:08,25550.0,500,Buy,224483567
2024-07-18 14:27:50,25550.0,2800,Buy,224486889
2024-07-18 14:28:56,25600.0,1000,Buy,224492332
2024-07-18 14:29:02,25600.0,200,Buy,224492790
2024-07-18 14:29:02,25600.0,100,Buy,224492791
2024-07-18 14:29:02,25600.0,500,Buy,224492792
2024-07-18 14:29:02,25600.0,2000,Buy,224492793
2024-07-18 14:29:21,25650.0,1900,Buy,224494181
2024-07-18 14:44:38,25650.0,4300,ATO/ATC,224496758
