time,price,volume,match_type,id
2024-07-26 09:14:37,25150.0,5800,ATO/ATC,226562303
2024-07-26 09:15:49,25150.0,2500,Buy,226563551
2024-07-26 09:16:05,25150.0,1100,Buy,226563811
2024-07-26 09:16:05,25150.0,3000,Buy,226563810
2024-07-26 09:16:05,25150.0,1000,Buy,226563812
2024-07-26 09:16:42,25200.0,5000,Buy,226564419
2024-07-26 09:17:10,25200.0,1500,Buy,226564910
2024-07-26 09:17:19,25200.0,2000,Buy,226565062
2024-07-26 09:17:27,25200.0,3600,Buy,226565201
2024-07-26 09:18:49,25250.0,1500,Buy,226566657
2024-07-26 09:19:18,25250.0,3000,Buy,226567197
2024-07-26 09:19:18,25250.0,2000,Buy,226567217
2024-07-26 09:19:20,25250.0,2000,Buy,226567261
2024-07-26 09:19:39,25250.0,1000,Buy,226567658
2024-07-26 09:19:39,25250.0,4900,Buy,226567657
2024-07-26 09:19:59,25250.0,1600,Sell,226567988
2024-07-26 09:20:01,25250.0,1500,Buy,226568015
2024-07-26 09:20:11,25200.0,2200,Sell,226568226
2024-07-26 09:20:30,25250.0,1800,Buy,226568559
2024-07-26 09:20:50,25250.0,3200,Buy,226568828
2024-07-26 09:20:50,25300.0,1800,Buy,226568829
2024-07-26 09:22:45,25300.0,9100,Buy,226570856
2024-07-26 09:22:56,25300.0,1500,Sell,226571055
2024-07-26 09:22:56,25300.0,900,Sell,226571054
2024-07-26 09:23:13,25300.0,1200,Buy,226571386
2024-07-26 09:23:40,25300.0,500,Buy,226571895
2024-07-26 09:23:48,25300.0,100,Buy,226572025
2024-07-26 09:24:00,25300.0,4700,Buy,226572304
2024-07-26 09:24:00,25300.0,500,Buy,226572305
2024-07-26 09:25:22,25300.0,2300,Sell,226573824
2024-07-26 09:25:32,25250.0,6500,Sell,226573984
2024-07-26 09:30:06,25250.0,1200,Buy,226579050
2024-07-26 09:34:02,25200.0,2900,Sell,226583915
2024-07-26 09:45:28,25250.0,1500,Buy,226594979
2024-07-26 09:45:55,25250.0,100,Buy,226595380
2024-07-26 09:50:45,25250.0,100,Buy,226600370
2024-07-26 10:02:08,25250.0,3600,Buy,226612750
2024-07-26 10:02:08,25250.0,1000,Buy,226612751
2024-07-26 10:06:14,25300.0,2500,Buy,226616693
2024-07-26 10:06:53,25300.0,800,Buy,226617236
2024-07-26 10:06:53,25300.0,2500,Buy,226617237
2024-07-26 10:07:51,25300.0,1500,Buy,226617986
2024-07-26 10:09:17,25300.0,2200,Buy,226619353
2024-07-26 10:09:17,25300.0,300,Buy,226619352
2024-07-26 10:10:44,25300.0,5500,Buy,226620695
2024-07-26 10:11:15,25300.0,500,Buy,226621080
2024-07-26 10:12:40,25300.0,200,Buy,226622591
2024-07-26 10:13:04,25300.0,5000,Buy,226622969
2024-07-26 10:13:31,25300.0,200,Buy,226623368
2024-07-26 10:14:46,25300.0,200,Buy,226624922
2024-07-26 10:28:56,25300.0,200,Buy,226637471
2024-07-26 10:39:52,25250.0,100,Sell,226646733
2024-07-26 10:52:49,25250.0,200,Sell,226658446
2024-07-26 10:54:21,25250.0,100,Sell,226659758
2024-07-26 10:56:14,25250.0,1000,Sell,226661313
2024-07-26 11:05:49,25250.0,1000,Sell,226669189
2024-07-26 11:15:51,25300.0,3000,Buy,226678066
2024-07-26 11:19:25,25300.0,3000,Buy,226680453
2024-07-26 11:20:47,25300.0,1000,Buy,226681304
2024-07-26 11:20:47,25300.0,500,Buy,226681305
2024-07-26 11:20:47,25300.0,100,Buy,226681306
2024-07-26 11:24:03,25350.0,4000,Buy,226683464
2024-07-26 11:25:04,25350.0,6000,Buy,226684005
2024-07-26 11:26:05,25350.0,1000,Buy,226684797
2024-07-26 11:26:05,25350.0,3300,Buy,226684796
2024-07-26 11:26:22,25400.0,700,Buy,226684956
2024-07-26 11:26:22,25400.0,200,Buy,226684954
2024-07-26 11:26:22,25400.0,100,Buy,226684955
2024-07-26 11:26:33,25350.0,700,Sell,226685085
2024-07-26 11:26:51,25350.0,1800,Buy,226685380
2024-07-26 11:27:17,25350.0,3500,Buy,226685686
2024-07-26 11:28:33,25350.0,100,Sell,226686579
2024-07-26 11:29:02,25350.0,100,Sell,226687043
2024-07-26 12:59:41,25350.0,100,Sell,226689123
2024-07-26 13:00:42,25350.0,200,Sell,226692806
2024-07-26 13:08:40,25300.0,200,Sell,226702913
2024-07-26 13:08:40,25300.0,1000,Sell,226702911
2024-07-26 13:08:40,25300.0,1000,Sell,226702912
2024-07-26 13:08:40,25300.0,1400,Sell,226702910
2024-07-26 13:09:37,25300.0,400,Buy,226704401
2024-07-26 13:21:01,25300.0,100,Buy,226721777
2024-07-26 13:21:27,25300.0,3500,Buy,226722693
2024-07-26 13:21:37,25300.0,2400,Buy,226723016
2024-07-26 13:21:37,25300.0,400,Buy,226723017
2024-07-26 13:21:57,25350.0,5000,Buy,226723563
2024-07-26 13:22:33,25350.0,3100,Buy,226724677
2024-07-26 13:22:33,25350.0,400,Buy,226724678
2024-07-26 13:22:40,25350.0,600,Buy,226724854
2024-07-26 13:22:40,25350.0,1400,Buy,226724855
2024-07-26 13:23:04,25350.0,1500,Buy,226725501
2024-07-26 13:23:30,25350.0,5000,Buy,226726305
2024-07-26 13:23:56,25350.0,2100,Buy,226727044
2024-07-26 13:23:56,25400.0,2900,Buy,226727045
2024-07-26 13:25:00,25350.0,1500,Buy,226728804
2024-07-26 13:29:16,25350.0,5500,Buy,226734696
2024-07-26 13:31:24,25350.0,2300,Buy,226737268
2024-07-26 13:31:24,25350.0,300,Buy,226737269
2024-07-26 13:34:27,25400.0,3500,Buy,226740964
2024-07-26 13:35:06,25400.0,100,Buy,226741637
2024-07-26 13:38:49,25350.0,400,Sell,226746530
2024-07-26 13:38:49,25350.0,2000,Sell,226746531
2024-07-26 13:39:03,25350.0,200,Buy,226746839
2024-07-26 13:39:11,25300.0,2200,Sell,226747122
2024-07-26 13:39:11,25300.0,3000,Sell,226747123
2024-07-26 13:39:11,25300.0,500,Sell,226747124
2024-07-26 13:39:11,25300.0,2000,Sell,226747125
2024-07-26 13:39:11,25300.0,1000,Sell,226747126
2024-07-26 13:39:11,25300.0,100,Sell,226747127
2024-07-26 13:47:09,25300.0,1200,Buy,226758408
2024-07-26 13:47:09,25300.0,1000,Buy,226758409
2024-07-26 13:47:27,25350.0,1500,Buy,226758740
2024-07-26 13:50:21,25350.0,600,Buy,226762917
2024-07-26 13:51:08,25300.0,500,Sell,226764063
2024-07-26 13:57:31,25300.0,1200,Sell,226775210
2024-07-26 14:03:26,25350.0,5300,Buy,226784488
2024-07-26 14:03:26,25350.0,500,Buy,226784489
2024-07-26 14:06:07,25400.0,5000,Buy,226787900
2024-07-26 14:06:43,25400.0,200,Buy,226788705
2024-07-26 14:06:43,25400.0,100,Buy,226788704
2024-07-26 14:06:43,25400.0,1000,Buy,226788702
2024-07-26 14:06:43,25400.0,300,Buy,226788701
2024-07-26 14:06:43,25400.0,2100,Buy,226788700
2024-07-26 14:06:43,25400.0,1000,Buy,226788703
2024-07-26 14:09:18,25450.0,200,Buy,226792627
2024-07-26 14:09:18,25450.0,100,Buy,226792628
2024-07-26 14:09:39,25400.0,300,Sell,226793265
2024-07-26 14:11:13,25400.0,3000,Buy,226796136
2024-07-26 14:11:27,25400.0,4800,Buy,226796665
2024-07-26 14:11:47,25450.0,500,Buy,226797228
2024-07-26 14:11:47,25450.0,100,Buy,226797226
2024-07-26 14:11:47,25450.0,15300,Buy,226797227
2024-07-26 14:12:41,25500.0,300,Buy,226798812
2024-07-26 14:12:41,25500.0,200,Buy,226798813
2024-07-26 14:12:41,25500.0,200,Buy,226798814
2024-07-26 14:12:41,25500.0,9300,Buy,226798815
2024-07-26 14:12:42,25500.0,4000,Buy,226798857
2024-07-26 14:12:42,25500.0,500,Buy,226798858
2024-07-26 14:12:42,25500.0,100,Buy,226798859
2024-07-26 14:12:42,25500.0,1000,Buy,226798860
2024-07-26 14:14:02,25500.0,3400,Buy,226801490
2024-07-26 14:17:53,25550.0,9300,Buy,226808221
2024-07-26 14:17:53,25550.0,200,Buy,226808220
2024-07-26 14:17:53,25550.0,500,Buy,226808219
2024-07-26 14:18:08,25550.0,4900,Buy,226808704
2024-07-26 14:18:21,25550.0,2500,Buy,226809039
2024-07-26 14:18:21,25550.0,400,Buy,226809040
2024-07-26 14:19:32,25550.0,100,Buy,226811113
2024-07-26 14:19:32,25550.0,100,Buy,226811114
2024-07-26 14:19:32,25550.0,800,Buy,226811115
2024-07-26 14:19:49,25550.0,2200,Buy,226811694
2024-07-26 14:20:16,25600.0,8300,Buy,226812465
2024-07-26 14:20:16,25600.0,500,Buy,226812462
2024-07-26 14:20:16,25600.0,200,Buy,226812463
2024-07-26 14:20:16,25600.0,1000,Buy,226812464
2024-07-26 14:20:18,25600.0,2000,Buy,226812499
2024-07-26 14:20:50,25600.0,1000,Buy,226813391
2024-07-26 14:21:20,25600.0,5800,Buy,226814430
2024-07-26 14:21:20,25600.0,500,Buy,226814431
2024-07-26 14:21:20,25600.0,1000,Buy,226814432
2024-07-26 14:21:20,25600.0,400,Buy,226814433
2024-07-26 14:21:20,25600.0,100,Buy,226814434
2024-07-26 14:21:22,25600.0,14200,Sell,226814495
2024-07-26 14:21:22,25550.0,3600,Sell,226814496
2024-07-26 14:21:57,25650.0,500,Buy,226815580
2024-07-26 14:21:57,25650.0,200,Buy,226815581
2024-07-26 14:21:57,25650.0,300,Buy,226815582
2024-07-26 14:25:19,25600.0,100,Buy,226821833
2024-07-26 14:27:08,25600.0,500,Buy,226825807
2024-07-26 14:28:25,25600.0,4200,Buy,226829643
2024-07-26 14:44:37,25650.0,12200,ATO/ATC,226834856
