time,price,volume,match_type,id
2024-07-31 09:14:38,169100.0,1700,ATO/ATC,227498788
2024-07-31 09:15:01,169100.0,400,Buy,227499584
2024-07-31 09:15:03,169200.0,100,Buy,227499640
2024-07-31 09:15:07,169300.0,100,Buy,227499765
2024-07-31 09:15:07,169300.0,100,Buy,227499763
2024-07-31 09:15:07,169300.0,700,Buy,227499764
2024-07-31 09:15:08,169800.0,100,Buy,227499801
2024-07-31 09:15:45,169900.0,100,Buy,227500931
2024-07-31 09:15:45,170000.0,100,Buy,227500936
2024-07-31 09:15:45,170000.0,100,Buy,227500935
2024-07-31 09:15:45,169800.0,100,Buy,227500930
2024-07-31 09:15:45,170000.0,100,Buy,227500933
2024-07-31 09:15:45,169900.0,200,Buy,227500932
2024-07-31 09:15:45,170000.0,300,Buy,227500934
2024-07-31 09:15:46,170000.0,100,Sell,227500974
2024-07-31 09:15:51,170000.0,200,Sell,227501112
2024-07-31 09:16:00,170300.0,100,Buy,227501382
2024-07-31 09:16:08,170500.0,100,Buy,227501691
2024-07-31 09:16:28,170500.0,400,Buy,227502261
2024-07-31 09:16:33,170500.0,100,Sell,227502438
2024-07-31 09:16:34,170900.0,100,Buy,227502472
2024-07-31 09:16:39,171000.0,100,Buy,227502653
2024-07-31 09:16:39,171000.0,100,Buy,227502654
2024-07-31 09:16:39,171000.0,100,Buy,227502655
2024-07-31 09:16:41,171000.0,100,Buy,227502715
2024-07-31 09:16:48,171000.0,100,Buy,227503063
2024-07-31 09:16:48,171000.0,100,Buy,227503062
2024-07-31 09:16:58,172000.0,800,Buy,227503423
2024-07-31 09:16:58,172000.0,200,Buy,227503422
2024-07-31 09:16:58,172000.0,100,Buy,227503421
2024-07-31 09:16:58,172000.0,100,Buy,227503417
2024-07-31 09:16:58,172000.0,2000,Buy,227503419
2024-07-31 09:16:58,172000.0,500,Buy,227503418
2024-07-31 09:16:58,172000.0,100,Buy,227503420
2024-07-31 09:17:03,172000.0,500,Sell,227503620
2024-07-31 09:17:07,172200.0,100,Buy,227503826
2024-07-31 09:17:13,172000.0,700,Sell,227504180
2024-07-31 09:17:25,172000.0,300,Buy,227504658
2024-07-31 09:17:29,172000.0,500,Buy,227504825
2024-07-31 09:17:29,172000.0,100,Buy,227504826
2024-07-31 09:17:29,172000.0,3000,Buy,227504827
2024-07-31 09:17:29,172000.0,100,Buy,227504828
2024-07-31 09:17:54,172000.0,100,Sell,227505661
2024-07-31 09:17:56,172100.0,1000,Buy,227505715
2024-07-31 09:17:57,172400.0,1000,Buy,227505741
2024-07-31 09:17:57,172100.0,1000,Buy,227505740
2024-07-31 09:18:03,172400.0,100,Buy,227505884
2024-07-31 09:18:03,172700.0,500,Buy,227505890
2024-07-31 09:18:03,172500.0,500,Buy,227505889
2024-07-31 09:18:03,172500.0,100,Buy,227505885
2024-07-31 09:18:03,172500.0,500,Buy,227505887
2024-07-31 09:18:03,172500.0,100,Buy,227505888
2024-07-31 09:18:03,172500.0,100,Buy,227505886
2024-07-31 09:18:12,173000.0,1000,Buy,227506225
2024-07-31 09:18:20,172200.0,200,Buy,227506456
2024-07-31 09:18:40,172800.0,100,Buy,227507283
2024-07-31 09:18:53,172200.0,100,Sell,227507714
2024-07-31 09:18:53,172200.0,500,Sell,227507715
2024-07-31 09:18:53,172200.0,200,Sell,227507716
2024-07-31 09:19:01,172200.0,1000,Buy,227508052
2024-07-31 09:19:10,172000.0,100,Sell,227508342
2024-07-31 09:19:11,172200.0,1200,Buy,227508390
2024-07-31 09:19:14,172200.0,1500,Sell,227508488
2024-07-31 09:19:30,172200.0,100,Sell,227509061
2024-07-31 09:19:34,172200.0,100,Sell,227509214
2024-07-31 09:19:36,172200.0,100,Sell,227509260
2024-07-31 09:19:45,172200.0,100,Buy,227509559
2024-07-31 09:19:52,172200.0,100,Buy,227509864
2024-07-31 09:19:59,172200.0,300,Sell,227510153
2024-07-31 09:20:02,172200.0,200,Buy,227510239
2024-07-31 09:20:02,172200.0,400,Buy,227510240
2024-07-31 09:20:03,172200.0,100,Buy,227510273
2024-07-31 09:20:18,172200.0,100,Buy,227510770
2024-07-31 09:20:28,172000.0,200,Sell,227511129
2024-07-31 09:20:40,172000.0,200,Sell,227511566
2024-07-31 09:20:54,172000.0,100,Sell,227512143
2024-07-31 09:20:58,172000.0,500,Sell,227512409
2024-07-31 09:21:13,172100.0,100,Buy,227513069
2024-07-31 09:21:13,172000.0,100,Sell,227513068
2024-07-31 09:21:14,172000.0,100,Sell,227513087
2024-07-31 09:21:14,172000.0,100,Sell,227513100
2024-07-31 09:21:14,172000.0,100,Sell,227513105
2024-07-31 09:21:15,172000.0,100,Sell,227513144
2024-07-31 09:21:23,172000.0,100,Sell,227513397
2024-07-31 09:21:24,172000.0,100,Sell,227513453
2024-07-31 09:21:25,172000.0,500,Sell,227513471
2024-07-31 09:21:26,172000.0,1000,Sell,227513523
2024-07-31 09:21:30,172000.0,100,Sell,227513629
2024-07-31 09:21:30,172000.0,100,Sell,227513627
2024-07-31 09:21:30,172000.0,1600,Sell,227513626
2024-07-31 09:21:30,172000.0,100,Sell,227513628
2024-07-31 09:21:31,172000.0,100,Sell,227513654
2024-07-31 09:21:31,172000.0,100,Buy,227513653
2024-07-31 09:22:18,171900.0,100,Buy,227515330
2024-07-31 09:23:45,171700.0,100,Buy,227517787
2024-07-31 09:24:40,171000.0,500,Sell,227519470
2024-07-31 09:24:40,171000.0,300,Sell,227519471
2024-07-31 09:24:40,171000.0,700,Sell,227519472
2024-07-31 09:24:45,171700.0,100,Buy,227519583
2024-07-31 09:24:45,171700.0,100,Buy,227519584
2024-07-31 09:24:45,171700.0,200,Buy,227519581
2024-07-31 09:24:45,171700.0,100,Buy,227519582
2024-07-31 09:25:04,171700.0,100,Buy,227520118
2024-07-31 09:25:46,171000.0,100,Sell,227521079
2024-07-31 09:26:35,171000.0,100,Sell,227522327
2024-07-31 09:26:36,171000.0,300,Sell,227522359
2024-07-31 09:26:36,171000.0,700,Sell,227522360
2024-07-31 09:26:41,171000.0,100,Sell,227522651
2024-07-31 09:27:07,170900.0,100,Sell,227523462
2024-07-31 09:27:18,170900.0,100,Sell,227523794
2024-07-31 09:27:58,170500.0,500,Sell,227524888
2024-07-31 09:27:58,170900.0,100,Sell,227524886
2024-07-31 09:27:58,170500.0,400,Sell,227524887
2024-07-31 09:29:26,171000.0,2800,Buy,227528403
2024-07-31 09:29:27,171000.0,1100,Buy,227528419
2024-07-31 09:30:17,171000.0,100,Sell,227530299
2024-07-31 09:30:51,171000.0,100,Sell,227531596
2024-07-31 09:31:04,171500.0,100,Buy,227531946
2024-07-31 09:32:50,171500.0,100,Buy,227535356
2024-07-31 09:33:45,171500.0,100,Buy,227536977
2024-07-31 09:33:49,171100.0,300,Sell,227537111
2024-07-31 09:33:49,171100.0,200,Sell,227537112
2024-07-31 09:33:50,171100.0,500,Buy,227537137
2024-07-31 09:34:26,171100.0,200,Sell,227538423
2024-07-31 09:34:26,171000.0,300,Sell,227538424
2024-07-31 09:34:26,171000.0,200,Sell,227538425
2024-07-31 09:34:26,171000.0,100,Sell,227538426
2024-07-31 09:34:26,171000.0,100,Sell,227538427
2024-07-31 09:34:26,171200.0,100,Sell,227538422
2024-07-31 09:35:25,171000.0,600,Sell,227540249
2024-07-31 09:35:33,171000.0,100,Sell,227540538
2024-07-31 09:36:29,171000.0,500,Sell,227542243
2024-07-31 09:37:48,171000.0,600,Sell,227544484
2024-07-31 09:37:48,171000.0,300,Sell,227544485
2024-07-31 09:38:11,171000.0,300,Buy,227545168
2024-07-31 09:38:12,171000.0,300,Buy,227545206
2024-07-31 09:40:08,171000.0,100,Buy,227549228
2024-07-31 09:41:30,171000.0,100,Buy,227551996
2024-07-31 09:42:11,171000.0,100,Buy,227553372
2024-07-31 09:42:35,171000.0,100,Buy,227554023
2024-07-31 09:43:55,171000.0,100,Buy,227556511
2024-07-31 09:44:02,171000.0,100,Buy,227556695
2024-07-31 09:44:12,171000.0,900,Buy,227557012
2024-07-31 09:44:12,171000.0,100,Buy,227557013
2024-07-31 09:44:12,171000.0,800,Buy,227557014
2024-07-31 09:45:30,171000.0,400,Buy,227559126
2024-07-31 09:49:07,170700.0,100,Sell,227563736
2024-07-31 09:50:56,170700.0,100,Sell,227566138
2024-07-31 09:52:35,170600.0,100,Sell,227568255
2024-07-31 09:52:35,170600.0,400,Sell,227568256
2024-07-31 09:52:36,170600.0,100,Sell,227568272
2024-07-31 09:52:36,170600.0,100,Sell,227568273
2024-07-31 09:53:30,170500.0,100,Sell,227569502
2024-07-31 09:54:03,170500.0,200,Sell,227570021
2024-07-31 09:55:03,170500.0,100,Sell,227571294
2024-07-31 09:55:03,170500.0,100,Sell,227571293
2024-07-31 09:55:03,170500.0,200,Sell,227571290
2024-07-31 09:55:03,170500.0,1000,Sell,227571291
2024-07-31 09:55:03,170500.0,200,Sell,227571292
2024-07-31 09:55:15,170600.0,300,Buy,227571644
2024-07-31 09:55:23,170600.0,100,Sell,227571853
2024-07-31 09:57:58,170600.0,100,Sell,227575446
2024-07-31 10:02:17,170600.0,100,Sell,227581528
2024-07-31 10:02:22,170900.0,100,Buy,227581621
2024-07-31 10:04:32,170700.0,100,Buy,227584546
2024-07-31 10:05:04,170600.0,100,Sell,227585238
2024-07-31 10:05:30,170600.0,100,Buy,227585960
2024-07-31 10:06:03,170600.0,100,Buy,227587007
2024-07-31 10:06:07,170600.0,100,Buy,227587147
2024-07-31 10:08:30,170600.0,100,Buy,227590711
2024-07-31 10:09:03,170700.0,700,Buy,227591368
2024-07-31 10:12:03,170700.0,100,Buy,227595267
2024-07-31 10:12:33,171000.0,4000,Buy,227596019
2024-07-31 10:12:33,171000.0,100,Buy,227596016
2024-07-31 10:12:33,171000.0,200,Buy,227596018
2024-07-31 10:12:33,170900.0,100,Buy,227596014
2024-07-31 10:12:33,170900.0,500,Buy,227596015
2024-07-31 10:12:33,170900.0,400,Buy,227596012
2024-07-31 10:12:33,171000.0,100,Buy,227596017
2024-07-31 10:12:33,170900.0,600,Buy,227596013
2024-07-31 10:12:43,171000.0,100,Buy,227596238
2024-07-31 10:12:43,171000.0,2100,Buy,227596237
2024-07-31 10:12:43,171000.0,1000,Buy,227596233
2024-07-31 10:12:43,171000.0,2000,Buy,227596235
2024-07-31 10:12:43,171000.0,100,Buy,227596236
2024-07-31 10:12:43,171000.0,500,Buy,227596234
2024-07-31 10:13:15,171500.0,100,Buy,227596770
2024-07-31 10:13:36,171000.0,200,Sell,227597208
2024-07-31 10:13:38,171500.0,100,Buy,227597250
2024-07-31 10:13:38,171500.0,500,Buy,227597251
2024-07-31 10:13:38,171500.0,400,Buy,227597252
2024-07-31 10:13:38,171500.0,100,Buy,227597253
2024-07-31 10:13:38,171500.0,200,Buy,227597254
2024-07-31 10:13:56,171000.0,100,Sell,227597649
2024-07-31 10:14:16,171000.0,100,Sell,227598035
2024-07-31 10:14:17,171500.0,1000,Buy,227598048
2024-07-31 10:14:18,171100.0,100,Sell,227598059
2024-07-31 10:14:36,171100.0,100,Sell,227598513
2024-07-31 10:14:56,171100.0,100,Sell,227598898
2024-07-31 10:15:16,171000.0,100,Sell,227599372
2024-07-31 10:15:36,171000.0,100,Sell,227599777
2024-07-31 10:15:49,171000.0,3600,Sell,227600117
2024-07-31 10:15:56,171000.0,100,Sell,227600219
2024-07-31 10:15:57,171100.0,100,Buy,227600233
2024-07-31 10:16:05,171100.0,100,Buy,227600377
2024-07-31 10:16:16,171000.0,100,Sell,227600654
2024-07-31 10:16:20,171100.0,100,Buy,227600749
2024-07-31 10:16:36,171000.0,100,Sell,227601233
2024-07-31 10:16:46,171000.0,1000,Sell,227601398
2024-07-31 10:16:57,171000.0,100,Sell,227601679
2024-07-31 10:17:11,171000.0,100,Sell,227601896
2024-07-31 10:17:17,171000.0,100,Sell,227602034
2024-07-31 10:17:26,171000.0,100,Sell,227602344
2024-07-31 10:17:37,171000.0,100,Sell,227602581
2024-07-31 10:17:41,171100.0,200,Buy,227602633
2024-07-31 10:17:57,171000.0,100,Sell,227602905
2024-07-31 10:18:17,171000.0,100,Sell,227603315
2024-07-31 10:18:37,171000.0,100,Sell,227603725
2024-07-31 10:18:55,171000.0,200,Sell,227604077
2024-07-31 10:18:55,171000.0,2100,Sell,227604074
2024-07-31 10:18:55,171000.0,100,Sell,227604075
2024-07-31 10:18:55,171000.0,100,Sell,227604076
2024-07-31 10:18:57,170700.0,100,Sell,227604111
2024-07-31 10:19:17,170600.0,100,Sell,227604605
2024-07-31 10:19:37,170600.0,100,Sell,227604973
2024-07-31 10:19:58,170400.0,100,Sell,227605305
2024-07-31 10:20:18,170400.0,100,Sell,227605666
2024-07-31 10:20:38,170400.0,100,Sell,227606103
2024-07-31 10:20:53,170400.0,1800,Sell,227606380
2024-07-31 10:20:58,170400.0,100,Sell,227606478
2024-07-31 10:21:18,170400.0,100,Sell,227606856
2024-07-31 10:21:38,170400.0,100,Sell,227607293
2024-07-31 10:21:58,170400.0,100,Sell,227607597
2024-07-31 10:22:18,170400.0,100,Sell,227607910
2024-07-31 10:22:39,170400.0,100,Sell,227608289
2024-07-31 10:22:59,170400.0,100,Sell,227608698
2024-07-31 10:23:19,170400.0,100,Sell,227609015
2024-07-31 10:23:39,170400.0,100,Sell,227609369
2024-07-31 10:23:59,170400.0,100,Sell,227609909
2024-07-31 10:24:19,170400.0,100,Sell,227610312
2024-07-31 10:24:39,170400.0,100,Sell,227610763
2024-07-31 10:24:59,170400.0,100,Sell,227611371
2024-07-31 10:25:19,170400.0,100,Sell,227611857
2024-07-31 10:25:40,170400.0,100,Sell,227612141
2024-07-31 10:26:00,170400.0,100,Sell,227612496
2024-07-31 10:26:20,170400.0,100,Sell,227612861
2024-07-31 10:26:40,170400.0,100,Sell,227613140
2024-07-31 10:27:00,170400.0,100,Sell,227613474
2024-07-31 10:27:20,170400.0,100,Sell,227613845
2024-07-31 10:27:40,170400.0,100,Sell,227614150
2024-07-31 10:28:00,170400.0,100,Sell,227614500
2024-07-31 10:28:21,170400.0,100,Sell,227614780
2024-07-31 10:28:41,170500.0,100,Sell,227615142
2024-07-31 10:29:01,170500.0,100,Sell,227615494
2024-07-31 10:29:21,170500.0,100,Sell,227615817
2024-07-31 10:29:41,170500.0,100,Sell,227616112
2024-07-31 10:30:01,170500.0,100,Sell,227616609
2024-07-31 10:30:21,170500.0,100,Sell,227617155
2024-07-31 10:30:42,170500.0,100,Sell,227617654
2024-07-31 10:31:01,170500.0,100,Sell,227617922
2024-07-31 10:31:22,170500.0,100,Sell,227618339
2024-07-31 10:31:42,170500.0,100,Sell,227618673
2024-07-31 10:32:02,170500.0,100,Sell,227618969
2024-07-31 10:32:22,170500.0,100,Sell,227619365
2024-07-31 10:32:23,170400.0,200,Sell,227619386
2024-07-31 10:32:42,170400.0,100,Sell,227619655
2024-07-31 10:33:02,170400.0,100,Sell,227619946
2024-07-31 10:33:22,170400.0,100,Sell,227620226
2024-07-31 10:33:38,170400.0,200,Sell,227620505
2024-07-31 10:33:42,170400.0,100,Sell,227620602
2024-07-31 10:34:02,170400.0,100,Sell,227620936
2024-07-31 10:34:23,170400.0,100,Sell,227621309
2024-07-31 10:34:45,170400.0,100,Sell,227621738
2024-07-31 10:35:03,170400.0,100,Sell,227622068
2024-07-31 10:35:23,170400.0,100,Sell,227622566
2024-07-31 10:35:43,170400.0,100,Sell,227623004
2024-07-31 10:36:03,170400.0,100,Sell,227623326
2024-07-31 10:36:23,170400.0,100,Sell,227623812
2024-07-31 10:36:40,170400.0,1000,Sell,227624110
2024-07-31 10:36:44,170400.0,100,Sell,227624168
2024-07-31 10:37:03,170400.0,100,Sell,227624541
2024-07-31 10:37:24,170400.0,100,Sell,227624835
2024-07-31 10:37:44,170400.0,100,Sell,227625089
2024-07-31 10:37:45,170400.0,100,Sell,227625126
2024-07-31 10:37:45,170400.0,800,Sell,227625125
2024-07-31 10:37:45,170400.0,100,Sell,227625122
2024-07-31 10:37:45,170400.0,100,Sell,227625124
2024-07-31 10:37:45,170400.0,100,Sell,227625123
2024-07-31 10:37:45,170400.0,200,Sell,227625120
2024-07-31 10:37:45,170400.0,100,Sell,227625119
2024-07-31 10:37:45,170400.0,100,Sell,227625118
2024-07-31 10:37:45,170400.0,300,Sell,227625121
2024-07-31 10:38:04,170300.0,100,Sell,227625432
2024-07-31 10:38:24,170300.0,100,Sell,227625787
2024-07-31 10:38:44,170300.0,100,Sell,227626944
2024-07-31 10:39:04,170200.0,100,Sell,227627576
2024-07-31 10:39:24,170200.0,100,Sell,227628077
2024-07-31 10:39:44,170200.0,100,Sell,227628442
2024-07-31 10:40:04,170200.0,100,Sell,227628882
2024-07-31 10:40:21,170200.0,100,Sell,227629222
2024-07-31 10:40:25,170100.0,100,Sell,227629283
2024-07-31 10:40:49,170100.0,100,Sell,227629593
2024-07-31 10:40:52,170100.0,100,Sell,227629644
2024-07-31 10:40:52,170100.0,100,Sell,227629650
2024-07-31 10:41:05,170000.0,100,Sell,227629865
2024-07-31 10:41:25,170000.0,100,Sell,227630235
2024-07-31 10:41:45,170000.0,100,Sell,227630569
2024-07-31 10:42:05,170000.0,100,Sell,227631067
2024-07-31 10:43:50,170000.0,100,Buy,227633210
2024-07-31 10:44:16,170000.0,100,Buy,227633804
2024-07-31 10:44:47,169800.0,100,Sell,227634387
2024-07-31 10:45:38,169500.0,500,Sell,227635564
2024-07-31 10:45:38,169500.0,100,Sell,227635567
2024-07-31 10:45:38,169500.0,200,Sell,227635563
2024-07-31 10:45:38,169500.0,100,Sell,227635565
2024-07-31 10:45:38,169500.0,100,Sell,227635566
2024-07-31 10:47:48,169500.0,100,Buy,227638247
2024-07-31 10:47:58,169500.0,300,Buy,227638625
2024-07-31 10:48:30,169500.0,100,Buy,227639399
2024-07-31 10:49:19,169500.0,100,Buy,227640886
2024-07-31 10:51:14,169500.0,500,Buy,227643705
2024-07-31 10:51:20,169500.0,100,Buy,227643940
2024-07-31 10:52:21,169500.0,100,Buy,227645606
2024-07-31 10:53:11,169500.0,100,Buy,227646937
2024-07-31 10:54:05,169500.0,100,Buy,227648579
2024-07-31 10:54:35,169400.0,100,Sell,227649417
2024-07-31 10:54:44,169300.0,100,Sell,227649650
2024-07-31 10:54:44,169300.0,100,Sell,227649651
2024-07-31 10:54:55,169300.0,300,Sell,227650055
2024-07-31 10:55:09,169300.0,100,Sell,227650533
2024-07-31 10:56:31,169300.0,100,Buy,227653007
2024-07-31 10:58:06,169500.0,300,Buy,227655149
2024-07-31 10:58:06,169500.0,3000,Buy,227655147
2024-07-31 10:58:06,169500.0,200,Buy,227655148
2024-07-31 10:58:26,169800.0,500,Buy,227655624
2024-07-31 10:58:48,169800.0,100,Buy,227656053
2024-07-31 11:00:56,169800.0,100,Buy,227658444
2024-07-31 11:01:55,169800.0,100,Buy,227659592
2024-07-31 11:02:35,169800.0,100,Buy,227660298
2024-07-31 11:03:52,169800.0,200,Buy,227661852
2024-07-31 11:05:17,169600.0,100,Sell,227663873
2024-07-31 11:05:31,169600.0,100,Sell,227664095
2024-07-31 11:05:33,169600.0,100,Buy,227664145
2024-07-31 11:11:09,169800.0,400,Buy,227669564
2024-07-31 11:12:30,170100.0,500,Buy,227670743
2024-07-31 11:13:49,170100.0,200,Buy,227671898
2024-07-31 11:13:51,170100.0,100,Buy,227671932
2024-07-31 11:14:38,170100.0,500,Buy,227672567
2024-07-31 11:16:06,170500.0,200,Buy,227673782
2024-07-31 11:16:06,170500.0,100,Buy,227673799
2024-07-31 11:19:36,170600.0,100,Sell,227677218
2024-07-31 11:19:36,170500.0,200,Sell,227677219
2024-07-31 11:19:56,170500.0,200,Sell,227677542
2024-07-31 11:20:16,170500.0,200,Sell,227677833
2024-07-31 11:20:36,170500.0,200,Sell,227678159
2024-07-31 11:20:37,170500.0,100,Sell,227678176
2024-07-31 11:20:37,170500.0,300,Sell,227678175
2024-07-31 11:20:37,170500.0,100,Sell,227678177
2024-07-31 11:20:56,170100.0,200,Sell,227678388
2024-07-31 11:21:16,170100.0,300,Sell,227678600
2024-07-31 11:21:36,170100.0,300,Sell,227678931
2024-07-31 11:21:57,170200.0,300,Sell,227679259
2024-07-31 11:22:17,170100.0,300,Sell,227679551
2024-07-31 11:22:37,170100.0,300,Sell,227679909
2024-07-31 11:22:57,170100.0,300,Sell,227680213
2024-07-31 11:23:17,170100.0,300,Sell,227680485
2024-07-31 11:23:37,170100.0,300,Sell,227680764
2024-07-31 11:23:57,170100.0,300,Sell,227681046
2024-07-31 11:24:17,170100.0,300,Sell,227681357
2024-07-31 11:24:38,170100.0,300,Sell,227681691
2024-07-31 11:24:57,170100.0,300,Sell,227682019
2024-07-31 11:25:18,170100.0,100,Sell,227682248
2024-07-31 11:25:18,170100.0,100,Sell,227682249
2024-07-31 11:25:18,170100.0,100,Sell,227682250
2024-07-31 11:25:38,170100.0,100,Sell,227682539
2024-07-31 11:25:38,170100.0,100,Sell,227682540
2024-07-31 11:26:32,170000.0,100,Buy,227683387
2024-07-31 11:27:59,170000.0,200,Sell,227684423
2024-07-31 11:27:59,170000.0,300,Buy,227684413
2024-07-31 12:59:43,169800.0,900,Sell,227688615
2024-07-31 12:59:43,171000.0,100,Buy,227688613
2024-07-31 12:59:43,169800.0,100,Sell,227688614
2024-07-31 12:59:45,169800.0,100,Sell,227689209
2024-07-31 12:59:45,170300.0,100,Sell,227689208
2024-07-31 12:59:45,169300.0,100,Sell,227689215
2024-07-31 12:59:45,169300.0,900,Sell,227689214
2024-07-31 12:59:45,169300.0,100,Sell,227689216
2024-07-31 12:59:45,169600.0,1800,Sell,227689212
2024-07-31 12:59:45,169600.0,100,Sell,227689211
2024-07-31 12:59:45,169800.0,100,Sell,227689210
2024-07-31 12:59:45,169500.0,100,Sell,227689213
2024-07-31 12:59:47,170000.0,100,Sell,227689594
2024-07-31 12:59:47,170100.0,300,Sell,227689593
2024-07-31 12:59:48,169800.0,500,Buy,227689841
2024-07-31 12:59:50,169800.0,500,Buy,227690149
2024-07-31 13:01:45,169600.0,100,Buy,227694296
2024-07-31 13:02:07,169700.0,300,Buy,227694698
2024-07-31 13:03:03,169700.0,100,Sell,227695910
2024-07-31 13:04:05,169400.0,100,Sell,227697519
2024-07-31 13:04:18,169400.0,500,Sell,227697802
2024-07-31 13:04:58,169400.0,800,Sell,227698761
2024-07-31 13:04:58,169600.0,200,Sell,227698760
2024-07-31 13:09:28,169500.0,100,Sell,227706071
2024-07-31 13:11:24,169500.0,200,Sell,227709162
2024-07-31 13:11:24,169500.0,300,Sell,227709161
2024-07-31 13:11:25,169600.0,100,Buy,227709227
2024-07-31 13:12:08,169600.0,100,Buy,227710460
2024-07-31 13:12:29,169600.0,200,Buy,227710944
2024-07-31 13:12:40,169600.0,100,Buy,227711327
2024-07-31 13:12:54,169600.0,200,Buy,227711636
2024-07-31 13:13:02,169600.0,100,Buy,227711825
2024-07-31 13:13:16,169600.0,100,Buy,227712127
2024-07-31 13:13:28,169600.0,200,Buy,227712380
2024-07-31 13:13:28,169600.0,100,Buy,227712381
2024-07-31 13:13:44,169600.0,200,Sell,227712683
2024-07-31 13:13:44,169600.0,300,Sell,227712684
2024-07-31 13:14:07,170000.0,500,Buy,227713277
2024-07-31 13:14:07,169800.0,100,Buy,227713276
2024-07-31 13:14:07,170000.0,800,Buy,227713279
2024-07-31 13:14:07,169800.0,100,Buy,227713274
2024-07-31 13:14:07,169800.0,500,Buy,227713275
2024-07-31 13:14:07,169700.0,500,Buy,227713272
2024-07-31 13:14:07,170000.0,500,Buy,227713278
2024-07-31 13:14:07,169800.0,1100,Buy,227713273
2024-07-31 13:14:14,169600.0,200,Sell,227713475
2024-07-31 13:15:05,170000.0,500,Buy,227714990
2024-07-31 13:16:18,170000.0,200,Buy,227717169
2024-07-31 13:17:41,170000.0,100,Buy,227719630
2024-07-31 13:17:51,169700.0,300,Sell,227719997
2024-07-31 13:20:56,169800.0,100,Sell,227725685
2024-07-31 13:21:19,169800.0,100,Sell,227726357
2024-07-31 13:21:19,169800.0,400,Sell,227726356
2024-07-31 13:22:19,169800.0,100,Sell,227728170
2024-07-31 13:22:39,169800.0,100,Sell,227728773
2024-07-31 13:24:11,169900.0,100,Buy,227731474
2024-07-31 13:24:34,169800.0,200,Sell,227732104
2024-07-31 13:24:34,169800.0,100,Sell,227732105
2024-07-31 13:24:34,169800.0,200,Sell,227732106
2024-07-31 13:24:52,169900.0,100,Buy,227732819
2024-07-31 13:24:52,169900.0,100,Buy,227732820
2024-07-31 13:24:52,169900.0,100,Buy,227732821
2024-07-31 13:25:03,169900.0,100,Buy,227733148
2024-07-31 13:25:16,170000.0,200,Buy,227733471
2024-07-31 13:27:07,170000.0,200,Buy,227736304
2024-07-31 13:27:07,170000.0,300,Buy,227736303
2024-07-31 13:27:26,169900.0,100,Sell,227736868
2024-07-31 13:27:41,169900.0,100,Sell,227737277
2024-07-31 13:27:41,169900.0,200,Sell,227737276
2024-07-31 13:28:14,169900.0,100,Sell,227738368
2024-07-31 13:28:16,169900.0,100,Buy,227738442
2024-07-31 13:29:40,169900.0,100,Buy,227740759
2024-07-31 13:32:31,170000.0,200,Buy,227745673
2024-07-31 13:33:01,170000.0,100,Buy,227746557
2024-07-31 13:33:02,170000.0,100,Buy,227746576
2024-07-31 13:33:06,170000.0,400,Buy,227746652
2024-07-31 13:33:06,170000.0,100,Buy,227746653
2024-07-31 13:33:06,170000.0,500,Buy,227746654
2024-07-31 13:33:06,170000.0,100,Buy,227746655
2024-07-31 13:33:15,170000.0,100,Buy,227746917
2024-07-31 13:33:15,170000.0,400,Buy,227746916
2024-07-31 13:33:31,170000.0,100,Buy,227747369
2024-07-31 13:33:45,170000.0,100,Buy,227747681
2024-07-31 13:34:12,170000.0,400,Buy,227748412
2024-07-31 13:34:22,170000.0,100,Buy,227748617
2024-07-31 13:36:33,170900.0,200,Buy,227751791
2024-07-31 13:36:54,170000.0,200,Sell,227752258
2024-07-31 13:36:54,170000.0,100,Sell,227752259
2024-07-31 13:37:00,170000.0,100,Buy,227752415
2024-07-31 13:37:08,170000.0,300,Buy,227752645
2024-07-31 13:37:10,170000.0,300,Buy,227752669
2024-07-31 13:37:50,170000.0,300,Buy,227753460
2024-07-31 13:38:22,170000.0,700,Sell,227753991
2024-07-31 13:38:25,170000.0,100,Buy,227754081
2024-07-31 13:38:49,170000.0,100,Buy,227754526
2024-07-31 13:39:01,170000.0,100,Buy,227754728
2024-07-31 13:39:36,170000.0,400,Sell,227755405
2024-07-31 13:39:36,170000.0,100,Sell,227755406
2024-07-31 13:40:04,170000.0,300,Buy,227756205
2024-07-31 13:40:38,170000.0,100,Buy,227756849
2024-07-31 13:40:38,170000.0,200,Buy,227756848
2024-07-31 13:41:12,170000.0,200,Buy,227757417
2024-07-31 13:42:20,170000.0,100,Buy,227758557
2024-07-31 13:44:36,169900.0,200,Sell,227761381
2024-07-31 13:46:20,170000.0,100,Buy,227763474
2024-07-31 13:46:29,169900.0,100,Sell,227763640
2024-07-31 13:46:29,169900.0,100,Sell,227763641
2024-07-31 13:49:22,169900.0,200,Sell,227769008
2024-07-31 13:49:24,169900.0,100,Sell,227769086
2024-07-31 13:49:24,169900.0,100,Sell,227769085
2024-07-31 13:51:17,170000.0,500,Buy,227772916
2024-07-31 13:51:17,170000.0,1000,Buy,227772917
2024-07-31 13:51:46,170000.0,500,Sell,227773788
2024-07-31 13:51:46,170000.0,2000,Sell,227773789
2024-07-31 13:51:50,169900.0,500,Sell,227773889
2024-07-31 13:53:24,169900.0,100,Sell,227778238
2024-07-31 13:53:24,169900.0,100,Sell,227778239
2024-07-31 13:53:24,169900.0,100,Sell,227778240
2024-07-31 13:54:29,169900.0,100,Sell,227781085
2024-07-31 13:54:54,169900.0,500,Sell,227782585
2024-07-31 13:54:58,169900.0,1000,Sell,227782891
2024-07-31 13:54:59,169900.0,200,Sell,227782973
2024-07-31 13:56:16,169900.0,200,Sell,227787260
2024-07-31 13:56:16,169900.0,500,Sell,227787259
2024-07-31 13:56:26,169900.0,100,Buy,227787949
2024-07-31 13:57:23,169800.0,300,Sell,227790857
2024-07-31 13:57:54,169800.0,100,Sell,227792327
2024-07-31 13:57:54,169800.0,200,Sell,227792328
2024-07-31 13:57:54,169800.0,200,Sell,227792329
2024-07-31 13:58:20,169800.0,100,Sell,227793870
2024-07-31 13:58:44,169800.0,100,Sell,227795144
2024-07-31 13:59:17,169800.0,200,Sell,227797074
2024-07-31 13:59:17,169800.0,100,Sell,227797073
2024-07-31 14:00:01,169800.0,100,Sell,227799767
2024-07-31 14:00:01,169800.0,300,Sell,227799759
2024-07-31 14:00:01,169800.0,200,Sell,227799766
2024-07-31 14:00:11,169700.0,100,Sell,227800173
2024-07-31 14:00:21,169700.0,100,Sell,227800570
2024-07-31 14:00:21,169700.0,100,Sell,227800571
2024-07-31 14:00:21,169700.0,200,Sell,227800572
2024-07-31 14:00:21,169700.0,500,Sell,227800573
2024-07-31 14:00:27,169700.0,100,Sell,227800771
2024-07-31 14:00:33,169700.0,200,Sell,227801051
2024-07-31 14:00:49,169700.0,400,Sell,227801831
2024-07-31 14:01:00,169700.0,100,Sell,227802439
2024-07-31 14:01:00,169700.0,200,Sell,227802440
2024-07-31 14:01:00,169700.0,200,Sell,227802438
2024-07-31 14:01:03,169700.0,300,Sell,227802705
2024-07-31 14:01:03,169700.0,500,Sell,227802706
2024-07-31 14:01:03,169600.0,100,Sell,227802707
2024-07-31 14:01:29,169500.0,100,Sell,227803889
2024-07-31 14:01:29,169500.0,100,Sell,227803888
2024-07-31 14:01:29,169500.0,100,Sell,227803887
2024-07-31 14:01:29,169500.0,500,Sell,227803885
2024-07-31 14:01:29,169600.0,500,Sell,227803884
2024-07-31 14:01:29,169700.0,100,Sell,227803882
2024-07-31 14:01:29,169500.0,100,Sell,227803886
2024-07-31 14:01:29,169600.0,500,Sell,227803883
2024-07-31 14:01:33,169500.0,100,Sell,227804008
2024-07-31 14:01:33,169500.0,100,Sell,227804009
2024-07-31 14:01:45,169500.0,500,Buy,227804558
2024-07-31 14:01:51,169500.0,1800,Buy,227804845
2024-07-31 14:02:03,169500.0,200,Buy,227805311
2024-07-31 14:02:03,169400.0,200,Sell,227805312
2024-07-31 14:02:03,169400.0,100,Sell,227805313
2024-07-31 14:02:16,169400.0,200,Buy,227805777
2024-07-31 14:03:31,169400.0,100,Sell,227808507
2024-07-31 14:04:06,169500.0,200,Buy,227809937
2024-07-31 14:04:06,169500.0,300,Buy,227809936
2024-07-31 14:04:15,169500.0,100,Buy,227810165
2024-07-31 14:04:15,169500.0,100,Buy,227810166
2024-07-31 14:04:59,169700.0,100,Buy,227811932
2024-07-31 14:05:11,169700.0,100,Buy,227812300
2024-07-31 14:06:03,169800.0,100,Buy,227813787
2024-07-31 14:06:19,169900.0,100,Buy,227814329
2024-07-31 14:06:19,170000.0,100,Buy,227814330
2024-07-31 14:06:45,170000.0,100,Buy,227815164
2024-07-31 14:06:45,170000.0,400,Buy,227815160
2024-07-31 14:06:56,170000.0,200,Buy,227815516
2024-07-31 14:07:00,170000.0,100,Buy,227815682
2024-07-31 14:07:12,170000.0,100,Buy,227816063
2024-07-31 14:07:14,170000.0,500,Buy,227816086
2024-07-31 14:07:43,170000.0,100,Buy,227816949
2024-07-31 14:07:43,170000.0,400,Buy,227816950
2024-07-31 14:08:08,170000.0,100,Buy,227817498
2024-07-31 14:08:13,170000.0,500,Buy,227817646
2024-07-31 14:08:44,170000.0,100,Buy,227818823
2024-07-31 14:08:44,170000.0,200,Buy,227818820
2024-07-31 14:08:44,170000.0,100,Buy,227818821
2024-07-31 14:08:44,170000.0,100,Buy,227818822
2024-07-31 14:08:50,170000.0,100,Buy,227819005
2024-07-31 14:08:50,170000.0,100,Buy,227819006
2024-07-31 14:09:24,170000.0,100,Sell,227819974
2024-07-31 14:09:47,170000.0,100,Sell,227820622
2024-07-31 14:09:50,170300.0,100,Buy,227820663
2024-07-31 14:09:54,170300.0,200,Buy,227820838
2024-07-31 14:09:54,170400.0,16700,Buy,227820839
2024-07-31 14:09:54,170500.0,100,Buy,227820840
2024-07-31 14:10:04,170500.0,100,Buy,227821045
2024-07-31 14:10:13,170500.0,500,Buy,227821332
2024-07-31 14:10:21,170500.0,100,Buy,227821625
2024-07-31 14:10:32,170500.0,100,Buy,227822045
2024-07-31 14:10:43,170500.0,100,Buy,227822481
2024-07-31 14:10:43,170500.0,400,Buy,227822480
2024-07-31 14:11:04,170500.0,100,Buy,227823304
2024-07-31 14:11:12,170500.0,100,Buy,227823598
2024-07-31 14:11:12,170500.0,100,Buy,227823599
2024-07-31 14:11:14,170900.0,100,Buy,227823687
2024-07-31 14:11:43,170900.0,500,Buy,227824540
2024-07-31 14:11:54,170900.0,500,Buy,227824852
2024-07-31 14:12:12,170900.0,100,Buy,227825331
2024-07-31 14:12:12,170900.0,200,Buy,227825330
2024-07-31 14:12:12,170900.0,100,Buy,227825328
2024-07-31 14:12:12,170900.0,100,Buy,227825329
2024-07-31 14:12:37,170900.0,100,Buy,227826024
2024-07-31 14:12:37,170900.0,200,Buy,227826025
2024-07-31 14:12:37,170900.0,100,Buy,227826030
2024-07-31 14:12:58,170900.0,100,Sell,227826657
2024-07-31 14:13:06,171000.0,200,Buy,227826944
2024-07-31 14:13:06,171000.0,100,Buy,227826945
2024-07-31 14:13:06,171000.0,100,Buy,227826946
2024-07-31 14:13:12,171000.0,100,Buy,227827111
2024-07-31 14:13:12,171000.0,400,Buy,227827110
2024-07-31 14:13:18,171000.0,100,Buy,227827410
2024-07-31 14:13:42,171000.0,500,Buy,227828253
2024-07-31 14:14:03,171000.0,100,Buy,227829058
2024-07-31 14:14:12,171000.0,300,Buy,227829317
2024-07-31 14:14:12,171000.0,100,Buy,227829318
2024-07-31 14:14:12,171000.0,100,Buy,227829319
2024-07-31 14:14:32,170900.0,100,Sell,227829917
2024-07-31 14:14:39,171000.0,100,Buy,227830115
2024-07-31 14:14:42,171000.0,500,Buy,227830219
2024-07-31 14:14:44,170900.0,200,Sell,227830289
2024-07-31 14:15:10,170900.0,200,Sell,227831053
2024-07-31 14:15:26,171000.0,500,Buy,227831567
2024-07-31 14:15:26,171000.0,500,Buy,227831580
2024-07-31 14:15:26,171000.0,500,Buy,227831585
2024-07-31 14:15:26,171000.0,500,Buy,227831563
2024-07-31 14:15:27,171000.0,500,Buy,227831614
2024-07-31 14:15:27,171000.0,200,Buy,227831613
2024-07-31 14:15:27,171000.0,200,Buy,227831606
2024-07-31 14:15:27,171000.0,100,Buy,227831605
2024-07-31 14:15:27,171000.0,100,Buy,227831604
2024-07-31 14:15:27,171000.0,100,Buy,227831595
2024-07-31 14:15:27,170900.0,100,Sell,227831601
2024-07-31 14:15:27,171000.0,300,Buy,227831591
2024-07-31 14:15:27,171000.0,200,Buy,227831592
2024-07-31 14:15:27,171000.0,100,Buy,227831603
2024-07-31 14:15:27,171000.0,100,Buy,227831594
2024-07-31 14:15:27,171000.0,300,Buy,227831593
2024-07-31 14:15:28,171000.0,500,Buy,227831624
2024-07-31 14:15:28,171000.0,200,Buy,227831625
2024-07-31 14:15:28,171000.0,500,Buy,227831617
2024-07-31 14:15:41,171000.0,100,Buy,227832071
2024-07-31 14:15:41,171000.0,100,Buy,227832072
2024-07-31 14:15:41,171000.0,300,Buy,227832073
2024-07-31 14:16:11,171000.0,500,Buy,227833172
2024-07-31 14:16:23,170900.0,100,Sell,227833700
2024-07-31 14:16:24,171000.0,100,Buy,227833732
2024-07-31 14:16:24,170900.0,100,Sell,227833733
2024-07-31 14:16:28,170900.0,100,Sell,227833861
2024-07-31 14:16:32,170900.0,100,Sell,227834054
2024-07-31 14:16:42,170900.0,100,Sell,227834568
2024-07-31 14:16:46,170900.0,200,Buy,227834684
2024-07-31 14:16:47,170900.0,100,Sell,227834705
2024-07-31 14:16:53,170900.0,200,Sell,227834926
2024-07-31 14:17:10,170600.0,100,Sell,227835762
2024-07-31 14:17:11,170900.0,400,Buy,227835827
2024-07-31 14:17:11,170600.0,100,Buy,227835826
2024-07-31 14:17:17,170900.0,100,Buy,227836116
2024-07-31 14:17:34,170900.0,200,Buy,227836975
2024-07-31 14:17:41,170900.0,100,Buy,227837381
2024-07-31 14:17:41,170900.0,400,Buy,227837391
2024-07-31 14:18:10,170900.0,100,Buy,227839074
2024-07-31 14:18:10,170900.0,400,Buy,227839075
2024-07-31 14:18:40,170800.0,400,Buy,227840727
2024-07-31 14:18:40,170800.0,100,Buy,227840728
2024-07-31 14:19:16,170800.0,200,Sell,227843723
2024-07-31 14:19:17,170800.0,300,Sell,227843777
2024-07-31 14:19:40,170800.0,100,Buy,227845492
2024-07-31 14:19:40,170800.0,100,Buy,227845493
2024-07-31 14:19:40,170800.0,100,Buy,227845494
2024-07-31 14:19:40,170800.0,200,Buy,227845495
2024-07-31 14:20:40,170700.0,100,Buy,227850205
2024-07-31 14:20:44,170200.0,200,Sell,227850448
2024-07-31 14:21:08,170100.0,200,Sell,227852200
2024-07-31 14:21:14,170200.0,100,Sell,227852589
2024-07-31 14:21:27,170200.0,100,Buy,227853349
2024-07-31 14:22:25,170200.0,100,Buy,227857404
2024-07-31 14:22:27,170200.0,100,Buy,227857499
2024-07-31 14:22:27,170200.0,100,Buy,227857500
2024-07-31 14:22:34,170200.0,100,Sell,227858351
2024-07-31 14:22:51,170200.0,200,Sell,227859913
2024-07-31 14:23:08,170200.0,100,Sell,227861234
2024-07-31 14:23:26,170500.0,100,Sell,227862867
2024-07-31 14:23:45,170500.0,100,Sell,227864578
2024-07-31 14:23:56,170500.0,100,Sell,227865676
2024-07-31 14:24:06,170500.0,200,Sell,227866555
2024-07-31 14:24:16,170600.0,100,Buy,227867595
2024-07-31 14:24:19,170500.0,100,Sell,227867901
2024-07-31 14:24:31,170500.0,1000,Sell,227869041
2024-07-31 14:24:38,170500.0,100,Sell,227869666
2024-07-31 14:24:46,170500.0,300,Sell,227870226
2024-07-31 14:24:46,170500.0,100,Sell,227870227
2024-07-31 14:24:47,170500.0,100,Buy,227870297
2024-07-31 14:24:57,170200.0,400,Sell,227871260
2024-07-31 14:24:57,170200.0,100,Sell,227871261
2024-07-31 14:25:05,170200.0,100,Sell,227872090
2024-07-31 14:25:08,170200.0,600,Sell,227872281
2024-07-31 14:25:35,170200.0,100,Sell,227874274
2024-07-31 14:25:37,170200.0,100,Sell,227874431
2024-07-31 14:25:37,170200.0,100,Sell,227874430
2024-07-31 14:26:08,170200.0,300,Sell,227876579
2024-07-31 14:26:23,170300.0,100,Buy,227877624
2024-07-31 14:26:41,170200.0,300,Sell,227878949
2024-07-31 14:26:59,170200.0,200,Sell,227880210
2024-07-31 14:27:11,170200.0,100,Sell,227880929
2024-07-31 14:27:13,170200.0,1000,Sell,227881042
2024-07-31 14:27:25,170200.0,100,Buy,227881652
2024-07-31 14:27:50,170300.0,100,Buy,227883018
2024-07-31 14:27:50,170300.0,900,Buy,227883017
2024-07-31 14:27:54,170300.0,100,Buy,227883207
2024-07-31 14:28:15,170200.0,400,Buy,227884258
2024-07-31 14:28:26,170200.0,4600,Sell,227884773
2024-07-31 14:28:42,170200.0,400,Buy,227885640
2024-07-31 14:28:45,170200.0,200,Sell,227885774
2024-07-31 14:28:58,170200.0,100,Sell,227886503
2024-07-31 14:29:20,170200.0,300,Sell,227887766
2024-07-31 14:44:39,172800.0,192200,ATO/ATC,227889678
