time,price,volume,match_type,id
2024-07-18 09:14:41,173700.0,2300,ATO/ATC,224075309
2024-07-18 09:15:02,172300.0,100,Sell,224076067
2024-07-18 09:15:02,172300.0,100,Sell,224076066
2024-07-18 09:15:02,172500.0,1500,Sell,224076063
2024-07-18 09:15:02,172300.0,100,Sell,224076064
2024-07-18 09:15:02,172300.0,200,Sell,224076065
2024-07-18 09:15:46,172300.0,600,Buy,224077346
2024-07-18 09:15:58,172300.0,100,Buy,224077761
2024-07-18 09:15:58,172300.0,200,Buy,224077762
2024-07-18 09:15:59,172300.0,200,Sell,224077820
2024-07-18 09:17:46,172300.0,200,Sell,224082079
2024-07-18 09:18:03,172300.0,100,Sell,224082776
2024-07-18 09:18:03,172300.0,100,Sell,224082777
2024-07-18 09:18:03,172300.0,100,Sell,224082778
2024-07-18 09:18:27,172300.0,100,Sell,224083720
2024-07-18 09:18:27,172300.0,100,Sell,224083721
2024-07-18 09:18:29,172300.0,300,Sell,224083784
2024-07-18 09:18:29,172300.0,100,Sell,224083785
2024-07-18 09:19:07,172300.0,100,Sell,224085456
2024-07-18 09:19:08,172200.0,400,Sell,224085551
2024-07-18 09:19:23,172200.0,400,Sell,224086130
2024-07-18 09:19:30,172200.0,100,Sell,224086484
2024-07-18 09:19:30,172200.0,200,Sell,224086483
2024-07-18 09:20:05,172200.0,200,Buy,224088162
2024-07-18 09:20:39,172000.0,100,Sell,224089814
2024-07-18 09:20:52,172100.0,200,Sell,224090397
2024-07-18 09:21:18,172100.0,500,Sell,224091556
2024-07-18 09:21:25,172100.0,100,Sell,224091847
2024-07-18 09:21:46,172100.0,100,Sell,224092894
2024-07-18 09:22:23,172100.0,100,Sell,224094458
2024-07-18 09:22:23,172100.0,300,Sell,224094459
2024-07-18 09:22:24,172000.0,900,Sell,224094484
2024-07-18 09:22:24,172000.0,1000,Sell,224094483
2024-07-18 09:22:24,172000.0,100,Sell,224094481
2024-07-18 09:22:24,172000.0,100,Sell,224094480
2024-07-18 09:22:24,172000.0,200,Sell,224094479
2024-07-18 09:22:24,172000.0,200,Sell,224094482
2024-07-18 09:22:25,172100.0,100,Sell,224094549
2024-07-18 09:24:12,172000.0,400,Sell,224098907
2024-07-18 09:24:19,172000.0,100,Sell,224099160
2024-07-18 09:25:26,172000.0,100,Sell,224101574
2024-07-18 09:25:26,172000.0,100,Sell,224101575
2024-07-18 09:25:31,172000.0,100,Buy,224101744
2024-07-18 09:26:03,172000.0,100,Buy,224102987
2024-07-18 09:26:08,171900.0,300,Sell,224103154
2024-07-18 09:26:32,171900.0,100,Sell,224104084
2024-07-18 09:26:32,171900.0,200,Sell,224104083
2024-07-18 09:26:32,171900.0,700,Sell,224104082
2024-07-18 09:26:33,171900.0,100,Buy,224104091
2024-07-18 09:26:35,171800.0,500,Sell,224104161
2024-07-18 09:26:35,171800.0,100,Sell,224104162
2024-07-18 09:26:35,171800.0,1000,Sell,224104163
2024-07-18 09:26:35,171800.0,300,Sell,224104164
2024-07-18 09:26:35,171800.0,1000,Sell,224104166
2024-07-18 09:27:03,171800.0,100,Sell,224105026
2024-07-18 09:27:45,171800.0,200,Sell,224106443
2024-07-18 09:28:45,171800.0,200,Sell,224108348
2024-07-18 09:29:05,171900.0,100,Buy,224109033
2024-07-18 09:29:12,171900.0,100,Buy,224109204
2024-07-18 09:29:15,171800.0,100,Sell,224109289
2024-07-18 09:29:18,171900.0,100,Buy,224109369
2024-07-18 09:29:39,171800.0,1100,Sell,224110250
2024-07-18 09:29:39,171900.0,100,Sell,224110249
2024-07-18 09:29:40,171800.0,100,Sell,224110292
2024-07-18 09:29:40,171800.0,100,Sell,224110293
2024-07-18 09:29:40,171800.0,300,Sell,224110294
2024-07-18 09:29:40,171800.0,2300,Sell,224110291
2024-07-18 09:30:19,172000.0,200,Buy,224111733
2024-07-18 09:30:19,172000.0,300,Buy,224111734
2024-07-18 09:30:19,172000.0,100,Buy,224111735
2024-07-18 09:30:45,172000.0,1400,Sell,224112609
2024-07-18 09:30:45,172000.0,1600,Sell,224112610
2024-07-18 09:31:06,172000.0,900,Sell,224113211
2024-07-18 09:31:06,172100.0,100,Sell,224113210
2024-07-18 09:32:00,172000.0,100,Sell,224114644
2024-07-18 09:32:00,172000.0,200,Sell,224114645
2024-07-18 09:32:00,172000.0,500,Sell,224114643
2024-07-18 09:32:44,172000.0,100,Buy,224116014
2024-07-18 09:33:09,172000.0,100,Buy,224116817
2024-07-18 09:33:09,172000.0,100,Buy,224116818
2024-07-18 09:34:04,172100.0,100,Buy,224118318
2024-07-18 09:36:14,172200.0,200,Buy,224121645
2024-07-18 09:36:14,172200.0,100,Buy,224121655
2024-07-18 09:36:43,172200.0,100,Buy,224122410
2024-07-18 09:36:55,172100.0,400,Sell,224122743
2024-07-18 09:36:55,172100.0,100,Sell,224122739
2024-07-18 09:36:55,172100.0,500,Sell,224122742
2024-07-18 09:37:24,172100.0,200,Sell,224123550
2024-07-18 09:37:24,172100.0,100,Sell,224123551
2024-07-18 09:37:24,172100.0,700,Sell,224123549
2024-07-18 09:37:29,172100.0,1000,Buy,224123665
2024-07-18 09:39:00,172200.0,100,Buy,224126297
2024-07-18 09:39:11,172200.0,100,Buy,224126551
2024-07-18 09:39:11,172200.0,100,Buy,224126552
2024-07-18 09:39:13,172200.0,100,Buy,224126612
2024-07-18 09:40:33,172300.0,100,Buy,224128607
2024-07-18 09:41:10,172300.0,100,Buy,224129657
2024-07-18 09:41:26,172200.0,100,Sell,224130065
2024-07-18 09:43:37,172200.0,300,Sell,224133377
2024-07-18 09:44:38,172300.0,100,Buy,224134500
2024-07-18 09:44:38,172300.0,300,Buy,224134501
2024-07-18 09:44:38,172300.0,100,Buy,224134499
2024-07-18 09:45:29,172300.0,100,Buy,224135780
2024-07-18 09:46:42,172200.0,1600,Sell,224137693
2024-07-18 09:46:42,172200.0,100,Sell,224137694
2024-07-18 09:46:42,172200.0,300,Sell,224137695
2024-07-18 09:47:55,172200.0,700,Sell,224139241
2024-07-18 09:47:55,172200.0,100,Sell,224139242
2024-07-18 09:47:55,172200.0,100,Sell,224139243
2024-07-18 09:48:22,172100.0,100,Sell,224139882
2024-07-18 09:48:22,172100.0,100,Sell,224139883
2024-07-18 09:49:35,172200.0,2900,Buy,224141416
2024-07-18 09:49:35,172200.0,2100,Buy,224141415
2024-07-18 09:49:36,172100.0,200,Sell,224141444
2024-07-18 09:49:36,172100.0,1000,Sell,224141441
2024-07-18 09:49:36,172100.0,300,Sell,224141442
2024-07-18 09:49:36,172100.0,5000,Sell,224141443
2024-07-18 09:49:43,172100.0,100,Sell,224141620
2024-07-18 09:50:16,172100.0,100,Sell,224142350
2024-07-18 09:51:24,172100.0,500,Sell,224144045
2024-07-18 09:51:24,172100.0,2500,Sell,224144046
2024-07-18 09:51:31,172100.0,100,Sell,224144180
2024-07-18 09:52:09,172100.0,300,Sell,224145003
2024-07-18 09:52:14,172200.0,600,Buy,224145104
2024-07-18 09:52:14,172200.0,100,Buy,224145105
2024-07-18 09:52:14,172200.0,1600,Buy,224145106
2024-07-18 09:53:02,172100.0,2000,Sell,224146334
2024-07-18 09:54:35,172100.0,100,Sell,224148375
2024-07-18 09:57:56,172100.0,100,Sell,224152967
2024-07-18 09:57:56,172100.0,100,Sell,224152966
2024-07-18 09:59:25,172200.0,100,Sell,224155077
2024-07-18 10:00:04,172200.0,100,Sell,224156230
2024-07-18 10:01:10,172300.0,100,Sell,224157773
2024-07-18 10:02:19,172300.0,100,Sell,224159652
2024-07-18 10:02:19,172300.0,100,Sell,224159653
2024-07-18 10:03:57,172300.0,100,Sell,224161777
2024-07-18 10:04:13,172600.0,100,Buy,224162074
2024-07-18 10:05:51,172600.0,100,Buy,224164188
2024-07-18 10:09:18,172700.0,100,Sell,224169601
2024-07-18 10:09:18,172700.0,200,Sell,224169600
2024-07-18 10:10:28,172700.0,100,Sell,224171980
2024-07-18 10:10:28,172700.0,200,Sell,224171981
2024-07-18 10:11:01,172600.0,100,Sell,224172785
2024-07-18 10:11:01,172600.0,500,Sell,224172786
2024-07-18 10:11:01,172600.0,200,Sell,224172787
2024-07-18 10:11:47,172500.0,500,Sell,224174286
2024-07-18 10:11:57,172500.0,500,Sell,224174587
2024-07-18 10:12:02,172500.0,1000,Sell,224174703
2024-07-18 10:13:21,172500.0,500,Sell,224176995
2024-07-18 10:13:32,172500.0,300,Sell,224177187
2024-07-18 10:14:28,172600.0,100,Sell,224178680
2024-07-18 10:14:28,172500.0,200,Sell,224178681
2024-07-18 10:15:10,172500.0,1000,Sell,224179836
2024-07-18 10:15:36,172500.0,600,Sell,224180497
2024-07-18 10:16:45,172500.0,1200,Sell,224182295
2024-07-18 10:16:45,172500.0,300,Sell,224182294
2024-07-18 10:17:16,172600.0,1000,Buy,224183058
2024-07-18 10:17:18,172600.0,1700,Sell,224183112
2024-07-18 10:17:40,172600.0,100,Sell,224183546
2024-07-18 10:17:40,172600.0,1100,Sell,224183547
2024-07-18 10:18:02,172600.0,900,Sell,224184070
2024-07-18 10:18:26,172600.0,100,Buy,224184618
2024-07-18 10:18:26,172600.0,100,Buy,224184619
2024-07-18 10:20:21,172600.0,100,Buy,224187125
2024-07-18 10:20:36,172600.0,100,Buy,224187494
2024-07-18 10:20:36,172600.0,100,Buy,224187495
2024-07-18 10:24:20,172600.0,100,Buy,224192166
2024-07-18 10:24:20,172500.0,200,Sell,224192165
2024-07-18 10:24:20,172500.0,300,Sell,224192161
2024-07-18 10:24:20,172500.0,100,Sell,224192163
2024-07-18 10:24:20,172500.0,200,Sell,224192164
2024-07-18 10:24:20,172500.0,200,Sell,224192162
2024-07-18 10:25:15,172600.0,700,Buy,224193362
2024-07-18 10:25:39,172600.0,100,Buy,224193743
2024-07-18 10:26:15,172600.0,100,Buy,224194449
2024-07-18 10:26:15,172600.0,100,Buy,224194450
2024-07-18 10:27:09,172600.0,100,Sell,224195347
2024-07-18 10:27:46,172600.0,700,Sell,224196012
2024-07-18 10:27:46,172600.0,100,Sell,224196013
2024-07-18 10:27:46,172600.0,200,Sell,224196014
2024-07-18 10:28:17,172700.0,100,Buy,224196584
2024-07-18 10:28:50,172700.0,300,Buy,224197115
2024-07-18 10:28:55,172700.0,200,Buy,224197231
2024-07-18 10:30:27,172700.0,100,Buy,224199021
2024-07-18 10:31:18,172700.0,1000,Buy,224200126
2024-07-18 10:32:24,172700.0,100,Buy,224201350
2024-07-18 10:32:34,172700.0,300,Buy,224201498
2024-07-18 10:32:34,172700.0,200,Buy,224201499
2024-07-18 10:32:34,172700.0,100,Buy,224201500
2024-07-18 10:32:34,172700.0,100,Buy,224201501
2024-07-18 10:32:34,172700.0,100,Buy,224201502
2024-07-18 10:32:34,172700.0,1000,Buy,224201503
2024-07-18 10:35:42,172800.0,100,Buy,224205067
2024-07-18 10:35:54,172700.0,100,Sell,224205246
2024-07-18 10:36:26,172700.0,900,Sell,224205859
2024-07-18 10:36:26,172700.0,100,Sell,224205858
2024-07-18 10:37:09,172700.0,100,Sell,224206634
2024-07-18 10:37:09,172700.0,200,Sell,224206635
2024-07-18 10:37:09,172700.0,400,Sell,224206636
2024-07-18 10:37:14,172700.0,1000,Sell,224206694
2024-07-18 10:37:28,172700.0,1000,Sell,224207094
2024-07-18 10:37:39,172800.0,500,Buy,224207293
2024-07-18 10:37:51,172800.0,200,Buy,224207474
2024-07-18 10:38:05,172800.0,1000,Buy,224207658
2024-07-18 10:38:19,172700.0,200,Sell,224207888
2024-07-18 10:38:37,172700.0,100,Sell,224208095
2024-07-18 10:39:10,172700.0,200,Buy,224208628
2024-07-18 10:39:10,172700.0,200,Sell,224208626
2024-07-18 10:39:10,172700.0,100,Sell,224208625
2024-07-18 10:39:10,172700.0,1100,Sell,224208623
2024-07-18 10:39:10,172700.0,100,Sell,224208624
2024-07-18 10:40:02,172700.0,200,Buy,224209564
2024-07-18 10:41:48,172500.0,200,Sell,224211129
2024-07-18 10:41:48,172500.0,200,Sell,224211128
2024-07-18 10:41:48,172500.0,500,Sell,224211127
2024-07-18 10:41:48,172600.0,600,Sell,224211117
2024-07-18 10:41:48,172500.0,1000,Sell,224211126
2024-07-18 10:41:48,172500.0,2500,Sell,224211125
2024-07-18 10:41:48,172600.0,100,Sell,224211124
2024-07-18 10:41:48,172600.0,100,Sell,224211116
2024-07-18 10:41:48,172600.0,200,Sell,224211109
2024-07-18 10:41:48,172600.0,200,Sell,224211114
2024-07-18 10:41:48,172600.0,200,Sell,224211115
2024-07-18 10:41:48,172600.0,200,Sell,224211106
2024-07-18 10:41:48,172600.0,100,Sell,224211108
2024-07-18 10:41:48,172600.0,1000,Sell,224211107
2024-07-18 10:41:48,172600.0,500,Sell,224211111
2024-07-18 10:41:48,172600.0,100,Sell,224211112
2024-07-18 10:41:48,172600.0,200,Sell,224211113
2024-07-18 10:41:48,172600.0,200,Sell,224211110
2024-07-18 10:45:28,172300.0,1000,Sell,224213943
2024-07-18 10:45:28,172300.0,100,Sell,224213944
2024-07-18 10:45:28,172300.0,200,Sell,224213945
2024-07-18 10:45:28,172300.0,200,Sell,224213946
2024-07-18 10:45:29,172200.0,100,Sell,224213956
2024-07-18 10:45:29,172200.0,100,Sell,224213957
2024-07-18 10:47:45,172200.0,100,Sell,224215689
2024-07-18 10:47:50,172200.0,200,Sell,224215783
2024-07-18 10:47:50,172200.0,200,Sell,224215784
2024-07-18 10:47:50,172200.0,600,Sell,224215781
2024-07-18 10:47:50,172200.0,800,Sell,224215780
2024-07-18 10:47:50,172200.0,500,Sell,224215782
2024-07-18 10:48:17,172100.0,300,Sell,224216148
2024-07-18 10:48:17,172100.0,100,Sell,224216149
2024-07-18 10:48:17,172100.0,300,Sell,224216150
2024-07-18 10:48:17,172100.0,100,Sell,224216151
2024-07-18 10:48:17,172100.0,600,Sell,224216152
2024-07-18 10:48:41,172100.0,100,Buy,224216540
2024-07-18 10:49:18,172100.0,100,Buy,224217135
2024-07-18 10:49:27,172000.0,100,Sell,224217301
2024-07-18 10:49:27,172000.0,500,Sell,224217302
2024-07-18 10:49:27,172000.0,500,Sell,224217300
2024-07-18 10:49:27,172000.0,300,Sell,224217297
2024-07-18 10:49:27,172000.0,100,Sell,224217298
2024-07-18 10:49:27,172000.0,100,Sell,224217296
2024-07-18 10:49:27,172000.0,100,Sell,224217299
2024-07-18 10:51:08,172000.0,4000,Sell,224218691
2024-07-18 10:51:22,172000.0,100,Sell,224218855
2024-07-18 10:51:23,172000.0,100,Sell,224218869
2024-07-18 10:51:23,172000.0,100,Sell,224218868
2024-07-18 10:51:23,172000.0,1000,Sell,224218867
2024-07-18 10:51:23,172000.0,200,Sell,224218866
2024-07-18 10:51:23,172000.0,100,Sell,224218865
2024-07-18 10:51:23,172000.0,100,Sell,224218863
2024-07-18 10:51:23,172000.0,400,Sell,224218862
2024-07-18 10:51:23,172000.0,400,Sell,224218861
2024-07-18 10:51:23,172000.0,200,Sell,224218864
2024-07-18 10:51:25,172000.0,400,Sell,224218903
2024-07-18 10:51:27,172000.0,400,Sell,224218952
2024-07-18 10:51:28,172000.0,200,Sell,224218970
2024-07-18 10:51:28,172000.0,100,Sell,224218969
2024-07-18 10:51:28,172000.0,100,Sell,224218971
2024-07-18 10:51:28,172000.0,200,Sell,224218967
2024-07-18 10:51:28,172000.0,200,Sell,224218966
2024-07-18 10:51:28,172000.0,200,Sell,224218968
2024-07-18 10:51:28,172000.0,200,Sell,224218965
2024-07-18 10:52:01,172000.0,400,Buy,224219519
2024-07-18 10:52:01,172000.0,100,Buy,224219518
2024-07-18 10:52:24,172000.0,400,Buy,224219845
2024-07-18 10:53:06,172000.0,800,Buy,224220468
2024-07-18 10:53:06,172000.0,100,Buy,224220469
2024-07-18 11:00:12,172000.0,100,Sell,224226191
2024-07-18 11:00:12,172000.0,100,Sell,224226192
2024-07-18 11:00:12,172000.0,100,Sell,224226193
2024-07-18 11:00:12,172000.0,600,Sell,224226194
2024-07-18 11:02:08,172000.0,100,Sell,224228288
2024-07-18 11:03:14,172000.0,100,Sell,224229717
2024-07-18 11:04:13,172000.0,100,Sell,224231043
2024-07-18 11:05:51,172000.0,100,Sell,224233577
2024-07-18 11:05:51,172000.0,100,Sell,224233578
2024-07-18 11:05:54,172000.0,200,Sell,224233676
2024-07-18 11:05:54,172000.0,100,Sell,224233675
2024-07-18 11:05:54,172000.0,200,Sell,224233674
2024-07-18 11:05:54,172000.0,100,Sell,224233677
2024-07-18 11:05:54,172000.0,100,Sell,224233672
2024-07-18 11:05:54,172000.0,100,Sell,224233671
2024-07-18 11:05:54,172000.0,200,Sell,224233670
2024-07-18 11:05:54,172000.0,100,Sell,224233673
2024-07-18 11:05:54,172000.0,100,Sell,224233669
2024-07-18 11:06:38,172000.0,100,Sell,224234604
2024-07-18 11:06:56,172000.0,100,Sell,224234931
2024-07-18 11:06:57,172000.0,100,Sell,224234936
2024-07-18 11:07:29,172000.0,100,Sell,224235559
2024-07-18 11:07:29,172000.0,100,Sell,224235560
2024-07-18 11:07:29,172000.0,200,Sell,224235561
2024-07-18 11:07:29,172000.0,2600,Sell,224235558
2024-07-18 11:08:02,172000.0,100,Sell,224236231
2024-07-18 11:09:47,172000.0,100,Sell,224238805
2024-07-18 11:09:48,172000.0,100,Sell,224238819
2024-07-18 11:11:20,172000.0,200,Sell,224240744
2024-07-18 11:11:20,172000.0,200,Sell,224240745
2024-07-18 11:11:20,172000.0,200,Sell,224240742
2024-07-18 11:11:20,172000.0,200,Sell,224240743
2024-07-18 11:11:20,172000.0,100,Sell,224240741
2024-07-18 11:12:06,172000.0,300,Sell,224241607
2024-07-18 11:12:06,172000.0,100,Sell,224241608
2024-07-18 11:12:06,171900.0,100,Sell,224241609
2024-07-18 11:13:09,171900.0,100,Sell,224242817
2024-07-18 11:14:13,171900.0,500,Sell,224243986
2024-07-18 11:14:16,172000.0,1000,Buy,224244036
2024-07-18 11:14:34,171900.0,200,Sell,224244543
2024-07-18 11:14:34,171900.0,300,Sell,224244540
2024-07-18 11:14:34,171900.0,1000,Sell,224244541
2024-07-18 11:14:34,171900.0,500,Sell,224244542
2024-07-18 11:16:51,171900.0,800,Sell,224248019
2024-07-18 11:17:46,171900.0,300,Sell,224249352
2024-07-18 11:17:46,171900.0,500,Sell,224249351
2024-07-18 11:17:46,171900.0,200,Sell,224249353
2024-07-18 11:17:47,171900.0,200,Sell,224249386
2024-07-18 11:17:47,171900.0,100,Sell,224249387
2024-07-18 11:17:47,171900.0,100,Sell,224249388
2024-07-18 11:17:47,171900.0,200,Sell,224249389
2024-07-18 11:17:47,171900.0,100,Sell,224249394
2024-07-18 11:17:47,171900.0,100,Sell,224249395
2024-07-18 11:18:17,171800.0,100,Sell,224249966
2024-07-18 11:18:17,171800.0,300,Sell,224249967
2024-07-18 11:18:17,171900.0,300,Sell,224249971
2024-07-18 11:18:18,171800.0,200,Sell,224249984
2024-07-18 11:18:18,171800.0,200,Sell,224249983
2024-07-18 11:18:18,171800.0,500,Sell,224249982
2024-07-18 11:18:18,171800.0,600,Sell,224249979
2024-07-18 11:18:18,171800.0,100,Sell,224249980
2024-07-18 11:18:18,171800.0,100,Sell,224249977
2024-07-18 11:18:18,171800.0,500,Sell,224249981
2024-07-18 11:18:18,171800.0,100,Sell,224249978
2024-07-18 11:19:28,171700.0,100,Sell,224251445
2024-07-18 11:19:28,171700.0,1000,Sell,224251440
2024-07-18 11:19:28,171700.0,700,Sell,224251442
2024-07-18 11:19:28,171700.0,500,Sell,224251443
2024-07-18 11:19:28,171700.0,100,Sell,224251444
2024-07-18 11:19:29,171600.0,800,Sell,224251482
2024-07-18 11:20:37,171600.0,400,Sell,224252873
2024-07-18 11:20:37,171600.0,100,Sell,224252872
2024-07-18 11:20:46,171600.0,1000,Sell,224253005
2024-07-18 11:21:17,171600.0,100,Sell,224253682
2024-07-18 11:21:42,171500.0,300,Sell,224254183
2024-07-18 11:21:42,171500.0,1000,Sell,224254192
2024-07-18 11:21:42,171500.0,100,Sell,224254193
2024-07-18 11:21:42,171500.0,100,Sell,224254194
2024-07-18 11:21:42,171500.0,100,Sell,224254195
2024-07-18 11:21:42,171500.0,1000,Sell,224254196
2024-07-18 11:21:42,171500.0,100,Sell,224254197
2024-07-18 11:21:42,171500.0,200,Sell,224254198
2024-07-18 11:21:43,171500.0,100,Sell,224254228
2024-07-18 11:21:43,171500.0,100,Sell,224254227
2024-07-18 11:21:43,171500.0,100,Sell,224254226
2024-07-18 11:21:43,171500.0,200,Sell,224254225
2024-07-18 11:21:43,171500.0,700,Sell,224254219
2024-07-18 11:21:43,171500.0,100,Sell,224254223
2024-07-18 11:21:43,171500.0,100,Sell,224254222
2024-07-18 11:21:43,171500.0,100,Sell,224254221
2024-07-18 11:21:43,171500.0,100,Sell,224254220
2024-07-18 11:21:43,171500.0,200,Sell,224254224
2024-07-18 11:22:29,171400.0,600,Sell,224255031
2024-07-18 11:22:29,171400.0,100,Sell,224255032
2024-07-18 11:22:29,171400.0,500,Sell,224255029
2024-07-18 11:22:29,171400.0,1000,Sell,224255030
2024-07-18 11:22:51,171400.0,100,Buy,224255391
2024-07-18 11:23:47,171400.0,200,Buy,224256385
2024-07-18 11:24:19,171400.0,100,Buy,224256927
2024-07-18 11:24:27,171300.0,1100,Sell,224257058
2024-07-18 11:24:27,171300.0,100,Sell,224257059
2024-07-18 11:24:27,171300.0,100,Sell,224257060
2024-07-18 11:24:27,171300.0,100,Sell,224257061
2024-07-18 11:24:27,171300.0,100,Sell,224257062
2024-07-18 11:24:27,171300.0,200,Sell,224257063
2024-07-18 11:24:34,171300.0,100,Buy,224257169
2024-07-18 11:24:34,171300.0,100,Buy,224257163
2024-07-18 11:25:02,171300.0,400,Buy,224257708
2024-07-18 11:25:02,171300.0,100,Buy,224257709
2024-07-18 11:25:13,171300.0,300,Buy,224257947
2024-07-18 11:25:25,171300.0,500,Buy,224258195
2024-07-18 11:25:26,171300.0,100,Buy,224258206
2024-07-18 11:26:17,171400.0,100,Buy,224259298
2024-07-18 11:26:28,171400.0,300,Buy,224259536
2024-07-18 11:26:44,171400.0,100,Buy,224259791
2024-07-18 11:26:59,171300.0,100,Sell,224260014
2024-07-18 11:26:59,171300.0,1000,Sell,224260013
2024-07-18 11:26:59,171300.0,100,Sell,224260015
2024-07-18 11:26:59,171300.0,1000,Sell,224260011
2024-07-18 11:26:59,171300.0,100,Sell,224260010
2024-07-18 11:26:59,171300.0,500,Sell,224260012
2024-07-18 11:27:04,171300.0,1000,Buy,224260106
2024-07-18 11:27:15,171300.0,1200,Buy,224260295
2024-07-18 11:29:26,171300.0,300,Sell,224262639
2024-07-18 11:29:26,171300.0,200,Sell,224262640
2024-07-18 12:59:44,171300.0,100,Sell,224265211
2024-07-18 12:59:44,171300.0,100,Sell,224265212
2024-07-18 12:59:44,171300.0,300,Sell,224265213
2024-07-18 12:59:44,171300.0,100,Sell,224265214
2024-07-18 12:59:44,171300.0,100,Sell,224265215
2024-07-18 12:59:44,171200.0,100,Sell,224265216
2024-07-18 12:59:46,171200.0,200,Sell,224265953
2024-07-18 12:59:46,171200.0,600,Sell,224265952
2024-07-18 12:59:46,171200.0,100,Sell,224265756
2024-07-18 12:59:46,171200.0,1000,Sell,224265752
2024-07-18 12:59:46,171200.0,100,Sell,224265754
2024-07-18 12:59:46,171200.0,100,Sell,224265753
2024-07-18 12:59:46,171200.0,100,Sell,224265750
2024-07-18 12:59:46,171200.0,500,Sell,224265755
2024-07-18 12:59:48,171300.0,100,Buy,224266419
2024-07-18 12:59:50,171300.0,100,Sell,224266989
2024-07-18 12:59:50,171200.0,300,Sell,224266990
2024-07-18 12:59:50,171100.0,400,Sell,224266991
2024-07-18 12:59:52,171100.0,100,Sell,224267388
2024-07-18 12:59:52,171100.0,200,Sell,224267389
2024-07-18 12:59:53,171300.0,100,Sell,224267624
2024-07-18 13:00:06,171200.0,100,Buy,224269147
2024-07-18 13:00:08,171200.0,100,Buy,224269292
2024-07-18 13:00:51,171200.0,100,Buy,224270831
2024-07-18 13:01:34,171200.0,100,Buy,224272200
2024-07-18 13:01:40,171100.0,1000,Sell,224272462
2024-07-18 13:01:40,171100.0,800,Sell,224272461
2024-07-18 13:01:40,171100.0,1000,Sell,224272463
2024-07-18 13:01:42,171100.0,100,Sell,224272514
2024-07-18 13:01:42,171100.0,100,Sell,224272515
2024-07-18 13:01:42,171100.0,200,Sell,224272516
2024-07-18 13:01:42,171100.0,500,Sell,224272517
2024-07-18 13:01:48,171100.0,1000,Buy,224272792
2024-07-18 13:01:53,171000.0,100,Sell,224273016
2024-07-18 13:01:53,171000.0,100,Sell,224273017
2024-07-18 13:01:54,171000.0,100,Sell,224273069
2024-07-18 13:01:54,171000.0,1000,Sell,224273068
2024-07-18 13:01:54,171000.0,100,Sell,224273067
2024-07-18 13:01:54,171000.0,100,Sell,224273066
2024-07-18 13:01:54,171000.0,200,Sell,224273063
2024-07-18 13:01:54,171000.0,100,Sell,224273064
2024-07-18 13:01:54,171000.0,500,Sell,224273061
2024-07-18 13:01:54,171000.0,100,Sell,224273060
2024-07-18 13:01:54,171000.0,200,Sell,224273065
2024-07-18 13:01:54,171000.0,400,Sell,224273062
2024-07-18 13:02:14,171000.0,200,Sell,224273807
2024-07-18 13:02:24,171000.0,100,Sell,224274193
2024-07-18 13:02:24,171000.0,100,Sell,224274192
2024-07-18 13:02:37,171000.0,100,Sell,224274721
2024-07-18 13:02:37,171000.0,100,Sell,224274720
2024-07-18 13:02:59,171000.0,600,Sell,224275587
2024-07-18 13:02:59,171000.0,100,Sell,224275586
2024-07-18 13:02:59,171000.0,100,Sell,224275582
2024-07-18 13:02:59,171000.0,100,Sell,224275584
2024-07-18 13:02:59,171000.0,100,Sell,224275583
2024-07-18 13:02:59,171000.0,200,Sell,224275585
2024-07-18 13:03:05,171000.0,400,Sell,224275823
2024-07-18 13:03:05,171000.0,100,Sell,224275822
2024-07-18 13:03:05,171000.0,100,Sell,224275821
2024-07-18 13:03:05,171000.0,300,Sell,224275820
2024-07-18 13:03:05,171000.0,100,Sell,224275819
2024-07-18 13:03:05,171000.0,300,Sell,224275818
2024-07-18 13:03:05,171000.0,100,Sell,224275817
2024-07-18 13:03:05,171000.0,100,Sell,224275814
2024-07-18 13:03:05,171000.0,1000,Sell,224275813
2024-07-18 13:03:05,171000.0,500,Sell,224275812
2024-07-18 13:03:05,171000.0,500,Sell,224275811
2024-07-18 13:03:05,171000.0,200,Sell,224275810
2024-07-18 13:03:05,171000.0,100,Sell,224275816
2024-07-18 13:03:05,171000.0,100,Sell,224275815
2024-07-18 13:03:52,171000.0,100,Sell,224278170
2024-07-18 13:03:52,171000.0,100,Sell,224278171
2024-07-18 13:04:06,171000.0,100,Sell,224278650
2024-07-18 13:04:13,171000.0,100,Sell,224279106
2024-07-18 13:04:26,171000.0,200,Sell,224279679
2024-07-18 13:04:33,171000.0,700,Sell,224279959
2024-07-18 13:04:33,171000.0,100,Sell,224279960
2024-07-18 13:04:40,171100.0,300,Buy,224280280
2024-07-18 13:05:22,171000.0,100,Sell,224282138
2024-07-18 13:05:40,171000.0,100,Sell,224282883
2024-07-18 13:05:41,171000.0,500,Sell,224282953
2024-07-18 13:05:41,171000.0,100,Sell,224282954
2024-07-18 13:05:41,171000.0,500,Sell,224282955
2024-07-18 13:05:41,171000.0,100,Sell,224282956
2024-07-18 13:06:04,171000.0,100,Sell,224283966
2024-07-18 13:06:04,171000.0,200,Sell,224283967
2024-07-18 13:06:04,171000.0,1000,Sell,224283968
2024-07-18 13:06:23,171000.0,100,Sell,224284844
2024-07-18 13:06:47,171100.0,100,Buy,224286021
2024-07-18 13:07:16,171100.0,100,Buy,224287141
2024-07-18 13:07:19,171100.0,500,Buy,224287295
2024-07-18 13:07:52,171000.0,100,Sell,224288995
2024-07-18 13:08:55,171000.0,200,Sell,224291562
2024-07-18 13:08:55,171000.0,100,Sell,224291563
2024-07-18 13:08:55,171000.0,100,Sell,224291564
2024-07-18 13:08:55,171000.0,400,Sell,224291565
2024-07-18 13:08:56,171000.0,100,Sell,224291588
2024-07-18 13:08:56,171000.0,100,Sell,224291589
2024-07-18 13:08:56,171000.0,800,Sell,224291590
2024-07-18 13:10:24,171100.0,300,Sell,224294889
2024-07-18 13:10:36,171300.0,300,Buy,224295372
2024-07-18 13:10:54,171300.0,100,Buy,224295977
2024-07-18 13:11:32,171000.0,200,Sell,224297233
2024-07-18 13:11:32,171000.0,200,Sell,224297234
2024-07-18 13:11:32,171000.0,100,Sell,224297235
2024-07-18 13:11:32,171000.0,100,Sell,224297236
2024-07-18 13:11:32,171000.0,100,Sell,224297237
2024-07-18 13:11:32,171000.0,100,Sell,224297238
2024-07-18 13:11:38,171000.0,100,Sell,224297389
2024-07-18 13:11:38,171000.0,100,Sell,224297390
2024-07-18 13:11:38,171300.0,100,Buy,224297399
2024-07-18 13:14:55,171000.0,200,Sell,224303907
2024-07-18 13:14:55,171100.0,100,Sell,224303906
2024-07-18 13:14:55,171100.0,200,Sell,224303905
2024-07-18 13:14:55,171100.0,100,Sell,224303901
2024-07-18 13:14:55,171100.0,200,Sell,224303902
2024-07-18 13:14:55,171100.0,100,Sell,224303900
2024-07-18 13:14:55,171100.0,100,Sell,224303903
2024-07-18 13:15:43,171100.0,500,Sell,224305371
2024-07-18 13:15:58,171300.0,100,Buy,224305848
2024-07-18 13:16:12,171400.0,100,Buy,224306274
2024-07-18 13:16:59,171000.0,100,Sell,224307553
2024-07-18 13:16:59,171000.0,100,Sell,224307552
2024-07-18 13:16:59,171000.0,100,Sell,224307554
2024-07-18 13:16:59,171000.0,100,Sell,224307550
2024-07-18 13:16:59,171000.0,100,Sell,224307549
2024-07-18 13:16:59,171000.0,100,Sell,224307551
2024-07-18 13:16:59,171100.0,1000,Sell,224307548
2024-07-18 13:17:36,171400.0,4500,Buy,224308725
2024-07-18 13:17:36,171400.0,5000,Buy,224308723
2024-07-18 13:17:36,171400.0,500,Buy,224308724
2024-07-18 13:17:54,171400.0,100,Buy,224309193
2024-07-18 13:18:35,171400.0,100,Buy,224310209
2024-07-18 13:18:53,171400.0,100,Buy,224310815
2024-07-18 13:18:57,171400.0,300,Buy,224310928
2024-07-18 13:19:12,171400.0,100,Buy,224311339
2024-07-18 13:19:19,171400.0,100,Buy,224311551
2024-07-18 13:20:37,171400.0,100,Sell,224314261
2024-07-18 13:20:55,171500.0,100,Buy,224314870
2024-07-18 13:21:37,171500.0,200,Sell,224316269
2024-07-18 13:21:53,171500.0,700,Sell,224316729
2024-07-18 13:21:53,171400.0,100,Sell,224316730
2024-07-18 13:21:53,171400.0,2500,Sell,224316731
2024-07-18 13:22:09,171400.0,1200,Buy,224317239
2024-07-18 13:22:53,171400.0,800,Sell,224318752
2024-07-18 13:23:11,171400.0,100,Sell,224319721
2024-07-18 13:23:49,171500.0,200,Sell,224321307
2024-07-18 13:24:01,171500.0,300,Sell,224321880
2024-07-18 13:25:48,171500.0,500,Sell,224325897
2024-07-18 13:26:14,171600.0,300,Buy,224326839
2024-07-18 13:26:14,171600.0,100,Buy,224326840
2024-07-18 13:26:14,171600.0,300,Buy,224326841
2024-07-18 13:28:09,171500.0,700,Sell,224330268
2024-07-18 13:28:09,171500.0,100,Sell,224330269
2024-07-18 13:28:11,171600.0,100,Buy,224330304
2024-07-18 13:29:18,171800.0,200,Buy,224332007
2024-07-18 13:29:18,171800.0,300,Buy,224332006
2024-07-18 13:29:18,171800.0,100,Buy,224332008
2024-07-18 13:29:53,171800.0,100,Buy,224333214
2024-07-18 13:29:53,171800.0,100,Buy,224333215
2024-07-18 13:30:56,171800.0,300,Sell,224335185
2024-07-18 13:30:56,171800.0,100,Sell,224335186
2024-07-18 13:30:56,171600.0,200,Sell,224335187
2024-07-18 13:31:35,171900.0,200,Sell,224336609
2024-07-18 13:31:35,171800.0,100,Sell,224336610
2024-07-18 13:31:35,171600.0,200,Sell,224336611
2024-07-18 13:33:09,171600.0,100,Sell,224339987
2024-07-18 13:33:57,171600.0,100,Sell,224341550
2024-07-18 13:34:18,171600.0,500,Sell,224342485
2024-07-18 13:37:03,172000.0,300,Buy,224347939
2024-07-18 13:37:03,172000.0,100,Buy,224347940
2024-07-18 13:37:03,172000.0,200,Buy,224347941
2024-07-18 13:37:03,172000.0,100,Buy,224347942
2024-07-18 13:38:03,172000.0,800,Sell,224349711
2024-07-18 13:39:25,172100.0,300,Sell,224352310
2024-07-18 13:39:26,172100.0,200,Sell,224352348
2024-07-18 13:39:57,172200.0,200,Sell,224353226
2024-07-18 13:39:58,172400.0,200,Buy,224353250
2024-07-18 13:39:58,172300.0,400,Buy,224353248
2024-07-18 13:39:58,172400.0,200,Buy,224353249
2024-07-18 13:40:42,172400.0,100,Buy,224354524
2024-07-18 13:40:48,172500.0,200,Buy,224354723
2024-07-18 13:41:03,172500.0,100,Buy,224355193
2024-07-18 13:41:19,172500.0,200,Buy,224355615
2024-07-18 13:41:24,172500.0,100,Buy,224355732
2024-07-18 13:42:40,172200.0,400,Sell,224357927
2024-07-18 13:42:48,172200.0,100,Sell,224358179
2024-07-18 13:43:25,172100.0,300,Sell,224359304
2024-07-18 13:43:26,172100.0,1100,Sell,224359330
2024-07-18 13:44:42,171700.0,200,Sell,224361889
2024-07-18 13:44:42,172000.0,400,Sell,224361888
2024-07-18 13:44:42,172000.0,100,Sell,224361887
2024-07-18 13:44:42,172000.0,100,Sell,224361886
2024-07-18 13:45:30,171700.0,300,Sell,224363244
2024-07-18 13:45:30,171700.0,100,Sell,224363245
2024-07-18 13:53:14,171800.0,100,Sell,224375846
2024-07-18 13:53:14,171800.0,200,Sell,224375847
2024-07-18 13:53:14,171800.0,100,Sell,224375848
2024-07-18 13:53:14,171800.0,300,Sell,224375849
2024-07-18 13:53:14,171700.0,100,Sell,224375850
2024-07-18 13:53:14,171700.0,200,Sell,224375851
2024-07-18 13:54:05,171700.0,200,Sell,224377548
2024-07-18 13:54:05,171700.0,100,Sell,224377547
2024-07-18 13:54:05,171700.0,100,Sell,224377549
2024-07-18 13:54:05,171700.0,100,Sell,224377545
2024-07-18 13:54:05,171700.0,300,Sell,224377544
2024-07-18 13:54:05,171700.0,200,Sell,224377546
2024-07-18 13:55:45,171700.0,100,Sell,224380488
2024-07-18 13:55:45,171700.0,100,Sell,224380489
2024-07-18 13:55:45,171700.0,200,Sell,224380490
2024-07-18 13:57:49,171600.0,400,Sell,224385596
2024-07-18 13:57:51,171600.0,600,Sell,224385669
2024-07-18 13:57:51,171600.0,100,Sell,224385670
2024-07-18 13:57:51,171600.0,500,Sell,224385671
2024-07-18 13:57:51,171600.0,100,Sell,224385672
2024-07-18 13:57:51,171600.0,200,Sell,224385673
2024-07-18 13:58:01,171600.0,200,Sell,224386211
2024-07-18 13:58:39,171500.0,4100,Sell,224388350
2024-07-18 13:58:39,171500.0,500,Sell,224388348
2024-07-18 13:58:39,171500.0,100,Sell,224388349
2024-07-18 13:58:40,171500.0,900,Sell,224388541
2024-07-18 13:58:40,171500.0,100,Sell,224388542
2024-07-18 13:59:08,171500.0,2000,Sell,224390125
2024-07-18 13:59:23,171500.0,100,Sell,224391447
2024-07-18 13:59:25,171400.0,100,Sell,224391665
2024-07-18 13:59:25,171400.0,100,Sell,224391666
2024-07-18 14:00:09,171400.0,100,Buy,224395328
2024-07-18 14:01:03,171200.0,100,Sell,224399410
2024-07-18 14:01:03,171200.0,100,Sell,224399411
2024-07-18 14:01:03,171100.0,200,Sell,224399412
2024-07-18 14:01:03,171100.0,4600,Sell,224399413
2024-07-18 14:01:16,171000.0,200,Sell,224400279
2024-07-18 14:01:16,171000.0,100,Sell,224400278
2024-07-18 14:01:16,171000.0,200,Sell,224400277
2024-07-18 14:01:16,171000.0,1000,Sell,224400275
2024-07-18 14:01:16,171000.0,100,Sell,224400276
2024-07-18 14:01:16,171000.0,100,Sell,224400274
2024-07-18 14:01:34,171000.0,100,Sell,224401805
2024-07-18 14:01:34,171000.0,100,Sell,224401804
2024-07-18 14:01:34,171000.0,100,Sell,224401803
2024-07-18 14:01:34,171000.0,100,Sell,224401802
2024-07-18 14:01:34,171000.0,100,Sell,224401801
2024-07-18 14:01:34,171000.0,1000,Sell,224401800
2024-07-18 14:01:34,171000.0,100,Sell,224401799
2024-07-18 14:01:34,171000.0,100,Sell,224401790
2024-07-18 14:01:34,171000.0,100,Sell,224401797
2024-07-18 14:01:34,171000.0,400,Sell,224401791
2024-07-18 14:01:34,171000.0,100,Sell,224401792
2024-07-18 14:01:34,171000.0,500,Sell,224401793
2024-07-18 14:01:34,171000.0,100,Sell,224401798
2024-07-18 14:01:34,171000.0,200,Sell,224401795
2024-07-18 14:01:34,171000.0,100,Sell,224401796
2024-07-18 14:01:34,171000.0,1000,Sell,224401794
2024-07-18 14:01:37,170900.0,300,Sell,224402430
2024-07-18 14:01:37,170900.0,100,Sell,224402431
2024-07-18 14:01:39,170900.0,900,Sell,224402647
2024-07-18 14:01:50,170900.0,100,Sell,224403475
2024-07-18 14:01:50,170800.0,100,Sell,224403476
2024-07-18 14:01:50,170800.0,100,Sell,224403477
2024-07-18 14:01:59,170800.0,300,Buy,224404423
2024-07-18 14:02:00,170800.0,200,Buy,224404659
2024-07-18 14:02:04,170800.0,100,Buy,224405216
2024-07-18 14:02:05,170800.0,400,Sell,224405278
2024-07-18 14:02:05,170700.0,100,Sell,224405279
2024-07-18 14:02:08,170800.0,100,Buy,224405539
2024-07-18 14:02:17,170800.0,100,Sell,224406454
2024-07-18 14:02:34,171000.0,500,Buy,224408201
2024-07-18 14:02:44,170800.0,300,Sell,224409058
2024-07-18 14:02:44,170800.0,200,Sell,224409055
2024-07-18 14:02:44,170800.0,300,Sell,224409056
2024-07-18 14:02:44,170800.0,200,Sell,224409057
2024-07-18 14:02:54,171000.0,2000,Buy,224409766
2024-07-18 14:02:54,170800.0,200,Sell,224409788
2024-07-18 14:03:13,170800.0,100,Sell,224411494
2024-07-18 14:03:13,170800.0,100,Sell,224411495
2024-07-18 14:03:13,170800.0,100,Sell,224411496
2024-07-18 14:03:29,170800.0,100,Sell,224412534
2024-07-18 14:03:29,170800.0,100,Sell,224412535
2024-07-18 14:03:45,171000.0,100,Buy,224413789
2024-07-18 14:03:45,171000.0,300,Buy,224413818
2024-07-18 14:03:45,171000.0,100,Buy,224413817
2024-07-18 14:03:47,171000.0,700,Buy,224413967
2024-07-18 14:03:47,171000.0,600,Buy,224413968
2024-07-18 14:04:04,171000.0,700,Sell,224415232
2024-07-18 14:04:04,171000.0,100,Sell,224415233
2024-07-18 14:04:04,171000.0,100,Sell,224415234
2024-07-18 14:04:07,170800.0,1000,Sell,224415400
2024-07-18 14:04:07,170800.0,100,Sell,224415401
2024-07-18 14:04:07,170800.0,300,Sell,224415399
2024-07-18 14:04:07,171000.0,100,Buy,224415376
2024-07-18 14:04:07,170800.0,100,Sell,224415398
2024-07-18 14:04:08,170800.0,100,Buy,224415429
2024-07-18 14:04:46,170800.0,100,Sell,224417775
2024-07-18 14:04:47,170800.0,300,Sell,224417781
2024-07-18 14:04:47,170800.0,100,Sell,224417780
2024-07-18 14:04:51,171000.0,100,Buy,224418063
2024-07-18 14:04:58,171000.0,100,Buy,224418414
2024-07-18 14:05:09,171000.0,100,Buy,224419027
2024-07-18 14:05:10,171000.0,100,Buy,224419109
2024-07-18 14:05:16,170900.0,200,Buy,224419519
2024-07-18 14:05:30,170900.0,200,Buy,224420381
2024-07-18 14:05:46,170900.0,100,Buy,224421218
2024-07-18 14:06:07,170900.0,100,Buy,224422340
2024-07-18 14:06:20,170900.0,2000,Buy,224422974
2024-07-18 14:06:20,170900.0,100,Buy,224422973
2024-07-18 14:06:27,170900.0,3900,Buy,224423248
2024-07-18 14:06:27,170900.0,400,Buy,224423249
2024-07-18 14:06:30,171000.0,100,Buy,224423389
2024-07-18 14:06:38,171000.0,500,Buy,224423836
2024-07-18 14:06:38,171000.0,400,Buy,224423837
2024-07-18 14:06:38,171000.0,100,Buy,224423838
2024-07-18 14:06:39,171000.0,100,Buy,224423883
2024-07-18 14:06:39,171000.0,100,Buy,224423884
2024-07-18 14:06:43,171000.0,200,Buy,224424096
2024-07-18 14:06:44,171000.0,100,Buy,224424132
2024-07-18 14:06:44,171000.0,100,Buy,224424123
2024-07-18 14:06:48,171000.0,100,Buy,224424331
2024-07-18 14:06:49,171000.0,100,Buy,224424355
2024-07-18 14:06:55,171000.0,400,Buy,224424648
2024-07-18 14:06:57,171000.0,500,Buy,224424684
2024-07-18 14:07:33,171500.0,100,Buy,224426130
2024-07-18 14:08:00,171500.0,100,Buy,224427190
2024-07-18 14:08:04,171500.0,500,Buy,224427373
2024-07-18 14:08:11,171500.0,100,Buy,224427661
2024-07-18 14:08:14,171500.0,100,Buy,224427858
2024-07-18 14:08:22,171500.0,100,Buy,224428284
2024-07-18 14:08:44,171700.0,100,Buy,224429320
2024-07-18 14:08:57,171500.0,100,Sell,224429956
2024-07-18 14:09:25,171700.0,500,Buy,224430953
2024-07-18 14:09:25,171700.0,1000,Buy,224430952
2024-07-18 14:09:25,171700.0,500,Buy,224430951
2024-07-18 14:10:36,172000.0,500,Buy,224434120
2024-07-18 14:10:52,172000.0,100,Buy,224434788
2024-07-18 14:10:52,172000.0,200,Buy,224434789
2024-07-18 14:10:52,172000.0,700,Buy,224434790
2024-07-18 14:11:27,172100.0,400,Buy,224436143
2024-07-18 14:11:27,172100.0,600,Buy,224436146
2024-07-18 14:12:17,172200.0,100,Buy,224438230
2024-07-18 14:12:17,172200.0,300,Buy,224438231
2024-07-18 14:12:17,172200.0,200,Buy,224438232
2024-07-18 14:12:39,172000.0,100,Sell,224439017
2024-07-18 14:12:57,172000.0,100,Buy,224439773
2024-07-18 14:13:00,172000.0,1000,Buy,224439915
2024-07-18 14:13:00,172000.0,900,Buy,224439912
2024-07-18 14:13:00,172000.0,1300,Buy,224439913
2024-07-18 14:13:00,172000.0,100,Buy,224439914
2024-07-18 14:13:01,172000.0,1700,Sell,224439959
2024-07-18 14:13:32,171700.0,300,Sell,224440986
2024-07-18 14:13:32,171700.0,400,Sell,224440987
2024-07-18 14:13:38,171700.0,400,Sell,224441230
2024-07-18 14:13:45,171700.0,600,Buy,224441449
2024-07-18 14:14:05,172000.0,800,Buy,224442168
2024-07-18 14:14:08,172000.0,200,Sell,224442312
2024-07-18 14:14:49,172000.0,100,Buy,224443823
2024-07-18 14:15:25,171900.0,300,Buy,224445327
2024-07-18 14:15:25,172000.0,100,Buy,224445328
2024-07-18 14:15:56,172000.0,100,Buy,224446433
2024-07-18 14:15:56,172000.0,100,Buy,224446432
2024-07-18 14:16:21,172000.0,600,Buy,224447613
2024-07-18 14:16:21,172000.0,200,Buy,224447614
2024-07-18 14:16:21,172000.0,200,Buy,224447615
2024-07-18 14:16:33,172000.0,800,Buy,224448022
2024-07-18 14:16:33,172000.0,100,Buy,224448023
2024-07-18 14:16:33,172000.0,700,Buy,224448024
2024-07-18 14:16:34,172000.0,400,Sell,224448074
2024-07-18 14:16:56,171800.0,100,Sell,224449013
2024-07-18 14:16:56,171700.0,1000,Sell,224449014
2024-07-18 14:17:07,171700.0,1900,Buy,224449303
2024-07-18 14:18:01,171700.0,100,Sell,224451477
2024-07-18 14:18:39,171700.0,100,Buy,224452863
2024-07-18 14:19:57,171700.0,300,Buy,224456493
2024-07-18 14:19:57,171700.0,300,Buy,224456491
2024-07-18 14:19:57,171700.0,100,Buy,224456492
2024-07-18 14:20:13,171700.0,300,Sell,224457205
2024-07-18 14:21:15,171700.0,200,Buy,224460129
2024-07-18 14:21:16,171700.0,700,Buy,224460139
2024-07-18 14:21:19,171700.0,100,Buy,224460407
2024-07-18 14:21:24,171700.0,600,Buy,224460653
2024-07-18 14:21:46,171600.0,100,Sell,224461580
2024-07-18 14:22:25,171700.0,1100,Buy,224463892
2024-07-18 14:22:25,171700.0,100,Buy,224463893
2024-07-18 14:22:43,171700.0,100,Sell,224465081
2024-07-18 14:22:44,172000.0,300,Buy,224465154
2024-07-18 14:23:00,172000.0,500,Buy,224466270
2024-07-18 14:23:33,172000.0,100,Sell,224468365
2024-07-18 14:23:53,172000.0,100,Sell,224469734
2024-07-18 14:23:54,172000.0,300,Sell,224469764
2024-07-18 14:23:54,172000.0,100,Sell,224469765
2024-07-18 14:24:47,172100.0,500,Buy,224473283
2024-07-18 14:24:56,172000.0,100,Sell,224473749
2024-07-18 14:25:36,172000.0,200,Buy,224476473
2024-07-18 14:25:36,172100.0,400,Buy,224476474
2024-07-18 14:25:46,172100.0,200,Buy,224477147
2024-07-18 14:25:55,172200.0,300,Buy,224477896
2024-07-18 14:26:03,172200.0,100,Buy,224478454
2024-07-18 14:26:04,172200.0,200,Buy,224478489
2024-07-18 14:26:08,172200.0,100,Buy,224478830
2024-07-18 14:26:12,172200.0,300,Buy,224479110
2024-07-18 14:26:36,172400.0,300,Buy,224481270
2024-07-18 14:26:36,172400.0,500,Buy,224481271
2024-07-18 14:26:36,172500.0,1300,Buy,224481272
2024-07-18 14:26:36,172500.0,1000,Buy,224481273
2024-07-18 14:26:36,172500.0,200,Buy,224481274
2024-07-18 14:26:36,172500.0,1300,Buy,224481275
2024-07-18 14:26:36,172500.0,100,Buy,224481276
2024-07-18 14:26:36,172500.0,300,Buy,224481277
2024-07-18 14:26:48,172700.0,100,Buy,224482142
2024-07-18 14:26:51,172700.0,100,Buy,224482453
2024-07-18 14:27:11,172700.0,100,Buy,224483749
2024-07-18 14:27:26,172700.0,1100,Buy,224484851
2024-07-18 14:27:26,172700.0,200,Buy,224484852
2024-07-18 14:27:26,172700.0,100,Buy,224484853
2024-07-18 14:27:26,172700.0,300,Buy,224484854
2024-07-18 14:27:26,172600.0,100,Buy,224484850
2024-07-18 14:27:27,172700.0,400,Sell,224484982
2024-07-18 14:27:29,172700.0,400,Sell,224485192
2024-07-18 14:27:30,172700.0,400,Sell,224485367
2024-07-18 14:27:32,172700.0,400,Sell,224485448
2024-07-18 14:27:34,172700.0,400,Sell,224485656
2024-07-18 14:27:38,172700.0,500,Sell,224485999
2024-07-18 14:27:39,172800.0,1900,Buy,224486108
2024-07-18 14:27:39,172800.0,200,Buy,224486107
2024-07-18 14:27:40,172700.0,700,Sell,224486235
2024-07-18 14:27:44,172800.0,700,Buy,224486429
2024-07-18 14:27:45,172700.0,700,Sell,224486533
2024-07-18 14:28:06,172800.0,2400,Buy,224488199
2024-07-18 14:28:06,172800.0,100,Buy,224488200
2024-07-18 14:28:06,172800.0,500,Buy,224488201
2024-07-18 14:28:06,172700.0,100,Sell,224488210
2024-07-18 14:28:10,172700.0,200,Sell,224488539
2024-07-18 14:28:37,172800.0,100,Buy,224490581
2024-07-18 14:28:47,172800.0,100,Buy,224491408
2024-07-18 14:28:47,172800.0,400,Buy,224491409
2024-07-18 14:28:51,172900.0,5000,Buy,224491862
2024-07-18 14:28:51,172900.0,600,Buy,224491860
2024-07-18 14:28:51,172800.0,300,Buy,224491859
2024-07-18 14:28:51,172900.0,400,Buy,224491861
2024-07-18 14:28:53,172900.0,700,Sell,224491952
2024-07-18 14:28:55,172900.0,400,Sell,224492150
2024-07-18 14:28:56,172900.0,1600,Sell,224492302
2024-07-18 14:29:16,173000.0,200,Buy,224493876
2024-07-18 14:29:16,173000.0,100,Buy,224493877
2024-07-18 14:29:16,173000.0,100,Buy,224493878
2024-07-18 14:29:16,173000.0,100,Buy,224493879
2024-07-18 14:29:16,173000.0,500,Buy,224493880
2024-07-18 14:44:40,174000.0,159500,ATO/ATC,224496839
