time,price,volume,match_type,id
2024-07-17 09:14:41,174300.0,9900,ATO/ATC,223363862
2024-07-17 09:14:42,175500.0,200,Buy,223364055
2024-07-17 09:14:43,174300.0,100,Sell,223364082
2024-07-17 09:14:43,174300.0,100,Sell,223364081
2024-07-17 09:15:06,174300.0,200,Sell,223364443
2024-07-17 09:16:07,175300.0,500,Buy,223365785
2024-07-17 09:16:34,174400.0,100,Sell,223366504
2024-07-17 09:16:57,174400.0,100,Sell,223367141
2024-07-17 09:16:58,174300.0,2400,Sell,223367171
2024-07-17 09:16:59,174300.0,2400,Sell,223367217
2024-07-17 09:17:02,174300.0,200,Sell,223367263
2024-07-17 09:17:02,174300.0,100,Sell,223367264
2024-07-17 09:17:10,173500.0,100,Sell,223367480
2024-07-17 09:17:29,174400.0,200,Buy,223368032
2024-07-17 09:17:50,174400.0,100,Buy,223368626
2024-07-17 09:19:37,173600.0,100,Sell,223371541
2024-07-17 09:20:36,173600.0,500,Sell,223373234
2024-07-17 09:20:36,173600.0,200,Sell,223373235
2024-07-17 09:20:36,173600.0,100,Sell,223373236
2024-07-17 09:20:52,173600.0,200,Buy,223373736
2024-07-17 09:22:05,173600.0,100,Sell,223376084
2024-07-17 09:22:11,173600.0,100,Sell,223376240
2024-07-17 09:22:38,173600.0,200,Sell,223377162
2024-07-17 09:22:46,173600.0,200,Sell,223377418
2024-07-17 09:22:46,173600.0,200,Sell,223377419
2024-07-17 09:22:46,173600.0,100,Sell,223377420
2024-07-17 09:22:46,173600.0,100,Sell,223377421
2024-07-17 09:24:33,173600.0,100,Sell,223380647
2024-07-17 09:25:06,173600.0,100,Sell,223381616
2024-07-17 09:25:06,173600.0,100,Sell,223381633
2024-07-17 09:25:06,173600.0,200,Sell,223381634
2024-07-17 09:25:06,173600.0,300,Sell,223381635
2024-07-17 09:25:06,173600.0,300,Sell,223381636
2024-07-17 09:25:16,173600.0,100,Buy,223381896
2024-07-17 09:25:24,173600.0,100,Buy,223382108
2024-07-17 09:27:00,173600.0,100,Sell,223384789
2024-07-17 09:28:09,173600.0,100,Sell,223386802
2024-07-17 09:28:29,173600.0,100,Sell,223387363
2024-07-17 09:29:04,173600.0,100,Sell,223388476
2024-07-17 09:29:28,173600.0,100,Sell,223389180
2024-07-17 09:29:45,173600.0,200,Sell,223389664
2024-07-17 09:30:41,173600.0,700,Sell,223390933
2024-07-17 09:31:27,173800.0,100,Buy,223392009
2024-07-17 09:31:35,173600.0,200,Sell,223392180
2024-07-17 09:31:56,173600.0,100,Sell,223392663
2024-07-17 09:32:23,173700.0,200,Sell,223393316
2024-07-17 09:32:34,173600.0,100,Sell,223393594
2024-07-17 09:32:34,173600.0,100,Sell,223393593
2024-07-17 09:32:34,173600.0,100,Sell,223393592
2024-07-17 09:32:34,173600.0,100,Sell,223393591
2024-07-17 09:32:34,173600.0,100,Sell,223393590
2024-07-17 09:32:34,173600.0,100,Sell,223393587
2024-07-17 09:32:34,173600.0,100,Sell,223393588
2024-07-17 09:32:34,173600.0,100,Sell,223393585
2024-07-17 09:32:34,173600.0,300,Sell,223393584
2024-07-17 09:32:34,173600.0,100,Sell,223393589
2024-07-17 09:32:34,173600.0,200,Sell,223393586
2024-07-17 09:33:27,173700.0,100,Buy,223394949
2024-07-17 09:34:18,173700.0,100,Buy,223396327
2024-07-17 09:34:23,173600.0,100,Sell,223396445
2024-07-17 09:34:42,173600.0,500,Sell,223396921
2024-07-17 09:35:07,173600.0,100,Sell,223397495
2024-07-17 09:35:07,173600.0,400,Sell,223397494
2024-07-17 09:35:19,173700.0,400,Buy,223397752
2024-07-17 09:35:19,173500.0,400,Sell,223397745
2024-07-17 09:35:19,173700.0,200,Buy,223397751
2024-07-17 09:35:20,173700.0,400,Sell,223397770
2024-07-17 09:36:05,173500.0,100,Sell,223398905
2024-07-17 09:36:05,173500.0,200,Sell,223398906
2024-07-17 09:36:05,173500.0,100,Sell,223398907
2024-07-17 09:36:05,173500.0,1000,Sell,223398908
2024-07-17 09:36:05,173500.0,100,Sell,223398909
2024-07-17 09:36:05,173500.0,100,Sell,223398910
2024-07-17 09:36:05,173500.0,100,Sell,223398911
2024-07-17 09:36:05,173500.0,200,Sell,223398912
2024-07-17 09:36:05,173600.0,1000,Sell,223398904
2024-07-17 09:36:51,173500.0,100,Sell,223400042
2024-07-17 09:37:32,173500.0,100,Sell,223401137
2024-07-17 09:39:19,173600.0,100,Sell,223404046
2024-07-17 09:39:37,173700.0,300,Buy,223404508
2024-07-17 09:39:37,173700.0,200,Buy,223404507
2024-07-17 09:41:47,173600.0,100,Sell,223407562
2024-07-17 09:42:15,173700.0,400,Buy,223408256
2024-07-17 09:42:15,173700.0,200,Buy,223408257
2024-07-17 09:43:15,173700.0,800,Buy,223409865
2024-07-17 09:44:14,173700.0,100,Sell,223411276
2024-07-17 09:45:58,173700.0,100,Sell,223413948
2024-07-17 09:45:58,173700.0,100,Sell,223413949
2024-07-17 09:46:10,173700.0,1000,Sell,223414356
2024-07-17 09:46:42,173600.0,100,Sell,223415364
2024-07-17 09:47:47,173600.0,100,Sell,223417487
2024-07-17 09:48:03,173600.0,300,Sell,223418140
2024-07-17 09:48:25,173600.0,100,Sell,223418882
2024-07-17 09:49:10,173600.0,100,Sell,223421032
2024-07-17 09:49:53,173600.0,100,Sell,223422415
2024-07-17 09:51:05,173600.0,100,Sell,223424817
2024-07-17 09:51:30,173600.0,1000,Sell,223425623
2024-07-17 09:51:30,173600.0,1400,Sell,223425624
2024-07-17 09:51:30,173500.0,100,Sell,223425625
2024-07-17 09:51:30,173500.0,700,Sell,223425626
2024-07-17 09:51:37,173500.0,100,Sell,223425807
2024-07-17 09:51:38,173500.0,200,Sell,223425837
2024-07-17 09:51:38,173500.0,500,Sell,223425838
2024-07-17 09:51:38,173500.0,100,Sell,223425839
2024-07-17 09:51:38,173500.0,200,Sell,223425840
2024-07-17 09:51:38,173500.0,100,Sell,223425841
2024-07-17 09:51:38,173500.0,200,Sell,223425842
2024-07-17 09:51:38,173500.0,500,Sell,223425843
2024-07-17 09:52:02,173400.0,100,Sell,223426687
2024-07-17 09:52:41,173500.0,1000,Sell,223428669
2024-07-17 09:53:40,173500.0,100,Sell,223431441
2024-07-17 09:53:40,173500.0,200,Sell,223431442
2024-07-17 09:53:40,173500.0,100,Sell,223431443
2024-07-17 09:53:57,173500.0,100,Buy,223432067
2024-07-17 09:54:01,173400.0,900,Sell,223432198
2024-07-17 09:54:01,173400.0,1000,Sell,223432199
2024-07-17 09:54:01,173400.0,100,Sell,223432200
2024-07-17 09:54:05,173300.0,100,Sell,223432332
2024-07-17 09:54:29,173500.0,100,Buy,223433187
2024-07-17 09:54:59,173500.0,200,Buy,223434345
2024-07-17 09:56:33,173400.0,100,Sell,223437845
2024-07-17 09:57:14,173400.0,200,Sell,223439607
2024-07-17 09:57:29,173400.0,200,Sell,223440416
2024-07-17 09:57:29,173400.0,100,Sell,223440417
2024-07-17 09:58:09,173300.0,300,Sell,223442472
2024-07-17 09:59:00,173300.0,100,Sell,223445582
2024-07-17 09:59:37,173300.0,100,Sell,223447565
2024-07-17 10:00:03,173300.0,1000,Sell,223448916
2024-07-17 10:00:19,173300.0,1000,Sell,223449804
2024-07-17 10:00:19,173300.0,100,Sell,223449805
2024-07-17 10:00:19,173300.0,100,Sell,223449806
2024-07-17 10:00:19,173300.0,300,Sell,223449807
2024-07-17 10:00:19,173200.0,500,Sell,223449808
2024-07-17 10:00:19,173200.0,1000,Sell,223449809
2024-07-17 10:00:23,173100.0,100,Sell,223449992
2024-07-17 10:00:23,173100.0,100,Sell,223449993
2024-07-17 10:00:23,173100.0,400,Sell,223449994
2024-07-17 10:00:32,173100.0,400,Buy,223450383
2024-07-17 10:01:28,173100.0,100,Sell,223452961
2024-07-17 10:02:27,173100.0,300,Sell,223455516
2024-07-17 10:02:51,173100.0,200,Sell,223456323
2024-07-17 10:03:14,173100.0,100,Sell,223457152
2024-07-17 10:03:14,173100.0,100,Sell,223457153
2024-07-17 10:03:14,173100.0,200,Sell,223457154
2024-07-17 10:03:14,173100.0,100,Sell,223457155
2024-07-17 10:03:38,173100.0,100,Sell,223458219
2024-07-17 10:03:38,173000.0,100,Sell,223458220
2024-07-17 10:03:56,173100.0,100,Sell,223459246
2024-07-17 10:04:32,173200.0,2000,Buy,223460844
2024-07-17 10:06:27,173100.0,100,Sell,223465179
2024-07-17 10:06:32,173200.0,200,Buy,223465582
2024-07-17 10:06:36,173200.0,100,Buy,223465736
2024-07-17 10:06:40,173200.0,100,Sell,223465934
2024-07-17 10:07:18,173200.0,100,Buy,223467275
2024-07-17 10:07:20,173200.0,100,Buy,223467327
2024-07-17 10:07:28,173200.0,200,Buy,223467611
2024-07-17 10:07:43,173200.0,100,Buy,223468070
2024-07-17 10:07:55,173200.0,100,Buy,223468413
2024-07-17 10:08:14,173200.0,100,Buy,223469089
2024-07-17 10:08:51,173100.0,100,Sell,223470005
2024-07-17 10:09:56,173100.0,900,Sell,223471771
2024-07-17 10:09:56,173100.0,200,Sell,223471772
2024-07-17 10:09:56,173100.0,100,Sell,223471773
2024-07-17 10:09:56,173100.0,200,Sell,223471774
2024-07-17 10:09:56,173100.0,500,Sell,223471775
2024-07-17 10:09:56,173100.0,2300,Sell,223471776
2024-07-17 10:10:04,173200.0,100,Buy,223472010
2024-07-17 10:10:49,173200.0,200,Sell,223473140
2024-07-17 10:11:19,173200.0,100,Sell,223473883
2024-07-17 10:11:25,173200.0,600,Sell,223474001
2024-07-17 10:12:06,173200.0,100,Buy,223475060
2024-07-17 10:12:22,173200.0,100,Buy,223475527
2024-07-17 10:12:40,173100.0,100,Sell,223476128
2024-07-17 10:12:53,173200.0,100,Buy,223476417
2024-07-17 10:13:29,173200.0,100,Buy,223477856
2024-07-17 10:13:46,173100.0,100,Sell,223478613
2024-07-17 10:14:57,173100.0,200,Sell,223481743
2024-07-17 10:15:22,173100.0,100,Sell,223483831
2024-07-17 10:15:35,173100.0,700,Sell,223484696
2024-07-17 10:15:35,173100.0,200,Sell,223484697
2024-07-17 10:15:35,173100.0,100,Sell,223484698
2024-07-17 10:16:14,173100.0,100,Sell,223487808
2024-07-17 10:17:33,173100.0,200,Sell,223494640
2024-07-17 10:17:33,173100.0,1000,Sell,223494639
2024-07-17 10:17:33,173100.0,200,Sell,223494636
2024-07-17 10:17:33,173100.0,100,Sell,223494637
2024-07-17 10:17:33,173100.0,200,Sell,223494638
2024-07-17 10:17:33,173100.0,200,Sell,223494635
2024-07-17 10:18:01,173100.0,400,Buy,223497330
2024-07-17 10:18:19,173100.0,200,Buy,223498869
2024-07-17 10:18:42,173000.0,200,Sell,223501642
2024-07-17 10:18:42,173000.0,200,Sell,223501641
2024-07-17 10:18:42,173000.0,100,Sell,223501640
2024-07-17 10:18:42,173000.0,100,Sell,223501639
2024-07-17 10:18:42,173000.0,100,Sell,223501638
2024-07-17 10:18:42,173000.0,100,Sell,223501637
2024-07-17 10:18:42,173000.0,1000,Sell,223501636
2024-07-17 10:18:42,173000.0,100,Sell,223501633
2024-07-17 10:18:42,173000.0,100,Sell,223501635
2024-07-17 10:18:42,173000.0,300,Sell,223501631
2024-07-17 10:18:42,173000.0,1000,Sell,223501630
2024-07-17 10:18:42,173000.0,100,Sell,223501629
2024-07-17 10:18:42,173000.0,100,Sell,223501628
2024-07-17 10:18:42,173000.0,100,Sell,223501627
2024-07-17 10:18:42,173000.0,500,Sell,223501626
2024-07-17 10:18:42,173000.0,800,Sell,223501625
2024-07-17 10:18:42,173000.0,100,Sell,223501558
2024-07-17 10:18:42,173000.0,100,Sell,223501632
2024-07-17 10:18:42,173000.0,1000,Sell,223501634
2024-07-17 10:18:44,173000.0,300,Sell,223501779
2024-07-17 10:19:41,173000.0,100,Buy,223506502
2024-07-17 10:19:41,173000.0,300,Buy,223506503
2024-07-17 10:19:41,173000.0,100,Buy,223506504
2024-07-17 10:20:19,172900.0,400,Sell,223509365
2024-07-17 10:20:19,172900.0,100,Sell,223509364
2024-07-17 10:20:19,172900.0,200,Sell,223509363
2024-07-17 10:20:23,172800.0,1000,Sell,223509757
2024-07-17 10:20:23,172800.0,100,Sell,223509758
2024-07-17 10:20:28,172600.0,200,Sell,223510125
2024-07-17 10:20:28,172600.0,100,Sell,223510126
2024-07-17 10:20:29,172600.0,1800,Sell,223510188
2024-07-17 10:20:35,172600.0,100,Sell,223510689
2024-07-17 10:20:35,172600.0,900,Sell,223510690
2024-07-17 10:20:35,172600.0,100,Sell,223510703
2024-07-17 10:20:35,172600.0,100,Sell,223510704
2024-07-17 10:20:37,172500.0,600,Sell,223510791
2024-07-17 10:20:37,172500.0,100,Sell,223510792
2024-07-17 10:20:37,172500.0,100,Sell,223510789
2024-07-17 10:20:37,172500.0,500,Sell,223510788
2024-07-17 10:20:37,172500.0,100,Sell,223510790
2024-07-17 10:20:45,172500.0,100,Sell,223511487
2024-07-17 10:20:45,172500.0,100,Sell,223511488
2024-07-17 10:20:49,172300.0,200,Sell,223511873
2024-07-17 10:20:52,172500.0,100,Buy,223512055
2024-07-17 10:20:52,172500.0,100,Buy,223512056
2024-07-17 10:21:10,172300.0,100,Sell,223513428
2024-07-17 10:21:10,172300.0,100,Sell,223513429
2024-07-17 10:21:51,172600.0,200,Buy,223516101
2024-07-17 10:21:52,172900.0,100,Buy,223516166
2024-07-17 10:22:03,172800.0,500,Buy,223516891
2024-07-17 10:22:04,172600.0,100,Sell,223516933
2024-07-17 10:22:13,172300.0,400,Sell,223518030
2024-07-17 10:22:13,172300.0,100,Sell,223518031
2024-07-17 10:22:13,172600.0,100,Sell,223518029
2024-07-17 10:22:13,172600.0,400,Sell,223518028
2024-07-17 10:22:41,172300.0,200,Sell,223519927
2024-07-17 10:22:41,172300.0,100,Sell,223519926
2024-07-17 10:22:41,172300.0,100,Sell,223519925
2024-07-17 10:22:41,172500.0,200,Sell,223519921
2024-07-17 10:22:41,172300.0,400,Sell,223519923
2024-07-17 10:22:41,172300.0,100,Sell,223519924
2024-07-17 10:22:41,172400.0,100,Sell,223519922
2024-07-17 10:22:49,172300.0,300,Buy,223520657
2024-07-17 10:22:52,172300.0,100,Buy,223520794
2024-07-17 10:22:57,172300.0,100,Buy,223521159
2024-07-17 10:22:58,172200.0,100,Sell,223521166
2024-07-17 10:23:05,172300.0,200,Buy,223521788
2024-07-17 10:23:06,172200.0,100,Sell,223521902
2024-07-17 10:23:06,172200.0,100,Sell,223521903
2024-07-17 10:23:06,172200.0,100,Sell,223521904
2024-07-17 10:23:06,172200.0,300,Sell,223521905
2024-07-17 10:23:06,172200.0,800,Sell,223521906
2024-07-17 10:23:11,172300.0,2300,Buy,223522185
2024-07-17 10:23:37,172300.0,100,Sell,223524117
2024-07-17 10:24:12,172900.0,100,Buy,223526421
2024-07-17 10:24:22,172900.0,200,Sell,223526892
2024-07-17 10:26:05,172900.0,100,Sell,223531382
2024-07-17 10:27:34,172900.0,200,Sell,223534559
2024-07-17 10:27:34,172900.0,100,Sell,223534560
2024-07-17 10:27:48,172900.0,100,Sell,223534977
2024-07-17 10:27:48,172900.0,200,Sell,223534978
2024-07-17 10:28:07,172900.0,800,Sell,223535673
2024-07-17 10:28:07,172900.0,400,Sell,223535674
2024-07-17 10:28:14,172900.0,100,Sell,223535857
2024-07-17 10:28:33,172900.0,100,Sell,223536365
2024-07-17 10:29:11,172900.0,100,Sell,223537510
2024-07-17 10:29:11,172900.0,200,Sell,223537509
2024-07-17 10:29:11,173100.0,300,Sell,223537507
2024-07-17 10:29:11,172900.0,400,Sell,223537508
2024-07-17 10:31:00,173000.0,100,Sell,223540670
2024-07-17 10:33:28,173000.0,100,Sell,223544932
2024-07-17 10:33:31,173000.0,100,Sell,223545016
2024-07-17 10:34:25,173000.0,100,Buy,223546843
2024-07-17 10:34:34,173000.0,100,Buy,223547030
2024-07-17 10:34:34,173000.0,100,Buy,223547031
2024-07-17 10:35:56,173000.0,100,Sell,223549611
2024-07-17 10:36:21,173000.0,200,Sell,223550282
2024-07-17 10:36:21,173000.0,100,Sell,223550283
2024-07-17 10:37:44,173300.0,200,Buy,223552689
2024-07-17 10:37:44,173300.0,300,Buy,223552690
2024-07-17 10:38:23,173300.0,100,Buy,223554015
2024-07-17 10:38:23,173000.0,100,Sell,223554009
2024-07-17 10:38:51,173300.0,100,Buy,223554991
2024-07-17 10:39:22,173200.0,100,Sell,223556025
2024-07-17 10:39:52,173100.0,100,Sell,223556948
2024-07-17 10:39:53,173100.0,400,Sell,223556974
2024-07-17 10:40:05,173100.0,500,Sell,223557515
2024-07-17 10:40:05,173100.0,500,Sell,223557516
2024-07-17 10:40:06,173100.0,400,Sell,223557531
2024-07-17 10:40:18,173200.0,200,Buy,223558240
2024-07-17 10:40:51,173100.0,100,Sell,223559424
2024-07-17 10:40:52,173100.0,400,Sell,223559439
2024-07-17 10:43:19,173000.0,100,Sell,223565725
2024-07-17 10:44:29,173000.0,500,Sell,223568163
2024-07-17 10:44:29,173000.0,500,Sell,223568164
2024-07-17 10:45:15,173100.0,200,Buy,223569903
2024-07-17 10:45:46,173000.0,100,Sell,223571251
2024-07-17 10:46:02,173000.0,100,Sell,223571810
2024-07-17 10:46:06,173100.0,200,Buy,223571974
2024-07-17 10:46:50,173100.0,100,Sell,223573555
2024-07-17 10:46:50,173100.0,100,Sell,223573554
2024-07-17 10:47:04,173200.0,100,Buy,223573954
2024-07-17 10:47:04,173100.0,100,Buy,223573953
2024-07-17 10:48:14,173200.0,100,Sell,223576201
2024-07-17 10:49:16,173300.0,200,Buy,223578058
2024-07-17 10:49:16,173300.0,300,Buy,223578059
2024-07-17 10:49:16,173300.0,1000,Buy,223578060
2024-07-17 10:49:16,173300.0,100,Buy,223578061
2024-07-17 10:50:42,173300.0,100,Sell,223580564
2024-07-17 10:50:58,173300.0,200,Sell,223580974
2024-07-17 10:53:09,173300.0,100,Sell,223584508
2024-07-17 10:54:45,173500.0,100,Buy,223586667
2024-07-17 10:54:51,173500.0,100,Buy,223586891
2024-07-17 10:55:22,173500.0,100,Buy,223587900
2024-07-17 10:55:37,173300.0,100,Sell,223588367
2024-07-17 10:56:18,173500.0,200,Buy,223589635
2024-07-17 10:56:29,173500.0,100,Buy,223589949
2024-07-17 10:56:30,173500.0,200,Buy,223589968
2024-07-17 10:57:03,173500.0,200,Buy,223590987
2024-07-17 10:57:24,173500.0,100,Buy,223591770
2024-07-17 10:58:05,173300.0,100,Sell,223593378
2024-07-17 10:58:08,173500.0,100,Buy,223593483
2024-07-17 10:58:35,173500.0,100,Buy,223594636
2024-07-17 10:59:29,173500.0,100,Buy,223596539
2024-07-17 10:59:32,173500.0,900,Buy,223596673
2024-07-17 11:00:32,173500.0,100,Sell,223598898
2024-07-17 11:00:48,173300.0,100,Sell,223599560
2024-07-17 11:03:00,173500.0,100,Sell,223604346
2024-07-17 11:03:01,174000.0,500,Buy,223604410
2024-07-17 11:03:20,174000.0,200,Buy,223605055
2024-07-17 11:04:22,173600.0,100,Sell,223607514
2024-07-17 11:04:22,173600.0,200,Sell,223607515
2024-07-17 11:05:28,173700.0,100,Sell,223609663
2024-07-17 11:07:32,174000.0,100,Buy,223614433
2024-07-17 11:07:56,173800.0,100,Sell,223615363
2024-07-17 11:08:53,174000.0,1200,Buy,223617510
2024-07-17 11:08:53,174000.0,100,Buy,223617511
2024-07-17 11:08:53,174000.0,200,Buy,223617512
2024-07-17 11:09:13,174000.0,300,Buy,223618092
2024-07-17 11:10:23,173800.0,100,Sell,223620224
2024-07-17 11:12:21,174000.0,100,Buy,223623772
2024-07-17 11:12:30,173800.0,400,Sell,223624224
2024-07-17 11:12:30,173800.0,200,Sell,223624223
2024-07-17 11:12:31,173800.0,600,Sell,223624292
2024-07-17 11:12:31,173800.0,500,Sell,223624293
2024-07-17 11:12:31,173800.0,500,Sell,223624294
2024-07-17 11:12:51,173700.0,100,Sell,223624864
2024-07-17 11:12:52,173700.0,1800,Sell,223624881
2024-07-17 11:12:52,173700.0,500,Sell,223624882
2024-07-17 11:15:19,173600.0,100,Sell,223628459
2024-07-17 11:15:39,173600.0,800,Sell,223628893
2024-07-17 11:16:11,173600.0,200,Sell,223629576
2024-07-17 11:16:11,173600.0,200,Sell,223629577
2024-07-17 11:16:11,173600.0,200,Sell,223629578
2024-07-17 11:16:11,173600.0,800,Sell,223629579
2024-07-17 11:17:46,173600.0,100,Sell,223631652
2024-07-17 11:20:14,173700.0,100,Sell,223634792
2024-07-17 11:21:15,173700.0,900,Sell,223635912
2024-07-17 11:21:15,173700.0,100,Sell,223635911
2024-07-17 11:22:39,173700.0,100,Sell,223637478
2024-07-17 11:22:39,173700.0,100,Sell,223637477
2024-07-17 11:22:42,173600.0,100,Sell,223637551
2024-07-17 11:24:46,173700.0,100,Buy,223639830
2024-07-17 11:25:09,173600.0,100,Sell,223640303
2024-07-17 11:27:37,173600.0,100,Sell,223643031
2024-07-17 11:28:37,173700.0,100,Buy,223644153
2024-07-17 11:28:58,173700.0,100,Buy,223644682
2024-07-17 12:59:40,173700.0,100,Sell,223646784
2024-07-17 12:59:45,173800.0,1000,Sell,223648413
2024-07-17 12:59:50,173800.0,200,Sell,223649530
2024-07-17 12:59:56,173800.0,100,Sell,223650233
2024-07-17 12:59:59,173900.0,100,Buy,223650605
2024-07-17 13:00:03,173800.0,100,Sell,223650948
2024-07-17 13:00:06,173900.0,100,Buy,223651133
2024-07-17 13:00:08,173900.0,100,Buy,223651238
2024-07-17 13:00:16,173800.0,100,Sell,223651489
2024-07-17 13:00:34,173800.0,100,Buy,223651994
2024-07-17 13:00:40,173800.0,1000,Sell,223652196
2024-07-17 13:01:15,173800.0,600,Sell,223653090
2024-07-17 13:01:32,173800.0,100,Sell,223653561
2024-07-17 13:02:14,173800.0,100,Sell,223655336
2024-07-17 13:04:15,173800.0,100,Sell,223659418
2024-07-17 13:04:15,173800.0,100,Sell,223659419
2024-07-17 13:04:15,173800.0,200,Sell,223659420
2024-07-17 13:04:15,173800.0,600,Sell,223659421
2024-07-17 13:04:50,173800.0,100,Sell,223660521
2024-07-17 13:05:20,173800.0,600,Sell,223661718
2024-07-17 13:06:45,173800.0,200,Sell,223664700
2024-07-17 13:07:27,173800.0,100,Sell,223666121
2024-07-17 13:07:37,173800.0,100,Sell,223666405
2024-07-17 13:07:49,173800.0,300,Sell,223666816
2024-07-17 13:07:49,173800.0,100,Sell,223666817
2024-07-17 13:08:08,173800.0,500,Sell,223667516
2024-07-17 13:10:06,173800.0,100,Sell,223671611
2024-07-17 13:10:22,173800.0,300,Sell,223672186
2024-07-17 13:10:22,173800.0,100,Sell,223672187
2024-07-17 13:10:22,173800.0,100,Sell,223672188
2024-07-17 13:10:32,173800.0,200,Sell,223672596
2024-07-17 13:11:53,173800.0,1700,Sell,223675354
2024-07-17 13:11:53,173800.0,100,Sell,223675355
2024-07-17 13:11:53,173800.0,300,Sell,223675356
2024-07-17 13:12:35,173800.0,100,Buy,223676642
2024-07-17 13:12:40,173700.0,100,Sell,223676815
2024-07-17 13:12:47,173700.0,200,Sell,223677328
2024-07-17 13:12:47,173700.0,100,Sell,223677327
2024-07-17 13:12:47,173700.0,100,Sell,223677326
2024-07-17 13:12:47,173700.0,700,Sell,223677324
2024-07-17 13:12:47,173700.0,100,Sell,223677325
2024-07-17 13:12:53,173700.0,300,Buy,223677527
2024-07-17 13:12:53,173800.0,100,Buy,223677528
2024-07-17 13:12:54,173600.0,200,Sell,223677552
2024-07-17 13:13:04,173700.0,100,Sell,223677923
2024-07-17 13:14:13,173700.0,100,Sell,223680858
2024-07-17 13:14:45,173700.0,100,Sell,223682018
2024-07-17 13:14:50,173700.0,700,Sell,223682172
2024-07-17 13:15:16,173600.0,100,Sell,223683136
2024-07-17 13:15:34,173600.0,300,Sell,223683959
2024-07-17 13:15:40,173600.0,100,Sell,223684350
2024-07-17 13:17:08,173700.0,100,Buy,223688547
2024-07-17 13:17:22,173700.0,100,Buy,223689110
2024-07-17 13:17:22,173700.0,400,Buy,223689109
2024-07-17 13:17:22,173700.0,300,Buy,223689111
2024-07-17 13:17:53,173700.0,100,Sell,223690692
2024-07-17 13:18:19,173700.0,100,Sell,223692063
2024-07-17 13:18:57,173700.0,100,Sell,223693917
2024-07-17 13:18:57,173700.0,100,Sell,223693918
2024-07-17 13:19:37,173700.0,200,Sell,223696125
2024-07-17 13:20:29,173600.0,100,Sell,223698897
2024-07-17 13:20:47,173600.0,500,Sell,223699841
2024-07-17 13:21:30,173600.0,400,Sell,223701889
2024-07-17 13:22:04,173600.0,100,Sell,223704161
2024-07-17 13:22:04,173600.0,100,Sell,223704162
2024-07-17 13:23:04,173600.0,800,Sell,223707109
2024-07-17 13:23:06,173600.0,100,Sell,223707191
2024-07-17 13:23:58,173700.0,300,Buy,223709366
2024-07-17 13:24:18,173800.0,100,Buy,223710310
2024-07-17 13:25:20,173800.0,100,Buy,223713080
2024-07-17 13:25:20,173800.0,100,Buy,223713081
2024-07-17 13:25:20,173800.0,200,Buy,223713082
2024-07-17 13:25:21,173700.0,1000,Sell,223713144
2024-07-17 13:25:33,173800.0,100,Buy,223713610
2024-07-17 13:25:33,173800.0,100,Buy,223713611
2024-07-17 13:25:41,173700.0,100,Sell,223713999
2024-07-17 13:26:31,173800.0,100,Sell,223716132
2024-07-17 13:27:49,173800.0,200,Sell,223719921
2024-07-17 13:28:06,173800.0,100,Sell,223720892
2024-07-17 13:28:10,173800.0,500,Sell,223721068
2024-07-17 13:28:19,173700.0,100,Sell,223721374
2024-07-17 13:30:45,173900.0,200,Buy,223729217
2024-07-17 13:30:52,173900.0,100,Buy,223729584
2024-07-17 13:30:52,173900.0,700,Buy,223729585
2024-07-17 13:30:55,173700.0,100,Sell,223729724
2024-07-17 13:30:56,173900.0,300,Buy,223729774
2024-07-17 13:32:23,174000.0,100,Buy,223734795
2024-07-17 13:32:23,173900.0,200,Sell,223734796
2024-07-17 13:33:31,173900.0,100,Sell,223738498
2024-07-17 13:33:45,173900.0,400,Sell,223739009
2024-07-17 13:33:45,173900.0,100,Sell,223739010
2024-07-17 13:33:57,173900.0,100,Sell,223739792
2024-07-17 13:33:57,173900.0,100,Sell,223739793
2024-07-17 13:34:07,173900.0,100,Sell,223740255
2024-07-17 13:35:03,173800.0,100,Sell,223743383
2024-07-17 13:36:08,173800.0,100,Sell,223747125
2024-07-17 13:37:06,173800.0,200,Sell,223750370
2024-07-17 13:37:22,173800.0,200,Sell,223751091
2024-07-17 13:38:14,173800.0,200,Sell,223753943
2024-07-17 13:38:14,173800.0,400,Sell,223753942
2024-07-17 13:38:19,173800.0,200,Buy,223754275
2024-07-17 13:38:45,173700.0,100,Sell,223755837
2024-07-17 13:40:09,173900.0,100,Buy,223761426
2024-07-17 13:41:21,173800.0,100,Sell,223766715
2024-07-17 13:41:24,173900.0,300,Buy,223766835
2024-07-17 13:41:29,173900.0,100,Buy,223767089
2024-07-17 13:41:44,173900.0,500,Buy,223768580
2024-07-17 13:41:44,173900.0,1000,Buy,223768581
2024-07-17 13:43:51,173900.0,500,Sell,223777137
2024-07-17 13:43:51,173900.0,100,Sell,223777138
2024-07-17 13:43:51,173900.0,200,Sell,223777139
2024-07-17 13:43:51,173900.0,100,Sell,223777140
2024-07-17 13:43:51,173900.0,100,Sell,223777141
2024-07-17 13:43:52,174000.0,300,Buy,223777211
2024-07-17 13:43:52,174000.0,200,Buy,223777212
2024-07-17 13:43:58,173800.0,100,Sell,223777570
2024-07-17 13:44:19,173800.0,100,Sell,223778793
2024-07-17 13:44:19,173800.0,900,Sell,223778792
2024-07-17 13:44:19,173800.0,600,Sell,223778794
2024-07-17 13:44:39,173800.0,400,Sell,223779878
2024-07-17 13:44:39,173800.0,100,Sell,223779879
2024-07-17 13:45:31,173800.0,100,Buy,223782549
2024-07-17 13:45:45,173800.0,100,Buy,223783113
2024-07-17 13:46:03,173800.0,100,Buy,223784004
2024-07-17 13:46:09,173800.0,100,Buy,223784275
2024-07-17 13:46:29,173800.0,100,Sell,223785103
2024-07-17 13:46:34,173800.0,100,Sell,223785284
2024-07-17 13:47:18,173800.0,100,Sell,223787369
2024-07-17 13:47:18,173800.0,500,Sell,223787370
2024-07-17 13:47:40,173900.0,100,Buy,223788405
2024-07-17 13:47:59,173900.0,100,Buy,223789180
2024-07-17 13:49:00,173800.0,200,Sell,223792015
2024-07-17 13:49:11,173800.0,100,Sell,223792659
2024-07-17 13:50:44,173800.0,200,Sell,223797346
2024-07-17 13:50:44,173800.0,200,Sell,223797347
2024-07-17 13:50:44,173800.0,200,Sell,223797348
2024-07-17 13:50:45,173800.0,100,Sell,223797382
2024-07-17 13:51:06,173800.0,100,Sell,223798312
2024-07-17 13:51:38,173900.0,300,Buy,223799817
2024-07-17 13:51:38,173900.0,500,Buy,223799818
2024-07-17 13:51:38,173900.0,1000,Buy,223799819
2024-07-17 13:51:38,173900.0,100,Buy,223799820
2024-07-17 13:51:38,173900.0,100,Buy,223799821
2024-07-17 13:51:47,173800.0,100,Sell,223800186
2024-07-17 13:51:49,173900.0,100,Buy,223800284
2024-07-17 13:52:00,173800.0,800,Sell,223800669
2024-07-17 13:52:00,173800.0,200,Sell,223800668
2024-07-17 13:53:31,173800.0,100,Sell,223805205
2024-07-17 13:53:39,173800.0,100,Sell,223805592
2024-07-17 13:53:39,173800.0,100,Sell,223805593
2024-07-17 13:53:39,173800.0,100,Sell,223805594
2024-07-17 13:53:56,173800.0,100,Buy,223806618
2024-07-17 13:54:24,173800.0,100,Sell,223808581
2024-07-17 13:55:32,173900.0,800,Buy,223812424
2024-07-17 13:55:32,173900.0,200,Buy,223812425
2024-07-17 13:55:57,173900.0,1000,Buy,223813693
2024-07-17 13:57:00,173800.0,100,Sell,223816465
2024-07-17 13:57:25,173800.0,500,Sell,223817900
2024-07-17 13:57:59,173800.0,200,Sell,223819826
2024-07-17 13:57:59,173800.0,300,Sell,223819825
2024-07-17 13:58:33,173800.0,500,Sell,223821786
2024-07-17 13:58:56,173800.0,300,Sell,223823100
2024-07-17 13:58:56,173800.0,100,Sell,223823101
2024-07-17 13:58:56,173800.0,100,Sell,223823102
2024-07-17 13:59:36,173900.0,100,Sell,223825878
2024-07-17 13:59:48,174000.0,100,Buy,223826363
2024-07-17 14:00:31,174000.0,200,Buy,223829185
2024-07-17 14:00:50,174000.0,300,Buy,223830341
2024-07-17 14:00:50,174000.0,1000,Buy,223830342
2024-07-17 14:00:50,174000.0,100,Buy,223830343
2024-07-17 14:00:50,174000.0,3600,Buy,223830344
2024-07-17 14:01:05,174000.0,300,Buy,223831116
2024-07-17 14:01:06,174000.0,1200,Buy,223831193
2024-07-17 14:01:17,174000.0,500,Buy,223831894
2024-07-17 14:02:33,173900.0,100,Buy,223837092
2024-07-17 14:02:42,173800.0,300,Sell,223837918
2024-07-17 14:02:42,173900.0,100,Sell,223837916
2024-07-17 14:02:42,173800.0,100,Sell,223837917
2024-07-17 14:04:04,174000.0,100,Buy,223846004
2024-07-17 14:04:29,173900.0,200,Sell,223848474
2024-07-17 14:05:10,173900.0,100,Sell,223852383
2024-07-17 14:05:11,174000.0,500,Buy,223852499
2024-07-17 14:05:20,174000.0,500,Buy,223853499
2024-07-17 14:05:23,174000.0,1100,Buy,223853936
2024-07-17 14:05:23,174000.0,500,Buy,223853937
2024-07-17 14:05:23,174000.0,100,Buy,223853938
2024-07-17 14:06:01,174000.0,1300,Buy,223857675
2024-07-17 14:06:13,174000.0,100,Buy,223858989
2024-07-17 14:06:39,174000.0,100,Buy,223861376
2024-07-17 14:06:39,174000.0,100,Buy,223861377
2024-07-17 14:07:09,174000.0,1600,Buy,223864062
2024-07-17 14:07:09,174000.0,400,Buy,223864061
2024-07-17 14:07:11,174000.0,100,Buy,223864196
2024-07-17 14:07:11,174000.0,200,Buy,223864195
2024-07-17 14:07:19,174000.0,100,Buy,223865103
2024-07-17 14:07:31,174000.0,100,Buy,223866252
2024-07-17 14:08:31,174500.0,400,Buy,223871642
2024-07-17 14:08:52,174000.0,200,Sell,223873487
2024-07-17 14:09:58,174000.0,200,Sell,223878734
2024-07-17 14:12:19,174000.0,100,Sell,223888413
2024-07-17 14:13:22,174100.0,100,Sell,223893574
2024-07-17 14:13:22,174000.0,100,Sell,223893575
2024-07-17 14:13:32,174100.0,100,Sell,223894705
2024-07-17 14:13:56,174100.0,100,Sell,223896457
2024-07-17 14:14:01,174100.0,300,Sell,223896896
2024-07-17 14:14:19,174100.0,400,Sell,223898362
2024-07-17 14:14:21,174100.0,100,Sell,223898472
2024-07-17 14:14:21,174100.0,300,Sell,223898473
2024-07-17 14:14:22,174100.0,700,Sell,223898594
2024-07-17 14:14:24,174100.0,100,Buy,223898752
2024-07-17 14:15:11,174000.0,200,Sell,223902510
2024-07-17 14:15:22,174000.0,1400,Sell,223903183
2024-07-17 14:15:47,174000.0,100,Sell,223905389
2024-07-17 14:15:56,174000.0,700,Sell,223906167
2024-07-17 14:15:58,174100.0,100,Buy,223906347
2024-07-17 14:16:31,174000.0,100,Sell,223909040
2024-07-17 14:16:44,174000.0,200,Sell,223910208
2024-07-17 14:16:44,174000.0,200,Sell,223910207
2024-07-17 14:16:44,174000.0,100,Sell,223910206
2024-07-17 14:16:44,174000.0,200,Sell,223910205
2024-07-17 14:16:44,174000.0,200,Sell,223910203
2024-07-17 14:16:44,174000.0,200,Sell,223910202
2024-07-17 14:16:44,174000.0,300,Sell,223910201
2024-07-17 14:16:44,174000.0,100,Sell,223910204
2024-07-17 14:16:46,174000.0,800,Sell,223910315
2024-07-17 14:16:59,174000.0,2000,Sell,223911611
2024-07-17 14:17:22,174000.0,300,Buy,223914352
2024-07-17 14:17:24,174000.0,100,Buy,223914599
2024-07-17 14:17:24,174300.0,100,Buy,223914600
2024-07-17 14:17:24,174300.0,200,Buy,223914601
2024-07-17 14:17:24,174400.0,500,Buy,223914602
2024-07-17 14:17:24,174500.0,300,Buy,223914603
2024-07-17 14:17:35,173900.0,400,Sell,223916045
2024-07-17 14:18:02,173900.0,300,Sell,223920043
2024-07-17 14:18:02,173900.0,200,Sell,223920044
2024-07-17 14:19:07,173900.0,300,Sell,223930298
2024-07-17 14:19:07,173900.0,700,Sell,223930299
2024-07-17 14:19:11,173900.0,2900,Sell,223931469
2024-07-17 14:19:15,173900.0,100,Sell,223932232
2024-07-17 14:19:18,173900.0,200,Sell,223933045
2024-07-17 14:19:28,173900.0,100,Sell,223935262
2024-07-17 14:19:36,173900.0,500,Sell,223937184
2024-07-17 14:19:40,173900.0,100,Sell,223938401
2024-07-17 14:19:40,173900.0,300,Sell,223938402
2024-07-17 14:19:42,173900.0,100,Sell,223938614
2024-07-17 14:19:48,173900.0,200,Sell,223940261
2024-07-17 14:19:54,173900.0,100,Sell,223941809
2024-07-17 14:19:54,173900.0,100,Sell,223942017
2024-07-17 14:20:12,173800.0,500,Sell,223946914
2024-07-17 14:20:20,173800.0,300,Sell,223949018
2024-07-17 14:20:20,173800.0,200,Sell,223949017
2024-07-17 14:20:26,173800.0,100,Sell,223950639
2024-07-17 14:20:27,173800.0,100,Sell,223950921
2024-07-17 14:20:27,173800.0,100,Sell,223950920
2024-07-17 14:20:33,173800.0,400,Sell,223952521
2024-07-17 14:20:50,173700.0,600,Sell,223957063
2024-07-17 14:20:51,173700.0,100,Sell,223957462
2024-07-17 14:20:51,173700.0,100,Sell,223957463
2024-07-17 14:21:03,173600.0,500,Sell,223961100
2024-07-17 14:21:05,173600.0,200,Sell,223961460
2024-07-17 14:21:13,173600.0,500,Sell,223964206
2024-07-17 14:21:14,173600.0,300,Sell,223964582
2024-07-17 14:21:21,173600.0,500,Sell,223966410
2024-07-17 14:21:23,173600.0,600,Sell,223967145
2024-07-17 14:21:24,173600.0,6400,Sell,223967372
2024-07-17 14:21:24,173600.0,800,Sell,223967373
2024-07-17 14:21:24,173600.0,100,Sell,223967374
2024-07-17 14:21:32,173500.0,200,Sell,223969778
2024-07-17 14:21:32,173500.0,100,Sell,223969776
2024-07-17 14:21:32,173500.0,100,Sell,223969777
2024-07-17 14:21:35,173200.0,200,Sell,223970939
2024-07-17 14:21:35,172900.0,100,Sell,223970946
2024-07-17 14:21:35,172900.0,100,Sell,223970945
2024-07-17 14:21:35,172900.0,100,Sell,223970944
2024-07-17 14:21:35,172900.0,100,Sell,223970947
2024-07-17 14:21:35,173000.0,100,Sell,223970942
2024-07-17 14:21:35,173000.0,100,Sell,223970941
2024-07-17 14:21:35,173200.0,100,Sell,223970940
2024-07-17 14:21:35,173000.0,100,Sell,223970943
2024-07-17 14:21:41,172900.0,200,Sell,223972940
2024-07-17 14:22:02,172900.0,100,Buy,223979350
2024-07-17 14:22:07,172900.0,100,Sell,223980631
2024-07-17 14:22:16,172600.0,100,Sell,223982902
2024-07-17 14:22:16,172500.0,600,Sell,223982903
2024-07-17 14:22:16,172500.0,400,Sell,223982904
2024-07-17 14:22:21,172500.0,200,Sell,223984147
2024-07-17 14:22:21,172500.0,600,Sell,223984145
2024-07-17 14:22:21,172500.0,200,Sell,223984146
2024-07-17 14:22:31,172500.0,100,Sell,223986707
2024-07-17 14:22:31,172500.0,100,Sell,223986708
2024-07-17 14:22:31,172500.0,200,Sell,223986709
2024-07-17 14:22:47,172400.0,100,Sell,223990922
2024-07-17 14:22:55,172400.0,400,Buy,223992693
2024-07-17 14:22:55,172500.0,100,Buy,223992694
2024-07-17 14:22:57,172200.0,200,Sell,223993207
2024-07-17 14:22:57,172200.0,100,Sell,223993211
2024-07-17 14:22:57,172200.0,900,Sell,223993210
2024-07-17 14:22:57,172200.0,500,Sell,223993209
2024-07-17 14:22:57,172200.0,100,Sell,223993208
2024-07-17 14:22:57,172300.0,100,Sell,223993206
2024-07-17 14:22:57,172300.0,300,Sell,223993199
2024-07-17 14:22:57,172300.0,100,Sell,223993204
2024-07-17 14:22:57,172300.0,500,Sell,223993203
2024-07-17 14:22:57,172300.0,100,Sell,223993202
2024-07-17 14:22:57,172300.0,100,Sell,223993201
2024-07-17 14:22:57,172300.0,100,Sell,223993200
2024-07-17 14:22:57,172300.0,500,Sell,223993205
2024-07-17 14:23:00,172200.0,100,Sell,223993879
2024-07-17 14:23:14,172300.0,100,Sell,223997727
2024-07-17 14:23:15,172200.0,100,Sell,223997970
2024-07-17 14:23:15,172200.0,100,Sell,223997969
2024-07-17 14:23:15,172200.0,500,Sell,223997968
2024-07-17 14:23:15,172200.0,100,Sell,223997967
2024-07-17 14:23:15,172200.0,200,Sell,223997966
2024-07-17 14:23:15,172200.0,300,Sell,223997964
2024-07-17 14:23:15,172200.0,500,Sell,223997963
2024-07-17 14:23:15,172200.0,500,Sell,223997962
2024-07-17 14:23:15,172200.0,600,Sell,223997961
2024-07-17 14:23:15,172200.0,100,Sell,223997960
2024-07-17 14:23:15,172200.0,100,Sell,223997959
2024-07-17 14:23:15,172200.0,500,Sell,223997965
2024-07-17 14:23:17,172000.0,1400,Sell,223998565
2024-07-17 14:23:17,172000.0,1000,Sell,223998564
2024-07-17 14:23:17,172000.0,500,Sell,223998563
2024-07-17 14:23:17,172100.0,100,Sell,223998562
2024-07-17 14:23:17,172100.0,100,Sell,223998560
2024-07-17 14:23:17,172100.0,100,Sell,223998561
2024-07-17 14:23:17,172100.0,500,Sell,223998558
2024-07-17 14:23:17,172200.0,200,Sell,223998557
2024-07-17 14:23:17,172200.0,100,Sell,223998556
2024-07-17 14:23:17,172200.0,400,Sell,223998555
2024-07-17 14:23:17,172200.0,100,Sell,223998554
2024-07-17 14:23:17,172100.0,500,Sell,223998559
2024-07-17 14:23:18,172300.0,200,Buy,223998740
2024-07-17 14:23:18,172000.0,600,Sell,223998741
2024-07-17 14:23:18,172000.0,100,Sell,223998742
2024-07-17 14:23:18,172000.0,100,Sell,223998743
2024-07-17 14:23:18,172000.0,100,Sell,223998744
2024-07-17 14:23:18,172000.0,100,Sell,223998745
2024-07-17 14:23:20,172000.0,100,Sell,223999176
2024-07-17 14:23:20,172000.0,100,Sell,223999175
2024-07-17 14:23:20,172000.0,200,Sell,223999173
2024-07-17 14:23:20,172000.0,100,Sell,223999174
2024-07-17 14:23:21,172300.0,100,Buy,223999350
2024-07-17 14:23:24,172000.0,400,Sell,224000635
2024-07-17 14:23:26,172000.0,600,Sell,224001261
2024-07-17 14:23:26,172000.0,100,Sell,224001260
2024-07-17 14:23:26,172000.0,100,Sell,224001259
2024-07-17 14:23:26,172000.0,500,Sell,224001258
2024-07-17 14:23:26,172000.0,100,Sell,224001257
2024-07-17 14:23:26,172000.0,1000,Sell,224001256
2024-07-17 14:23:26,172000.0,100,Sell,224001255
2024-07-17 14:23:26,172000.0,100,Sell,224001254
2024-07-17 14:23:26,172000.0,300,Sell,224001252
2024-07-17 14:23:26,172000.0,500,Sell,224001253
2024-07-17 14:23:26,172000.0,100,Sell,224001250
2024-07-17 14:23:26,172000.0,100,Sell,224001242
2024-07-17 14:23:26,172000.0,100,Sell,224001243
2024-07-17 14:23:26,172000.0,1000,Sell,224001244
2024-07-17 14:23:26,172000.0,400,Sell,224001245
2024-07-17 14:23:26,172000.0,100,Sell,224001251
2024-07-17 14:23:26,172000.0,100,Sell,224001247
2024-07-17 14:23:26,172000.0,200,Sell,224001249
2024-07-17 14:23:26,172000.0,400,Sell,224001246
2024-07-17 14:23:26,172000.0,100,Sell,224001248
2024-07-17 14:23:28,172000.0,800,Sell,224001894
2024-07-17 14:23:28,172000.0,500,Sell,224001892
2024-07-17 14:23:28,172000.0,100,Sell,224001893
2024-07-17 14:23:33,172000.0,100,Sell,224002727
2024-07-17 14:23:41,172000.0,900,Sell,224004425
2024-07-17 14:23:41,172000.0,2000,Sell,224004424
2024-07-17 14:23:41,172000.0,300,Sell,224004421
2024-07-17 14:23:41,172000.0,100,Sell,224004420
2024-07-17 14:23:41,172000.0,100,Sell,224004419
2024-07-17 14:23:41,172000.0,200,Sell,224004423
2024-07-17 14:23:41,172000.0,300,Sell,224004417
2024-07-17 14:23:41,172000.0,100,Sell,224004416
2024-07-17 14:23:41,172000.0,500,Sell,224004415
2024-07-17 14:23:41,172000.0,100,Sell,224004414
2024-07-17 14:23:41,172000.0,100,Sell,224004413
2024-07-17 14:23:41,172000.0,200,Sell,224004418
2024-07-17 14:23:41,172000.0,100,Sell,224004422
2024-07-17 14:23:44,172000.0,100,Sell,224005443
2024-07-17 14:23:46,172000.0,300,Sell,224005676
2024-07-17 14:23:50,172000.0,600,Sell,224006854
2024-07-17 14:23:54,172000.0,200,Sell,224007619
2024-07-17 14:23:57,172000.0,100,Sell,224008441
2024-07-17 14:23:57,172000.0,100,Sell,224008442
2024-07-17 14:23:58,172000.0,100,Sell,224008606
2024-07-17 14:23:58,172000.0,900,Sell,224008608
2024-07-17 14:23:58,172000.0,100,Sell,224008607
2024-07-17 14:23:58,172000.0,100,Sell,224008605
2024-07-17 14:23:58,172000.0,600,Sell,224008603
2024-07-17 14:23:58,172000.0,500,Sell,224008602
2024-07-17 14:23:58,172000.0,100,Sell,224008599
2024-07-17 14:23:58,172000.0,500,Sell,224008604
2024-07-17 14:23:59,172000.0,100,Sell,224008852
2024-07-17 14:24:07,171900.0,200,Sell,224010591
2024-07-17 14:24:17,171800.0,200,Sell,224013452
2024-07-17 14:24:17,171800.0,600,Sell,224013453
2024-07-17 14:24:30,171500.0,500,Sell,224016743
2024-07-17 14:24:30,171500.0,300,Sell,224016744
2024-07-17 14:24:30,171500.0,200,Sell,224016745
2024-07-17 14:24:31,171700.0,500,Buy,224017032
2024-07-17 14:24:37,171500.0,100,Sell,224018651
2024-07-17 14:24:37,171500.0,500,Sell,224018649
2024-07-17 14:24:37,171500.0,100,Sell,224018650
2024-07-17 14:24:40,171500.0,500,Sell,224019125
2024-07-17 14:24:51,171500.0,300,Sell,224022017
2024-07-17 14:24:51,171500.0,1200,Sell,224022018
2024-07-17 14:24:51,171500.0,100,Sell,224022019
2024-07-17 14:24:51,171500.0,100,Sell,224022020
2024-07-17 14:24:51,171500.0,100,Sell,224022021
2024-07-17 14:24:51,171500.0,200,Sell,224022022
2024-07-17 14:24:52,171000.0,100,Sell,224022330
2024-07-17 14:24:52,171000.0,400,Sell,224022329
2024-07-17 14:24:52,171000.0,100,Sell,224022328
2024-07-17 14:24:52,171000.0,100,Sell,224022327
2024-07-17 14:24:52,171000.0,100,Sell,224022326
2024-07-17 14:24:52,171100.0,200,Sell,224022324
2024-07-17 14:24:52,171200.0,100,Sell,224022323
2024-07-17 14:24:52,171100.0,300,Sell,224022325
2024-07-17 14:24:52,171500.0,100,Sell,224022319
2024-07-17 14:24:52,171200.0,100,Sell,224022321
2024-07-17 14:24:52,171300.0,800,Sell,224022320
2024-07-17 14:24:52,171200.0,200,Sell,224022322
2024-07-17 14:24:53,171000.0,400,Sell,224022437
2024-07-17 14:24:53,171000.0,100,Sell,224022438
2024-07-17 14:24:53,171000.0,200,Sell,224022439
2024-07-17 14:24:53,171000.0,600,Sell,224022440
2024-07-17 14:24:53,171000.0,200,Sell,224022441
2024-07-17 14:24:53,171000.0,200,Sell,224022442
2024-07-17 14:24:53,171000.0,200,Sell,224022443
2024-07-17 14:24:54,171400.0,100,Buy,224022818
2024-07-17 14:25:01,171000.0,100,Sell,224024165
2024-07-17 14:25:01,171000.0,100,Sell,224024166
2024-07-17 14:25:01,171000.0,100,Sell,224024163
2024-07-17 14:25:01,171300.0,600,Sell,224024162
2024-07-17 14:25:01,171000.0,100,Sell,224024164
2024-07-17 14:25:05,171000.0,100,Sell,224025005
2024-07-17 14:25:05,171000.0,100,Sell,224025006
2024-07-17 14:25:07,171000.0,500,Sell,224025386
2024-07-17 14:25:08,171000.0,100,Sell,224025584
2024-07-17 14:25:08,171000.0,200,Sell,224025585
2024-07-17 14:25:14,171000.0,100,Sell,224026636
2024-07-17 14:25:14,171000.0,200,Sell,224026637
2024-07-17 14:25:14,171000.0,200,Sell,224026638
2024-07-17 14:25:15,171000.0,100,Sell,224026937
2024-07-17 14:25:15,171000.0,200,Sell,224026938
2024-07-17 14:25:17,171000.0,100,Buy,224027316
2024-07-17 14:25:17,171000.0,100,Sell,224027315
2024-07-17 14:25:19,171000.0,100,Sell,224027569
2024-07-17 14:25:25,171200.0,500,Buy,224028881
2024-07-17 14:25:28,171100.0,100,Sell,224029448
2024-07-17 14:25:29,171100.0,100,Sell,224029559
2024-07-17 14:25:29,171000.0,400,Sell,224029629
2024-07-17 14:25:29,171200.0,200,Buy,224029630
2024-07-17 14:25:31,171100.0,100,Buy,224029821
2024-07-17 14:25:31,171200.0,400,Buy,224029822
2024-07-17 14:25:32,171000.0,100,Sell,224030245
2024-07-17 14:25:32,171000.0,100,Sell,224030246
2024-07-17 14:25:32,171000.0,200,Sell,224030247
2024-07-17 14:25:32,170600.0,100,Sell,224030248
2024-07-17 14:25:32,170600.0,100,Sell,224030249
2024-07-17 14:25:42,171000.0,100,Sell,224031948
2024-07-17 14:25:44,171000.0,100,Sell,224032293
2024-07-17 14:25:44,171000.0,4600,Sell,224032390
2024-07-17 14:25:46,171100.0,200,Buy,224032796
2024-07-17 14:25:46,171200.0,400,Buy,224032797
2024-07-17 14:25:48,171200.0,200,Sell,224033146
2024-07-17 14:25:51,171200.0,100,Sell,224033445
2024-07-17 14:25:51,171200.0,100,Sell,224033447
2024-07-17 14:25:52,171200.0,200,Sell,224033711
2024-07-17 14:25:56,171200.0,800,Sell,224034450
2024-07-17 14:25:56,171000.0,200,Sell,224034451
2024-07-17 14:25:56,171000.0,500,Sell,224034452
2024-07-17 14:26:01,171000.0,100,Buy,224035245
2024-07-17 14:26:03,171000.0,100,Buy,224035583
2024-07-17 14:26:04,171000.0,300,Buy,224035717
2024-07-17 14:26:06,170600.0,100,Sell,224036152
2024-07-17 14:26:06,171000.0,300,Buy,224035974
2024-07-17 14:26:06,170600.0,200,Sell,224036151
2024-07-17 14:26:14,171000.0,2000,Buy,224037452
2024-07-17 14:26:17,171000.0,100,Buy,224037944
2024-07-17 14:26:19,170600.0,100,Sell,224038390
2024-07-17 14:26:19,170600.0,100,Sell,224038391
2024-07-17 14:26:19,170600.0,200,Sell,224038392
2024-07-17 14:26:19,170500.0,100,Sell,224038393
2024-07-17 14:26:19,170300.0,500,Sell,224038394
2024-07-17 14:26:23,170600.0,200,Sell,224038934
2024-07-17 14:26:23,170600.0,100,Sell,224038935
2024-07-17 14:26:24,170600.0,200,Buy,224039123
2024-07-17 14:26:28,170900.0,100,Sell,224039784
2024-07-17 14:26:28,170900.0,300,Buy,224039783
2024-07-17 14:26:30,170900.0,100,Sell,224040242
2024-07-17 14:26:30,170600.0,100,Sell,224040243
2024-07-17 14:26:31,170600.0,200,Sell,224040424
2024-07-17 14:26:34,171000.0,1600,Buy,224040771
2024-07-17 14:26:34,171000.0,200,Buy,224040772
2024-07-17 14:26:40,171000.0,200,Sell,224041814
2024-07-17 14:26:40,170300.0,700,Sell,224041815
2024-07-17 14:26:40,170300.0,100,Sell,224041816
2024-07-17 14:26:41,170200.0,100,Sell,224042024
2024-07-17 14:26:41,170200.0,100,Sell,224042023
2024-07-17 14:26:41,170200.0,300,Sell,224042025
2024-07-17 14:26:41,170200.0,200,Sell,224042021
2024-07-17 14:26:41,170200.0,200,Sell,224042020
2024-07-17 14:26:41,170200.0,100,Sell,224042022
2024-07-17 14:26:41,170200.0,500,Sell,224042019
2024-07-17 14:26:46,171000.0,300,Buy,224042750
2024-07-17 14:26:46,171000.0,200,Buy,224042749
2024-07-17 14:26:50,170200.0,100,Sell,224043339
2024-07-17 14:26:56,170200.0,200,Sell,224044362
2024-07-17 14:27:00,170200.0,300,Sell,224045012
2024-07-17 14:27:03,170300.0,200,Sell,224045520
2024-07-17 14:27:03,170200.0,300,Sell,224045521
2024-07-17 14:27:03,170200.0,100,Sell,224045522
2024-07-17 14:27:03,170200.0,100,Sell,224045523
2024-07-17 14:27:03,170200.0,100,Sell,224045524
2024-07-17 14:27:04,170200.0,100,Buy,224045631
2024-07-17 14:27:06,170200.0,100,Buy,224045985
2024-07-17 14:27:09,170200.0,100,Sell,224046460
2024-07-17 14:27:10,170800.0,100,Buy,224046660
2024-07-17 14:27:22,170800.0,200,Sell,224048505
2024-07-17 14:27:25,171000.0,400,Buy,224048852
2024-07-17 14:27:25,170900.0,600,Buy,224048851
2024-07-17 14:27:29,171000.0,100,Buy,224049451
2024-07-17 14:27:29,171000.0,500,Buy,224049452
2024-07-17 14:27:33,171000.0,100,Buy,224050024
2024-07-17 14:27:37,171000.0,200,Buy,224050520
2024-07-17 14:27:38,171000.0,100,Buy,224050829
2024-07-17 14:27:41,171000.0,100,Buy,224051172
2024-07-17 14:27:45,171000.0,1000,Buy,224051849
2024-07-17 14:27:49,171000.0,100,Buy,224052406
2024-07-17 14:27:50,171000.0,100,Buy,224052596
2024-07-17 14:27:53,171000.0,400,Buy,224052967
2024-07-17 14:27:57,171000.0,100,Buy,224053727
2024-07-17 14:27:57,171000.0,500,Buy,224053601
2024-07-17 14:27:59,171000.0,200,Buy,224054043
2024-07-17 14:27:59,171000.0,800,Buy,224054042
2024-07-17 14:28:00,170900.0,100,Sell,224054098
2024-07-17 14:28:00,170800.0,700,Sell,224054099
2024-07-17 14:28:00,170800.0,100,Sell,224054100
2024-07-17 14:28:02,171000.0,2000,Buy,224054514
2024-07-17 14:28:07,170800.0,100,Sell,224055159
2024-07-17 14:28:07,170800.0,300,Sell,224055160
2024-07-17 14:28:07,170800.0,200,Sell,224055161
2024-07-17 14:28:07,170300.0,100,Sell,224055162
2024-07-17 14:28:07,170300.0,500,Sell,224055163
2024-07-17 14:28:07,170300.0,100,Sell,224055164
2024-07-17 14:28:07,170300.0,2700,Sell,224055165
2024-07-17 14:28:07,171000.0,500,Buy,224055178
2024-07-17 14:28:13,170800.0,300,Buy,224056018
2024-07-17 14:28:13,171000.0,200,Buy,224056019
2024-07-17 14:28:16,171000.0,200,Buy,224056492
2024-07-17 14:28:16,171000.0,300,Buy,224056491
2024-07-17 14:28:17,171000.0,200,Buy,224056626
2024-07-17 14:28:20,171000.0,200,Sell,224056967
2024-07-17 14:28:21,171000.0,100,Sell,224057329
2024-07-17 14:28:22,171000.0,100,Sell,224057407
2024-07-17 14:28:30,171000.0,200,Buy,224058449
2024-07-17 14:28:31,171000.0,700,Buy,224058635
2024-07-17 14:28:31,171000.0,100,Buy,224058636
2024-07-17 14:28:31,171000.0,200,Buy,224058637
2024-07-17 14:28:36,170800.0,200,Sell,224059204
2024-07-17 14:28:36,171000.0,200,Buy,224059205
2024-07-17 14:28:39,171000.0,100,Sell,224059731
2024-07-17 14:28:47,171000.0,100,Sell,224061024
2024-07-17 14:28:47,171000.0,100,Sell,224061023
2024-07-17 14:28:47,171000.0,500,Sell,224061022
2024-07-17 14:28:47,171000.0,100,Sell,224060868
2024-07-17 14:28:47,171000.0,200,Sell,224060870
2024-07-17 14:28:47,171000.0,100,Sell,224060867
2024-07-17 14:28:47,171000.0,200,Sell,224060866
2024-07-17 14:28:47,171000.0,200,Sell,224060871
2024-07-17 14:28:49,171000.0,200,Buy,224061354
2024-07-17 14:28:50,170900.0,400,Buy,224061491
2024-07-17 14:28:50,171000.0,100,Buy,224061492
2024-07-17 14:28:54,171000.0,100,Buy,224062010
2024-07-17 14:28:54,171000.0,3000,Buy,224062011
2024-07-17 14:28:57,170900.0,400,Buy,224062493
2024-07-17 14:28:57,171000.0,100,Buy,224062494
2024-07-17 14:29:00,170900.0,200,Buy,224062908
2024-07-17 14:29:02,170800.0,400,Sell,224063148
2024-07-17 14:29:02,171000.0,100,Buy,224063149
2024-07-17 14:29:05,171000.0,700,Buy,224063613
2024-07-17 14:29:05,171000.0,300,Buy,224063614
2024-07-17 14:29:06,171000.0,400,Sell,224063692
2024-07-17 14:29:10,171000.0,400,Sell,224064121
2024-07-17 14:29:11,171000.0,400,Sell,224064377
2024-07-17 14:29:23,171200.0,100,Buy,224065988
2024-07-17 14:29:26,171000.0,100,Sell,224066396
2024-07-17 14:29:26,171000.0,200,Sell,224066397
2024-07-17 14:29:27,171000.0,100,Sell,224066567
2024-07-17 14:29:27,171000.0,100,Sell,224066568
2024-07-17 14:29:35,171000.0,100,Sell,224067790
2024-07-17 14:29:35,171000.0,100,Sell,224067791
2024-07-17 14:29:35,171200.0,100,Buy,224067792
2024-07-17 14:44:39,173800.0,104100,ATO/ATC,224070479
