time,price,volume,match_type,id
2024-08-01 09:14:40,172600.0,900,ATO/ATC,227892902
2024-08-01 09:15:21,172600.0,400,Sell,227893787
2024-08-01 09:15:22,172500.0,100,Sell,227893821
2024-08-01 09:15:34,172500.0,400,Buy,227894059
2024-08-01 09:15:38,172000.0,100,Sell,227894136
2024-08-01 09:15:38,172000.0,100,Sell,227894135
2024-08-01 09:15:38,172000.0,200,Sell,227894137
2024-08-01 09:15:49,172000.0,300,Buy,227894342
2024-08-01 09:15:58,172000.0,100,Sell,227894544
2024-08-01 09:16:08,171000.0,100,Sell,227894735
2024-08-01 09:16:34,171000.0,400,Sell,227895283
2024-08-01 09:16:34,171000.0,300,Sell,227895284
2024-08-01 09:16:34,171300.0,100,Sell,227895282
2024-08-01 09:16:38,170100.0,200,Sell,227895360
2024-08-01 09:16:38,170100.0,100,Sell,227895361
2024-08-01 09:16:44,171000.0,3700,Buy,227895465
2024-08-01 09:17:08,171000.0,300,Sell,227895964
2024-08-01 09:17:12,171000.0,200,Buy,227896050
2024-08-01 09:17:15,171000.0,1100,Buy,227896130
2024-08-01 09:19:57,171000.0,400,Sell,227899970
2024-08-01 09:20:08,171000.0,200,Sell,227900293
2024-08-01 09:23:10,171100.0,100,Sell,227904556
2024-08-01 09:27:01,171200.0,100,Sell,227910492
2024-08-01 09:27:09,171200.0,100,Sell,227910674
2024-08-01 09:27:19,171200.0,300,Sell,227910962
2024-08-01 09:27:39,171100.0,100,Sell,227911493
2024-08-01 09:27:47,171100.0,100,Sell,227911696
2024-08-01 09:27:48,171000.0,300,Sell,227911735
2024-08-01 09:27:48,171000.0,200,Sell,227911736
2024-08-01 09:27:48,171000.0,100,Sell,227911737
2024-08-01 09:27:48,171000.0,100,Sell,227911738
2024-08-01 09:28:08,171100.0,500,Buy,227912280
2024-08-01 09:28:09,170600.0,200,Sell,227912290
2024-08-01 09:28:09,170600.0,100,Sell,227912291
2024-08-01 09:28:18,171100.0,400,Buy,227912497
2024-08-01 09:28:39,170600.0,100,Sell,227913011
2024-08-01 09:28:39,170600.0,200,Sell,227913012
2024-08-01 09:28:46,170600.0,100,Buy,227913210
2024-08-01 09:29:32,171000.0,100,Buy,227914387
2024-08-01 09:29:39,170600.0,100,Sell,227914547
2024-08-01 09:30:10,171000.0,100,Buy,227915406
2024-08-01 09:33:05,170900.0,100,Buy,227919990
2024-08-01 09:33:52,170900.0,100,Buy,227921207
2024-08-01 09:33:52,171000.0,1800,Buy,227921208
2024-08-01 09:33:52,171000.0,100,Buy,227921209
2024-08-01 09:34:09,171200.0,900,Sell,227921615
2024-08-01 09:36:17,170700.0,100,Sell,227924735
2024-08-01 09:39:58,170800.0,100,Sell,227929708
2024-08-01 09:39:58,170800.0,100,Sell,227929709
2024-08-01 09:39:58,170800.0,100,Sell,227929710
2024-08-01 09:39:58,170800.0,300,Sell,227929711
2024-08-01 09:40:09,170800.0,300,Sell,227929958
2024-08-01 09:42:48,170900.0,100,Sell,227933080
2024-08-01 09:45:39,170900.0,100,Sell,227936662
2024-08-01 09:46:10,170900.0,100,Sell,227937337
2024-08-01 09:52:03,171000.0,100,Sell,227944116
2024-08-01 09:52:03,171000.0,100,Sell,227944117
2024-08-01 09:52:03,171100.0,100,Sell,227944115
2024-08-01 09:52:10,171000.0,100,Sell,227944261
2024-08-01 09:54:38,171100.0,100,Sell,227947574
2024-08-01 09:54:38,171000.0,600,Sell,227947575
2024-08-01 09:54:38,171000.0,100,Sell,227947576
2024-08-01 09:54:38,171000.0,100,Sell,227947577
2024-08-01 09:54:40,171000.0,400,Sell,227947623
2024-08-01 09:58:33,170900.0,100,Sell,227954960
2024-08-01 09:59:46,170900.0,300,Sell,227957735
2024-08-01 10:00:10,170800.0,200,Sell,227958642
2024-08-01 10:02:39,170800.0,200,Sell,227964363
2024-08-01 10:02:40,170800.0,100,Sell,227964383
2024-08-01 10:02:41,170800.0,700,Sell,227964441
2024-08-01 10:02:41,170800.0,100,Sell,227964440
2024-08-01 10:03:04,170800.0,300,Sell,227965450
2024-08-01 10:03:10,170800.0,400,Sell,227965821
2024-08-01 10:03:28,170800.0,100,Sell,227966596
2024-08-01 10:03:40,170800.0,100,Sell,227967188
2024-08-01 10:03:41,170800.0,400,Sell,227967238
2024-08-01 10:04:10,170800.0,100,Sell,227968588
2024-08-01 10:04:12,170800.0,200,Sell,227968670
2024-08-01 10:04:29,170800.0,400,Sell,227969542
2024-08-01 10:04:29,170700.0,200,Sell,227969543
2024-08-01 10:04:29,170700.0,100,Sell,227969544
2024-08-01 10:04:29,170700.0,1000,Sell,227969545
2024-08-01 10:04:29,170700.0,100,Sell,227969546
2024-08-01 10:04:29,170700.0,100,Sell,227969547
2024-08-01 10:04:29,170700.0,100,Sell,227969548
2024-08-01 10:04:29,170700.0,100,Sell,227969549
2024-08-01 10:04:29,170700.0,500,Sell,227969550
2024-08-01 10:04:40,170600.0,1100,Sell,227970025
2024-08-01 10:04:40,170600.0,100,Sell,227970024
2024-08-01 10:04:41,170600.0,400,Sell,227970072
2024-08-01 10:04:42,170600.0,300,Sell,227970119
2024-08-01 10:04:43,170600.0,10700,Sell,227970159
2024-08-01 10:04:43,170600.0,100,Sell,227970160
2024-08-01 10:04:43,170600.0,100,Sell,227970161
2024-08-01 10:04:43,170600.0,100,Sell,227970162
2024-08-01 10:04:47,170500.0,100,Sell,227970408
2024-08-01 10:04:47,170500.0,200,Sell,227970409
2024-08-01 10:04:47,170500.0,1300,Sell,227970410
2024-08-01 10:05:08,170500.0,500,Sell,227971219
2024-08-01 10:05:10,170500.0,100,Sell,227971345
2024-08-01 10:05:10,170500.0,200,Sell,227971344
2024-08-01 10:05:10,170500.0,500,Sell,227971343
2024-08-01 10:05:10,170500.0,400,Sell,227971342
2024-08-01 10:05:10,170500.0,500,Sell,227971330
2024-08-01 10:05:10,170500.0,1200,Sell,227971327
2024-08-01 10:05:10,170500.0,600,Sell,227971331
2024-08-01 10:05:10,170500.0,100,Sell,227971329
2024-08-01 10:05:10,170500.0,100,Sell,227971328
2024-08-01 10:05:21,170500.0,100,Buy,227971799
2024-08-01 10:05:40,170100.0,900,Sell,227972772
2024-08-01 10:05:40,170100.0,100,Sell,227972773
2024-08-01 10:05:40,170100.0,400,Sell,227972775
2024-08-01 10:05:40,170100.0,200,Sell,227972776
2024-08-01 10:05:40,170100.0,100,Sell,227972777
2024-08-01 10:05:47,170100.0,200,Buy,227973078
2024-08-01 10:05:54,170000.0,1000,Sell,227973433
2024-08-01 10:06:09,170000.0,200,Sell,227974167
2024-08-01 10:06:09,170000.0,300,Sell,227974166
2024-08-01 10:06:09,170000.0,100,Sell,227974165
2024-08-01 10:06:09,170000.0,100,Sell,227974164
2024-08-01 10:06:09,170000.0,100,Sell,227974163
2024-08-01 10:06:09,170000.0,300,Sell,227974161
2024-08-01 10:06:09,170000.0,200,Sell,227974160
2024-08-01 10:06:09,170000.0,200,Sell,227974159
2024-08-01 10:06:09,170000.0,1000,Sell,227974158
2024-08-01 10:06:09,170000.0,1000,Sell,227974162
2024-08-01 10:06:10,170000.0,200,Sell,227974226
2024-08-01 10:06:10,170000.0,300,Sell,227974227
2024-08-01 10:06:10,170000.0,1000,Sell,227974228
2024-08-01 10:06:43,169900.0,100,Sell,227975420
2024-08-01 10:08:02,169800.0,100,Buy,227978201
2024-08-01 10:08:10,169800.0,300,Buy,227978471
2024-08-01 10:08:19,169800.0,600,Buy,227978859
2024-08-01 10:08:29,169800.0,200,Buy,227979118
2024-08-01 10:08:38,169800.0,200,Buy,227979349
2024-08-01 10:08:41,169600.0,200,Sell,227979453
2024-08-01 10:08:41,169600.0,100,Sell,227979452
2024-08-01 10:08:41,169600.0,400,Sell,227979433
2024-08-01 10:08:41,169600.0,600,Sell,227979449
2024-08-01 10:08:41,169600.0,100,Sell,227979432
2024-08-01 10:09:01,169600.0,200,Buy,227980085
2024-08-01 10:09:21,169500.0,400,Sell,227980714
2024-08-01 10:09:21,169500.0,100,Sell,227980715
2024-08-01 10:09:21,169500.0,3000,Sell,227980716
2024-08-01 10:09:21,169500.0,1000,Sell,227980717
2024-08-01 10:09:21,169300.0,200,Sell,227980718
2024-08-01 10:09:21,169300.0,500,Sell,227980719
2024-08-01 10:09:21,169300.0,300,Sell,227980720
2024-08-01 10:09:21,169300.0,100,Sell,227980721
2024-08-01 10:09:21,169200.0,400,Sell,227980722
2024-08-01 10:09:21,169200.0,100,Sell,227980723
2024-08-01 10:09:21,169100.0,100,Sell,227980724
2024-08-01 10:09:21,169100.0,200,Sell,227980725
2024-08-01 10:09:21,169100.0,100,Sell,227980726
2024-08-01 10:09:21,169500.0,500,Sell,227980713
2024-08-01 10:09:22,169600.0,300,Buy,227980767
2024-08-01 10:09:40,169100.0,100,Sell,227981268
2024-08-01 10:09:40,169100.0,100,Sell,227981267
2024-08-01 10:09:40,169100.0,100,Sell,227981266
2024-08-01 10:09:42,169100.0,300,Buy,227981295
2024-08-01 10:09:53,169100.0,300,Buy,227981605
2024-08-01 10:09:56,169100.0,2100,Buy,227981699
2024-08-01 10:09:56,169100.0,900,Buy,227981700
2024-08-01 10:10:01,169100.0,100,Buy,227981822
2024-08-01 10:10:02,169100.0,600,Buy,227981831
2024-08-01 10:10:08,169100.0,100,Buy,227981972
2024-08-01 10:10:10,169100.0,200,Buy,227982041
2024-08-01 10:10:10,169100.0,1000,Buy,227982043
2024-08-01 10:10:20,169100.0,100,Buy,227982296
2024-08-01 10:11:14,169700.0,100,Buy,227983569
2024-08-01 10:11:37,169700.0,100,Buy,227984104
2024-08-01 10:11:40,169300.0,100,Sell,227984189
2024-08-01 10:11:42,169700.0,100,Buy,227984239
2024-08-01 10:12:58,169900.0,100,Buy,227985942
2024-08-01 10:13:11,169800.0,100,Sell,227986114
2024-08-01 10:13:25,169900.0,200,Buy,227986371
2024-08-01 10:13:37,169900.0,100,Buy,227986558
2024-08-01 10:13:38,169900.0,100,Buy,227986614
2024-08-01 10:13:40,169800.0,100,Sell,227986640
2024-08-01 10:13:48,169900.0,500,Buy,227986807
2024-08-01 10:14:11,169900.0,300,Sell,227987134
2024-08-01 10:15:08,170000.0,100,Buy,227988150
2024-08-01 10:19:39,170100.0,100,Sell,227993354
2024-08-01 10:20:21,170100.0,200,Sell,227994247
2024-08-01 10:20:41,170200.0,100,Sell,227994686
2024-08-01 10:22:41,170100.0,500,Sell,227997309
2024-08-01 10:22:41,170100.0,100,Sell,227997310
2024-08-01 10:22:41,170100.0,100,Sell,227997311
2024-08-01 10:23:11,170100.0,100,Sell,227997995
2024-08-01 10:23:11,170100.0,100,Sell,227997993
2024-08-01 10:23:11,170100.0,100,Sell,227997994
2024-08-01 10:23:59,170200.0,100,Buy,227998957
2024-08-01 10:24:11,170100.0,100,Sell,227999164
2024-08-01 10:25:09,170100.0,100,Sell,228000250
2024-08-01 10:25:23,170100.0,100,Sell,228000611
2024-08-01 10:25:28,170200.0,100,Buy,228000721
2024-08-01 10:25:34,170100.0,100,Sell,228000861
2024-08-01 10:25:41,170100.0,100,Sell,228000984
2024-08-01 10:26:50,170200.0,100,Buy,228002688
2024-08-01 10:26:54,170100.0,100,Sell,228002746
2024-08-01 10:26:54,170100.0,100,Sell,228002747
2024-08-01 10:26:54,170100.0,100,Sell,228002745
2024-08-01 10:27:11,170000.0,200,Sell,228003113
2024-08-01 10:28:12,170000.0,100,Sell,228004492
2024-08-01 10:28:12,170000.0,100,Sell,228004491
2024-08-01 10:28:12,170000.0,100,Sell,228004490
2024-08-01 10:28:12,170000.0,100,Sell,228004488
2024-08-01 10:28:12,170000.0,200,Sell,228004487
2024-08-01 10:28:12,170000.0,100,Sell,228004489
2024-08-01 10:28:12,170000.0,200,Sell,228004486
2024-08-01 10:28:41,170000.0,400,Sell,228005124
2024-08-01 10:30:02,170000.0,100,Sell,228006932
2024-08-01 10:30:02,170000.0,500,Sell,228006933
2024-08-01 10:30:02,170000.0,100,Sell,228006934
2024-08-01 10:30:02,170000.0,100,Sell,228006935
2024-08-01 10:30:11,169900.0,100,Sell,228007100
2024-08-01 10:30:11,169900.0,200,Sell,228007101
2024-08-01 10:33:29,169900.0,100,Sell,228012961
2024-08-01 10:33:30,170000.0,100,Buy,228013005
2024-08-01 10:33:41,169900.0,100,Sell,228013303
2024-08-01 10:36:33,170000.0,100,Buy,228019409
2024-08-01 10:36:41,169900.0,100,Sell,228019685
2024-08-01 10:36:47,169900.0,300,Sell,228019824
2024-08-01 10:36:47,169900.0,200,Sell,228019823
2024-08-01 10:37:11,169900.0,200,Sell,228020408
2024-08-01 10:39:47,169900.0,600,Sell,228024185
2024-08-01 10:39:47,169900.0,100,Sell,228024186
2024-08-01 10:40:11,169900.0,100,Sell,228024724
2024-08-01 10:40:11,169900.0,100,Sell,228024725
2024-08-01 10:40:15,169900.0,100,Buy,228024798
2024-08-01 10:45:25,170000.0,100,Sell,228030989
2024-08-01 10:47:38,170000.0,100,Sell,228033506
2024-08-01 10:47:38,170000.0,100,Sell,228033507
2024-08-01 10:47:42,170000.0,100,Sell,228033541
2024-08-01 10:48:15,170200.0,100,Buy,228034041
2024-08-01 10:48:42,170000.0,100,Sell,228034431
2024-08-01 10:52:18,170100.0,200,Buy,228038957
2024-08-01 10:53:17,170200.0,100,Buy,228040619
2024-08-01 10:53:42,170100.0,100,Sell,228041315
2024-08-01 10:55:40,170100.0,100,Sell,228047925
2024-08-01 10:55:40,170100.0,100,Sell,228047926
2024-08-01 10:55:55,170100.0,100,Buy,228048738
2024-08-01 10:56:40,170000.0,100,Sell,228051783
2024-08-01 10:56:42,170000.0,700,Sell,228051886
2024-08-01 10:56:42,170000.0,100,Sell,228051887
2024-08-01 10:56:48,170000.0,400,Sell,228052270
2024-08-01 10:57:23,170000.0,200,Buy,228054118
2024-08-01 10:57:24,169900.0,200,Sell,228054143
2024-08-01 10:57:43,169900.0,100,Sell,228055228
2024-08-01 10:57:48,169800.0,100,Sell,228055501
2024-08-01 10:57:48,169800.0,100,Sell,228055502
2024-08-01 10:57:55,169800.0,900,Sell,228055859
2024-08-01 10:58:02,169800.0,100,Sell,228056158
2024-08-01 10:58:18,169800.0,400,Sell,228057066
2024-08-01 10:58:27,169800.0,100,Sell,228057493
2024-08-01 10:58:27,169800.0,100,Sell,228057492
2024-08-01 10:58:27,169800.0,300,Sell,228057490
2024-08-01 10:58:27,169800.0,500,Sell,228057489
2024-08-01 10:58:27,169800.0,100,Sell,228057488
2024-08-01 10:58:27,169800.0,1000,Sell,228057491
2024-08-01 10:58:40,169800.0,100,Buy,228058037
2024-08-01 10:58:48,169700.0,1000,Sell,228058390
2024-08-01 11:02:13,169800.0,100,Buy,228065889
2024-08-01 11:02:14,169800.0,1800,Buy,228065923
2024-08-01 11:02:18,169700.0,200,Sell,228066106
2024-08-01 11:02:18,169700.0,500,Sell,228066107
2024-08-01 11:02:18,169700.0,100,Sell,228066108
2024-08-01 11:02:52,169700.0,100,Sell,228067246
2024-08-01 11:03:33,169800.0,100,Buy,228068639
2024-08-01 11:03:43,169800.0,800,Buy,228069064
2024-08-01 11:03:43,169800.0,200,Buy,228069065
2024-08-01 11:03:48,169700.0,500,Sell,228069241
2024-08-01 11:04:10,169800.0,100,Buy,228069754
2024-08-01 11:05:05,169900.0,100,Buy,228071144
2024-08-01 11:05:18,169800.0,100,Sell,228071399
2024-08-01 11:08:14,170000.0,100,Buy,228075163
2024-08-01 11:08:51,170000.0,200,Buy,228075812
2024-08-01 11:09:18,169900.0,100,Sell,228076320
2024-08-01 11:13:49,169900.0,100,Sell,228081745
2024-08-01 11:13:49,169900.0,100,Sell,228081744
2024-08-01 11:14:19,169900.0,100,Sell,228082416
2024-08-01 11:15:00,169900.0,100,Sell,228083167
2024-08-01 11:15:04,169900.0,100,Buy,228083233
2024-08-01 11:15:19,169800.0,100,Sell,228083564
2024-08-01 11:18:49,169800.0,200,Sell,228087877
2024-08-01 11:18:49,169800.0,100,Sell,228087878
2024-08-01 11:18:49,169800.0,100,Sell,228087879
2024-08-01 11:19:19,169800.0,100,Sell,228088523
2024-08-01 11:19:19,169800.0,100,Sell,228088524
2024-08-01 11:24:29,169900.0,100,Sell,228096317
2024-08-01 11:25:19,169900.0,400,Sell,228097460
2024-08-01 11:25:20,169900.0,500,Sell,228097474
2024-08-01 11:25:49,169800.0,400,Sell,228098005
2024-08-01 11:25:50,169800.0,100,Sell,228098019
2024-08-01 11:25:50,169800.0,200,Sell,228098020
2024-08-01 11:25:50,169800.0,500,Sell,228098018
2024-08-01 11:26:19,169700.0,300,Sell,228098715
2024-08-01 11:26:20,169700.0,100,Sell,228098774
2024-08-01 11:26:49,169500.0,100,Sell,228099329
2024-08-01 12:59:43,169700.0,100,Sell,228105717
2024-08-01 12:59:47,169600.0,400,Sell,228107204
2024-08-01 12:59:53,169600.0,200,Sell,228108974
2024-08-01 13:00:20,169600.0,400,Sell,228112175
2024-08-01 13:00:20,169600.0,100,Sell,228112181
2024-08-01 13:00:20,169600.0,100,Sell,228112182
2024-08-01 13:00:20,169500.0,200,Sell,228112183
2024-08-01 13:00:20,169500.0,200,Sell,228112184
2024-08-01 13:00:37,169500.0,200,Sell,228113338
2024-08-01 13:00:37,169500.0,100,Sell,228113336
2024-08-01 13:00:37,169500.0,300,Sell,228113335
2024-08-01 13:00:37,169500.0,100,Sell,228113337
2024-08-01 13:00:39,169500.0,100,Sell,228113433
2024-08-01 13:00:44,169500.0,100,Sell,228113772
2024-08-01 13:01:07,169500.0,100,Sell,228114915
2024-08-01 13:01:14,169500.0,100,Sell,228115178
2024-08-01 13:01:17,169600.0,100,Buy,228115382
2024-08-01 13:01:33,169500.0,100,Sell,228116358
2024-08-01 13:01:37,169500.0,100,Sell,228116618
2024-08-01 13:01:46,169500.0,100,Sell,228117240
2024-08-01 13:01:46,169500.0,100,Sell,228117241
2024-08-01 13:01:46,169500.0,800,Sell,228117242
2024-08-01 13:02:08,169500.0,400,Sell,228118386
2024-08-01 13:02:24,169500.0,200,Sell,228119272
2024-08-01 13:02:24,169500.0,200,Sell,228119273
2024-08-01 13:02:27,169500.0,100,Sell,228119410
2024-08-01 13:02:38,169500.0,300,Sell,228119977
2024-08-01 13:02:46,169500.0,100,Sell,228120570
2024-08-01 13:02:55,169500.0,200,Sell,228121109
2024-08-01 13:02:55,169500.0,100,Sell,228121110
2024-08-01 13:03:08,169500.0,100,Sell,228121892
2024-08-01 13:03:12,169500.0,100,Sell,228122070
2024-08-01 13:03:22,169400.0,100,Sell,228122612
2024-08-01 13:03:37,169400.0,100,Sell,228123360
2024-08-01 13:03:45,169400.0,100,Sell,228123717
2024-08-01 13:03:48,169400.0,100,Sell,228123892
2024-08-01 13:03:50,169500.0,300,Buy,228123949
2024-08-01 13:03:50,169500.0,200,Buy,228123950
2024-08-01 13:03:57,169300.0,200,Sell,228124293
2024-08-01 13:03:57,169300.0,500,Sell,228124290
2024-08-01 13:03:57,169300.0,300,Sell,228124292
2024-08-01 13:03:57,169300.0,300,Sell,228124291
2024-08-01 13:03:57,169400.0,200,Sell,228124287
2024-08-01 13:03:57,169300.0,100,Sell,228124289
2024-08-01 13:03:57,169300.0,100,Sell,228124288
2024-08-01 13:04:07,169300.0,300,Buy,228124769
2024-08-01 13:04:08,169200.0,100,Sell,228124781
2024-08-01 13:04:08,169200.0,200,Sell,228124782
2024-08-01 13:04:08,169200.0,500,Sell,228124783
2024-08-01 13:04:08,169200.0,100,Sell,228124784
2024-08-01 13:04:08,169200.0,100,Sell,228124785
2024-08-01 13:04:10,169200.0,600,Sell,228124900
2024-08-01 13:04:13,169200.0,300,Sell,228125067
2024-08-01 13:04:17,169100.0,100,Sell,228125264
2024-08-01 13:04:38,169200.0,200,Sell,228126664
2024-08-01 13:04:47,169200.0,200,Buy,228127114
2024-08-01 13:04:52,169200.0,100,Buy,228127410
2024-08-01 13:04:56,169100.0,300,Sell,228127572
2024-08-01 13:05:04,169200.0,100,Buy,228128079
2024-08-01 13:05:08,169100.0,100,Sell,228128231
2024-08-01 13:05:11,169100.0,100,Sell,228128397
2024-08-01 13:05:19,169200.0,100,Sell,228128793
2024-08-01 13:05:38,169200.0,100,Sell,228129907
2024-08-01 13:06:06,169200.0,100,Sell,228131275
2024-08-01 13:06:08,169200.0,100,Sell,228131323
2024-08-01 13:06:41,169500.0,100,Buy,228132788
2024-08-01 13:07:01,169200.0,100,Sell,228133724
2024-08-01 13:07:20,169500.0,1900,Buy,228134478
2024-08-01 13:07:38,169200.0,100,Sell,228135157
2024-08-01 13:07:38,169200.0,100,Sell,228135158
2024-08-01 13:07:38,169200.0,100,Sell,228135159
2024-08-01 13:07:38,169200.0,100,Sell,228135160
2024-08-01 13:07:38,169200.0,500,Sell,228135161
2024-08-01 13:07:45,169200.0,100,Sell,228135428
2024-08-01 13:07:49,169200.0,400,Buy,228135576
2024-08-01 13:07:56,169200.0,100,Sell,228135851
2024-08-01 13:08:08,169200.0,200,Sell,228136289
2024-08-01 13:08:33,169500.0,100,Buy,228137138
2024-08-01 13:08:38,169300.0,100,Sell,228137305
2024-08-01 13:08:51,169200.0,100,Sell,228137762
2024-08-01 13:08:51,169200.0,100,Sell,228137763
2024-08-01 13:08:51,169200.0,100,Sell,228137816
2024-08-01 13:09:08,169200.0,100,Sell,228138351
2024-08-01 13:09:46,169200.0,100,Sell,228139585
2024-08-01 13:09:53,169500.0,200,Buy,228139954
2024-08-01 13:10:14,169400.0,100,Sell,228140641
2024-08-01 13:10:16,169500.0,100,Buy,228140846
2024-08-01 13:10:38,169200.0,100,Sell,228141583
2024-08-01 13:10:42,169200.0,100,Sell,228141750
2024-08-01 13:11:24,169500.0,100,Buy,228143169
2024-08-01 13:11:37,169300.0,100,Sell,228143617
2024-08-01 13:11:38,169300.0,100,Sell,228143652
2024-08-01 13:12:12,169200.0,500,Sell,228144803
2024-08-01 13:12:32,169200.0,100,Sell,228145506
2024-08-01 13:12:38,169200.0,200,Sell,228145732
2024-08-01 13:13:28,169200.0,100,Sell,228148207
2024-08-01 13:13:38,169200.0,100,Sell,228148573
2024-08-01 13:14:24,169200.0,100,Sell,228150987
2024-08-01 13:14:29,169200.0,100,Sell,228151249
2024-08-01 13:14:38,169200.0,100,Sell,228151666
2024-08-01 13:14:40,169200.0,200,Sell,228151809
2024-08-01 13:15:08,169300.0,100,Sell,228153025
2024-08-01 13:15:19,169200.0,100,Sell,228153481
2024-08-01 13:15:28,169200.0,200,Sell,228153865
2024-08-01 13:15:38,169200.0,100,Sell,228154308
2024-08-01 13:16:14,169200.0,100,Sell,228156051
2024-08-01 13:17:10,169200.0,100,Sell,228158259
2024-08-01 13:17:38,169200.0,100,Sell,228159285
2024-08-01 13:18:06,169200.0,100,Sell,228160511
2024-08-01 13:18:53,169200.0,200,Sell,228162290
2024-08-01 13:18:53,169200.0,200,Sell,228162294
2024-08-01 13:18:53,169200.0,100,Sell,228162293
2024-08-01 13:18:53,169200.0,100,Sell,228162289
2024-08-01 13:18:53,169200.0,100,Sell,228162291
2024-08-01 13:18:53,169200.0,100,Sell,228162292
2024-08-01 13:19:00,169200.0,800,Sell,228162576
2024-08-01 13:19:02,169100.0,100,Sell,228162653
2024-08-01 13:19:08,169100.0,100,Sell,228162896
2024-08-01 13:19:08,169100.0,100,Sell,228162897
2024-08-01 13:19:08,169100.0,500,Sell,228162898
2024-08-01 13:19:14,169200.0,100,Buy,228163088
2024-08-01 13:19:33,169200.0,500,Buy,228163908
2024-08-01 13:19:38,169100.0,300,Sell,228164100
2024-08-01 13:19:44,169100.0,200,Sell,228164251
2024-08-01 13:19:44,169100.0,300,Sell,228164252
2024-08-01 13:19:58,169100.0,100,Sell,228164834
2024-08-01 13:20:02,169200.0,1000,Buy,228164966
2024-08-01 13:20:08,169100.0,700,Sell,228165226
2024-08-01 13:20:54,169100.0,100,Sell,228167370
2024-08-01 13:20:55,169200.0,800,Buy,228167392
2024-08-01 13:21:08,169100.0,400,Sell,228167974
2024-08-01 13:21:39,169400.0,100,Buy,228169123
2024-08-01 13:21:50,169100.0,100,Sell,228169673
2024-08-01 13:22:08,169100.0,100,Sell,228171162
2024-08-01 13:22:46,169100.0,100,Sell,228173254
2024-08-01 13:23:42,169100.0,100,Sell,228175569
2024-08-01 13:24:01,169200.0,100,Sell,228176274
2024-08-01 13:24:09,169100.0,100,Sell,228176607
2024-08-01 13:24:15,169200.0,200,Buy,228176955
2024-08-01 13:24:34,169200.0,500,Buy,228177696
2024-08-01 13:24:38,169200.0,200,Buy,228177824
2024-08-01 13:24:39,169100.0,100,Sell,228177855
2024-08-01 13:24:39,169100.0,100,Sell,228177856
2024-08-01 13:24:39,169100.0,100,Sell,228177857
2024-08-01 13:24:39,169100.0,100,Sell,228177858
2024-08-01 13:24:39,169100.0,100,Sell,228177872
2024-08-01 13:25:16,169200.0,100,Buy,228179554
2024-08-01 13:25:35,169100.0,100,Sell,228180601
2024-08-01 13:25:39,169100.0,100,Sell,228180770
2024-08-01 13:26:07,169200.0,300,Buy,228181850
2024-08-01 13:26:09,169100.0,100,Sell,228181912
2024-08-01 13:26:18,169200.0,100,Buy,228182371
2024-08-01 13:26:29,169200.0,2000,Buy,228182879
2024-08-01 13:26:32,169100.0,100,Sell,228183008
2024-08-01 13:26:35,169200.0,500,Buy,228183141
2024-08-01 13:26:39,169200.0,300,Sell,228183323
2024-08-01 13:26:40,169200.0,500,Buy,228183390
2024-08-01 13:26:56,169200.0,200,Buy,228184177
2024-08-01 13:27:02,169200.0,200,Buy,228184409
2024-08-01 13:27:29,169200.0,100,Sell,228186004
2024-08-01 13:27:35,169200.0,800,Sell,228186392
2024-08-01 13:27:39,169200.0,100,Sell,228186656
2024-08-01 13:28:26,169100.0,100,Sell,228190363
2024-08-01 13:28:39,169200.0,200,Buy,228191177
2024-08-01 13:29:23,169100.0,100,Sell,228194926
2024-08-01 13:29:34,169100.0,300,Sell,228196259
2024-08-01 13:29:39,169100.0,200,Sell,228196764
2024-08-01 13:29:40,169100.0,100,Sell,228196902
2024-08-01 13:29:40,169100.0,800,Sell,228196922
2024-08-01 13:29:55,169100.0,300,Sell,228198296
2024-08-01 13:29:55,169100.0,200,Sell,228198297
2024-08-01 13:30:03,169100.0,100,Sell,228199044
2024-08-01 13:30:05,169100.0,400,Sell,228199145
2024-08-01 13:30:05,169100.0,400,Sell,228199146
2024-08-01 13:30:09,169100.0,100,Sell,228199515
2024-08-01 13:30:09,169100.0,100,Sell,228199516
2024-08-01 13:30:11,169000.0,100,Sell,228199798
2024-08-01 13:30:11,169000.0,200,Sell,228199797
2024-08-01 13:30:11,169000.0,500,Sell,228199796
2024-08-01 13:30:11,169000.0,100,Sell,228199794
2024-08-01 13:30:11,169000.0,200,Sell,228199793
2024-08-01 13:30:11,169000.0,2000,Sell,228199795
2024-08-01 13:30:11,169000.0,100,Sell,228199792
2024-08-01 13:30:17,169000.0,100,Sell,228200383
2024-08-01 13:30:17,169000.0,300,Sell,228200437
2024-08-01 13:30:17,169000.0,500,Sell,228200436
2024-08-01 13:30:17,169000.0,100,Sell,228200382
2024-08-01 13:30:17,169000.0,100,Sell,228200434
2024-08-01 13:30:17,169000.0,100,Sell,228200384
2024-08-01 13:30:17,169000.0,100,Sell,228200435
2024-08-01 13:30:20,168900.0,100,Sell,228200675
2024-08-01 13:30:24,168900.0,500,Sell,228201167
2024-08-01 13:30:28,168900.0,2400,Sell,228201555
2024-08-01 13:30:39,168800.0,500,Sell,228202290
2024-08-01 13:30:39,168800.0,100,Sell,228202291
2024-08-01 13:30:39,168800.0,100,Sell,228202292
2024-08-01 13:30:39,168800.0,1700,Sell,228202293
2024-08-01 13:30:40,168500.0,100,Sell,228202359
2024-08-01 13:30:40,168500.0,200,Sell,228202360
2024-08-01 13:30:40,168500.0,300,Sell,228202357
2024-08-01 13:30:40,168500.0,500,Sell,228202358
2024-08-01 13:31:09,168200.0,100,Sell,228205032
2024-08-01 13:31:09,168200.0,100,Sell,228205033
2024-08-01 13:31:09,168200.0,100,Sell,228205034
2024-08-01 13:31:17,168100.0,100,Sell,228205754
2024-08-01 13:31:18,168200.0,200,Buy,228205862
2024-08-01 13:31:18,168200.0,300,Buy,228205863
2024-08-01 13:31:21,168200.0,100,Buy,228206135
2024-08-01 13:31:22,168000.0,100,Sell,228206286
2024-08-01 13:31:22,168000.0,100,Sell,228206285
2024-08-01 13:31:22,168000.0,100,Sell,228206284
2024-08-01 13:31:22,168000.0,1300,Sell,228206283
2024-08-01 13:31:22,168000.0,100,Sell,228206282
2024-08-01 13:31:22,168000.0,100,Sell,228206281
2024-08-01 13:31:22,168000.0,500,Sell,228206279
2024-08-01 13:31:22,168000.0,100,Sell,228206276
2024-08-01 13:31:22,168000.0,500,Sell,228206280
2024-08-01 13:31:22,168000.0,200,Sell,228206278
2024-08-01 13:31:22,168000.0,100,Sell,228206277
2024-08-01 13:31:35,168000.0,100,Sell,228207255
2024-08-01 13:31:35,168000.0,100,Sell,228207256
2024-08-01 13:31:39,168000.0,900,Sell,228207626
2024-08-01 13:31:39,168000.0,100,Sell,228207627
2024-08-01 13:31:39,168000.0,100,Sell,228207628
2024-08-01 13:31:39,168000.0,100,Sell,228207629
2024-08-01 13:31:39,168000.0,100,Sell,228207630
2024-08-01 13:31:39,168000.0,100,Sell,228207631
2024-08-01 13:31:39,168000.0,100,Sell,228207632
2024-08-01 13:32:08,168000.0,100,Buy,228209597
2024-08-01 13:32:14,167900.0,100,Sell,228210035
2024-08-01 13:32:17,167900.0,100,Sell,228210219
2024-08-01 13:32:25,168000.0,100,Buy,228210785
2024-08-01 13:32:39,167900.0,100,Sell,228211737
2024-08-01 13:32:40,167900.0,100,Sell,228211811
2024-08-01 13:32:41,167900.0,100,Sell,228211876
2024-08-01 13:32:41,167900.0,100,Sell,228211877
2024-08-01 13:32:41,167900.0,100,Sell,228211878
2024-08-01 13:32:41,167900.0,900,Sell,228211896
2024-08-01 13:33:11,167800.0,100,Sell,228213984
2024-08-01 13:33:12,167800.0,100,Sell,228214080
2024-08-01 13:33:34,167800.0,100,Sell,228215853
2024-08-01 13:33:34,167800.0,100,Sell,228215854
2024-08-01 13:33:34,167800.0,100,Sell,228215855
2024-08-01 13:33:34,167800.0,100,Sell,228215856
2024-08-01 13:33:39,167500.0,100,Sell,228216253
2024-08-01 13:33:39,167500.0,100,Sell,228216252
2024-08-01 13:33:39,167500.0,100,Sell,228216254
2024-08-01 13:34:09,167500.0,100,Sell,228218684
2024-08-01 13:34:28,167800.0,600,Buy,228220196
2024-08-01 13:34:31,167800.0,500,Buy,228220473
2024-08-01 13:34:36,167800.0,100,Buy,228220851
2024-08-01 13:34:39,167600.0,500,Sell,228221107
2024-08-01 13:34:44,167800.0,400,Buy,228221417
2024-08-01 13:34:52,167800.0,100,Sell,228222042
2024-08-01 13:34:52,167800.0,200,Sell,228222043
2024-08-01 13:34:52,167800.0,100,Sell,228222044
2024-08-01 13:34:52,167800.0,100,Sell,228222045
2024-08-01 13:34:52,167700.0,100,Sell,228222046
2024-08-01 13:34:52,167600.0,200,Sell,228222047
2024-08-01 13:34:59,167600.0,100,Buy,228222624
2024-08-01 13:35:00,167600.0,100,Buy,228222688
2024-08-01 13:35:06,167500.0,100,Sell,228223038
2024-08-01 13:35:09,167500.0,300,Sell,228223262
2024-08-01 13:35:09,167500.0,400,Sell,228223263
2024-08-01 13:35:15,167600.0,100,Buy,228223724
2024-08-01 13:35:19,167800.0,200,Buy,228224060
2024-08-01 13:35:19,167600.0,100,Buy,228224059
2024-08-01 13:35:28,167600.0,100,Sell,228224577
2024-08-01 13:35:28,167600.0,100,Sell,228224578
2024-08-01 13:35:28,167600.0,100,Sell,228224579
2024-08-01 13:35:28,167800.0,100,Sell,228224576
2024-08-01 13:35:29,167600.0,100,Buy,228224630
2024-08-01 13:35:39,168000.0,100,Buy,228225609
2024-08-01 13:35:39,167600.0,100,Sell,228225619
2024-08-01 13:35:39,167500.0,100,Sell,228225620
2024-08-01 13:35:39,167500.0,100,Sell,228225621
2024-08-01 13:35:39,167500.0,100,Sell,228225622
2024-08-01 13:36:04,167800.0,100,Sell,228227428
2024-08-01 13:36:09,167700.0,100,Sell,228227772
2024-08-01 13:36:10,167800.0,800,Buy,228227896
2024-08-01 13:36:10,167900.0,200,Buy,228227897
2024-08-01 13:36:13,167700.0,100,Sell,228228156
2024-08-01 13:36:28,167900.0,100,Buy,228229195
2024-08-01 13:36:32,168000.0,300,Buy,228229408
2024-08-01 13:36:32,168000.0,200,Buy,228229405
2024-08-01 13:36:32,168000.0,100,Buy,228229406
2024-08-01 13:36:32,168000.0,400,Buy,228229407
2024-08-01 13:36:33,168000.0,100,Buy,228229468
2024-08-01 13:36:33,168000.0,200,Buy,228229469
2024-08-01 13:36:39,168000.0,700,Sell,228229812
2024-08-01 13:36:39,168000.0,100,Sell,228229813
2024-08-01 13:36:39,168000.0,200,Sell,228229814
2024-08-01 13:37:01,168200.0,200,Buy,228231043
2024-08-01 13:37:02,168000.0,100,Sell,228231105
2024-08-01 13:37:09,168000.0,200,Sell,228231568
2024-08-01 13:37:13,168200.0,100,Buy,228231838
2024-08-01 13:37:17,168200.0,100,Buy,228232068
2024-08-01 13:37:22,168200.0,100,Buy,228232382
2024-08-01 13:37:24,168200.0,100,Buy,228232479
2024-08-01 13:37:39,168100.0,100,Sell,228233347
2024-08-01 13:37:44,168200.0,100,Buy,228233592
2024-08-01 13:38:00,168100.0,100,Sell,228234502
2024-08-01 13:38:05,168200.0,100,Buy,228234670
2024-08-01 13:38:09,168100.0,100,Sell,228234918
2024-08-01 13:38:09,168100.0,100,Sell,228234919
2024-08-01 13:38:33,168200.0,200,Buy,228236129
2024-08-01 13:38:33,168200.0,100,Buy,228236130
2024-08-01 13:38:39,168200.0,200,Buy,228236446
2024-08-01 13:38:39,168100.0,100,Sell,228236464
2024-08-01 13:38:58,168100.0,100,Sell,228237385
2024-08-01 13:38:59,168200.0,100,Buy,228237407
2024-08-01 13:39:09,168100.0,200,Sell,228237920
2024-08-01 13:39:36,168200.0,200,Buy,228239035
2024-08-01 13:39:57,168100.0,100,Sell,228239838
2024-08-01 13:40:06,168200.0,100,Buy,228240220
2024-08-01 13:40:09,168200.0,100,Buy,228240348
2024-08-01 13:40:10,168100.0,100,Sell,228240371
2024-08-01 13:40:10,168000.0,200,Sell,228240374
2024-08-01 13:40:10,168100.0,100,Sell,228240370
2024-08-01 13:40:10,168100.0,100,Sell,228240372
2024-08-01 13:40:10,168000.0,200,Sell,228240373
2024-08-01 13:40:30,168200.0,400,Buy,228241346
2024-08-01 13:40:37,168200.0,100,Buy,228241619
2024-08-01 13:40:39,168100.0,200,Sell,228241702
2024-08-01 13:40:39,168100.0,300,Sell,228241703
2024-08-01 13:40:55,168100.0,100,Sell,228242298
2024-08-01 13:40:57,168100.0,100,Sell,228242400
2024-08-01 13:41:09,168100.0,100,Sell,228242898
2024-08-01 13:41:54,168200.0,100,Sell,228244665
2024-08-01 13:42:09,168200.0,100,Sell,228245178
2024-08-01 13:42:35,169000.0,100,Buy,228246180
2024-08-01 13:42:52,168300.0,100,Sell,228246826
2024-08-01 13:43:09,168300.0,100,Sell,228247426
2024-08-01 13:43:51,168500.0,100,Sell,228249009
2024-08-01 13:44:07,169000.0,100,Buy,228249713
2024-08-01 13:44:16,169000.0,100,Buy,228250085
2024-08-01 13:44:30,169000.0,100,Buy,228250535
2024-08-01 13:44:39,168500.0,100,Sell,228250937
2024-08-01 13:44:50,168800.0,100,Sell,228251283
2024-08-01 13:45:09,168500.0,100,Sell,228252169
2024-08-01 13:45:26,168600.0,100,Sell,228252778
2024-08-01 13:45:26,168500.0,100,Sell,228252779
2024-08-01 13:45:26,168500.0,100,Sell,228252780
2024-08-01 13:45:26,168500.0,100,Sell,228252781
2024-08-01 13:45:26,168500.0,100,Sell,228252782
2024-08-01 13:45:26,168500.0,200,Sell,228252783
2024-08-01 13:45:33,168500.0,300,Sell,228253059
2024-08-01 13:45:40,168500.0,400,Sell,228253308
2024-08-01 13:45:49,168400.0,100,Sell,228253696
2024-08-01 13:45:56,168300.0,700,Sell,228254031
2024-08-01 13:45:56,168300.0,200,Sell,228254030
2024-08-01 13:45:56,168500.0,100,Sell,228254027
2024-08-01 13:45:56,168400.0,500,Sell,228254028
2024-08-01 13:45:56,168400.0,100,Sell,228254029
2024-08-01 13:46:04,168300.0,400,Sell,228254314
2024-08-01 13:46:09,168300.0,900,Sell,228254551
2024-08-01 13:46:10,168300.0,100,Sell,228254592
2024-08-01 13:46:48,168300.0,100,Sell,228256223
2024-08-01 13:47:09,168300.0,100,Sell,228257240
2024-08-01 13:47:16,168300.0,100,Sell,228257520
2024-08-01 13:47:47,168400.0,100,Sell,228259075
2024-08-01 13:48:09,168300.0,100,Sell,228260072
2024-08-01 13:48:46,168400.0,100,Sell,228261976
2024-08-01 13:48:50,168400.0,100,Sell,228262168
2024-08-01 13:49:10,168300.0,100,Sell,228263082
2024-08-01 13:49:11,168300.0,100,Sell,228263151
2024-08-01 13:49:46,168300.0,100,Sell,228265209
2024-08-01 13:50:33,168300.0,100,Sell,228268342
2024-08-01 13:50:33,168300.0,100,Sell,228268343
2024-08-01 13:50:40,168200.0,100,Sell,228268912
2024-08-01 13:50:46,168200.0,100,Sell,228269309
2024-08-01 13:50:57,168100.0,400,Sell,228270656
2024-08-01 13:50:57,168100.0,500,Sell,228270657
2024-08-01 13:50:57,168100.0,100,Sell,228270658
2024-08-01 13:50:57,168100.0,400,Sell,228270659
2024-08-01 13:50:58,168100.0,100,Sell,228270814
2024-08-01 13:51:04,168100.0,100,Sell,228271227
2024-08-01 13:51:04,168000.0,300,Sell,228271228
2024-08-01 13:51:09,168000.0,100,Sell,228271961
2024-08-01 13:51:09,168000.0,100,Sell,228271960
2024-08-01 13:51:09,168000.0,600,Sell,228271958
2024-08-01 13:51:09,168000.0,100,Sell,228271959
2024-08-01 13:51:09,168000.0,100,Sell,228271933
2024-08-01 13:51:14,168000.0,100,Sell,228272363
2024-08-01 13:51:14,168100.0,100,Sell,228272361
2024-08-01 13:51:14,168000.0,100,Sell,228272362
2024-08-01 13:51:40,168000.0,100,Sell,228275102
2024-08-01 13:51:40,168000.0,100,Sell,228275103
2024-08-01 13:51:43,168000.0,100,Sell,228275430
2024-08-01 13:51:43,168000.0,500,Sell,228275436
2024-08-01 13:51:43,168000.0,500,Sell,228275437
2024-08-01 13:51:43,168000.0,200,Sell,228275438
2024-08-01 13:51:43,168000.0,300,Sell,228275439
2024-08-01 13:51:43,168000.0,300,Sell,228275440
2024-08-01 13:51:45,167900.0,100,Sell,228275798
2024-08-01 13:51:46,168000.0,100,Buy,228275901
2024-08-01 13:52:09,168000.0,100,Buy,228278113
2024-08-01 13:52:10,167900.0,900,Sell,228278251
2024-08-01 13:52:20,167900.0,300,Sell,228279447
2024-08-01 13:52:20,167900.0,1200,Sell,228279445
2024-08-01 13:52:20,167900.0,100,Sell,228279446
2024-08-01 13:52:36,167800.0,500,Sell,228281942
2024-08-01 13:52:40,167700.0,800,Sell,228282260
2024-08-01 13:52:40,167700.0,100,Sell,228282261
2024-08-01 13:52:46,167700.0,100,Sell,228283096
2024-08-01 13:53:22,167800.0,100,Buy,228287324
2024-08-01 13:53:22,167900.0,100,Buy,228287325
2024-08-01 13:53:25,167700.0,200,Sell,228287581
2024-08-01 13:53:25,167700.0,100,Sell,228287582
2024-08-01 13:53:25,167700.0,200,Sell,228287583
2024-08-01 13:53:32,167800.0,100,Buy,228288311
2024-08-01 13:53:40,167700.0,300,Sell,228289002
2024-08-01 13:53:40,167700.0,100,Sell,228289003
2024-08-01 13:53:41,167700.0,100,Sell,228289201
2024-08-01 13:53:41,167700.0,100,Sell,228289200
2024-08-01 13:53:46,167600.0,100,Sell,228289753
2024-08-01 13:54:04,167700.0,100,Buy,228291455
2024-08-01 13:54:05,167700.0,100,Buy,228291695
2024-08-01 13:54:11,167600.0,100,Sell,228292444
2024-08-01 13:54:11,167600.0,100,Sell,228292443
2024-08-01 13:54:34,167600.0,300,Sell,228294459
2024-08-01 13:54:34,167600.0,600,Sell,228294460
2024-08-01 13:54:34,167600.0,100,Sell,228294461
2024-08-01 13:54:34,167600.0,300,Sell,228294462
2024-08-01 13:54:34,167600.0,100,Sell,228294463
2024-08-01 13:54:34,167500.0,200,Sell,228294464
2024-08-01 13:54:34,167500.0,100,Sell,228294465
2024-08-01 13:54:34,167500.0,100,Sell,228294466
2024-08-01 13:54:34,167500.0,100,Sell,228294467
2024-08-01 13:54:40,167500.0,200,Sell,228295278
2024-08-01 13:54:40,167500.0,200,Sell,228295279
2024-08-01 13:54:44,167700.0,100,Buy,228295526
2024-08-01 13:54:47,167500.0,100,Sell,228295699
2024-08-01 13:54:50,167700.0,100,Buy,228295855
2024-08-01 13:54:50,167700.0,400,Buy,228295854
2024-08-01 13:55:35,167700.0,100,Buy,228299222
2024-08-01 13:55:38,167600.0,100,Sell,228299527
2024-08-01 13:55:38,167600.0,100,Sell,228299528
2024-08-01 13:55:38,167600.0,100,Sell,228299529
2024-08-01 13:55:47,167600.0,100,Sell,228300063
2024-08-01 13:56:17,167700.0,200,Buy,228302028
2024-08-01 13:56:23,167700.0,100,Buy,228302440
2024-08-01 13:56:27,167700.0,100,Buy,228302751
2024-08-01 13:56:29,167800.0,400,Buy,228302867
2024-08-01 13:56:48,167700.0,100,Sell,228304082
2024-08-01 13:57:04,167800.0,100,Buy,228305100
2024-08-01 13:57:19,167800.0,200,Buy,228305883
2024-08-01 13:57:29,167800.0,600,Buy,228306506
2024-08-01 13:57:29,167800.0,100,Buy,228306505
2024-08-01 13:57:33,167800.0,100,Buy,228306762
2024-08-01 13:57:46,167700.0,100,Sell,228307610
2024-08-01 13:57:46,167700.0,300,Sell,228307609
2024-08-01 13:57:47,167800.0,500,Buy,228307658
2024-08-01 13:57:49,167800.0,1000,Buy,228307793
2024-08-01 13:57:49,167800.0,100,Buy,228307794
2024-08-01 13:57:50,167700.0,100,Sell,228307872
2024-08-01 13:57:51,167800.0,500,Buy,228307995
2024-08-01 13:58:03,168000.0,100,Buy,228308753
2024-08-01 13:58:12,167800.0,200,Buy,228309513
2024-08-01 13:58:21,167700.0,100,Sell,228310082
2024-08-01 13:58:22,168000.0,200,Buy,228310157
2024-08-01 13:58:51,167800.0,100,Sell,228311674
2024-08-01 13:58:57,168000.0,100,Buy,228312046
2024-08-01 13:58:57,168000.0,100,Buy,228312047
2024-08-01 13:59:14,168000.0,300,Buy,228312911
2024-08-01 13:59:21,168000.0,400,Buy,228313309
2024-08-01 13:59:21,168000.0,100,Buy,228313308
2024-08-01 13:59:31,168000.0,300,Buy,228313867
2024-08-01 13:59:31,168000.0,200,Buy,228313866
2024-08-01 13:59:51,168400.0,100,Buy,228314977
2024-08-01 13:59:53,168000.0,100,Sell,228315100
2024-08-01 14:00:30,168100.0,200,Sell,228317031
2024-08-01 14:00:30,168000.0,300,Sell,228317032
2024-08-01 14:00:49,168000.0,100,Sell,228317772
2024-08-01 14:00:50,168000.0,100,Sell,228317773
2024-08-01 14:00:56,168000.0,100,Sell,228318027
2024-08-01 14:01:28,168000.0,100,Sell,228319433
2024-08-01 14:01:32,168000.0,200,Sell,228319593
2024-08-01 14:01:32,168000.0,200,Sell,228319594
2024-08-01 14:01:45,168000.0,100,Sell,228320107
2024-08-01 14:01:45,169000.0,100,Buy,228320138
2024-08-01 14:01:45,169000.0,100,Buy,228320139
2024-08-01 14:01:58,168000.0,100,Sell,228320586
2024-08-01 14:02:07,169000.0,100,Buy,228320982
2024-08-01 14:02:16,169000.0,200,Buy,228321400
2024-08-01 14:02:34,169000.0,1200,Buy,228322053
2024-08-01 14:02:48,169200.0,100,Buy,228322655
2024-08-01 14:03:02,169000.0,100,Sell,228323207
2024-08-01 14:03:07,169000.0,2000,Sell,228323458
2024-08-01 14:03:11,169200.0,100,Buy,228323686
2024-08-01 14:03:47,169200.0,100,Buy,228325253
2024-08-01 14:04:05,168700.0,100,Sell,228325952
2024-08-01 14:04:26,168700.0,200,Buy,228326762
2024-08-01 14:04:47,168700.0,200,Buy,228327644
2024-08-01 14:05:06,168700.0,200,Buy,228328365
2024-08-01 14:05:09,168100.0,100,Sell,228328439
2024-08-01 14:05:48,168200.0,100,Sell,228329649
2024-08-01 14:06:13,168200.0,100,Sell,228330468
2024-08-01 14:06:29,168300.0,400,Sell,228331025
2024-08-01 14:06:40,168300.0,100,Sell,228331478
2024-08-01 14:06:44,168300.0,100,Sell,228331589
2024-08-01 14:06:44,168300.0,500,Sell,228331590
2024-08-01 14:06:44,168200.0,200,Sell,228331591
2024-08-01 14:06:44,168200.0,100,Sell,228331592
2024-08-01 14:06:44,168200.0,500,Sell,228331593
2024-08-01 14:06:44,168300.0,200,Sell,228331588
2024-08-01 14:06:58,168600.0,300,Buy,228332165
2024-08-01 14:07:17,168200.0,100,Sell,228332878
2024-08-01 14:07:42,168200.0,100,Sell,228334207
2024-08-01 14:08:19,168200.0,300,Sell,228336156
2024-08-01 14:08:21,168300.0,100,Sell,228336312
2024-08-01 14:08:23,168300.0,500,Sell,228336431
2024-08-01 14:08:30,168300.0,400,Sell,228336807
2024-08-01 14:08:34,168300.0,100,Sell,228337215
2024-08-01 14:08:34,168300.0,300,Sell,228337235
2024-08-01 14:08:36,168300.0,1600,Sell,228337422
2024-08-01 14:09:04,168200.0,200,Sell,228339201
2024-08-01 14:09:04,168200.0,200,Sell,228339200
2024-08-01 14:09:25,168200.0,100,Sell,228340788
2024-08-01 14:09:27,168200.0,100,Sell,228341002
2024-08-01 14:09:34,168200.0,100,Sell,228341500
2024-08-01 14:10:34,168300.0,100,Sell,228345760
2024-08-01 14:10:44,168200.0,1000,Sell,228346430
2024-08-01 14:11:04,168200.0,200,Sell,228347959
2024-08-01 14:11:17,168200.0,300,Sell,228348965
2024-08-01 14:11:17,168200.0,100,Sell,228348966
2024-08-01 14:11:17,168200.0,100,Sell,228348967
2024-08-01 14:11:17,168200.0,100,Sell,228348968
2024-08-01 14:11:17,168200.0,200,Sell,228348969
2024-08-01 14:11:27,168100.0,300,Sell,228349924
2024-08-01 14:11:34,168100.0,300,Sell,228350412
2024-08-01 14:11:39,168100.0,100,Sell,228350985
2024-08-01 14:12:27,168100.0,1500,Sell,228356828
2024-08-01 14:12:34,168100.0,400,Sell,228358013
2024-08-01 14:12:41,168100.0,100,Sell,228359052
2024-08-01 14:12:46,168100.0,100,Sell,228359954
2024-08-01 14:12:59,168100.0,200,Sell,228361906
2024-08-01 14:13:04,168100.0,100,Sell,228362444
2024-08-01 14:13:18,168100.0,800,Sell,228364327
2024-08-01 14:13:25,168100.0,3200,Sell,228365325
2024-08-01 14:13:30,168100.0,300,Sell,228366341
2024-08-01 14:13:31,168100.0,700,Sell,228366413
2024-08-01 14:13:34,168100.0,1300,Sell,228367039
2024-08-01 14:13:56,168100.0,100,Sell,228369659
2024-08-01 14:13:58,168100.0,400,Sell,228369862
2024-08-01 14:13:58,168100.0,100,Sell,228369863
2024-08-01 14:14:04,168100.0,100,Sell,228370594
2024-08-01 14:14:06,168100.0,200,Sell,228370816
2024-08-01 14:14:13,168100.0,600,Sell,228371695
2024-08-01 14:14:13,168100.0,100,Sell,228371696
2024-08-01 14:14:30,168000.0,100,Sell,228374155
2024-08-01 14:14:34,168000.0,100,Sell,228374521
2024-08-01 14:14:35,168000.0,100,Sell,228374728
2024-08-01 14:14:35,168000.0,200,Sell,228374729
2024-08-01 14:14:48,168000.0,100,Sell,228376426
2024-08-01 14:14:54,168000.0,100,Sell,228377376
2024-08-01 14:14:55,168000.0,1200,Sell,228377517
2024-08-01 14:14:56,168000.0,200,Sell,228377562
2024-08-01 14:14:56,168000.0,200,Sell,228377611
2024-08-01 14:14:56,168000.0,200,Sell,228377612
2024-08-01 14:14:56,168000.0,2000,Sell,228377613
2024-08-01 14:14:56,168000.0,100,Sell,228377614
2024-08-01 14:14:56,168000.0,100,Sell,228377615
2024-08-01 14:14:56,168000.0,300,Sell,228377616
2024-08-01 14:14:56,168000.0,1200,Sell,228377617
2024-08-01 14:14:56,168000.0,100,Sell,228377618
2024-08-01 14:14:56,168000.0,100,Sell,228377619
2024-08-01 14:15:02,167800.0,100,Sell,228378485
2024-08-01 14:15:03,167800.0,200,Sell,228378700
2024-08-01 14:15:03,167800.0,500,Sell,228378698
2024-08-01 14:15:03,167800.0,700,Sell,228378699
2024-08-01 14:15:03,167800.0,900,Sell,228378697
2024-08-01 14:15:05,167700.0,100,Sell,228379137
2024-08-01 14:15:16,167700.0,500,Buy,228380461
2024-08-01 14:15:37,167700.0,1500,Buy,228382921
2024-08-01 14:16:10,167800.0,100,Sell,228386536
2024-08-01 14:16:18,168000.0,100,Buy,228387397
2024-08-01 14:16:46,167900.0,100,Sell,228390638
2024-08-01 14:16:58,167800.0,100,Sell,228391686
2024-08-01 14:17:04,167800.0,100,Sell,228392305
2024-08-01 14:17:06,167800.0,1500,Sell,228392420
2024-08-01 14:17:11,168000.0,100,Buy,228392846
2024-08-01 14:17:21,167800.0,100,Sell,228393774
2024-08-01 14:17:32,167800.0,100,Sell,228394824
2024-08-01 14:17:36,167800.0,400,Sell,228395127
2024-08-01 14:17:39,167800.0,100,Sell,228395358
2024-08-01 14:17:42,168000.0,200,Buy,228395592
2024-08-01 14:17:55,168000.0,100,Buy,228396611
2024-08-01 14:18:04,167800.0,100,Sell,228397297
2024-08-01 14:18:32,167800.0,100,Sell,228399328
2024-08-01 14:18:36,168000.0,200,Buy,228399649
2024-08-01 14:18:41,168000.0,100,Buy,228400019
2024-08-01 14:18:50,168000.0,100,Buy,228400645
2024-08-01 14:18:50,168000.0,100,Buy,228400758
2024-08-01 14:19:01,168000.0,200,Buy,228401398
2024-08-01 14:19:04,167800.0,200,Sell,228401600
2024-08-01 14:19:05,168000.0,600,Buy,228401665
2024-08-01 14:19:06,168000.0,300,Buy,228401712
2024-08-01 14:19:07,168000.0,700,Sell,228401759
2024-08-01 14:19:35,167900.0,100,Sell,228403713
2024-08-01 14:19:43,167800.0,100,Sell,228404283
2024-08-01 14:19:43,167900.0,100,Buy,228404284
2024-08-01 14:19:48,167900.0,100,Buy,228404507
2024-08-01 14:20:07,167800.0,100,Sell,228405584
2024-08-01 14:20:07,167900.0,100,Buy,228405582
2024-08-01 14:20:14,168000.0,300,Buy,228406042
2024-08-01 14:20:29,168100.0,200,Buy,228406891
2024-08-01 14:20:31,168000.0,200,Sell,228406982
2024-08-01 14:20:31,168000.0,100,Sell,228406983
2024-08-01 14:20:31,167800.0,400,Sell,228406984
2024-08-01 14:20:31,167800.0,100,Sell,228406985
2024-08-01 14:20:31,167800.0,100,Sell,228406986
2024-08-01 14:20:31,167800.0,100,Sell,228406987
2024-08-01 14:20:34,167800.0,100,Sell,228407207
2024-08-01 14:20:34,167800.0,100,Sell,228407208
2024-08-01 14:20:34,167800.0,100,Sell,228407209
2024-08-01 14:20:55,167800.0,100,Sell,228408208
2024-08-01 14:21:52,168100.0,100,Buy,228411356
2024-08-01 14:21:52,168100.0,400,Buy,228411357
2024-08-01 14:22:05,168000.0,100,Sell,228411999
2024-08-01 14:22:09,167800.0,100,Sell,228412224
2024-08-01 14:22:18,168000.0,100,Buy,228412707
2024-08-01 14:22:18,168000.0,100,Buy,228412708
2024-08-01 14:22:50,168100.0,100,Buy,228414659
2024-08-01 14:22:50,168100.0,100,Buy,228414660
2024-08-01 14:23:03,168100.0,300,Buy,228415270
2024-08-01 14:23:04,168100.0,100,Buy,228415342
2024-08-01 14:23:06,168000.0,100,Sell,228415605
2024-08-01 14:23:29,168000.0,100,Sell,228416601
2024-08-01 14:23:35,168000.0,100,Sell,228416850
2024-08-01 14:23:57,168100.0,200,Buy,228417907
2024-08-01 14:24:01,168100.0,2000,Buy,228418123
2024-08-01 14:24:04,168000.0,500,Sell,228418259
2024-08-01 14:24:23,168100.0,100,Buy,228419224
2024-08-01 14:24:31,168100.0,200,Buy,228419664
2024-08-01 14:24:35,168000.0,100,Sell,228419798
2024-08-01 14:24:49,168000.0,100,Sell,228420534
2024-08-01 14:25:12,168100.0,800,Buy,228421703
2024-08-01 14:25:13,168100.0,500,Buy,228421777
2024-08-01 14:25:24,168100.0,100,Buy,228422380
2024-08-01 14:25:26,168100.0,100,Buy,228422518
2024-08-01 14:25:28,168000.0,2800,Sell,228422579
2024-08-01 14:25:28,168100.0,100,Buy,228422618
2024-08-01 14:25:29,168100.0,2000,Buy,228422645
2024-08-01 14:25:30,168100.0,100,Buy,228422723
2024-08-01 14:25:31,168100.0,100,Buy,228422780
2024-08-01 14:25:32,168100.0,200,Buy,228422851
2024-08-01 14:25:32,168100.0,100,Sell,228422864
2024-08-01 14:25:34,168000.0,800,Sell,228422946
2024-08-01 14:25:36,168000.0,100,Buy,228423052
2024-08-01 14:25:36,168000.0,100,Sell,228423016
2024-08-01 14:25:36,168000.0,100,Sell,228423015
2024-08-01 14:25:36,168000.0,200,Sell,228423012
2024-08-01 14:25:36,168000.0,100,Sell,228423013
2024-08-01 14:25:36,168000.0,200,Sell,228423011
2024-08-01 14:25:36,168000.0,500,Sell,228423010
2024-08-01 14:25:36,168000.0,100,Sell,228423014
2024-08-01 14:25:52,168000.0,100,Buy,228424115
2024-08-01 14:25:58,168000.0,200,Buy,228424468
2024-08-01 14:25:58,168000.0,100,Buy,228424472
2024-08-01 14:26:04,168000.0,100,Sell,228424942
2024-08-01 14:26:04,168000.0,100,Sell,228424943
2024-08-01 14:26:22,168000.0,100,Sell,228426053
2024-08-01 14:26:35,168200.0,100,Buy,228427077
2024-08-01 14:27:00,168200.0,100,Buy,228428835
2024-08-01 14:27:20,168300.0,400,Sell,228430026
2024-08-01 14:27:41,168700.0,500,Buy,228431161
2024-08-01 14:28:16,170000.0,500,Buy,228433009
2024-08-01 14:28:16,170000.0,2000,Buy,228433015
2024-08-01 14:28:16,170000.0,1000,Buy,228433014
2024-08-01 14:28:16,170000.0,200,Buy,228433013
2024-08-01 14:28:16,170000.0,200,Buy,228433012
2024-08-01 14:28:16,170000.0,300,Buy,228433011
2024-08-01 14:28:16,170000.0,5000,Buy,228433010
2024-08-01 14:28:16,170000.0,800,Buy,228433008
2024-08-01 14:28:16,170000.0,100,Buy,228433003
2024-08-01 14:28:16,170000.0,300,Buy,228433006
2024-08-01 14:28:16,170000.0,100,Buy,228433005
2024-08-01 14:28:16,170000.0,100,Buy,228433004
2024-08-01 14:28:16,170000.0,100,Buy,228433002
2024-08-01 14:28:16,169700.0,2300,Buy,228433001
2024-08-01 14:28:16,169700.0,200,Buy,228433000
2024-08-01 14:28:16,169700.0,100,Buy,228432999
2024-08-01 14:28:16,169100.0,300,Buy,228432998
2024-08-01 14:28:16,170000.0,100,Buy,228433007
2024-08-01 14:28:26,171000.0,1300,Buy,228433584
2024-08-01 14:28:26,171000.0,5800,Sell,228433606
2024-08-01 14:28:26,171000.0,100,Buy,228433587
2024-08-01 14:28:26,171000.0,100,Buy,228433586
2024-08-01 14:28:26,171000.0,500,Buy,228433585
2024-08-01 14:28:26,171000.0,100,Buy,228433583
2024-08-01 14:28:26,170200.0,2000,Buy,228433576
2024-08-01 14:28:26,171000.0,500,Buy,228433581
2024-08-01 14:28:26,170500.0,100,Buy,228433580
2024-08-01 14:28:26,170500.0,300,Buy,228433579
2024-08-01 14:28:26,170500.0,100,Buy,228433578
2024-08-01 14:28:26,170500.0,100,Buy,228433577
2024-08-01 14:28:26,171000.0,300,Buy,228433582
2024-08-01 14:28:51,169900.0,600,Buy,228435316
2024-08-01 14:28:51,170000.0,2200,Buy,228435317
2024-08-01 14:29:00,170000.0,1500,Sell,228435943
2024-08-01 14:29:01,170000.0,200,Sell,228436072
2024-08-01 14:29:02,167800.0,100,Sell,228436122
2024-08-01 14:29:02,167800.0,100,Sell,228436124
2024-08-01 14:29:02,167800.0,100,Sell,228436125
2024-08-01 14:29:02,167800.0,100,Sell,228436126
2024-08-01 14:29:02,167800.0,100,Sell,228436127
2024-08-01 14:29:02,167800.0,100,Sell,228436128
2024-08-01 14:29:02,167700.0,200,Sell,228436149
2024-08-01 14:29:02,167800.0,100,Sell,228436146
2024-08-01 14:29:02,167700.0,100,Sell,228436147
2024-08-01 14:29:02,167700.0,100,Sell,228436148
2024-08-01 14:29:02,167600.0,100,Sell,228436150
2024-08-01 14:29:02,167600.0,200,Sell,228436151
2024-08-01 14:29:02,167500.0,1100,Sell,228436152
2024-08-01 14:29:02,167800.0,200,Sell,228436129
2024-08-01 14:29:02,167800.0,4700,Sell,228436121
2024-08-01 14:29:02,167800.0,100,Sell,228436123
2024-08-01 14:29:02,167900.0,500,Sell,228436119
2024-08-01 14:29:02,167900.0,200,Sell,228436120
2024-08-01 14:29:02,168400.0,500,Sell,228436106
2024-08-01 14:29:02,168200.0,100,Sell,228436107
2024-08-01 14:29:02,168000.0,200,Sell,228436108
2024-08-01 14:29:02,168000.0,200,Sell,228436109
2024-08-01 14:29:02,168000.0,500,Sell,228436110
2024-08-01 14:29:02,168000.0,1000,Sell,228436111
2024-08-01 14:29:02,168700.0,100,Sell,228436105
2024-08-01 14:29:02,168000.0,100,Sell,228436113
2024-08-01 14:29:02,168000.0,800,Sell,228436114
2024-08-01 14:29:02,168000.0,100,Sell,228436115
2024-08-01 14:29:02,168000.0,100,Sell,228436116
2024-08-01 14:29:02,168000.0,100,Sell,228436117
2024-08-01 14:29:02,168000.0,500,Sell,228436112
2024-08-01 14:29:02,167900.0,500,Sell,228436118
2024-08-01 14:29:22,170000.0,100,Sell,228437485
2024-08-01 14:29:26,170000.0,100,Sell,228437781
2024-08-01 14:29:26,170000.0,200,Sell,228437782
2024-08-01 14:29:28,172500.0,1600,Buy,228437976
2024-08-01 14:29:28,172500.0,100,Buy,228437975
2024-08-01 14:29:28,172300.0,300,Buy,228437974
2024-08-01 14:29:28,172000.0,200,Buy,228437961
2024-08-01 14:29:28,172200.0,500,Buy,228437972
2024-08-01 14:29:28,172100.0,100,Buy,228437971
2024-08-01 14:29:28,172000.0,2000,Buy,228437962
2024-08-01 14:29:28,172500.0,100,Buy,228437977
2024-08-01 14:29:28,172200.0,100,Buy,228437973
2024-08-01 14:29:28,172500.0,200,Buy,228437978
2024-08-01 14:29:28,172800.0,300,Buy,228437987
2024-08-01 14:29:28,172600.0,3000,Buy,228437980
2024-08-01 14:29:28,172600.0,600,Buy,228437981
2024-08-01 14:29:28,172600.0,200,Buy,228437982
2024-08-01 14:29:28,172800.0,100,Buy,228437983
2024-08-01 14:29:28,172800.0,400,Buy,228437984
2024-08-01 14:29:28,172800.0,1000,Buy,228437985
2024-08-01 14:29:28,172800.0,1500,Buy,228437986
2024-08-01 14:29:28,172000.0,100,Buy,228437960
2024-08-01 14:29:28,172800.0,1100,Buy,228437988
2024-08-01 14:29:28,172800.0,500,Buy,228437989
2024-08-01 14:29:28,172500.0,500,Buy,228437979
2024-08-01 14:29:28,172000.0,500,Buy,228437959
2024-08-01 14:29:28,172000.0,1100,Buy,228437949
2024-08-01 14:29:28,172000.0,500,Buy,228437957
2024-08-01 14:29:28,170800.0,300,Buy,228437930
2024-08-01 14:29:28,170900.0,2000,Buy,228437931
2024-08-01 14:29:28,171000.0,100,Buy,228437932
2024-08-01 14:29:28,171000.0,200,Buy,228437933
2024-08-01 14:29:28,171000.0,1000,Buy,228437934
2024-08-01 14:29:28,171000.0,100,Buy,228437935
2024-08-01 14:29:28,171300.0,500,Buy,228437936
2024-08-01 14:29:28,171500.0,100,Buy,228437937
2024-08-01 14:29:28,171500.0,1500,Buy,228437938
2024-08-01 14:29:28,171900.0,100,Buy,228437939
2024-08-01 14:29:28,172000.0,1000,Buy,228437958
2024-08-01 14:29:28,172000.0,200,Buy,228437940
2024-08-01 14:29:28,172000.0,100,Buy,228437942
2024-08-01 14:29:28,172000.0,100,Buy,228437943
2024-08-01 14:29:28,172000.0,100,Buy,228437944
2024-08-01 14:29:28,172000.0,100,Buy,228437950
2024-08-01 14:29:28,172000.0,100,Buy,228437951
2024-08-01 14:29:28,172000.0,200,Buy,228437952
2024-08-01 14:29:28,172000.0,100,Buy,228437953
2024-08-01 14:29:28,172000.0,100,Buy,228437954
2024-08-01 14:29:28,172000.0,200,Buy,228437955
2024-08-01 14:29:28,172000.0,100,Buy,228437956
2024-08-01 14:29:28,172000.0,100,Buy,228437941
2024-08-01 14:44:39,170000.0,177200,ATO/ATC,228439568
