time,price,volume,match_type,id
2024-08-27 09:14:38,182000.0,3000,ATO/ATC,234885241
2024-08-27 09:15:07,181000.0,200,Sell,234885900
2024-08-27 09:15:07,181900.0,100,Buy,234885897
2024-08-27 09:15:07,181900.0,100,Buy,234885898
2024-08-27 09:15:07,181500.0,100,Sell,234885899
2024-08-27 09:16:06,181000.0,100,Sell,234886893
2024-08-27 09:16:06,181000.0,200,Sell,234886894
2024-08-27 09:16:06,181000.0,100,Sell,234886892
2024-08-27 09:16:17,181100.0,100,Sell,234887072
2024-08-27 09:16:41,181000.0,100,Sell,234887626
2024-08-27 09:16:41,181000.0,100,Sell,234887627
2024-08-27 09:16:41,181000.0,100,Sell,234887628
2024-08-27 09:16:41,181000.0,200,Sell,234887629
2024-08-27 09:16:41,181000.0,100,Sell,234887630
2024-08-27 09:16:41,181000.0,100,Sell,234887631
2024-08-27 09:16:41,181000.0,100,Sell,234887632
2024-08-27 09:16:41,181000.0,100,Sell,234887633
2024-08-27 09:16:42,181000.0,100,Buy,234887663
2024-08-27 09:17:25,180900.0,500,Buy,234888522
2024-08-27 09:17:48,180800.0,100,Sell,234889048
2024-08-27 09:17:50,180800.0,300,Sell,234889071
2024-08-27 09:18:03,180800.0,100,Sell,234889364
2024-08-27 09:18:10,180100.0,100,Sell,234889536
2024-08-27 09:18:10,180000.0,100,Sell,234889542
2024-08-27 09:18:10,180000.0,300,Sell,234889541
2024-08-27 09:18:10,180000.0,100,Sell,234889540
2024-08-27 09:18:10,180000.0,100,Sell,234889539
2024-08-27 09:18:10,180000.0,100,Sell,234889538
2024-08-27 09:18:10,180100.0,100,Sell,234889537
2024-08-27 09:18:10,180100.0,100,Sell,234889535
2024-08-27 09:18:10,180600.0,200,Sell,234889513
2024-08-27 09:18:10,180200.0,200,Sell,234889519
2024-08-27 09:18:10,180200.0,300,Sell,234889518
2024-08-27 09:18:10,180500.0,100,Sell,234889517
2024-08-27 09:18:10,180500.0,100,Sell,234889516
2024-08-27 09:18:10,180500.0,100,Sell,234889515
2024-08-27 09:18:10,180600.0,200,Sell,234889514
2024-08-27 09:18:10,180700.0,100,Sell,234889512
2024-08-27 09:18:10,180100.0,900,Sell,234889520
2024-08-27 09:18:11,180000.0,200,Sell,234889582
2024-08-27 09:18:11,180000.0,200,Sell,234889562
2024-08-27 09:18:11,180000.0,100,Sell,234889583
2024-08-27 09:18:11,180000.0,100,Sell,234889560
2024-08-27 09:18:11,180000.0,500,Sell,234889558
2024-08-27 09:18:11,180000.0,100,Sell,234889561
2024-08-27 09:18:11,180000.0,300,Sell,234889559
2024-08-27 09:18:13,180800.0,100,Buy,234889622
2024-08-27 09:18:22,180800.0,100,Buy,234889831
2024-08-27 09:18:34,180500.0,100,Sell,234890069
2024-08-27 09:18:34,180200.0,100,Sell,234890070
2024-08-27 09:18:34,180100.0,200,Sell,234890071
2024-08-27 09:18:34,180100.0,500,Sell,234890072
2024-08-27 09:18:34,180000.0,100,Sell,234890073
2024-08-27 09:18:47,180000.0,600,Sell,234890342
2024-08-27 09:18:47,180000.0,300,Sell,234890341
2024-08-27 09:18:47,180100.0,100,Sell,234890340
2024-08-27 09:18:49,180000.0,2000,Sell,234890376
2024-08-27 09:18:50,180000.0,300,Sell,234890404
2024-08-27 09:18:50,180000.0,100,Sell,234890405
2024-08-27 09:18:50,180000.0,600,Sell,234890406
2024-08-27 09:18:51,180500.0,500,Sell,234890415
2024-08-27 09:18:53,180000.0,200,Sell,234890469
2024-08-27 09:19:03,180000.0,300,Sell,234890655
2024-08-27 09:19:08,180000.0,100,Sell,234890744
2024-08-27 09:19:12,180000.0,2000,Sell,234890823
2024-08-27 09:19:18,180000.0,200,Sell,234891007
2024-08-27 09:19:25,180600.0,100,Buy,234891170
2024-08-27 09:19:41,180100.0,2000,Sell,234891587
2024-08-27 09:19:49,180600.0,100,Buy,234891728
2024-08-27 09:19:49,180100.0,1000,Sell,234891731
2024-08-27 09:19:49,180100.0,500,Sell,234891732
2024-08-27 09:19:49,180100.0,500,Sell,234891733
2024-08-27 09:19:49,180100.0,100,Sell,234891734
2024-08-27 09:20:23,180100.0,200,Sell,234892491
2024-08-27 09:20:33,180100.0,200,Sell,234892746
2024-08-27 09:20:33,180200.0,500,Sell,234892745
2024-08-27 09:21:02,180200.0,100,Buy,234893319
2024-08-27 09:21:09,180200.0,100,Buy,234893505
2024-08-27 09:21:19,180100.0,400,Sell,234893757
2024-08-27 09:21:19,180000.0,2800,Sell,234893762
2024-08-27 09:21:19,180100.0,100,Sell,234893761
2024-08-27 09:21:19,180100.0,500,Sell,234893760
2024-08-27 09:21:19,180100.0,100,Sell,234893759
2024-08-27 09:21:19,180100.0,300,Sell,234893758
2024-08-27 09:21:19,180100.0,200,Sell,234893755
2024-08-27 09:21:19,180100.0,100,Sell,234893756
2024-08-27 09:21:19,180100.0,100,Sell,234893753
2024-08-27 09:21:19,180200.0,500,Sell,234893747
2024-08-27 09:21:19,180200.0,100,Sell,234893748
2024-08-27 09:21:19,180100.0,600,Sell,234893749
2024-08-27 09:21:19,180100.0,300,Sell,234893754
2024-08-27 09:21:19,180100.0,200,Sell,234893751
2024-08-27 09:21:19,180100.0,100,Sell,234893752
2024-08-27 09:21:19,180300.0,100,Sell,234893746
2024-08-27 09:21:19,180100.0,100,Sell,234893750
2024-08-27 09:21:43,180200.0,200,Sell,234894309
2024-08-27 09:21:43,180200.0,400,Sell,234894310
2024-08-27 09:21:43,180200.0,300,Sell,234894311
2024-08-27 09:21:43,180200.0,100,Sell,234894312
2024-08-27 09:21:52,180000.0,300,Sell,234894590
2024-08-27 09:22:19,180100.0,500,Sell,234895269
2024-08-27 09:22:19,180000.0,1500,Sell,234895270
2024-08-27 09:22:22,180100.0,200,Sell,234895342
2024-08-27 09:22:26,180100.0,100,Sell,234895433
2024-08-27 09:22:34,180100.0,200,Sell,234895666
2024-08-27 09:23:07,180200.0,100,Buy,234896396
2024-08-27 09:23:07,180200.0,300,Buy,234896394
2024-08-27 09:23:07,180200.0,1000,Buy,234896395
2024-08-27 09:23:36,180200.0,600,Sell,234897167
2024-08-27 09:23:36,180300.0,100,Sell,234897166
2024-08-27 09:23:36,180200.0,100,Sell,234897168
2024-08-27 09:23:36,180200.0,100,Sell,234897169
2024-08-27 09:23:36,180200.0,100,Sell,234897170
2024-08-27 09:23:49,180500.0,100,Buy,234897494
2024-08-27 09:24:02,180500.0,400,Buy,234897820
2024-08-27 09:24:02,180500.0,500,Buy,234897821
2024-08-27 09:24:10,180300.0,200,Sell,234897990
2024-08-27 09:24:10,180300.0,100,Sell,234897989
2024-08-27 09:24:23,180500.0,800,Buy,234898321
2024-08-27 09:24:23,180500.0,700,Buy,234898322
2024-08-27 09:24:43,180500.0,300,Buy,234898732
2024-08-27 09:25:18,180500.0,500,Sell,234899500
2024-08-27 09:25:18,180500.0,200,Sell,234899501
2024-08-27 09:25:18,180500.0,200,Sell,234899502
2024-08-27 09:25:18,180500.0,100,Sell,234899503
2024-08-27 09:25:20,180200.0,100,Sell,234899563
2024-08-27 09:25:20,180200.0,100,Sell,234899562
2024-08-27 09:25:20,180200.0,100,Sell,234899561
2024-08-27 09:25:20,180200.0,100,Sell,234899559
2024-08-27 09:25:20,180200.0,100,Sell,234899558
2024-08-27 09:25:20,180200.0,100,Sell,234899557
2024-08-27 09:25:20,180200.0,100,Sell,234899560
2024-08-27 09:25:23,180100.0,100,Sell,234899638
2024-08-27 09:25:23,180100.0,500,Sell,234899639
2024-08-27 09:25:23,180100.0,500,Sell,234899640
2024-08-27 09:25:23,180100.0,100,Sell,234899641
2024-08-27 09:25:23,180100.0,100,Sell,234899642
2024-08-27 09:25:23,180100.0,100,Sell,234899643
2024-08-27 09:25:23,180100.0,400,Sell,234899644
2024-08-27 09:25:24,180100.0,600,Sell,234899659
2024-08-27 09:25:36,180500.0,800,Buy,234899897
2024-08-27 09:25:36,180500.0,200,Buy,234899898
2024-08-27 09:26:26,180500.0,500,Sell,234901075
2024-08-27 09:26:27,180500.0,500,Sell,234901097
2024-08-27 09:26:27,180500.0,100,Sell,234901098
2024-08-27 09:27:56,180500.0,100,Sell,234903233
2024-08-27 09:27:56,180500.0,100,Sell,234903234
2024-08-27 09:27:56,180500.0,100,Sell,234903235
2024-08-27 09:27:57,180500.0,100,Buy,234903285
2024-08-27 09:28:02,180500.0,100,Buy,234903392
2024-08-27 09:28:03,180300.0,300,Sell,234903408
2024-08-27 09:28:03,180300.0,100,Sell,234903406
2024-08-27 09:28:03,180300.0,100,Sell,234903407
2024-08-27 09:28:05,180500.0,700,Buy,234903436
2024-08-27 09:28:05,180500.0,400,Buy,234903437
2024-08-27 09:28:05,180600.0,800,Buy,234903438
2024-08-27 09:28:05,180600.0,2000,Buy,234903439
2024-08-27 09:28:05,180700.0,400,Buy,234903440
2024-08-27 09:28:09,180600.0,500,Buy,234903541
2024-08-27 09:28:22,180500.0,1000,Sell,234903817
2024-08-27 09:28:25,180200.0,500,Sell,234903911
2024-08-27 09:28:25,180200.0,100,Sell,234903912
2024-08-27 09:28:38,180200.0,100,Sell,234904216
2024-08-27 09:28:39,180200.0,400,Sell,234904282
2024-08-27 09:28:54,180200.0,100,Buy,234904937
2024-08-27 09:29:40,180000.0,200,Sell,234906491
2024-08-27 09:29:40,180000.0,100,Sell,234906490
2024-08-27 09:29:40,180000.0,100,Sell,234906489
2024-08-27 09:29:40,180000.0,900,Sell,234906487
2024-08-27 09:29:40,180000.0,100,Sell,234906488
2024-08-27 09:29:40,180000.0,2000,Sell,234906486
2024-08-27 09:29:40,180100.0,100,Sell,234906481
2024-08-27 09:29:40,180100.0,500,Sell,234906484
2024-08-27 09:29:40,180100.0,100,Sell,234906485
2024-08-27 09:29:40,180100.0,100,Sell,234906478
2024-08-27 09:29:40,180100.0,100,Sell,234906479
2024-08-27 09:29:40,180100.0,500,Sell,234906480
2024-08-27 09:29:40,180100.0,5000,Sell,234906482
2024-08-27 09:29:40,180100.0,200,Sell,234906483
2024-08-27 09:29:43,180000.0,500,Sell,234906578
2024-08-27 09:29:43,180000.0,500,Sell,234906598
2024-08-27 09:29:43,180000.0,1000,Sell,234906597
2024-08-27 09:29:43,180000.0,100,Sell,234906596
2024-08-27 09:29:43,180000.0,200,Sell,234906594
2024-08-27 09:29:43,180000.0,100,Sell,234906593
2024-08-27 09:29:43,180000.0,100,Sell,234906592
2024-08-27 09:29:43,180000.0,500,Sell,234906591
2024-08-27 09:29:43,180000.0,1400,Sell,234906590
2024-08-27 09:29:43,180000.0,100,Sell,234906589
2024-08-27 09:29:43,180000.0,100,Sell,234906595
2024-08-27 09:29:43,180000.0,100,Sell,234906587
2024-08-27 09:29:43,180000.0,100,Sell,234906588
2024-08-27 09:29:43,180000.0,200,Sell,234906579
2024-08-27 09:29:43,180000.0,100,Sell,234906580
2024-08-27 09:29:43,180000.0,100,Sell,234906581
2024-08-27 09:29:43,180000.0,800,Sell,234906577
2024-08-27 09:29:43,180000.0,100,Sell,234906583
2024-08-27 09:29:43,180000.0,100,Sell,234906584
2024-08-27 09:29:43,180000.0,200,Sell,234906585
2024-08-27 09:29:43,180000.0,100,Sell,234906586
2024-08-27 09:29:43,180000.0,300,Sell,234906582
2024-08-27 09:29:45,180000.0,200,Sell,234906644
2024-08-27 09:29:45,180000.0,500,Sell,234906643
2024-08-27 09:29:45,180000.0,100,Sell,234906645
2024-08-27 09:29:45,180000.0,1000,Sell,234906646
2024-08-27 09:29:46,180000.0,200,Sell,234906688
2024-08-27 09:29:46,180000.0,100,Sell,234906687
2024-08-27 09:29:46,180000.0,400,Sell,234906686
2024-08-27 09:29:46,180000.0,100,Sell,234906682
2024-08-27 09:29:46,180000.0,100,Sell,234906684
2024-08-27 09:29:46,180000.0,100,Sell,234906683
2024-08-27 09:29:46,180000.0,500,Sell,234906685
2024-08-27 09:29:50,180000.0,500,Buy,234906835
2024-08-27 09:30:00,180000.0,100,Sell,234907220
2024-08-27 09:30:02,180000.0,500,Sell,234907243
2024-08-27 09:30:03,180000.0,100,Buy,234907289
2024-08-27 09:30:08,180000.0,100,Buy,234907424
2024-08-27 09:30:12,179900.0,2000,Sell,234907574
2024-08-27 09:30:12,179900.0,100,Sell,234907575
2024-08-27 09:30:12,179900.0,100,Sell,234907573
2024-08-27 09:30:34,179700.0,100,Sell,234908452
2024-08-27 09:30:34,179700.0,100,Sell,234908453
2024-08-27 09:30:34,179700.0,100,Sell,234908454
2024-08-27 09:30:53,179600.0,100,Sell,234909202
2024-08-27 09:30:55,179600.0,100,Sell,234909339
2024-08-27 09:31:02,179600.0,300,Sell,234909531
2024-08-27 09:31:04,179600.0,100,Sell,234909604
2024-08-27 09:31:15,179600.0,100,Sell,234909963
2024-08-27 09:31:18,179600.0,100,Sell,234910009
2024-08-27 09:31:32,179600.0,300,Sell,234910511
2024-08-27 09:31:32,179600.0,100,Sell,234910512
2024-08-27 09:31:32,179600.0,100,Sell,234910510
2024-08-27 09:31:35,179500.0,100,Sell,234910645
2024-08-27 09:31:35,179500.0,100,Sell,234910644
2024-08-27 09:31:35,179500.0,100,Sell,234910641
2024-08-27 09:31:35,179500.0,200,Sell,234910643
2024-08-27 09:31:35,179500.0,300,Sell,234910642
2024-08-27 09:31:35,179500.0,100,Sell,234910640
2024-08-27 09:31:35,179500.0,500,Sell,234910635
2024-08-27 09:31:35,179500.0,100,Sell,234910638
2024-08-27 09:31:35,179500.0,100,Sell,234910637
2024-08-27 09:31:35,179500.0,200,Sell,234910636
2024-08-27 09:31:35,179500.0,200,Sell,234910633
2024-08-27 09:31:35,179500.0,500,Sell,234910639
2024-08-27 09:31:35,179500.0,2000,Sell,234910634
2024-08-27 09:31:39,179200.0,100,Sell,234910829
2024-08-27 09:31:39,179200.0,100,Sell,234910830
2024-08-27 09:31:39,179200.0,100,Sell,234910831
2024-08-27 09:31:41,179400.0,100,Buy,234910907
2024-08-27 09:32:04,179200.0,500,Buy,234911591
2024-08-27 09:32:06,179100.0,100,Sell,234911649
2024-08-27 09:32:06,179100.0,300,Sell,234911648
2024-08-27 09:32:06,179100.0,1000,Sell,234911647
2024-08-27 09:32:08,179000.0,100,Sell,234911699
2024-08-27 09:32:08,179000.0,100,Sell,234911713
2024-08-27 09:32:08,179000.0,100,Sell,234911712
2024-08-27 09:32:08,179000.0,1000,Sell,234911711
2024-08-27 09:32:08,179000.0,100,Sell,234911710
2024-08-27 09:32:08,179000.0,100,Sell,234911709
2024-08-27 09:32:08,179000.0,100,Sell,234911708
2024-08-27 09:32:08,179000.0,100,Sell,234911700
2024-08-27 09:32:08,179000.0,100,Sell,234911706
2024-08-27 09:32:08,179000.0,500,Sell,234911701
2024-08-27 09:32:08,179000.0,600,Sell,234911702
2024-08-27 09:32:08,179000.0,100,Sell,234911707
2024-08-27 09:32:08,179000.0,100,Sell,234911704
2024-08-27 09:32:08,179000.0,1000,Sell,234911705
2024-08-27 09:32:08,179000.0,100,Sell,234911703
2024-08-27 09:32:17,178900.0,400,Sell,234912049
2024-08-27 09:32:19,179000.0,1000,Buy,234912118
2024-08-27 09:32:21,178900.0,400,Sell,234912163
2024-08-27 09:32:22,178900.0,1200,Sell,234912171
2024-08-27 09:32:22,178900.0,100,Buy,234912181
2024-08-27 09:32:23,178700.0,100,Sell,234912205
2024-08-27 09:32:23,178600.0,200,Sell,234912206
2024-08-27 09:32:25,178500.0,100,Sell,234912275
2024-08-27 09:32:25,178500.0,200,Sell,234912274
2024-08-27 09:32:25,178500.0,100,Sell,234912243
2024-08-27 09:32:25,178500.0,400,Sell,234912273
2024-08-27 09:32:25,178500.0,100,Sell,234912272
2024-08-27 09:32:26,178900.0,100,Sell,234912288
2024-08-27 09:32:26,178500.0,100,Sell,234912289
2024-08-27 09:32:26,178500.0,300,Sell,234912290
2024-08-27 09:32:27,178500.0,400,Sell,234912315
2024-08-27 09:32:28,179000.0,500,Buy,234912336
2024-08-27 09:32:38,178500.0,300,Sell,234912616
2024-08-27 09:32:38,178500.0,300,Sell,234912617
2024-08-27 09:32:39,178500.0,100,Sell,234912655
2024-08-27 09:32:39,178500.0,200,Sell,234912656
2024-08-27 09:32:48,178500.0,100,Buy,234912958
2024-08-27 09:32:54,178500.0,100,Sell,234913098
2024-08-27 09:33:05,178500.0,600,Sell,234913401
2024-08-27 09:33:11,178600.0,200,Sell,234913572
2024-08-27 09:33:11,178500.0,300,Sell,234913573
2024-08-27 09:33:11,178500.0,100,Sell,234913574
2024-08-27 09:33:11,178600.0,500,Sell,234913571
2024-08-27 09:33:16,179000.0,300,Buy,234913716
2024-08-27 09:33:16,179000.0,100,Buy,234913714
2024-08-27 09:33:16,179000.0,100,Buy,234913715
2024-08-27 09:33:22,178600.0,800,Sell,234913832
2024-08-27 09:33:23,178600.0,100,Sell,234913853
2024-08-27 09:33:33,179000.0,200,Buy,234914151
2024-08-27 09:33:33,179000.0,200,Buy,234914152
2024-08-27 09:33:33,179000.0,100,Buy,234914157
2024-08-27 09:33:35,179000.0,200,Buy,234914207
2024-08-27 09:33:35,179000.0,200,Buy,234914208
2024-08-27 09:33:40,178700.0,200,Sell,234914301
2024-08-27 09:33:40,178700.0,100,Sell,234914302
2024-08-27 09:33:40,178600.0,700,Sell,234914303
2024-08-27 09:33:42,179000.0,100,Buy,234914333
2024-08-27 09:33:47,178600.0,100,Sell,234914558
2024-08-27 09:33:47,178600.0,200,Sell,234914546
2024-08-27 09:33:47,178700.0,100,Sell,234914545
2024-08-27 09:33:52,178600.0,800,Sell,234914714
2024-08-27 09:33:53,179000.0,500,Buy,234914759
2024-08-27 09:33:57,178600.0,500,Sell,234914862
2024-08-27 09:33:59,179000.0,700,Buy,234914975
2024-08-27 09:33:59,179000.0,500,Buy,234914980
2024-08-27 09:33:59,179000.0,300,Buy,234914981
2024-08-27 09:33:59,179000.0,200,Buy,234914982
2024-08-27 09:33:59,179000.0,100,Buy,234914983
2024-08-27 09:33:59,179000.0,100,Buy,234914985
2024-08-27 09:33:59,179000.0,100,Buy,234914986
2024-08-27 09:33:59,179000.0,1200,Buy,234914987
2024-08-27 09:33:59,179000.0,100,Buy,234914988
2024-08-27 09:33:59,179000.0,100,Buy,234914989
2024-08-27 09:33:59,179000.0,100,Buy,234914984
2024-08-27 09:34:01,179000.0,1000,Sell,234915037
2024-08-27 09:34:03,179000.0,300,Sell,234915085
2024-08-27 09:34:07,179100.0,300,Buy,234915245
2024-08-27 09:34:13,179000.0,400,Sell,234915428
2024-08-27 09:34:17,179000.0,200,Buy,234915532
2024-08-27 09:34:20,179000.0,100,Buy,234915612
2024-08-27 09:34:23,179000.0,200,Buy,234915675
2024-08-27 09:34:23,179000.0,300,Buy,234915674
2024-08-27 09:34:24,179000.0,100,Buy,234915702
2024-08-27 09:34:33,179100.0,200,Buy,234915961
2024-08-27 09:34:43,179100.0,100,Buy,234916303
2024-08-27 09:34:52,179100.0,100,Buy,234916469
2024-08-27 09:34:55,179000.0,100,Sell,234916600
2024-08-27 09:34:55,179000.0,500,Sell,234916601
2024-08-27 09:34:55,179000.0,300,Sell,234916602
2024-08-27 09:34:55,178800.0,200,Sell,234916603
2024-08-27 09:34:55,178700.0,500,Sell,234916604
2024-08-27 09:34:55,178700.0,300,Sell,234916606
2024-08-27 09:34:55,178700.0,100,Sell,234916605
2024-08-27 09:34:58,178700.0,300,Sell,234916689
2024-08-27 09:34:58,178700.0,200,Sell,234916690
2024-08-27 09:34:59,179000.0,100,Buy,234916701
2024-08-27 09:34:59,179000.0,500,Buy,234916702
2024-08-27 09:35:01,179000.0,100,Buy,234916785
2024-08-27 09:35:05,179000.0,100,Buy,234916952
2024-08-27 09:35:14,179000.0,500,Buy,234917279
2024-08-27 09:35:15,179000.0,100,Buy,234917292
2024-08-27 09:35:19,179000.0,100,Buy,234917447
2024-08-27 09:35:21,178800.0,100,Sell,234917472
2024-08-27 09:35:21,178700.0,100,Sell,234917473
2024-08-27 09:35:21,178800.0,100,Sell,234917471
2024-08-27 09:35:22,178700.0,300,Sell,234917506
2024-08-27 09:35:22,178700.0,500,Sell,234917507
2024-08-27 09:35:22,178700.0,100,Sell,234917508
2024-08-27 09:35:22,178700.0,100,Sell,234917509
2024-08-27 09:35:22,178700.0,100,Sell,234917515
2024-08-27 09:35:22,178700.0,100,Sell,234917514
2024-08-27 09:35:25,179000.0,100,Buy,234917573
2024-08-27 09:35:33,179000.0,100,Buy,234917759
2024-08-27 09:35:46,179000.0,100,Buy,234918123
2024-08-27 09:35:53,179000.0,100,Buy,234918306
2024-08-27 09:35:59,178700.0,200,Sell,234918520
2024-08-27 09:35:59,178800.0,100,Sell,234918519
2024-08-27 09:36:00,178700.0,200,Sell,234918558
2024-08-27 09:36:00,178700.0,100,Sell,234918557
2024-08-27 09:36:08,179000.0,300,Buy,234918794
2024-08-27 09:36:34,179000.0,200,Buy,234919441
2024-08-27 09:36:34,179000.0,300,Buy,234919439
2024-08-27 09:36:57,178900.0,100,Buy,234920036
2024-08-27 09:36:57,178900.0,400,Buy,234920037
2024-08-27 09:37:02,178700.0,100,Sell,234920152
2024-08-27 09:37:03,178700.0,800,Sell,234920182
2024-08-27 09:37:03,178700.0,100,Sell,234920181
2024-08-27 09:37:03,178700.0,100,Sell,234920180
2024-08-27 09:37:03,178700.0,500,Sell,234920179
2024-08-27 09:37:03,178900.0,200,Sell,234920177
2024-08-27 09:37:03,178900.0,100,Sell,234920176
2024-08-27 09:37:03,178900.0,900,Buy,234920156
2024-08-27 09:37:03,178700.0,200,Sell,234920178
2024-08-27 09:37:22,178900.0,100,Buy,234920787
2024-08-27 09:37:22,178900.0,400,Buy,234920788
2024-08-27 09:37:35,178900.0,500,Buy,234921173
2024-08-27 09:37:35,178900.0,300,Buy,234921174
2024-08-27 09:37:49,178900.0,700,Buy,234921679
2024-08-27 09:37:49,178900.0,300,Buy,234921680
2024-08-27 09:37:50,178900.0,100,Buy,234921700
2024-08-27 09:37:50,178900.0,900,Buy,234921701
2024-08-27 09:37:52,178900.0,200,Buy,234921720
2024-08-27 09:37:56,178900.0,500,Sell,234921957
2024-08-27 09:37:59,179000.0,200,Buy,234922075
2024-08-27 09:38:01,178900.0,300,Sell,234922143
2024-08-27 09:38:02,178900.0,500,Buy,234922172
2024-08-27 09:38:03,178900.0,700,Sell,234922234
2024-08-27 09:38:23,178900.0,600,Sell,234922913
2024-08-27 09:38:24,178900.0,100,Sell,234922942
2024-08-27 09:38:24,178900.0,500,Sell,234922943
2024-08-27 09:38:24,178900.0,100,Sell,234922944
2024-08-27 09:38:24,178900.0,1300,Sell,234922945
2024-08-27 09:38:24,178900.0,1200,Sell,234922941
2024-08-27 09:38:26,179000.0,200,Buy,234922988
2024-08-27 09:38:26,179000.0,200,Buy,234922989
2024-08-27 09:38:26,179000.0,100,Buy,234922987
2024-08-27 09:38:26,179000.0,600,Buy,234922991
2024-08-27 09:38:26,179000.0,200,Buy,234922985
2024-08-27 09:38:26,179000.0,100,Buy,234922986
2024-08-27 09:38:26,178900.0,700,Sell,234922973
2024-08-27 09:38:26,179000.0,300,Buy,234922990
2024-08-27 09:38:26,178900.0,300,Buy,234922984
2024-08-27 09:38:29,179000.0,100,Buy,234923033
2024-08-27 09:38:32,178900.0,200,Sell,234923122
2024-08-27 09:38:39,178900.0,300,Sell,234923319
2024-08-27 09:38:39,178900.0,100,Sell,234923320
2024-08-27 09:38:41,179000.0,300,Buy,234923389
2024-08-27 09:38:41,179000.0,200,Buy,234923390
2024-08-27 09:38:41,179000.0,200,Buy,234923391
2024-08-27 09:38:41,179000.0,100,Buy,234923392
2024-08-27 09:38:41,179000.0,200,Buy,234923393
2024-08-27 09:39:14,178900.0,100,Sell,234924315
2024-08-27 09:39:14,178900.0,100,Sell,234924316
2024-08-27 09:39:15,178900.0,100,Sell,234924360
2024-08-27 09:39:15,178900.0,100,Sell,234924361
2024-08-27 09:39:15,178900.0,100,Sell,234924362
2024-08-27 09:39:22,179000.0,200,Buy,234924580
2024-08-27 09:39:22,179400.0,100,Buy,234924584
2024-08-27 09:39:22,179100.0,200,Buy,234924583
2024-08-27 09:39:22,179100.0,200,Buy,234924582
2024-08-27 09:39:22,179100.0,900,Buy,234924581
2024-08-27 09:39:22,179000.0,800,Buy,234924578
2024-08-27 09:39:22,179000.0,800,Buy,234924576
2024-08-27 09:39:22,179000.0,1000,Buy,234924575
2024-08-27 09:39:22,179000.0,100,Buy,234924574
2024-08-27 09:39:22,179000.0,200,Buy,234924573
2024-08-27 09:39:22,179000.0,100,Buy,234924579
2024-08-27 09:39:22,179000.0,400,Buy,234924577
2024-08-27 09:39:37,178900.0,500,Buy,234924938
2024-08-27 09:39:47,178900.0,100,Buy,234925186
2024-08-27 09:40:00,178900.0,1000,Buy,234925579
2024-08-27 09:40:05,178900.0,400,Buy,234925725
2024-08-27 09:40:05,178900.0,600,Buy,234925726
2024-08-27 09:40:24,179000.0,100,Buy,234926236
2024-08-27 09:40:58,179000.0,400,Buy,234927133
2024-08-27 09:40:58,179000.0,1000,Buy,234927134
2024-08-27 09:40:58,179000.0,400,Buy,234927135
2024-08-27 09:41:00,178900.0,200,Sell,234927239
2024-08-27 09:41:00,178900.0,100,Sell,234927240
2024-08-27 09:41:00,178900.0,300,Sell,234927236
2024-08-27 09:41:00,178900.0,300,Sell,234927237
2024-08-27 09:41:00,178900.0,100,Sell,234927238
2024-08-27 09:41:03,178900.0,500,Buy,234927308
2024-08-27 09:41:04,178800.0,100,Sell,234927316
2024-08-27 09:41:04,178800.0,100,Sell,234927315
2024-08-27 09:41:04,178800.0,200,Sell,234927311
2024-08-27 09:41:04,178800.0,100,Sell,234927313
2024-08-27 09:41:04,178800.0,200,Sell,234927312
2024-08-27 09:41:04,178800.0,100,Sell,234927314
2024-08-27 09:42:03,178800.0,100,Sell,234929328
2024-08-27 09:42:03,178800.0,500,Sell,234929329
2024-08-27 09:42:04,178800.0,200,Sell,234929369
2024-08-27 09:42:04,178800.0,100,Sell,234929370
2024-08-27 09:42:04,178800.0,500,Sell,234929368
2024-08-27 09:42:10,178800.0,200,Sell,234929533
2024-08-27 09:42:11,178800.0,800,Sell,234929610
2024-08-27 09:42:18,178800.0,100,Sell,234929873
2024-08-27 09:42:18,178800.0,100,Sell,234929874
2024-08-27 09:42:20,178800.0,100,Sell,234929925
2024-08-27 09:42:31,178800.0,100,Sell,234930240
2024-08-27 09:42:33,178800.0,100,Buy,234930343
2024-08-27 09:42:43,178800.0,100,Buy,234930801
2024-08-27 09:42:45,178700.0,200,Sell,234930849
2024-08-27 09:42:45,178700.0,100,Sell,234930850
2024-08-27 09:42:45,178700.0,100,Sell,234930851
2024-08-27 09:42:45,178700.0,1000,Sell,234930852
2024-08-27 09:42:45,178700.0,500,Sell,234930853
2024-08-27 09:42:45,178700.0,200,Sell,234930854
2024-08-27 09:42:45,178700.0,200,Sell,234930855
2024-08-27 09:42:47,178700.0,100,Buy,234930932
2024-08-27 09:42:47,178700.0,500,Buy,234930933
2024-08-27 09:43:25,178800.0,100,Buy,234932283
2024-08-27 09:43:29,178800.0,100,Buy,234932352
2024-08-27 09:43:30,178800.0,100,Buy,234932370
2024-08-27 09:43:30,178800.0,100,Buy,234932371
2024-08-27 09:43:30,178800.0,800,Buy,234932372
2024-08-27 09:43:35,178800.0,200,Buy,234932569
2024-08-27 09:43:35,178800.0,800,Buy,234932570
2024-08-27 09:43:36,178800.0,100,Buy,234932593
2024-08-27 09:43:36,178800.0,300,Buy,234932594
2024-08-27 09:43:48,178900.0,100,Buy,234932887
2024-08-27 09:44:01,178900.0,100,Buy,234933293
2024-08-27 09:44:05,178900.0,400,Buy,234933355
2024-08-27 09:44:06,178900.0,100,Buy,234933370
2024-08-27 09:44:11,178900.0,300,Buy,234933515
2024-08-27 09:44:11,178900.0,600,Buy,234933514
2024-08-27 09:44:11,178900.0,800,Buy,234933516
2024-08-27 09:44:12,178900.0,1200,Buy,234933537
2024-08-27 09:44:12,178900.0,800,Buy,234933538
2024-08-27 09:44:21,178900.0,100,Buy,234933721
2024-08-27 09:44:26,178900.0,100,Buy,234933858
2024-08-27 09:44:26,178900.0,200,Buy,234933859
2024-08-27 09:44:30,178900.0,100,Buy,234933951
2024-08-27 09:44:53,178800.0,500,Sell,234934429
2024-08-27 09:44:53,178800.0,100,Sell,234934430
2024-08-27 09:44:54,178800.0,100,Sell,234934453
2024-08-27 09:44:54,178800.0,100,Sell,234934452
2024-08-27 09:45:12,178900.0,200,Buy,234934921
2024-08-27 09:45:20,178900.0,100,Buy,234935092
2024-08-27 09:45:25,178900.0,500,Buy,234935230
2024-08-27 09:45:43,178900.0,100,Buy,234935788
2024-08-27 09:45:44,178900.0,100,Buy,234935803
2024-08-27 09:45:55,178900.0,100,Buy,234936054
2024-08-27 09:46:05,178900.0,300,Buy,234936290
2024-08-27 09:46:11,178900.0,100,Buy,234936381
2024-08-27 09:46:11,178900.0,400,Buy,234936380
2024-08-27 09:46:11,178900.0,500,Buy,234936382
2024-08-27 09:46:21,178900.0,100,Sell,234936596
2024-08-27 09:46:23,178900.0,100,Sell,234936626
2024-08-27 09:46:23,178900.0,100,Sell,234936627
2024-08-27 09:47:59,179000.0,100,Buy,234938710
2024-08-27 09:48:06,179000.0,100,Buy,234938864
2024-08-27 09:48:18,179000.0,2000,Buy,234939198
2024-08-27 09:48:27,179000.0,500,Buy,234939391
2024-08-27 09:48:28,179000.0,300,Buy,234939400
2024-08-27 09:48:31,179000.0,100,Buy,234939447
2024-08-27 09:48:35,179000.0,900,Buy,234939541
2024-08-27 09:48:35,179000.0,100,Buy,234939542
2024-08-27 09:49:28,179000.0,200,Sell,234940580
2024-08-27 09:49:29,179000.0,100,Sell,234940602
2024-08-27 09:49:29,179000.0,300,Sell,234940604
2024-08-27 09:49:29,179000.0,200,Sell,234940603
2024-08-27 09:49:29,179000.0,100,Sell,234940601
2024-08-27 09:49:29,179000.0,200,Sell,234940599
2024-08-27 09:49:29,179000.0,300,Sell,234940596
2024-08-27 09:49:29,179000.0,500,Sell,234940600
2024-08-27 09:49:29,179000.0,100,Sell,234940598
2024-08-27 09:49:41,179000.0,100,Sell,234940852
2024-08-27 09:49:43,179000.0,100,Buy,234940876
2024-08-27 09:49:48,179000.0,100,Sell,234940935
2024-08-27 09:49:48,179000.0,100,Buy,234940939
2024-08-27 09:49:49,178900.0,1000,Sell,234940961
2024-08-27 09:49:49,178900.0,200,Sell,234940960
2024-08-27 09:49:49,178900.0,100,Sell,234940959
2024-08-27 09:49:49,178900.0,100,Sell,234940958
2024-08-27 09:49:49,178900.0,200,Sell,234940957
2024-08-27 09:49:49,178900.0,100,Sell,234940963
2024-08-27 09:49:49,178900.0,500,Sell,234940955
2024-08-27 09:49:49,178900.0,300,Sell,234940956
2024-08-27 09:49:49,179000.0,200,Buy,234940942
2024-08-27 09:49:49,178900.0,300,Sell,234940951
2024-08-27 09:49:49,178900.0,100,Sell,234940962
2024-08-27 09:49:49,178900.0,100,Sell,234940953
2024-08-27 09:49:49,178900.0,100,Sell,234940954
2024-08-27 09:49:49,178900.0,100,Sell,234940952
2024-08-27 09:50:03,179000.0,500,Buy,234941186
2024-08-27 09:50:07,179000.0,100,Buy,234941314
2024-08-27 09:50:11,179000.0,300,Buy,234941407
2024-08-27 09:50:11,179000.0,200,Buy,234941408
2024-08-27 09:50:16,179000.0,200,Buy,234941490
2024-08-27 09:50:19,179000.0,100,Buy,234941537
2024-08-27 09:50:25,179000.0,100,Buy,234941629
2024-08-27 09:50:58,179000.0,800,Buy,234942358
2024-08-27 09:50:58,179000.0,400,Buy,234942355
2024-08-27 09:50:58,179000.0,1800,Buy,234942357
2024-08-27 09:51:14,179000.0,100,Buy,234942654
2024-08-27 09:51:14,179000.0,400,Buy,234942655
2024-08-27 09:51:14,179000.0,200,Buy,234942656
2024-08-27 09:51:48,179000.0,200,Sell,234943334
2024-08-27 09:51:48,179000.0,100,Sell,234943335
2024-08-27 09:51:49,179000.0,200,Sell,234943363
2024-08-27 09:51:49,179000.0,100,Sell,234943362
2024-08-27 09:51:49,179000.0,1000,Sell,234943361
2024-08-27 09:51:49,179000.0,100,Sell,234943359
2024-08-27 09:51:49,179000.0,300,Sell,234943360
2024-08-27 09:51:49,179000.0,500,Sell,234943358
2024-08-27 09:52:14,179000.0,100,Sell,234943801
2024-08-27 09:52:17,178900.0,100,Sell,234943849
2024-08-27 09:52:17,178900.0,300,Sell,234943850
2024-08-27 09:52:17,178900.0,100,Sell,234943851
2024-08-27 09:52:17,178900.0,100,Sell,234943852
2024-08-27 09:52:17,178900.0,100,Sell,234943848
2024-08-27 09:52:36,179000.0,100,Buy,234944195
2024-08-27 09:52:40,178900.0,500,Sell,234944267
2024-08-27 09:52:40,178900.0,500,Sell,234944268
2024-08-27 09:52:41,178900.0,1000,Sell,234944278
2024-08-27 09:52:59,178900.0,100,Sell,234944678
2024-08-27 09:53:00,179000.0,200,Buy,234944701
2024-08-27 09:53:01,178800.0,100,Sell,234944725
2024-08-27 09:53:01,178800.0,200,Sell,234944726
2024-08-27 09:53:02,178800.0,300,Sell,234944751
2024-08-27 09:53:02,178800.0,100,Sell,234944750
2024-08-27 09:53:02,178800.0,300,Sell,234944749
2024-08-27 09:53:02,178800.0,100,Sell,234944748
2024-08-27 09:53:02,178800.0,500,Sell,234944746
2024-08-27 09:53:02,178800.0,100,Sell,234944745
2024-08-27 09:53:02,178800.0,500,Sell,234944744
2024-08-27 09:53:02,178800.0,500,Sell,234944743
2024-08-27 09:53:02,178800.0,100,Sell,234944742
2024-08-27 09:53:02,178800.0,300,Sell,234944747
2024-08-27 09:53:38,178800.0,700,Sell,234945594
2024-08-27 09:53:38,178800.0,200,Sell,234945595
2024-08-27 09:53:38,178800.0,100,Sell,234945596
2024-08-27 09:54:12,178800.0,100,Sell,234946254
2024-08-27 09:54:12,178800.0,400,Sell,234946253
2024-08-27 09:54:16,178900.0,100,Sell,234946377
2024-08-27 09:54:46,178900.0,400,Buy,234946854
2024-08-27 09:54:46,178800.0,100,Sell,234946864
2024-08-27 09:54:46,178800.0,100,Sell,234946865
2024-08-27 09:54:46,178800.0,200,Sell,234946866
2024-08-27 09:54:46,178800.0,100,Sell,234946867
2024-08-27 09:54:51,178900.0,100,Buy,234946985
2024-08-27 09:55:00,178800.0,100,Sell,234947086
2024-08-27 09:55:00,178800.0,100,Sell,234947084
2024-08-27 09:55:00,178800.0,100,Sell,234947085
2024-08-27 09:55:07,178900.0,100,Buy,234947223
2024-08-27 09:55:12,178800.0,100,Sell,234947305
2024-08-27 09:55:13,178800.0,100,Sell,234947335
2024-08-27 09:55:14,178900.0,100,Buy,234947352
2024-08-27 09:55:36,178800.0,400,Sell,234947761
2024-08-27 09:55:36,178800.0,200,Sell,234947762
2024-08-27 09:55:42,178800.0,100,Sell,234947907
2024-08-27 09:55:48,178700.0,1000,Sell,234947998
2024-08-27 09:55:48,178700.0,100,Sell,234947997
2024-08-27 09:55:48,178700.0,2000,Sell,234947996
2024-08-27 09:55:48,178800.0,100,Sell,234947993
2024-08-27 09:55:48,178800.0,100,Sell,234947994
2024-08-27 09:55:48,178800.0,400,Sell,234947992
2024-08-27 09:55:48,178800.0,300,Sell,234947995
2024-08-27 09:55:50,178700.0,100,Sell,234948083
2024-08-27 09:55:50,178700.0,200,Sell,234948082
2024-08-27 09:55:50,178700.0,200,Sell,234948080
2024-08-27 09:55:50,178700.0,100,Sell,234948081
2024-08-27 09:55:50,178700.0,100,Sell,234948078
2024-08-27 09:55:50,178700.0,300,Sell,234948077
2024-08-27 09:55:50,178700.0,500,Sell,234948076
2024-08-27 09:55:50,178700.0,500,Sell,234948079
2024-08-27 09:56:03,178800.0,500,Sell,234948295
2024-08-27 09:56:24,178800.0,100,Buy,234948804
2024-08-27 09:56:26,178800.0,100,Buy,234948834
2024-08-27 09:56:38,178800.0,100,Buy,234949037
2024-08-27 09:56:39,178700.0,300,Sell,234949048
2024-08-27 09:57:20,178700.0,200,Sell,234949741
2024-08-27 09:57:21,178700.0,300,Sell,234949759
2024-08-27 09:57:51,178700.0,600,Sell,234950343
2024-08-27 09:57:55,178800.0,300,Buy,234950393
2024-08-27 09:57:55,178800.0,200,Buy,234950392
2024-08-27 09:58:29,178800.0,400,Buy,234950924
2024-08-27 09:58:29,178800.0,100,Buy,234950925
2024-08-27 09:58:29,178800.0,100,Buy,234950926
2024-08-27 09:58:29,178800.0,200,Buy,234950927
2024-08-27 09:58:29,178800.0,300,Buy,234950928
2024-08-27 09:58:30,178800.0,200,Sell,234950937
2024-08-27 09:58:46,178800.0,300,Sell,234951149
2024-08-27 09:58:46,178800.0,100,Buy,234951154
2024-08-27 09:58:46,178800.0,400,Sell,234951147
2024-08-27 09:58:46,178800.0,100,Sell,234951148
2024-08-27 09:58:46,178800.0,100,Sell,234951146
2024-08-27 09:58:47,178800.0,100,Sell,234951160
2024-08-27 09:59:01,178800.0,100,Sell,234951327
2024-08-27 09:59:49,178800.0,100,Sell,234952051
2024-08-27 09:59:52,178800.0,300,Buy,234952104
2024-08-27 09:59:52,178800.0,200,Buy,234952105
2024-08-27 10:00:41,178800.0,100,Sell,234953041
2024-08-27 10:00:54,178800.0,400,Sell,234953246
2024-08-27 10:01:21,178800.0,100,Buy,234953640
2024-08-27 10:01:21,178800.0,200,Buy,234953641
2024-08-27 10:01:48,178800.0,500,Buy,234954108
2024-08-27 10:01:52,178800.0,100,Buy,234954165
2024-08-27 10:02:00,178800.0,300,Buy,234954364
2024-08-27 10:02:41,178800.0,700,Buy,234954998
2024-08-27 10:02:41,178800.0,100,Buy,234954996
2024-08-27 10:02:41,178800.0,200,Buy,234954997
2024-08-27 10:03:18,178800.0,100,Sell,234955589
2024-08-27 10:03:56,178800.0,100,Buy,234956148
2024-08-27 10:04:18,178800.0,100,Buy,234956538
2024-08-27 10:05:01,178800.0,100,Buy,234957298
2024-08-27 10:05:33,178800.0,100,Buy,234957718
2024-08-27 10:05:38,178800.0,100,Buy,234957805
2024-08-27 10:05:39,178800.0,100,Buy,234957817
2024-08-27 10:05:44,178800.0,100,Buy,234957890
2024-08-27 10:06:10,178800.0,500,Sell,234958394
2024-08-27 10:06:10,178800.0,100,Sell,234958395
2024-08-27 10:06:50,178700.0,600,Sell,234959551
2024-08-27 10:06:59,178700.0,400,Sell,234959721
2024-08-27 10:06:59,178700.0,100,Sell,234959720
2024-08-27 10:06:59,178700.0,600,Sell,234959719
2024-08-27 10:06:59,178700.0,300,Sell,234959718
2024-08-27 10:06:59,178700.0,100,Sell,234959717
2024-08-27 10:06:59,178700.0,100,Sell,234959716
2024-08-27 10:06:59,178700.0,100,Sell,234959714
2024-08-27 10:06:59,178700.0,200,Sell,234959713
2024-08-27 10:06:59,178700.0,100,Sell,234959712
2024-08-27 10:06:59,178700.0,100,Sell,234959711
2024-08-27 10:06:59,178700.0,100,Sell,234959710
2024-08-27 10:06:59,178700.0,800,Sell,234959709
2024-08-27 10:06:59,178700.0,100,Sell,234959715
2024-08-27 10:07:15,178700.0,100,Buy,234959978
2024-08-27 10:07:19,178600.0,200,Sell,234960024
2024-08-27 10:07:19,178600.0,100,Sell,234960023
2024-08-27 10:07:19,178600.0,500,Sell,234960021
2024-08-27 10:07:19,178600.0,100,Sell,234960020
2024-08-27 10:07:19,178600.0,100,Sell,234960022
2024-08-27 10:08:05,178600.0,300,Sell,234961007
2024-08-27 10:08:05,178600.0,100,Sell,234961008
2024-08-27 10:08:05,178600.0,100,Sell,234961009
2024-08-27 10:08:05,178600.0,300,Sell,234961010
2024-08-27 10:08:05,178600.0,500,Sell,234961011
2024-08-27 10:08:05,178600.0,200,Sell,234961012
2024-08-27 10:08:05,178600.0,100,Sell,234961013
2024-08-27 10:08:05,178600.0,500,Sell,234961014
2024-08-27 10:08:05,178600.0,500,Sell,234961015
2024-08-27 10:08:05,178600.0,100,Sell,234961016
2024-08-27 10:08:05,178600.0,100,Sell,234961020
2024-08-27 10:08:05,178600.0,100,Sell,234961021
2024-08-27 10:08:05,178600.0,700,Sell,234961022
2024-08-27 10:08:07,178600.0,200,Sell,234961044
2024-08-27 10:08:07,178600.0,300,Sell,234961042
2024-08-27 10:08:07,178600.0,100,Sell,234961043
2024-08-27 10:08:09,178600.0,100,Buy,234961130
2024-08-27 10:08:13,178600.0,500,Buy,234961179
2024-08-27 10:08:15,178700.0,1000,Buy,234961206
2024-08-27 10:08:21,178600.0,600,Buy,234961355
2024-08-27 10:08:24,178600.0,100,Sell,234961422
2024-08-27 10:08:25,178600.0,100,Sell,234961464
2024-08-27 10:08:38,178600.0,100,Buy,234961710
2024-08-27 10:09:06,178600.0,700,Buy,234962275
2024-08-27 10:09:06,178600.0,300,Buy,234962276
2024-08-27 10:09:07,178600.0,100,Buy,234962302
2024-08-27 10:09:30,178500.0,800,Sell,234962723
2024-08-27 10:09:30,178500.0,100,Sell,234962724
2024-08-27 10:09:30,178500.0,500,Sell,234962722
2024-08-27 10:09:30,178500.0,100,Sell,234962726
2024-08-27 10:09:30,178500.0,100,Sell,234962725
2024-08-27 10:09:30,178500.0,100,Sell,234962721
2024-08-27 10:09:30,178500.0,1000,Sell,234962728
2024-08-27 10:09:30,178500.0,100,Sell,234962719
2024-08-27 10:09:30,178500.0,500,Sell,234962720
2024-08-27 10:09:30,178600.0,400,Sell,234962714
2024-08-27 10:09:30,178600.0,400,Sell,234962715
2024-08-27 10:09:30,178500.0,200,Sell,234962727
2024-08-27 10:09:30,178500.0,500,Sell,234962718
2024-08-27 10:09:30,178600.0,100,Sell,234962716
2024-08-27 10:09:30,178500.0,100,Sell,234962717
2024-08-27 10:09:34,178600.0,400,Buy,234962887
2024-08-27 10:09:36,178600.0,100,Sell,234962936
2024-08-27 10:09:51,178500.0,5000,Sell,234963313
2024-08-27 10:09:51,178500.0,100,Sell,234963312
2024-08-27 10:09:51,178500.0,200,Sell,234963311
2024-08-27 10:09:51,178500.0,400,Sell,234963310
2024-08-27 10:09:51,178500.0,100,Sell,234963309
2024-08-27 10:09:51,178500.0,100,Sell,234963308
2024-08-27 10:09:51,178500.0,1000,Sell,234963306
2024-08-27 10:09:51,178500.0,100,Sell,234963314
2024-08-27 10:09:51,178500.0,500,Sell,234963304
2024-08-27 10:09:51,178500.0,500,Sell,234963303
2024-08-27 10:09:51,178500.0,500,Sell,234963302
2024-08-27 10:09:51,178500.0,200,Sell,234963301
2024-08-27 10:09:51,178500.0,1000,Sell,234963300
2024-08-27 10:09:51,178500.0,200,Sell,234963307
2024-08-27 10:09:51,178500.0,100,Sell,234963305
2024-08-27 10:09:53,178600.0,500,Buy,234963359
2024-08-27 10:10:05,178500.0,100,Sell,234963779
2024-08-27 10:10:05,178500.0,1100,Sell,234963780
2024-08-27 10:10:05,178500.0,700,Sell,234963781
2024-08-27 10:10:05,178500.0,100,Sell,234963778
2024-08-27 10:10:08,178500.0,300,Sell,234963847
2024-08-27 10:10:08,178600.0,1000,Buy,234963848
2024-08-27 10:10:09,178500.0,100,Sell,234963868
2024-08-27 10:10:09,178500.0,100,Sell,234963867
2024-08-27 10:10:09,178500.0,1000,Sell,234963866
2024-08-27 10:10:09,178500.0,100,Sell,234963864
2024-08-27 10:10:09,178500.0,500,Sell,234963863
2024-08-27 10:10:09,178500.0,500,Sell,234963865
2024-08-27 10:10:13,178500.0,100,Sell,234963936
2024-08-27 10:10:16,178500.0,1000,Sell,234963978
2024-08-27 10:10:17,178500.0,100,Sell,234963995
2024-08-27 10:10:28,178400.0,100,Sell,234964225
2024-08-27 10:10:31,178400.0,1000,Sell,234964274
2024-08-27 10:10:31,178400.0,100,Sell,234964275
2024-08-27 10:10:31,178400.0,100,Sell,234964273
2024-08-27 10:10:31,178500.0,100,Sell,234964271
2024-08-27 10:10:31,178400.0,300,Sell,234964272
2024-08-27 10:10:36,178400.0,100,Buy,234964376
2024-08-27 10:10:42,178400.0,200,Buy,234964536
2024-08-27 10:10:50,178400.0,100,Buy,234964765
2024-08-27 10:11:11,178400.0,100,Sell,234965394
2024-08-27 10:11:46,178400.0,100,Sell,234966447
2024-08-27 10:11:55,178500.0,200,Buy,234966810
2024-08-27 10:12:06,178500.0,700,Buy,234967204
2024-08-27 10:12:11,178500.0,100,Buy,234967303
2024-08-27 10:12:20,178500.0,100,Buy,234967467
2024-08-27 10:12:31,178500.0,100,Buy,234967891
2024-08-27 10:12:33,178500.0,100,Buy,234967927
2024-08-27 10:12:37,178500.0,100,Buy,234968048
2024-08-27 10:12:46,178500.0,500,Buy,234968262
2024-08-27 10:12:59,178500.0,200,Buy,234968489
2024-08-27 10:13:06,178500.0,100,Buy,234968850
2024-08-27 10:13:11,178500.0,100,Buy,234968977
2024-08-27 10:13:14,178500.0,100,Buy,234969059
2024-08-27 10:13:15,178500.0,100,Buy,234969068
2024-08-27 10:13:16,178500.0,100,Buy,234969156
2024-08-27 10:13:22,178500.0,100,Buy,234969434
2024-08-27 10:13:26,178500.0,200,Buy,234969530
2024-08-27 10:13:31,178500.0,300,Buy,234969698
2024-08-27 10:13:33,178500.0,100,Buy,234969744
2024-08-27 10:13:39,178500.0,1000,Buy,234970002
2024-08-27 10:13:42,178400.0,200,Sell,234970215
2024-08-27 10:13:47,178500.0,100,Buy,234970311
2024-08-27 10:13:48,178500.0,500,Buy,234970330
2024-08-27 10:13:54,178500.0,100,Buy,234970585
2024-08-27 10:13:55,178500.0,100,Buy,234970628
2024-08-27 10:13:56,178500.0,100,Buy,234970650
2024-08-27 10:14:02,178500.0,100,Buy,234970804
2024-08-27 10:14:18,178500.0,100,Buy,234971263
2024-08-27 10:14:18,178500.0,200,Buy,234971262
2024-08-27 10:14:19,178500.0,200,Buy,234971266
2024-08-27 10:14:39,178500.0,100,Buy,234972074
2024-08-27 10:14:51,178500.0,100,Buy,234972452
2024-08-27 10:15:00,178500.0,100,Buy,234972658
2024-08-27 10:15:03,178500.0,200,Buy,234972707
2024-08-27 10:15:05,178500.0,500,Buy,234972797
2024-08-27 10:15:07,178500.0,100,Buy,234972830
2024-08-27 10:15:13,178500.0,100,Buy,234973026
2024-08-27 10:15:27,178500.0,300,Buy,234973700
2024-08-27 10:15:30,178500.0,200,Sell,234973840
2024-08-27 10:15:30,178500.0,100,Sell,234973841
2024-08-27 10:15:35,178500.0,600,Buy,234974074
2024-08-27 10:15:42,178500.0,1500,Buy,234974282
2024-08-27 10:15:47,178500.0,100,Buy,234974626
2024-08-27 10:15:47,178500.0,100,Buy,234974627
2024-08-27 10:16:22,178500.0,200,Sell,234975845
2024-08-27 10:18:06,178600.0,500,Buy,234979098
2024-08-27 10:18:37,178600.0,300,Buy,234980089
2024-08-27 10:18:41,178600.0,100,Buy,234980221
2024-08-27 10:18:44,178600.0,500,Buy,234980295
2024-08-27 10:19:00,178600.0,500,Buy,234980692
2024-08-27 10:19:02,178600.0,100,Buy,234980739
2024-08-27 10:19:09,178600.0,200,Buy,234980954
2024-08-27 10:19:22,178600.0,100,Buy,234981368
2024-08-27 10:19:26,178600.0,100,Buy,234981448
2024-08-27 10:20:14,178500.0,100,Sell,234982972
2024-08-27 10:20:14,178500.0,100,Sell,234982973
2024-08-27 10:20:16,178600.0,100,Buy,234983028
2024-08-27 10:20:37,178600.0,8800,Buy,234983682
2024-08-27 10:20:38,178500.0,200,Sell,234983744
2024-08-27 10:20:38,178500.0,100,Sell,234983745
2024-08-27 10:20:42,178500.0,100,Sell,234983834
2024-08-27 10:21:10,178600.0,5000,Buy,234984567
2024-08-27 10:21:21,178600.0,300,Buy,234984823
2024-08-27 10:21:25,178600.0,100,Buy,234984911
2024-08-27 10:21:41,178500.0,100,Sell,234985425
2024-08-27 10:21:43,178600.0,3000,Buy,234985489
2024-08-27 10:21:48,178600.0,500,Buy,234985595
2024-08-27 10:21:53,178600.0,1000,Buy,234985790
2024-08-27 10:21:59,178600.0,500,Buy,234985946
2024-08-27 10:22:08,178600.0,5000,Buy,234986151
2024-08-27 10:22:12,178500.0,100,Sell,234986225
2024-08-27 10:22:14,178600.0,800,Buy,234986289
2024-08-27 10:22:35,178600.0,300,Buy,234986751
2024-08-27 10:22:36,178600.0,100,Buy,234986795
2024-08-27 10:22:38,178600.0,500,Buy,234986820
2024-08-27 10:23:27,178500.0,100,Sell,234988020
2024-08-27 10:23:27,178500.0,100,Sell,234988019
2024-08-27 10:23:27,178500.0,200,Sell,234988018
2024-08-27 10:23:27,178500.0,500,Sell,234988017
2024-08-27 10:23:27,178500.0,400,Sell,234988016
2024-08-27 10:23:27,178500.0,100,Sell,234988015
2024-08-27 10:23:27,178500.0,100,Sell,234988011
2024-08-27 10:23:27,178500.0,100,Sell,234988013
2024-08-27 10:23:27,178500.0,1000,Sell,234988014
2024-08-27 10:23:27,178500.0,100,Sell,234988007
2024-08-27 10:23:27,178500.0,100,Sell,234988008
2024-08-27 10:23:27,178500.0,100,Sell,234988010
2024-08-27 10:23:27,178500.0,100,Sell,234988009
2024-08-27 10:23:27,178500.0,1000,Sell,234988012
2024-08-27 10:23:28,178500.0,500,Sell,234988048
2024-08-27 10:23:30,178500.0,400,Sell,234988091
2024-08-27 10:23:30,178500.0,100,Sell,234988092
2024-08-27 10:23:30,178500.0,1400,Sell,234988093
2024-08-27 10:23:30,178500.0,100,Sell,234988094
2024-08-27 10:23:34,178600.0,100,Buy,234988228
2024-08-27 10:23:42,178400.0,100,Sell,234988359
2024-08-27 10:23:42,178400.0,600,Sell,234988358
2024-08-27 10:23:42,178400.0,1500,Sell,234988360
2024-08-27 10:23:42,178400.0,300,Sell,234988361
2024-08-27 10:23:46,178400.0,200,Sell,234988453
2024-08-27 10:23:46,178400.0,100,Sell,234988452
2024-08-27 10:23:46,178400.0,3200,Sell,234988451
2024-08-27 10:23:47,178400.0,100,Sell,234988485
2024-08-27 10:23:47,178400.0,500,Sell,234988484
2024-08-27 10:23:47,178400.0,100,Sell,234988483
2024-08-27 10:23:47,178400.0,100,Sell,234988480
2024-08-27 10:23:47,178400.0,200,Sell,234988481
2024-08-27 10:23:47,178400.0,300,Sell,234988479
2024-08-27 10:23:47,178400.0,100,Sell,234988482
2024-08-27 10:23:52,178500.0,100,Buy,234988663
2024-08-27 10:23:56,178400.0,100,Buy,234988764
2024-08-27 10:24:04,178400.0,200,Buy,234988894
2024-08-27 10:24:04,178400.0,100,Buy,234988895
2024-08-27 10:24:09,178400.0,1000,Buy,234988992
2024-08-27 10:24:20,178400.0,400,Buy,234989216
2024-08-27 10:24:20,178400.0,100,Buy,234989217
2024-08-27 10:24:20,178400.0,100,Buy,234989263
2024-08-27 10:24:26,178400.0,500,Sell,234989339
2024-08-27 10:24:27,178400.0,500,Sell,234989376
2024-08-27 10:24:28,178400.0,500,Buy,234989394
2024-08-27 10:24:37,178400.0,100,Sell,234989607
2024-08-27 10:24:56,178400.0,1000,Buy,234990013
2024-08-27 10:24:57,178300.0,600,Sell,234990033
2024-08-27 10:25:10,178400.0,1500,Buy,234990286
2024-08-27 10:25:11,178400.0,100,Buy,234990310
2024-08-27 10:25:13,178400.0,200,Buy,234990338
2024-08-27 10:25:13,178300.0,100,Sell,234990341
2024-08-27 10:25:17,178400.0,1000,Buy,234990438
2024-08-27 10:25:19,178300.0,600,Sell,234990483
2024-08-27 10:25:21,178400.0,100,Buy,234990516
2024-08-27 10:25:21,178400.0,300,Buy,234990517
2024-08-27 10:25:22,178400.0,1800,Sell,234990531
2024-08-27 10:26:02,178400.0,500,Sell,234991414
2024-08-27 10:26:22,178400.0,500,Sell,234991800
2024-08-27 10:26:36,178400.0,1000,Sell,234992008
2024-08-27 10:26:40,178400.0,1000,Sell,234992071
2024-08-27 10:26:45,178500.0,100,Buy,234992147
2024-08-27 10:27:20,178500.0,200,Buy,234992935
2024-08-27 10:27:34,178400.0,100,Sell,234993206
2024-08-27 10:27:37,178400.0,300,Sell,234993252
2024-08-27 10:27:41,178400.0,800,Sell,234993305
2024-08-27 10:27:45,178500.0,100,Buy,234993464
2024-08-27 10:27:47,178400.0,1000,Sell,234993555
2024-08-27 10:27:49,178400.0,100,Sell,234993597
2024-08-27 10:27:52,178400.0,1500,Sell,234993636
2024-08-27 10:27:53,178400.0,100,Sell,234993663
2024-08-27 10:27:53,178400.0,200,Sell,234993662
2024-08-27 10:27:53,178400.0,100,Sell,234993664
2024-08-27 10:27:53,178400.0,200,Sell,234993660
2024-08-27 10:27:53,178400.0,1000,Sell,234993659
2024-08-27 10:27:53,178400.0,100,Sell,234993661
2024-08-27 10:28:30,178400.0,200,Buy,234994259
2024-08-27 10:28:42,178300.0,500,Sell,234994415
2024-08-27 10:29:10,178400.0,1000,Buy,234995077
2024-08-27 10:29:13,178300.0,100,Sell,234995148
2024-08-27 10:29:22,178300.0,300,Sell,234995309
2024-08-27 10:29:42,178300.0,300,Sell,234995703
2024-08-27 10:29:43,178300.0,200,Sell,234995710
2024-08-27 10:30:09,178300.0,300,Sell,234996276
2024-08-27 10:30:22,178400.0,100,Buy,234996618
2024-08-27 10:30:43,178400.0,100,Buy,234997107
2024-08-27 10:30:43,178400.0,100,Buy,234997106
2024-08-27 10:30:53,178400.0,100,Buy,234997287
2024-08-27 10:30:53,178400.0,400,Buy,234997288
2024-08-27 10:31:01,178400.0,200,Buy,234997379
2024-08-27 10:31:20,178400.0,400,Buy,234997735
2024-08-27 10:31:54,178300.0,100,Sell,234998347
2024-08-27 10:32:14,178300.0,900,Sell,234998712
2024-08-27 10:32:14,178300.0,2700,Sell,234998713
2024-08-27 10:32:27,178300.0,100,Sell,234998953
2024-08-27 10:32:37,178300.0,200,Sell,234999372
2024-08-27 10:32:40,178300.0,600,Sell,234999397
2024-08-27 10:32:45,178300.0,1000,Sell,234999467
2024-08-27 10:32:48,178300.0,200,Sell,234999607
2024-08-27 10:32:54,178300.0,200,Sell,234999712
2024-08-27 10:32:55,178300.0,100,Sell,234999736
2024-08-27 10:32:55,178300.0,100,Sell,234999735
2024-08-27 10:32:55,178300.0,500,Sell,234999737
2024-08-27 10:32:55,178300.0,100,Sell,234999733
2024-08-27 10:32:55,178300.0,300,Sell,234999732
2024-08-27 10:32:55,178300.0,100,Sell,234999734
2024-08-27 10:33:16,178200.0,100,Sell,235000170
2024-08-27 10:33:18,178300.0,100,Buy,235000191
2024-08-27 10:33:29,178300.0,300,Sell,235000373
2024-08-27 10:33:41,178300.0,100,Sell,235000544
2024-08-27 10:34:10,178300.0,100,Sell,235000887
2024-08-27 10:34:19,178300.0,100,Sell,235000991
2024-08-27 10:34:20,178300.0,100,Sell,235001010
2024-08-27 10:34:44,178300.0,100,Buy,235001469
2024-08-27 10:35:29,178300.0,200,Buy,235002395
2024-08-27 10:35:35,178200.0,1000,Sell,235002489
2024-08-27 10:35:35,178200.0,100,Sell,235002490
2024-08-27 10:35:35,178200.0,100,Sell,235002491
2024-08-27 10:35:35,178200.0,100,Sell,235002492
2024-08-27 10:35:35,178200.0,100,Sell,235002493
2024-08-27 10:35:35,178200.0,5900,Sell,235002494
2024-08-27 10:35:35,178200.0,200,Sell,235002488
2024-08-27 10:35:40,178200.0,500,Sell,235002733
2024-08-27 10:35:44,178200.0,100,Sell,235002781
2024-08-27 10:35:44,178200.0,1000,Sell,235002779
2024-08-27 10:35:44,178200.0,300,Sell,235002780
2024-08-27 10:35:44,178200.0,3600,Sell,235002778
2024-08-27 10:35:45,178200.0,300,Sell,235002806
2024-08-27 10:35:50,178200.0,100,Sell,235002881
2024-08-27 10:36:04,178200.0,100,Buy,235003339
2024-08-27 10:36:07,178100.0,400,Sell,235003389
2024-08-27 10:36:07,178000.0,100,Sell,235003415
2024-08-27 10:36:07,178000.0,500,Sell,235003406
2024-08-27 10:36:07,178000.0,100,Sell,235003405
2024-08-27 10:36:07,178000.0,10000,Sell,235003404
2024-08-27 10:36:07,178000.0,2000,Sell,235003403
2024-08-27 10:36:07,178000.0,100,Sell,235003402
2024-08-27 10:36:07,178000.0,500,Sell,235003401
2024-08-27 10:36:07,178000.0,100,Sell,235003400
2024-08-27 10:36:07,178000.0,100,Sell,235003399
2024-08-27 10:36:07,178000.0,900,Sell,235003407
2024-08-27 10:36:07,178000.0,700,Sell,235003397
2024-08-27 10:36:07,178000.0,200,Sell,235003398
2024-08-27 10:36:07,178100.0,100,Sell,235003390
2024-08-27 10:36:07,178100.0,3000,Sell,235003391
2024-08-27 10:36:07,178100.0,3000,Sell,235003392
2024-08-27 10:36:07,178100.0,100,Sell,235003388
2024-08-27 10:36:07,178100.0,100,Sell,235003394
2024-08-27 10:36:07,178100.0,200,Sell,235003393
2024-08-27 10:36:07,178100.0,100,Sell,235003395
2024-08-27 10:36:07,178100.0,200,Sell,235003396
2024-08-27 10:36:08,178000.0,300,Sell,235003426
2024-08-27 10:36:09,178000.0,200,Sell,235003439
2024-08-27 10:36:09,178000.0,100,Sell,235003440
2024-08-27 10:36:20,178100.0,200,Sell,235003556
2024-08-27 10:36:46,178100.0,500,Sell,235003872
2024-08-27 10:36:46,178100.0,300,Sell,235003871
2024-08-27 10:36:46,178100.0,200,Sell,235003873
2024-08-27 10:36:47,178100.0,500,Buy,235003890
2024-08-27 10:36:49,178100.0,100,Buy,235003918
2024-08-27 10:36:56,178100.0,100,Buy,235004001
2024-08-27 10:36:57,178100.0,100,Buy,235004019
2024-08-27 10:37:09,178100.0,200,Buy,235004212
2024-08-27 10:37:09,178000.0,200,Sell,235004216
2024-08-27 10:37:29,178100.0,200,Buy,235004536
2024-08-27 10:37:41,178000.0,5000,Sell,235004731
2024-08-27 10:37:47,178100.0,100,Buy,235004842
2024-08-27 10:37:54,178000.0,1000,Sell,235004966
2024-08-27 10:37:57,178100.0,100,Buy,235005034
2024-08-27 10:38:34,178100.0,200,Buy,235005590
2024-08-27 10:38:34,178100.0,800,Buy,235005591
2024-08-27 10:38:55,178100.0,100,Buy,235005933
2024-08-27 10:39:08,178100.0,100,Buy,235006118
2024-08-27 10:39:16,178300.0,600,Buy,235006244
2024-08-27 10:39:16,178200.0,100,Buy,235006243
2024-08-27 10:39:16,178200.0,600,Buy,235006242
2024-08-27 10:39:16,178200.0,1500,Buy,235006241
2024-08-27 10:39:16,178200.0,1700,Buy,235006240
2024-08-27 10:39:16,178200.0,1400,Buy,235006239
2024-08-27 10:39:16,178300.0,300,Buy,235006246
2024-08-27 10:39:16,178100.0,100,Buy,235006237
2024-08-27 10:39:16,178100.0,200,Buy,235006238
2024-08-27 10:39:16,178100.0,600,Buy,235006231
2024-08-27 10:39:16,178100.0,500,Buy,235006232
2024-08-27 10:39:16,178300.0,1000,Buy,235006245
2024-08-27 10:39:16,178100.0,600,Buy,235006234
2024-08-27 10:39:16,178100.0,100,Buy,235006233
2024-08-27 10:39:16,178100.0,100,Buy,235006235
2024-08-27 10:39:16,178100.0,600,Buy,235006236
2024-08-27 10:39:54,178100.0,100,Sell,235006920
2024-08-27 10:39:54,178100.0,200,Sell,235006921
2024-08-27 10:39:54,178100.0,200,Sell,235006922
2024-08-27 10:40:31,178100.0,100,Buy,235007534
2024-08-27 10:40:45,178100.0,200,Buy,235007737
2024-08-27 10:40:45,178100.0,400,Buy,235007738
2024-08-27 10:40:49,178100.0,500,Buy,235007868
2024-08-27 10:41:42,178100.0,100,Buy,235008970
2024-08-27 10:42:10,178000.0,600,Sell,235009522
2024-08-27 10:42:38,178000.0,100,Sell,235009987
2024-08-27 10:42:38,178000.0,200,Sell,235009988
2024-08-27 10:42:41,178000.0,400,Sell,235010114
2024-08-27 10:42:41,178000.0,400,Sell,235010115
2024-08-27 10:42:41,178000.0,900,Sell,235010116
2024-08-27 10:42:41,178000.0,100,Sell,235010117
2024-08-27 10:42:45,178100.0,1000,Buy,235010211
2024-08-27 10:42:46,178000.0,600,Sell,235010236
2024-08-27 10:42:59,178000.0,100,Sell,235010531
2024-08-27 10:42:59,178000.0,200,Sell,235010530
2024-08-27 10:42:59,178000.0,200,Sell,235010527
2024-08-27 10:43:05,178000.0,100,Sell,235010637
2024-08-27 10:43:12,178000.0,200,Sell,235010761
2024-08-27 10:43:16,178000.0,100,Sell,235010837
2024-08-27 10:43:17,178000.0,100,Sell,235010866
2024-08-27 10:43:24,178000.0,100,Sell,235011002
2024-08-27 10:43:24,178000.0,200,Sell,235011003
2024-08-27 10:43:24,178000.0,100,Sell,235011000
2024-08-27 10:43:24,178000.0,1500,Sell,235010999
2024-08-27 10:43:24,178000.0,100,Sell,235011001
2024-08-27 10:43:37,178000.0,100,Sell,235011459
2024-08-27 10:43:37,178000.0,2000,Sell,235011461
2024-08-27 10:43:37,178000.0,400,Sell,235011462
2024-08-27 10:43:37,178000.0,100,Sell,235011460
2024-08-27 10:43:56,178000.0,100,Sell,235011930
2024-08-27 10:44:00,178000.0,1700,Sell,235012109
2024-08-27 10:44:02,178000.0,500,Sell,235012154
2024-08-27 10:44:08,178000.0,100,Sell,235012286
2024-08-27 10:44:11,178100.0,200,Buy,235012367
2024-08-27 10:44:24,178000.0,100,Sell,235012645
2024-08-27 10:44:39,178000.0,400,Sell,235013292
2024-08-27 10:44:45,178000.0,2700,Sell,235013434
2024-08-27 10:44:45,178000.0,100,Sell,235013418
2024-08-27 10:44:45,178000.0,100,Sell,235013419
2024-08-27 10:44:45,178000.0,400,Sell,235013420
2024-08-27 10:44:45,178000.0,100,Sell,235013421
2024-08-27 10:44:45,178000.0,100,Sell,235013422
2024-08-27 10:44:45,178000.0,100,Sell,235013423
2024-08-27 10:44:45,178000.0,500,Sell,235013424
2024-08-27 10:44:45,178000.0,200,Sell,235013425
2024-08-27 10:44:45,178000.0,1000,Sell,235013427
2024-08-27 10:44:45,178000.0,500,Sell,235013428
2024-08-27 10:44:45,178000.0,1000,Sell,235013429
2024-08-27 10:44:45,178000.0,100,Sell,235013430
2024-08-27 10:44:45,178000.0,100,Sell,235013431
2024-08-27 10:44:45,178000.0,500,Sell,235013432
2024-08-27 10:44:45,178000.0,500,Sell,235013433
2024-08-27 10:44:45,178000.0,1000,Sell,235013426
2024-08-27 10:44:45,178000.0,300,Sell,235013416
2024-08-27 10:44:45,178000.0,1000,Sell,235013417
2024-08-27 10:44:45,178000.0,100,Sell,235013414
2024-08-27 10:44:45,178000.0,200,Sell,235013415
2024-08-27 10:44:45,178000.0,1700,Sell,235013397
2024-08-27 10:44:45,178000.0,200,Sell,235013398
2024-08-27 10:44:45,178000.0,200,Sell,235013399
2024-08-27 10:44:45,178000.0,100,Sell,235013400
2024-08-27 10:44:45,178000.0,100,Sell,235013402
2024-08-27 10:44:45,178000.0,500,Sell,235013403
2024-08-27 10:44:45,178000.0,200,Sell,235013404
2024-08-27 10:44:45,178000.0,100,Sell,235013401
2024-08-27 10:44:45,178000.0,100,Sell,235013406
2024-08-27 10:44:45,178000.0,100,Sell,235013407
2024-08-27 10:44:45,178000.0,100,Sell,235013408
2024-08-27 10:44:45,178000.0,100,Sell,235013409
2024-08-27 10:44:45,178000.0,100,Sell,235013410
2024-08-27 10:44:45,178000.0,300,Sell,235013411
2024-08-27 10:44:45,178000.0,200,Sell,235013412
2024-08-27 10:44:45,178000.0,100,Sell,235013405
2024-08-27 10:44:45,178000.0,200,Sell,235013413
2024-08-27 10:44:46,178000.0,100,Sell,235013457
2024-08-27 10:44:46,178000.0,700,Sell,235013460
2024-08-27 10:44:46,178000.0,1000,Sell,235013461
2024-08-27 10:44:46,178000.0,100,Sell,235013464
2024-08-27 10:44:46,178000.0,200,Sell,235013463
2024-08-27 10:44:46,178000.0,100,Sell,235013456
2024-08-27 10:44:46,178000.0,500,Sell,235013462
2024-08-27 10:44:46,178000.0,100,Sell,235013455
2024-08-27 10:44:46,178000.0,100,Sell,235013447
2024-08-27 10:44:46,178000.0,200,Sell,235013453
2024-08-27 10:44:46,178000.0,100,Sell,235013452
2024-08-27 10:44:46,178000.0,500,Sell,235013451
2024-08-27 10:44:46,178000.0,100,Sell,235013450
2024-08-27 10:44:46,178000.0,100,Sell,235013449
2024-08-27 10:44:46,178000.0,100,Sell,235013448
2024-08-27 10:44:46,178000.0,200,Sell,235013446
2024-08-27 10:44:46,178000.0,300,Sell,235013445
2024-08-27 10:44:46,178000.0,400,Sell,235013454
2024-08-27 10:44:47,177900.0,400,Sell,235013518
2024-08-27 10:44:47,177900.0,1000,Sell,235013519
2024-08-27 10:44:47,177900.0,200,Sell,235013520
2024-08-27 10:44:47,177900.0,400,Sell,235013521
2024-08-27 10:44:47,177900.0,200,Sell,235013522
2024-08-27 10:44:48,177800.0,100,Sell,235013579
2024-08-27 10:44:48,177800.0,300,Sell,235013580
2024-08-27 10:44:49,177800.0,200,Sell,235013615
2024-08-27 10:44:49,177800.0,1700,Sell,235013613
2024-08-27 10:44:49,177800.0,500,Sell,235013614
2024-08-27 10:45:08,177700.0,100,Sell,235014266
2024-08-27 10:45:09,177700.0,100,Sell,235014283
2024-08-27 10:45:37,177700.0,200,Sell,235015099
2024-08-27 10:45:37,177700.0,200,Sell,235015100
2024-08-27 10:45:37,177700.0,300,Sell,235015103
2024-08-27 10:45:37,177700.0,1200,Sell,235015104
2024-08-27 10:45:37,177700.0,500,Sell,235015105
2024-08-27 10:45:39,177700.0,500,Sell,235015141
2024-08-27 10:45:39,177700.0,200,Sell,235015142
2024-08-27 10:45:51,177700.0,100,Buy,235015598
2024-08-27 10:45:56,177700.0,200,Buy,235015852
2024-08-27 10:45:59,177600.0,100,Sell,235015938
2024-08-27 10:46:00,177600.0,200,Sell,235015956
2024-08-27 10:46:00,177700.0,200,Sell,235015964
2024-08-27 10:46:00,177600.0,800,Sell,235015965
2024-08-27 10:46:00,177600.0,100,Sell,235015966
2024-08-27 10:46:35,177500.0,3000,Sell,235016963
2024-08-27 10:46:37,177500.0,100,Sell,235017082
2024-08-27 10:46:39,177500.0,100,Sell,235017127
2024-08-27 10:46:39,177500.0,100,Sell,235017126
2024-08-27 10:46:41,177500.0,200,Sell,235017207
2024-08-27 10:46:41,177500.0,100,Sell,235017206
2024-08-27 10:46:42,177500.0,100,Sell,235017223
2024-08-27 10:46:43,177500.0,300,Sell,235017249
2024-08-27 10:46:48,177500.0,100,Sell,235017412
2024-08-27 10:46:48,177500.0,200,Sell,235017413
2024-08-27 10:46:58,177500.0,500,Sell,235017773
2024-08-27 10:46:59,177500.0,200,Sell,235017873
2024-08-27 10:46:59,177500.0,300,Sell,235017872
2024-08-27 10:47:00,177500.0,100,Sell,235017878
2024-08-27 10:47:00,177500.0,500,Sell,235017879
2024-08-27 10:47:00,177500.0,100,Sell,235017880
2024-08-27 10:47:00,177500.0,500,Sell,235017881
2024-08-27 10:47:00,177500.0,500,Sell,235017882
2024-08-27 10:47:00,177500.0,200,Sell,235017883
2024-08-27 10:47:00,177500.0,100,Sell,235017884
2024-08-27 10:47:00,177500.0,1000,Sell,235017877
2024-08-27 10:47:01,177500.0,100,Sell,235017914
2024-08-27 10:47:01,177500.0,200,Sell,235017913
2024-08-27 10:47:05,177300.0,700,Sell,235018087
2024-08-27 10:47:05,177400.0,100,Sell,235018085
2024-08-27 10:47:05,177300.0,200,Sell,235018086
2024-08-27 10:47:07,177300.0,2300,Sell,235018143
2024-08-27 10:47:12,177500.0,100,Buy,235018255
2024-08-27 10:47:21,177500.0,100,Buy,235018731
2024-08-27 10:47:21,177500.0,100,Buy,235018732
2024-08-27 10:47:22,177300.0,300,Sell,235018769
2024-08-27 10:47:22,177200.0,200,Sell,235018770
2024-08-27 10:47:24,177000.0,1000,Sell,235018902
2024-08-27 10:47:24,177000.0,200,Sell,235018901
2024-08-27 10:47:24,177000.0,200,Sell,235018900
2024-08-27 10:47:24,177000.0,100,Sell,235018899
2024-08-27 10:47:24,177100.0,300,Sell,235018896
2024-08-27 10:47:24,177100.0,3000,Sell,235018897
2024-08-27 10:47:24,177100.0,1000,Sell,235018895
2024-08-27 10:47:24,177100.0,100,Sell,235018898
2024-08-27 10:47:24,177100.0,100,Sell,235018894
2024-08-27 10:47:25,177000.0,200,Sell,235018941
2024-08-27 10:47:25,177000.0,100,Sell,235018911
2024-08-27 10:47:25,177000.0,100,Sell,235018909
2024-08-27 10:47:25,177000.0,500,Sell,235018910
2024-08-27 10:47:28,177200.0,100,Buy,235019045
2024-08-27 10:47:36,177000.0,300,Sell,235019299
2024-08-27 10:47:42,177000.0,800,Sell,235019512
2024-08-27 10:47:42,177000.0,200,Sell,235019513
2024-08-27 10:47:44,177200.0,200,Buy,235019593
2024-08-27 10:47:46,177000.0,700,Sell,235019671
2024-08-27 10:47:50,177200.0,100,Buy,235019789
2024-08-27 10:47:53,177000.0,200,Sell,235019849
2024-08-27 10:47:53,177000.0,100,Sell,235019847
2024-08-27 10:47:53,177000.0,1100,Sell,235019846
2024-08-27 10:47:53,177000.0,100,Sell,235019848
2024-08-27 10:48:01,177200.0,100,Sell,235020089
2024-08-27 10:48:01,177100.0,200,Sell,235020090
2024-08-27 10:48:01,177000.0,800,Sell,235020091
2024-08-27 10:48:01,177000.0,600,Sell,235020092
2024-08-27 10:48:02,177000.0,400,Sell,235020103
2024-08-27 10:48:02,177000.0,100,Sell,235020104
2024-08-27 10:48:04,177000.0,100,Sell,235020152
2024-08-27 10:48:04,177000.0,100,Sell,235020150
2024-08-27 10:48:04,177000.0,200,Sell,235020151
2024-08-27 10:48:09,177000.0,200,Sell,235020339
2024-08-27 10:48:15,177000.0,800,Sell,235020660
2024-08-27 10:48:17,177000.0,300,Sell,235020804
2024-08-27 10:48:17,177000.0,200,Sell,235020802
2024-08-27 10:48:17,177000.0,100,Sell,235020803
2024-08-27 10:48:19,177000.0,200,Sell,235020918
2024-08-27 10:48:22,177000.0,400,Sell,235021009
2024-08-27 10:48:22,177000.0,100,Sell,235021010
2024-08-27 10:48:28,177000.0,300,Sell,235021205
2024-08-27 10:48:30,177000.0,100,Sell,235021251
2024-08-27 10:48:30,177000.0,100,Sell,235021252
2024-08-27 10:48:34,177000.0,900,Sell,235021343
2024-08-27 10:48:34,177000.0,100,Sell,235021344
2024-08-27 10:48:34,177000.0,1000,Sell,235021345
2024-08-27 10:48:34,177000.0,700,Sell,235021346
2024-08-27 10:48:47,177100.0,200,Sell,235021796
2024-08-27 10:48:49,177000.0,400,Sell,235021821
2024-08-27 10:48:49,177200.0,500,Sell,235021819
2024-08-27 10:48:49,177100.0,100,Sell,235021820
2024-08-27 10:48:50,177000.0,300,Sell,235021916
2024-08-27 10:48:51,177000.0,2000,Sell,235021938
2024-08-27 10:48:56,177000.0,500,Sell,235022080
2024-08-27 10:49:04,177000.0,200,Sell,235022359
2024-08-27 10:49:04,177100.0,100,Sell,235022358
2024-08-27 10:49:11,177100.0,100,Buy,235022594
2024-08-27 10:49:15,177100.0,400,Buy,235022678
2024-08-27 10:49:15,177100.0,100,Buy,235022679
2024-08-27 10:49:16,177100.0,1000,Buy,235022718
2024-08-27 10:49:16,177100.0,100,Buy,235022719
2024-08-27 10:49:18,177100.0,100,Buy,235022793
2024-08-27 10:49:20,177100.0,100,Buy,235022894
2024-08-27 10:49:20,177100.0,500,Buy,235022884
2024-08-27 10:49:20,177100.0,500,Buy,235022883
2024-08-27 10:49:24,177000.0,700,Sell,235022966
2024-08-27 10:49:28,177000.0,100,Sell,235023251
2024-08-27 10:49:34,177000.0,1000,Sell,235023382
2024-08-27 10:49:42,177000.0,200,Sell,235023623
2024-08-27 10:49:46,177000.0,200,Sell,235023780
2024-08-27 10:49:48,177000.0,1000,Sell,235023891
2024-08-27 10:49:49,177100.0,500,Buy,235023910
2024-08-27 10:50:00,177100.0,100,Buy,235024161
2024-08-27 10:50:01,177100.0,1000,Sell,235024235
2024-08-27 10:50:01,177100.0,1500,Sell,235024234
2024-08-27 10:50:01,177100.0,400,Buy,235024199
2024-08-27 10:50:01,177100.0,800,Buy,235024200
2024-08-27 10:50:01,177100.0,100,Buy,235024201
2024-08-27 10:50:02,177100.0,200,Sell,235024272
2024-08-27 10:50:02,177100.0,1000,Sell,235024278
2024-08-27 10:50:02,177100.0,100,Sell,235024279
2024-08-27 10:50:08,177100.0,100,Buy,235024413
2024-08-27 10:50:08,177100.0,100,Buy,235024415
2024-08-27 10:50:08,177100.0,200,Buy,235024414
2024-08-27 10:50:10,177100.0,500,Sell,235024462
2024-08-27 10:50:11,177100.0,100,Sell,235024473
2024-08-27 10:50:11,177100.0,100,Sell,235024474
2024-08-27 10:50:20,177100.0,100,Sell,235024714
2024-08-27 10:50:21,177100.0,400,Sell,235024855
2024-08-27 10:50:21,177100.0,100,Sell,235024856
2024-08-27 10:50:21,177100.0,100,Sell,235024857
2024-08-27 10:50:27,177000.0,800,Sell,235025001
2024-08-27 10:50:27,177100.0,100,Sell,235025000
2024-08-27 10:50:27,177100.0,100,Sell,235024999
2024-08-27 10:50:44,177100.0,100,Sell,235025481
2024-08-27 10:50:49,177100.0,100,Buy,235025630
2024-08-27 10:51:03,177200.0,100,Buy,235025965
2024-08-27 10:51:03,177200.0,100,Buy,235025966
2024-08-27 10:51:15,177200.0,100,Buy,235026336
2024-08-27 10:51:28,177100.0,300,Sell,235026769
2024-08-27 10:51:28,177100.0,200,Sell,235026768
2024-08-27 10:51:28,177100.0,300,Sell,235026767
2024-08-27 10:51:28,177100.0,200,Sell,235026766
2024-08-27 10:51:28,177100.0,100,Sell,235026765
2024-08-27 10:51:28,177200.0,200,Sell,235026762
2024-08-27 10:51:28,177100.0,100,Sell,235026763
2024-08-27 10:51:28,177200.0,100,Buy,235026741
2024-08-27 10:51:28,177200.0,100,Buy,235026740
2024-08-27 10:51:28,177200.0,100,Buy,235026739
2024-08-27 10:51:28,177100.0,100,Sell,235026764
2024-08-27 10:51:43,177200.0,200,Sell,235027190
2024-08-27 10:51:43,177200.0,100,Sell,235027191
2024-08-27 10:51:49,177300.0,100,Buy,235027424
2024-08-27 10:51:56,177300.0,200,Buy,235027580
2024-08-27 10:52:09,177300.0,100,Sell,235027866
2024-08-27 10:52:09,177300.0,100,Sell,235027865
2024-08-27 10:52:09,177300.0,100,Sell,235027867
2024-08-27 10:52:13,177300.0,100,Buy,235027953
2024-08-27 10:52:26,177300.0,100,Buy,235028192
2024-08-27 10:52:29,177300.0,100,Buy,235028299
2024-08-27 10:52:30,177300.0,1800,Buy,235028334
2024-08-27 10:52:30,177500.0,700,Buy,235028338
2024-08-27 10:52:30,177500.0,100,Buy,235028337
2024-08-27 10:52:30,177300.0,300,Buy,235028333
2024-08-27 10:52:30,177400.0,300,Buy,235028335
2024-08-27 10:52:30,177500.0,300,Buy,235028336
2024-08-27 10:52:42,177300.0,200,Sell,235028523
2024-08-27 10:52:44,177300.0,100,Buy,235028588
2024-08-27 10:52:46,177300.0,1700,Buy,235028625
2024-08-27 10:52:46,177300.0,300,Buy,235028630
2024-08-27 10:52:57,177300.0,100,Sell,235028833
2024-08-27 10:52:57,177200.0,100,Sell,235028834
2024-08-27 10:52:57,177200.0,100,Sell,235028835
2024-08-27 10:52:57,177200.0,200,Sell,235028836
2024-08-27 10:53:22,177300.0,400,Sell,235029335
2024-08-27 10:53:22,177300.0,100,Sell,235029336
2024-08-27 10:53:25,177300.0,200,Sell,235029439
2024-08-27 10:53:29,177300.0,100,Buy,235029531
2024-08-27 10:53:55,177300.0,100,Sell,235030016
2024-08-27 10:54:03,177400.0,600,Buy,235030154
2024-08-27 10:54:03,177400.0,100,Buy,235030152
2024-08-27 10:54:03,177400.0,300,Buy,235030153
2024-08-27 10:54:26,177400.0,100,Sell,235030509
2024-08-27 10:54:26,177500.0,100,Buy,235030512
2024-08-27 10:54:27,177400.0,100,Sell,235030525
2024-08-27 10:54:28,177400.0,200,Buy,235030546
2024-08-27 10:54:31,177400.0,1600,Sell,235030588
2024-08-27 10:54:49,177500.0,200,Buy,235030876
2024-08-27 10:54:52,177400.0,100,Sell,235030948
2024-08-27 10:54:52,177400.0,200,Sell,235030947
2024-08-27 10:54:56,177400.0,100,Sell,235031020
2024-08-27 10:55:23,177300.0,100,Sell,235031451
2024-08-27 10:55:23,177300.0,100,Sell,235031452
2024-08-27 10:55:23,177300.0,100,Sell,235031453
2024-08-27 10:55:39,177300.0,400,Buy,235031699
2024-08-27 10:55:41,177300.0,100,Buy,235031724
2024-08-27 10:55:52,177200.0,200,Sell,235031897
2024-08-27 10:55:52,177200.0,500,Sell,235031896
2024-08-27 10:55:52,177200.0,100,Sell,235031894
2024-08-27 10:55:52,177200.0,100,Sell,235031895
2024-08-27 10:55:52,177200.0,100,Sell,235031893
2024-08-27 10:55:53,177200.0,400,Sell,235031912
2024-08-27 10:56:13,177300.0,500,Buy,235032210
2024-08-27 10:56:33,177200.0,400,Sell,235032482
2024-08-27 10:56:34,177300.0,100,Buy,235032501
2024-08-27 10:56:50,177200.0,200,Sell,235032695
2024-08-27 10:56:59,177300.0,600,Buy,235032802
2024-08-27 10:56:59,177300.0,200,Buy,235032803
2024-08-27 10:56:59,177300.0,100,Buy,235032804
2024-08-27 10:57:05,177200.0,100,Sell,235032913
2024-08-27 10:57:05,177200.0,100,Sell,235032912
2024-08-27 10:57:07,177300.0,100,Buy,235032946
2024-08-27 10:57:44,177400.0,100,Buy,235033494
2024-08-27 10:57:49,177300.0,500,Sell,235033581
2024-08-27 10:57:49,177300.0,1000,Sell,235033582
2024-08-27 10:57:49,177300.0,600,Sell,235033583
2024-08-27 10:58:02,177300.0,200,Buy,235033779
2024-08-27 10:58:05,177300.0,500,Buy,235033816
2024-08-27 10:58:48,177200.0,1300,Sell,235034438
2024-08-27 10:58:48,177200.0,100,Sell,235034437
2024-08-27 10:58:49,177200.0,200,Sell,235034452
2024-08-27 10:58:49,177200.0,1000,Sell,235034449
2024-08-27 10:58:49,177200.0,100,Sell,235034450
2024-08-27 10:58:49,177200.0,200,Sell,235034451
2024-08-27 10:58:58,177300.0,1000,Buy,235034558
2024-08-27 10:59:31,177200.0,200,Sell,235034995
2024-08-27 10:59:42,177300.0,100,Buy,235035132
2024-08-27 10:59:42,177300.0,200,Buy,235035133
2024-08-27 10:59:42,177300.0,400,Buy,235035135
2024-08-27 10:59:42,177300.0,500,Buy,235035134
2024-08-27 10:59:49,177200.0,1500,Sell,235035208
2024-08-27 11:00:15,177200.0,200,Sell,235035593
2024-08-27 11:00:15,177100.0,100,Sell,235035594
2024-08-27 11:00:22,177200.0,200,Sell,235035688
2024-08-27 11:00:36,177200.0,100,Buy,235035884
2024-08-27 11:00:41,177100.0,100,Sell,235035950
2024-08-27 11:00:53,177100.0,100,Sell,235036083
2024-08-27 11:00:53,177100.0,200,Sell,235036082
2024-08-27 11:00:53,177100.0,200,Sell,235036080
2024-08-27 11:00:53,177100.0,500,Sell,235036081
2024-08-27 11:01:03,177100.0,200,Sell,235036184
2024-08-27 11:01:19,177100.0,200,Sell,235036361
2024-08-27 11:01:19,177100.0,100,Sell,235036362
2024-08-27 11:01:20,177100.0,100,Sell,235036376
2024-08-27 11:01:20,177100.0,500,Sell,235036377
2024-08-27 11:01:20,177100.0,300,Sell,235036378
2024-08-27 11:01:30,177200.0,300,Buy,235036540
2024-08-27 11:01:53,177100.0,100,Sell,235036994
2024-08-27 11:01:53,177100.0,100,Sell,235036995
2024-08-27 11:01:54,177100.0,100,Sell,235037006
2024-08-27 11:01:54,177100.0,400,Sell,235037010
2024-08-27 11:02:11,177100.0,400,Sell,235037250
2024-08-27 11:02:12,177100.0,200,Sell,235037261
2024-08-27 11:02:12,177100.0,100,Sell,235037262
2024-08-27 11:02:15,177100.0,500,Buy,235037300
2024-08-27 11:02:23,177100.0,500,Buy,235037416
2024-08-27 11:02:39,177000.0,500,Sell,235037723
2024-08-27 11:02:39,177000.0,100,Sell,235037724
2024-08-27 11:02:39,177000.0,1100,Sell,235037725
2024-08-27 11:02:39,177000.0,500,Sell,235037726
2024-08-27 11:02:39,177000.0,100,Sell,235037730
2024-08-27 11:02:39,177000.0,100,Sell,235037727
2024-08-27 11:02:39,177000.0,100,Sell,235037728
2024-08-27 11:02:39,177000.0,100,Sell,235037729
2024-08-27 11:02:39,177000.0,100,Sell,235037731
2024-08-27 11:02:39,177000.0,700,Sell,235037738
2024-08-27 11:02:39,177000.0,200,Sell,235037733
2024-08-27 11:02:39,177000.0,200,Sell,235037734
2024-08-27 11:02:39,177000.0,400,Sell,235037735
2024-08-27 11:02:39,177000.0,500,Sell,235037736
2024-08-27 11:02:39,177000.0,200,Sell,235037737
2024-08-27 11:02:39,177000.0,100,Sell,235037722
2024-08-27 11:02:39,177000.0,300,Sell,235037740
2024-08-27 11:02:39,177000.0,100,Sell,235037741
2024-08-27 11:02:39,177000.0,100,Sell,235037742
2024-08-27 11:02:39,177000.0,100,Sell,235037732
2024-08-27 11:02:39,177000.0,100,Sell,235037739
2024-08-27 11:02:39,177000.0,100,Sell,235037721
2024-08-27 11:02:39,177000.0,200,Sell,235037719
2024-08-27 11:02:39,177000.0,1900,Sell,235037695
2024-08-27 11:02:39,177000.0,100,Sell,235037696
2024-08-27 11:02:39,177000.0,300,Sell,235037698
2024-08-27 11:02:39,177000.0,100,Sell,235037699
2024-08-27 11:02:39,177000.0,300,Sell,235037700
2024-08-27 11:02:39,177000.0,1000,Sell,235037701
2024-08-27 11:02:39,177000.0,300,Sell,235037702
2024-08-27 11:02:39,177000.0,1300,Sell,235037703
2024-08-27 11:02:39,177000.0,700,Sell,235037704
2024-08-27 11:02:39,177000.0,200,Sell,235037705
2024-08-27 11:02:39,177000.0,100,Sell,235037697
2024-08-27 11:02:39,177000.0,300,Sell,235037707
2024-08-27 11:02:39,177000.0,100,Sell,235037706
2024-08-27 11:02:39,177000.0,200,Sell,235037715
2024-08-27 11:02:39,177000.0,200,Sell,235037714
2024-08-27 11:02:39,177000.0,500,Sell,235037713
2024-08-27 11:02:39,177000.0,100,Sell,235037720
2024-08-27 11:02:39,177000.0,500,Sell,235037711
2024-08-27 11:02:39,177000.0,100,Sell,235037712
2024-08-27 11:02:39,177000.0,100,Sell,235037710
2024-08-27 11:02:39,177000.0,100,Sell,235037709
2024-08-27 11:02:39,177000.0,100,Sell,235037708
2024-08-27 11:02:41,176900.0,100,Sell,235037766
2024-08-27 11:02:41,176900.0,100,Sell,235037767
2024-08-27 11:03:05,176800.0,400,Sell,235038058
2024-08-27 11:03:05,176800.0,100,Sell,235038057
2024-08-27 11:03:06,176800.0,100,Sell,235038067
2024-08-27 11:03:06,176800.0,100,Sell,235038068
2024-08-27 11:03:06,176800.0,100,Sell,235038069
2024-08-27 11:03:15,176800.0,100,Buy,235038210
2024-08-27 11:03:19,176700.0,100,Sell,235038278
2024-08-27 11:03:20,176700.0,200,Sell,235038291
2024-08-27 11:03:20,176700.0,100,Sell,235038292
2024-08-27 11:03:20,176700.0,100,Buy,235038299
2024-08-27 11:03:24,176600.0,200,Sell,235038362
2024-08-27 11:03:25,176600.0,100,Sell,235038390
2024-08-27 11:03:37,176600.0,100,Buy,235038507
2024-08-27 11:03:42,176600.0,100,Buy,235038607
2024-08-27 11:03:47,176600.0,200,Buy,235038653
2024-08-27 11:03:47,176600.0,300,Buy,235038652
2024-08-27 11:03:54,176600.0,100,Buy,235038748
2024-08-27 11:03:54,176600.0,100,Buy,235038749
2024-08-27 11:04:08,176600.0,100,Sell,235038976
2024-08-27 11:04:09,176600.0,100,Buy,235038994
2024-08-27 11:04:09,176600.0,100,Buy,235038993
2024-08-27 11:04:17,176700.0,100,Buy,235039109
2024-08-27 11:04:23,176600.0,100,Buy,235039215
2024-08-27 11:04:41,176700.0,200,Buy,235039511
2024-08-27 11:04:41,176700.0,300,Buy,235039510
2024-08-27 11:05:02,176800.0,800,Buy,235039848
2024-08-27 11:05:07,176800.0,100,Buy,235039927
2024-08-27 11:05:07,176800.0,100,Buy,235039928
2024-08-27 11:05:07,176800.0,600,Buy,235039929
2024-08-27 11:05:07,176900.0,100,Buy,235039930
2024-08-27 11:05:07,177000.0,700,Buy,235039932
2024-08-27 11:05:07,177000.0,400,Buy,235039931
2024-08-27 11:05:40,177000.0,100,Buy,235040623
2024-08-27 11:05:41,177000.0,1000,Buy,235040643
2024-08-27 11:05:58,177000.0,100,Buy,235041024
2024-08-27 11:05:59,177000.0,100,Buy,235041036
2024-08-27 11:06:06,177000.0,300,Buy,235041165
2024-08-27 11:06:18,177000.0,200,Buy,235041380
2024-08-27 11:06:21,176800.0,300,Sell,235041532
2024-08-27 11:06:21,176800.0,100,Sell,235041531
2024-08-27 11:06:21,176800.0,100,Sell,235041530
2024-08-27 11:06:53,176900.0,100,Sell,235042082
2024-08-27 11:06:57,176800.0,500,Sell,235042161
2024-08-27 11:07:01,176900.0,200,Sell,235042237
2024-08-27 11:07:09,176900.0,100,Sell,235042427
2024-08-27 11:07:14,176800.0,100,Sell,235042492
2024-08-27 11:07:31,176900.0,100,Buy,235042882
2024-08-27 11:07:31,176900.0,100,Buy,235042883
2024-08-27 11:07:33,176800.0,100,Sell,235042921
2024-08-27 11:07:36,176900.0,100,Buy,235042988
2024-08-27 11:07:45,176800.0,200,Sell,235043186
2024-08-27 11:07:45,176800.0,10000,Sell,235043187
2024-08-27 11:07:47,176800.0,500,Buy,235043205
2024-08-27 11:08:05,176800.0,100,Buy,235043570
2024-08-27 11:08:08,176800.0,100,Buy,235043636
2024-08-27 11:08:10,176800.0,100,Buy,235043652
2024-08-27 11:08:11,176800.0,100,Buy,235043712
2024-08-27 11:08:13,176700.0,800,Sell,235043745
2024-08-27 11:08:13,176700.0,1000,Sell,235043744
2024-08-27 11:08:38,176700.0,1000,Sell,235044134
2024-08-27 11:08:56,176700.0,400,Sell,235044499
2024-08-27 11:08:59,176700.0,200,Sell,235044545
2024-08-27 11:09:15,176700.0,1400,Sell,235044794
2024-08-27 11:09:16,176700.0,100,Sell,235044811
2024-08-27 11:09:16,176700.0,1000,Sell,235044813
2024-08-27 11:09:16,176700.0,100,Sell,235044814
2024-08-27 11:09:16,176700.0,100,Sell,235044815
2024-08-27 11:09:16,176700.0,100,Sell,235044816
2024-08-27 11:09:16,176700.0,200,Sell,235044817
2024-08-27 11:09:16,176700.0,100,Sell,235044818
2024-08-27 11:09:35,176700.0,100,Sell,235045154
2024-08-27 11:09:36,176700.0,400,Sell,235045172
2024-08-27 11:09:36,176700.0,100,Sell,235045173
2024-08-27 11:09:38,176600.0,100,Sell,235045232
2024-08-27 11:09:52,176600.0,300,Sell,235045586
2024-08-27 11:09:52,176600.0,200,Sell,235045587
2024-08-27 11:10:26,176500.0,100,Sell,235046484
2024-08-27 11:10:26,176500.0,100,Sell,235046483
2024-08-27 11:10:26,176500.0,500,Sell,235046481
2024-08-27 11:10:26,176600.0,100,Sell,235046479
2024-08-27 11:10:26,176600.0,200,Sell,235046480
2024-08-27 11:10:26,176600.0,2000,Sell,235046478
2024-08-27 11:10:26,176600.0,10000,Sell,235046473
2024-08-27 11:10:26,176600.0,100,Sell,235046476
2024-08-27 11:10:26,176600.0,100,Sell,235046475
2024-08-27 11:10:26,176600.0,800,Sell,235046474
2024-08-27 11:10:26,176600.0,500,Sell,235046471
2024-08-27 11:10:26,176600.0,200,Sell,235046470
2024-08-27 11:10:26,176600.0,100,Sell,235046477
2024-08-27 11:10:26,176600.0,200,Sell,235046472
2024-08-27 11:10:33,176600.0,100,Sell,235046608
2024-08-27 11:10:33,176600.0,200,Sell,235046609
2024-08-27 11:10:34,176800.0,300,Buy,235046616
2024-08-27 11:11:05,176800.0,100,Buy,235047623
2024-08-27 11:11:22,176600.0,100,Sell,235048053
2024-08-27 11:11:22,176600.0,100,Sell,235048051
2024-08-27 11:11:22,176600.0,200,Sell,235048052
2024-08-27 11:11:23,176600.0,1000,Buy,235048078
2024-08-27 11:11:28,176500.0,100,Sell,235048181
2024-08-27 11:11:36,176500.0,100,Sell,235048415
2024-08-27 11:11:36,176500.0,100,Sell,235048414
2024-08-27 11:11:36,176500.0,600,Sell,235048413
2024-08-27 11:11:36,176500.0,100,Sell,235048412
2024-08-27 11:11:36,176500.0,800,Sell,235048407
2024-08-27 11:11:36,176500.0,300,Sell,235048410
2024-08-27 11:11:36,176500.0,100,Sell,235048409
2024-08-27 11:11:36,176500.0,100,Sell,235048408
2024-08-27 11:11:36,176500.0,3000,Sell,235048411
2024-08-27 11:11:38,176500.0,100,Sell,235048477
2024-08-27 11:11:38,176500.0,500,Sell,235048476
2024-08-27 11:11:38,176500.0,100,Sell,235048474
2024-08-27 11:11:38,176500.0,100,Sell,235048475
2024-08-27 11:11:38,176500.0,100,Sell,235048472
2024-08-27 11:11:38,176500.0,100,Sell,235048471
2024-08-27 11:11:38,176500.0,500,Sell,235048470
2024-08-27 11:11:38,176500.0,100,Sell,235048473
2024-08-27 11:11:40,176500.0,200,Sell,235048542
2024-08-27 11:11:41,176500.0,300,Sell,235048552
2024-08-27 11:11:54,176400.0,100,Sell,235048890
2024-08-27 11:11:54,176400.0,100,Sell,235048891
2024-08-27 11:11:55,176300.0,100,Sell,235048915
2024-08-27 11:11:55,176300.0,100,Sell,235048914
2024-08-27 11:11:55,176300.0,100,Sell,235048911
2024-08-27 11:11:55,176300.0,100,Sell,235048912
2024-08-27 11:11:55,176300.0,500,Sell,235048910
2024-08-27 11:11:55,176300.0,600,Sell,235048913
2024-08-27 11:12:00,176500.0,700,Buy,235049015
2024-08-27 11:12:00,176500.0,300,Buy,235049016
2024-08-27 11:12:08,176300.0,100,Buy,235049209
2024-08-27 11:12:37,176300.0,100,Buy,235049910
2024-08-27 11:12:47,176300.0,100,Buy,235050144
2024-08-27 11:12:58,176200.0,100,Sell,235050452
2024-08-27 11:12:58,176200.0,100,Sell,235050453
2024-08-27 11:12:58,176200.0,200,Sell,235050454
2024-08-27 11:12:58,176200.0,100,Sell,235050455
2024-08-27 11:12:58,176200.0,200,Sell,235050456
2024-08-27 11:12:59,176200.0,1500,Sell,235050490
2024-08-27 11:13:01,176300.0,200,Buy,235050504
2024-08-27 11:13:01,176200.0,100,Sell,235050502
2024-08-27 11:13:01,176200.0,100,Sell,235050501
2024-08-27 11:13:01,176200.0,1300,Sell,235050500
2024-08-27 11:13:23,176300.0,100,Buy,235050938
2024-08-27 11:13:24,176300.0,100,Buy,235050956
2024-08-27 11:13:24,176300.0,800,Buy,235050954
2024-08-27 11:13:24,176300.0,100,Buy,235050955
2024-08-27 11:13:48,176300.0,1000,Buy,235051580
2024-08-27 11:13:54,176300.0,100,Buy,235051665
2024-08-27 11:14:00,176300.0,100,Buy,235051751
2024-08-27 11:14:06,176200.0,100,Sell,235051896
2024-08-27 11:14:06,176200.0,100,Sell,235051897
2024-08-27 11:14:06,176200.0,100,Sell,235051898
2024-08-27 11:14:06,176200.0,100,Sell,235051899
2024-08-27 11:14:06,176200.0,100,Sell,235051900
2024-08-27 11:14:15,176300.0,100,Buy,235052047
2024-08-27 11:14:27,176200.0,100,Sell,235052327
2024-08-27 11:14:27,176200.0,200,Sell,235052328
2024-08-27 11:14:27,176200.0,100,Sell,235052329
2024-08-27 11:14:30,176300.0,100,Buy,235052386
2024-08-27 11:14:34,176100.0,2400,Sell,235052469
2024-08-27 11:14:34,176200.0,100,Sell,235052468
2024-08-27 11:14:34,176200.0,500,Sell,235052467
2024-08-27 11:14:55,176300.0,100,Buy,235052893
2024-08-27 11:15:13,176300.0,200,Buy,235053190
2024-08-27 11:15:14,176300.0,200,Buy,235053273
2024-08-27 11:15:19,176200.0,500,Sell,235053361
2024-08-27 11:15:25,176200.0,100,Sell,235053473
2024-08-27 11:15:25,176300.0,100,Buy,235053477
2024-08-27 11:15:25,176300.0,100,Buy,235053478
2024-08-27 11:15:35,176300.0,100,Sell,235053760
2024-08-27 11:15:42,176300.0,200,Sell,235053852
2024-08-27 11:16:31,176300.0,200,Sell,235055039
2024-08-27 11:17:03,176300.0,300,Sell,235055553
2024-08-27 11:17:03,176300.0,100,Sell,235055554
2024-08-27 11:17:03,176300.0,100,Sell,235055555
2024-08-27 11:17:03,176300.0,100,Sell,235055556
2024-08-27 11:17:05,176300.0,100,Buy,235055605
2024-08-27 11:17:15,176300.0,100,Buy,235055790
2024-08-27 11:17:20,176300.0,100,Buy,235055949
2024-08-27 11:17:28,176300.0,100,Buy,235056090
2024-08-27 11:17:32,176300.0,100,Buy,235056163
2024-08-27 11:17:47,176200.0,100,Sell,235056373
2024-08-27 11:17:47,176200.0,100,Sell,235056372
2024-08-27 11:18:06,176200.0,100,Sell,235056745
2024-08-27 11:18:06,176200.0,300,Sell,235056742
2024-08-27 11:18:06,176200.0,200,Sell,235056746
2024-08-27 11:18:14,176200.0,100,Sell,235056883
2024-08-27 11:18:14,176200.0,100,Sell,235056886
2024-08-27 11:18:17,176200.0,100,Buy,235056925
2024-08-27 11:18:19,176200.0,200,Buy,235056963
2024-08-27 11:18:46,176200.0,1000,Buy,235057399
2024-08-27 11:18:50,176200.0,100,Buy,235057466
2024-08-27 11:18:52,176200.0,100,Buy,235057487
2024-08-27 11:19:16,176200.0,400,Sell,235057934
2024-08-27 11:19:16,176200.0,200,Sell,235057935
2024-08-27 11:19:16,176200.0,500,Sell,235057936
2024-08-27 11:19:16,176200.0,300,Sell,235057937
2024-08-27 11:20:06,176300.0,100,Buy,235058757
2024-08-27 11:20:14,176300.0,100,Buy,235058835
2024-08-27 11:20:39,176300.0,300,Buy,235059149
2024-08-27 11:20:39,176300.0,100,Buy,235059150
2024-08-27 11:20:39,176300.0,600,Buy,235059151
2024-08-27 11:20:49,176300.0,100,Buy,235059292
2024-08-27 11:20:57,176300.0,100,Buy,235059412
2024-08-27 11:21:10,176300.0,100,Sell,235059610
2024-08-27 11:21:33,176400.0,100,Sell,235060019
2024-08-27 11:22:04,176400.0,100,Sell,235060504
2024-08-27 11:22:17,176300.0,200,Sell,235060695
2024-08-27 11:22:19,176300.0,100,Sell,235060719
2024-08-27 11:22:38,176300.0,200,Sell,235060964
2024-08-27 11:22:38,176300.0,100,Sell,235060965
2024-08-27 11:22:38,176300.0,200,Sell,235060966
2024-08-27 11:22:47,176300.0,100,Sell,235061102
2024-08-27 11:22:50,176300.0,200,Sell,235061138
2024-08-27 11:22:50,176300.0,100,Buy,235061142
2024-08-27 11:22:50,176300.0,100,Sell,235061139
2024-08-27 11:23:04,176200.0,200,Sell,235061309
2024-08-27 11:23:05,176300.0,600,Buy,235061320
2024-08-27 11:23:10,176300.0,500,Buy,235061355
2024-08-27 11:23:10,176300.0,500,Buy,235061356
2024-08-27 11:23:10,176300.0,100,Buy,235061364
2024-08-27 11:23:19,176300.0,100,Buy,235061458
2024-08-27 11:23:20,176300.0,100,Buy,235061481
2024-08-27 11:23:20,176300.0,300,Buy,235061479
2024-08-27 11:23:20,176300.0,100,Buy,235061480
2024-08-27 11:23:23,176200.0,200,Sell,235061527
2024-08-27 11:23:38,176300.0,900,Buy,235061700
2024-08-27 11:23:41,176300.0,500,Buy,235061726
2024-08-27 11:24:03,176300.0,100,Buy,235062013
2024-08-27 11:24:04,176300.0,100,Sell,235062023
2024-08-27 11:24:23,176300.0,100,Buy,235062225
2024-08-27 11:24:35,176300.0,100,Buy,235062409
2024-08-27 11:24:35,176300.0,100,Buy,235062410
2024-08-27 11:24:43,176300.0,900,Buy,235062546
2024-08-27 11:24:54,176300.0,100,Sell,235062700
2024-08-27 11:24:54,176300.0,100,Sell,235062699
2024-08-27 11:24:57,176300.0,100,Sell,235062726
2024-08-27 11:24:57,176300.0,100,Sell,235062727
2024-08-27 11:25:16,176300.0,200,Buy,235062980
2024-08-27 11:25:21,176300.0,100,Buy,235063021
2024-08-27 11:25:32,176200.0,200,Sell,235063178
2024-08-27 11:25:41,176200.0,100,Sell,235063315
2024-08-27 11:25:41,176200.0,400,Sell,235063314
2024-08-27 11:25:43,176200.0,300,Sell,235063319
2024-08-27 11:25:44,176200.0,500,Sell,235063329
2024-08-27 11:25:44,176200.0,500,Sell,235063336
2024-08-27 11:25:44,176200.0,100,Sell,235063335
2024-08-27 11:25:44,176200.0,100,Sell,235063334
2024-08-27 11:25:44,176200.0,100,Sell,235063328
2024-08-27 11:25:44,176200.0,200,Sell,235063332
2024-08-27 11:25:44,176200.0,500,Sell,235063331
2024-08-27 11:25:44,176200.0,100,Sell,235063330
2024-08-27 11:25:44,176200.0,200,Sell,235063333
2024-08-27 11:26:01,176200.0,100,Buy,235063550
2024-08-27 11:26:06,176200.0,100,Buy,235063624
2024-08-27 11:26:07,176100.0,600,Sell,235063638
2024-08-27 11:26:07,176200.0,100,Buy,235063643
2024-08-27 11:26:59,176200.0,500,Buy,235064453
2024-08-27 11:27:20,176200.0,200,Buy,235064780
2024-08-27 11:27:20,176200.0,300,Buy,235064781
2024-08-27 11:27:28,176200.0,200,Buy,235064899
2024-08-27 11:27:35,176200.0,100,Buy,235064977
2024-08-27 11:27:42,176200.0,1000,Buy,235065095
2024-08-27 11:28:14,176200.0,100,Buy,235065728
2024-08-27 11:28:24,176200.0,400,Buy,235066012
2024-08-27 11:29:03,176200.0,100,Buy,235066723
2024-08-27 11:29:16,176200.0,100,Buy,235066917
2024-08-27 11:29:22,176200.0,400,Buy,235066988
2024-08-27 11:29:29,176100.0,200,Sell,235067104
2024-08-27 11:29:35,176200.0,300,Buy,235067217
2024-08-27 11:29:35,176200.0,100,Buy,235067218
2024-08-27 12:59:38,176100.0,1000,Sell,235067468
2024-08-27 12:59:38,176200.0,100,Buy,235067526
2024-08-27 12:59:39,176100.0,100,Sell,235067718
2024-08-27 12:59:39,176200.0,100,Buy,235067719
2024-08-27 12:59:40,176100.0,100,Sell,235068234
2024-08-27 12:59:41,176100.0,100,Sell,235068887
2024-08-27 12:59:41,176200.0,700,Buy,235068991
2024-08-27 12:59:41,176200.0,300,Buy,235069209
2024-08-27 12:59:41,176200.0,100,Buy,235069210
2024-08-27 12:59:43,176100.0,100,Sell,235069605
2024-08-27 12:59:43,176200.0,100,Buy,235069606
2024-08-27 12:59:44,176100.0,600,Sell,235069941
2024-08-27 12:59:45,176100.0,100,Sell,235070221
2024-08-27 12:59:45,176100.0,300,Sell,235070116
2024-08-27 12:59:48,176100.0,100,Sell,235070590
2024-08-27 12:59:49,176100.0,100,Sell,235070643
2024-08-27 12:59:49,176100.0,100,Sell,235070642
2024-08-27 12:59:49,176100.0,300,Sell,235070649
2024-08-27 12:59:49,176100.0,200,Sell,235070648
2024-08-27 12:59:49,176200.0,100,Buy,235070702
2024-08-27 12:59:49,176100.0,100,Sell,235070646
2024-08-27 12:59:49,176100.0,500,Sell,235070645
2024-08-27 12:59:49,176100.0,200,Sell,235070644
2024-08-27 12:59:49,176100.0,100,Sell,235070647
2024-08-27 12:59:52,176200.0,100,Buy,235071033
2024-08-27 12:59:53,176100.0,100,Sell,235071084
2024-08-27 12:59:56,176100.0,100,Sell,235071410
2024-08-27 12:59:56,176100.0,100,Sell,235071411
2024-08-27 12:59:57,176100.0,200,Sell,235071534
2024-08-27 13:00:01,176100.0,400,Sell,235071871
2024-08-27 13:00:01,176100.0,100,Sell,235071813
2024-08-27 13:00:01,176100.0,200,Sell,235071830
2024-08-27 13:00:01,176100.0,100,Sell,235071870
2024-08-27 13:00:02,176200.0,100,Buy,235071895
2024-08-27 13:00:05,176100.0,1500,Sell,235072024
2024-08-27 13:00:47,176200.0,100,Buy,235073234
2024-08-27 13:01:04,176200.0,500,Buy,235073653
2024-08-27 13:01:08,176100.0,100,Sell,235073766
2024-08-27 13:01:12,176200.0,500,Buy,235073861
2024-08-27 13:01:12,176200.0,400,Buy,235073862
2024-08-27 13:01:16,176200.0,100,Buy,235073955
2024-08-27 13:01:16,176200.0,200,Buy,235073954
2024-08-27 13:01:16,176200.0,400,Buy,235073953
2024-08-27 13:01:16,176200.0,100,Buy,235073952
2024-08-27 13:01:16,176200.0,100,Buy,235073951
2024-08-27 13:01:16,176200.0,100,Buy,235073949
2024-08-27 13:01:16,176200.0,800,Buy,235073948
2024-08-27 13:01:16,176200.0,100,Buy,235073947
2024-08-27 13:01:16,176200.0,600,Buy,235073946
2024-08-27 13:01:16,176200.0,100,Buy,235073950
2024-08-27 13:01:17,176200.0,2400,Sell,235073997
2024-08-27 13:01:38,176300.0,500,Buy,235074507
2024-08-27 13:01:44,176300.0,100,Buy,235074689
2024-08-27 13:01:47,176300.0,100,Buy,235074766
2024-08-27 13:01:56,176300.0,100,Buy,235074923
2024-08-27 13:02:01,176300.0,100,Buy,235075099
2024-08-27 13:02:12,176200.0,500,Sell,235075328
2024-08-27 13:02:12,176200.0,100,Sell,235075329
2024-08-27 13:02:12,176200.0,400,Sell,235075330
2024-08-27 13:02:13,176200.0,600,Sell,235075368
2024-08-27 13:02:40,176200.0,100,Buy,235076099
2024-08-27 13:02:45,176200.0,100,Buy,235076276
2024-08-27 13:02:56,176200.0,500,Buy,235076564
2024-08-27 13:02:58,176100.0,100,Sell,235076619
2024-08-27 13:03:15,176100.0,300,Sell,235077141
2024-08-27 13:03:18,176200.0,100,Buy,235077246
2024-08-27 13:03:26,176100.0,100,Sell,235077471
2024-08-27 13:03:26,176100.0,500,Sell,235077470
2024-08-27 13:03:26,176100.0,100,Sell,235077469
2024-08-27 13:03:26,176100.0,100,Sell,235077468
2024-08-27 13:03:26,176100.0,100,Sell,235077467
2024-08-27 13:03:26,176100.0,500,Sell,235077464
2024-08-27 13:03:26,176100.0,200,Sell,235077466
2024-08-27 13:03:26,176100.0,100,Sell,235077461
2024-08-27 13:03:26,176100.0,100,Sell,235077463
2024-08-27 13:03:26,176100.0,200,Sell,235077455
2024-08-27 13:03:26,176100.0,500,Sell,235077456
2024-08-27 13:03:26,176100.0,100,Sell,235077457
2024-08-27 13:03:26,176100.0,3200,Sell,235077465
2024-08-27 13:03:26,176100.0,100,Sell,235077459
2024-08-27 13:03:26,176100.0,100,Sell,235077458
2024-08-27 13:03:26,176100.0,1000,Sell,235077460
2024-08-27 13:03:34,176100.0,100,Buy,235077638
2024-08-27 13:03:37,176000.0,100,Sell,235077737
2024-08-27 13:03:37,176000.0,100,Sell,235077738
2024-08-27 13:03:37,176100.0,100,Buy,235077724
2024-08-27 13:03:38,176000.0,200,Sell,235077763
2024-08-27 13:03:38,176000.0,200,Sell,235077764
2024-08-27 13:04:03,176000.0,2000,Sell,235078417
2024-08-27 13:04:20,176000.0,100,Sell,235078781
2024-08-27 13:04:23,176000.0,100,Sell,235078830
2024-08-27 13:04:23,176000.0,100,Sell,235078831
2024-08-27 13:04:23,176000.0,200,Sell,235078829
2024-08-27 13:04:31,176000.0,100,Sell,235079014
2024-08-27 13:04:38,176100.0,100,Buy,235079188
2024-08-27 13:04:41,176100.0,700,Buy,235079256
2024-08-27 13:04:41,176100.0,100,Buy,235079257
2024-08-27 13:04:42,176000.0,100,Sell,235079262
2024-08-27 13:04:58,176000.0,100,Sell,235079745
2024-08-27 13:04:58,176100.0,200,Buy,235079725
2024-08-27 13:05:14,176100.0,100,Buy,235080112
2024-08-27 13:05:30,176100.0,100,Buy,235080609
2024-08-27 13:05:31,176100.0,100,Buy,235080617
2024-08-27 13:05:40,176100.0,200,Sell,235080906
2024-08-27 13:05:40,176100.0,100,Sell,235080907
2024-08-27 13:05:44,176100.0,400,Buy,235080992
2024-08-27 13:06:11,176100.0,100,Sell,235081786
2024-08-27 13:06:11,176100.0,200,Sell,235081787
2024-08-27 13:06:11,176100.0,200,Sell,235081789
2024-08-27 13:06:11,176100.0,100,Sell,235081790
2024-08-27 13:06:11,176100.0,200,Sell,235081788
2024-08-27 13:06:12,176100.0,1000,Buy,235081806
2024-08-27 13:06:15,176100.0,200,Buy,235081969
2024-08-27 13:06:25,176200.0,2000,Buy,235082257
2024-08-27 13:06:29,176200.0,100,Buy,235082350
2024-08-27 13:06:52,176200.0,100,Sell,235082930
2024-08-27 13:07:00,176200.0,100,Buy,235083113
2024-08-27 13:07:05,176100.0,300,Sell,235083220
2024-08-27 13:07:12,176200.0,100,Buy,235083369
2024-08-27 13:08:01,176200.0,200,Buy,235084884
2024-08-27 13:08:06,176200.0,100,Buy,235085048
2024-08-27 13:08:07,176200.0,100,Buy,235085086
2024-08-27 13:08:20,176200.0,500,Sell,235085397
2024-08-27 13:08:29,176300.0,100,Buy,235085747
2024-08-27 13:08:29,176300.0,100,Buy,235085748
2024-08-27 13:08:29,176300.0,100,Buy,235085749
2024-08-27 13:08:29,176300.0,700,Buy,235085750
2024-08-27 13:08:40,176200.0,500,Sell,235086122
2024-08-27 13:09:24,176200.0,900,Sell,235087958
2024-08-27 13:09:24,176200.0,100,Sell,235087959
2024-08-27 13:09:24,176200.0,100,Sell,235087960
2024-08-27 13:09:24,176200.0,200,Sell,235087961
2024-08-27 13:09:24,176200.0,100,Sell,235087962
2024-08-27 13:09:24,176200.0,100,Sell,235087963
2024-08-27 13:09:27,176200.0,100,Sell,235088064
2024-08-27 13:09:36,176200.0,100,Buy,235088487
2024-08-27 13:09:36,176100.0,100,Sell,235088452
2024-08-27 13:09:36,176100.0,100,Sell,235088451
2024-08-27 13:09:38,176200.0,200,Buy,235088530
2024-08-27 13:09:39,176200.0,300,Buy,235088565
2024-08-27 13:09:46,176200.0,400,Sell,235088824
2024-08-27 13:10:11,176200.0,300,Buy,235089740
2024-08-27 13:10:11,176200.0,100,Buy,235089775
2024-08-27 13:10:12,176200.0,100,Buy,235089799
2024-08-27 13:10:13,176200.0,100,Buy,235089853
2024-08-27 13:10:14,176100.0,300,Sell,235089907
2024-08-27 13:10:30,176100.0,200,Sell,235090622
2024-08-27 13:10:30,176200.0,100,Sell,235090620
2024-08-27 13:10:30,176200.0,100,Sell,235090621
2024-08-27 13:10:32,176300.0,200,Buy,235090660
2024-08-27 13:11:16,176200.0,300,Sell,235092479
2024-08-27 13:11:18,176300.0,300,Buy,235092524
2024-08-27 13:11:22,176300.0,100,Buy,235092645
2024-08-27 13:11:26,176300.0,1700,Buy,235092782
2024-08-27 13:11:26,176300.0,100,Buy,235092783
2024-08-27 13:11:26,176300.0,100,Buy,235092781
2024-08-27 13:11:26,176300.0,700,Buy,235092780
2024-08-27 13:11:44,176400.0,100,Buy,235093406
2024-08-27 13:11:45,176300.0,100,Sell,235093454
2024-08-27 13:11:54,176400.0,100,Buy,235093682
2024-08-27 13:11:57,176400.0,100,Buy,235093809
2024-08-27 13:12:00,176400.0,100,Buy,235093868
2024-08-27 13:12:01,176400.0,100,Buy,235093898
2024-08-27 13:12:03,176400.0,300,Buy,235093992
2024-08-27 13:12:04,176400.0,600,Buy,235094023
2024-08-27 13:12:04,176400.0,900,Buy,235094024
2024-08-27 13:12:06,176400.0,100,Buy,235094067
2024-08-27 13:12:06,176400.0,100,Buy,235094082
2024-08-27 13:12:09,176400.0,100,Buy,235094146
2024-08-27 13:12:09,176400.0,100,Buy,235094155
2024-08-27 13:12:10,176400.0,100,Buy,235094175
2024-08-27 13:12:17,176400.0,100,Buy,235094371
2024-08-27 13:12:17,176400.0,100,Buy,235094372
2024-08-27 13:12:17,176400.0,100,Buy,235094373
2024-08-27 13:12:17,176400.0,200,Buy,235094374
2024-08-27 13:12:19,176400.0,1800,Buy,235094426
2024-08-27 13:12:41,176500.0,1000,Buy,235095015
2024-08-27 13:12:41,176400.0,300,Sell,235095045
2024-08-27 13:12:47,176400.0,300,Sell,235095225
2024-08-27 13:12:50,176500.0,100,Buy,235095265
2024-08-27 13:12:50,176400.0,400,Sell,235095292
2024-08-27 13:12:55,176400.0,4000,Sell,235095412
2024-08-27 13:12:55,176400.0,100,Sell,235095411
2024-08-27 13:12:55,176400.0,100,Sell,235095413
2024-08-27 13:12:55,176400.0,100,Sell,235095409
2024-08-27 13:12:55,176400.0,1000,Sell,235095408
2024-08-27 13:12:55,176400.0,3200,Sell,235095407
2024-08-27 13:12:55,176400.0,100,Sell,235095410
2024-08-27 13:13:03,176400.0,100,Buy,235095667
2024-08-27 13:13:04,176400.0,1100,Buy,235095710
2024-08-27 13:13:09,176300.0,200,Sell,235095826
2024-08-27 13:13:10,176400.0,200,Buy,235095841
2024-08-27 13:13:22,176400.0,100,Sell,235096195
2024-08-27 13:13:48,176400.0,700,Sell,235096887
2024-08-27 13:13:48,176400.0,100,Sell,235096888
2024-08-27 13:13:48,176400.0,200,Sell,235096889
2024-08-27 13:14:07,176400.0,100,Sell,235097514
2024-08-27 13:14:07,176400.0,100,Sell,235097513
2024-08-27 13:14:08,176400.0,100,Buy,235097541
2024-08-27 13:14:08,176500.0,100,Buy,235097542
2024-08-27 13:14:25,176500.0,100,Buy,235097913
2024-08-27 13:14:39,176500.0,100,Buy,235098198
2024-08-27 13:14:48,176500.0,400,Buy,235098413
2024-08-27 13:15:26,176500.0,100,Buy,235099352
2024-08-27 13:15:33,176500.0,500,Buy,235099514
2024-08-27 13:16:01,176500.0,100,Buy,235100332
2024-08-27 13:16:04,176500.0,400,Buy,235100399
2024-08-27 13:16:20,176500.0,100,Buy,235100748
2024-08-27 13:16:42,176500.0,1400,Buy,235101369
2024-08-27 13:16:43,176400.0,300,Sell,235101388
2024-08-27 13:17:33,176500.0,200,Buy,235102616
2024-08-27 13:17:33,176400.0,700,Sell,235102644
2024-08-27 13:17:33,176400.0,100,Sell,235102645
2024-08-27 13:17:33,176400.0,100,Sell,235102646
2024-08-27 13:17:33,176400.0,100,Sell,235102647
2024-08-27 13:17:39,176500.0,100,Buy,235102769
2024-08-27 13:17:39,176500.0,100,Buy,235102780
2024-08-27 13:18:05,176500.0,100,Buy,235103456
2024-08-27 13:18:08,176500.0,100,Buy,235103527
2024-08-27 13:18:23,176500.0,100,Buy,235103883
2024-08-27 13:18:33,176500.0,100,Buy,235104139
2024-08-27 13:18:33,176500.0,500,Buy,235104140
2024-08-27 13:18:34,176500.0,100,Buy,235104189
2024-08-27 13:18:36,176500.0,900,Buy,235104219
2024-08-27 13:18:36,176500.0,100,Buy,235104220
2024-08-27 13:18:36,176500.0,100,Buy,235104221
2024-08-27 13:18:36,176500.0,100,Buy,235104222
2024-08-27 13:18:36,176500.0,800,Buy,235104223
2024-08-27 13:18:39,176400.0,100,Sell,235104265
2024-08-27 13:18:46,176500.0,200,Buy,235104482
2024-08-27 13:18:50,176500.0,400,Buy,235104600
2024-08-27 13:18:50,176500.0,500,Buy,235104601
2024-08-27 13:18:50,176500.0,100,Buy,235104599
2024-08-27 13:18:54,176500.0,500,Buy,235104688
2024-08-27 13:18:54,176500.0,100,Buy,235104689
2024-08-27 13:18:59,176500.0,100,Sell,235104862
2024-08-27 13:19:43,176600.0,300,Buy,235105877
2024-08-27 13:19:50,176600.0,1700,Buy,235106025
2024-08-27 13:19:50,176600.0,300,Buy,235106026
2024-08-27 13:20:03,176600.0,300,Buy,235106366
2024-08-27 13:20:05,176600.0,100,Buy,235106436
2024-08-27 13:20:08,176600.0,200,Buy,235106485
2024-08-27 13:20:08,176600.0,400,Buy,235106487
2024-08-27 13:20:52,176700.0,100,Buy,235107768
2024-08-27 13:20:53,176600.0,1000,Sell,235107827
2024-08-27 13:21:10,176600.0,100,Sell,235108408
2024-08-27 13:21:10,176600.0,100,Sell,235108407
2024-08-27 13:21:10,176600.0,600,Sell,235108404
2024-08-27 13:21:10,176600.0,100,Sell,235108405
2024-08-27 13:21:10,176600.0,100,Sell,235108406
2024-08-27 13:21:26,176600.0,200,Buy,235108816
2024-08-27 13:21:26,176600.0,300,Buy,235108817
2024-08-27 13:21:28,176600.0,100,Sell,235108858
2024-08-27 13:21:37,176600.0,100,Sell,235109101
2024-08-27 13:21:40,176700.0,100,Buy,235109188
2024-08-27 13:21:48,176700.0,200,Buy,235109373
2024-08-27 13:21:49,176700.0,100,Buy,235109405
2024-08-27 13:22:07,176700.0,100,Buy,235109908
2024-08-27 13:22:20,176600.0,500,Sell,235110361
2024-08-27 13:22:20,176600.0,800,Sell,235110358
2024-08-27 13:22:20,176600.0,1000,Sell,235110359
2024-08-27 13:22:20,176600.0,700,Sell,235110360
2024-08-27 13:22:21,176600.0,100,Sell,235110417
2024-08-27 13:22:21,176700.0,100,Buy,235110424
2024-08-27 13:22:32,176700.0,200,Buy,235110659
2024-08-27 13:22:42,176500.0,100,Sell,235110940
2024-08-27 13:22:42,176500.0,300,Sell,235110939
2024-08-27 13:22:42,176600.0,300,Sell,235110935
2024-08-27 13:22:42,176500.0,1000,Sell,235110937
2024-08-27 13:22:42,176500.0,300,Sell,235110936
2024-08-27 13:22:42,176500.0,3000,Sell,235110938
2024-08-27 13:22:45,176500.0,500,Sell,235110997
2024-08-27 13:24:58,176500.0,100,Sell,235114509
2024-08-27 13:24:59,176500.0,500,Sell,235114527
2024-08-27 13:24:59,176500.0,200,Sell,235114528
2024-08-27 13:24:59,176500.0,100,Sell,235114529
2024-08-27 13:24:59,176500.0,500,Sell,235114530
2024-08-27 13:25:00,176500.0,300,Sell,235114585
2024-08-27 13:25:04,176400.0,100,Sell,235114641
2024-08-27 13:25:04,176400.0,100,Sell,235114643
2024-08-27 13:25:04,176400.0,100,Sell,235114640
2024-08-27 13:25:04,176400.0,300,Sell,235114642
2024-08-27 13:25:04,176400.0,200,Sell,235114638
2024-08-27 13:25:04,176400.0,1000,Sell,235114639
2024-08-27 13:25:04,176400.0,100,Sell,235114637
2024-08-27 13:25:04,176400.0,100,Sell,235114636
2024-08-27 13:25:50,176500.0,100,Sell,235115540
2024-08-27 13:25:52,176400.0,100,Sell,235115573
2024-08-27 13:25:52,176400.0,2000,Sell,235115574
2024-08-27 13:25:52,176400.0,100,Sell,235115575
2024-08-27 13:25:52,176400.0,100,Sell,235115572
2024-08-27 13:26:13,176400.0,100,Sell,235116014
2024-08-27 13:26:13,176400.0,100,Sell,235116015
2024-08-27 13:26:13,176400.0,1500,Sell,235116016
2024-08-27 13:27:33,176500.0,100,Buy,235117881
2024-08-27 13:28:03,176500.0,100,Buy,235118462
2024-08-27 13:28:18,176600.0,100,Buy,235118845
2024-08-27 13:28:38,176600.0,100,Sell,235119293
2024-08-27 13:28:38,176500.0,5000,Sell,235119299
2024-08-27 13:28:46,176600.0,200,Buy,235119443
2024-08-27 13:28:49,176500.0,100,Sell,235119527
2024-08-27 13:28:50,176400.0,1500,Sell,235119546
2024-08-27 13:28:50,176400.0,1800,Sell,235119547
2024-08-27 13:28:58,176400.0,400,Sell,235119768
2024-08-27 13:29:05,176500.0,1800,Buy,235119957
2024-08-27 13:29:15,176600.0,100,Buy,235120210
2024-08-27 13:30:12,176600.0,200,Sell,235121683
2024-08-27 13:30:25,176700.0,200,Buy,235122021
2024-08-27 13:30:43,176700.0,100,Buy,235122377
2024-08-27 13:30:47,176700.0,1000,Buy,235122487
2024-08-27 13:30:49,176700.0,100,Buy,235122526
2024-08-27 13:30:49,176700.0,200,Buy,235122527
2024-08-27 13:30:49,176700.0,100,Buy,235122524
2024-08-27 13:30:49,176700.0,300,Buy,235122523
2024-08-27 13:30:49,176700.0,1000,Buy,235122525
2024-08-27 13:31:55,176700.0,1100,Sell,235123844
2024-08-27 13:31:55,176700.0,300,Sell,235123846
2024-08-27 13:31:55,176700.0,100,Sell,235123847
2024-08-27 13:31:55,176700.0,100,Sell,235123845
2024-08-27 13:32:27,176700.0,700,Buy,235124581
2024-08-27 13:32:31,176700.0,100,Buy,235124642
2024-08-27 13:32:49,176700.0,100,Buy,235125008
2024-08-27 13:33:04,176600.0,1000,Sell,235125371
2024-08-27 13:33:37,176700.0,1000,Buy,235126384
2024-08-27 13:33:44,176700.0,100,Buy,235126523
2024-08-27 13:33:46,176700.0,500,Buy,235126617
2024-08-27 13:33:48,176700.0,200,Buy,235126644
2024-08-27 13:34:01,176700.0,300,Buy,235126953
2024-08-27 13:34:01,176700.0,700,Buy,235126952
2024-08-27 13:34:07,176600.0,500,Sell,235127091
2024-08-27 13:34:26,176600.0,200,Sell,235127647
2024-08-27 13:34:43,176700.0,1000,Sell,235128128
2024-08-27 13:34:43,176600.0,1100,Sell,235128129
2024-08-27 13:34:43,176600.0,100,Sell,235128130
2024-08-27 13:34:43,176600.0,100,Sell,235128131
2024-08-27 13:34:43,176600.0,200,Sell,235128132
2024-08-27 13:34:43,176600.0,500,Sell,235128133
2024-08-27 13:35:06,176800.0,100,Buy,235128870
2024-08-27 13:35:15,176800.0,100,Buy,235129289
2024-08-27 13:35:40,176800.0,100,Buy,235130076
2024-08-27 13:35:41,176800.0,2800,Buy,235130115
2024-08-27 13:35:42,176800.0,1000,Buy,235130142
2024-08-27 13:35:48,176700.0,100,Sell,235130335
2024-08-27 13:35:48,176700.0,100,Sell,235130334
2024-08-27 13:35:53,176800.0,100,Buy,235130572
2024-08-27 13:35:53,176700.0,100,Sell,235130573
2024-08-27 13:35:53,176700.0,200,Sell,235130575
2024-08-27 13:36:06,176700.0,100,Buy,235131075
2024-08-27 13:36:10,176800.0,1100,Buy,235131231
2024-08-27 13:36:10,176800.0,100,Buy,235131232
2024-08-27 13:36:10,176800.0,100,Buy,235131233
