time,price,volume,match_type,id
2024-07-30 09:18:46,169000.0,200,Sell,227148226
2024-07-30 09:19:20,169000.0,200,Sell,227149520
2024-07-30 09:19:38,169000.0,200,Sell,227150143
2024-07-30 09:19:38,169000.0,100,Sell,227150142
2024-07-30 09:21:23,167100.0,400,Sell,227153346
2024-07-30 09:22:33,167200.0,100,Sell,227155336
2024-07-30 09:22:33,167200.0,200,Sell,227155337
2024-07-30 09:24:23,167300.0,100,Sell,227158477
2024-07-30 09:24:23,167300.0,200,Sell,227158478
2024-07-30 09:25:46,167600.0,500,Sell,227160707
2024-07-30 09:25:46,167600.0,100,Sell,227160708
2024-07-30 09:26:14,167600.0,200,Sell,227161488
2024-07-30 09:28:04,167900.0,100,Sell,227164658
2024-07-30 09:28:04,167900.0,200,Sell,227164659
2024-07-30 09:29:22,168100.0,100,Sell,227167315
2024-07-30 09:29:39,168900.0,100,Buy,227167891
2024-07-30 09:29:51,167600.0,2000,Sell,227168291
2024-07-30 09:29:51,167600.0,200,Sell,227168290
2024-07-30 09:29:51,167600.0,100,Sell,227168289
2024-07-30 09:29:51,167900.0,100,Sell,227168286
2024-07-30 09:29:51,168000.0,100,Sell,227168285
2024-07-30 09:29:51,167700.0,1000,Sell,227168288
2024-07-30 09:29:51,168000.0,100,Sell,227168283
2024-07-30 09:29:51,168000.0,100,Sell,227168284
2024-07-30 09:29:51,168200.0,100,Sell,227168278
2024-07-30 09:29:51,168200.0,300,Sell,227168279
2024-07-30 09:29:51,167900.0,300,Sell,227168287
2024-07-30 09:29:51,168100.0,100,Sell,227168281
2024-07-30 09:29:51,168000.0,200,Sell,227168282
2024-07-30 09:29:51,168100.0,300,Sell,227168280
2024-07-30 09:29:54,167700.0,300,Sell,227168417
2024-07-30 09:31:45,168000.0,100,Sell,227171944
2024-07-30 09:31:45,168000.0,200,Sell,227171945
2024-07-30 09:33:13,168100.0,100,Sell,227174422
2024-07-30 09:33:13,168100.0,200,Sell,227174423
2024-07-30 09:33:35,168000.0,300,Sell,227174983
2024-07-30 09:34:45,168200.0,500,Sell,227176723
2024-07-30 09:35:26,168200.0,100,Sell,227177737
2024-07-30 09:35:26,168200.0,100,Sell,227177738
2024-07-30 09:37:16,168300.0,300,Sell,227180263
2024-07-30 09:38:37,168400.0,100,Sell,227182114
2024-07-30 09:39:06,168300.0,300,Sell,227182753
2024-07-30 09:40:32,168900.0,300,Buy,227184524
2024-07-30 09:40:32,168900.0,100,Buy,227184523
2024-07-30 09:40:57,168400.0,100,Sell,227185095
2024-07-30 09:40:57,168400.0,200,Sell,227185096
2024-07-30 09:42:47,168500.0,200,Sell,227187137
2024-07-30 09:43:30,168500.0,200,Buy,227188180
2024-07-30 09:44:02,168700.0,100,Buy,227188826
2024-07-30 09:44:16,168500.0,200,Buy,227189064
2024-07-30 09:44:37,168400.0,100,Sell,227189504
2024-07-30 09:44:37,168400.0,200,Sell,227189505
2024-07-30 09:44:37,168400.0,100,Sell,227189514
2024-07-30 09:44:40,168500.0,100,Buy,227189581
2024-07-30 09:44:57,168400.0,100,Sell,227189966
2024-07-30 09:45:02,169000.0,200,Buy,227190059
2024-07-30 09:45:02,169000.0,100,Buy,227190060
2024-07-30 09:45:02,169000.0,600,Buy,227190061
2024-07-30 09:45:18,168500.0,100,Sell,227190351
2024-07-30 09:45:38,168500.0,100,Sell,227190690
2024-07-30 09:45:58,168500.0,100,Sell,227191152
2024-07-30 09:46:18,168500.0,100,Sell,227191589
2024-07-30 09:46:28,168500.0,300,Sell,227191841
2024-07-30 09:46:31,168500.0,100,Sell,227191882
2024-07-30 09:46:31,168500.0,400,Sell,227191883
2024-07-30 09:46:38,168500.0,100,Sell,227192183
2024-07-30 09:46:58,168400.0,100,Sell,227192549
2024-07-30 09:47:18,168500.0,100,Sell,227193054
2024-07-30 09:47:37,168500.0,100,Sell,227193466
2024-07-30 09:47:38,168500.0,100,Sell,227193510
2024-07-30 09:47:52,168500.0,100,Sell,227193803
2024-07-30 09:47:58,168500.0,100,Sell,227193950
2024-07-30 09:48:18,168500.0,300,Sell,227194685
2024-07-30 09:48:18,168500.0,100,Sell,227194704
2024-07-30 09:48:38,168500.0,100,Sell,227195095
2024-07-30 09:48:59,168500.0,100,Sell,227195547
2024-07-30 09:49:19,168500.0,100,Sell,227195923
2024-07-30 09:49:39,168500.0,100,Sell,227196363
2024-07-30 09:49:59,168500.0,100,Sell,227196862
2024-07-30 09:50:09,168500.0,300,Sell,227197047
2024-07-30 09:50:19,168500.0,100,Sell,227197263
2024-07-30 09:50:39,168500.0,100,Sell,227197879
2024-07-30 09:50:59,168500.0,100,Sell,227198310
2024-07-30 09:51:19,168500.0,100,Sell,227198687
2024-07-30 09:51:40,168500.0,100,Sell,227199233
2024-07-30 09:51:59,168500.0,200,Sell,227199691
2024-07-30 09:52:00,168500.0,100,Sell,227199703
2024-07-30 09:52:20,168500.0,100,Sell,227200118
2024-07-30 09:52:40,168500.0,100,Sell,227200519
2024-07-30 09:52:54,168500.0,100,Sell,227200781
2024-07-30 09:53:00,168500.0,100,Sell,227200968
2024-07-30 09:53:01,168500.0,100,Sell,227200979
2024-07-30 09:53:20,168500.0,100,Sell,227201310
2024-07-30 09:53:40,168500.0,100,Sell,227201802
2024-07-30 09:53:49,168500.0,300,Sell,227201942
2024-07-30 09:54:00,168500.0,100,Sell,227202168
2024-07-30 09:54:20,168500.0,100,Sell,227202594
2024-07-30 09:54:40,168500.0,100,Sell,227203025
2024-07-30 09:55:01,168500.0,100,Sell,227203420
2024-07-30 09:55:21,168500.0,100,Sell,227203807
2024-07-30 09:55:40,168500.0,100,Sell,227204281
2024-07-30 09:55:40,168500.0,200,Sell,227204280
2024-07-30 09:55:41,168500.0,100,Sell,227204298
2024-07-30 09:56:01,168500.0,100,Sell,227204662
2024-07-30 09:56:21,168500.0,100,Sell,227205060
2024-07-30 09:56:42,168500.0,100,Sell,227205416
2024-07-30 09:57:02,168500.0,100,Sell,227205911
2024-07-30 09:57:09,168500.0,100,Sell,227206054
2024-07-30 09:57:22,168500.0,100,Sell,227206311
2024-07-30 09:57:30,168500.0,300,Sell,227206490
2024-07-30 09:57:42,168500.0,100,Sell,227206722
2024-07-30 09:58:02,168500.0,100,Sell,227207066
2024-07-30 09:58:22,168500.0,100,Sell,227207461
2024-07-30 09:58:43,168500.0,100,Sell,227207848
2024-07-30 09:59:03,168500.0,100,Sell,227208201
2024-07-30 09:59:20,168500.0,200,Sell,227208542
2024-07-30 09:59:23,168500.0,100,Sell,227208651
2024-07-30 09:59:43,168500.0,100,Sell,227209057
2024-07-30 10:00:03,168500.0,100,Sell,227209443
2024-07-30 10:00:24,168500.0,100,Sell,227209903
2024-07-30 10:00:44,168500.0,100,Sell,227210239
2024-07-30 10:00:53,169200.0,100,Buy,227210369
2024-07-30 10:01:04,168500.0,100,Sell,227210523
2024-07-30 10:01:11,168500.0,300,Sell,227210642
2024-07-30 10:01:24,168500.0,100,Sell,227210952
2024-07-30 10:01:44,168500.0,100,Sell,227211286
2024-07-30 10:02:04,168400.0,100,Sell,227211610
2024-07-30 10:02:24,168400.0,100,Sell,227211928
2024-07-30 10:02:45,168400.0,100,Sell,227212287
2024-07-30 10:03:01,168400.0,300,Sell,227212544
2024-07-30 10:03:05,168400.0,100,Sell,227212632
2024-07-30 10:03:25,168400.0,100,Sell,227213005
2024-07-30 10:03:45,168400.0,100,Sell,227213318
2024-07-30 10:04:06,168400.0,100,Sell,227213701
2024-07-30 10:04:26,168400.0,100,Sell,227214067
2024-07-30 10:04:46,168400.0,100,Sell,227214420
2024-07-30 10:04:51,168400.0,200,Sell,227214492
2024-07-30 10:04:51,168400.0,100,Sell,227214491
2024-07-30 10:05:06,168300.0,100,Sell,227214736
2024-07-30 10:05:26,168300.0,100,Sell,227215105
2024-07-30 10:05:46,168300.0,100,Sell,227215397
2024-07-30 10:06:07,168300.0,100,Sell,227215698
2024-07-30 10:06:27,168300.0,100,Sell,227215984
2024-07-30 10:06:42,168300.0,200,Sell,227216279
2024-07-30 10:06:42,168300.0,100,Sell,227216280
2024-07-30 10:06:47,168300.0,100,Sell,227216363
2024-07-30 10:07:04,168300.0,100,Sell,227217018
2024-07-30 10:07:07,168300.0,100,Sell,227217054
2024-07-30 10:07:27,168300.0,100,Sell,227217362
2024-07-30 10:07:47,168300.0,100,Sell,227217755
2024-07-30 10:08:08,168300.0,100,Sell,227218183
2024-07-30 10:08:28,168200.0,100,Sell,227218475
2024-07-30 10:08:33,168200.0,100,Sell,227218525
2024-07-30 10:08:48,168100.0,100,Sell,227218733
2024-07-30 10:09:08,168000.0,100,Sell,227219002
2024-07-30 10:09:20,168200.0,100,Buy,227219236
2024-07-30 10:09:29,168000.0,100,Sell,227219332
2024-07-30 10:09:49,168000.0,100,Sell,227219610
2024-07-30 10:10:09,168000.0,100,Sell,227219945
2024-07-30 10:10:23,168000.0,100,Sell,227220193
2024-07-30 10:10:23,168000.0,100,Sell,227220194
2024-07-30 10:10:23,168000.0,100,Sell,227220195
2024-07-30 10:10:29,168000.0,100,Sell,227220311
2024-07-30 10:10:49,168000.0,100,Sell,227220600
2024-07-30 10:11:09,168000.0,100,Sell,227220872
2024-07-30 10:11:29,168000.0,100,Sell,227221185
2024-07-30 10:11:50,168000.0,100,Sell,227221461
2024-07-30 10:12:10,168000.0,100,Sell,227221745
2024-07-30 10:12:13,168000.0,300,Sell,227221773
2024-07-30 10:12:26,168000.0,500,Sell,227221920
2024-07-30 10:12:26,168000.0,100,Sell,227221918
2024-07-30 10:12:26,168000.0,400,Sell,227221919
2024-07-30 10:12:26,168000.0,100,Sell,227221916
2024-07-30 10:12:26,168000.0,300,Sell,227221915
2024-07-30 10:12:26,168000.0,1000,Sell,227221914
2024-07-30 10:12:26,168000.0,200,Sell,227221917
2024-07-30 10:12:30,167700.0,100,Sell,227221950
2024-07-30 10:12:33,168000.0,400,Buy,227221987
2024-07-30 10:12:50,167700.0,100,Sell,227222259
2024-07-30 10:13:11,167700.0,100,Sell,227222544
2024-07-30 10:13:15,167700.0,100,Sell,227222629
2024-07-30 10:13:15,167700.0,100,Sell,227222628
2024-07-30 10:13:31,167700.0,100,Sell,227222834
2024-07-30 10:13:51,167700.0,100,Sell,227223195
2024-07-30 10:14:03,167700.0,300,Sell,227223411
2024-07-30 10:14:11,167700.0,100,Sell,227223538
2024-07-30 10:14:32,167700.0,100,Sell,227223900
2024-07-30 10:14:52,167700.0,100,Sell,227224249
2024-07-30 10:15:12,167700.0,100,Sell,227224619
2024-07-30 10:15:26,167700.0,300,Sell,227224874
2024-07-30 10:15:26,167700.0,100,Buy,227224885
2024-07-30 10:15:26,167700.0,300,Sell,227224875
2024-07-30 10:15:26,167700.0,100,Sell,227224873
2024-07-30 10:15:26,167700.0,300,Sell,227224872
2024-07-30 10:15:32,167600.0,100,Sell,227225097
2024-07-30 10:15:52,167600.0,100,Sell,227225446
2024-07-30 10:15:54,167600.0,200,Sell,227225474
2024-07-30 10:16:12,167600.0,100,Sell,227225760
2024-07-30 10:16:33,168000.0,100,Sell,227225998
2024-07-30 10:16:53,167700.0,100,Sell,227226390
2024-07-30 10:17:13,167700.0,100,Sell,227226728
2024-07-30 10:17:33,167700.0,100,Sell,227227019
2024-07-30 10:17:44,167700.0,300,Sell,227227144
2024-07-30 10:17:53,167700.0,100,Sell,227227286
2024-07-30 10:18:14,167700.0,100,Sell,227227595
2024-07-30 10:18:16,167700.0,200,Sell,227227649
2024-07-30 10:18:34,167700.0,100,Sell,227227950
2024-07-30 10:18:54,167700.0,100,Sell,227228378
2024-07-30 10:19:15,167700.0,100,Sell,227228831
2024-07-30 10:19:34,167700.0,100,Sell,227229193
2024-07-30 10:19:34,167700.0,100,Sell,227229186
2024-07-30 10:19:34,167700.0,100,Sell,227229185
2024-07-30 10:19:34,167700.0,100,Sell,227229187
2024-07-30 10:19:54,167700.0,100,Sell,227229562
2024-07-30 10:20:15,167700.0,100,Sell,227229892
2024-07-30 10:20:35,167700.0,100,Sell,227230326
2024-07-30 10:20:55,167800.0,100,Sell,227230646
2024-07-30 10:21:15,167800.0,100,Sell,227230963
2024-07-30 10:21:25,167700.0,200,Sell,227231107
2024-07-30 10:21:25,167700.0,100,Sell,227231108
2024-07-30 10:21:35,167700.0,100,Sell,227231229
2024-07-30 10:21:56,167700.0,100,Sell,227231663
2024-07-30 10:22:16,167600.0,100,Sell,227232057
2024-07-30 10:22:36,167700.0,100,Sell,227232376
2024-07-30 10:22:56,167700.0,100,Sell,227232991
2024-07-30 10:23:15,167700.0,200,Sell,227233302
2024-07-30 10:23:17,167700.0,100,Sell,227233329
2024-07-30 10:23:37,167700.0,100,Sell,227233752
2024-07-30 10:23:57,167700.0,100,Sell,227234042
2024-07-30 10:24:17,167700.0,100,Sell,227234413
2024-07-30 10:24:37,167700.0,100,Sell,227234806
2024-07-30 10:24:57,167700.0,100,Sell,227235154
2024-07-30 10:25:06,167700.0,300,Sell,227235434
2024-07-30 10:25:18,167700.0,100,Sell,227235596
2024-07-30 10:25:38,167700.0,100,Sell,227235940
2024-07-30 10:25:58,167700.0,100,Sell,227236210
2024-07-30 10:26:18,167700.0,100,Sell,227236458
2024-07-30 10:26:38,167700.0,100,Sell,227236727
2024-07-30 10:26:44,168300.0,100,Buy,227236824
2024-07-30 10:26:56,167700.0,300,Sell,227236965
2024-07-30 10:26:59,167700.0,100,Sell,227237008
2024-07-30 10:27:00,167700.0,100,Sell,227237022
2024-07-30 10:27:07,167700.0,100,Sell,227237075
2024-07-30 10:27:19,167700.0,100,Sell,227237260
2024-07-30 10:27:39,167700.0,100,Sell,227237573
2024-07-30 10:27:59,167700.0,100,Sell,227237864
2024-07-30 10:28:19,167600.0,100,Sell,227238175
2024-07-30 10:28:39,167700.0,100,Sell,227238404
2024-07-30 10:28:46,167600.0,300,Sell,227238496
2024-07-30 10:29:00,167600.0,100,Sell,227238618
2024-07-30 10:29:20,167600.0,100,Sell,227238831
2024-07-30 10:29:40,167600.0,100,Sell,227239085
2024-07-30 10:30:00,167600.0,100,Sell,227239331
2024-07-30 10:30:20,167600.0,100,Sell,227239618
2024-07-30 10:30:37,167600.0,100,Sell,227239851
2024-07-30 10:30:37,167600.0,200,Sell,227239852
2024-07-30 10:30:40,167600.0,100,Sell,227239895
2024-07-30 10:31:01,167600.0,100,Sell,227240189
2024-07-30 10:31:21,167600.0,100,Sell,227240438
2024-07-30 10:31:41,167600.0,100,Sell,227240790
2024-07-30 10:32:01,167600.0,100,Sell,227241044
2024-07-30 10:32:22,167700.0,100,Sell,227241279
2024-07-30 10:32:27,167600.0,200,Sell,227241352
2024-07-30 10:32:42,167700.0,100,Sell,227241533
2024-07-30 10:33:02,167700.0,100,Sell,227241829
2024-07-30 10:33:22,167700.0,100,Sell,227242159
2024-07-30 10:33:30,167700.0,200,Sell,227242292
2024-07-30 10:33:42,167700.0,100,Sell,227242502
2024-07-30 10:34:02,167700.0,100,Sell,227242825
2024-07-30 10:34:17,167700.0,200,Sell,227243010
2024-07-30 10:34:17,167700.0,100,Sell,227243006
2024-07-30 10:34:22,167600.0,100,Sell,227243151
2024-07-30 10:34:42,167600.0,100,Sell,227243404
2024-07-30 10:35:03,167600.0,100,Sell,227243755
2024-07-30 10:35:23,167700.0,100,Sell,227244077
2024-07-30 10:35:33,167600.0,100,Sell,227244275
2024-07-30 10:35:43,167600.0,100,Sell,227244440
2024-07-30 10:36:03,167600.0,100,Sell,227244745
2024-07-30 10:36:08,167600.0,200,Sell,227244814
2024-07-30 10:36:08,167600.0,100,Sell,227244815
2024-07-30 10:36:24,167700.0,100,Sell,227245141
2024-07-30 10:36:43,167700.0,100,Sell,227245433
2024-07-30 10:37:04,167800.0,100,Sell,227245710
2024-07-30 10:37:24,167700.0,100,Sell,227246149
2024-07-30 10:37:44,167700.0,100,Sell,227246437
2024-07-30 10:37:58,167700.0,200,Sell,227246756
2024-07-30 10:37:58,167700.0,100,Sell,227246755
2024-07-30 10:38:04,167700.0,100,Sell,227246859
2024-07-30 10:38:10,167700.0,100,Sell,227246914
2024-07-30 10:38:10,167700.0,400,Sell,227246915
2024-07-30 10:38:11,167700.0,200,Buy,227246952
2024-07-30 10:38:24,167600.0,100,Sell,227247173
2024-07-30 10:38:30,167700.0,300,Buy,227247243
2024-07-30 10:38:30,167700.0,200,Buy,227247244
2024-07-30 10:38:45,167700.0,100,Sell,227247624
2024-07-30 10:38:46,168000.0,100,Buy,227247634
2024-07-30 10:38:53,167700.0,200,Sell,227247836
2024-07-30 10:38:56,167700.0,200,Sell,227247870
2024-07-30 10:38:56,167700.0,400,Sell,227247871
2024-07-30 10:39:05,167600.0,100,Sell,227248021
2024-07-30 10:39:25,167600.0,100,Sell,227248447
2024-07-30 10:39:45,167600.0,100,Sell,227248777
2024-07-30 10:39:48,167600.0,100,Sell,227248832
2024-07-30 10:39:48,167600.0,100,Sell,227248831
2024-07-30 10:39:57,167600.0,100,Sell,227248968
2024-07-30 10:40:05,167600.0,100,Sell,227249077
2024-07-30 10:40:20,167600.0,100,Sell,227249268
2024-07-30 10:40:20,167600.0,200,Sell,227249265
2024-07-30 10:40:20,167600.0,100,Sell,227249266
2024-07-30 10:40:20,167600.0,100,Sell,227249267
2024-07-30 10:40:26,167600.0,900,Sell,227249365
2024-07-30 10:40:26,167600.0,100,Sell,227249355
2024-07-30 10:40:26,167600.0,100,Sell,227249366
2024-07-30 10:40:35,167600.0,100,Sell,227249503
2024-07-30 10:40:35,167600.0,200,Sell,227249504
2024-07-30 10:40:35,167600.0,200,Sell,227249505
2024-07-30 10:40:40,167600.0,500,Sell,227249542
2024-07-30 10:40:41,167700.0,400,Buy,227249547
2024-07-30 10:40:46,167600.0,100,Sell,227249632
2024-07-30 10:40:56,167600.0,200,Sell,227249752
2024-07-30 10:40:56,167600.0,100,Sell,227249753
2024-07-30 10:41:04,167600.0,100,Sell,227249878
2024-07-30 10:41:04,167600.0,100,Sell,227249879
2024-07-30 10:41:04,167600.0,100,Sell,227249880
2024-07-30 10:41:06,167500.0,100,Sell,227249898
2024-07-30 10:41:26,167500.0,100,Sell,227250197
2024-07-30 10:41:39,167600.0,200,Sell,227250374
2024-07-30 10:41:46,167500.0,100,Sell,227250503
2024-07-30 10:41:49,167600.0,100,Buy,227250539
2024-07-30 10:41:51,167600.0,200,Sell,227250593
2024-07-30 10:42:07,167600.0,100,Sell,227250890
2024-07-30 10:42:27,167600.0,100,Sell,227251138
2024-07-30 10:42:47,167500.0,100,Sell,227251558
2024-07-30 10:42:54,167500.0,100,Sell,227251687
2024-07-30 10:43:07,167500.0,100,Sell,227251872
2024-07-30 10:43:27,167500.0,100,Sell,227252217
2024-07-30 10:43:29,167500.0,300,Sell,227252234
2024-07-30 10:43:48,167500.0,100,Sell,227252604
2024-07-30 10:44:08,167500.0,100,Sell,227252918
2024-07-30 10:44:28,167500.0,100,Sell,227253230
2024-07-30 10:44:48,167500.0,100,Sell,227253484
2024-07-30 10:44:52,167500.0,200,Sell,227253530
2024-07-30 10:45:08,167500.0,100,Sell,227253759
2024-07-30 10:45:20,167500.0,300,Sell,227253983
2024-07-30 10:45:28,167500.0,100,Sell,227254106
2024-07-30 10:45:31,167900.0,100,Buy,227254137
2024-07-30 10:45:49,167500.0,100,Sell,227254429
2024-07-30 10:46:09,167500.0,100,Sell,227254818
2024-07-30 10:46:29,167500.0,100,Sell,227255135
2024-07-30 10:46:50,167500.0,100,Sell,227255416
2024-07-30 10:47:10,167500.0,100,Sell,227255759
2024-07-30 10:47:10,167500.0,300,Sell,227255760
2024-07-30 10:47:30,167500.0,100,Sell,227256033
2024-07-30 10:47:50,167500.0,100,Sell,227256373
2024-07-30 10:48:10,167500.0,100,Sell,227256769
2024-07-30 10:48:23,168100.0,400,Buy,227256930
2024-07-30 10:48:23,168000.0,100,Buy,227256929
2024-07-30 10:48:23,168000.0,300,Buy,227256928
2024-07-30 10:48:23,168300.0,100,Buy,227256932
2024-07-30 10:48:23,168000.0,400,Buy,227256926
2024-07-30 10:48:23,168000.0,100,Buy,227256927
2024-07-30 10:48:23,167800.0,100,Buy,227256923
2024-07-30 10:48:23,168300.0,100,Buy,227256931
2024-07-30 10:48:23,167900.0,200,Buy,227256924
2024-07-30 10:48:23,168000.0,200,Buy,227256925
2024-07-30 10:48:31,167600.0,100,Sell,227257028
2024-07-30 10:48:51,167600.0,100,Sell,227257386
2024-07-30 10:49:00,167600.0,100,Sell,227257485
2024-07-30 10:49:00,167600.0,100,Sell,227257486
2024-07-30 10:49:11,167600.0,100,Sell,227257667
2024-07-30 10:49:20,167600.0,300,Sell,227257821
2024-07-30 10:49:20,167600.0,300,Sell,227257822
2024-07-30 10:49:31,167500.0,100,Sell,227257985
2024-07-30 10:49:51,167600.0,100,Sell,227258291
2024-07-30 10:50:12,167600.0,100,Sell,227258610
2024-07-30 10:50:32,167600.0,100,Sell,227259084
2024-07-30 10:50:51,167600.0,300,Sell,227259387
2024-07-30 10:50:52,167600.0,100,Sell,227259411
2024-07-30 10:51:12,167600.0,100,Sell,227259719
2024-07-30 10:51:32,167600.0,100,Sell,227260048
2024-07-30 10:51:53,167600.0,100,Sell,227260318
2024-07-30 10:52:13,167600.0,100,Sell,227260607
2024-07-30 10:52:33,167600.0,100,Sell,227260898
2024-07-30 10:52:41,167600.0,100,Sell,227261019
2024-07-30 10:52:41,167600.0,200,Sell,227261018
2024-07-30 10:52:53,167600.0,100,Sell,227261176
2024-07-30 10:53:13,167600.0,100,Sell,227261436
2024-07-30 10:53:33,167600.0,100,Sell,227261707
2024-07-30 10:53:53,167600.0,100,Sell,227261977
2024-07-30 10:53:55,167600.0,500,Sell,227262016
2024-07-30 10:54:14,167600.0,100,Sell,227262319
2024-07-30 10:54:31,167600.0,300,Sell,227262583
2024-07-30 10:54:34,167600.0,100,Sell,227262614
2024-07-30 10:54:54,167600.0,100,Sell,227263237
2024-07-30 10:55:14,167600.0,100,Sell,227263718
2024-07-30 10:55:34,167600.0,100,Sell,227264074
2024-07-30 10:55:55,167600.0,100,Sell,227264524
2024-07-30 10:56:15,167700.0,100,Sell,227264789
2024-07-30 10:56:22,167600.0,100,Sell,227264858
2024-07-30 10:56:22,167700.0,100,Sell,227264857
2024-07-30 10:56:35,167600.0,100,Sell,227265059
2024-07-30 10:56:46,167700.0,100,Sell,227265180
2024-07-30 10:56:46,167700.0,100,Sell,227265179
2024-07-30 10:56:50,167700.0,300,Buy,227265232
2024-07-30 10:56:55,167600.0,100,Sell,227265327
2024-07-30 10:57:15,167600.0,100,Sell,227265600
2024-07-30 10:57:36,167600.0,100,Sell,227265932
2024-07-30 10:57:56,167600.0,100,Sell,227266239
2024-07-30 10:58:12,167600.0,300,Sell,227266557
2024-07-30 10:58:16,167600.0,100,Sell,227266613
2024-07-30 10:58:36,167600.0,100,Sell,227267390
2024-07-30 10:58:36,167900.0,100,Buy,227267385
2024-07-30 10:58:47,167900.0,100,Buy,227267776
2024-07-30 10:58:56,167600.0,100,Sell,227267914
2024-07-30 10:59:17,167600.0,100,Sell,227268206
2024-07-30 10:59:37,167600.0,100,Sell,227268467
2024-07-30 10:59:51,167600.0,100,Sell,227268672
2024-07-30 10:59:57,167600.0,100,Sell,227268848
2024-07-30 11:00:02,167600.0,200,Sell,227268926
2024-07-30 11:00:02,167600.0,100,Sell,227268927
2024-07-30 11:00:17,167700.0,100,Sell,227269158
2024-07-30 11:00:27,167700.0,100,Sell,227269303
2024-07-30 11:00:27,167700.0,900,Sell,227269302
2024-07-30 11:00:30,167900.0,100,Buy,227269369
2024-07-30 11:00:30,167700.0,100,Sell,227269374
2024-07-30 11:00:30,167700.0,400,Buy,227269375
2024-07-30 11:00:38,167700.0,100,Sell,227269436
2024-07-30 11:00:58,167700.0,100,Sell,227269979
2024-07-30 11:01:18,167700.0,100,Sell,227270366
2024-07-30 11:01:35,168000.0,100,Buy,227270713
2024-07-30 11:01:37,167700.0,100,Sell,227270740
2024-07-30 11:01:37,167700.0,100,Sell,227270741
2024-07-30 11:01:38,167700.0,100,Sell,227270761
2024-07-30 11:01:53,167600.0,300,Sell,227270989
2024-07-30 11:01:58,167600.0,100,Sell,227271055
2024-07-30 11:02:19,167600.0,100,Sell,227271523
2024-07-30 11:02:39,167600.0,100,Sell,227271795
2024-07-30 11:02:41,167900.0,100,Buy,227271817
2024-07-30 11:02:59,167700.0,100,Sell,227272067
2024-07-30 11:03:19,167700.0,100,Sell,227272287
2024-07-30 11:03:26,167900.0,100,Buy,227272359
2024-07-30 11:03:39,167700.0,100,Sell,227272694
2024-07-30 11:03:43,167700.0,300,Sell,227272737
2024-07-30 11:03:59,167700.0,100,Sell,227272972
2024-07-30 11:04:20,167700.0,100,Sell,227273351
2024-07-30 11:04:40,167800.0,100,Sell,227273660
2024-07-30 11:04:52,167800.0,200,Sell,227274031
2024-07-30 11:05:00,167800.0,100,Sell,227274186
2024-07-30 11:05:02,167800.0,400,Sell,227274204
2024-07-30 11:05:02,167800.0,100,Sell,227274203
2024-07-30 11:05:04,167900.0,100,Buy,227274261
2024-07-30 11:05:18,167900.0,100,Sell,227274416
2024-07-30 11:05:20,167800.0,100,Sell,227274435
2024-07-30 11:05:34,167800.0,200,Sell,227274597
2024-07-30 11:05:40,167900.0,100,Sell,227274791
2024-07-30 11:05:42,167900.0,500,Sell,227274816
2024-07-30 11:05:59,168000.0,200,Buy,227275122
2024-07-30 11:05:59,168000.0,100,Buy,227275121
2024-07-30 11:06:00,167900.0,100,Sell,227275141
2024-07-30 11:06:04,167900.0,300,Sell,227275167
2024-07-30 11:06:19,167900.0,200,Buy,227275441
2024-07-30 11:06:21,167900.0,100,Sell,227275503
2024-07-30 11:06:41,167900.0,100,Sell,227275823
2024-07-30 11:07:01,167900.0,100,Sell,227276179
2024-07-30 11:07:22,167900.0,100,Sell,227276459
2024-07-30 11:07:24,167900.0,300,Sell,227276504
2024-07-30 11:07:42,167900.0,100,Sell,227276923
2024-07-30 11:08:02,167900.0,100,Sell,227277256
2024-07-30 11:08:22,167900.0,100,Sell,227277516
2024-07-30 11:08:42,167900.0,100,Sell,227277815
2024-07-30 11:09:02,167900.0,100,Sell,227278123
2024-07-30 11:09:14,167900.0,300,Sell,227278277
2024-07-30 11:09:23,167900.0,100,Sell,227278374
2024-07-30 11:09:43,167900.0,100,Sell,227278681
2024-07-30 11:09:59,167900.0,100,Sell,227278954
2024-07-30 11:10:03,167900.0,100,Sell,227279059
2024-07-30 11:10:23,167800.0,100,Sell,227279355
2024-07-30 11:10:23,167800.0,100,Sell,227279357
2024-07-30 11:10:43,167800.0,100,Sell,227279754
2024-07-30 11:10:58,167800.0,300,Sell,227280057
2024-07-30 11:10:58,167800.0,100,Sell,227280058
2024-07-30 11:10:58,167800.0,300,Sell,227280059
2024-07-30 11:10:58,167800.0,300,Sell,227280056
2024-07-30 11:11:03,167700.0,100,Sell,227280179
2024-07-30 11:11:05,167700.0,300,Sell,227280198
2024-07-30 11:11:24,167700.0,100,Sell,227280479
2024-07-30 11:11:38,167800.0,100,Sell,227280737
2024-07-30 11:11:38,167800.0,200,Sell,227280738
2024-07-30 11:11:44,167700.0,100,Sell,227280846
2024-07-30 11:12:04,167700.0,100,Sell,227281275
2024-07-30 11:12:24,167700.0,100,Sell,227281550
2024-07-30 11:12:45,167700.0,100,Sell,227281826
2024-07-30 11:12:55,167700.0,200,Sell,227281982
2024-07-30 11:13:05,167700.0,100,Sell,227282122
2024-07-30 11:13:25,167700.0,100,Sell,227282413
2024-07-30 11:13:45,167700.0,100,Sell,227282645
2024-07-30 11:14:05,167700.0,100,Sell,227283140
2024-07-30 11:14:26,167700.0,100,Sell,227283355
2024-07-30 11:14:38,167900.0,100,Buy,227283553
2024-07-30 11:14:45,167700.0,300,Sell,227283730
2024-07-30 11:14:46,167700.0,100,Sell,227283773
2024-07-30 11:15:07,167800.0,100,Sell,227284070
2024-07-30 11:15:27,167800.0,100,Sell,227284438
2024-07-30 11:15:47,167900.0,100,Sell,227284748
2024-07-30 11:16:07,167800.0,100,Sell,227285012
2024-07-30 11:16:27,167800.0,100,Sell,227285358
2024-07-30 11:16:35,167800.0,1000,Sell,227285500
2024-07-30 11:16:36,167800.0,100,Sell,227285589
2024-07-30 11:16:36,167800.0,200,Sell,227285590
2024-07-30 11:16:48,167800.0,100,Sell,227285742
2024-07-30 11:16:55,167800.0,300,Sell,227285839
2024-07-30 11:16:55,167800.0,200,Sell,227285840
2024-07-30 11:17:08,167900.0,100,Sell,227286014
2024-07-30 11:17:28,167700.0,100,Sell,227286323
2024-07-30 11:17:39,167800.0,100,Buy,227286466
2024-07-30 11:17:48,167700.0,100,Sell,227286621
2024-07-30 11:18:09,167700.0,100,Sell,227286921
2024-07-30 11:18:17,167800.0,100,Buy,227287034
2024-07-30 11:18:26,167900.0,100,Buy,227287178
2024-07-30 11:18:26,167800.0,100,Sell,227287179
2024-07-30 11:18:26,167800.0,200,Sell,227287180
2024-07-30 11:18:29,167700.0,100,Sell,227287215
2024-07-30 11:18:49,167700.0,100,Sell,227287537
2024-07-30 11:18:56,167800.0,200,Buy,227287605
2024-07-30 11:19:05,167800.0,100,Buy,227287695
2024-07-30 11:19:09,167700.0,100,Sell,227287743
2024-07-30 11:19:29,167700.0,100,Sell,227288039
2024-07-30 11:19:50,167700.0,100,Sell,227288349
2024-07-30 11:20:10,167700.0,100,Sell,227288729
2024-07-30 11:20:17,167700.0,300,Sell,227288837
2024-07-30 11:20:30,167700.0,100,Sell,227289022
2024-07-30 11:20:40,167800.0,100,Buy,227289143
2024-07-30 11:20:40,167800.0,200,Buy,227289142
2024-07-30 11:20:50,167700.0,100,Sell,227289279
2024-07-30 11:21:10,167700.0,100,Sell,227289490
2024-07-30 11:21:31,167700.0,100,Sell,227289739
2024-07-30 11:21:51,167700.0,100,Sell,227289979
2024-07-30 11:21:56,167900.0,100,Buy,227290051
2024-07-30 11:22:07,167700.0,200,Sell,227290188
2024-07-30 11:22:11,167700.0,100,Sell,227290230
2024-07-30 11:22:31,167700.0,100,Sell,227290433
2024-07-30 11:22:52,167700.0,100,Sell,227290677
2024-07-30 11:23:12,167700.0,100,Sell,227291081
2024-07-30 11:23:32,167700.0,100,Sell,227291621
2024-07-30 11:23:41,167700.0,200,Sell,227291759
2024-07-30 11:23:52,167700.0,100,Sell,227291923
2024-07-30 11:23:57,167700.0,100,Sell,227291982
2024-07-30 11:23:57,167700.0,200,Sell,227291983
2024-07-30 11:24:13,167700.0,100,Sell,227292173
2024-07-30 11:24:33,167700.0,100,Sell,227292393
2024-07-30 11:24:53,167700.0,100,Sell,227292622
2024-07-30 11:25:13,167700.0,100,Sell,227292925
2024-07-30 11:25:33,167700.0,100,Sell,227293131
2024-07-30 11:25:48,167700.0,100,Sell,227293320
2024-07-30 11:25:48,167700.0,100,Sell,227293319
2024-07-30 11:25:54,167700.0,100,Sell,227293400
2024-07-30 11:26:14,167600.0,100,Sell,227293641
2024-07-30 11:26:34,167600.0,100,Sell,227293963
2024-07-30 11:26:54,167600.0,100,Sell,227294223
2024-07-30 11:27:14,167600.0,100,Sell,227294474
2024-07-30 11:27:35,167600.0,100,Sell,227294721
2024-07-30 11:27:38,167900.0,100,Buy,227294781
2024-07-30 11:27:38,167600.0,300,Sell,227294782
2024-07-30 11:27:55,167600.0,100,Sell,227294997
2024-07-30 11:28:15,167600.0,100,Sell,227295227
2024-07-30 11:28:20,167800.0,200,Buy,227295307
2024-07-30 11:28:35,167600.0,100,Sell,227295633
2024-07-30 11:29:04,167700.0,100,Sell,227296025
2024-07-30 11:29:04,167700.0,100,Sell,227296026
2024-07-30 11:29:35,167700.0,100,Sell,227296452
2024-07-30 11:29:35,167700.0,200,Sell,227296451
2024-07-30 12:59:40,167700.0,100,Sell,227297195
2024-07-30 12:59:45,167800.0,200,Buy,227298616
2024-07-30 12:59:45,167700.0,200,Buy,227298615
2024-07-30 12:59:48,167700.0,400,Sell,227299790
2024-07-30 13:00:37,167900.0,100,Sell,227302213
2024-07-30 13:00:39,168000.0,100,Buy,227302243
2024-07-30 13:01:03,167700.0,200,Sell,227302851
2024-07-30 13:01:23,167700.0,100,Sell,227303355
2024-07-30 13:01:34,167800.0,100,Sell,227303613
2024-07-30 13:01:43,167700.0,100,Sell,227303820
2024-07-30 13:01:52,167700.0,100,Sell,227304016
2024-07-30 13:01:52,167700.0,200,Sell,227304017
2024-07-30 13:02:03,167700.0,100,Sell,227304379
2024-07-30 13:02:19,167700.0,100,Sell,227304742
2024-07-30 13:02:24,167600.0,100,Sell,227304901
2024-07-30 13:02:44,167600.0,100,Sell,227305433
2024-07-30 13:03:04,167700.0,100,Sell,227305943
2024-07-30 13:03:23,167700.0,100,Sell,227306504
2024-07-30 13:03:25,167600.0,100,Sell,227306529
2024-07-30 13:03:45,167600.0,100,Sell,227307197
2024-07-30 13:03:56,167600.0,100,Sell,227307559
2024-07-30 13:03:56,167600.0,200,Sell,227307560
2024-07-30 13:03:56,167600.0,100,Sell,227307558
2024-07-30 13:04:05,167600.0,100,Sell,227307766
2024-07-30 13:04:26,167600.0,100,Sell,227308368
2024-07-30 13:04:46,167600.0,100,Sell,227308904
2024-07-30 13:05:06,167600.0,100,Sell,227309526
2024-07-30 13:05:12,167800.0,100,Buy,227309635
2024-07-30 13:05:26,167700.0,100,Sell,227309998
2024-07-30 13:05:46,167700.0,100,Sell,227310569
2024-07-30 13:05:59,167700.0,100,Sell,227310900
2024-07-30 13:05:59,167700.0,200,Sell,227310901
2024-07-30 13:06:07,167600.0,100,Sell,227311091
2024-07-30 13:06:27,167600.0,100,Sell,227311909
2024-07-30 13:06:47,167700.0,100,Sell,227312486
2024-07-30 13:07:08,167700.0,100,Sell,227313096
2024-07-30 13:07:28,167700.0,100,Sell,227313649
2024-07-30 13:07:33,167700.0,600,Sell,227313795
2024-07-30 13:07:48,167700.0,100,Sell,227314301
2024-07-30 13:08:00,167900.0,100,Buy,227314725
2024-07-30 13:08:03,167800.0,200,Sell,227314811
2024-07-30 13:08:03,167800.0,200,Sell,227314810
2024-07-30 13:08:08,167700.0,100,Sell,227314911
2024-07-30 13:08:15,167900.0,100,Buy,227315083
2024-07-30 13:08:28,167700.0,100,Sell,227315459
2024-07-30 13:08:48,167700.0,100,Sell,227316237
2024-07-30 13:08:59,167700.0,200,Sell,227316555
2024-07-30 13:08:59,167700.0,100,Sell,227316556
2024-07-30 13:08:59,167700.0,200,Sell,227316557
2024-07-30 13:09:09,167700.0,100,Sell,227316864
2024-07-30 13:09:14,167700.0,500,Sell,227316994
2024-07-30 13:09:14,167700.0,100,Sell,227316995
2024-07-30 13:09:14,167700.0,400,Sell,227316996
2024-07-30 13:09:29,167700.0,100,Sell,227317379
2024-07-30 13:09:50,167700.0,100,Sell,227317862
2024-07-30 13:10:07,167700.0,200,Sell,227318572
2024-07-30 13:10:07,167700.0,100,Sell,227318573
2024-07-30 13:10:10,167700.0,100,Sell,227318645
2024-07-30 13:10:14,167700.0,100,Sell,227318759
2024-07-30 13:10:30,167700.0,100,Sell,227319222
2024-07-30 13:10:51,167700.0,100,Sell,227319934
2024-07-30 13:11:11,167700.0,100,Sell,227320681
2024-07-30 13:11:22,167700.0,100,Sell,227320977
2024-07-30 13:11:22,167700.0,500,Sell,227320978
2024-07-30 13:11:31,167600.0,100,Sell,227321241
2024-07-30 13:11:34,167700.0,100,Buy,227321324
2024-07-30 13:11:51,167700.0,100,Sell,227321790
2024-07-30 13:12:11,167700.0,100,Sell,227322363
2024-07-30 13:12:11,167700.0,200,Sell,227322364
2024-07-30 13:12:11,167700.0,100,Sell,227322365
2024-07-30 13:12:12,167600.0,100,Sell,227322371
2024-07-30 13:12:32,167600.0,100,Sell,227322862
2024-07-30 13:12:52,167700.0,100,Sell,227323431
2024-07-30 13:13:13,167700.0,100,Sell,227323969
2024-07-30 13:13:19,167700.0,200,Sell,227324099
2024-07-30 13:13:33,167700.0,100,Sell,227324464
2024-07-30 13:13:53,167700.0,100,Sell,227324878
2024-07-30 13:14:14,167700.0,100,Sell,227325471
2024-07-30 13:14:15,167700.0,300,Sell,227325533
2024-07-30 13:14:34,167700.0,100,Sell,227325937
2024-07-30 13:14:54,167700.0,100,Sell,227326393
2024-07-30 13:14:57,167700.0,200,Sell,227326470
2024-07-30 13:14:57,167700.0,100,Sell,227326471
2024-07-30 13:14:57,167700.0,100,Sell,227326472
2024-07-30 13:14:57,167700.0,100,Sell,227326473
2024-07-30 13:15:15,167800.0,100,Sell,227326861
2024-07-30 13:15:29,167800.0,100,Sell,227327220
2024-07-30 13:15:29,167800.0,200,Sell,227327221
2024-07-30 13:15:34,167700.0,100,Sell,227327389
2024-07-30 13:15:55,167700.0,100,Sell,227327989
2024-07-30 13:16:07,167900.0,200,Buy,227328327
2024-07-30 13:16:07,167900.0,100,Buy,227328326
2024-07-30 13:16:08,168000.0,100,Buy,227328351
2024-07-30 13:16:08,168000.0,100,Buy,227328352
2024-07-30 13:16:15,167800.0,100,Sell,227328533
2024-07-30 13:16:17,168000.0,100,Buy,227328592
2024-07-30 13:16:17,168000.0,200,Buy,227328593
2024-07-30 13:16:17,168000.0,200,Buy,227328594
2024-07-30 13:16:18,167800.0,400,Sell,227328612
2024-07-30 13:16:26,167600.0,500,Sell,227328782
2024-07-30 13:16:26,167600.0,100,Sell,227328781
2024-07-30 13:16:26,167600.0,200,Sell,227328780
2024-07-30 13:16:26,167600.0,100,Sell,227328779
2024-07-30 13:16:26,167700.0,100,Sell,227328774
2024-07-30 13:16:26,167600.0,3000,Sell,227328776
2024-07-30 13:16:26,167600.0,6900,Sell,227328775
2024-07-30 13:16:26,167700.0,100,Sell,227328773
2024-07-30 13:16:26,167600.0,100,Sell,227328778
2024-07-30 13:16:26,167700.0,1000,Sell,227328771
2024-07-30 13:16:26,167700.0,100,Sell,227328772
2024-07-30 13:16:26,167800.0,100,Sell,227328763
2024-07-30 13:16:26,167800.0,600,Sell,227328764
2024-07-30 13:16:26,167800.0,1000,Sell,227328765
2024-07-30 13:16:26,167700.0,400,Sell,227328766
2024-07-30 13:16:26,167600.0,100,Sell,227328777
2024-07-30 13:16:26,167700.0,200,Sell,227328767
2024-07-30 13:16:26,167700.0,600,Sell,227328769
2024-07-30 13:16:26,167700.0,1000,Sell,227328770
2024-07-30 13:16:26,167700.0,200,Sell,227328768
2024-07-30 13:16:27,167600.0,3600,Buy,227328799
2024-07-30 13:16:35,167600.0,100,Sell,227328962
2024-07-30 13:16:56,167600.0,100,Sell,227329507
2024-07-30 13:17:02,167600.0,200,Sell,227329676
2024-07-30 13:17:02,167600.0,200,Sell,227329677
2024-07-30 13:17:02,167600.0,100,Sell,227329678
2024-07-30 13:17:16,167700.0,100,Sell,227330005
2024-07-30 13:17:36,167600.0,100,Sell,227330532
2024-07-30 13:17:57,167700.0,100,Sell,227331255
2024-07-30 13:18:08,167900.0,100,Buy,227331640
2024-07-30 13:18:08,167900.0,200,Buy,227331641
2024-07-30 13:18:17,167700.0,100,Sell,227331892
2024-07-30 13:18:22,167700.0,100,Sell,227332041
2024-07-30 13:18:22,167700.0,200,Sell,227332042
2024-07-30 13:18:37,167700.0,100,Sell,227332390
2024-07-30 13:18:57,167900.0,200,Buy,227332938
2024-07-30 13:18:58,167800.0,100,Sell,227332954
2024-07-30 13:19:01,168000.0,200,Buy,227333036
2024-07-30 13:19:18,167900.0,100,Sell,227333594
2024-07-30 13:19:38,167900.0,100,Sell,227334154
2024-07-30 13:19:58,167900.0,100,Sell,227334803
2024-07-30 13:20:19,167900.0,100,Sell,227335476
2024-07-30 13:20:20,167900.0,100,Sell,227335542
2024-07-30 13:20:26,167700.0,400,Sell,227335763
2024-07-30 13:20:39,167700.0,100,Sell,227336178
2024-07-30 13:20:59,167700.0,100,Sell,227336759
2024-07-30 13:21:19,167700.0,100,Sell,227337341
2024-07-30 13:21:25,167800.0,100,Sell,227337499
2024-07-30 13:21:25,167800.0,600,Sell,227337500
2024-07-30 13:21:25,167700.0,1300,Sell,227337501
2024-07-30 13:21:40,167700.0,100,Sell,227337988
2024-07-30 13:22:00,167700.0,100,Sell,227338699
2024-07-30 13:22:02,168000.0,100,Buy,227338757
2024-07-30 13:22:02,168000.0,200,Buy,227338756
2024-07-30 13:22:02,168000.0,100,Buy,227338755
2024-07-30 13:22:06,168100.0,100,Buy,227338863
2024-07-30 13:22:14,168000.0,200,Sell,227339074
2024-07-30 13:22:15,168000.0,1000,Sell,227339100
2024-07-30 13:22:20,168000.0,100,Sell,227339270
2024-07-30 13:22:27,168100.0,100,Buy,227339495
2024-07-30 13:22:27,168200.0,200,Buy,227339496
2024-07-30 13:22:30,168000.0,300,Sell,227339631
2024-07-30 13:22:39,168100.0,100,Sell,227339865
2024-07-30 13:22:39,168000.0,200,Sell,227339867
2024-07-30 13:22:39,168000.0,200,Sell,227339866
2024-07-30 13:22:41,167800.0,100,Sell,227339905
2024-07-30 13:23:01,167800.0,100,Sell,227340467
2024-07-30 13:23:21,167900.0,100,Sell,227341025
2024-07-30 13:23:33,167900.0,200,Buy,227341299
2024-07-30 13:23:41,167900.0,100,Sell,227341510
2024-07-30 13:23:44,167900.0,400,Sell,227341628
2024-07-30 13:23:44,167900.0,400,Sell,227341627
2024-07-30 13:24:02,167800.0,100,Sell,227342092
2024-07-30 13:24:17,167900.0,100,Buy,227342454
2024-07-30 13:24:19,168000.0,100,Buy,227342507
2024-07-30 13:24:22,167800.0,100,Sell,227342600
2024-07-30 13:24:34,167800.0,400,Sell,227342961
2024-07-30 13:24:42,167800.0,100,Sell,227343278
2024-07-30 13:25:03,167800.0,100,Sell,227343773
2024-07-30 13:25:23,167800.0,100,Sell,227344240
2024-07-30 13:25:43,167800.0,100,Sell,227344723
2024-07-30 13:26:04,167800.0,100,Sell,227345288
2024-07-30 13:26:10,167800.0,200,Sell,227345414
2024-07-30 13:26:18,167800.0,500,Sell,227345576
2024-07-30 13:26:18,167800.0,100,Sell,227345577
2024-07-30 13:26:18,167800.0,100,Sell,227345578
2024-07-30 13:26:18,167800.0,100,Sell,227345579
2024-07-30 13:26:18,167800.0,200,Sell,227345580
2024-07-30 13:26:26,167800.0,300,Sell,227345747
2024-07-30 13:26:26,167800.0,300,Sell,227345746
2024-07-30 13:26:26,167800.0,100,Sell,227345744
2024-07-30 13:26:26,167800.0,300,Sell,227345745
2024-07-30 13:26:27,167800.0,100,Sell,227345765
2024-07-30 13:26:37,167800.0,100,Sell,227345991
2024-07-30 13:26:37,167800.0,200,Sell,227345992
2024-07-30 13:26:44,167700.0,100,Sell,227346102
2024-07-30 13:27:04,167700.0,100,Sell,227346574
2024-07-30 13:27:06,167700.0,100,Sell,227346612
2024-07-30 13:27:06,167700.0,100,Sell,227346616
2024-07-30 13:27:06,167700.0,500,Sell,227346617
2024-07-30 13:27:06,167700.0,300,Sell,227346618
2024-07-30 13:27:25,167700.0,100,Sell,227347022
2024-07-30 13:27:45,167700.0,100,Sell,227347471
2024-07-30 13:28:05,167700.0,100,Sell,227347986
2024-07-30 13:28:21,167800.0,100,Buy,227348339
2024-07-30 13:28:26,167700.0,100,Sell,227348418
2024-07-30 13:28:27,168000.0,200,Buy,227348436
2024-07-30 13:28:41,167700.0,400,Sell,227348700
2024-07-30 13:28:47,167700.0,100,Sell,227348853
2024-07-30 13:29:07,167800.0,100,Sell,227349359
2024-07-30 13:29:27,167800.0,100,Sell,227349870
2024-07-30 13:29:47,167800.0,100,Sell,227350509
2024-07-30 13:30:12,167800.0,100,Sell,227351189
2024-07-30 13:30:28,167800.0,100,Sell,227351716
2024-07-30 13:30:45,167800.0,200,Sell,227352256
2024-07-30 13:30:45,167800.0,100,Sell,227352257
2024-07-30 13:30:48,167800.0,100,Sell,227352467
2024-07-30 13:31:01,167800.0,100,Sell,227352777
2024-07-30 13:31:08,167800.0,100,Sell,227353123
2024-07-30 13:31:21,168000.0,100,Buy,227353591
2024-07-30 13:31:24,167800.0,300,Sell,227353703
2024-07-30 13:31:29,167700.0,100,Sell,227353837
2024-07-30 13:31:50,167800.0,100,Sell,227354538
2024-07-30 13:31:50,167900.0,300,Buy,227354567
2024-07-30 13:32:00,167900.0,200,Sell,227354933
2024-07-30 13:32:00,167900.0,300,Sell,227354934
2024-07-30 13:32:09,167800.0,100,Sell,227355443
2024-07-30 13:32:30,167800.0,100,Sell,227356085
2024-07-30 13:32:49,167800.0,400,Sell,227356827
2024-07-30 13:32:50,167800.0,100,Sell,227356865
2024-07-30 13:33:07,167900.0,100,Buy,227357367
2024-07-30 13:33:10,167900.0,100,Sell,227357435
2024-07-30 13:33:31,167900.0,100,Sell,227358007
2024-07-30 13:33:51,167900.0,100,Sell,227358695
2024-07-30 13:34:11,167900.0,100,Sell,227359435
2024-07-30 13:34:14,167900.0,500,Sell,227359495
2024-07-30 13:34:17,168000.0,100,Buy,227359671
2024-07-30 13:34:17,167900.0,300,Sell,227359699
2024-07-30 13:34:32,167900.0,100,Sell,227360231
2024-07-30 13:34:46,167900.0,1000,Sell,227360646
2024-07-30 13:34:52,167900.0,100,Sell,227360783
2024-07-30 13:34:52,167900.0,300,Sell,227360787
2024-07-30 13:35:08,167900.0,200,Sell,227361288
2024-07-30 13:35:08,167900.0,100,Sell,227361289
2024-07-30 13:35:12,167800.0,100,Sell,227361393
2024-07-30 13:35:32,167800.0,100,Sell,227362200
2024-07-30 13:35:53,167800.0,100,Sell,227362913
2024-07-30 13:36:13,167800.0,100,Sell,227363684
2024-07-30 13:36:33,167800.0,100,Sell,227364630
2024-07-30 13:36:48,167800.0,900,Sell,227365247
2024-07-30 13:36:49,167800.0,200,Sell,227365256
2024-07-30 13:36:54,167800.0,100,Sell,227365388
2024-07-30 13:36:56,167800.0,400,Sell,227365476
2024-07-30 13:37:04,167800.0,100,Sell,227365826
2024-07-30 13:37:14,167800.0,100,Sell,227366289
2024-07-30 13:37:34,167800.0,100,Sell,227367064
2024-07-30 13:37:39,167800.0,1000,Sell,227367219
2024-07-30 13:37:54,167800.0,100,Sell,227367734
2024-07-30 13:38:09,167800.0,700,Sell,227368203
2024-07-30 13:38:09,167800.0,1300,Sell,227368204
2024-07-30 13:38:15,167800.0,100,Sell,227368401
2024-07-30 13:38:20,167900.0,100,Buy,227368559
2024-07-30 13:38:35,167800.0,100,Sell,227369181
2024-07-30 13:38:42,167900.0,100,Buy,227369377
2024-07-30 13:38:43,167800.0,400,Sell,227369397
2024-07-30 13:38:55,167800.0,100,Sell,227369891
2024-07-30 13:39:00,167800.0,300,Sell,227370091
2024-07-30 13:39:15,167800.0,100,Sell,227370558
2024-07-30 13:39:31,167800.0,500,Sell,227371152
2024-07-30 13:39:36,167800.0,100,Sell,227371353
2024-07-30 13:39:46,167800.0,2000,Sell,227371666
2024-07-30 13:39:56,167800.0,100,Sell,227371987
2024-07-30 13:39:57,167900.0,100,Buy,227372031
2024-07-30 13:40:16,167800.0,100,Sell,227372574
2024-07-30 13:40:25,167800.0,100,Sell,227372812
2024-07-30 13:40:25,167800.0,300,Sell,227372837
2024-07-30 13:40:37,167800.0,100,Sell,227373251
2024-07-30 13:40:45,167800.0,300,Sell,227373538
2024-07-30 13:40:57,167700.0,100,Sell,227373838
2024-07-30 13:41:04,167700.0,400,Sell,227374115
2024-07-30 13:41:17,167700.0,100,Sell,227374634
2024-07-30 13:41:38,167700.0,100,Sell,227375518
2024-07-30 13:41:58,167700.0,100,Sell,227376483
2024-07-30 13:42:12,167700.0,100,Sell,227376986
2024-07-30 13:42:18,167700.0,100,Sell,227377275
2024-07-30 13:42:34,167700.0,300,Sell,227378232
2024-07-30 13:42:39,167700.0,100,Sell,227378471
2024-07-30 13:42:59,167700.0,100,Sell,227379400
2024-07-30 13:43:08,167700.0,300,Sell,227379974
2024-07-30 13:43:19,167700.0,100,Sell,227380457
2024-07-30 13:43:24,167700.0,1100,Sell,227380649
2024-07-30 13:43:31,167700.0,500,Sell,227380996
2024-07-30 13:43:40,167700.0,100,Sell,227381417
2024-07-30 13:43:47,167700.0,100,Sell,227381771
2024-07-30 13:43:47,167700.0,100,Sell,227381772
2024-07-30 13:43:47,167700.0,300,Sell,227381773
2024-07-30 13:44:00,167700.0,100,Sell,227382444
2024-07-30 13:44:12,167700.0,100,Sell,227383080
2024-07-30 13:44:12,167700.0,100,Sell,227383081
2024-07-30 13:44:14,167700.0,100,Sell,227383142
2024-07-30 13:44:14,167700.0,100,Sell,227383143
2024-07-30 13:44:14,167700.0,100,Sell,227383140
2024-07-30 13:44:14,167700.0,100,Sell,227383141
2024-07-30 13:44:14,167700.0,100,Sell,227383139
2024-07-30 13:44:20,167700.0,100,Sell,227383575
2024-07-30 13:44:36,167700.0,600,Sell,227384600
2024-07-30 13:44:36,167700.0,400,Sell,227384599
2024-07-30 13:44:40,167700.0,100,Sell,227384780
2024-07-30 13:44:52,167700.0,100,Sell,227385474
2024-07-30 13:45:01,167700.0,100,Sell,227385859
2024-07-30 13:45:07,167700.0,100,Sell,227386260
2024-07-30 13:45:11,167700.0,400,Sell,227386764
2024-07-30 13:45:21,167700.0,100,Sell,227387468
2024-07-30 13:45:21,167700.0,500,Sell,227387483
2024-07-30 13:45:41,167600.0,100,Sell,227388637
2024-07-30 13:45:50,167600.0,300,Sell,227389058
2024-07-30 13:46:02,167600.0,100,Sell,227389564
2024-07-30 13:46:13,167600.0,300,Sell,227390117
2024-07-30 13:46:19,167600.0,200,Sell,227390363
2024-07-30 13:46:19,167600.0,300,Sell,227390364
2024-07-30 13:46:22,167600.0,100,Sell,227390495
2024-07-30 13:46:28,167600.0,100,Sell,227390801
2024-07-30 13:46:42,167600.0,100,Sell,227391326
2024-07-30 13:46:42,167600.0,1100,Sell,227391318
2024-07-30 13:47:02,167600.0,100,Sell,227392114
2024-07-30 13:47:06,167600.0,200,Sell,227392191
2024-07-30 13:47:06,167600.0,100,Sell,227392192
2024-07-30 13:47:06,167600.0,100,Sell,227392193
2024-07-30 13:47:06,167600.0,200,Sell,227392194
2024-07-30 13:47:06,167600.0,400,Sell,227392195
2024-07-30 13:47:10,167600.0,500,Sell,227392306
2024-07-30 13:47:15,167600.0,300,Sell,227392540
2024-07-30 13:47:23,167600.0,100,Sell,227392769
2024-07-30 13:47:30,167600.0,200,Sell,227393100
2024-07-30 13:47:43,167600.0,100,Sell,227393610
2024-07-30 13:48:03,167600.0,100,Sell,227394449
2024-07-30 13:48:07,167600.0,100,Sell,227394556
2024-07-30 13:48:12,167600.0,200,Sell,227394791
2024-07-30 13:48:24,167600.0,100,Sell,227395146
2024-07-30 13:48:44,167600.0,100,Sell,227395789
2024-07-30 13:49:05,167600.0,100,Sell,227396489
2024-07-30 13:49:13,167600.0,100,Sell,227396703
2024-07-30 13:49:13,167600.0,100,Sell,227396702
2024-07-30 13:49:19,167600.0,200,Sell,227396880
2024-07-30 13:49:19,167600.0,200,Sell,227396879
2024-07-30 13:49:25,167600.0,100,Sell,227397087
2024-07-30 13:49:31,167600.0,300,Sell,227397407
2024-07-30 13:49:35,167600.0,1000,Sell,227397615
2024-07-30 13:49:45,167600.0,400,Sell,227398015
2024-07-30 13:49:45,167500.0,100,Sell,227398016
2024-07-30 13:50:06,167500.0,100,Sell,227398659
2024-07-30 13:50:26,167500.0,100,Sell,227399246
2024-07-30 13:50:46,167600.0,100,Sell,227399802
2024-07-30 13:51:07,167600.0,200,Sell,227400432
2024-07-30 13:51:21,167600.0,300,Sell,227400833
2024-07-30 13:51:23,167600.0,300,Sell,227400878
2024-07-30 13:51:27,167600.0,100,Sell,227401030
2024-07-30 13:51:27,167600.0,100,Sell,227401031
2024-07-30 13:51:31,167600.0,200,Sell,227401160
2024-07-30 13:51:48,167500.0,200,Sell,227401812
2024-07-30 13:51:51,167600.0,200,Buy,227401917
2024-07-30 13:52:08,167600.0,200,Sell,227402452
2024-07-30 13:52:13,167600.0,400,Sell,227402583
2024-07-30 13:52:28,167700.0,100,Buy,227403026
2024-07-30 13:52:28,167600.0,200,Sell,227403025
2024-07-30 13:52:38,167700.0,100,Buy,227403307
2024-07-30 13:52:48,167700.0,200,Sell,227403660
2024-07-30 13:52:50,167700.0,100,Sell,227403754
2024-07-30 13:52:50,167700.0,100,Sell,227403763
2024-07-30 13:53:09,167600.0,200,Sell,227404341
2024-07-30 13:53:09,167700.0,100,Buy,227404367
2024-07-30 13:53:27,167700.0,400,Sell,227404945
2024-07-30 13:53:29,167700.0,100,Sell,227405013
2024-07-30 13:53:29,167600.0,100,Sell,227405014
2024-07-30 13:53:49,167600.0,100,Sell,227405633
2024-07-30 13:53:49,167600.0,100,Sell,227405634
2024-07-30 13:54:10,167600.0,200,Sell,227406191
2024-07-30 13:54:30,167600.0,200,Sell,227406671
2024-07-30 13:54:50,167600.0,200,Sell,227407087
2024-07-30 13:55:11,167600.0,200,Sell,227407610
2024-07-30 13:55:15,167700.0,100,Buy,227407711
2024-07-30 13:55:30,167600.0,300,Sell,227408146
2024-07-30 13:55:31,167600.0,200,Sell,227408176
2024-07-30 13:55:38,167700.0,100,Buy,227408355
2024-07-30 13:55:51,167600.0,200,Sell,227408683
2024-07-30 13:56:12,167600.0,200,Sell,227409257
2024-07-30 13:56:22,167600.0,300,Sell,227409428
2024-07-30 13:56:22,167600.0,100,Sell,227409429
2024-07-30 13:56:22,167600.0,100,Sell,227409430
2024-07-30 13:56:22,167600.0,100,Sell,227409431
2024-07-30 13:56:22,167600.0,400,Sell,227409432
2024-07-30 13:56:32,167600.0,100,Sell,227409863
2024-07-30 13:56:32,167600.0,100,Sell,227409864
2024-07-30 13:56:53,167500.0,200,Sell,227410346
2024-07-30 13:57:13,167500.0,200,Sell,227411022
2024-07-30 13:57:33,167500.0,200,Sell,227411709
2024-07-30 13:57:34,167500.0,300,Sell,227411723
2024-07-30 13:58:46,167700.0,200,Buy,227413901
2024-07-30 13:59:38,167500.0,400,Sell,227415740
2024-07-30 14:00:26,167500.0,100,Sell,227417737
2024-07-30 14:01:11,167500.0,300,Sell,227419729
2024-07-30 14:01:14,167500.0,200,Sell,227419858
2024-07-30 14:01:23,167500.0,500,Sell,227420317
2024-07-30 14:01:29,167600.0,100,Buy,227420587
2024-07-30 14:02:08,167500.0,200,Sell,227423466
2024-07-30 14:02:23,167500.0,200,Sell,227424867
2024-07-30 14:02:49,167500.0,100,Sell,227426748
2024-07-30 14:03:39,167500.0,1000,Sell,227431331
2024-07-30 14:03:49,167500.0,300,Sell,227432144
2024-07-30 14:03:57,167500.0,1000,Sell,227432824
2024-07-30 14:04:02,167500.0,500,Sell,227433204
2024-07-30 14:04:16,167600.0,100,Buy,227434308
2024-07-30 14:04:16,167600.0,300,Buy,227434309
2024-07-30 14:04:28,167600.0,100,Sell,227435475
2024-07-30 14:04:32,167600.0,500,Sell,227435691
2024-07-30 14:04:54,167500.0,1000,Sell,227437368
2024-07-30 14:04:55,167600.0,100,Buy,227437521
2024-07-30 14:05:00,167500.0,1000,Sell,227437867
2024-07-30 14:05:04,167500.0,100,Sell,227438142
2024-07-30 14:05:05,167600.0,100,Buy,227438214
2024-07-30 14:05:09,167600.0,1000,Buy,227438533
2024-07-30 14:05:12,167500.0,500,Sell,227438801
2024-07-30 14:05:15,167500.0,200,Sell,227439037
2024-07-30 14:05:17,167500.0,100,Sell,227439167
2024-07-30 14:05:17,167600.0,100,Buy,227439174
2024-07-30 14:05:26,167500.0,200,Sell,227440022
2024-07-30 14:05:30,167500.0,800,Sell,227440387
2024-07-30 14:05:38,167500.0,100,Sell,227440938
2024-07-30 14:05:45,167500.0,200,Sell,227441433
2024-07-30 14:05:50,167500.0,100,Sell,227441770
2024-07-30 14:05:57,167500.0,1100,Sell,227442176
2024-07-30 14:06:04,167500.0,1000,Sell,227442566
2024-07-30 14:06:05,167500.0,100,Sell,227442675
2024-07-30 14:06:17,167500.0,100,Sell,227443386
2024-07-30 14:06:22,167500.0,700,Sell,227443742
2024-07-30 14:06:26,167500.0,100,Sell,227443957
2024-07-30 14:06:26,167500.0,400,Sell,227443956
2024-07-30 14:06:26,167500.0,100,Sell,227443955
2024-07-30 14:06:26,167500.0,200,Sell,227443953
2024-07-30 14:06:26,167500.0,100,Sell,227443954
2024-07-30 14:06:26,167500.0,100,Sell,227443952
2024-07-30 14:06:26,167500.0,100,Sell,227443948
2024-07-30 14:06:26,167500.0,100,Sell,227443950
2024-07-30 14:06:26,167500.0,100,Sell,227443949
2024-07-30 14:06:26,167500.0,500,Sell,227443946
2024-07-30 14:06:26,167500.0,3800,Sell,227443945
2024-07-30 14:06:26,167500.0,300,Sell,227443951
2024-07-30 14:06:26,167500.0,100,Sell,227443947
2024-07-30 14:06:30,167500.0,500,Sell,227444235
2024-07-30 14:06:34,167500.0,600,Sell,227444533
2024-07-30 14:06:40,167500.0,100,Sell,227444868
2024-07-30 14:06:40,167500.0,100,Sell,227444870
2024-07-30 14:06:40,167500.0,100,Sell,227444869
2024-07-30 14:06:40,167500.0,100,Sell,227444867
2024-07-30 14:06:40,167500.0,200,Sell,227444866
2024-07-30 14:06:40,167500.0,200,Sell,227444864
2024-07-30 14:06:40,167500.0,100,Sell,227444863
2024-07-30 14:06:40,167500.0,100,Sell,227444862
2024-07-30 14:06:40,167500.0,800,Sell,227444861
2024-07-30 14:06:40,167500.0,100,Sell,227444865
2024-07-30 14:06:45,167500.0,100,Sell,227445187
2024-07-30 14:06:45,167500.0,200,Sell,227445188
2024-07-30 14:06:45,167500.0,100,Sell,227445189
2024-07-30 14:06:45,167500.0,100,Sell,227445190
2024-07-30 14:06:45,167500.0,100,Sell,227445191
2024-07-30 14:06:45,167500.0,100,Sell,227445192
2024-07-30 14:06:45,167500.0,300,Sell,227445193
2024-07-30 14:06:55,167500.0,100,Sell,227445795
2024-07-30 14:06:55,167500.0,300,Sell,227445794
2024-07-30 14:06:55,167500.0,100,Sell,227445792
2024-07-30 14:06:55,167500.0,100,Sell,227445793
2024-07-30 14:06:55,167500.0,100,Sell,227445790
2024-07-30 14:06:55,167500.0,500,Sell,227445789
2024-07-30 14:06:55,167500.0,100,Sell,227445788
2024-07-30 14:06:55,167500.0,200,Sell,227445787
2024-07-30 14:06:55,167500.0,500,Sell,227445791
2024-07-30 14:06:57,167500.0,400,Sell,227445886
2024-07-30 14:07:24,167500.0,1000,Buy,227447303
2024-07-30 14:07:27,167500.0,2300,Buy,227447478
2024-07-30 14:07:27,167500.0,200,Buy,227447479
2024-07-30 14:07:27,167600.0,100,Buy,227447480
2024-07-30 14:07:28,167600.0,1500,Buy,227447487
2024-07-30 14:07:28,167600.0,500,Buy,227447486
2024-07-30 14:07:36,167600.0,100,Sell,227448123
2024-07-30 14:07:39,167700.0,100,Buy,227448248
2024-07-30 14:08:04,167700.0,500,Buy,227449422
2024-07-30 14:08:04,167700.0,100,Sell,227449423
2024-07-30 14:08:11,167800.0,400,Buy,227449742
2024-07-30 14:08:19,167700.0,100,Sell,227450139
2024-07-30 14:08:20,167700.0,1000,Sell,227450178
2024-07-30 14:08:31,167700.0,100,Sell,227450806
2024-07-30 14:08:45,167800.0,300,Buy,227451451
2024-07-30 14:09:06,167700.0,500,Sell,227452137
2024-07-30 14:09:30,167700.0,200,Sell,227452918
2024-07-30 14:09:30,167700.0,100,Sell,227452917
2024-07-30 14:09:31,167700.0,200,Buy,227452960
2024-07-30 14:09:48,167500.0,1400,Sell,227453454
2024-07-30 14:09:48,167500.0,100,Sell,227453453
2024-07-30 14:09:48,167500.0,300,Sell,227453452
2024-07-30 14:09:48,167600.0,300,Sell,227453448
2024-07-30 14:09:48,167500.0,100,Sell,227453450
2024-07-30 14:09:48,167600.0,500,Sell,227453449
2024-07-30 14:09:48,167500.0,200,Sell,227453451
2024-07-30 14:10:00,167700.0,100,Sell,227453833
2024-07-30 14:10:22,167700.0,100,Buy,227454476
2024-07-30 14:10:22,167600.0,100,Sell,227454491
2024-07-30 14:11:35,167600.0,100,Sell,227456981
2024-07-30 14:11:35,167600.0,100,Sell,227456982
2024-07-30 14:12:47,167600.0,200,Sell,227459388
2024-07-30 14:12:50,167600.0,100,Sell,227459529
2024-07-30 14:13:02,167600.0,100,Buy,227459940
2024-07-30 14:13:11,167800.0,200,Buy,227460134
2024-07-30 14:13:43,167500.0,500,Sell,227460984
2024-07-30 14:13:47,167800.0,100,Buy,227461086
2024-07-30 14:14:10,167800.0,100,Buy,227461545
2024-07-30 14:14:11,167500.0,500,Sell,227461555
2024-07-30 14:14:16,167500.0,500,Sell,227461647
2024-07-30 14:14:16,167500.0,500,Sell,227461648
2024-07-30 14:15:13,167800.0,100,Buy,227463052
2024-07-30 14:15:37,167800.0,100,Buy,227463751
2024-07-30 14:15:37,167800.0,100,Buy,227463752
2024-07-30 14:15:44,167900.0,200,Buy,227463948
2024-07-30 14:15:44,167900.0,200,Buy,227463949
2024-07-30 14:15:44,168000.0,200,Buy,227463950
2024-07-30 14:15:44,168000.0,100,Buy,227463951
2024-07-30 14:15:44,168000.0,200,Buy,227463952
2024-07-30 14:15:44,168100.0,100,Buy,227463953
2024-07-30 14:16:07,168000.0,100,Buy,227464592
2024-07-30 14:16:19,168000.0,100,Buy,227464878
2024-07-30 14:16:36,168000.0,100,Buy,227465440
2024-07-30 14:17:34,167700.0,400,Sell,227466928
2024-07-30 14:17:34,167700.0,600,Sell,227466927
2024-07-30 14:17:43,167700.0,300,Sell,227467137
2024-07-30 14:17:54,167900.0,100,Buy,227467421
2024-07-30 14:17:54,167900.0,2500,Buy,227467422
2024-07-30 14:17:54,168000.0,100,Buy,227467423
2024-07-30 14:17:54,168000.0,200,Buy,227467424
2024-07-30 14:17:54,167800.0,100,Buy,227467420
2024-07-30 14:18:11,167900.0,100,Sell,227467946
2024-07-30 14:18:25,167900.0,100,Buy,227468571
2024-07-30 14:18:28,167700.0,300,Sell,227468662
2024-07-30 14:18:28,167700.0,100,Sell,227468663
2024-07-30 14:18:28,167700.0,100,Sell,227468664
2024-07-30 14:18:28,167700.0,200,Sell,227468665
2024-07-30 14:18:32,167700.0,200,Buy,227468777
2024-07-30 14:18:48,167900.0,100,Buy,227469313
2024-07-30 14:18:55,168000.0,200,Buy,227469500
2024-07-30 14:18:55,168000.0,100,Buy,227469501
2024-07-30 14:18:55,167900.0,400,Buy,227469498
2024-07-30 14:18:55,167900.0,100,Buy,227469499
2024-07-30 14:19:06,168000.0,200,Sell,227469927
2024-07-30 14:19:16,168000.0,100,Buy,227470264
2024-07-30 14:19:16,168000.0,100,Buy,227470266
2024-07-30 14:19:16,168000.0,100,Buy,227470277
2024-07-30 14:19:39,168000.0,500,Sell,227470895
2024-07-30 14:19:54,168100.0,100,Buy,227471318
2024-07-30 14:19:58,168200.0,200,Buy,227471464
2024-07-30 14:19:58,168200.0,300,Buy,227471463
2024-07-30 14:19:58,168200.0,700,Buy,227471462
2024-07-30 14:19:58,168100.0,100,Buy,227471460
2024-07-30 14:19:58,168100.0,200,Buy,227471459
2024-07-30 14:19:58,168100.0,200,Buy,227471458
2024-07-30 14:19:58,168200.0,100,Buy,227471461
2024-07-30 14:20:30,168100.0,500,Sell,227472460
2024-07-30 14:20:39,168300.0,100,Buy,227472804
2024-07-30 14:20:39,168300.0,200,Buy,227472806
2024-07-30 14:20:52,168300.0,300,Sell,227473284
2024-07-30 14:20:57,168500.0,100,Buy,227473405
2024-07-30 14:20:57,168400.0,300,Buy,227473404
2024-07-30 14:20:59,168400.0,200,Buy,227473448
2024-07-30 14:21:08,168500.0,100,Buy,227473833
2024-07-30 14:21:11,168400.0,500,Sell,227473902
2024-07-30 14:21:17,168400.0,200,Sell,227474086
2024-07-30 14:21:42,168300.0,400,Sell,227474830
2024-07-30 14:21:42,168300.0,100,Sell,227474833
2024-07-30 14:21:44,168400.0,100,Buy,227474923
2024-07-30 14:21:52,168400.0,100,Buy,227475164
2024-07-30 14:21:55,168400.0,100,Buy,227475274
2024-07-30 14:22:06,168400.0,100,Buy,227475604
2024-07-30 14:22:20,168400.0,100,Buy,227475978
2024-07-30 14:22:37,168400.0,100,Buy,227476398
2024-07-30 14:22:59,168400.0,100,Buy,227477197
2024-07-30 14:23:14,168400.0,100,Buy,227477658
2024-07-30 14:23:19,168100.0,500,Sell,227477778
2024-07-30 14:23:27,168500.0,100,Buy,227477972
2024-07-30 14:23:27,168500.0,200,Buy,227477973
2024-07-30 14:23:27,168400.0,500,Buy,227477970
2024-07-30 14:23:27,168400.0,100,Buy,227477971
2024-07-30 14:23:34,168500.0,100,Sell,227478230
2024-07-30 14:23:41,168500.0,300,Buy,227478526
2024-07-30 14:23:59,168500.0,100,Buy,227479377
2024-07-30 14:24:16,168400.0,100,Sell,227480091
2024-07-30 14:24:20,168500.0,100,Buy,227480298
2024-07-30 14:24:31,168500.0,100,Sell,227480794
2024-07-30 14:24:36,168500.0,100,Sell,227481041
2024-07-30 14:24:47,168500.0,100,Buy,227481480
2024-07-30 14:25:28,168500.0,100,Sell,227483000
2024-07-30 14:25:31,168600.0,100,Buy,227483158
2024-07-30 14:25:35,168600.0,100,Buy,227483389
2024-07-30 14:25:37,168600.0,100,Buy,227483442
2024-07-30 14:25:40,168600.0,100,Buy,227483534
2024-07-30 14:25:40,168700.0,500,Buy,227483535
2024-07-30 14:25:40,168800.0,100,Buy,227483536
2024-07-30 14:25:40,168800.0,100,Buy,227483537
2024-07-30 14:25:40,168900.0,100,Buy,227483538
2024-07-30 14:25:40,168900.0,100,Buy,227483539
2024-07-30 14:25:43,169000.0,1000,Buy,227483656
2024-07-30 14:25:54,168800.0,300,Sell,227484036
2024-07-30 14:25:56,169000.0,100,Buy,227484102
2024-07-30 14:26:04,168800.0,700,Sell,227484385
2024-07-30 14:26:06,168800.0,100,Buy,227484437
2024-07-30 14:26:14,168600.0,100,Sell,227484817
2024-07-30 14:26:14,168600.0,100,Sell,227484820
2024-07-30 14:26:23,168600.0,100,Buy,227485269
2024-07-30 14:26:42,168600.0,100,Sell,227486204
2024-07-30 14:26:47,168700.0,100,Buy,227486516
2024-07-30 14:26:57,168800.0,800,Buy,227486938
2024-07-30 14:26:57,168900.0,100,Buy,227486939
2024-07-30 14:26:57,169000.0,2900,Buy,227486940
2024-07-30 14:26:57,169000.0,100,Buy,227486941
2024-07-30 14:26:57,168700.0,100,Buy,227486937
2024-07-30 14:27:04,169000.0,100,Buy,227487305
2024-07-30 14:27:20,169000.0,100,Buy,227488056
2024-07-30 14:27:28,168500.0,100,Sell,227488384
2024-07-30 14:27:28,168700.0,100,Sell,227488383
2024-07-30 14:27:52,168600.0,100,Sell,227489318
2024-07-30 14:28:12,168600.0,400,Sell,227490347
2024-07-30 14:28:21,168900.0,1000,Buy,227490813
2024-07-30 14:28:21,169000.0,300,Buy,227490814
2024-07-30 14:28:21,169000.0,100,Buy,227490815
2024-07-30 14:28:21,169000.0,200,Buy,227490816
2024-07-30 14:28:21,169000.0,100,Buy,227490817
2024-07-30 14:28:21,169000.0,300,Buy,227490818
2024-07-30 14:28:40,169000.0,200,Buy,227491575
2024-07-30 14:28:47,169200.0,200,Buy,227492053
2024-07-30 14:28:47,169200.0,1200,Buy,227492052
2024-07-30 14:28:47,169200.0,400,Buy,227492050
2024-07-30 14:28:47,169100.0,500,Buy,227492049
2024-07-30 14:28:47,169200.0,2700,Buy,227492051
2024-07-30 14:29:05,169200.0,600,Buy,227493015
2024-07-30 14:29:22,169200.0,200,Buy,227493960
2024-07-30 14:29:33,169100.0,100,Buy,227494614
2024-07-30 14:44:39,169300.0,56000,ATO/ATC,227495592
