time,price,volume,match_type,id
2024-08-14 09:14:38,175000.0,3000,ATO/ATC,231401049
2024-08-14 09:14:41,175000.0,100,Sell,231401278
2024-08-14 09:15:07,175100.0,200,Sell,231401647
2024-08-14 09:15:07,175100.0,100,Sell,231401646
2024-08-14 09:15:24,175400.0,100,Buy,231402020
2024-08-14 09:15:37,175500.0,100,Buy,231402339
2024-08-14 09:15:42,175500.0,100,Buy,231402461
2024-08-14 09:15:43,175500.0,100,Sell,231402481
2024-08-14 09:15:59,176000.0,100,Buy,231402867
2024-08-14 09:15:59,176000.0,100,Buy,231402866
2024-08-14 09:15:59,176000.0,200,Buy,231402868
2024-08-14 09:16:44,176000.0,300,Sell,231403788
2024-08-14 09:16:57,176000.0,100,Sell,231404163
2024-08-14 09:17:09,176000.0,100,Sell,231404437
2024-08-14 09:17:10,176000.0,1700,Sell,231404468
2024-08-14 09:17:27,176000.0,500,Sell,231404814
2024-08-14 09:17:29,176000.0,2000,Sell,231404927
2024-08-14 09:17:32,176000.0,1000,Sell,231404992
2024-08-14 09:17:33,176000.0,1000,Buy,231405014
2024-08-14 09:18:21,176000.0,100,Buy,231405963
2024-08-14 09:18:21,176000.0,700,Buy,231405964
2024-08-14 09:19:13,175200.0,100,Sell,231407089
2024-08-14 09:19:32,175500.0,100,Buy,231407441
2024-08-14 09:19:36,175200.0,100,Sell,231407513
2024-08-14 09:21:36,175200.0,200,Sell,231410040
2024-08-14 09:21:56,175200.0,100,Sell,231410424
2024-08-14 09:22:04,175200.0,100,Sell,231410626
2024-08-14 09:22:16,175200.0,100,Sell,231410883
2024-08-14 09:22:36,175200.0,100,Sell,231411412
2024-08-14 09:22:56,175200.0,200,Sell,231411750
2024-08-14 09:22:56,175200.0,100,Sell,231411761
2024-08-14 09:23:16,175200.0,100,Sell,231412124
2024-08-14 09:23:36,175200.0,100,Sell,231412594
2024-08-14 09:23:40,175200.0,100,Sell,231412711
2024-08-14 09:23:57,175200.0,100,Sell,231413065
2024-08-14 09:24:17,175200.0,100,Sell,231413507
2024-08-14 09:24:32,175200.0,100,Sell,231413911
2024-08-14 09:24:37,175200.0,100,Sell,231414036
2024-08-14 09:24:57,175200.0,100,Sell,231414690
2024-08-14 09:25:17,175200.0,100,Sell,231415166
2024-08-14 09:25:37,175200.0,100,Sell,231415664
2024-08-14 09:25:42,175200.0,200,Sell,231415815
2024-08-14 09:25:42,175200.0,700,Sell,231415814
2024-08-14 09:25:42,175200.0,100,Sell,231415813
2024-08-14 09:25:57,175300.0,100,Sell,231416224
2024-08-14 09:26:17,175300.0,100,Sell,231416712
2024-08-14 09:26:38,175300.0,100,Sell,231417242
2024-08-14 09:26:49,175300.0,100,Sell,231417542
2024-08-14 09:26:58,175300.0,100,Sell,231417779
2024-08-14 09:26:59,175300.0,100,Sell,231417837
2024-08-14 09:27:00,175500.0,100,Buy,231417867
2024-08-14 09:27:18,175300.0,100,Sell,231418456
2024-08-14 09:27:38,175300.0,100,Sell,231418956
2024-08-14 09:27:52,175400.0,100,Buy,231419263
2024-08-14 09:27:58,175300.0,100,Sell,231419386
2024-08-14 09:28:18,175300.0,100,Sell,231419941
2024-08-14 09:28:38,175300.0,100,Sell,231420504
2024-08-14 09:28:42,175300.0,900,Sell,231420594
2024-08-14 09:28:58,175200.0,100,Sell,231421047
2024-08-14 09:29:18,175200.0,100,Sell,231421486
2024-08-14 09:29:22,175200.0,700,Sell,231421567
2024-08-14 09:29:22,175200.0,100,Sell,231421568
2024-08-14 09:29:22,175200.0,100,Sell,231421566
2024-08-14 09:29:27,175200.0,100,Sell,231421665
2024-08-14 09:29:28,175300.0,100,Buy,231421688
2024-08-14 09:29:28,175300.0,1000,Buy,231421689
2024-08-14 09:29:28,175300.0,200,Buy,231421690
2024-08-14 09:29:38,175200.0,100,Sell,231421966
2024-08-14 09:29:58,175200.0,100,Sell,231422412
2024-08-14 09:30:19,175200.0,100,Sell,231422950
2024-08-14 09:30:39,175200.0,100,Sell,231423476
2024-08-14 09:30:59,175200.0,100,Sell,231424025
2024-08-14 09:31:19,175200.0,100,Sell,231424498
2024-08-14 09:31:39,175200.0,100,Sell,231424984
2024-08-14 09:31:55,175200.0,100,Sell,231425302
2024-08-14 09:31:59,175200.0,100,Sell,231425437
2024-08-14 09:32:19,175200.0,100,Sell,231425863
2024-08-14 09:32:40,175200.0,100,Sell,231426355
2024-08-14 09:33:00,175200.0,100,Sell,231426832
2024-08-14 09:33:20,175200.0,100,Sell,231427281
2024-08-14 09:33:24,175200.0,900,Sell,231427399
2024-08-14 09:33:24,175200.0,100,Sell,231427400
2024-08-14 09:33:25,175200.0,500,Sell,231427418
2024-08-14 09:33:25,175200.0,100,Sell,231427419
2024-08-14 09:33:25,175200.0,100,Sell,231427420
2024-08-14 09:33:25,175200.0,100,Sell,231427421
2024-08-14 09:33:25,175200.0,200,Sell,231427422
2024-08-14 09:33:28,175200.0,400,Sell,231427457
2024-08-14 09:33:28,175200.0,100,Sell,231427458
2024-08-14 09:33:28,175200.0,100,Sell,231427459
2024-08-14 09:33:28,175200.0,100,Sell,231427460
2024-08-14 09:33:40,175200.0,100,Sell,231427782
2024-08-14 09:33:43,175200.0,100,Sell,231427843
2024-08-14 09:33:43,175200.0,600,Sell,231427841
2024-08-14 09:33:43,175200.0,100,Sell,231427842
2024-08-14 09:33:43,175200.0,200,Sell,231427840
2024-08-14 09:34:00,175200.0,100,Sell,231428199
2024-08-14 09:34:20,175200.0,100,Sell,231428670
2024-08-14 09:34:22,175200.0,100,Sell,231428709
2024-08-14 09:34:40,175200.0,100,Sell,231429128
2024-08-14 09:35:00,175200.0,100,Sell,231429617
2024-08-14 09:35:15,175300.0,100,Buy,231429862
2024-08-14 09:35:20,175200.0,100,Sell,231429934
2024-08-14 09:35:23,175200.0,200,Sell,231429985
2024-08-14 09:35:23,175200.0,700,Sell,231429988
2024-08-14 09:35:23,175200.0,100,Sell,231429987
2024-08-14 09:35:23,175200.0,300,Sell,231429986
2024-08-14 09:35:23,175200.0,900,Sell,231429984
2024-08-14 09:35:23,175200.0,100,Sell,231429982
2024-08-14 09:35:23,175200.0,100,Sell,231429978
2024-08-14 09:35:23,175200.0,200,Sell,231429979
2024-08-14 09:35:23,175200.0,100,Sell,231429983
2024-08-14 09:35:23,175200.0,200,Sell,231429981
2024-08-14 09:35:23,175200.0,100,Sell,231429980
2024-08-14 09:35:40,175200.0,100,Sell,231430379
2024-08-14 09:35:50,175300.0,700,Buy,231430603
2024-08-14 09:35:50,175300.0,100,Buy,231430604
2024-08-14 09:35:50,175300.0,500,Buy,231430605
2024-08-14 09:35:53,175300.0,500,Sell,231430663
2024-08-14 09:35:53,175200.0,100,Sell,231430664
2024-08-14 09:35:53,175200.0,200,Sell,231430665
2024-08-14 09:36:01,175200.0,100,Sell,231430813
2024-08-14 09:36:21,175200.0,100,Sell,231431301
2024-08-14 09:36:41,175200.0,100,Sell,231431767
2024-08-14 09:36:50,175200.0,100,Sell,231432011
2024-08-14 09:36:54,175200.0,100,Sell,231432098
2024-08-14 09:36:54,175200.0,100,Sell,231432097
2024-08-14 09:36:54,175200.0,100,Sell,231432096
2024-08-14 09:37:01,175200.0,100,Sell,231432230
2024-08-14 09:37:02,175200.0,400,Sell,231432285
2024-08-14 09:37:21,175100.0,100,Sell,231432709
2024-08-14 09:37:21,175000.0,600,Sell,231432717
2024-08-14 09:37:21,175000.0,400,Sell,231432718
2024-08-14 09:37:38,175000.0,100,Sell,231433077
2024-08-14 09:37:38,175000.0,100,Sell,231433078
2024-08-14 09:37:38,175000.0,800,Sell,231433079
2024-08-14 09:37:41,175000.0,100,Sell,231433166
2024-08-14 09:37:50,175000.0,500,Sell,231433329
2024-08-14 09:37:50,175000.0,200,Sell,231433330
2024-08-14 09:37:50,175000.0,300,Sell,231433331
2024-08-14 09:38:01,175000.0,100,Sell,231433485
2024-08-14 09:38:09,175000.0,200,Sell,231433672
2024-08-14 09:38:09,175000.0,100,Sell,231433670
2024-08-14 09:38:09,175000.0,100,Sell,231433671
2024-08-14 09:38:21,174900.0,100,Sell,231433996
2024-08-14 09:38:22,174900.0,100,Sell,231434014
2024-08-14 09:38:24,174800.0,300,Sell,231434042
2024-08-14 09:38:42,174700.0,100,Sell,231434431
2024-08-14 09:38:53,174700.0,100,Sell,231434654
2024-08-14 09:38:53,174700.0,200,Sell,231434655
2024-08-14 09:39:02,174500.0,100,Sell,231434852
2024-08-14 09:39:18,174500.0,100,Sell,231435177
2024-08-14 09:39:22,174500.0,100,Sell,231435277
2024-08-14 09:39:42,174500.0,100,Sell,231435808
2024-08-14 09:40:02,174500.0,100,Sell,231436297
2024-08-14 09:40:17,174500.0,100,Sell,231436624
2024-08-14 09:40:17,174500.0,100,Sell,231436625
2024-08-14 09:40:22,174500.0,100,Sell,231436768
2024-08-14 09:40:42,174600.0,100,Sell,231437434
2024-08-14 09:41:02,174600.0,100,Sell,231437971
2024-08-14 09:41:22,174600.0,100,Sell,231438547
2024-08-14 09:41:35,174600.0,100,Sell,231438900
2024-08-14 09:41:35,174600.0,100,Sell,231438906
2024-08-14 09:41:43,174600.0,100,Sell,231439136
2024-08-14 09:41:46,174600.0,100,Sell,231439243
2024-08-14 09:42:00,174600.0,100,Sell,231439635
2024-08-14 09:42:03,174600.0,100,Sell,231439702
2024-08-14 09:42:23,174600.0,100,Sell,231440098
2024-08-14 09:42:26,174600.0,100,Sell,231440168
2024-08-14 09:42:27,174600.0,300,Sell,231440190
2024-08-14 09:42:43,174600.0,100,Sell,231440535
2024-08-14 09:42:51,174600.0,100,Sell,231440720
2024-08-14 09:43:03,174600.0,100,Sell,231441044
2024-08-14 09:43:04,174500.0,900,Sell,231441081
2024-08-14 09:43:04,174500.0,200,Sell,231441080
2024-08-14 09:43:04,174500.0,200,Sell,231441077
2024-08-14 09:43:04,174500.0,200,Sell,231441079
2024-08-14 09:43:04,174500.0,400,Sell,231441078
2024-08-14 09:43:04,174500.0,100,Sell,231441073
2024-08-14 09:43:04,174500.0,100,Sell,231441076
2024-08-14 09:43:04,174500.0,300,Sell,231441075
2024-08-14 09:43:04,174500.0,500,Sell,231441074
2024-08-14 09:43:16,174500.0,100,Sell,231441292
2024-08-14 09:43:17,174500.0,300,Sell,231441309
2024-08-14 09:43:17,174500.0,100,Sell,231441310
2024-08-14 09:43:23,174600.0,100,Sell,231441436
2024-08-14 09:43:24,174500.0,400,Sell,231441463
2024-08-14 09:43:43,174500.0,100,Sell,231441837
2024-08-14 09:43:44,174500.0,100,Sell,231441845
2024-08-14 09:44:03,174500.0,100,Sell,231442224
2024-08-14 09:44:07,174500.0,100,Sell,231442279
2024-08-14 09:44:08,174800.0,300,Buy,231442339
2024-08-14 09:44:13,174500.0,100,Sell,231442490
2024-08-14 09:44:23,174500.0,100,Sell,231442698
2024-08-14 09:44:32,174500.0,100,Sell,231442904
2024-08-14 09:44:44,174500.0,100,Sell,231443158
2024-08-14 09:44:57,174500.0,100,Sell,231443436
2024-08-14 09:45:04,174500.0,100,Sell,231443558
2024-08-14 09:45:22,174500.0,100,Sell,231443947
2024-08-14 09:45:24,174500.0,100,Sell,231443972
2024-08-14 09:45:36,174500.0,400,Sell,231444207
2024-08-14 09:45:44,174500.0,100,Sell,231444382
2024-08-14 09:45:48,174500.0,100,Sell,231444440
2024-08-14 09:46:04,174600.0,100,Sell,231444767
2024-08-14 09:46:13,174600.0,100,Sell,231444923
2024-08-14 09:46:24,174600.0,100,Sell,231445142
2024-08-14 09:46:39,174600.0,100,Sell,231445531
2024-08-14 09:46:41,174600.0,100,Sell,231445583
2024-08-14 09:46:44,174600.0,100,Sell,231445701
2024-08-14 09:47:04,174600.0,100,Sell,231446151
2024-08-14 09:47:04,174600.0,100,Sell,231446174
2024-08-14 09:47:25,174600.0,100,Sell,231446631
2024-08-14 09:47:29,174600.0,100,Sell,231446712
2024-08-14 09:47:35,174600.0,100,Sell,231446819
2024-08-14 09:47:35,174600.0,100,Sell,231446814
2024-08-14 09:47:35,174600.0,100,Sell,231446817
2024-08-14 09:47:35,174600.0,100,Sell,231446818
2024-08-14 09:47:45,174600.0,100,Sell,231447007
2024-08-14 09:47:54,174500.0,100,Sell,231447128
2024-08-14 09:48:05,174500.0,100,Sell,231447338
2024-08-14 09:48:20,174500.0,100,Sell,231447604
2024-08-14 09:48:25,174500.0,100,Sell,231447707
2024-08-14 09:48:45,174500.0,100,Sell,231448157
2024-08-14 09:48:45,174500.0,100,Sell,231448169
2024-08-14 09:48:58,174500.0,100,Sell,231448532
2024-08-14 09:49:05,174500.0,100,Sell,231448724
2024-08-14 09:49:09,174500.0,100,Sell,231448815
2024-08-14 09:49:10,174500.0,100,Sell,231448832
2024-08-14 09:49:18,174500.0,100,Sell,231449122
2024-08-14 09:49:25,174500.0,100,Sell,231449279
2024-08-14 09:49:30,174500.0,100,Sell,231449385
2024-08-14 09:49:36,174500.0,100,Sell,231449509
2024-08-14 09:49:38,174500.0,100,Sell,231449573
2024-08-14 09:49:45,174600.0,100,Sell,231449795
2024-08-14 09:49:58,174600.0,100,Sell,231450130
2024-08-14 09:50:01,174600.0,100,Sell,231450175
2024-08-14 09:50:05,174600.0,100,Sell,231450292
2024-08-14 09:50:18,174600.0,100,Sell,231450465
2024-08-14 09:50:26,174600.0,100,Sell,231450651
2024-08-14 09:50:26,174600.0,100,Sell,231450662
2024-08-14 09:50:38,174600.0,100,Sell,231450887
2024-08-14 09:50:46,174600.0,100,Sell,231451044
2024-08-14 09:50:51,174600.0,100,Sell,231451135
2024-08-14 09:50:59,174600.0,100,Sell,231451259
2024-08-14 09:51:06,174600.0,100,Sell,231451419
2024-08-14 09:51:17,174600.0,100,Sell,231451574
2024-08-14 09:51:19,174600.0,100,Sell,231451585
2024-08-14 09:51:26,174600.0,100,Sell,231451679
2024-08-14 09:51:36,174600.0,100,Sell,231451852
2024-08-14 09:51:39,174600.0,100,Sell,231451901
2024-08-14 09:51:40,174600.0,300,Sell,231451926
2024-08-14 09:51:42,174500.0,100,Sell,231451960
2024-08-14 09:51:46,174500.0,100,Sell,231452023
2024-08-14 09:51:59,174500.0,100,Sell,231452196
2024-08-14 09:52:06,174500.0,100,Sell,231452314
2024-08-14 09:52:07,174500.0,100,Sell,231452325
2024-08-14 09:52:19,174500.0,100,Sell,231452533
2024-08-14 09:52:26,174500.0,100,Sell,231452665
2024-08-14 09:52:33,174500.0,100,Sell,231452760
2024-08-14 09:52:39,174500.0,100,Sell,231452841
2024-08-14 09:52:46,174500.0,100,Sell,231452982
2024-08-14 09:52:58,174500.0,100,Sell,231453205
2024-08-14 09:52:59,174500.0,100,Sell,231453222
2024-08-14 09:53:06,174500.0,100,Sell,231453446
2024-08-14 09:53:19,174500.0,100,Sell,231453828
2024-08-14 09:53:23,174500.0,100,Sell,231453900
2024-08-14 09:53:27,174500.0,100,Sell,231453980
2024-08-14 09:53:39,174500.0,100,Sell,231454267
2024-08-14 09:53:47,174500.0,100,Sell,231454453
2024-08-14 09:53:49,174500.0,100,Sell,231454476
2024-08-14 09:53:52,174500.0,500,Sell,231454528
2024-08-14 09:54:00,174500.0,100,Sell,231454658
2024-08-14 09:54:04,174500.0,100,Sell,231454709
2024-08-14 09:54:07,174500.0,100,Sell,231454760
2024-08-14 09:54:14,174500.0,100,Sell,231454864
2024-08-14 09:54:20,174500.0,100,Sell,231454958
2024-08-14 09:54:25,174500.0,100,Sell,231455062
2024-08-14 09:54:25,174500.0,100,Sell,231455063
2024-08-14 09:54:25,174500.0,200,Sell,231455064
2024-08-14 09:54:25,174500.0,500,Sell,231455065
2024-08-14 09:54:27,174400.0,100,Sell,231455102
2024-08-14 09:54:38,174500.0,100,Buy,231455252
2024-08-14 09:54:39,174300.0,100,Sell,231455284
2024-08-14 09:54:40,174300.0,100,Sell,231455289
2024-08-14 09:54:47,174400.0,100,Sell,231455394
2024-08-14 09:55:00,174400.0,100,Sell,231455648
2024-08-14 09:55:05,174400.0,100,Sell,231455722
2024-08-14 09:55:07,174400.0,100,Sell,231455807
2024-08-14 09:55:20,174400.0,100,Sell,231456004
2024-08-14 09:55:27,174400.0,100,Sell,231456404
2024-08-14 09:55:30,174400.0,100,Sell,231456429
2024-08-14 09:55:40,174400.0,100,Sell,231456616
2024-08-14 09:55:47,174400.0,100,Sell,231456748
2024-08-14 09:55:57,174400.0,100,Sell,231456953
2024-08-14 09:56:00,174400.0,100,Sell,231456998
2024-08-14 09:56:08,174400.0,100,Sell,231457115
2024-08-14 09:56:20,174400.0,100,Sell,231457350
2024-08-14 09:56:21,174400.0,100,Sell,231457363
2024-08-14 09:56:28,174400.0,100,Sell,231457484
2024-08-14 09:56:32,174400.0,100,Sell,231457530
2024-08-14 09:56:40,174400.0,100,Sell,231457672
2024-08-14 09:56:46,174400.0,100,Sell,231457791
2024-08-14 09:56:48,174400.0,100,Sell,231457820
2024-08-14 09:57:01,174400.0,100,Sell,231458024
2024-08-14 09:57:08,174400.0,100,Sell,231458219
2024-08-14 09:57:12,174400.0,100,Sell,231458288
2024-08-14 09:57:21,174400.0,100,Sell,231458386
2024-08-14 09:57:28,174300.0,100,Sell,231458541
2024-08-14 09:57:37,174300.0,100,Sell,231458750
2024-08-14 09:57:41,174300.0,100,Sell,231458792
2024-08-14 09:57:48,174300.0,100,Sell,231458907
2024-08-14 09:58:01,174300.0,100,Sell,231459115
2024-08-14 09:58:02,174300.0,100,Sell,231459128
2024-08-14 09:58:08,174300.0,100,Sell,231459240
2024-08-14 09:58:21,174300.0,100,Sell,231459500
2024-08-14 09:58:28,174300.0,100,Sell,231459595
2024-08-14 09:58:28,174300.0,100,Sell,231459603
2024-08-14 09:58:41,174300.0,100,Sell,231459799
2024-08-14 09:58:49,174300.0,100,Sell,231459943
2024-08-14 09:58:53,174400.0,100,Sell,231460031
2024-08-14 09:58:59,174400.0,100,Sell,231460120
2024-08-14 09:59:01,174400.0,100,Sell,231460168
2024-08-14 09:59:09,174400.0,100,Sell,231460284
2024-08-14 09:59:18,174400.0,100,Sell,231460452
2024-08-14 09:59:21,174400.0,100,Sell,231460498
2024-08-14 09:59:29,174400.0,100,Sell,231460638
2024-08-14 09:59:41,174400.0,100,Sell,231460862
2024-08-14 09:59:44,174400.0,100,Sell,231460902
2024-08-14 09:59:49,174400.0,100,Sell,231460985
2024-08-14 09:59:59,174400.0,100,Sell,231461108
2024-08-14 10:00:02,174400.0,100,Sell,231461149
2024-08-14 10:00:09,174400.0,100,Sell,231461310
2024-08-14 10:00:09,174400.0,100,Sell,231461311
2024-08-14 10:00:22,174400.0,100,Sell,231461540
2024-08-14 10:00:29,174400.0,100,Sell,231461694
2024-08-14 10:00:35,174400.0,100,Sell,231461835
2024-08-14 10:00:42,174400.0,100,Sell,231461932
2024-08-14 10:00:49,174400.0,200,Sell,231462036
2024-08-14 10:01:00,174400.0,100,Sell,231462228
2024-08-14 10:01:02,174400.0,100,Sell,231462265
2024-08-14 10:01:09,174400.0,200,Sell,231462356
2024-08-14 10:01:22,174500.0,100,Sell,231462565
2024-08-14 10:01:25,174500.0,100,Sell,231462639
2024-08-14 10:01:27,174500.0,300,Sell,231462672
2024-08-14 10:01:27,174400.0,100,Sell,231462701
2024-08-14 10:01:29,174400.0,100,Sell,231462733
2024-08-14 10:01:29,174400.0,100,Sell,231462734
2024-08-14 10:01:42,174400.0,100,Sell,231462952
2024-08-14 10:01:50,174400.0,200,Sell,231463105
2024-08-14 10:01:50,174400.0,100,Sell,231463128
2024-08-14 10:02:02,174400.0,100,Sell,231463288
2024-08-14 10:02:10,174400.0,100,Sell,231463399
2024-08-14 10:02:10,174400.0,100,Sell,231463398
2024-08-14 10:02:16,174400.0,100,Sell,231463492
2024-08-14 10:02:22,174400.0,100,Sell,231463561
2024-08-14 10:02:30,174400.0,100,Sell,231463661
2024-08-14 10:02:30,174400.0,100,Sell,231463662
2024-08-14 10:02:41,174300.0,100,Sell,231463830
2024-08-14 10:02:42,174300.0,100,Sell,231463848
2024-08-14 10:02:50,174300.0,200,Sell,231463921
2024-08-14 10:03:03,174300.0,100,Sell,231464158
2024-08-14 10:03:07,174300.0,100,Sell,231464267
2024-08-14 10:03:10,174300.0,200,Sell,231464307
2024-08-14 10:03:23,174300.0,100,Sell,231464463
2024-08-14 10:03:30,174300.0,200,Sell,231464564
2024-08-14 10:03:31,174300.0,200,Sell,231464569
2024-08-14 10:03:32,174300.0,100,Sell,231464581
2024-08-14 10:03:35,174400.0,200,Buy,231464614
2024-08-14 10:03:43,174400.0,100,Sell,231464740
2024-08-14 10:03:47,174400.0,100,Sell,231464840
2024-08-14 10:03:50,174400.0,200,Sell,231464884
2024-08-14 10:03:55,174400.0,100,Sell,231464989
2024-08-14 10:03:57,174400.0,100,Sell,231465016
2024-08-14 10:04:03,174400.0,100,Sell,231465098
2024-08-14 10:04:11,174400.0,200,Sell,231465220
2024-08-14 10:04:22,174400.0,100,Sell,231465473
2024-08-14 10:04:23,174400.0,100,Sell,231465479
2024-08-14 10:04:31,174400.0,200,Sell,231465581
2024-08-14 10:04:40,174500.0,500,Buy,231465689
2024-08-14 10:04:43,174400.0,100,Sell,231465738
2024-08-14 10:04:48,174400.0,100,Sell,231465810
2024-08-14 10:04:51,174400.0,200,Sell,231465887
2024-08-14 10:05:03,174400.0,100,Sell,231466090
2024-08-14 10:05:11,174400.0,100,Sell,231466202
2024-08-14 10:05:11,174400.0,100,Sell,231466203
2024-08-14 10:05:13,174400.0,100,Sell,231466255
2024-08-14 10:05:23,174400.0,100,Sell,231466506
2024-08-14 10:05:31,174400.0,100,Sell,231466598
2024-08-14 10:05:31,174400.0,100,Sell,231466597
2024-08-14 10:05:38,174400.0,100,Sell,231466709
2024-08-14 10:05:44,174400.0,100,Sell,231466783
2024-08-14 10:05:48,174500.0,100,Buy,231466833
2024-08-14 10:05:51,174400.0,200,Sell,231466898
2024-08-14 10:06:04,174400.0,100,Sell,231467038
2024-08-14 10:06:04,174400.0,100,Sell,231467039
2024-08-14 10:06:11,174400.0,200,Sell,231467343
2024-08-14 10:06:17,174500.0,100,Buy,231467453
2024-08-14 10:06:17,174500.0,100,Buy,231467454
2024-08-14 10:06:17,174500.0,100,Buy,231467455
2024-08-14 10:06:22,174500.0,100,Sell,231467498
2024-08-14 10:06:24,174500.0,100,Sell,231467561
2024-08-14 10:06:29,174500.0,100,Sell,231467629
2024-08-14 10:06:31,174500.0,200,Sell,231467689
2024-08-14 10:06:44,174500.0,100,Sell,231467918
2024-08-14 10:06:52,174400.0,100,Sell,231468035
2024-08-14 10:06:52,174500.0,100,Sell,231468034
2024-08-14 10:06:57,174400.0,100,Sell,231468098
2024-08-14 10:07:04,174500.0,100,Sell,231468481
2024-08-14 10:07:11,174600.0,100,Buy,231468580
2024-08-14 10:07:12,174600.0,200,Sell,231468588
2024-08-14 10:07:20,174600.0,100,Sell,231468720
2024-08-14 10:07:24,174600.0,100,Sell,231468771
2024-08-14 10:07:32,174600.0,200,Sell,231468863
2024-08-14 10:07:44,174600.0,100,Sell,231469127
2024-08-14 10:07:45,174600.0,100,Sell,231469151
2024-08-14 10:07:52,174600.0,200,Sell,231469218
2024-08-14 10:08:04,174600.0,100,Sell,231469422
2024-08-14 10:08:11,174600.0,100,Sell,231469515
2024-08-14 10:08:12,174600.0,200,Sell,231469548
2024-08-14 10:08:17,174600.0,600,Sell,231469605
2024-08-14 10:08:24,174500.0,100,Sell,231469742
2024-08-14 10:08:32,174500.0,200,Sell,231469801
2024-08-14 10:08:36,174500.0,100,Sell,231469846
2024-08-14 10:08:44,174500.0,100,Sell,231469934
2024-08-14 10:08:50,174500.0,100,Sell,231470037
2024-08-14 10:08:52,174500.0,200,Sell,231470066
2024-08-14 10:09:01,174500.0,200,Sell,231470157
2024-08-14 10:09:05,174500.0,100,Sell,231470195
2024-08-14 10:09:10,174500.0,1200,Sell,231470279
2024-08-14 10:09:12,174500.0,200,Sell,231470291
2024-08-14 10:09:12,174500.0,200,Sell,231470301
2024-08-14 10:09:13,174500.0,100,Sell,231470302
2024-08-14 10:09:25,174400.0,100,Sell,231470484
2024-08-14 10:09:27,174400.0,100,Sell,231470519
2024-08-14 10:09:33,174400.0,200,Sell,231470634
2024-08-14 10:09:45,174400.0,100,Sell,231470861
2024-08-14 10:09:52,174400.0,100,Sell,231470975
2024-08-14 10:09:53,174400.0,200,Sell,231470982
2024-08-14 10:10:05,174400.0,100,Sell,231471230
2024-08-14 10:10:13,174400.0,100,Sell,231471477
2024-08-14 10:10:13,174400.0,100,Sell,231471478
2024-08-14 10:10:17,174400.0,200,Sell,231471525
2024-08-14 10:10:25,174400.0,100,Sell,231471664
2024-08-14 10:10:33,174400.0,200,Sell,231471788
2024-08-14 10:10:42,174400.0,100,Sell,231471974
2024-08-14 10:10:45,174400.0,100,Sell,231472004
2024-08-14 10:10:53,174400.0,100,Sell,231472152
2024-08-14 10:10:53,174400.0,100,Sell,231472153
2024-08-14 10:11:05,174400.0,100,Sell,231472303
2024-08-14 10:11:08,174400.0,100,Sell,231472342
2024-08-14 10:11:13,174400.0,200,Sell,231472424
2024-08-14 10:11:18,174400.0,100,Sell,231472494
2024-08-14 10:11:26,174300.0,100,Sell,231472638
2024-08-14 10:11:33,174300.0,100,Sell,231472743
2024-08-14 10:11:33,174300.0,200,Sell,231472747
2024-08-14 10:11:45,174300.0,100,Sell,231472943
2024-08-14 10:11:54,174300.0,200,Sell,231473081
2024-08-14 10:11:58,174300.0,100,Sell,231473149
2024-08-14 10:11:58,174300.0,100,Sell,231473148
2024-08-14 10:12:06,174300.0,100,Sell,231473260
2024-08-14 10:12:13,174300.0,200,Sell,231473409
2024-08-14 10:12:24,174300.0,100,Sell,231473544
2024-08-14 10:12:26,174300.0,100,Sell,231473576
2024-08-14 10:12:34,174300.0,100,Sell,231473690
2024-08-14 10:12:34,174300.0,100,Sell,231473691
2024-08-14 10:12:46,174300.0,100,Sell,231473908
2024-08-14 10:12:49,174300.0,100,Sell,231473964
2024-08-14 10:12:54,174300.0,200,Sell,231474061
2024-08-14 10:13:06,174300.0,100,Sell,231474226
2024-08-14 10:13:14,174300.0,200,Sell,231474366
2024-08-14 10:13:15,174300.0,100,Sell,231474374
2024-08-14 10:13:26,174300.0,100,Sell,231474519
2024-08-14 10:13:34,174300.0,200,Sell,231474601
2024-08-14 10:13:40,174200.0,200,Sell,231474664
2024-08-14 10:13:45,174200.0,100,Sell,231474729
2024-08-14 10:13:46,174200.0,100,Sell,231474755
2024-08-14 10:13:47,174200.0,100,Sell,231474763
2024-08-14 10:13:47,174200.0,900,Sell,231474764
2024-08-14 10:13:48,174500.0,100,Buy,231474773
2024-08-14 10:13:48,174500.0,100,Buy,231474774
2024-08-14 10:13:54,174200.0,100,Sell,231474843
2024-08-14 10:13:54,174100.0,100,Sell,231474844
2024-08-14 10:14:05,174100.0,100,Sell,231474986
2024-08-14 10:14:06,174100.0,100,Sell,231475013
2024-08-14 10:14:14,174100.0,200,Sell,231475230
2024-08-14 10:14:26,174100.0,100,Sell,231475399
2024-08-14 10:14:30,174100.0,100,Sell,231475455
2024-08-14 10:14:34,174100.0,200,Sell,231475517
2024-08-14 10:14:47,174100.0,100,Sell,231475722
2024-08-14 10:14:54,174100.0,200,Sell,231475840
2024-08-14 10:14:56,174100.0,100,Sell,231475852
2024-08-14 10:15:07,174100.0,100,Sell,231476050
2024-08-14 10:15:15,174100.0,200,Sell,231476167
2024-08-14 10:15:21,174100.0,200,Sell,231476268
2024-08-14 10:15:27,174100.0,100,Sell,231476367
2024-08-14 10:15:35,174100.0,200,Sell,231476492
2024-08-14 10:15:46,174100.0,100,Sell,231476684
2024-08-14 10:15:47,174100.0,100,Sell,231476701
2024-08-14 10:15:55,174300.0,100,Sell,231476818
2024-08-14 10:15:55,174100.0,100,Sell,231476819
2024-08-14 10:16:07,174200.0,100,Sell,231476960
2024-08-14 10:16:12,174200.0,100,Sell,231477024
2024-08-14 10:16:13,174200.0,100,Sell,231477036
2024-08-14 10:16:15,174200.0,200,Sell,231477069
2024-08-14 10:16:27,174200.0,100,Sell,231477231
2024-08-14 10:16:35,174200.0,200,Sell,231477383
2024-08-14 10:16:37,174200.0,200,Sell,231477423
2024-08-14 10:16:47,174100.0,100,Sell,231477656
2024-08-14 10:16:55,174100.0,200,Sell,231477779
2024-08-14 10:17:02,174100.0,100,Sell,231477893
2024-08-14 10:17:08,174100.0,100,Sell,231477955
2024-08-14 10:17:15,174100.0,100,Sell,231478027
2024-08-14 10:17:15,174100.0,100,Sell,231478028
2024-08-14 10:17:28,174100.0,100,Sell,231478178
2024-08-14 10:17:28,174100.0,100,Sell,231478179
2024-08-14 10:17:35,174200.0,200,Sell,231478298
2024-08-14 10:17:50,174100.0,100,Sell,231478565
2024-08-14 10:17:56,174100.0,200,Sell,231478645
2024-08-14 10:18:08,174100.0,100,Sell,231478838
2024-08-14 10:18:16,174100.0,200,Sell,231478987
2024-08-14 10:18:28,174100.0,100,Sell,231479188
2024-08-14 10:18:36,174100.0,200,Sell,231479332
2024-08-14 10:18:41,174100.0,100,Sell,231479422
2024-08-14 10:18:48,174100.0,100,Sell,231479508
2024-08-14 10:19:27,174100.0,100,Sell,231480168
2024-08-14 10:19:27,174100.0,100,Sell,231480167
2024-08-14 10:19:27,174100.0,700,Sell,231480165
2024-08-14 10:19:27,174100.0,2000,Sell,231480166
2024-08-14 10:19:27,174100.0,100,Sell,231480164
2024-08-14 10:19:27,174100.0,100,Sell,231480156
2024-08-14 10:19:27,174100.0,100,Sell,231480159
2024-08-14 10:19:27,174100.0,200,Sell,231480163
2024-08-14 10:19:27,174100.0,600,Sell,231480154
2024-08-14 10:19:27,174100.0,200,Sell,231480155
2024-08-14 10:19:27,174100.0,100,Sell,231480157
2024-08-14 10:19:27,174100.0,100,Sell,231480158
2024-08-14 10:19:41,174100.0,500,Buy,231480337
2024-08-14 10:20:31,174100.0,100,Buy,231481182
2024-08-14 10:20:31,174100.0,400,Buy,231481183
2024-08-14 10:20:34,174100.0,200,Sell,231481214
2024-08-14 10:20:35,174100.0,100,Buy,231481225
2024-08-14 10:20:38,174100.0,100,Buy,231481274
2024-08-14 10:21:09,174000.0,100,Sell,231481826
2024-08-14 10:21:29,174100.0,100,Buy,231482109
2024-08-14 10:23:36,174200.0,100,Sell,231483985
2024-08-14 10:24:57,174400.0,100,Buy,231485043
2024-08-14 10:24:57,174400.0,100,Buy,231485041
2024-08-14 10:24:57,174400.0,500,Buy,231485042
2024-08-14 10:24:59,174400.0,200,Sell,231485064
2024-08-14 10:25:17,174500.0,700,Buy,231485305
2024-08-14 10:25:24,174500.0,300,Buy,231485359
2024-08-14 10:25:24,174500.0,100,Buy,231485360
2024-08-14 10:25:24,174500.0,100,Buy,231485361
2024-08-14 10:26:04,174500.0,100,Sell,231486001
2024-08-14 10:26:15,174400.0,400,Sell,231486189
2024-08-14 10:26:15,174400.0,200,Sell,231486192
2024-08-14 10:26:15,174400.0,400,Sell,231486191
2024-08-14 10:26:15,174400.0,200,Sell,231486190
2024-08-14 10:26:15,174400.0,100,Sell,231486187
2024-08-14 10:26:15,174400.0,900,Sell,231486186
2024-08-14 10:26:15,174400.0,1100,Sell,231486183
2024-08-14 10:26:15,174400.0,100,Sell,231486188
2024-08-14 10:26:15,174400.0,900,Sell,231486185
2024-08-14 10:26:15,174400.0,100,Sell,231486184
2024-08-14 10:26:22,174400.0,600,Buy,231486291
2024-08-14 10:26:36,174400.0,100,Sell,231486550
2024-08-14 10:28:32,174400.0,100,Sell,231488105
2024-08-14 10:30:59,174400.0,100,Sell,231489902
2024-08-14 10:31:18,174500.0,100,Buy,231490237
2024-08-14 10:31:36,174400.0,100,Sell,231490563
2024-08-14 10:31:56,174400.0,100,Sell,231490929
2024-08-14 10:32:16,174400.0,100,Sell,231491111
2024-08-14 10:32:36,174400.0,100,Sell,231491350
2024-08-14 10:32:39,174400.0,200,Sell,231491389
2024-08-14 10:32:56,174400.0,100,Sell,231491623
2024-08-14 10:32:59,174400.0,200,Sell,231491657
2024-08-14 10:33:16,174400.0,100,Sell,231491837
2024-08-14 10:33:19,174400.0,100,Sell,231491852
2024-08-14 10:33:19,174400.0,100,Sell,231491853
2024-08-14 10:33:27,174400.0,100,Sell,231491963
2024-08-14 10:33:36,174400.0,100,Sell,231492090
2024-08-14 10:33:39,174400.0,200,Sell,231492107
2024-08-14 10:33:56,174400.0,100,Sell,231492304
2024-08-14 10:33:59,174400.0,100,Sell,231492325
2024-08-14 10:33:59,174400.0,100,Sell,231492326
2024-08-14 10:34:01,174400.0,100,Sell,231492350
2024-08-14 10:34:01,174400.0,200,Sell,231492352
2024-08-14 10:34:17,174400.0,100,Sell,231492527
2024-08-14 10:34:19,174400.0,200,Sell,231492553
2024-08-14 10:34:27,174400.0,200,Sell,231492644
2024-08-14 10:34:37,174400.0,100,Sell,231492770
2024-08-14 10:34:39,174400.0,200,Sell,231492813
2024-08-14 10:34:57,174400.0,100,Sell,231493074
2024-08-14 10:34:59,174400.0,100,Sell,231493106
2024-08-14 10:34:59,174400.0,100,Sell,231493107
2024-08-14 10:35:17,174400.0,100,Sell,231493328
2024-08-14 10:35:19,174400.0,100,Sell,231493370
2024-08-14 10:35:19,174400.0,100,Sell,231493369
2024-08-14 10:35:35,174400.0,100,Sell,231493623
2024-08-14 10:35:37,174400.0,100,Sell,231493651
2024-08-14 10:35:39,174400.0,200,Sell,231493679
2024-08-14 10:35:55,174400.0,100,Sell,231493841
2024-08-14 10:35:55,174400.0,100,Sell,231493842
2024-08-14 10:35:57,174400.0,100,Sell,231493863
2024-08-14 10:35:59,174400.0,100,Sell,231493888
2024-08-14 10:35:59,174400.0,100,Sell,231493889
2024-08-14 10:36:15,174400.0,100,Sell,231494093
2024-08-14 10:36:17,174400.0,100,Sell,231494119
2024-08-14 10:36:20,174400.0,200,Sell,231494150
2024-08-14 10:36:35,174400.0,100,Sell,231494487
2024-08-14 10:36:37,174400.0,100,Sell,231494542
2024-08-14 10:36:40,174300.0,200,Sell,231494559
2024-08-14 10:36:55,174300.0,100,Sell,231494741
2024-08-14 10:36:58,174300.0,100,Sell,231494788
2024-08-14 10:37:00,174300.0,200,Sell,231494820
2024-08-14 10:37:15,174300.0,100,Sell,231495079
2024-08-14 10:37:18,174300.0,100,Sell,231495233
2024-08-14 10:37:20,174300.0,200,Sell,231495251
2024-08-14 10:37:36,174300.0,100,Sell,231495521
2024-08-14 10:37:38,174200.0,100,Sell,231495551
2024-08-14 10:37:40,174200.0,100,Sell,231495577
2024-08-14 10:37:40,174200.0,100,Sell,231495578
2024-08-14 10:37:56,174200.0,100,Sell,231495894
2024-08-14 10:37:58,174200.0,100,Sell,231495920
2024-08-14 10:38:00,174200.0,200,Sell,231495950
2024-08-14 10:38:16,174200.0,100,Sell,231496163
2024-08-14 10:38:18,174200.0,100,Sell,231496206
2024-08-14 10:38:20,174200.0,200,Sell,231496226
2024-08-14 10:38:22,174200.0,100,Sell,231496266
2024-08-14 10:38:36,174100.0,100,Sell,231496578
2024-08-14 10:38:38,174100.0,100,Sell,231496598
2024-08-14 10:38:40,174100.0,200,Sell,231496627
2024-08-14 10:38:56,174100.0,100,Sell,231496863
2024-08-14 10:38:58,174100.0,100,Sell,231496896
2024-08-14 10:39:01,174100.0,200,Sell,231496936
2024-08-14 10:39:03,174100.0,300,Sell,231496996
2024-08-14 10:39:03,174100.0,100,Sell,231496995
2024-08-14 10:39:16,174100.0,100,Sell,231497180
2024-08-14 10:39:19,174100.0,100,Sell,231497231
2024-08-14 10:39:21,174100.0,200,Sell,231497261
2024-08-14 10:39:36,174100.0,100,Sell,231497518
2024-08-14 10:39:39,174100.0,100,Sell,231497554
2024-08-14 10:39:41,174100.0,100,Sell,231497606
2024-08-14 10:39:41,174100.0,100,Sell,231497607
2024-08-14 10:39:43,174100.0,200,Sell,231497649
2024-08-14 10:39:45,174100.0,500,Sell,231497692
2024-08-14 10:39:45,174100.0,100,Sell,231497691
2024-08-14 10:39:45,174100.0,100,Sell,231497690
2024-08-14 10:39:45,174100.0,200,Sell,231497689
2024-08-14 10:39:45,174100.0,200,Sell,231497688
2024-08-14 10:39:45,174100.0,500,Sell,231497686
2024-08-14 10:39:45,174100.0,500,Sell,231497685
2024-08-14 10:39:45,174100.0,1000,Sell,231497684
2024-08-14 10:39:45,174100.0,700,Sell,231497683
2024-08-14 10:39:45,174100.0,100,Sell,231497687
2024-08-14 10:39:56,174000.0,100,Sell,231497901
2024-08-14 10:39:59,174000.0,100,Sell,231497948
2024-08-14 10:40:01,174000.0,100,Sell,231497960
2024-08-14 10:40:01,174000.0,100,Sell,231497961
2024-08-14 10:40:08,174100.0,1100,Buy,231498099
2024-08-14 10:40:08,174100.0,100,Buy,231498100
2024-08-14 10:40:17,174000.0,100,Sell,231498205
2024-08-14 10:40:19,174000.0,100,Sell,231498225
2024-08-14 10:40:21,174000.0,200,Sell,231498252
2024-08-14 10:40:36,174000.0,100,Sell,231498608
2024-08-14 10:40:39,174000.0,100,Sell,231498643
2024-08-14 10:40:41,174000.0,200,Sell,231498671
2024-08-14 10:40:49,174000.0,100,Sell,231498821
2024-08-14 10:40:50,174000.0,100,Sell,231498828
2024-08-14 10:40:54,174000.0,400,Sell,231498899
2024-08-14 10:40:54,174000.0,500,Sell,231498900
2024-08-14 10:40:54,174000.0,500,Sell,231498901
2024-08-14 10:40:54,174000.0,100,Sell,231498902
2024-08-14 10:40:54,174000.0,100,Sell,231498903
2024-08-14 10:40:54,174000.0,200,Sell,231498904
2024-08-14 10:40:54,174000.0,100,Sell,231498905
2024-08-14 10:40:54,174000.0,100,Sell,231498906
2024-08-14 10:40:57,174000.0,100,Sell,231498936
2024-08-14 10:40:59,174000.0,100,Sell,231498977
2024-08-14 10:41:01,174000.0,200,Sell,231498994
2024-08-14 10:41:17,174000.0,100,Sell,231499205
2024-08-14 10:41:20,174000.0,100,Sell,231499313
2024-08-14 10:41:22,174000.0,200,Sell,231499372
2024-08-14 10:41:24,174000.0,600,Sell,231499414
2024-08-14 10:41:31,174000.0,200,Sell,231499532
2024-08-14 10:41:31,174000.0,100,Sell,231499533
2024-08-14 10:41:31,174000.0,100,Sell,231499534
2024-08-14 10:41:31,174000.0,600,Sell,231499535
2024-08-14 10:41:37,174000.0,100,Sell,231499593
2024-08-14 10:41:40,174000.0,100,Sell,231499631
2024-08-14 10:41:41,174000.0,100,Sell,231499666
2024-08-14 10:41:41,174000.0,100,Sell,231499667
2024-08-14 10:41:57,173900.0,100,Sell,231499866
2024-08-14 10:42:00,173900.0,100,Sell,231499910
2024-08-14 10:42:02,173900.0,200,Sell,231499926
2024-08-14 10:42:17,173900.0,100,Sell,231500178
2024-08-14 10:42:17,173900.0,100,Sell,231500181
2024-08-14 10:42:20,173900.0,100,Sell,231500251
2024-08-14 10:42:22,173900.0,200,Sell,231500303
2024-08-14 10:42:37,173900.0,100,Sell,231500697
2024-08-14 10:42:40,173900.0,100,Sell,231500728
2024-08-14 10:42:42,173900.0,200,Sell,231500809
2024-08-14 10:42:58,173900.0,100,Sell,231501195
2024-08-14 10:43:01,173900.0,100,Sell,231501267
2024-08-14 10:43:02,173900.0,200,Sell,231501291
2024-08-14 10:43:17,173800.0,100,Sell,231501424
2024-08-14 10:43:18,173800.0,100,Sell,231501432
2024-08-14 10:43:21,173800.0,100,Sell,231501472
2024-08-14 10:43:22,173800.0,200,Sell,231501491
2024-08-14 10:43:37,173800.0,100,Sell,231501679
2024-08-14 10:43:41,173800.0,100,Sell,231501726
2024-08-14 10:43:42,173800.0,200,Sell,231501766
2024-08-14 10:43:58,173800.0,100,Sell,231501982
2024-08-14 10:44:01,173800.0,100,Sell,231502019
2024-08-14 10:44:02,173800.0,200,Sell,231502029
2024-08-14 10:44:17,173800.0,100,Sell,231502183
2024-08-14 10:44:21,173800.0,100,Sell,231502226
2024-08-14 10:44:22,173800.0,200,Sell,231502243
2024-08-14 10:44:38,173800.0,100,Sell,231502460
2024-08-14 10:44:41,173800.0,100,Sell,231502491
2024-08-14 10:44:44,173800.0,200,Sell,231502535
2024-08-14 10:44:58,173800.0,100,Sell,231502685
2024-08-14 10:45:01,173800.0,100,Sell,231502737
2024-08-14 10:45:03,173800.0,200,Sell,231502751
2024-08-14 10:45:18,173900.0,100,Sell,231502913
2024-08-14 10:45:22,173800.0,100,Sell,231503004
2024-08-14 10:45:23,173800.0,200,Sell,231503030
2024-08-14 10:45:38,173800.0,100,Sell,231503243
2024-08-14 10:45:42,173800.0,100,Sell,231503299
2024-08-14 10:45:43,173800.0,100,Sell,231503303
2024-08-14 10:45:43,173800.0,100,Sell,231503304
2024-08-14 10:45:45,173800.0,100,Sell,231503334
2024-08-14 10:45:48,174000.0,1000,Buy,231503366
2024-08-14 10:45:58,173800.0,100,Sell,231503523
2024-08-14 10:46:02,173800.0,100,Sell,231503578
2024-08-14 10:46:03,173800.0,100,Sell,231503583
2024-08-14 10:46:03,173800.0,100,Sell,231503582
2024-08-14 10:46:18,173800.0,100,Sell,231503780
2024-08-14 10:46:22,173800.0,100,Sell,231503852
2024-08-14 10:46:23,173800.0,100,Sell,231503865
2024-08-14 10:46:23,173800.0,100,Sell,231503866
2024-08-14 10:46:33,173800.0,200,Sell,231503995
2024-08-14 10:46:38,173800.0,100,Sell,231504277
2024-08-14 10:46:42,173700.0,100,Sell,231504329
2024-08-14 10:46:43,173700.0,200,Sell,231504352
2024-08-14 10:46:58,173700.0,100,Sell,231504566
2024-08-14 10:47:02,173700.0,100,Sell,231504639
2024-08-14 10:47:03,173700.0,200,Sell,231504658
2024-08-14 10:47:04,173700.0,200,Sell,231504680
2024-08-14 10:47:19,173700.0,100,Sell,231504856
2024-08-14 10:47:23,173700.0,100,Sell,231504923
2024-08-14 10:47:23,173700.0,200,Sell,231504934
2024-08-14 10:47:39,173700.0,100,Sell,231505130
2024-08-14 10:47:43,173700.0,200,Sell,231505257
2024-08-14 10:47:43,173700.0,100,Sell,231505230
2024-08-14 10:47:59,173700.0,100,Sell,231505574
2024-08-14 10:48:03,173700.0,100,Sell,231505647
2024-08-14 10:48:04,173700.0,200,Sell,231505657
2024-08-14 10:48:13,173700.0,100,Sell,231505827
2024-08-14 10:48:19,173700.0,100,Sell,231505920
2024-08-14 10:48:23,173700.0,100,Sell,231505984
2024-08-14 10:48:24,173700.0,100,Sell,231506009
2024-08-14 10:48:24,173600.0,100,Sell,231506010
2024-08-14 10:48:39,173600.0,100,Sell,231506245
2024-08-14 10:48:43,173600.0,100,Sell,231506303
2024-08-14 10:48:44,173600.0,200,Sell,231506345
2024-08-14 10:48:59,173600.0,100,Sell,231506556
2024-08-14 10:49:03,173600.0,100,Sell,231506602
2024-08-14 10:49:04,173600.0,200,Sell,231506606
2024-08-14 10:49:19,173600.0,100,Sell,231506975
2024-08-14 10:49:23,173600.0,100,Sell,231507038
2024-08-14 10:49:24,173600.0,200,Sell,231507050
2024-08-14 10:49:39,173700.0,100,Sell,231507327
2024-08-14 10:49:44,173700.0,300,Sell,231507360
2024-08-14 10:49:44,173700.0,200,Sell,231507362
2024-08-14 10:49:44,173700.0,100,Sell,231507359
2024-08-14 10:49:59,173700.0,100,Sell,231507554
2024-08-14 10:50:04,173700.0,100,Sell,231507595
2024-08-14 10:50:04,173700.0,100,Sell,231507601
2024-08-14 10:50:04,173700.0,100,Sell,231507602
2024-08-14 10:50:20,173700.0,100,Sell,231507897
2024-08-14 10:50:24,173700.0,100,Sell,231507957
2024-08-14 10:50:24,173700.0,200,Sell,231507963
2024-08-14 10:50:40,173700.0,100,Sell,231508283
2024-08-14 10:50:41,173700.0,100,Sell,231508290
2024-08-14 10:50:44,173700.0,100,Sell,231508359
2024-08-14 10:50:44,173700.0,200,Sell,231508367
2024-08-14 10:51:00,173700.0,100,Sell,231508710
2024-08-14 10:51:04,173700.0,200,Sell,231508771
2024-08-14 10:51:04,173700.0,100,Sell,231508770
2024-08-14 10:51:13,173700.0,200,Sell,231508948
2024-08-14 10:51:13,173700.0,100,Sell,231508949
2024-08-14 10:51:13,173700.0,200,Sell,231508950
2024-08-14 10:51:13,173700.0,100,Sell,231508951
2024-08-14 10:51:13,173700.0,100,Sell,231508952
2024-08-14 10:51:13,173700.0,100,Sell,231508953
2024-08-14 10:51:13,173600.0,200,Sell,231508954
2024-08-14 10:51:13,173600.0,1000,Sell,231508955
2024-08-14 10:51:13,173600.0,200,Sell,231508956
2024-08-14 10:51:13,173600.0,2300,Sell,231508957
2024-08-14 10:51:14,173600.0,500,Buy,231508987
2024-08-14 10:51:20,173500.0,100,Sell,231509065
2024-08-14 10:51:24,173500.0,100,Sell,231509119
2024-08-14 10:51:25,173500.0,200,Sell,231509123
2024-08-14 10:51:40,173500.0,100,Sell,231509432
2024-08-14 10:51:45,173500.0,100,Sell,231509484
2024-08-14 10:51:45,173500.0,200,Sell,231509485
2024-08-14 10:51:58,173600.0,5000,Buy,231509721
2024-08-14 10:52:00,173500.0,100,Sell,231509750
2024-08-14 10:52:05,173500.0,100,Sell,231509825
2024-08-14 10:52:05,173500.0,200,Sell,231509830
2024-08-14 10:52:13,173600.0,100,Buy,231509974
2024-08-14 10:52:14,173500.0,600,Sell,231509996
2024-08-14 10:52:15,173600.0,200,Buy,231510003
2024-08-14 10:52:20,173600.0,500,Buy,231510074
2024-08-14 10:52:20,173600.0,100,Sell,231510075
2024-08-14 10:52:23,173600.0,400,Sell,231510111
2024-08-14 10:52:24,173600.0,500,Buy,231510131
2024-08-14 10:52:25,173600.0,100,Sell,231510137
2024-08-14 10:52:25,173600.0,200,Sell,231510138
2024-08-14 10:52:41,173600.0,100,Sell,231510394
2024-08-14 10:52:45,173600.0,200,Sell,231510470
2024-08-14 10:52:45,173600.0,100,Sell,231510462
2024-08-14 10:53:01,173600.0,100,Sell,231510693
2024-08-14 10:53:05,173600.0,200,Sell,231510751
2024-08-14 10:53:05,173600.0,100,Sell,231510752
2024-08-14 10:53:08,173600.0,100,Sell,231510782
2024-08-14 10:53:21,173600.0,100,Sell,231510910
2024-08-14 10:53:25,173600.0,200,Sell,231510972
2024-08-14 10:53:25,173500.0,100,Sell,231510973
2024-08-14 10:53:41,173700.0,100,Sell,231511139
2024-08-14 10:53:45,173600.0,200,Sell,231511216
2024-08-14 10:53:45,173500.0,100,Sell,231511217
2024-08-14 10:53:53,173500.0,500,Sell,231511311
2024-08-14 10:53:53,173500.0,200,Sell,231511312
2024-08-14 10:54:01,173500.0,100,Sell,231511393
2024-08-14 10:54:05,173500.0,200,Sell,231511455
2024-08-14 10:54:06,173500.0,100,Sell,231511459
2024-08-14 10:54:21,173500.0,100,Sell,231511682
2024-08-14 10:54:26,173500.0,100,Sell,231511725
2024-08-14 10:54:26,173500.0,200,Sell,231511723
2024-08-14 10:54:38,173500.0,700,Sell,231511875
2024-08-14 10:54:41,173500.0,100,Sell,231511912
2024-08-14 10:54:46,173500.0,100,Sell,231511982
2024-08-14 10:54:46,173500.0,200,Sell,231511978
2024-08-14 10:54:55,173500.0,500,Sell,231512082
2024-08-14 10:54:55,173500.0,200,Sell,231512083
2024-08-14 10:54:55,173500.0,100,Sell,231512084
2024-08-14 10:54:55,173500.0,100,Sell,231512085
2024-08-14 10:54:55,173500.0,100,Sell,231512086
2024-08-14 10:54:55,173500.0,400,Sell,231512087
2024-08-14 10:54:55,173500.0,100,Sell,231512088
2024-08-14 10:55:01,173500.0,100,Sell,231512161
2024-08-14 10:55:06,173500.0,100,Sell,231512221
2024-08-14 10:55:06,173500.0,100,Sell,231512222
2024-08-14 10:55:06,173500.0,100,Sell,231512226
2024-08-14 10:55:21,173500.0,100,Sell,231512469
2024-08-14 10:55:23,173500.0,100,Sell,231512496
2024-08-14 10:55:23,173500.0,200,Sell,231512494
2024-08-14 10:55:23,173500.0,100,Sell,231512495
2024-08-14 10:55:23,173500.0,100,Sell,231512493
2024-08-14 10:55:26,173400.0,200,Sell,231512568
2024-08-14 10:55:27,173400.0,100,Sell,231512574
2024-08-14 10:55:28,173500.0,100,Buy,231512586
2024-08-14 10:55:36,173400.0,100,Sell,231512731
2024-08-14 10:55:42,173400.0,100,Sell,231512813
2024-08-14 10:55:46,173400.0,200,Sell,231512853
2024-08-14 10:55:47,173400.0,100,Sell,231512859
2024-08-14 10:56:02,173400.0,100,Sell,231513008
2024-08-14 10:56:06,173400.0,100,Sell,231513084
2024-08-14 10:56:06,173400.0,100,Sell,231513085
2024-08-14 10:56:07,173300.0,100,Sell,231513086
2024-08-14 10:56:08,173300.0,700,Sell,231513097
2024-08-14 10:56:08,173300.0,100,Sell,231513096
2024-08-14 10:56:22,173300.0,100,Sell,231513266
2024-08-14 10:56:26,173300.0,200,Sell,231513362
2024-08-14 10:56:27,173200.0,100,Sell,231513368
2024-08-14 10:56:42,173200.0,100,Sell,231513574
2024-08-14 10:56:47,173200.0,200,Sell,231513638
2024-08-14 10:56:47,173200.0,100,Sell,231513648
2024-08-14 10:56:53,173200.0,500,Sell,231513740
2024-08-14 10:56:53,173200.0,200,Sell,231513741
2024-08-14 10:57:02,173200.0,100,Sell,231513829
2024-08-14 10:57:07,173200.0,200,Sell,231513885
2024-08-14 10:57:07,173200.0,100,Sell,231513892
2024-08-14 10:57:22,173200.0,100,Sell,231514093
2024-08-14 10:57:25,173500.0,100,Buy,231514165
2024-08-14 10:57:27,173200.0,100,Sell,231514172
2024-08-14 10:57:27,173200.0,100,Sell,231514173
2024-08-14 10:57:28,173200.0,100,Sell,231514185
2024-08-14 10:57:38,173300.0,100,Sell,231514280
2024-08-14 10:57:42,173200.0,100,Sell,231514341
2024-08-14 10:57:47,173200.0,200,Sell,231514398
2024-08-14 10:57:48,173200.0,100,Sell,231514416
2024-08-14 10:58:02,173200.0,100,Sell,231514632
2024-08-14 10:58:03,173300.0,600,Buy,231514659
2024-08-14 10:58:04,173300.0,100,Sell,231514662
2024-08-14 10:58:07,173300.0,200,Sell,231514714
2024-08-14 10:58:08,173300.0,100,Sell,231514761
2024-08-14 10:58:23,173300.0,100,Sell,231515031
2024-08-14 10:58:24,173300.0,100,Sell,231515055
2024-08-14 10:58:24,173300.0,200,Sell,231515056
2024-08-14 10:58:27,173200.0,200,Sell,231515157
2024-08-14 10:58:28,173200.0,100,Sell,231515179
2024-08-14 10:58:34,173300.0,100,Buy,231515272
2024-08-14 10:58:43,173200.0,100,Sell,231515397
2024-08-14 10:58:47,173200.0,200,Sell,231515460
2024-08-14 10:58:48,173200.0,100,Sell,231515477
2024-08-14 10:59:03,173200.0,100,Sell,231515686
2024-08-14 10:59:07,173200.0,200,Sell,231515762
2024-08-14 10:59:08,173300.0,500,Buy,231515795
2024-08-14 10:59:08,173200.0,100,Sell,231515792
2024-08-14 10:59:08,173200.0,300,Sell,231515791
2024-08-14 10:59:08,173200.0,300,Sell,231515777
2024-08-14 10:59:08,173200.0,100,Sell,231515789
2024-08-14 10:59:08,173200.0,100,Sell,231515788
2024-08-14 10:59:08,173200.0,100,Sell,231515787
2024-08-14 10:59:08,173200.0,100,Sell,231515790
2024-08-14 10:59:23,173200.0,100,Sell,231515961
2024-08-14 10:59:27,173200.0,200,Sell,231516003
2024-08-14 10:59:28,173200.0,100,Sell,231516017
2024-08-14 10:59:43,173200.0,100,Sell,231516170
2024-08-14 10:59:43,173300.0,100,Buy,231516172
2024-08-14 10:59:44,173200.0,100,Sell,231516193
2024-08-14 10:59:48,173200.0,200,Sell,231516249
2024-08-14 10:59:49,173200.0,100,Sell,231516258
2024-08-14 10:59:51,173300.0,100,Buy,231516314
2024-08-14 11:00:03,173300.0,100,Sell,231516440
2024-08-14 11:00:08,173200.0,100,Sell,231516515
2024-08-14 11:00:08,173300.0,100,Sell,231516514
2024-08-14 11:00:09,173200.0,100,Sell,231516526
2024-08-14 11:00:23,173300.0,100,Sell,231516705
2024-08-14 11:00:28,173200.0,200,Sell,231516760
2024-08-14 11:00:29,173200.0,100,Sell,231516767
2024-08-14 11:00:31,173200.0,100,Sell,231516779
2024-08-14 11:00:43,173300.0,100,Sell,231517067
2024-08-14 11:00:48,173300.0,100,Sell,231517113
2024-08-14 11:00:48,173200.0,200,Sell,231517117
2024-08-14 11:00:49,173200.0,100,Sell,231517130
2024-08-14 11:01:03,173200.0,100,Sell,231517440
2024-08-14 11:01:08,173200.0,200,Sell,231517512
2024-08-14 11:01:09,173200.0,100,Sell,231517560
2024-08-14 11:01:12,173300.0,100,Buy,231517583
2024-08-14 11:01:24,173200.0,100,Sell,231517790
2024-08-14 11:01:24,173300.0,500,Buy,231517808
2024-08-14 11:01:28,173300.0,200,Sell,231517890
2024-08-14 11:01:30,173300.0,100,Sell,231517902
2024-08-14 11:01:33,173300.0,700,Sell,231517939
2024-08-14 11:01:44,173300.0,100,Sell,231518082
2024-08-14 11:01:48,173300.0,200,Sell,231518175
2024-08-14 11:01:50,173300.0,100,Sell,231518196
2024-08-14 11:01:55,173300.0,3100,Sell,231518426
2024-08-14 11:01:55,173300.0,300,Sell,231518427
2024-08-14 11:02:04,173200.0,100,Sell,231518610
2024-08-14 11:02:08,173200.0,100,Sell,231518671
2024-08-14 11:02:08,173200.0,100,Sell,231518672
2024-08-14 11:02:10,173200.0,100,Sell,231518713
2024-08-14 11:02:18,173200.0,500,Sell,231518842
2024-08-14 11:02:18,173200.0,100,Sell,231518840
2024-08-14 11:02:18,173200.0,100,Sell,231518841
2024-08-14 11:02:22,173300.0,100,Buy,231518918
2024-08-14 11:02:22,173300.0,300,Buy,231518919
2024-08-14 11:02:22,173300.0,700,Buy,231518920
2024-08-14 11:02:24,173300.0,100,Sell,231518943
2024-08-14 11:02:29,173300.0,200,Sell,231519007
2024-08-14 11:02:30,173300.0,100,Sell,231519027
2024-08-14 11:02:44,173300.0,100,Sell,231519272
2024-08-14 11:02:49,173300.0,200,Sell,231519320
2024-08-14 11:02:50,173300.0,100,Sell,231519349
2024-08-14 11:02:59,173300.0,100,Sell,231519460
2024-08-14 11:02:59,173300.0,100,Sell,231519468
2024-08-14 11:02:59,173300.0,200,Sell,231519469
2024-08-14 11:02:59,173300.0,100,Sell,231519470
2024-08-14 11:03:04,173300.0,100,Sell,231519538
2024-08-14 11:03:09,173300.0,200,Sell,231519588
2024-08-14 11:03:10,173300.0,100,Sell,231519612
2024-08-14 11:03:24,173300.0,100,Sell,231519921
2024-08-14 11:03:29,173300.0,200,Sell,231519981
2024-08-14 11:03:30,173300.0,100,Sell,231520052
2024-08-14 11:03:35,173300.0,500,Sell,231520124
2024-08-14 11:03:45,173300.0,100,Sell,231520299
2024-08-14 11:03:49,173300.0,200,Sell,231520395
2024-08-14 11:03:51,173300.0,100,Sell,231520422
2024-08-14 11:03:57,173300.0,200,Sell,231520491
2024-08-14 11:04:04,173200.0,100,Sell,231520639
2024-08-14 11:04:09,173200.0,200,Sell,231520737
2024-08-14 11:04:11,173200.0,100,Sell,231520761
2024-08-14 11:04:16,173200.0,100,Sell,231520887
2024-08-14 11:04:16,173200.0,200,Sell,231520888
2024-08-14 11:04:24,173200.0,100,Sell,231521056
2024-08-14 11:04:29,173200.0,200,Sell,231521177
2024-08-14 11:04:31,173200.0,100,Sell,231521196
2024-08-14 11:04:42,173200.0,500,Sell,231521353
2024-08-14 11:04:42,173200.0,700,Sell,231521354
2024-08-14 11:04:45,173200.0,100,Sell,231521399
2024-08-14 11:04:49,173200.0,200,Sell,231521500
2024-08-14 11:04:51,173200.0,100,Sell,231521527
2024-08-14 11:05:05,173200.0,100,Sell,231521772
2024-08-14 11:05:09,173200.0,100,Sell,231521869
2024-08-14 11:05:09,173200.0,100,Sell,231521870
2024-08-14 11:05:10,173200.0,200,Sell,231521882
2024-08-14 11:05:11,173200.0,100,Sell,231521905
2024-08-14 11:05:18,173300.0,700,Buy,231522005
2024-08-14 11:05:25,173300.0,100,Sell,231522183
2024-08-14 11:05:27,173300.0,100,Sell,231522220
2024-08-14 11:05:30,173300.0,200,Sell,231522265
2024-08-14 11:05:31,173300.0,100,Sell,231522290
2024-08-14 11:05:45,173300.0,100,Sell,231522514
2024-08-14 11:05:50,173300.0,200,Sell,231522572
2024-08-14 11:05:52,173300.0,100,Sell,231522606
2024-08-14 11:06:05,173300.0,100,Sell,231522788
2024-08-14 11:06:10,173300.0,200,Sell,231522844
2024-08-14 11:06:12,173300.0,100,Sell,231522891
2024-08-14 11:06:20,173300.0,700,Sell,231522981
2024-08-14 11:06:25,173300.0,100,Sell,231523017
2024-08-14 11:06:29,173300.0,200,Sell,231523061
2024-08-14 11:06:29,173300.0,100,Sell,231523062
2024-08-14 11:06:29,173300.0,100,Sell,231523063
2024-08-14 11:06:29,173300.0,100,Sell,231523064
2024-08-14 11:06:30,173300.0,100,Sell,231523076
2024-08-14 11:06:30,173200.0,100,Sell,231523077
2024-08-14 11:06:32,173200.0,100,Sell,231523090
2024-08-14 11:06:35,173300.0,1000,Buy,231523130
2024-08-14 11:06:46,173200.0,100,Sell,231523245
2024-08-14 11:06:50,173200.0,200,Sell,231523284
2024-08-14 11:06:52,173200.0,100,Sell,231523320
2024-08-14 11:06:57,173300.0,4000,Buy,231523427
2024-08-14 11:07:05,173200.0,700,Sell,231523512
2024-08-14 11:07:06,173200.0,100,Sell,231523521
2024-08-14 11:07:10,173200.0,200,Sell,231523596
2024-08-14 11:07:12,173200.0,100,Sell,231523612
2024-08-14 11:07:26,173200.0,100,Sell,231523798
2024-08-14 11:07:30,173200.0,200,Sell,231523863
2024-08-14 11:07:32,173200.0,100,Sell,231523909
2024-08-14 11:07:46,173200.0,100,Sell,231524135
2024-08-14 11:07:50,173200.0,700,Sell,231524209
2024-08-14 11:07:50,173200.0,200,Sell,231524214
2024-08-14 11:07:53,173200.0,100,Sell,231524244
2024-08-14 11:07:55,173200.0,100,Sell,231524256
2024-08-14 11:08:06,173200.0,100,Sell,231524391
2024-08-14 11:08:11,173200.0,100,Sell,231524448
2024-08-14 11:08:11,173200.0,100,Sell,231524449
2024-08-14 11:08:13,173200.0,100,Sell,231524495
2024-08-14 11:08:26,173200.0,100,Sell,231524685
2024-08-14 11:08:31,173200.0,100,Sell,231524830
2024-08-14 11:08:31,173200.0,100,Sell,231524829
2024-08-14 11:08:34,173200.0,100,Sell,231524883
2024-08-14 11:08:35,173200.0,100,Sell,231524892
2024-08-14 11:08:35,173200.0,100,Sell,231524891
2024-08-14 11:08:46,173100.0,100,Sell,231525116
2024-08-14 11:08:49,173200.0,100,Buy,231525152
2024-08-14 11:08:51,173100.0,200,Sell,231525170
2024-08-14 11:08:54,173200.0,400,Buy,231525260
2024-08-14 11:08:54,173200.0,100,Sell,231525263
2024-08-14 11:09:06,173200.0,100,Sell,231525445
2024-08-14 11:09:11,173200.0,200,Sell,231525527
2024-08-14 11:09:14,173200.0,100,Sell,231525558
2024-08-14 11:09:20,173200.0,700,Sell,231525675
2024-08-14 11:09:26,173200.0,100,Sell,231525753
2024-08-14 11:09:31,173200.0,200,Sell,231525794
2024-08-14 11:09:34,173200.0,100,Sell,231525831
2024-08-14 11:09:46,173200.0,100,Sell,231526005
2024-08-14 11:09:51,173200.0,100,Sell,231526068
2024-08-14 11:09:51,173200.0,100,Sell,231526067
2024-08-14 11:09:54,173200.0,100,Sell,231526105
2024-08-14 11:10:05,173200.0,200,Sell,231526236
2024-08-14 11:10:05,173200.0,100,Sell,231526237
2024-08-14 11:10:05,173200.0,100,Sell,231526238
2024-08-14 11:10:06,173200.0,100,Buy,231526247
2024-08-14 11:10:07,173100.0,100,Sell,231526278
2024-08-14 11:10:11,173100.0,200,Sell,231526345
2024-08-14 11:10:14,173100.0,100,Sell,231526431
2024-08-14 11:10:22,173100.0,100,Sell,231526540
2024-08-14 11:10:22,173200.0,100,Buy,231526545
2024-08-14 11:10:27,173100.0,100,Sell,231526619
2024-08-14 11:10:31,173100.0,100,Sell,231526678
2024-08-14 11:10:31,173100.0,100,Sell,231526679
2024-08-14 11:10:34,173100.0,100,Sell,231526715
2024-08-14 11:10:47,173100.0,100,Sell,231526896
2024-08-14 11:10:50,173100.0,300,Sell,231526964
2024-08-14 11:10:50,173100.0,100,Sell,231526961
2024-08-14 11:10:50,173100.0,100,Sell,231526962
2024-08-14 11:10:50,173100.0,300,Sell,231526963
2024-08-14 11:10:52,173100.0,200,Sell,231526992
2024-08-14 11:10:55,173100.0,100,Sell,231527017
2024-08-14 11:11:07,173100.0,100,Sell,231527148
2024-08-14 11:11:12,173100.0,200,Sell,231527207
2024-08-14 11:11:15,173100.0,100,Sell,231527241
2024-08-14 11:11:27,173100.0,100,Sell,231527359
2024-08-14 11:11:32,173100.0,200,Sell,231527398
2024-08-14 11:11:35,173100.0,700,Sell,231527436
2024-08-14 11:11:35,173100.0,100,Sell,231527438
2024-08-14 11:11:47,173100.0,100,Sell,231527635
2024-08-14 11:11:52,173100.0,200,Sell,231527710
2024-08-14 11:11:55,173100.0,100,Sell,231527742
2024-08-14 11:12:07,173100.0,200,Sell,231527880
2024-08-14 11:12:12,173100.0,200,Sell,231527937
2024-08-14 11:12:16,173100.0,100,Sell,231527986
2024-08-14 11:12:20,173100.0,700,Sell,231528019
2024-08-14 11:12:27,173100.0,200,Sell,231528171
2024-08-14 11:12:32,173100.0,200,Sell,231528215
2024-08-14 11:12:35,173100.0,100,Sell,231528285
2024-08-14 11:12:48,173100.0,200,Sell,231528606
2024-08-14 11:12:50,173100.0,100,Sell,231528676
2024-08-14 11:12:52,173100.0,200,Sell,231528702
2024-08-14 11:12:56,173100.0,100,Sell,231528744
2024-08-14 11:13:05,173100.0,700,Sell,231528832
2024-08-14 11:13:08,173100.0,200,Sell,231528869
2024-08-14 11:13:12,173100.0,200,Sell,231528945
2024-08-14 11:13:16,173100.0,100,Sell,231529003
2024-08-14 11:13:21,173200.0,100,Buy,231529063
2024-08-14 11:13:28,173100.0,100,Sell,231529157
2024-08-14 11:13:28,173100.0,100,Sell,231529158
2024-08-14 11:13:32,173100.0,200,Sell,231529217
2024-08-14 11:13:36,173100.0,100,Sell,231529278
2024-08-14 11:13:48,173100.0,200,Sell,231529492
2024-08-14 11:13:50,173100.0,600,Sell,231529543
2024-08-14 11:13:53,173100.0,200,Sell,231529569
2024-08-14 11:13:56,173100.0,100,Sell,231530027
2024-08-14 11:14:04,173200.0,700,Buy,231530135
2024-08-14 11:14:08,173200.0,200,Sell,231530367
2024-08-14 11:14:13,173200.0,200,Sell,231530453
2024-08-14 11:14:16,173200.0,100,Sell,231530567
2024-08-14 11:14:28,173100.0,200,Sell,231530754
2024-08-14 11:14:33,173200.0,200,Sell,231530844
2024-08-14 11:14:36,173100.0,100,Sell,231530909
2024-08-14 11:14:48,173100.0,200,Sell,231531060
2024-08-14 11:14:53,173100.0,200,Sell,231531125
2024-08-14 11:14:57,173100.0,100,Sell,231531204
2024-08-14 11:15:04,173500.0,300,Buy,231531300
2024-08-14 11:15:09,173100.0,200,Sell,231531358
2024-08-14 11:15:13,173100.0,200,Sell,231531425
2024-08-14 11:15:17,173100.0,200,Sell,231531488
2024-08-14 11:15:18,173100.0,100,Sell,231531501
2024-08-14 11:15:26,173100.0,700,Sell,231531627
2024-08-14 11:15:29,173100.0,200,Sell,231531679
2024-08-14 11:15:33,173100.0,200,Sell,231531760
2024-08-14 11:15:37,173100.0,200,Sell,231531846
2024-08-14 11:15:49,173200.0,100,Sell,231532037
2024-08-14 11:15:49,173100.0,100,Sell,231532038
2024-08-14 11:15:53,173100.0,200,Sell,231532093
2024-08-14 11:15:57,173100.0,200,Sell,231532138
2024-08-14 11:16:09,173100.0,200,Sell,231532326
2024-08-14 11:16:11,173100.0,100,Sell,231532349
2024-08-14 11:16:11,173100.0,100,Sell,231532350
2024-08-14 11:16:11,173100.0,100,Sell,231532351
2024-08-14 11:16:11,173100.0,400,Sell,231532352
2024-08-14 11:16:14,173100.0,200,Sell,231532387
2024-08-14 11:16:18,173100.0,200,Sell,231532449
2024-08-14 11:16:29,173100.0,200,Sell,231532665
2024-08-14 11:16:33,173100.0,100,Sell,231532772
2024-08-14 11:16:33,173100.0,100,Sell,231532773
2024-08-14 11:16:37,173100.0,100,Sell,231532835
2024-08-14 11:16:37,173100.0,100,Sell,231532834
2024-08-14 11:16:49,173100.0,100,Sell,231532991
2024-08-14 11:16:49,173100.0,100,Sell,231532992
2024-08-14 11:16:54,173100.0,200,Sell,231533037
2024-08-14 11:16:56,173100.0,700,Sell,231533052
2024-08-14 11:16:58,173100.0,200,Sell,231533072
2024-08-14 11:17:09,173100.0,200,Sell,231533221
2024-08-14 11:17:14,173100.0,200,Sell,231533337
2024-08-14 11:17:18,173100.0,100,Sell,231533412
2024-08-14 11:17:18,173100.0,100,Sell,231533413
2024-08-14 11:17:30,173100.0,200,Sell,231533589
2024-08-14 11:17:34,173100.0,200,Sell,231533658
2024-08-14 11:17:38,173100.0,200,Sell,231533749
2024-08-14 11:17:41,173100.0,700,Sell,231533784
2024-08-14 11:17:45,173200.0,100,Sell,231533830
2024-08-14 11:17:50,173200.0,200,Sell,231533892
2024-08-14 11:17:54,173200.0,200,Sell,231533938
2024-08-14 11:17:58,173200.0,200,Sell,231534008
2024-08-14 11:18:10,173200.0,200,Sell,231534128
2024-08-14 11:18:14,173200.0,200,Sell,231534194
2024-08-14 11:18:18,173200.0,200,Sell,231534254
2024-08-14 11:18:26,173200.0,700,Sell,231534391
2024-08-14 11:18:30,173200.0,200,Sell,231534462
2024-08-14 11:18:34,173200.0,200,Sell,231534518
2024-08-14 11:18:38,173200.0,200,Sell,231534577
2024-08-14 11:18:50,173200.0,200,Sell,231534740
2024-08-14 11:18:54,173200.0,100,Sell,231534844
2024-08-14 11:18:54,173200.0,100,Sell,231534845
2024-08-14 11:18:59,173200.0,200,Sell,231534896
2024-08-14 11:19:10,173200.0,200,Sell,231535034
2024-08-14 11:19:11,173200.0,700,Sell,231535039
2024-08-14 11:19:15,173200.0,200,Sell,231535114
2024-08-14 11:19:19,173200.0,200,Sell,231535221
2024-08-14 11:19:30,173200.0,200,Sell,231535379
2024-08-14 11:19:35,173200.0,200,Sell,231535445
2024-08-14 11:19:39,173200.0,200,Sell,231535506
2024-08-14 11:19:51,173200.0,200,Sell,231535630
2024-08-14 11:19:55,173200.0,200,Sell,231535680
2024-08-14 11:19:56,173200.0,400,Sell,231535693
2024-08-14 11:19:56,173200.0,100,Sell,231535694
2024-08-14 11:19:56,173200.0,200,Sell,231535695
2024-08-14 11:19:59,173200.0,200,Sell,231535732
2024-08-14 11:20:11,173200.0,200,Sell,231535846
2024-08-14 11:20:13,173200.0,100,Sell,231535904
2024-08-14 11:20:15,173200.0,200,Sell,231535940
2024-08-14 11:20:19,173200.0,200,Sell,231535989
2024-08-14 11:20:31,173200.0,200,Sell,231536126
2024-08-14 11:20:35,173200.0,200,Sell,231536171
2024-08-14 11:20:40,173200.0,200,Sell,231536229
2024-08-14 11:20:41,173200.0,700,Sell,231536253
2024-08-14 11:20:51,173200.0,200,Sell,231536409
2024-08-14 11:20:55,173200.0,200,Sell,231536478
2024-08-14 11:21:00,173200.0,200,Sell,231536571
2024-08-14 11:21:11,173200.0,200,Sell,231536738
2024-08-14 11:21:15,173200.0,100,Sell,231536791
2024-08-14 11:21:15,173200.0,100,Sell,231536792
2024-08-14 11:21:20,173200.0,200,Sell,231536827
2024-08-14 11:21:27,173200.0,100,Sell,231536908
2024-08-14 11:21:31,173100.0,200,Sell,231536957
2024-08-14 11:21:35,173100.0,200,Sell,231537018
2024-08-14 11:21:40,173100.0,200,Sell,231537074
2024-08-14 11:21:51,173100.0,200,Sell,231537230
2024-08-14 11:21:56,173100.0,100,Sell,231537289
2024-08-14 11:21:56,173100.0,100,Sell,231537290
2024-08-14 11:22:00,173100.0,200,Sell,231537347
2024-08-14 11:22:11,173100.0,200,Sell,231537531
2024-08-14 11:22:11,173100.0,700,Sell,231537530
2024-08-14 11:22:11,173100.0,600,Sell,231537528
2024-08-14 11:22:16,173100.0,200,Sell,231537585
2024-08-14 11:22:20,173100.0,200,Sell,231537645
2024-08-14 11:22:32,173100.0,200,Sell,231537847
2024-08-14 11:22:36,173100.0,200,Sell,231537908
2024-08-14 11:22:41,173100.0,200,Sell,231537946
2024-08-14 11:22:41,173100.0,100,Sell,231537947
2024-08-14 11:22:52,173100.0,100,Sell,231538088
2024-08-14 11:22:52,173100.0,100,Sell,231538089
2024-08-14 11:22:56,173100.0,100,Sell,231538148
2024-08-14 11:22:56,173100.0,100,Sell,231538149
2024-08-14 11:22:57,173100.0,700,Sell,231538171
2024-08-14 11:23:01,173100.0,200,Sell,231538259
2024-08-14 11:23:12,173100.0,200,Sell,231538403
2024-08-14 11:23:16,173100.0,200,Sell,231538464
2024-08-14 11:23:21,173100.0,200,Sell,231538531
2024-08-14 11:23:32,173100.0,200,Sell,231538626
2024-08-14 11:23:36,173100.0,200,Sell,231538664
2024-08-14 11:23:41,173100.0,200,Sell,231538728
2024-08-14 11:23:41,173100.0,700,Sell,231538729
2024-08-14 11:23:52,173100.0,100,Sell,231538845
2024-08-14 11:23:52,173100.0,100,Sell,231538846
2024-08-14 11:23:57,173100.0,200,Sell,231538926
2024-08-14 11:24:01,173100.0,200,Sell,231538974
2024-08-14 11:24:13,173100.0,200,Sell,231539147
2024-08-14 11:24:16,173100.0,200,Sell,231539189
2024-08-14 11:24:22,173000.0,2000,Sell,231539295
2024-08-14 11:24:22,173000.0,1000,Sell,231539294
2024-08-14 11:24:22,173000.0,100,Sell,231539293
2024-08-14 11:24:22,173000.0,100,Sell,231539290
2024-08-14 11:24:22,173000.0,2000,Sell,231539289
2024-08-14 11:24:22,173000.0,500,Sell,231539292
2024-08-14 11:24:22,173100.0,1000,Sell,231539287
2024-08-14 11:24:22,173000.0,1000,Sell,231539288
2024-08-14 11:24:22,173100.0,200,Sell,231539263
2024-08-14 11:24:22,173100.0,1000,Sell,231539284
2024-08-14 11:24:22,173000.0,1000,Sell,231539291
2024-08-14 11:24:22,173100.0,100,Sell,231539286
2024-08-14 11:24:22,173100.0,200,Sell,231539285
2024-08-14 11:24:25,173200.0,100,Buy,231539317
2024-08-14 11:24:26,173000.0,500,Sell,231539331
2024-08-14 11:24:26,173000.0,100,Sell,231539332
2024-08-14 11:24:32,173000.0,200,Sell,231539442
2024-08-14 11:24:37,173000.0,100,Sell,231539485
2024-08-14 11:24:37,173000.0,100,Sell,231539486
2024-08-14 11:24:42,173000.0,100,Sell,231539533
2024-08-14 11:24:42,173000.0,100,Sell,231539534
2024-08-14 11:24:53,173000.0,200,Sell,231539644
2024-08-14 11:24:56,173000.0,100,Sell,231539679
2024-08-14 11:24:57,173000.0,200,Sell,231539683
2024-08-14 11:25:02,173000.0,200,Sell,231539731
2024-08-14 11:25:08,173100.0,100,Sell,231539800
2024-08-14 11:25:11,173000.0,300,Sell,231539826
2024-08-14 11:25:11,173000.0,100,Sell,231539827
2024-08-14 11:25:11,173000.0,300,Sell,231539828
2024-08-14 11:25:13,173000.0,200,Sell,231539850
2024-08-14 11:25:17,173000.0,200,Sell,231539888
2024-08-14 11:25:22,173000.0,200,Sell,231539928
2024-08-14 11:25:33,173000.0,200,Sell,231540039
2024-08-14 11:25:37,173000.0,100,Sell,231540074
2024-08-14 11:25:37,173000.0,100,Sell,231540073
2024-08-14 11:25:42,173000.0,100,Sell,231540123
2024-08-14 11:25:42,173000.0,100,Sell,231540124
2024-08-14 11:25:53,173000.0,100,Sell,231540297
2024-08-14 11:25:53,173000.0,100,Sell,231540298
2024-08-14 11:25:57,173000.0,200,Sell,231540375
2024-08-14 11:26:00,173000.0,200,Sell,231540431
2024-08-14 11:26:00,173000.0,200,Sell,231540432
2024-08-14 11:26:00,173000.0,100,Sell,231540433
2024-08-14 11:26:00,173000.0,500,Sell,231540430
2024-08-14 11:26:02,173000.0,100,Sell,231540449
2024-08-14 11:26:02,172900.0,100,Sell,231540450
2024-08-14 11:26:07,173000.0,100,Buy,231540529
2024-08-14 11:26:13,172900.0,200,Sell,231540615
2024-08-14 11:26:17,172900.0,200,Sell,231540662
2024-08-14 11:26:23,172900.0,200,Sell,231540725
2024-08-14 11:26:33,172900.0,200,Sell,231540875
2024-08-14 11:26:37,172900.0,100,Sell,231540929
2024-08-14 11:26:37,172900.0,100,Sell,231540928
2024-08-14 11:26:42,172900.0,200,Sell,231541005
2024-08-14 11:26:47,172900.0,100,Sell,231541060
2024-08-14 11:26:54,172900.0,200,Sell,231541171
2024-08-14 11:26:57,172900.0,200,Sell,231541247
2024-08-14 11:27:03,172900.0,200,Sell,231541286
2024-08-14 11:27:14,172900.0,200,Sell,231541413
2024-08-14 11:27:18,172900.0,200,Sell,231541460
2024-08-14 11:27:23,172900.0,200,Sell,231541524
2024-08-14 11:27:28,173000.0,900,Buy,231541593
2024-08-14 11:27:28,173000.0,1000,Buy,231541594
2024-08-14 11:27:34,173000.0,200,Sell,231541658
2024-08-14 11:27:36,173000.0,100,Sell,231541708
2024-08-14 11:27:37,173000.0,300,Sell,231541715
2024-08-14 11:27:38,173000.0,200,Sell,231541719
2024-08-14 11:27:43,173000.0,200,Sell,231541808
2024-08-14 11:27:54,173000.0,100,Sell,231541940
2024-08-14 11:27:54,173000.0,100,Sell,231541939
2024-08-14 11:27:58,173000.0,200,Sell,231541992
2024-08-14 11:28:11,173000.0,200,Sell,231542119
2024-08-14 11:28:14,173000.0,200,Sell,231542165
2024-08-14 11:28:18,173000.0,200,Sell,231542220
2024-08-14 11:28:34,173000.0,200,Sell,231542396
2024-08-14 11:28:37,173000.0,100,Sell,231542429
2024-08-14 12:59:42,172900.0,100,Sell,231543540
2024-08-14 12:59:42,172900.0,100,Sell,231543541
2024-08-14 12:59:42,172900.0,100,Sell,231543542
2024-08-14 12:59:42,172900.0,1000,Sell,231543545
2024-08-14 12:59:42,172900.0,1000,Sell,231543539
2024-08-14 12:59:42,172900.0,100,Sell,231543544
2024-08-14 12:59:42,172900.0,1900,Sell,231543546
2024-08-14 12:59:42,172900.0,500,Sell,231543543
2024-08-14 12:59:42,172900.0,100,Sell,231543538
2024-08-14 12:59:42,173000.0,200,Sell,231543531
2024-08-14 12:59:42,173000.0,100,Sell,231543536
2024-08-14 12:59:42,172900.0,1400,Sell,231543537
2024-08-14 12:59:42,173100.0,1500,Sell,231543529
2024-08-14 12:59:42,173000.0,1200,Sell,231543530
2024-08-14 12:59:42,173100.0,100,Sell,231543528
2024-08-14 12:59:42,173000.0,200,Sell,231543533
2024-08-14 12:59:42,173000.0,2000,Sell,231543532
2024-08-14 12:59:42,173000.0,300,Sell,231543535
2024-08-14 12:59:42,173000.0,200,Sell,231543534
2024-08-14 12:59:44,172900.0,200,Sell,231544332
2024-08-14 12:59:47,173000.0,200,Buy,231545253
2024-08-14 12:59:49,172800.0,5000,Sell,231545748
2024-08-14 12:59:49,172800.0,100,Sell,231545747
2024-08-14 12:59:49,172800.0,2500,Sell,231545749
2024-08-14 12:59:49,172900.0,100,Sell,231545745
2024-08-14 12:59:49,172900.0,100,Sell,231545744
2024-08-14 12:59:49,172900.0,200,Sell,231545743
2024-08-14 12:59:49,172800.0,2000,Sell,231545746
2024-08-14 13:00:35,172800.0,200,Sell,231547088
2024-08-14 13:00:35,172800.0,300,Sell,231547089
2024-08-14 13:00:37,172800.0,100,Sell,231547134
2024-08-14 13:00:37,172800.0,200,Sell,231547135
2024-08-14 13:00:55,172800.0,200,Sell,231547419
2024-08-14 13:01:15,172900.0,100,Sell,231547694
2024-08-14 13:01:15,172800.0,100,Sell,231547695
2024-08-14 13:01:15,172800.0,200,Sell,231547696
2024-08-14 13:01:35,172800.0,200,Sell,231547964
2024-08-14 13:01:35,172800.0,100,Sell,231547965
2024-08-14 13:01:36,172800.0,100,Sell,231547972
2024-08-14 13:01:50,172800.0,200,Sell,231548252
2024-08-14 13:01:50,172800.0,100,Sell,231548251
2024-08-14 13:01:56,172700.0,100,Sell,231548346
2024-08-14 13:01:56,172700.0,200,Sell,231548348
2024-08-14 13:01:56,172700.0,100,Sell,231548347
2024-08-14 13:02:13,172700.0,100,Sell,231548753
2024-08-14 13:02:16,172700.0,200,Sell,231548796
2024-08-14 13:02:16,172700.0,200,Sell,231548798
2024-08-14 13:02:36,172700.0,200,Sell,231549146
2024-08-14 13:02:36,172700.0,200,Sell,231549149
2024-08-14 13:02:53,172700.0,800,Sell,231549408
2024-08-14 13:02:53,172700.0,100,Sell,231549411
2024-08-14 13:02:53,172700.0,100,Sell,231549412
2024-08-14 13:02:56,172600.0,100,Sell,231549458
2024-08-14 13:02:56,172600.0,100,Sell,231549459
2024-08-14 13:02:56,172600.0,200,Sell,231549463
2024-08-14 13:03:16,172600.0,100,Sell,231549806
2024-08-14 13:03:16,172600.0,200,Sell,231549797
2024-08-14 13:03:16,172600.0,100,Sell,231549796
2024-08-14 13:03:16,172600.0,100,Sell,231549795
2024-08-14 13:03:28,172600.0,300,Sell,231550026
2024-08-14 13:03:36,172600.0,200,Sell,231550177
2024-08-14 13:03:36,172600.0,200,Sell,231550188
2024-08-14 13:03:56,172600.0,900,Sell,231550616
2024-08-14 13:03:56,172600.0,200,Sell,231550617
2024-08-14 13:03:56,172600.0,100,Sell,231550618
2024-08-14 13:03:56,172600.0,100,Sell,231550619
2024-08-14 13:03:56,172600.0,100,Sell,231550620
2024-08-14 13:03:56,172600.0,100,Sell,231550621
2024-08-14 13:03:57,172500.0,200,Sell,231550626
2024-08-14 13:03:57,172600.0,700,Buy,231550667
2024-08-14 13:04:13,172600.0,200,Sell,231550963
2024-08-14 13:04:15,172700.0,100,Buy,231550997
2024-08-14 13:04:16,172600.0,200,Sell,231551026
2024-08-14 13:04:16,172600.0,200,Sell,231551029
2024-08-14 13:04:18,172700.0,100,Buy,231551051
2024-08-14 13:04:36,172600.0,200,Sell,231551409
2024-08-14 13:04:37,172600.0,200,Sell,231551416
2024-08-14 13:04:42,172600.0,100,Sell,231551555
2024-08-14 13:04:49,172600.0,100,Sell,231551701
2024-08-14 13:04:56,172700.0,100,Buy,231551808
2024-08-14 13:04:56,172700.0,200,Buy,231551807
2024-08-14 13:04:57,172600.0,100,Sell,231551827
2024-08-14 13:04:57,172600.0,100,Sell,231551828
2024-08-14 13:04:57,172600.0,100,Sell,231551836
2024-08-14 13:04:57,172600.0,100,Sell,231551837
2024-08-14 13:04:59,172600.0,100,Sell,231551919
2024-08-14 13:04:59,172600.0,500,Sell,231551920
2024-08-14 13:05:04,172600.0,200,Sell,231551992
2024-08-14 13:05:17,172600.0,200,Sell,231552149
2024-08-14 13:05:17,172600.0,200,Sell,231552151
2024-08-14 13:05:21,172700.0,100,Buy,231552229
2024-08-14 13:05:30,172700.0,100,Buy,231552435
2024-08-14 13:05:31,172700.0,100,Buy,231552460
2024-08-14 13:05:37,172600.0,200,Sell,231552550
2024-08-14 13:05:37,172600.0,200,Sell,231552537
2024-08-14 13:05:57,172600.0,200,Sell,231552973
2024-08-14 13:05:57,172600.0,200,Sell,231552977
2024-08-14 13:06:00,172600.0,100,Sell,231553030
2024-08-14 13:06:02,172600.0,100,Sell,231553056
2024-08-14 13:06:02,172600.0,200,Sell,231553057
2024-08-14 13:06:02,172600.0,500,Sell,231553058
2024-08-14 13:06:17,172600.0,200,Sell,231553458
2024-08-14 13:06:17,172600.0,200,Sell,231553472
2024-08-14 13:06:26,172700.0,100,Buy,231553606
2024-08-14 13:06:36,172600.0,100,Sell,231553867
2024-08-14 13:06:36,172600.0,400,Sell,231553868
2024-08-14 13:06:37,172600.0,200,Sell,231553913
2024-08-14 13:06:37,172700.0,1000,Buy,231553882
2024-08-14 13:06:37,172600.0,200,Sell,231553897
2024-08-14 13:06:46,172700.0,100,Buy,231554088
2024-08-14 13:06:57,172700.0,200,Sell,231554321
2024-08-14 13:06:57,172700.0,200,Sell,231554324
2024-08-14 13:07:14,172800.0,200,Sell,231554685
2024-08-14 13:07:17,172700.0,200,Sell,231554783
2024-08-14 13:07:18,172700.0,200,Sell,231554787
2024-08-14 13:07:26,172700.0,100,Sell,231554953
2024-08-14 13:07:37,172700.0,200,Sell,231555169
2024-08-14 13:07:38,172700.0,200,Sell,231555264
2024-08-14 13:07:57,172700.0,200,Sell,231555666
2024-08-14 13:07:58,172700.0,200,Sell,231555679
2024-08-14 13:08:03,172700.0,100,Sell,231555755
2024-08-14 13:08:17,172700.0,500,Sell,231556200
2024-08-14 13:08:17,172700.0,200,Sell,231556205
2024-08-14 13:08:17,172700.0,100,Sell,231556198
2024-08-14 13:08:17,172700.0,500,Sell,231556199
2024-08-14 13:08:18,172700.0,100,Sell,231556208
2024-08-14 13:08:18,172700.0,100,Sell,231556209
2024-08-14 13:08:38,172700.0,200,Sell,231556603
2024-08-14 13:08:38,172700.0,200,Sell,231556614
2024-08-14 13:08:42,172700.0,1200,Sell,231556707
2024-08-14 13:08:42,172700.0,1000,Sell,231556706
2024-08-14 13:08:42,172700.0,200,Sell,231556704
2024-08-14 13:08:42,172700.0,1500,Sell,231556703
2024-08-14 13:08:42,172700.0,100,Sell,231556705
2024-08-14 13:08:47,172700.0,300,Sell,231556848
2024-08-14 13:08:58,172700.0,200,Sell,231557029
2024-08-14 13:08:58,172700.0,200,Sell,231557041
2024-08-14 13:09:18,172700.0,200,Sell,231557310
2024-08-14 13:09:19,172700.0,200,Sell,231557319
2024-08-14 13:09:21,172700.0,1200,Sell,231557354
2024-08-14 13:09:38,172700.0,100,Sell,231557632
2024-08-14 13:09:38,172700.0,100,Sell,231557631
2024-08-14 13:09:39,172700.0,200,Sell,231557653
2024-08-14 13:09:58,172700.0,200,Sell,231558059
2024-08-14 13:09:59,172700.0,200,Sell,231558073
2024-08-14 13:10:02,172700.0,100,Sell,231558156
2024-08-14 13:10:10,172700.0,200,Sell,231558290
2024-08-14 13:10:10,172700.0,600,Sell,231558291
2024-08-14 13:10:18,172700.0,200,Sell,231558474
2024-08-14 13:10:19,172700.0,200,Sell,231558485
2024-08-14 13:10:24,172600.0,200,Sell,231558565
2024-08-14 13:10:24,172600.0,100,Sell,231558566
2024-08-14 13:10:24,172600.0,500,Sell,231558567
2024-08-14 13:10:24,172600.0,100,Sell,231558568
2024-08-14 13:10:24,172600.0,200,Sell,231558569
2024-08-14 13:10:38,172600.0,200,Sell,231558881
2024-08-14 13:10:39,172600.0,200,Sell,231558893
2024-08-14 13:10:58,172600.0,200,Sell,231559294
2024-08-14 13:10:59,172600.0,200,Sell,231559316
2024-08-14 13:11:11,172700.0,100,Buy,231559530
2024-08-14 13:11:18,172600.0,200,Sell,231559667
2024-08-14 13:11:18,172600.0,100,Sell,231559666
2024-08-14 13:11:19,172600.0,200,Sell,231559683
2024-08-14 13:11:26,172600.0,1200,Sell,231559825
2024-08-14 13:11:32,172700.0,200,Buy,231559979
2024-08-14 13:11:32,172700.0,300,Buy,231559982
2024-08-14 13:11:32,172700.0,200,Buy,231559983
2024-08-14 13:11:39,172600.0,300,Sell,231560057
2024-08-14 13:11:39,172700.0,100,Buy,231560067
2024-08-14 13:11:39,172700.0,700,Buy,231560068
2024-08-14 13:11:39,172700.0,1200,Buy,231560069
2024-08-14 13:11:39,172700.0,100,Sell,231560073
2024-08-14 13:11:39,172600.0,100,Sell,231560074
2024-08-14 13:11:59,172700.0,300,Sell,231560448
2024-08-14 13:12:00,172700.0,200,Sell,231560527
2024-08-14 13:12:19,172700.0,300,Sell,231560940
2024-08-14 13:12:20,172700.0,200,Sell,231560979
2024-08-14 13:12:39,172700.0,300,Sell,231561282
2024-08-14 13:12:39,172700.0,100,Sell,231561283
2024-08-14 13:12:40,172700.0,200,Sell,231561307
2024-08-14 13:12:59,172700.0,300,Sell,231561657
2024-08-14 13:13:00,172700.0,100,Sell,231561681
2024-08-14 13:13:00,172700.0,100,Sell,231561682
2024-08-14 13:13:19,172700.0,300,Sell,231561962
2024-08-14 13:13:20,172700.0,100,Sell,231562011
2024-08-14 13:13:20,172700.0,100,Sell,231562012
2024-08-14 13:13:22,172700.0,200,Sell,231562109
2024-08-14 13:13:39,172700.0,300,Sell,231562420
2024-08-14 13:13:40,172700.0,100,Sell,231562438
2024-08-14 13:13:40,172700.0,100,Sell,231562439
2024-08-14 13:13:45,172700.0,900,Sell,231562551
2024-08-14 13:13:45,172700.0,100,Sell,231562552
2024-08-14 13:13:45,172700.0,200,Sell,231562553
2024-08-14 13:13:59,172700.0,300,Sell,231562871
2024-08-14 13:14:01,172700.0,200,Sell,231562898
2024-08-14 13:14:20,172700.0,300,Sell,231563343
2024-08-14 13:14:21,172700.0,200,Sell,231563363
2024-08-14 13:14:40,172700.0,300,Sell,231563918
2024-08-14 13:14:41,172700.0,200,Sell,231563944
2024-08-14 13:14:49,172700.0,300,Sell,231564205
2024-08-14 13:14:49,172700.0,100,Sell,231564206
2024-08-14 13:14:49,172700.0,100,Sell,231564207
2024-08-14 13:14:49,172700.0,600,Buy,231564220
2024-08-14 13:15:00,172700.0,300,Sell,231564579
2024-08-14 13:15:01,172700.0,200,Sell,231564636
2024-08-14 13:15:15,172700.0,100,Sell,231565079
2024-08-14 13:15:20,172700.0,300,Sell,231565173
2024-08-14 13:15:21,172700.0,200,Sell,231565204
2024-08-14 13:15:40,172700.0,300,Sell,231565812
2024-08-14 13:15:41,172700.0,100,Sell,231565842
2024-08-14 13:15:41,172700.0,100,Sell,231565841
2024-08-14 13:15:51,172700.0,1000,Sell,231566072
2024-08-14 13:15:51,172700.0,100,Sell,231566073
2024-08-14 13:16:00,172700.0,100,Sell,231566243
2024-08-14 13:16:00,172700.0,200,Sell,231566244
2024-08-14 13:16:01,172700.0,200,Sell,231566282
2024-08-14 13:16:20,172700.0,300,Sell,231566687
2024-08-14 13:16:21,172700.0,200,Sell,231566715
2024-08-14 13:16:38,172700.0,100,Sell,231567170
2024-08-14 13:16:40,172700.0,300,Sell,231567212
2024-08-14 13:16:41,172700.0,200,Sell,231567254
2024-08-14 13:16:54,172700.0,1100,Sell,231567537
2024-08-14 13:17:00,172700.0,300,Sell,231567686
2024-08-14 13:17:02,172700.0,200,Sell,231567714
2024-08-14 13:17:20,172700.0,300,Sell,231568167
2024-08-14 13:17:22,172700.0,200,Sell,231568196
2024-08-14 13:17:41,172700.0,300,Sell,231569014
2024-08-14 13:17:42,172700.0,200,Sell,231569050
2024-08-14 13:17:52,172700.0,100,Sell,231569355
2024-08-14 13:17:57,172700.0,300,Sell,231569517
2024-08-14 13:17:57,172700.0,200,Sell,231569516
2024-08-14 13:17:57,172700.0,800,Sell,231569514
2024-08-14 13:17:57,172700.0,100,Sell,231569515
2024-08-14 13:18:01,172700.0,100,Sell,231569658
2024-08-14 13:18:01,172700.0,100,Sell,231569659
2024-08-14 13:18:01,172700.0,100,Sell,231569660
2024-08-14 13:18:02,172700.0,200,Sell,231569745
2024-08-14 13:18:17,173000.0,100,Buy,231570089
2024-08-14 13:18:21,172700.0,200,Sell,231570168
2024-08-14 13:18:21,172700.0,100,Sell,231570169
2024-08-14 13:18:22,172700.0,200,Sell,231570187
2024-08-14 13:18:41,172700.0,300,Sell,231570597
2024-08-14 13:18:42,172700.0,200,Sell,231570617
2024-08-14 13:19:01,172700.0,1100,Sell,231571123
2024-08-14 13:19:01,172700.0,300,Sell,231571129
2024-08-14 13:19:03,172700.0,200,Sell,231571172
2024-08-14 13:19:21,172700.0,200,Sell,231571795
2024-08-14 13:19:21,172800.0,100,Sell,231571794
2024-08-14 13:19:23,172700.0,200,Sell,231571848
2024-08-14 13:19:41,172700.0,300,Sell,231572332
2024-08-14 13:19:43,172700.0,200,Sell,231572345
2024-08-14 13:19:50,172800.0,100,Sell,231572583
2024-08-14 13:19:50,172700.0,100,Sell,231572584
2024-08-14 13:20:01,172700.0,300,Sell,231572902
2024-08-14 13:20:03,172700.0,200,Sell,231572917
2024-08-14 13:20:03,172700.0,1100,Sell,231572938
2024-08-14 13:20:22,172700.0,100,Sell,231573570
2024-08-14 13:20:22,172700.0,200,Sell,231573571
2024-08-14 13:20:23,172700.0,200,Sell,231573591
2024-08-14 13:20:28,172700.0,100,Sell,231573699
2024-08-14 13:20:42,172700.0,200,Sell,231574051
2024-08-14 13:20:42,172700.0,100,Sell,231574052
2024-08-14 13:20:43,172700.0,200,Sell,231574078
2024-08-14 13:21:02,172700.0,100,Sell,231574683
2024-08-14 13:21:02,172700.0,200,Sell,231574682
2024-08-14 13:21:03,172700.0,100,Sell,231574739
2024-08-14 13:21:03,172700.0,100,Sell,231574740
2024-08-14 13:21:06,172700.0,1100,Sell,231574819
2024-08-14 13:21:22,172700.0,300,Sell,231575314
2024-08-14 13:21:24,172700.0,200,Sell,231575357
2024-08-14 13:21:42,172700.0,300,Sell,231575693
2024-08-14 13:21:44,172700.0,100,Sell,231575709
2024-08-14 13:21:44,172700.0,100,Sell,231575710
2024-08-14 13:22:02,172700.0,100,Sell,231576051
2024-08-14 13:22:02,172700.0,100,Sell,231576052
2024-08-14 13:22:02,172700.0,100,Sell,231576053
2024-08-14 13:22:04,172700.0,200,Sell,231576088
2024-08-14 13:22:10,172700.0,200,Sell,231576211
2024-08-14 13:22:10,172700.0,500,Sell,231576210
2024-08-14 13:22:10,172700.0,100,Sell,231576208
2024-08-14 13:22:10,172700.0,100,Sell,231576209
2024-08-14 13:22:10,172700.0,200,Sell,231576207
2024-08-14 13:22:22,172700.0,100,Sell,231576572
2024-08-14 13:22:22,172700.0,100,Sell,231576570
2024-08-14 13:22:22,172700.0,100,Sell,231576571
2024-08-14 13:22:24,172700.0,200,Sell,231576644
2024-08-14 13:22:32,172700.0,300,Sell,231576793
2024-08-14 13:22:42,172700.0,300,Sell,231577024
2024-08-14 13:22:44,172700.0,200,Sell,231577059
2024-08-14 13:22:57,172700.0,100,Sell,231577352
2024-08-14 13:23:02,172700.0,300,Sell,231577531
2024-08-14 13:23:04,172700.0,100,Sell,231577568
2024-08-14 13:23:04,172700.0,100,Sell,231577569
2024-08-14 13:23:05,172700.0,100,Sell,231577584
2024-08-14 13:23:12,172700.0,100,Sell,231577711
2024-08-14 13:23:12,172700.0,1000,Sell,231577712
2024-08-14 13:23:23,172700.0,200,Sell,231577862
2024-08-14 13:23:23,172700.0,100,Sell,231577863
2024-08-14 13:23:25,172700.0,200,Sell,231577913
2024-08-14 13:23:43,172700.0,600,Sell,231578368
2024-08-14 13:23:43,172700.0,300,Sell,231578367
2024-08-14 13:23:45,172700.0,100,Sell,231578401
2024-08-14 13:23:45,172700.0,100,Sell,231578402
2024-08-14 13:24:03,172700.0,300,Sell,231578744
2024-08-14 13:24:05,172700.0,200,Sell,231578780
2024-08-14 13:24:15,172700.0,1000,Sell,231579003
2024-08-14 13:24:23,172700.0,300,Sell,231579154
2024-08-14 13:24:25,172700.0,200,Sell,231579207
2024-08-14 13:24:43,172700.0,300,Sell,231579488
2024-08-14 13:24:45,172700.0,200,Sell,231579532
2024-08-14 13:25:03,172700.0,300,Sell,231579843
2024-08-14 13:25:05,172700.0,200,Sell,231579882
2024-08-14 13:25:19,172700.0,1100,Sell,231580191
2024-08-14 13:25:23,172700.0,300,Sell,231580321
2024-08-14 13:25:25,172700.0,200,Sell,231580363
2024-08-14 13:25:41,172800.0,100,Sell,231580624
2024-08-14 13:25:43,172800.0,300,Sell,231580647
2024-08-14 13:25:45,172800.0,200,Sell,231580692
2024-08-14 13:26:03,172800.0,300,Sell,231581083
2024-08-14 13:26:03,172800.0,100,Sell,231581088
2024-08-14 13:26:03,172700.0,200,Sell,231581089
2024-08-14 13:26:06,172700.0,100,Sell,231581130
2024-08-14 13:26:06,172700.0,100,Sell,231581131
2024-08-14 13:26:22,172700.0,400,Sell,231581668
2024-08-14 13:26:22,172700.0,100,Sell,231581669
2024-08-14 13:26:22,172700.0,900,Sell,231581670
2024-08-14 13:26:24,172700.0,300,Sell,231581709
2024-08-14 13:26:26,172700.0,200,Sell,231581775
2024-08-14 13:26:44,172800.0,300,Sell,231582228
2024-08-14 13:26:46,172800.0,200,Sell,231582322
2024-08-14 13:26:47,172700.0,200,Sell,231582349
2024-08-14 13:27:04,172700.0,300,Sell,231582712
2024-08-14 13:27:06,172700.0,200,Sell,231582770
2024-08-14 13:27:06,172700.0,200,Sell,231582769
2024-08-14 13:27:24,172700.0,300,Sell,231583311
2024-08-14 13:27:25,172700.0,400,Sell,231583336
2024-08-14 13:27:25,172700.0,100,Sell,231583337
2024-08-14 13:27:25,172700.0,900,Sell,231583338
2024-08-14 13:27:26,172700.0,100,Sell,231583411
2024-08-14 13:27:26,172700.0,100,Sell,231583412
2024-08-14 13:27:44,172700.0,100,Sell,231583861
2024-08-14 13:27:44,172700.0,200,Sell,231583862
2024-08-14 13:27:46,172700.0,200,Sell,231583940
2024-08-14 13:27:59,172700.0,200,Sell,231584417
2024-08-14 13:28:04,172700.0,300,Sell,231584574
2024-08-14 13:28:06,172700.0,100,Sell,231584606
2024-08-14 13:28:06,172700.0,100,Sell,231584607
2024-08-14 13:28:09,172700.0,100,Sell,231584632
2024-08-14 13:28:11,172700.0,900,Buy,231584671
2024-08-14 13:28:18,172700.0,100,Sell,231584914
2024-08-14 13:28:24,172700.0,300,Sell,231585025
2024-08-14 13:28:26,172700.0,200,Sell,231585061
2024-08-14 13:28:27,172700.0,200,Sell,231585076
2024-08-14 13:28:33,172700.0,1300,Buy,231585276
2024-08-14 13:28:45,172700.0,300,Sell,231585555
2024-08-14 13:28:47,172700.0,200,Sell,231585611
2024-08-14 13:29:05,172700.0,300,Sell,231586009
2024-08-14 13:29:07,172700.0,200,Sell,231586055
2024-08-14 13:29:25,172700.0,300,Sell,231586678
2024-08-14 13:29:27,172700.0,200,Sell,231586763
2024-08-14 13:29:30,172700.0,1400,Sell,231586848
2024-08-14 13:29:45,172700.0,300,Sell,231587197
2024-08-14 13:29:47,172700.0,200,Sell,231587281
2024-08-14 13:30:01,173000.0,200,Buy,231587603
2024-08-14 13:30:05,172800.0,300,Sell,231587706
2024-08-14 13:30:07,172800.0,200,Sell,231587789
2024-08-14 13:30:25,172800.0,300,Sell,231588225
2024-08-14 13:30:27,172800.0,300,Sell,231588273
2024-08-14 13:30:34,172800.0,1500,Sell,231588529
2024-08-14 13:30:45,172800.0,300,Sell,231588740
2024-08-14 13:30:47,172800.0,300,Sell,231588793
2024-08-14 13:30:54,172800.0,100,Sell,231588968
2024-08-14 13:31:05,172800.0,300,Sell,231589411
2024-08-14 13:31:08,172800.0,300,Sell,231589465
2024-08-14 13:31:25,172800.0,300,Sell,231589878
2024-08-14 13:31:28,172800.0,300,Sell,231589928
2024-08-14 13:31:37,172800.0,500,Sell,231590089
2024-08-14 13:31:37,172800.0,500,Sell,231590090
2024-08-14 13:31:37,172800.0,500,Sell,231590091
2024-08-14 13:31:41,172800.0,300,Sell,231590172
2024-08-14 13:31:46,172800.0,200,Sell,231590293
2024-08-14 13:31:46,172800.0,100,Sell,231590294
2024-08-14 13:31:48,172800.0,300,Sell,231590329
2024-08-14 13:32:06,172800.0,100,Sell,231590791
2024-08-14 13:32:06,172700.0,200,Sell,231590792
2024-08-14 13:32:08,172700.0,300,Sell,231590856
2024-08-14 13:32:26,172700.0,300,Sell,231591380
2024-08-14 13:32:28,172700.0,300,Sell,231591488
2024-08-14 13:32:29,172900.0,1000,Buy,231591530
2024-08-14 13:32:29,173000.0,500,Buy,231591531
2024-08-14 13:32:29,173000.0,300,Buy,231591532
2024-08-14 13:32:29,172800.0,200,Buy,231591529
2024-08-14 13:32:40,172700.0,1400,Sell,231591871
2024-08-14 13:32:46,172700.0,300,Sell,231592163
2024-08-14 13:32:48,172700.0,300,Sell,231592250
2024-08-14 13:33:06,172700.0,300,Sell,231592799
2024-08-14 13:33:08,172700.0,300,Sell,231592852
2024-08-14 13:33:26,172700.0,300,Sell,231593228
2024-08-14 13:33:29,172700.0,300,Sell,231593304
2024-08-14 13:33:31,172700.0,100,Sell,231593361
2024-08-14 13:33:42,172700.0,400,Sell,231593701
2024-08-14 13:33:42,172700.0,900,Sell,231593699
2024-08-14 13:33:42,172700.0,100,Sell,231593700
2024-08-14 13:33:46,172700.0,100,Sell,231593755
2024-08-14 13:33:46,172700.0,100,Sell,231593756
2024-08-14 13:33:46,172700.0,100,Sell,231593757
2024-08-14 13:33:49,172700.0,300,Sell,231593821
2024-08-14 13:34:05,173000.0,1000,Buy,231594267
2024-08-14 13:34:05,173000.0,1500,Buy,231594266
2024-08-14 13:34:05,173000.0,100,Buy,231594264
2024-08-14 13:34:05,173000.0,1700,Buy,231594263
2024-08-14 13:34:05,173000.0,500,Buy,231594265
2024-08-14 13:34:06,173000.0,200,Sell,231594327
2024-08-14 13:34:06,172700.0,100,Sell,231594328
2024-08-14 13:34:09,172700.0,300,Sell,231594406
2024-08-14 13:34:23,172700.0,900,Sell,231594762
2024-08-14 13:34:26,172700.0,300,Sell,231594844
2024-08-14 13:34:29,172700.0,300,Sell,231594898
2024-08-14 13:34:47,172700.0,100,Sell,231595259
2024-08-14 13:34:47,172700.0,200,Sell,231595258
2024-08-14 13:34:49,172700.0,300,Sell,231595335
2024-08-14 13:35:07,172700.0,300,Sell,231595714
2024-08-14 13:35:09,172700.0,200,Sell,231595779
2024-08-14 13:35:09,172700.0,100,Sell,231595780
2024-08-14 13:35:27,172700.0,300,Sell,231596380
2024-08-14 13:35:29,172600.0,300,Sell,231596414
2024-08-14 13:35:47,172600.0,300,Sell,231596936
2024-08-14 13:35:50,172600.0,300,Sell,231597004
2024-08-14 13:35:57,172600.0,1100,Sell,231597253
2024-08-14 13:35:57,172600.0,100,Sell,231597254
2024-08-14 13:35:57,172600.0,100,Sell,231597255
2024-08-14 13:35:57,172600.0,100,Sell,231597256
2024-08-14 13:36:07,172600.0,300,Sell,231597681
2024-08-14 13:36:07,172600.0,100,Sell,231597701
2024-08-14 13:36:07,173100.0,100,Buy,231597706
2024-08-14 13:36:10,172600.0,300,Sell,231597826
2024-08-14 13:36:17,172600.0,200,Sell,231598053
2024-08-14 13:36:27,172600.0,300,Sell,231598373
2024-08-14 13:36:30,172600.0,300,Sell,231598445
2024-08-14 13:36:47,172600.0,300,Sell,231598948
2024-08-14 13:36:50,172600.0,200,Sell,231599086
2024-08-14 13:36:50,172600.0,100,Sell,231599087
2024-08-14 13:37:07,172600.0,200,Sell,231599667
2024-08-14 13:37:07,172600.0,100,Sell,231599668
2024-08-14 13:37:10,172600.0,200,Sell,231599810
2024-08-14 13:37:10,172600.0,100,Sell,231599811
2024-08-14 13:37:27,172700.0,300,Sell,231600271
2024-08-14 13:37:30,172700.0,300,Sell,231600354
2024-08-14 13:37:48,172700.0,100,Sell,231600767
2024-08-14 13:37:48,172600.0,100,Sell,231600768
2024-08-14 13:37:48,172600.0,100,Sell,231600769
2024-08-14 13:37:50,172700.0,100,Sell,231600844
2024-08-14 13:37:50,172600.0,200,Sell,231600845
2024-08-14 13:38:08,172600.0,300,Sell,231601245
2024-08-14 13:38:11,172600.0,300,Sell,231601295
2024-08-14 13:38:28,172600.0,200,Sell,231601783
2024-08-14 13:38:28,172600.0,1500,Sell,231601782
2024-08-14 13:38:28,172600.0,100,Sell,231601784
2024-08-14 13:38:31,172600.0,300,Sell,231601846
2024-08-14 13:38:36,172700.0,700,Sell,231601993
2024-08-14 13:38:36,172600.0,600,Sell,231601994
2024-08-14 13:38:36,172600.0,700,Sell,231601995
2024-08-14 13:38:44,172600.0,100,Sell,231602150
2024-08-14 13:38:45,172600.0,100,Sell,231602161
2024-08-14 13:38:48,172600.0,300,Sell,231602207
2024-08-14 13:38:51,172600.0,300,Sell,231602438
2024-08-14 13:39:08,172600.0,300,Sell,231602839
2024-08-14 13:39:11,172600.0,200,Sell,231602894
2024-08-14 13:39:11,172600.0,100,Sell,231602895
2024-08-14 13:39:28,172600.0,100,Sell,231603354
2024-08-14 13:39:28,172600.0,100,Sell,231603355
2024-08-14 13:39:28,172600.0,100,Sell,231603356
2024-08-14 13:39:31,172600.0,100,Sell,231603480
2024-08-14 13:39:31,172600.0,100,Sell,231603479
2024-08-14 13:39:31,172600.0,100,Sell,231603478
2024-08-14 13:39:48,172600.0,300,Sell,231603819
2024-08-14 13:39:51,172800.0,300,Sell,231603882
2024-08-14 13:40:08,172800.0,300,Sell,231604241
2024-08-14 13:40:12,172800.0,300,Sell,231604305
2024-08-14 13:40:17,172800.0,1500,Sell,231604459
2024-08-14 13:40:29,172800.0,300,Sell,231604739
2024-08-14 13:40:32,172800.0,100,Sell,231604802
2024-08-14 13:40:32,172800.0,200,Sell,231604803
2024-08-14 13:40:35,172800.0,400,Sell,231604883
2024-08-14 13:40:49,172700.0,300,Sell,231605276
2024-08-14 13:40:52,172700.0,300,Sell,231605380
2024-08-14 13:41:09,172700.0,300,Sell,231605781
2024-08-14 13:41:12,172700.0,100,Sell,231605875
2024-08-14 13:41:12,172600.0,200,Sell,231605876
2024-08-14 13:41:20,172600.0,100,Sell,231606042
2024-08-14 13:41:29,172600.0,300,Sell,231606209
2024-08-14 13:41:32,172600.0,300,Sell,231606250
2024-08-14 13:41:49,172600.0,300,Sell,231606610
2024-08-14 13:41:52,172600.0,300,Sell,231606704
2024-08-14 13:42:00,172600.0,100,Sell,231606921
2024-08-14 13:42:09,172600.0,300,Sell,231607186
2024-08-14 13:42:12,172600.0,300,Sell,231607240
2024-08-14 13:42:21,172600.0,100,Sell,231607436
2024-08-14 13:42:28,172600.0,700,Sell,231607680
2024-08-14 13:42:29,172600.0,300,Sell,231607715
2024-08-14 13:42:32,172600.0,300,Sell,231607773
2024-08-14 13:42:35,172600.0,1000,Sell,231607858
2024-08-14 13:42:35,172600.0,100,Sell,231607859
2024-08-14 13:42:35,172600.0,100,Sell,231607860
2024-08-14 13:42:35,172600.0,100,Sell,231607861
2024-08-14 13:42:35,172600.0,100,Sell,231607862
2024-08-14 13:42:35,172600.0,100,Sell,231607863
2024-08-14 13:42:41,172600.0,500,Buy,231607970
2024-08-14 13:42:49,172600.0,300,Sell,231608148
2024-08-14 13:42:53,172600.0,300,Sell,231608255
2024-08-14 13:42:58,172600.0,900,Sell,231608408
2024-08-14 13:43:09,172500.0,200,Sell,231608654
2024-08-14 13:43:09,172500.0,100,Sell,231608655
2024-08-14 13:43:10,172600.0,300,Buy,231608664
2024-08-14 13:43:10,172600.0,100,Buy,231608665
2024-08-14 13:43:13,172600.0,300,Sell,231608730
2024-08-14 13:43:21,172600.0,300,Sell,231608864
2024-08-14 13:43:21,172600.0,200,Sell,231608865
2024-08-14 13:43:30,172600.0,300,Sell,231609019
2024-08-14 13:43:33,172600.0,300,Sell,231609114
2024-08-14 13:43:50,172600.0,300,Sell,231609567
2024-08-14 13:43:53,172600.0,300,Sell,231609642
2024-08-14 13:43:53,172700.0,100,Buy,231609646
2024-08-14 13:43:56,172700.0,100,Sell,231609687
2024-08-14 13:43:57,172700.0,100,Sell,231609709
2024-08-14 13:43:59,172700.0,500,Sell,231609754
2024-08-14 13:44:10,172600.0,100,Sell,231610034
2024-08-14 13:44:10,172600.0,100,Sell,231610033
2024-08-14 13:44:10,172500.0,100,Sell,231610035
2024-08-14 13:44:13,172600.0,100,Sell,231610084
2024-08-14 13:44:13,172500.0,200,Sell,231610085
2024-08-14 13:44:30,172500.0,300,Sell,231610450
2024-08-14 13:44:33,172500.0,300,Sell,231610516
2024-08-14 13:44:50,172500.0,300,Sell,231610811
2024-08-14 13:44:54,172500.0,300,Sell,231610933
2024-08-14 13:44:58,172500.0,200,Sell,231611047
2024-08-14 13:45:10,172500.0,200,Sell,231611295
2024-08-14 13:45:10,172500.0,100,Sell,231611296
2024-08-14 13:45:14,172500.0,100,Sell,231611358
2024-08-14 13:45:14,172500.0,200,Sell,231611359
2024-08-14 13:45:25,172500.0,200,Sell,231611704
2024-08-14 13:45:30,172500.0,100,Sell,231611888
2024-08-14 13:45:30,172500.0,200,Sell,231611889
2024-08-14 13:45:34,172500.0,300,Sell,231612029
2024-08-14 13:45:46,172500.0,200,Sell,231612320
2024-08-14 13:45:46,172600.0,300,Sell,231612319
2024-08-14 13:45:50,172500.0,300,Sell,231612384
2024-08-14 13:45:54,172500.0,300,Sell,231612481
2024-08-14 13:46:11,172500.0,200,Sell,231613198
2024-08-14 13:46:11,172500.0,100,Sell,231613199
2024-08-14 13:46:14,172500.0,200,Sell,231613341
2024-08-14 13:46:14,172500.0,100,Sell,231613342
2024-08-14 13:46:23,172500.0,100,Sell,231613646
2024-08-14 13:46:23,172500.0,100,Sell,231613647
2024-08-14 13:46:23,172500.0,1000,Sell,231613648
2024-08-14 13:46:23,172500.0,100,Sell,231613649
2024-08-14 13:46:23,172500.0,300,Sell,231613650
2024-08-14 13:46:31,172500.0,200,Sell,231613938
2024-08-14 13:46:31,172500.0,100,Sell,231613939
2024-08-14 13:46:33,172500.0,100,Sell,231613979
2024-08-14 13:46:34,172500.0,300,Sell,231614017
2024-08-14 13:46:51,172500.0,300,Sell,231614626
2024-08-14 13:46:55,172500.0,300,Sell,231614735
2024-08-14 13:47:11,172500.0,300,Sell,231615287
2024-08-14 13:47:14,172500.0,100,Sell,231615453
2024-08-14 13:47:14,172500.0,400,Sell,231615454
2024-08-14 13:47:14,172500.0,100,Sell,231615455
2024-08-14 13:47:14,172500.0,100,Sell,231615456
2024-08-14 13:47:14,172500.0,100,Sell,231615457
2024-08-14 13:47:14,172500.0,100,Sell,231615459
2024-08-14 13:47:14,172500.0,800,Sell,231615460
2024-08-14 13:47:14,172500.0,1000,Sell,231615461
2024-08-14 13:47:14,172500.0,100,Sell,231615462
2024-08-14 13:47:14,172500.0,500,Sell,231615463
2024-08-14 13:47:14,172500.0,100,Sell,231615458
2024-08-14 13:47:15,172400.0,100,Sell,231615495
2024-08-14 13:47:15,172400.0,200,Sell,231615496
2024-08-14 13:47:31,172400.0,300,Sell,231616343
2024-08-14 13:47:35,172400.0,300,Sell,231616474
2024-08-14 13:47:51,172400.0,300,Sell,231617058
2024-08-14 13:47:54,172400.0,100,Sell,231617117
2024-08-14 13:47:54,172400.0,100,Sell,231617124
2024-08-14 13:47:54,172400.0,100,Sell,231617123
2024-08-14 13:47:54,172400.0,100,Sell,231617122
2024-08-14 13:47:54,172400.0,100,Sell,231617125
2024-08-14 13:47:54,172400.0,2000,Sell,231617120
2024-08-14 13:47:54,172400.0,100,Sell,231617119
2024-08-14 13:47:54,172400.0,800,Sell,231617118
2024-08-14 13:47:54,172400.0,200,Sell,231617121
2024-08-14 13:47:55,172300.0,300,Sell,231617177
2024-08-14 13:48:12,172300.0,200,Sell,231617868
2024-08-14 13:48:12,172300.0,100,Sell,231617869
2024-08-14 13:48:13,172300.0,2600,Sell,231617925
2024-08-14 13:48:15,172300.0,300,Sell,231617964
2024-08-14 13:48:19,172300.0,100,Sell,231618101
2024-08-14 13:48:19,172300.0,100,Sell,231618100
2024-08-14 13:48:19,172300.0,100,Sell,231618097
2024-08-14 13:48:19,172300.0,300,Sell,231618098
2024-08-14 13:48:19,172300.0,300,Sell,231618099
2024-08-14 13:48:20,172300.0,500,Sell,231618104
2024-08-14 13:48:20,172300.0,100,Sell,231618105
2024-08-14 13:48:29,172200.0,100,Sell,231618334
2024-08-14 13:48:29,172200.0,400,Sell,231618335
2024-08-14 13:48:32,172200.0,100,Sell,231618398
2024-08-14 13:48:32,172200.0,100,Sell,231618399
2024-08-14 13:48:32,172200.0,100,Sell,231618400
2024-08-14 13:48:47,172300.0,300,Buy,231618770
2024-08-14 13:48:52,172200.0,100,Sell,231618904
2024-08-14 13:48:52,172200.0,100,Sell,231618905
2024-08-14 13:48:52,172200.0,100,Sell,231618906
2024-08-14 13:49:02,172300.0,1200,Buy,231619170
2024-08-14 13:49:10,172300.0,100,Sell,231619373
2024-08-14 13:49:12,172300.0,300,Sell,231619401
2024-08-14 13:49:19,172300.0,400,Sell,231619638
2024-08-14 13:49:32,172200.0,300,Sell,231619983
2024-08-14 13:49:34,172300.0,500,Buy,231620073
2024-08-14 13:49:52,172200.0,100,Sell,231620549
2024-08-14 13:49:52,172200.0,200,Sell,231620550
2024-08-14 13:50:00,172200.0,300,Sell,231620766
2024-08-14 13:50:03,172300.0,500,Buy,231620900
2024-08-14 13:50:04,172300.0,200,Buy,231620922
2024-08-14 13:50:12,172200.0,200,Sell,231621096
2024-08-14 13:50:12,172200.0,100,Sell,231621097
2024-08-14 13:50:28,172300.0,400,Buy,231621391
2024-08-14 13:50:28,172300.0,500,Buy,231621392
2024-08-14 13:50:32,172300.0,100,Sell,231621517
2024-08-14 13:50:32,172200.0,200,Sell,231621518
2024-08-14 13:50:53,172300.0,100,Sell,231622058
2024-08-14 13:50:53,172300.0,100,Sell,231622056
2024-08-14 13:50:53,172300.0,100,Sell,231622057
2024-08-14 13:51:13,172300.0,300,Sell,231622454
2024-08-14 13:51:33,172300.0,300,Sell,231622998
2024-08-14 13:51:46,172300.0,100,Sell,231623352
2024-08-14 13:51:51,172300.0,100,Sell,231623551
2024-08-14 13:51:53,172300.0,100,Sell,231623615
2024-08-14 13:51:53,172300.0,200,Sell,231623616
2024-08-14 13:52:13,172400.0,300,Sell,231624230
2024-08-14 13:52:33,172500.0,100,Sell,231624639
2024-08-14 13:52:33,172500.0,100,Sell,231624640
2024-08-14 13:52:33,172400.0,100,Sell,231624641
2024-08-14 13:52:53,172500.0,100,Sell,231625222
2024-08-14 13:52:53,172400.0,200,Sell,231625223
2024-08-14 13:53:00,172400.0,500,Sell,231625383
2024-08-14 13:53:13,172500.0,300,Sell,231625710
2024-08-14 13:53:32,172500.0,100,Sell,231626170
2024-08-14 13:53:34,172600.0,300,Sell,231626190
2024-08-14 13:53:40,172600.0,600,Sell,231626357
2024-08-14 13:53:44,172600.0,200,Buy,231626493
2024-08-14 13:53:54,172500.0,300,Sell,231626735
2024-08-14 13:54:14,172600.0,200,Sell,231627325
2024-08-14 13:54:14,172600.0,100,Sell,231627324
2024-08-14 13:54:23,172600.0,100,Sell,231627566
2024-08-14 13:54:25,172600.0,600,Sell,231627585
2024-08-14 13:54:25,172600.0,100,Sell,231627586
2024-08-14 13:54:25,172600.0,100,Buy,231627590
2024-08-14 13:54:34,172600.0,300,Sell,231627828
2024-08-14 13:54:35,172600.0,200,Sell,231627864
2024-08-14 13:54:54,172600.0,200,Sell,231628363
2024-08-14 13:54:54,172600.0,100,Sell,231628364
2024-08-14 13:55:10,172500.0,700,Sell,231628710
2024-08-14 13:55:14,172500.0,300,Sell,231628836
2024-08-14 13:55:19,172500.0,200,Sell,231628938
2024-08-14 13:55:23,172500.0,1000,Sell,231629081
2024-08-14 13:55:23,172500.0,100,Sell,231629080
2024-08-14 13:55:23,172500.0,100,Sell,231629078
2024-08-14 13:55:23,172500.0,100,Sell,231629079
2024-08-14 13:55:23,172500.0,100,Sell,231629077
2024-08-14 13:55:34,172500.0,300,Sell,231629375
2024-08-14 13:55:35,172500.0,700,Sell,231629387
2024-08-14 13:55:35,172500.0,100,Sell,231629388
2024-08-14 13:55:35,172400.0,1400,Sell,231629389
2024-08-14 13:55:42,172500.0,100,Sell,231629561
2024-08-14 13:55:55,172500.0,100,Sell,231629877
2024-08-14 13:55:55,172400.0,200,Sell,231629878
2024-08-14 13:56:15,172400.0,300,Sell,231630464
2024-08-14 13:56:35,172400.0,300,Sell,231631019
2024-08-14 13:56:40,172400.0,800,Sell,231631169
2024-08-14 13:56:40,172400.0,800,Sell,231631182
2024-08-14 13:56:52,172400.0,100,Sell,231631541
2024-08-14 13:56:55,172400.0,300,Sell,231631591
2024-08-14 13:56:59,172400.0,100,Sell,231631685
2024-08-14 13:57:15,172400.0,200,Sell,231632071
2024-08-14 13:57:15,172400.0,100,Sell,231632070
2024-08-14 13:57:25,172400.0,800,Sell,231632271
2024-08-14 13:57:31,172500.0,100,Buy,231632432
2024-08-14 13:57:35,172400.0,300,Sell,231632549
2024-08-14 13:57:39,172500.0,300,Buy,231632651
2024-08-14 13:57:55,172500.0,100,Buy,231633009
2024-08-14 13:57:55,172400.0,300,Sell,231633023
2024-08-14 13:58:04,172400.0,1000,Sell,231633371
2024-08-14 13:58:09,172400.0,800,Sell,231633509
2024-08-14 13:58:09,172400.0,300,Sell,231633510
2024-08-14 13:58:09,172400.0,100,Sell,231633511
2024-08-14 13:58:09,172400.0,100,Sell,231633512
2024-08-14 13:58:09,172400.0,600,Sell,231633513
2024-08-14 13:58:09,172400.0,100,Sell,231633514
2024-08-14 13:58:10,172400.0,100,Sell,231633528
2024-08-14 13:58:15,172300.0,100,Sell,231633681
2024-08-14 13:58:15,172300.0,100,Sell,231633679
2024-08-14 13:58:15,172300.0,100,Sell,231633680
2024-08-14 13:58:18,172400.0,100,Buy,231633784
2024-08-14 13:58:28,172400.0,500,Buy,231634050
2024-08-14 13:58:35,172300.0,300,Sell,231634200
2024-08-14 13:58:55,172300.0,100,Sell,231634599
2024-08-14 13:58:55,172300.0,100,Sell,231634600
2024-08-14 13:58:55,172300.0,200,Sell,231634601
2024-08-14 13:58:55,172300.0,300,Sell,231634610
2024-08-14 13:58:55,172300.0,800,Sell,231634611
2024-08-14 13:58:56,172300.0,200,Sell,231634612
2024-08-14 13:58:56,172300.0,100,Sell,231634613
2024-08-14 13:58:59,172300.0,100,Sell,231634675
2024-08-14 13:59:10,172300.0,300,Sell,231634911
2024-08-14 13:59:16,172300.0,200,Sell,231635054
2024-08-14 13:59:16,172300.0,100,Sell,231635055
2024-08-14 13:59:36,172300.0,100,Sell,231635431
2024-08-14 13:59:40,172300.0,100,Sell,231635544
2024-08-14 13:59:40,172300.0,100,Sell,231635545
2024-08-14 13:59:45,172300.0,800,Buy,231635634
2024-08-14 14:00:18,172300.0,100,Sell,231636212
2024-08-14 14:00:18,172300.0,300,Sell,231636211
2024-08-14 14:00:22,172300.0,100,Buy,231636264
2024-08-14 14:00:25,172300.0,100,Sell,231636319
2024-08-14 14:00:44,172300.0,500,Buy,231636718
2024-08-14 14:00:52,172300.0,100,Buy,231636845
2024-08-14 14:00:53,172300.0,100,Buy,231636879
2024-08-14 14:01:02,172300.0,200,Buy,231637084
2024-08-14 14:01:02,172300.0,100,Buy,231637085
2024-08-14 14:01:10,172300.0,400,Sell,231637266
2024-08-14 14:01:10,172300.0,300,Sell,231637271
2024-08-14 14:01:10,172300.0,700,Sell,231637272
2024-08-14 14:01:20,172400.0,100,Buy,231637572
2024-08-14 14:01:55,172300.0,100,Sell,231638202
2024-08-14 14:01:55,172300.0,100,Sell,231638201
2024-08-14 14:01:55,172300.0,200,Sell,231638200
2024-08-14 14:01:55,172300.0,100,Sell,231638198
2024-08-14 14:01:55,172300.0,100,Sell,231638199
2024-08-14 14:01:55,172300.0,300,Sell,231638197
2024-08-14 14:02:09,172300.0,100,Buy,231638551
2024-08-14 14:02:13,172400.0,200,Buy,231638625
2024-08-14 14:02:40,172300.0,100,Sell,231639237
2024-08-14 14:02:55,172300.0,500,Buy,231639593
2024-08-14 14:03:01,172300.0,100,Buy,231639681
2024-08-14 14:03:10,172300.0,200,Buy,231639909
2024-08-14 14:03:25,172200.0,200,Sell,231640309
2024-08-14 14:03:26,172200.0,1000,Sell,231640314
2024-08-14 14:03:31,172200.0,500,Sell,231640421
2024-08-14 14:03:31,172200.0,100,Sell,231640422
2024-08-14 14:03:31,172200.0,100,Sell,231640423
2024-08-14 14:03:31,172200.0,200,Sell,231640424
2024-08-14 14:03:31,172200.0,100,Sell,231640425
2024-08-14 14:03:31,172200.0,1000,Sell,231640426
2024-08-14 14:03:35,172300.0,200,Buy,231640543
2024-08-14 14:03:36,172200.0,100,Sell,231640573
2024-08-14 14:03:36,172200.0,100,Sell,231640574
2024-08-14 14:03:36,172200.0,100,Sell,231640575
2024-08-14 14:03:36,172200.0,100,Sell,231640576
2024-08-14 14:03:36,172200.0,500,Sell,231640577
2024-08-14 14:03:36,172200.0,100,Sell,231640578
2024-08-14 14:03:36,172200.0,1000,Sell,231640572
2024-08-14 14:03:44,172200.0,100,Sell,231640712
2024-08-14 14:03:44,172200.0,200,Sell,231640713
2024-08-14 14:04:10,172200.0,100,Sell,231641318
