time,price,volume,match_type,id
2024-08-23 09:14:36,188000.0,1500,ATO/ATC,234118893
2024-08-23 09:15:28,188000.0,100,Sell,234119954
2024-08-23 09:15:30,188000.0,500,Sell,234119988
2024-08-23 09:15:32,188000.0,200,Sell,234120013
2024-08-23 09:15:32,188000.0,400,Sell,234120014
2024-08-23 09:16:12,188000.0,100,Buy,234121085
2024-08-23 09:19:02,187700.0,100,Sell,234125659
2024-08-23 09:19:11,187700.0,100,Sell,234125899
2024-08-23 09:19:11,187700.0,200,Sell,234125900
2024-08-23 09:19:34,187600.0,100,Sell,234126476
2024-08-23 09:20:39,187000.0,200,Sell,234128071
2024-08-23 09:20:39,187000.0,200,Sell,234128070
2024-08-23 09:22:01,187000.0,500,Buy,234130189
2024-08-23 09:22:01,186900.0,500,Buy,234130188
2024-08-23 09:23:14,187000.0,100,Buy,234132019
2024-08-23 09:24:58,186900.0,100,Buy,234134534
2024-08-23 09:25:35,186900.0,100,Sell,234135485
2024-08-23 09:27:07,186900.0,100,Buy,234138045
2024-08-23 09:27:28,186600.0,100,Sell,234138662
2024-08-23 09:29:49,186900.0,100,Buy,234143058
2024-08-23 09:30:16,186900.0,100,Buy,234143848
2024-08-23 09:30:22,186900.0,200,Buy,234144037
2024-08-23 09:30:52,186900.0,800,Buy,234144924
2024-08-23 09:30:52,186900.0,100,Buy,234144925
2024-08-23 09:31:10,186900.0,100,Sell,234145482
2024-08-23 09:32:37,187000.0,500,Buy,234147852
2024-08-23 09:32:58,187000.0,500,Buy,234148302
2024-08-23 09:33:06,187000.0,100,Buy,234148482
2024-08-23 09:33:09,187000.0,100,Buy,234148559
2024-08-23 09:33:09,187000.0,100,Buy,234148560
2024-08-23 09:33:09,187000.0,100,Buy,234148561
2024-08-23 09:33:09,187000.0,100,Buy,234148562
2024-08-23 09:33:09,187000.0,900,Buy,234148558
2024-08-23 09:33:25,187000.0,100,Sell,234148935
2024-08-23 09:33:31,187100.0,100,Buy,234149110
2024-08-23 09:34:18,187100.0,400,Buy,234150144
2024-08-23 09:34:18,187100.0,100,Buy,234150145
2024-08-23 09:35:18,187000.0,100,Sell,234151914
2024-08-23 09:35:18,187000.0,200,Sell,234151915
2024-08-23 09:35:18,187000.0,100,Sell,234151916
2024-08-23 09:35:28,187000.0,1000,Buy,234152112
2024-08-23 09:36:32,187000.0,500,Buy,234153724
2024-08-23 09:39:08,186900.0,2100,Sell,234157349
2024-08-23 09:40:16,186900.0,100,Sell,234158572
2024-08-23 09:40:32,186900.0,1700,Sell,234158921
2024-08-23 09:40:32,186900.0,300,Sell,234158920
2024-08-23 09:40:36,186900.0,100,Sell,234159046
2024-08-23 09:40:36,186900.0,100,Sell,234159047
2024-08-23 09:41:02,186900.0,100,Sell,234159584
2024-08-23 09:41:03,186900.0,100,Sell,234159588
2024-08-23 09:41:06,186900.0,100,Sell,234159790
2024-08-23 09:41:16,186900.0,100,Sell,234159970
2024-08-23 09:41:25,186900.0,100,Sell,234160092
2024-08-23 09:41:30,186900.0,100,Sell,234160165
2024-08-23 09:41:30,186900.0,100,Sell,234160170
2024-08-23 09:41:49,186900.0,400,Sell,234160519
2024-08-23 09:41:49,186900.0,100,Sell,234160520
2024-08-23 09:41:49,186900.0,100,Sell,234160521
2024-08-23 09:41:49,186900.0,100,Sell,234160522
2024-08-23 09:41:49,186900.0,200,Sell,234160523
2024-08-23 09:41:58,186800.0,100,Sell,234160817
2024-08-23 09:41:59,186800.0,100,Sell,234160826
2024-08-23 09:42:08,186800.0,200,Sell,234160951
2024-08-23 09:42:25,186700.0,100,Sell,234161232
2024-08-23 09:42:25,186700.0,100,Sell,234161228
2024-08-23 09:42:30,186700.0,100,Sell,234161283
2024-08-23 09:42:39,186800.0,100,Sell,234161448
2024-08-23 09:42:52,186700.0,100,Sell,234161657
2024-08-23 09:42:53,186700.0,100,Sell,234161688
2024-08-23 09:43:17,186800.0,100,Sell,234162087
2024-08-23 09:43:19,186800.0,100,Sell,234162104
2024-08-23 09:43:20,186800.0,100,Sell,234162117
2024-08-23 09:43:36,186900.0,100,Buy,234162371
2024-08-23 09:43:46,186800.0,100,Sell,234162633
2024-08-23 09:43:47,186700.0,100,Sell,234162665
2024-08-23 09:44:13,186700.0,100,Sell,234163124
2024-08-23 09:44:14,186700.0,100,Sell,234163130
2024-08-23 09:44:14,186700.0,100,Sell,234163131
2024-08-23 09:44:40,186700.0,100,Sell,234163585
2024-08-23 09:44:42,186700.0,100,Sell,234163663
2024-08-23 09:44:43,186800.0,100,Buy,234163668
2024-08-23 09:45:07,186700.0,100,Sell,234164103
2024-08-23 09:45:10,186700.0,100,Sell,234164146
2024-08-23 09:45:11,186700.0,100,Sell,234164165
2024-08-23 09:45:11,186700.0,100,Sell,234164163
2024-08-23 09:45:11,186700.0,300,Sell,234164164
2024-08-23 09:45:27,186700.0,300,Sell,234164545
2024-08-23 09:45:27,186700.0,500,Sell,234164544
2024-08-23 09:45:27,186700.0,100,Sell,234164541
2024-08-23 09:45:27,186700.0,200,Sell,234164542
2024-08-23 09:45:27,186700.0,300,Sell,234164543
2024-08-23 09:45:29,186700.0,100,Buy,234164573
2024-08-23 09:45:29,186700.0,700,Buy,234164574
2024-08-23 09:45:29,186800.0,200,Buy,234164575
2024-08-23 09:45:29,186800.0,400,Sell,234164576
2024-08-23 09:45:33,186900.0,100,Buy,234164623
2024-08-23 09:45:34,186800.0,100,Sell,234164638
2024-08-23 09:45:37,186800.0,100,Sell,234164683
2024-08-23 09:45:39,187000.0,300,Buy,234164712
2024-08-23 09:45:55,187100.0,100,Buy,234164990
2024-08-23 09:46:01,186900.0,100,Sell,234165068
2024-08-23 09:46:04,186900.0,100,Sell,234165117
2024-08-23 09:46:28,186900.0,100,Sell,234165478
2024-08-23 09:46:31,186900.0,100,Sell,234165523
2024-08-23 09:46:55,186900.0,100,Sell,234165960
2024-08-23 09:46:57,186900.0,100,Sell,234166000
2024-08-23 09:47:22,186900.0,100,Sell,234166417
2024-08-23 09:47:24,186900.0,100,Sell,234166468
2024-08-23 09:47:48,186900.0,100,Sell,234166913
2024-08-23 09:47:50,186900.0,100,Sell,234166945
2024-08-23 09:47:52,186800.0,100,Sell,234166985
2024-08-23 09:48:09,186900.0,100,Sell,234167367
2024-08-23 09:48:16,186900.0,100,Sell,234167490
2024-08-23 09:48:18,186900.0,100,Sell,234167518
2024-08-23 09:48:22,186900.0,1500,Sell,234167574
2024-08-23 09:48:43,186800.0,100,Sell,234167953
2024-08-23 09:48:45,186800.0,100,Sell,234167987
2024-08-23 09:49:10,186900.0,100,Sell,234168443
2024-08-23 09:49:13,186900.0,100,Sell,234168471
2024-08-23 09:49:37,186900.0,100,Sell,234168775
2024-08-23 09:49:40,186900.0,100,Sell,234168824
2024-08-23 09:49:42,186900.0,100,Sell,234168878
2024-08-23 09:50:04,186900.0,100,Sell,234169352
2024-08-23 09:50:06,186900.0,100,Sell,234169370
2024-08-23 09:50:30,186900.0,100,Sell,234169820
2024-08-23 09:50:33,186900.0,100,Sell,234169868
2024-08-23 09:50:46,186900.0,100,Sell,234170095
2024-08-23 09:50:58,186900.0,100,Sell,234170287
2024-08-23 09:51:01,186900.0,100,Sell,234170346
2024-08-23 09:51:04,186800.0,100,Sell,234170392
2024-08-23 09:51:08,186800.0,100,Sell,234170476
2024-08-23 09:51:09,186800.0,100,Sell,234170490
2024-08-23 09:51:24,186800.0,100,Sell,234170733
2024-08-23 09:51:28,186800.0,100,Sell,234170795
2024-08-23 09:51:31,186800.0,200,Sell,234170833
2024-08-23 09:51:35,186800.0,200,Sell,234170892
2024-08-23 09:51:38,186800.0,100,Sell,234170920
2024-08-23 09:51:52,186800.0,100,Sell,234171137
2024-08-23 09:51:54,186800.0,100,Sell,234171170
2024-08-23 09:52:17,186800.0,100,Sell,234171539
2024-08-23 09:52:19,186800.0,100,Sell,234171581
2024-08-23 09:52:21,186800.0,100,Sell,234171617
2024-08-23 09:52:46,186800.0,100,Sell,234172093
2024-08-23 09:52:49,186800.0,100,Sell,234172126
2024-08-23 09:53:05,186800.0,100,Sell,234172402
2024-08-23 09:53:07,186800.0,200,Sell,234172426
2024-08-23 09:53:13,186800.0,100,Sell,234172543
2024-08-23 09:53:15,186800.0,100,Sell,234172580
2024-08-23 09:53:32,186800.0,200,Sell,234172865
2024-08-23 09:53:40,186800.0,100,Sell,234172995
2024-08-23 09:53:43,186800.0,100,Sell,234173094
2024-08-23 09:53:43,186800.0,3000,Sell,234173112
2024-08-23 09:53:48,186800.0,100,Sell,234173247
2024-08-23 09:54:07,186800.0,100,Sell,234173579
2024-08-23 09:54:09,186800.0,100,Sell,234173641
2024-08-23 09:54:22,186800.0,100,Sell,234173829
2024-08-23 09:54:34,186800.0,100,Sell,234174116
2024-08-23 09:54:37,186800.0,100,Sell,234174165
2024-08-23 09:55:01,186800.0,100,Sell,234174740
2024-08-23 09:55:03,186800.0,100,Sell,234174777
2024-08-23 09:55:05,186800.0,200,Sell,234174797
2024-08-23 09:55:18,186800.0,100,Sell,234175027
2024-08-23 09:55:24,186800.0,100,Sell,234175103
2024-08-23 09:55:24,186800.0,100,Sell,234175104
2024-08-23 09:55:26,186800.0,1000,Sell,234175150
2024-08-23 09:55:29,186800.0,100,Sell,234175206
2024-08-23 09:55:30,186800.0,900,Sell,234175226
2024-08-23 09:55:31,186700.0,100,Sell,234175234
2024-08-23 09:55:36,186800.0,100,Buy,234175337
2024-08-23 09:55:55,186800.0,100,Sell,234175652
2024-08-23 09:55:56,186800.0,100,Sell,234175655
2024-08-23 09:55:58,186700.0,100,Sell,234175715
2024-08-23 09:56:22,186800.0,100,Sell,234176116
2024-08-23 09:56:25,186800.0,100,Sell,234176152
2024-08-23 09:56:49,186800.0,100,Sell,234176611
2024-08-23 09:56:50,186800.0,100,Sell,234176615
2024-08-23 09:56:52,186800.0,100,Sell,234176657
2024-08-23 09:57:03,186700.0,100,Sell,234176975
2024-08-23 09:57:17,186700.0,100,Sell,234177263
2024-08-23 09:57:20,186700.0,100,Sell,234177313
2024-08-23 09:57:44,186700.0,100,Sell,234177743
2024-08-23 09:57:47,186700.0,100,Sell,234177823
2024-08-23 09:58:03,186700.0,100,Sell,234178179
2024-08-23 09:58:10,186600.0,100,Sell,234178291
2024-08-23 09:58:14,186600.0,100,Sell,234178344
2024-08-23 09:58:20,186600.0,100,Sell,234178475
2024-08-23 09:58:37,186600.0,100,Sell,234178730
2024-08-23 09:58:41,186600.0,100,Sell,234178809
2024-08-23 09:58:46,186600.0,100,Sell,234178915
2024-08-23 09:59:01,186600.0,100,Sell,234179317
2024-08-23 09:59:04,186600.0,200,Sell,234179359
2024-08-23 09:59:05,186600.0,100,Sell,234179378
2024-08-23 09:59:09,186600.0,100,Sell,234179433
2024-08-23 09:59:32,186600.0,100,Sell,234180113
2024-08-23 09:59:35,186600.0,100,Sell,234180188
2024-08-23 09:59:38,186600.0,100,Sell,234180312
2024-08-23 09:59:38,186600.0,100,Sell,234180313
2024-08-23 09:59:38,186600.0,200,Sell,234180311
2024-08-23 09:59:38,186600.0,100,Sell,234180310
2024-08-23 09:59:51,186600.0,100,Sell,234180599
2024-08-23 09:59:58,186600.0,100,Sell,234180787
2024-08-23 10:00:02,186600.0,100,Sell,234180904
2024-08-23 10:00:03,186600.0,100,Sell,234180911
2024-08-23 10:00:03,186600.0,100,Sell,234180912
2024-08-23 10:00:03,186600.0,100,Sell,234180913
2024-08-23 10:00:25,186500.0,100,Sell,234181423
2024-08-23 10:00:29,186500.0,100,Sell,234181496
2024-08-23 10:00:43,186500.0,100,Sell,234181797
2024-08-23 10:00:43,186500.0,100,Sell,234181796
2024-08-23 10:00:43,186500.0,100,Sell,234181792
2024-08-23 10:00:43,186500.0,200,Sell,234181794
2024-08-23 10:00:43,186500.0,500,Sell,234181793
2024-08-23 10:00:43,186500.0,100,Sell,234181795
2024-08-23 10:00:45,186400.0,500,Sell,234181814
2024-08-23 10:00:45,186500.0,400,Buy,234181824
2024-08-23 10:00:45,186400.0,1000,Sell,234181815
2024-08-23 10:00:53,186300.0,100,Sell,234182049
2024-08-23 10:00:56,186300.0,100,Sell,234182115
2024-08-23 10:01:00,186300.0,200,Sell,234182206
2024-08-23 10:01:20,186300.0,100,Sell,234182582
2024-08-23 10:01:21,186300.0,100,Sell,234182606
2024-08-23 10:01:23,186300.0,100,Sell,234182650
2024-08-23 10:01:25,186300.0,400,Sell,234182673
2024-08-23 10:01:25,186300.0,200,Sell,234182674
2024-08-23 10:01:25,186200.0,2000,Sell,234182675
2024-08-23 10:01:25,186100.0,400,Sell,234182676
2024-08-23 10:01:34,186100.0,100,Sell,234182927
2024-08-23 10:01:43,186100.0,100,Buy,234183104
2024-08-23 10:01:47,186000.0,100,Sell,234183191
2024-08-23 10:01:50,186000.0,100,Sell,234183222
2024-08-23 10:01:54,186000.0,300,Sell,234183333
2024-08-23 10:01:54,186000.0,100,Sell,234183332
2024-08-23 10:01:54,186000.0,100,Sell,234183335
2024-08-23 10:01:54,186000.0,100,Sell,234183336
2024-08-23 10:01:54,186000.0,500,Sell,234183334
2024-08-23 10:01:54,186000.0,100,Sell,234183331
2024-08-23 10:01:54,186000.0,100,Sell,234183328
2024-08-23 10:01:54,186000.0,200,Sell,234183329
2024-08-23 10:01:54,186000.0,100,Sell,234183330
2024-08-23 10:01:54,186000.0,300,Sell,234183324
2024-08-23 10:01:54,186000.0,100,Sell,234183327
2024-08-23 10:01:54,186000.0,200,Sell,234183326
2024-08-23 10:01:54,186000.0,200,Sell,234183325
2024-08-23 10:02:14,185700.0,100,Sell,234183961
2024-08-23 10:02:16,185700.0,100,Sell,234184030
2024-08-23 10:02:26,185700.0,300,Sell,234184321
2024-08-23 10:02:26,185700.0,500,Sell,234184322
2024-08-23 10:02:26,185600.0,100,Sell,234184323
2024-08-23 10:02:26,185600.0,100,Sell,234184324
2024-08-23 10:02:26,185500.0,100,Sell,234184325
2024-08-23 10:02:26,185500.0,700,Sell,234184326
2024-08-23 10:02:26,185500.0,200,Sell,234184327
2024-08-23 10:02:37,185500.0,100,Sell,234184663
2024-08-23 10:02:37,185500.0,100,Sell,234184662
2024-08-23 10:02:37,185500.0,100,Sell,234184664
2024-08-23 10:02:37,185500.0,500,Sell,234184660
2024-08-23 10:02:37,185500.0,100,Sell,234184661
2024-08-23 10:02:37,185500.0,300,Sell,234184659
2024-08-23 10:02:40,185500.0,100,Buy,234184758
2024-08-23 10:02:41,185400.0,100,Sell,234184783
2024-08-23 10:02:44,185300.0,100,Sell,234184821
2024-08-23 10:02:58,185300.0,100,Sell,234185184
2024-08-23 10:03:01,185500.0,500,Buy,234185273
2024-08-23 10:03:09,185300.0,100,Sell,234185497
2024-08-23 10:03:11,185300.0,100,Sell,234185559
2024-08-23 10:03:20,185400.0,100,Sell,234185871
2024-08-23 10:03:20,185500.0,100,Buy,234185887
2024-08-23 10:03:36,185300.0,100,Sell,234186403
2024-08-23 10:03:38,185400.0,100,Sell,234186468
2024-08-23 10:03:47,185500.0,100,Buy,234186659
2024-08-23 10:04:01,185500.0,100,Sell,234187080
2024-08-23 10:04:02,185400.0,100,Sell,234187123
2024-08-23 10:04:05,185400.0,100,Sell,234187178
2024-08-23 10:04:14,185400.0,100,Sell,234187376
2024-08-23 10:04:29,185500.0,100,Sell,234187702
2024-08-23 10:04:32,185500.0,100,Sell,234187768
2024-08-23 10:04:56,185500.0,100,Sell,234188279
2024-08-23 10:04:56,185500.0,200,Sell,234188270
2024-08-23 10:04:59,185500.0,200,Sell,234188329
2024-08-23 10:04:59,185500.0,300,Sell,234188330
2024-08-23 10:04:59,185500.0,100,Sell,234188341
2024-08-23 10:05:12,185500.0,100,Sell,234188833
2024-08-23 10:05:12,185500.0,100,Sell,234188834
2024-08-23 10:05:17,185500.0,200,Buy,234188953
2024-08-23 10:05:23,185400.0,100,Sell,234189098
2024-08-23 10:05:26,185400.0,100,Sell,234189153
2024-08-23 10:05:27,185400.0,100,Sell,234189174
2024-08-23 10:05:27,185400.0,200,Sell,234189175
2024-08-23 10:05:31,185400.0,100,Sell,234189230
2024-08-23 10:05:32,185400.0,400,Sell,234189246
2024-08-23 10:05:38,185500.0,700,Buy,234189366
2024-08-23 10:05:38,185500.0,200,Buy,234189365
2024-08-23 10:05:38,185500.0,100,Buy,234189364
2024-08-23 10:05:47,185400.0,100,Buy,234189526
2024-08-23 10:05:50,185300.0,100,Sell,234189573
2024-08-23 10:05:53,185300.0,100,Sell,234189631
2024-08-23 10:05:54,185300.0,100,Sell,234189660
2024-08-23 10:05:55,185300.0,100,Buy,234189677
2024-08-23 10:05:55,185400.0,100,Buy,234189678
2024-08-23 10:05:55,185400.0,100,Buy,234189679
2024-08-23 10:06:06,185500.0,100,Buy,234189848
2024-08-23 10:06:14,185500.0,100,Buy,234190039
2024-08-23 10:06:18,185400.0,100,Sell,234190150
2024-08-23 10:06:20,185400.0,100,Sell,234190178
2024-08-23 10:06:37,185400.0,100,Sell,234190536
2024-08-23 10:06:45,185400.0,100,Sell,234190691
2024-08-23 10:06:48,185400.0,100,Sell,234190759
2024-08-23 10:06:54,185400.0,100,Sell,234190904
2024-08-23 10:07:08,185400.0,100,Sell,234191251
2024-08-23 10:07:08,185500.0,100,Buy,234191224
2024-08-23 10:07:12,185400.0,100,Sell,234191308
2024-08-23 10:07:13,185400.0,200,Sell,234191324
2024-08-23 10:07:14,185400.0,100,Sell,234191347
2024-08-23 10:07:19,185400.0,100,Sell,234191460
2024-08-23 10:07:25,185300.0,100,Sell,234191566
2024-08-23 10:07:40,185300.0,100,Sell,234191878
2024-08-23 10:07:41,185300.0,100,Sell,234191888
2024-08-23 10:07:42,185400.0,200,Buy,234191903
2024-08-23 10:07:48,185300.0,100,Sell,234192026
2024-08-23 10:07:52,185400.0,100,Buy,234192098
2024-08-23 10:07:53,185400.0,100,Buy,234192115
2024-08-23 10:08:06,185300.0,100,Sell,234192492
2024-08-23 10:08:08,185300.0,100,Sell,234192541
2024-08-23 10:08:17,185400.0,100,Buy,234192758
2024-08-23 10:08:28,185500.0,100,Buy,234192988
2024-08-23 10:08:34,185400.0,100,Sell,234193114
2024-08-23 10:08:36,185300.0,100,Sell,234193180
2024-08-23 10:08:36,185300.0,200,Sell,234193191
2024-08-23 10:08:39,185500.0,1000,Buy,234193290
2024-08-23 10:08:43,185400.0,200,Sell,234193390
2024-08-23 10:08:52,185400.0,100,Sell,234193526
2024-08-23 10:08:55,185400.0,100,Sell,234193645
2024-08-23 10:09:01,185400.0,100,Sell,234193741
2024-08-23 10:09:03,185300.0,100,Sell,234193764
2024-08-23 10:09:17,185300.0,200,Sell,234194025
2024-08-23 10:09:17,185300.0,100,Sell,234194026
2024-08-23 10:09:17,185300.0,100,Sell,234194027
2024-08-23 10:09:17,185300.0,1000,Sell,234194028
2024-08-23 10:09:17,185300.0,100,Sell,234194029
2024-08-23 10:09:17,185300.0,100,Sell,234194030
2024-08-23 10:09:17,185300.0,100,Sell,234194031
2024-08-23 10:09:17,185300.0,200,Sell,234194032
2024-08-23 10:09:17,185300.0,400,Sell,234194033
2024-08-23 10:09:17,185300.0,100,Sell,234194034
2024-08-23 10:09:17,185200.0,100,Sell,234194035
2024-08-23 10:09:28,185200.0,100,Sell,234194266
2024-08-23 10:09:30,185200.0,100,Sell,234194297
2024-08-23 10:09:36,185200.0,100,Sell,234194470
2024-08-23 10:09:36,185200.0,100,Sell,234194469
2024-08-23 10:09:36,185200.0,100,Sell,234194468
2024-08-23 10:09:36,185200.0,300,Sell,234194465
2024-08-23 10:09:36,185200.0,300,Sell,234194467
2024-08-23 10:09:36,185200.0,100,Sell,234194466
2024-08-23 10:09:45,185200.0,100,Buy,234194717
2024-08-23 10:09:55,185200.0,100,Sell,234194904
2024-08-23 10:09:56,185200.0,100,Sell,234194915
2024-08-23 10:09:57,185200.0,100,Sell,234194935
2024-08-23 10:10:21,185100.0,100,Sell,234195431
2024-08-23 10:10:21,185100.0,300,Sell,234195432
2024-08-23 10:10:21,185100.0,100,Sell,234195441
2024-08-23 10:10:21,185100.0,100,Sell,234195434
2024-08-23 10:10:21,185100.0,1000,Sell,234195435
2024-08-23 10:10:21,185100.0,100,Sell,234195436
2024-08-23 10:10:21,185100.0,200,Sell,234195437
2024-08-23 10:10:21,185100.0,1400,Sell,234195438
2024-08-23 10:10:21,185100.0,100,Sell,234195439
2024-08-23 10:10:21,185100.0,100,Sell,234195440
2024-08-23 10:10:21,185100.0,100,Sell,234195433
2024-08-23 10:10:22,185200.0,100,Buy,234195521
2024-08-23 10:10:23,185000.0,100,Sell,234195542
2024-08-23 10:10:25,185200.0,100,Sell,234195592
2024-08-23 10:10:26,185000.0,100,Sell,234195642
2024-08-23 10:10:45,185300.0,100,Buy,234196111
2024-08-23 10:10:45,185300.0,200,Buy,234196112
2024-08-23 10:10:50,185000.0,100,Sell,234196218
2024-08-23 10:10:50,185000.0,100,Sell,234196219
2024-08-23 10:10:50,185000.0,100,Sell,234196222
2024-08-23 10:10:51,185000.0,100,Sell,234196368
2024-08-23 10:11:14,185200.0,100,Sell,234196915
2024-08-23 10:11:14,185100.0,100,Sell,234196916
2024-08-23 10:11:18,185100.0,100,Sell,234197021
2024-08-23 10:11:19,185100.0,100,Sell,234197030
2024-08-23 10:11:45,185200.0,100,Buy,234197541
2024-08-23 10:11:45,185100.0,100,Sell,234197548
2024-08-23 10:11:46,185100.0,100,Sell,234197567
2024-08-23 10:11:57,185100.0,100,Sell,234197873
2024-08-23 10:12:01,185200.0,100,Buy,234197976
2024-08-23 10:12:13,185200.0,100,Sell,234198299
2024-08-23 10:12:16,185200.0,100,Sell,234198367
2024-08-23 10:12:29,185300.0,200,Buy,234198821
2024-08-23 10:12:41,185300.0,100,Sell,234199145
2024-08-23 10:12:42,185200.0,100,Sell,234199175
2024-08-23 10:12:48,185300.0,100,Sell,234199456
2024-08-23 10:13:08,185200.0,100,Sell,234199915
2024-08-23 10:13:10,185200.0,100,Sell,234199986
2024-08-23 10:13:16,185300.0,100,Buy,234200099
2024-08-23 10:13:28,185200.0,100,Sell,234200362
2024-08-23 10:13:34,185200.0,100,Sell,234200499
2024-08-23 10:13:37,185200.0,100,Sell,234200606
2024-08-23 10:13:39,185300.0,100,Buy,234200632
2024-08-23 10:13:58,185400.0,200,Buy,234201083
2024-08-23 10:13:58,185400.0,200,Buy,234201084
2024-08-23 10:13:58,185400.0,100,Buy,234201085
2024-08-23 10:14:01,185200.0,100,Sell,234201139
2024-08-23 10:14:04,185300.0,100,Sell,234201186
2024-08-23 10:14:17,185500.0,2900,Buy,234201512
2024-08-23 10:14:17,185500.0,100,Buy,234201513
2024-08-23 10:14:28,185300.0,100,Sell,234201731
2024-08-23 10:14:32,185300.0,100,Sell,234201804
2024-08-23 10:14:46,185300.0,200,Sell,234202145
2024-08-23 10:14:55,185300.0,100,Sell,234202325
2024-08-23 10:14:59,185300.0,100,Sell,234202430
2024-08-23 10:14:59,185300.0,100,Sell,234202424
2024-08-23 10:15:05,185300.0,100,Sell,234202547
2024-08-23 10:15:05,185300.0,100,Sell,234202548
2024-08-23 10:15:05,185300.0,100,Sell,234202549
2024-08-23 10:15:10,185300.0,100,Buy,234202640
2024-08-23 10:15:14,185300.0,100,Buy,234202698
2024-08-23 10:15:17,185200.0,200,Sell,234202729
2024-08-23 10:15:17,185200.0,200,Sell,234202730
2024-08-23 10:15:17,185200.0,700,Sell,234202731
2024-08-23 10:15:17,185200.0,400,Sell,234202728
2024-08-23 10:15:18,185300.0,100,Buy,234202758
2024-08-23 10:15:21,185300.0,100,Buy,234202812
2024-08-23 10:15:23,185300.0,100,Sell,234202852
2024-08-23 10:15:25,185300.0,100,Sell,234202927
2024-08-23 10:15:35,185400.0,100,Buy,234203241
2024-08-23 10:15:49,185400.0,100,Buy,234203578
2024-08-23 10:15:50,185300.0,100,Sell,234203595
2024-08-23 10:15:51,185400.0,100,Buy,234203655
2024-08-23 10:15:52,185300.0,100,Sell,234203732
2024-08-23 10:16:16,185400.0,100,Sell,234204292
2024-08-23 10:16:17,185500.0,100,Buy,234204306
2024-08-23 10:16:17,185500.0,200,Buy,234204307
2024-08-23 10:16:17,185500.0,100,Buy,234204308
2024-08-23 10:16:20,185400.0,100,Sell,234204339
2024-08-23 10:16:29,185400.0,100,Sell,234204611
2024-08-23 10:16:41,185600.0,200,Buy,234204866
2024-08-23 10:16:41,185600.0,100,Buy,234204867
2024-08-23 10:16:44,185600.0,100,Sell,234204919
2024-08-23 10:16:44,185600.0,100,Sell,234204926
2024-08-23 10:16:47,185600.0,100,Sell,234204960
2024-08-23 10:17:01,185700.0,100,Buy,234205318
2024-08-23 10:17:11,185600.0,100,Sell,234205522
2024-08-23 10:17:14,185600.0,100,Sell,234205574
2024-08-23 10:17:38,185600.0,100,Sell,234205964
2024-08-23 10:17:41,185600.0,100,Sell,234205989
2024-08-23 10:18:00,185700.0,100,Sell,234206303
2024-08-23 10:18:01,185800.0,100,Buy,234206308
2024-08-23 10:18:05,185700.0,100,Sell,234206378
2024-08-23 10:18:08,185700.0,100,Sell,234206417
2024-08-23 10:18:33,185700.0,100,Sell,234206860
2024-08-23 10:18:36,185700.0,100,Sell,234206960
2024-08-23 10:18:38,185700.0,500,Sell,234206987
2024-08-23 10:18:38,185700.0,100,Sell,234206988
2024-08-23 10:18:42,185700.0,100,Sell,234207085
2024-08-23 10:18:46,185700.0,300,Sell,234207144
2024-08-23 10:18:59,185700.0,100,Sell,234207382
2024-08-23 10:19:02,185700.0,100,Sell,234207435
2024-08-23 10:19:27,185700.0,100,Sell,234207915
2024-08-23 10:19:29,185700.0,100,Sell,234207972
2024-08-23 10:19:31,185700.0,100,Sell,234207991
2024-08-23 10:19:54,185800.0,100,Sell,234208357
2024-08-23 10:19:56,185700.0,100,Sell,234208392
2024-08-23 10:20:01,185900.0,100,Buy,234208446
2024-08-23 10:20:21,185800.0,100,Sell,234208772
2024-08-23 10:20:24,185800.0,100,Sell,234208808
2024-08-23 10:20:41,185900.0,100,Buy,234209158
2024-08-23 10:20:41,185800.0,100,Sell,234209153
2024-08-23 10:20:41,185800.0,100,Sell,234209154
2024-08-23 10:20:41,185900.0,400,Buy,234209157
2024-08-23 10:20:48,185800.0,100,Sell,234209316
2024-08-23 10:20:49,185900.0,100,Buy,234209334
2024-08-23 10:20:51,185900.0,100,Sell,234209372
2024-08-23 10:21:02,185900.0,100,Sell,234209633
2024-08-23 10:21:15,185900.0,100,Sell,234209940
2024-08-23 10:21:18,185900.0,100,Sell,234210008
2024-08-23 10:21:41,185900.0,100,Sell,234210499
2024-08-23 10:21:45,185900.0,100,Sell,234210648
2024-08-23 10:21:49,185900.0,100,Sell,234210757
2024-08-23 10:21:49,185900.0,100,Sell,234210758
2024-08-23 10:22:09,185900.0,100,Sell,234211111
2024-08-23 10:22:12,185900.0,100,Sell,234211255
2024-08-23 10:22:32,185900.0,100,Sell,234211551
2024-08-23 10:22:36,185900.0,100,Sell,234211605
2024-08-23 10:22:39,185900.0,100,Sell,234211695
2024-08-23 10:22:39,185900.0,100,Sell,234211686
2024-08-23 10:22:45,186000.0,200,Buy,234211805
2024-08-23 10:22:46,185900.0,500,Sell,234211822
2024-08-23 10:22:51,186000.0,500,Buy,234211900
2024-08-23 10:22:51,186000.0,100,Buy,234211901
2024-08-23 10:23:02,186000.0,100,Sell,234212100
2024-08-23 10:23:06,186000.0,100,Sell,234212146
2024-08-23 10:23:22,186100.0,100,Buy,234212370
2024-08-23 10:23:30,186000.0,100,Sell,234212498
2024-08-23 10:23:33,186000.0,100,Sell,234212554
2024-08-23 10:23:47,186000.0,200,Sell,234212819
2024-08-23 10:23:47,186000.0,500,Sell,234212820
2024-08-23 10:23:47,186000.0,300,Sell,234212821
2024-08-23 10:23:57,185900.0,100,Sell,234212992
2024-08-23 10:24:00,185900.0,100,Sell,234213029
2024-08-23 10:24:03,185900.0,100,Sell,234213099
2024-08-23 10:24:24,185900.0,100,Sell,234213426
2024-08-23 10:24:28,185900.0,100,Sell,234213465
2024-08-23 10:24:37,185900.0,100,Sell,234213625
2024-08-23 10:24:51,185900.0,100,Sell,234213826
2024-08-23 10:24:55,185900.0,100,Sell,234213879
2024-08-23 10:25:10,185900.0,100,Sell,234214121
2024-08-23 10:25:18,185900.0,100,Sell,234214237
2024-08-23 10:25:22,185900.0,100,Sell,234214297
2024-08-23 10:25:34,185900.0,100,Sell,234214537
2024-08-23 10:25:42,186000.0,500,Buy,234214714
2024-08-23 10:25:42,186000.0,100,Buy,234214715
2024-08-23 10:25:45,185900.0,100,Sell,234214807
2024-08-23 10:25:49,185900.0,100,Sell,234214876
2024-08-23 10:26:13,185900.0,100,Sell,234215423
2024-08-23 10:26:14,186100.0,100,Buy,234215473
2024-08-23 10:26:16,185900.0,100,Sell,234215545
2024-08-23 10:26:32,186200.0,100,Buy,234215952
2024-08-23 10:26:32,186200.0,500,Buy,234215953
2024-08-23 10:26:35,186000.0,200,Sell,234216023
2024-08-23 10:26:40,186000.0,100,Sell,234216243
2024-08-23 10:26:43,186000.0,100,Sell,234216412
2024-08-23 10:26:51,186100.0,100,Buy,234216679
2024-08-23 10:27:01,186100.0,100,Buy,234217011
2024-08-23 10:27:05,186000.0,100,Sell,234217130
2024-08-23 10:27:07,186000.0,100,Sell,234217193
2024-08-23 10:27:08,186200.0,100,Buy,234217210
2024-08-23 10:27:11,186000.0,100,Sell,234217268
2024-08-23 10:27:23,186300.0,100,Buy,234217665
2024-08-23 10:27:34,186300.0,100,Sell,234218029
2024-08-23 10:27:35,186000.0,200,Sell,234218030
2024-08-23 10:27:37,186000.0,100,Sell,234218090
2024-08-23 10:28:01,186100.0,100,Sell,234218625
2024-08-23 10:28:05,186100.0,100,Sell,234218712
2024-08-23 10:28:29,186100.0,100,Sell,234219317
2024-08-23 10:28:32,186100.0,100,Sell,234219358
2024-08-23 10:28:33,186100.0,100,Sell,234219387
2024-08-23 10:28:36,186100.0,100,Sell,234219452
2024-08-23 10:28:56,186100.0,100,Sell,234219801
2024-08-23 10:28:59,186100.0,100,Sell,234219884
2024-08-23 10:29:07,186400.0,100,Buy,234220030
2024-08-23 10:29:24,186100.0,100,Sell,234220358
2024-08-23 10:29:26,186100.0,100,Sell,234220393
2024-08-23 10:29:50,186200.0,100,Sell,234220844
2024-08-23 10:29:59,186200.0,100,Sell,234221029
2024-08-23 10:30:06,186200.0,100,Sell,234221189
2024-08-23 10:30:14,186400.0,100,Buy,234221345
2024-08-23 10:30:14,186400.0,100,Buy,234221346
2024-08-23 10:30:17,186200.0,100,Sell,234221412
2024-08-23 10:30:26,186200.0,100,Sell,234221571
2024-08-23 10:30:31,186200.0,200,Sell,234221649
2024-08-23 10:30:48,186300.0,100,Sell,234221976
2024-08-23 10:30:54,186300.0,100,Sell,234222081
2024-08-23 10:31:03,186400.0,500,Buy,234222296
2024-08-23 10:31:03,186400.0,100,Buy,234222297
2024-08-23 10:31:15,186300.0,100,Sell,234222549
2024-08-23 10:31:20,186300.0,100,Sell,234222671
2024-08-23 10:31:34,186500.0,100,Buy,234222968
2024-08-23 10:31:36,186400.0,300,Buy,234222985
2024-08-23 10:31:37,186300.0,100,Sell,234222989
2024-08-23 10:31:42,186300.0,100,Sell,234223083
2024-08-23 10:31:48,186300.0,100,Sell,234223183
2024-08-23 10:32:10,186300.0,100,Sell,234223574
2024-08-23 10:32:16,186300.0,100,Sell,234223671
2024-08-23 10:32:29,186200.0,100,Sell,234223858
2024-08-23 10:32:37,186200.0,100,Sell,234223993
2024-08-23 10:32:42,186300.0,100,Sell,234224095
2024-08-23 10:33:04,186300.0,100,Sell,234224450
2024-08-23 10:33:08,186300.0,100,Sell,234224501
2024-08-23 10:33:10,186200.0,100,Sell,234224534
2024-08-23 10:33:15,186500.0,100,Buy,234224619
2024-08-23 10:33:15,186600.0,100,Buy,234224620
2024-08-23 10:33:15,186700.0,100,Buy,234224621
2024-08-23 10:33:15,186700.0,100,Buy,234224622
2024-08-23 10:33:15,186700.0,500,Buy,234224623
2024-08-23 10:33:15,186800.0,800,Buy,234224624
2024-08-23 10:33:15,186400.0,100,Buy,234224618
2024-08-23 10:33:31,186300.0,100,Sell,234224817
2024-08-23 10:33:37,186300.0,100,Sell,234224947
2024-08-23 10:33:58,186400.0,100,Sell,234225253
2024-08-23 10:34:04,186400.0,100,Sell,234225375
2024-08-23 10:34:25,186400.0,100,Sell,234225643
2024-08-23 10:34:27,186400.0,100,Sell,234225670
2024-08-23 10:34:31,186500.0,100,Sell,234225702
2024-08-23 10:34:39,186300.0,100,Sell,234225813
2024-08-23 10:34:52,186300.0,100,Sell,234225986
2024-08-23 10:34:59,186300.0,100,Sell,234226094
2024-08-23 10:35:20,186300.0,100,Sell,234226394
2024-08-23 10:35:25,186300.0,100,Sell,234226487
2024-08-23 10:35:47,186300.0,100,Sell,234226776
2024-08-23 10:35:52,186300.0,100,Sell,234226897
2024-08-23 10:36:09,186300.0,100,Sell,234227165
2024-08-23 10:36:14,186300.0,100,Sell,234227240
2024-08-23 10:36:20,186300.0,100,Sell,234227352
2024-08-23 10:36:21,186200.0,100,Sell,234227365
2024-08-23 10:36:21,186300.0,600,Sell,234227364
2024-08-23 10:36:21,186300.0,200,Sell,234227363
2024-08-23 10:36:21,186300.0,100,Sell,234227361
2024-08-23 10:36:21,186300.0,100,Sell,234227360
2024-08-23 10:36:21,186300.0,100,Sell,234227362
2024-08-23 10:36:25,186200.0,200,Sell,234227404
2024-08-23 10:36:42,186200.0,100,Sell,234227702
2024-08-23 10:36:46,186200.0,100,Sell,234227766
2024-08-23 10:37:09,186200.0,100,Sell,234228181
2024-08-23 10:37:14,186200.0,100,Sell,234228274
2024-08-23 10:37:36,186200.0,100,Sell,234228635
2024-08-23 10:37:40,186200.0,100,Sell,234228682
2024-08-23 10:37:41,186200.0,100,Sell,234228696
2024-08-23 10:38:04,186300.0,100,Sell,234229015
2024-08-23 10:38:08,186200.0,100,Sell,234229068
2024-08-23 10:38:23,186200.0,100,Sell,234229287
2024-08-23 10:38:31,186200.0,100,Sell,234229419
2024-08-23 10:38:36,186200.0,100,Sell,234229477
2024-08-23 10:38:58,186200.0,100,Sell,234229811
2024-08-23 10:39:03,186200.0,100,Sell,234229885
2024-08-23 10:39:11,186200.0,100,Sell,234229989
2024-08-23 10:39:26,186200.0,100,Sell,234230162
2024-08-23 10:39:30,186200.0,100,Sell,234230199
2024-08-23 10:39:52,186200.0,100,Sell,234230490
2024-08-23 10:39:57,186200.0,100,Sell,234230524
2024-08-23 10:40:20,186200.0,100,Sell,234230872
2024-08-23 10:40:22,186200.0,100,Sell,234230918
2024-08-23 10:40:24,186200.0,100,Sell,234230961
2024-08-23 10:40:38,186200.0,200,Sell,234231178
2024-08-23 10:40:42,186200.0,100,Sell,234231250
2024-08-23 10:40:47,186100.0,100,Sell,234231367
2024-08-23 10:40:51,186100.0,100,Sell,234231436
2024-08-23 10:41:14,186100.0,100,Sell,234231796
2024-08-23 10:41:19,186100.0,100,Sell,234231825
2024-08-23 10:41:42,186100.0,100,Sell,234232132
2024-08-23 10:41:45,186100.0,100,Sell,234232156
2024-08-23 10:42:09,186100.0,100,Sell,234232440
2024-08-23 10:42:12,186100.0,100,Sell,234232489
2024-08-23 10:42:13,186100.0,100,Sell,234232494
2024-08-23 10:42:20,186100.0,100,Sell,234232567
2024-08-23 10:42:20,186100.0,100,Sell,234232568
2024-08-23 10:42:37,186100.0,100,Sell,234232828
2024-08-23 10:42:41,186100.0,100,Sell,234232870
2024-08-23 10:43:05,186100.0,100,Sell,234233147
2024-08-23 10:43:08,186100.0,100,Sell,234233242
2024-08-23 10:43:27,186100.0,200,Sell,234233472
2024-08-23 10:43:27,186100.0,300,Sell,234233473
2024-08-23 10:43:32,186000.0,100,Sell,234233550
2024-08-23 10:43:35,186000.0,100,Sell,234233596
2024-08-23 10:43:43,186000.0,100,Sell,234233703
2024-08-23 10:43:59,186000.0,100,Sell,234233894
2024-08-23 10:44:02,186000.0,100,Sell,234233948
2024-08-23 10:44:18,186000.0,100,Sell,234234173
2024-08-23 10:44:26,186000.0,100,Sell,234234259
2024-08-23 10:44:30,186000.0,100,Sell,234234306
2024-08-23 10:44:35,186000.0,100,Sell,234234364
2024-08-23 10:44:41,186000.0,300,Sell,234234439
2024-08-23 10:44:54,186000.0,100,Sell,234234547
2024-08-23 10:44:55,186000.0,100,Sell,234234555
2024-08-23 10:44:56,186000.0,100,Sell,234234588
2024-08-23 10:45:14,186000.0,100,Sell,234234800
2024-08-23 10:45:15,186000.0,100,Sell,234234804
2024-08-23 10:45:20,186000.0,100,Sell,234234937
2024-08-23 10:45:24,186000.0,100,Sell,234234984
2024-08-23 10:45:25,186000.0,1400,Sell,234234993
2024-08-23 10:45:35,186000.0,100,Sell,234235127
2024-08-23 10:45:47,186000.0,100,Sell,234235352
2024-08-23 10:45:51,186000.0,100,Sell,234235384
2024-08-23 10:45:55,186000.0,100,Sell,234235416
2024-08-23 10:46:15,186000.0,100,Sell,234235700
2024-08-23 10:46:15,186000.0,100,Sell,234235705
2024-08-23 10:46:16,186000.0,200,Sell,234235714
2024-08-23 10:46:18,186000.0,100,Sell,234235736
2024-08-23 10:46:35,186000.0,100,Sell,234235951
2024-08-23 10:46:42,186000.0,100,Sell,234236014
2024-08-23 10:46:45,185900.0,100,Sell,234236045
2024-08-23 10:46:45,185800.0,100,Sell,234236049
2024-08-23 10:46:55,185800.0,100,Sell,234236125
2024-08-23 10:47:10,185800.0,100,Sell,234236899
2024-08-23 10:47:13,185800.0,100,Sell,234236944
2024-08-23 10:47:15,185800.0,100,Sell,234236968
2024-08-23 10:47:35,185800.0,100,Sell,234237174
2024-08-23 10:47:37,185800.0,100,Sell,234237187
2024-08-23 10:47:39,185700.0,100,Sell,234237226
2024-08-23 10:47:56,185700.0,100,Sell,234237538
2024-08-23 10:48:04,185700.0,100,Sell,234237711
2024-08-23 10:48:06,185600.0,100,Sell,234237740
2024-08-23 10:48:14,185700.0,100,Sell,234237858
2024-08-23 10:48:16,185700.0,100,Sell,234237883
2024-08-23 10:48:31,185600.0,100,Sell,234238051
2024-08-23 10:48:34,185600.0,100,Sell,234238108
2024-08-23 10:48:36,185600.0,100,Sell,234238122
2024-08-23 10:48:55,185700.0,100,Buy,234238327
2024-08-23 10:48:56,185600.0,100,Sell,234238335
2024-08-23 10:48:58,185600.0,100,Sell,234238370
2024-08-23 10:49:01,185600.0,100,Sell,234238400
2024-08-23 10:49:16,185600.0,100,Sell,234238608
2024-08-23 10:49:26,185600.0,100,Sell,234238725
2024-08-23 10:49:29,185600.0,100,Sell,234238762
2024-08-23 10:49:37,185600.0,100,Sell,234238870
2024-08-23 10:49:46,185600.0,100,Sell,234239021
2024-08-23 10:49:53,185600.0,100,Sell,234239090
2024-08-23 10:49:56,185600.0,100,Sell,234239137
2024-08-23 10:49:56,185600.0,100,Sell,234239130
2024-08-23 10:50:12,185600.0,100,Sell,234239305
2024-08-23 10:50:17,185600.0,100,Sell,234239387
2024-08-23 10:50:20,185600.0,100,Sell,234239413
2024-08-23 10:50:23,185600.0,100,Sell,234239437
2024-08-23 10:50:36,185600.0,100,Sell,234239575
2024-08-23 10:50:48,185600.0,100,Sell,234239694
2024-08-23 10:50:50,185600.0,100,Sell,234239787
2024-08-23 10:50:56,185600.0,100,Sell,234239862
2024-08-23 10:51:15,185600.0,100,Sell,234240072
2024-08-23 10:51:16,185600.0,100,Sell,234240096
2024-08-23 10:51:17,185600.0,100,Sell,234240102
2024-08-23 10:51:18,185600.0,100,Sell,234240120
2024-08-23 10:51:37,185700.0,100,Sell,234240309
2024-08-23 10:51:42,185700.0,100,Sell,234240463
2024-08-23 10:51:45,185600.0,100,Sell,234240486
2024-08-23 10:51:57,185700.0,100,Sell,234240700
2024-08-23 10:52:03,185700.0,100,Sell,234240760
2024-08-23 10:52:10,185700.0,100,Sell,234240847
2024-08-23 10:52:10,185700.0,100,Sell,234240841
2024-08-23 10:52:12,185600.0,100,Sell,234240870
2024-08-23 10:52:17,185600.0,100,Sell,234240938
2024-08-23 10:52:37,185600.0,100,Sell,234241215
2024-08-23 10:52:38,185600.0,100,Sell,234241235
2024-08-23 10:52:40,185600.0,100,Sell,234241291
2024-08-23 10:52:48,185600.0,100,Sell,234241366
2024-08-23 10:52:57,185600.0,100,Sell,234241441
2024-08-23 10:53:04,185600.0,100,Sell,234241541
2024-08-23 10:53:07,185600.0,100,Sell,234241563
2024-08-23 10:53:17,185600.0,100,Sell,234241673
2024-08-23 10:53:22,185700.0,100,Buy,234241725
2024-08-23 10:53:31,185600.0,100,Sell,234241837
2024-08-23 10:53:35,185600.0,100,Sell,234241870
2024-08-23 10:53:37,185600.0,100,Sell,234241894
2024-08-23 10:53:57,185700.0,100,Sell,234242137
2024-08-23 10:53:58,185600.0,100,Sell,234242149
2024-08-23 10:54:02,185600.0,100,Sell,234242180
2024-08-23 10:54:08,185600.0,100,Sell,234242234
2024-08-23 10:54:17,185600.0,100,Sell,234242328
2024-08-23 10:54:19,185600.0,100,Sell,234242356
2024-08-23 10:54:26,185600.0,100,Sell,234242416
2024-08-23 10:54:29,185600.0,100,Sell,234242465
2024-08-23 10:54:38,185600.0,100,Sell,234242571
2024-08-23 10:54:53,185600.0,100,Sell,234242756
2024-08-23 10:54:56,185600.0,100,Sell,234242807
2024-08-23 10:54:58,185600.0,100,Sell,234242822
2024-08-23 10:55:18,185600.0,100,Sell,234243140
2024-08-23 10:55:20,185600.0,100,Sell,234243185
2024-08-23 10:55:23,185600.0,100,Sell,234243208
2024-08-23 10:55:38,185600.0,100,Sell,234243374
2024-08-23 10:55:48,185600.0,100,Sell,234243535
2024-08-23 10:55:50,185600.0,100,Sell,234243563
2024-08-23 10:55:50,185600.0,100,Sell,234243564
2024-08-23 10:55:58,185600.0,100,Sell,234243634
2024-08-23 10:56:06,185600.0,200,Sell,234243744
2024-08-23 10:56:15,185600.0,100,Sell,234243839
2024-08-23 10:56:18,185600.0,100,Sell,234243892
2024-08-23 10:56:18,185600.0,100,Sell,234243886
2024-08-23 10:56:38,185600.0,100,Sell,234244139
2024-08-23 10:56:43,185600.0,100,Sell,234244178
2024-08-23 10:56:45,185600.0,100,Sell,234244206
2024-08-23 10:56:58,185600.0,100,Sell,234244329
2024-08-23 10:57:09,185600.0,100,Sell,234244497
2024-08-23 10:57:12,185600.0,100,Sell,234244528
2024-08-23 10:57:18,185600.0,100,Sell,234244651
2024-08-23 10:57:20,185800.0,100,Sell,234244680
2024-08-23 10:57:37,185600.0,100,Sell,234244892
2024-08-23 10:57:38,185600.0,100,Sell,234244933
2024-08-23 10:57:39,185600.0,100,Sell,234244942
2024-08-23 10:57:59,185600.0,100,Sell,234245179
2024-08-23 10:58:03,185600.0,100,Sell,234245241
2024-08-23 10:58:04,185600.0,100,Sell,234245252
2024-08-23 10:58:06,185600.0,100,Sell,234245300
2024-08-23 10:58:19,185600.0,100,Sell,234245533
2024-08-23 10:58:32,185600.0,100,Sell,234245802
2024-08-23 10:58:34,185600.0,100,Sell,234245822
2024-08-23 10:58:39,185600.0,100,Sell,234245869
2024-08-23 10:58:51,185600.0,100,Sell,234246018
2024-08-23 10:58:59,185600.0,100,Sell,234246122
2024-08-23 10:58:59,185600.0,100,Sell,234246117
2024-08-23 10:59:01,185600.0,100,Sell,234246156
2024-08-23 10:59:19,185700.0,100,Sell,234246385
2024-08-23 10:59:26,185600.0,100,Sell,234246473
2024-08-23 10:59:29,185600.0,100,Sell,234246517
2024-08-23 10:59:37,185600.0,100,Sell,234246608
2024-08-23 10:59:37,185600.0,100,Sell,234246609
2024-08-23 10:59:37,185600.0,100,Sell,234246610
2024-08-23 10:59:37,185600.0,200,Sell,234246611
2024-08-23 10:59:37,185600.0,100,Sell,234246612
2024-08-23 10:59:37,185600.0,100,Sell,234246613
2024-08-23 10:59:37,185600.0,200,Sell,234246614
2024-08-23 10:59:37,185600.0,100,Sell,234246615
2024-08-23 10:59:39,185600.0,100,Sell,234246631
2024-08-23 10:59:42,185600.0,100,Sell,234246664
2024-08-23 10:59:42,185600.0,100,Sell,234246665
2024-08-23 10:59:53,185600.0,100,Sell,234246760
2024-08-23 10:59:56,185600.0,100,Sell,234246792
2024-08-23 10:59:59,185600.0,100,Sell,234246828
2024-08-23 11:00:01,185600.0,100,Sell,234246849
2024-08-23 11:00:03,185500.0,100,Sell,234246889
2024-08-23 11:00:20,185500.0,100,Sell,234247063
2024-08-23 11:00:20,185500.0,100,Sell,234247071
2024-08-23 11:00:22,185500.0,100,Sell,234247091
2024-08-23 11:00:23,185500.0,100,Sell,234247097
2024-08-23 11:00:40,185500.0,100,Sell,234247382
2024-08-23 11:00:48,185500.0,100,Sell,234247664
2024-08-23 11:00:50,185500.0,100,Sell,234247682
2024-08-23 11:01:00,185500.0,100,Sell,234247860
2024-08-23 11:01:15,185500.0,100,Sell,234248003
2024-08-23 11:01:18,185500.0,100,Sell,234248032
2024-08-23 11:01:20,185500.0,100,Sell,234248040
2024-08-23 11:01:33,185500.0,100,Sell,234248197
2024-08-23 11:01:33,185500.0,100,Sell,234248198
2024-08-23 11:01:40,185500.0,100,Sell,234248290
2024-08-23 11:01:43,185500.0,100,Sell,234248320
2024-08-23 11:01:45,185500.0,100,Sell,234248341
2024-08-23 11:01:53,185500.0,100,Sell,234248436
2024-08-23 11:02:00,185500.0,100,Sell,234248538
2024-08-23 11:02:09,185400.0,100,Sell,234248642
2024-08-23 11:02:12,185400.0,100,Sell,234248681
2024-08-23 11:02:20,185400.0,100,Sell,234248765
2024-08-23 11:02:37,185400.0,100,Sell,234248933
2024-08-23 11:02:40,185400.0,100,Sell,234248970
2024-08-23 11:02:40,185400.0,100,Sell,234248971
2024-08-23 11:02:41,185500.0,100,Buy,234248986
2024-08-23 11:03:01,185400.0,100,Sell,234249238
2024-08-23 11:03:04,185400.0,100,Sell,234249304
2024-08-23 11:03:07,185400.0,100,Sell,234249400
2024-08-23 11:03:20,185400.0,100,Sell,234249572
2024-08-23 11:03:24,185400.0,100,Sell,234249621
2024-08-23 11:03:29,185400.0,100,Sell,234249679
2024-08-23 11:03:32,185400.0,100,Sell,234249717
2024-08-23 11:03:35,185400.0,100,Sell,234249767
2024-08-23 11:03:40,185400.0,100,Sell,234249820
2024-08-23 11:03:40,185400.0,100,Sell,234249814
2024-08-23 11:03:59,185400.0,100,Sell,234250107
2024-08-23 11:04:01,185400.0,100,Sell,234250123
2024-08-23 11:04:02,185400.0,100,Sell,234250133
2024-08-23 11:04:02,185300.0,100,Sell,234250134
2024-08-23 11:04:21,185300.0,100,Sell,234250439
2024-08-23 11:04:26,185300.0,100,Sell,234250521
2024-08-23 11:04:26,185300.0,100,Sell,234250522
2024-08-23 11:04:30,185300.0,100,Sell,234250669
2024-08-23 11:04:30,185300.0,100,Sell,234250668
2024-08-23 11:04:41,185200.0,100,Sell,234250868
2024-08-23 11:04:54,185200.0,100,Sell,234250965
2024-08-23 11:04:54,185200.0,200,Sell,234250968
2024-08-23 11:04:57,185200.0,100,Sell,234250987
2024-08-23 11:04:57,185200.0,100,Sell,234250988
2024-08-23 11:05:01,185200.0,100,Sell,234251041
2024-08-23 11:05:21,185200.0,100,Sell,234251284
2024-08-23 11:05:21,185200.0,200,Sell,234251281
2024-08-23 11:05:24,185200.0,200,Sell,234251323
2024-08-23 11:05:24,185200.0,100,Sell,234251327
2024-08-23 11:05:41,185200.0,100,Sell,234251606
2024-08-23 11:05:49,185200.0,100,Sell,234251706
2024-08-23 11:05:49,185200.0,100,Sell,234251705
2024-08-23 11:05:52,185200.0,200,Sell,234251750
2024-08-23 11:06:01,185200.0,100,Sell,234251875
2024-08-23 11:06:15,185200.0,200,Sell,234252040
2024-08-23 11:06:19,185200.0,200,Sell,234252146
2024-08-23 11:06:21,185200.0,100,Sell,234252165
2024-08-23 11:06:25,185300.0,100,Sell,234252304
2024-08-23 11:06:42,185300.0,100,Sell,234252622
2024-08-23 11:06:44,185300.0,200,Sell,234252650
2024-08-23 11:06:47,185200.0,200,Sell,234252685
2024-08-23 11:07:02,185200.0,100,Sell,234252960
2024-08-23 11:07:11,185200.0,200,Sell,234253091
2024-08-23 11:07:14,185200.0,200,Sell,234253131
2024-08-23 11:07:20,185200.0,200,Sell,234253349
2024-08-23 11:07:22,185200.0,100,Sell,234253543
2024-08-23 11:07:39,185200.0,200,Sell,234253883
2024-08-23 11:07:42,185200.0,100,Sell,234253930
2024-08-23 11:07:42,185200.0,200,Sell,234253925
2024-08-23 11:07:50,185400.0,500,Buy,234254069
2024-08-23 11:07:56,185200.0,100,Sell,234254148
2024-08-23 11:08:02,185200.0,100,Sell,234254207
2024-08-23 11:08:06,185200.0,100,Sell,234254243
2024-08-23 11:08:06,185200.0,100,Sell,234254244
2024-08-23 11:08:08,185200.0,200,Sell,234254286
2024-08-23 11:08:22,185200.0,100,Sell,234254581
2024-08-23 11:08:33,185200.0,100,Sell,234254825
2024-08-23 11:08:33,185200.0,100,Sell,234254826
2024-08-23 11:08:36,185200.0,100,Sell,234254894
2024-08-23 11:08:36,185200.0,100,Sell,234254895
2024-08-23 11:08:42,185200.0,100,Sell,234255029
2024-08-23 11:08:47,185200.0,100,Sell,234255099
2024-08-23 11:08:47,185200.0,100,Sell,234255100
2024-08-23 11:09:01,185200.0,200,Sell,234255346
2024-08-23 11:09:02,185200.0,100,Sell,234255354
2024-08-23 11:09:03,185200.0,200,Sell,234255360
2024-08-23 11:09:09,185200.0,100,Sell,234255531
2024-08-23 11:09:09,185200.0,400,Sell,234255530
2024-08-23 11:09:15,185100.0,100,Sell,234255626
2024-08-23 11:09:22,185100.0,100,Sell,234255759
2024-08-23 11:09:27,185100.0,100,Sell,234255808
2024-08-23 11:09:28,185100.0,200,Sell,234255845
2024-08-23 11:09:30,185100.0,200,Sell,234255868
2024-08-23 11:09:43,185100.0,100,Sell,234256073
2024-08-23 11:09:56,185100.0,200,Sell,234256390
2024-08-23 11:09:58,185100.0,100,Sell,234256417
2024-08-23 11:09:58,185100.0,100,Sell,234256418
2024-08-23 11:10:03,185100.0,100,Sell,234256491
2024-08-23 11:10:07,185100.0,100,Sell,234256560
2024-08-23 11:10:23,185100.0,100,Sell,234256892
2024-08-23 11:10:23,185100.0,100,Sell,234256902
2024-08-23 11:10:23,185100.0,100,Sell,234256903
2024-08-23 11:10:25,185100.0,200,Sell,234256922
2024-08-23 11:10:37,185200.0,200,Sell,234257081
2024-08-23 11:10:37,185200.0,400,Buy,234257080
2024-08-23 11:10:43,185200.0,100,Sell,234257160
2024-08-23 11:10:51,185200.0,200,Sell,234257289
2024-08-23 11:10:54,185200.0,200,Sell,234257330
2024-08-23 11:10:57,185200.0,100,Sell,234257376
2024-08-23 11:11:03,185200.0,100,Sell,234257499
2024-08-23 11:11:11,185200.0,100,Sell,234257644
2024-08-23 11:11:16,185200.0,1000,Sell,234257723
2024-08-23 11:11:18,185200.0,200,Sell,234257773
2024-08-23 11:11:20,185200.0,200,Sell,234257815
2024-08-23 11:11:21,185200.0,100,Sell,234257821
2024-08-23 11:11:23,185200.0,100,Sell,234257857
2024-08-23 11:11:25,185200.0,100,Sell,234257912
2024-08-23 11:11:43,185200.0,100,Sell,234258284
2024-08-23 11:11:46,185200.0,200,Sell,234258310
2024-08-23 11:11:48,185200.0,200,Sell,234258340
2024-08-23 11:12:04,185200.0,100,Sell,234258545
2024-08-23 11:12:13,185200.0,200,Sell,234258685
2024-08-23 11:12:15,185200.0,200,Sell,234258707
2024-08-23 11:12:22,185200.0,100,Sell,234258826
2024-08-23 11:12:24,185200.0,100,Sell,234258854
2024-08-23 11:12:26,185200.0,100,Sell,234258881
2024-08-23 11:12:28,185200.0,100,Sell,234258926
2024-08-23 11:12:32,185200.0,100,Sell,234258973
2024-08-23 11:12:32,185200.0,200,Sell,234258972
2024-08-23 11:12:34,185200.0,200,Buy,234259041
2024-08-23 11:12:41,185100.0,200,Sell,234259169
2024-08-23 11:12:43,185100.0,200,Sell,234259248
2024-08-23 11:12:44,185100.0,100,Sell,234259259
2024-08-23 11:13:04,185100.0,100,Sell,234259706
2024-08-23 11:13:06,185100.0,200,Sell,234259759
2024-08-23 11:13:09,185100.0,200,Sell,234259812
2024-08-23 11:13:10,185100.0,200,Sell,234259836
2024-08-23 11:13:23,185100.0,100,Sell,234260074
2024-08-23 11:13:24,185100.0,100,Sell,234260090
2024-08-23 11:13:33,185100.0,200,Sell,234260253
2024-08-23 11:13:36,185100.0,200,Sell,234260280
2024-08-23 11:13:38,185100.0,200,Sell,234260350
2024-08-23 11:13:44,185100.0,100,Sell,234260476
2024-08-23 11:13:55,185100.0,300,Sell,234260750
2024-08-23 11:13:59,185100.0,100,Sell,234260839
2024-08-23 11:13:59,185100.0,100,Sell,234260820
2024-08-23 11:13:59,185100.0,200,Sell,234260821
2024-08-23 11:14:04,185100.0,100,Sell,234260986
2024-08-23 11:14:04,185100.0,200,Sell,234260984
2024-08-23 11:14:05,185100.0,200,Sell,234260998
2024-08-23 11:14:07,185200.0,100,Buy,234261008
2024-08-23 11:14:08,185100.0,300,Sell,234261034
2024-08-23 11:14:10,185200.0,100,Buy,234261087
2024-08-23 11:14:10,185200.0,100,Buy,234261088
2024-08-23 11:14:24,185100.0,100,Sell,234261368
2024-08-23 11:14:31,185100.0,200,Sell,234261584
2024-08-23 11:14:33,185100.0,200,Sell,234261607
2024-08-23 11:14:45,185100.0,100,Sell,234261822
2024-08-23 11:14:59,185100.0,200,Sell,234262292
2024-08-23 11:15:01,185100.0,200,Sell,234262311
2024-08-23 11:15:02,185100.0,100,Sell,234262338
2024-08-23 11:15:04,185100.0,100,Sell,234262375
2024-08-23 11:15:05,185100.0,100,Sell,234262377
2024-08-23 11:15:08,185100.0,200,Sell,234262420
2024-08-23 11:15:25,185100.0,100,Sell,234262770
2024-08-23 11:15:27,185100.0,200,Sell,234262860
2024-08-23 11:15:29,185100.0,100,Sell,234262909
2024-08-23 11:15:29,185100.0,100,Sell,234262910
2024-08-23 11:15:30,185100.0,100,Sell,234262924
2024-08-23 11:15:42,185100.0,100,Sell,234263189
2024-08-23 11:15:42,185100.0,100,Sell,234263190
2024-08-23 11:15:45,185100.0,100,Sell,234263255
2024-08-23 11:15:54,185100.0,600,Sell,234263478
2024-08-23 11:15:55,185100.0,200,Sell,234263500
2024-08-23 11:15:56,185100.0,200,Sell,234263519
2024-08-23 11:16:05,185100.0,100,Sell,234263802
2024-08-23 11:16:22,185100.0,200,Sell,234264579
2024-08-23 11:16:23,185100.0,200,Sell,234264630
2024-08-23 11:16:25,185100.0,100,Sell,234264656
2024-08-23 11:16:41,185100.0,200,Sell,234264939
2024-08-23 11:16:41,185100.0,100,Sell,234264940
2024-08-23 11:16:45,185100.0,100,Sell,234265036
2024-08-23 11:16:50,185100.0,100,Sell,234265167
2024-08-23 11:16:50,185100.0,100,Sell,234265166
2024-08-23 11:16:51,185100.0,200,Sell,234265179
2024-08-23 11:16:51,185100.0,200,Sell,234265207
2024-08-23 11:16:57,185100.0,100,Sell,234265420
2024-08-23 11:17:01,185100.0,100,Sell,234265483
2024-08-23 11:17:05,185100.0,100,Sell,234265582
2024-08-23 11:17:15,185100.0,100,Sell,234265801
2024-08-23 11:17:17,185100.0,200,Sell,234265821
2024-08-23 11:17:18,185100.0,200,Sell,234265852
2024-08-23 11:17:21,185100.0,100,Sell,234265894
2024-08-23 11:17:25,185100.0,100,Sell,234266009
2024-08-23 11:17:30,185100.0,100,Sell,234266088
2024-08-23 11:17:34,185100.0,100,Sell,234266207
2024-08-23 11:17:45,185100.0,100,Sell,234266406
2024-08-23 11:17:45,185100.0,100,Sell,234266407
2024-08-23 11:17:46,185100.0,200,Sell,234266423
2024-08-23 11:17:46,185100.0,100,Sell,234266420
2024-08-23 11:18:05,185100.0,100,Sell,234266935
2024-08-23 11:18:05,185100.0,100,Sell,234266936
2024-08-23 11:18:06,185100.0,100,Sell,234266948
2024-08-23 11:18:13,185100.0,100,Sell,234267044
2024-08-23 11:18:13,185100.0,100,Sell,234267043
2024-08-23 11:18:14,185100.0,100,Sell,234267050
2024-08-23 11:18:14,185100.0,100,Sell,234267051
2024-08-23 11:18:26,185100.0,100,Sell,234267234
2024-08-23 11:18:31,185100.0,100,Sell,234267379
2024-08-23 11:18:41,185100.0,200,Sell,234267636
2024-08-23 11:18:42,185100.0,200,Sell,234267647
2024-08-23 11:18:46,185100.0,100,Sell,234267706
2024-08-23 11:18:51,185100.0,700,Sell,234267768
2024-08-23 11:18:51,185100.0,100,Sell,234267769
2024-08-23 11:18:53,185000.0,100,Sell,234267839
2024-08-23 11:18:53,185000.0,100,Sell,234267840
2024-08-23 11:18:53,185000.0,200,Sell,234267847
2024-08-23 11:19:00,185100.0,200,Buy,234267991
2024-08-23 11:19:06,185100.0,100,Sell,234268103
2024-08-23 11:19:08,185100.0,200,Sell,234268172
2024-08-23 11:19:09,185100.0,200,Sell,234268203
2024-08-23 11:19:26,185100.0,100,Sell,234268541
2024-08-23 11:19:36,185100.0,200,Sell,234268798
2024-08-23 11:19:37,185100.0,200,Sell,234268814
2024-08-23 11:19:46,185100.0,100,Sell,234268937
2024-08-23 11:20:02,185100.0,100,Sell,234269151
2024-08-23 11:20:03,185100.0,200,Sell,234269172
2024-08-23 11:20:06,185100.0,100,Sell,234269299
2024-08-23 11:20:09,185100.0,200,Sell,234269347
2024-08-23 11:20:18,185100.0,300,Sell,234269582
2024-08-23 11:20:28,185100.0,100,Sell,234269781
2024-08-23 11:20:30,185100.0,200,Sell,234269810
2024-08-23 11:20:31,185100.0,300,Sell,234269850
2024-08-23 11:20:37,185100.0,200,Sell,234269987
2024-08-23 11:20:47,185100.0,100,Sell,234270192
2024-08-23 11:20:48,185100.0,100,Sell,234270225
2024-08-23 11:21:03,185100.0,200,Sell,234270515
2024-08-23 11:21:04,185100.0,200,Sell,234270551
2024-08-23 11:21:07,185100.0,100,Sell,234270596
2024-08-23 11:21:27,185100.0,100,Sell,234271155
2024-08-23 11:21:30,185100.0,200,Sell,234271209
2024-08-23 11:21:32,185100.0,200,Sell,234271243
2024-08-23 11:21:33,185100.0,100,Sell,234271357
2024-08-23 11:21:35,185100.0,400,Sell,234271411
2024-08-23 11:21:35,185100.0,100,Sell,234271412
2024-08-23 11:21:35,185100.0,100,Sell,234271413
2024-08-23 11:21:47,185000.0,100,Sell,234271704
2024-08-23 11:21:59,185000.0,100,Sell,234272035
2024-08-23 11:21:59,185000.0,100,Sell,234272036
2024-08-23 11:22:00,185000.0,200,Sell,234272140
2024-08-23 11:22:07,185000.0,100,Sell,234272285
2024-08-23 11:22:07,185100.0,100,Buy,234272298
2024-08-23 11:22:18,185000.0,200,Sell,234272496
2024-08-23 11:22:18,185000.0,200,Sell,234272497
2024-08-23 11:22:18,185000.0,600,Sell,234272498
2024-08-23 11:22:25,185000.0,200,Sell,234272663
2024-08-23 11:22:27,185000.0,100,Sell,234272689
2024-08-23 11:22:27,185000.0,200,Sell,234272686
2024-08-23 11:22:28,185000.0,500,Sell,234272696
2024-08-23 11:22:31,185000.0,100,Sell,234272788
2024-08-23 11:22:31,185000.0,100,Sell,234272789
2024-08-23 11:22:31,185000.0,100,Sell,234272790
2024-08-23 11:22:31,185000.0,100,Sell,234272791
2024-08-23 11:22:31,185000.0,100,Sell,234272792
2024-08-23 11:22:31,185000.0,100,Sell,234272793
2024-08-23 11:22:31,185000.0,1000,Sell,234272795
2024-08-23 11:22:31,185000.0,500,Sell,234272796
2024-08-23 11:22:31,185000.0,300,Sell,234272797
2024-08-23 11:22:31,185000.0,200,Sell,234272798
2024-08-23 11:22:31,185000.0,700,Sell,234272787
2024-08-23 11:22:31,185000.0,500,Sell,234272794
2024-08-23 11:22:44,185000.0,100,Sell,234273131
2024-08-23 11:22:48,185000.0,100,Sell,234273210
2024-08-23 11:22:53,185000.0,200,Sell,234273385
2024-08-23 11:22:54,185000.0,100,Sell,234273415
2024-08-23 11:22:54,185000.0,100,Sell,234273414
2024-08-23 11:23:01,185000.0,200,Sell,234273635
2024-08-23 11:23:01,185000.0,200,Sell,234273633
2024-08-23 11:23:01,185000.0,100,Sell,234273634
2024-08-23 11:23:04,185000.0,100,Sell,234273750
2024-08-23 11:23:06,185100.0,200,Buy,234273785
2024-08-23 11:23:06,185100.0,300,Buy,234273784
2024-08-23 11:23:07,185100.0,800,Buy,234273795
2024-08-23 11:23:08,185100.0,100,Sell,234273806
2024-08-23 11:23:21,185100.0,100,Sell,234274079
2024-08-23 11:23:21,185000.0,100,Sell,234274080
2024-08-23 11:23:22,185000.0,200,Sell,234274173
2024-08-23 11:23:28,185000.0,100,Sell,234274364
2024-08-23 11:23:48,185100.0,100,Sell,234274995
2024-08-23 11:23:49,185000.0,200,Sell,234275026
2024-08-23 11:23:50,185000.0,200,Sell,234275036
2024-08-23 11:24:08,185000.0,100,Sell,234275340
2024-08-23 11:24:17,185000.0,200,Sell,234275501
2024-08-23 11:24:18,185000.0,200,Sell,234275511
2024-08-23 11:24:21,185100.0,100,Buy,234275573
2024-08-23 11:24:28,185000.0,100,Sell,234275691
2024-08-23 11:24:34,185000.0,100,Sell,234275971
2024-08-23 11:24:39,185000.0,100,Sell,234276090
2024-08-23 11:24:45,185000.0,200,Sell,234276264
2024-08-23 11:24:45,185000.0,300,Sell,234276260
2024-08-23 11:24:48,185000.0,100,Sell,234276328
2024-08-23 11:25:08,185000.0,100,Sell,234276709
2024-08-23 11:25:13,185000.0,300,Sell,234276761
2024-08-23 11:25:13,185000.0,300,Sell,234276767
2024-08-23 11:25:29,185000.0,100,Sell,234277155
2024-08-23 11:25:29,185000.0,500,Sell,234277156
2024-08-23 11:25:38,185000.0,500,Sell,234277280
2024-08-23 11:25:40,185000.0,300,Sell,234277331
2024-08-23 11:25:40,185000.0,300,Sell,234277360
2024-08-23 11:25:42,185000.0,500,Sell,234277374
2024-08-23 11:25:45,185000.0,500,Sell,234277442
2024-08-23 11:25:48,185000.0,500,Sell,234277491
2024-08-23 11:25:49,185000.0,100,Sell,234277509
2024-08-23 11:25:51,185000.0,500,Sell,234277545
2024-08-23 11:25:53,185000.0,500,Sell,234277626
2024-08-23 11:25:57,185000.0,500,Sell,234277683
2024-08-23 11:26:00,185000.0,500,Sell,234277756
2024-08-23 11:26:03,185000.0,500,Sell,234277815
2024-08-23 11:26:05,185000.0,100,Sell,234277833
2024-08-23 11:26:08,185000.0,500,Sell,234277942
2024-08-23 11:26:08,185000.0,300,Sell,234277956
2024-08-23 11:26:09,185000.0,300,Sell,234277958
2024-08-23 11:26:09,185000.0,100,Sell,234277961
2024-08-23 11:26:24,185000.0,200,Sell,234278303
2024-08-23 11:26:26,185100.0,100,Buy,234278327
2024-08-23 11:26:28,185000.0,500,Sell,234278390
2024-08-23 11:26:29,185000.0,100,Sell,234278403
2024-08-23 11:26:31,185100.0,800,Buy,234278447
2024-08-23 11:26:31,185100.0,200,Buy,234278448
2024-08-23 11:26:35,185000.0,200,Sell,234278689
2024-08-23 11:26:36,185000.0,300,Sell,234278702
2024-08-23 11:26:36,185000.0,300,Sell,234278714
2024-08-23 11:26:38,185000.0,500,Sell,234278746
2024-08-23 11:26:40,185000.0,200,Sell,234278787
2024-08-23 11:26:40,185000.0,1700,Sell,234278785
2024-08-23 11:26:40,185000.0,100,Sell,234278786
2024-08-23 11:26:43,185000.0,500,Sell,234278903
2024-08-23 11:26:49,185000.0,100,Sell,234279145
2024-08-23 11:26:54,185100.0,500,Buy,234279343
2024-08-23 11:27:04,185000.0,100,Sell,234279593
2024-08-23 11:27:04,185000.0,100,Sell,234279594
2024-08-23 11:27:04,185000.0,200,Sell,234279595
2024-08-23 11:27:04,185000.0,400,Sell,234279602
2024-08-23 11:27:09,185000.0,100,Sell,234279689
2024-08-23 11:27:29,185000.0,100,Sell,234280056
2024-08-23 11:27:32,185000.0,300,Sell,234280107
2024-08-23 11:27:32,185000.0,100,Sell,234280108
2024-08-23 11:27:32,185000.0,100,Sell,234280133
2024-08-23 11:27:32,185000.0,100,Sell,234280134
2024-08-23 11:27:32,185000.0,200,Sell,234280135
2024-08-23 11:27:36,185000.0,200,Sell,234280249
2024-08-23 11:27:49,185000.0,100,Sell,234280466
2024-08-23 11:27:53,185000.0,500,Sell,234280516
2024-08-23 11:28:00,185000.0,400,Sell,234280670
2024-08-23 11:28:01,185000.0,400,Sell,234280684
2024-08-23 11:28:11,185000.0,100,Sell,234280917
2024-08-23 11:28:30,185000.0,100,Sell,234281334
2024-08-23 11:28:32,185100.0,300,Buy,234281394
2024-08-23 11:28:32,185100.0,500,Buy,234281395
2024-08-23 11:28:32,185100.0,500,Buy,234281396
2024-08-23 11:28:55,185100.0,100,Sell,234281838
2024-08-23 12:59:36,185000.0,100,Sell,234283139
2024-08-23 12:59:36,185000.0,300,Sell,234283140
2024-08-23 12:59:37,185100.0,500,Buy,234283789
2024-08-23 12:59:37,185000.0,500,Sell,234283788
2024-08-23 12:59:37,185000.0,100,Sell,234283787
2024-08-23 12:59:37,185000.0,100,Sell,234283786
2024-08-23 12:59:37,185000.0,100,Sell,234283785
2024-08-23 12:59:37,185000.0,100,Sell,234283784
2024-08-23 12:59:37,185000.0,600,Sell,234283783
2024-08-23 12:59:37,185000.0,1500,Sell,234283782
2024-08-23 12:59:37,185000.0,500,Sell,234283781
2024-08-23 12:59:37,185100.0,100,Buy,234283780
2024-08-23 12:59:38,185000.0,200,Sell,234283989
2024-08-23 12:59:38,185000.0,100,Sell,234283988
2024-08-23 12:59:38,185000.0,1000,Sell,234283987
2024-08-23 12:59:38,185000.0,100,Sell,234283986
2024-08-23 12:59:38,185000.0,200,Sell,234283984
2024-08-23 12:59:38,185000.0,100,Sell,234283983
2024-08-23 12:59:38,185000.0,100,Sell,234283982
2024-08-23 12:59:38,185000.0,100,Sell,234283981
2024-08-23 12:59:38,185000.0,1000,Sell,234283980
2024-08-23 12:59:38,185000.0,100,Sell,234283979
2024-08-23 12:59:38,185000.0,100,Sell,234283985
2024-08-23 12:59:38,185000.0,100,Sell,234283977
2024-08-23 12:59:38,185000.0,200,Sell,234283968
2024-08-23 12:59:38,185000.0,200,Sell,234283969
2024-08-23 12:59:38,185000.0,100,Sell,234283970
2024-08-23 12:59:38,185000.0,100,Sell,234283971
2024-08-23 12:59:38,185000.0,100,Sell,234283978
2024-08-23 12:59:38,185000.0,300,Sell,234283973
2024-08-23 12:59:38,185000.0,300,Sell,234283974
2024-08-23 12:59:38,185000.0,100,Sell,234283975
2024-08-23 12:59:38,185000.0,200,Sell,234283976
2024-08-23 12:59:38,185000.0,200,Sell,234283972
2024-08-23 12:59:39,185000.0,200,Sell,234284393
2024-08-23 12:59:40,184900.0,1000,Sell,234284861
2024-08-23 12:59:40,184700.0,200,Sell,234284869
2024-08-23 12:59:40,184700.0,100,Sell,234284868
2024-08-23 12:59:40,184700.0,100,Sell,234284867
2024-08-23 12:59:40,184800.0,300,Sell,234284866
2024-08-23 12:59:40,184800.0,100,Sell,234284865
2024-08-23 12:59:40,184900.0,200,Sell,234284864
2024-08-23 12:59:40,184900.0,400,Sell,234284863
2024-08-23 12:59:40,184900.0,800,Sell,234284862
2024-08-23 12:59:40,184900.0,100,Sell,234284860
2024-08-23 12:59:40,185000.0,100,Sell,234284858
2024-08-23 12:59:40,185000.0,200,Sell,234284857
2024-08-23 12:59:40,185000.0,100,Sell,234284856
2024-08-23 12:59:40,185000.0,100,Sell,234284855
2024-08-23 12:59:40,185000.0,1000,Sell,234284854
2024-08-23 12:59:40,185000.0,100,Sell,234284853
2024-08-23 12:59:40,185000.0,300,Sell,234284852
2024-08-23 12:59:40,185000.0,100,Sell,234284851
2024-08-23 12:59:40,185000.0,600,Sell,234284850
2024-08-23 12:59:40,184900.0,100,Sell,234284859
2024-08-23 12:59:41,185100.0,100,Buy,234285034
2024-08-23 12:59:42,184700.0,200,Sell,234285229
2024-08-23 12:59:42,184700.0,200,Sell,234285228
2024-08-23 12:59:42,185000.0,200,Sell,234285162
2024-08-23 12:59:42,185000.0,100,Sell,234285164
2024-08-23 12:59:42,184700.0,100,Sell,234285165
2024-08-23 12:59:44,185100.0,100,Buy,234285790
2024-08-23 12:59:45,185100.0,100,Buy,234285923
2024-08-23 12:59:45,185000.0,100,Sell,234285951
2024-08-23 12:59:46,185000.0,100,Sell,234286058
2024-08-23 12:59:46,185000.0,500,Sell,234286091
2024-08-23 12:59:46,185000.0,100,Sell,234286167
2024-08-23 12:59:46,185000.0,100,Sell,234286168
2024-08-23 12:59:47,185000.0,100,Sell,234286277
2024-08-23 12:59:48,185000.0,100,Buy,234286415
2024-08-23 12:59:48,185000.0,600,Sell,234286332
2024-08-23 13:00:03,184600.0,100,Sell,234287612
2024-08-23 13:00:03,184800.0,100,Buy,234287652
2024-08-23 13:00:03,184200.0,200,Sell,234287637
2024-08-23 13:00:03,184200.0,100,Sell,234287636
2024-08-23 13:00:03,184200.0,100,Sell,234287635
2024-08-23 13:00:03,184300.0,100,Sell,234287634
2024-08-23 13:00:03,184300.0,100,Sell,234287633
2024-08-23 13:00:03,184400.0,100,Sell,234287632
2024-08-23 13:00:03,184400.0,100,Sell,234287631
2024-08-23 13:00:03,184400.0,100,Sell,234287630
2024-08-23 13:00:03,184500.0,100,Sell,234287629
2024-08-23 13:00:03,184500.0,100,Sell,234287628
2024-08-23 13:00:03,184500.0,100,Sell,234287627
2024-08-23 13:00:03,184500.0,500,Sell,234287626
2024-08-23 13:00:03,184600.0,100,Sell,234287611
2024-08-23 13:00:03,184500.0,500,Sell,234287624
2024-08-23 13:00:03,184600.0,200,Sell,234287613
2024-08-23 13:00:03,184500.0,500,Sell,234287615
2024-08-23 13:00:03,184500.0,100,Sell,234287616
2024-08-23 13:00:03,184500.0,100,Sell,234287617
2024-08-23 13:00:03,184500.0,300,Sell,234287618
2024-08-23 13:00:03,184500.0,1000,Sell,234287614
2024-08-23 13:00:03,184500.0,1000,Sell,234287620
2024-08-23 13:00:03,184500.0,700,Sell,234287621
2024-08-23 13:00:03,184500.0,200,Sell,234287622
2024-08-23 13:00:03,184500.0,200,Sell,234287623
2024-08-23 13:00:03,184500.0,500,Sell,234287619
2024-08-23 13:00:03,184500.0,800,Sell,234287625
2024-08-23 13:00:13,184200.0,100,Sell,234288610
2024-08-23 13:00:13,184100.0,100,Sell,234288611
2024-08-23 13:00:13,184100.0,100,Sell,234288612
2024-08-23 13:00:15,184800.0,200,Buy,234288672
2024-08-23 13:00:47,184800.0,100,Buy,234289959
2024-08-23 13:00:47,184800.0,100,Buy,234289960
2024-08-23 13:01:06,184700.0,100,Buy,234290520
2024-08-23 13:01:12,184200.0,700,Sell,234290852
2024-08-23 13:01:12,184200.0,500,Sell,234290851
2024-08-23 13:01:24,184700.0,100,Sell,234291213
2024-08-23 13:01:24,184700.0,100,Sell,234291214
2024-08-23 13:01:26,184200.0,100,Sell,234291296
2024-08-23 13:01:50,184300.0,100,Sell,234292023
2024-08-23 13:01:57,184300.0,100,Buy,234292200
2024-08-23 13:01:58,184200.0,100,Sell,234292216
2024-08-23 13:01:58,184200.0,500,Sell,234292217
2024-08-23 13:01:58,184200.0,400,Sell,234292218
2024-08-23 13:02:01,184300.0,200,Buy,234292316
2024-08-23 13:02:04,184300.0,100,Buy,234292419
2024-08-23 13:02:20,184300.0,100,Sell,234292837
2024-08-23 13:02:31,184500.0,100,Buy,234293083
2024-08-23 13:02:36,184500.0,100,Buy,234293271
2024-08-23 13:02:39,184500.0,100,Buy,234293318
2024-08-23 13:02:51,184500.0,100,Buy,234293620
2024-08-23 13:02:54,184500.0,100,Buy,234293709
2024-08-23 13:02:55,184500.0,200,Buy,234293738
2024-08-23 13:03:06,184700.0,800,Buy,234294083
2024-08-23 13:03:06,184700.0,200,Buy,234294081
2024-08-23 13:03:06,184700.0,1000,Buy,234294082
2024-08-23 13:03:15,184700.0,1600,Buy,234294353
2024-08-23 13:03:24,184700.0,100,Buy,234294672
2024-08-23 13:03:28,184700.0,100,Buy,234294763
2024-08-23 13:03:42,184700.0,100,Sell,234295131
2024-08-23 13:03:42,184600.0,100,Sell,234295132
2024-08-23 13:03:45,184600.0,100,Sell,234295249
2024-08-23 13:03:49,185000.0,800,Buy,234295338
2024-08-23 13:03:49,185000.0,1200,Buy,234295336
2024-08-23 13:03:49,185000.0,300,Buy,234295337
2024-08-23 13:03:54,184700.0,100,Sell,234295442
2024-08-23 13:04:08,185000.0,200,Buy,234295833
2024-08-23 13:04:08,185000.0,100,Buy,234295834
2024-08-23 13:04:08,185000.0,1000,Buy,234295835
2024-08-23 13:04:08,185000.0,100,Buy,234295836
2024-08-23 13:04:08,185000.0,400,Buy,234295837
2024-08-23 13:04:30,184800.0,200,Buy,234296769
2024-08-23 13:04:34,184700.0,400,Sell,234296912
2024-08-23 13:04:36,184700.0,100,Buy,234296980
2024-08-23 13:04:50,184800.0,1000,Buy,234297389
2024-08-23 13:04:50,184800.0,100,Buy,234297388
2024-08-23 13:05:19,184700.0,100,Sell,234298617
2024-08-23 13:05:19,184700.0,100,Sell,234298616
2024-08-23 13:05:22,184700.0,100,Sell,234298844
2024-08-23 13:05:22,184600.0,800,Sell,234298845
2024-08-23 13:05:22,184700.0,100,Sell,234298843
2024-08-23 13:05:55,184800.0,100,Buy,234300061
2024-08-23 13:05:55,184800.0,100,Buy,234300062
2024-08-23 13:05:57,184600.0,100,Sell,234300117
2024-08-23 13:06:11,184800.0,900,Buy,234300566
2024-08-23 13:06:16,184800.0,200,Sell,234300718
2024-08-23 13:06:23,184800.0,100,Sell,234300996
2024-08-23 13:06:29,184800.0,200,Sell,234301193
2024-08-23 13:06:29,184800.0,300,Sell,234301194
2024-08-23 13:06:36,184800.0,100,Sell,234301377
2024-08-23 13:06:48,184800.0,300,Sell,234301822
2024-08-23 13:06:48,184800.0,200,Sell,234301823
2024-08-23 13:06:49,184900.0,100,Buy,234301833
2024-08-23 13:06:56,184800.0,100,Sell,234302055
2024-08-23 13:07:15,184900.0,100,Buy,234302590
2024-08-23 13:07:16,184800.0,100,Sell,234302631
2024-08-23 13:07:20,184900.0,300,Buy,234302778
2024-08-23 13:07:36,184900.0,200,Buy,234303159
2024-08-23 13:07:36,184800.0,100,Sell,234303182
2024-08-23 13:07:36,184900.0,100,Buy,234303158
2024-08-23 13:07:40,184800.0,100,Sell,234303293
2024-08-23 13:07:57,184800.0,100,Sell,234303813
2024-08-23 13:08:01,184800.0,100,Sell,234303927
2024-08-23 13:08:13,184800.0,1000,Sell,234304308
2024-08-23 13:08:14,184800.0,200,Sell,234304327
2024-08-23 13:08:15,184800.0,500,Sell,234304353
2024-08-23 13:08:15,184800.0,100,Sell,234304354
2024-08-23 13:08:17,184800.0,100,Sell,234304650
2024-08-23 13:08:19,184800.0,100,Sell,234304741
2024-08-23 13:08:19,184800.0,100,Sell,234304742
2024-08-23 13:08:31,184800.0,200,Sell,234305155
2024-08-23 13:08:33,184800.0,200,Sell,234305264
2024-08-23 13:08:34,184800.0,200,Sell,234305273
2024-08-23 13:08:37,184800.0,100,Sell,234305357
2024-08-23 13:08:39,184800.0,400,Sell,234305546
2024-08-23 13:08:39,184800.0,100,Sell,234305545
2024-08-23 13:08:39,184900.0,100,Buy,234305537
2024-08-23 13:08:39,184800.0,100,Sell,234305543
2024-08-23 13:08:39,184800.0,200,Sell,234305542
2024-08-23 13:08:39,184800.0,200,Sell,234305544
2024-08-23 13:08:43,184800.0,600,Sell,234305647
2024-08-23 13:08:56,184800.0,500,Buy,234306329
2024-08-23 13:08:56,184800.0,200,Buy,234306330
2024-08-23 13:08:56,184800.0,300,Buy,234306331
2024-08-23 13:09:01,184800.0,100,Buy,234306441
2024-08-23 13:09:02,184800.0,200,Buy,234306475
2024-08-23 13:09:07,184800.0,300,Buy,234306676
2024-08-23 13:09:07,184800.0,100,Buy,234306682
2024-08-23 13:09:08,184800.0,200,Buy,234306695
2024-08-23 13:09:08,184800.0,100,Buy,234306696
2024-08-23 13:09:08,184800.0,100,Buy,234306697
2024-08-23 13:09:14,184800.0,100,Buy,234306939
2024-08-23 13:09:19,184700.0,100,Sell,234307197
2024-08-23 13:09:20,184800.0,100,Buy,234307259
2024-08-23 13:09:20,184800.0,100,Buy,234307260
2024-08-23 13:09:29,184900.0,100,Buy,234307677
2024-08-23 13:09:37,184800.0,100,Sell,234307967
2024-08-23 13:09:39,184800.0,500,Sell,234308042
2024-08-23 13:09:44,184800.0,1200,Sell,234308214
2024-08-23 13:09:52,184900.0,100,Buy,234308488
2024-08-23 13:09:57,184800.0,100,Sell,234308703
2024-08-23 13:09:58,184900.0,100,Buy,234308713
2024-08-23 13:09:58,184900.0,300,Buy,234308726
2024-08-23 13:10:02,184800.0,200,Sell,234308863
2024-08-23 13:10:05,184800.0,100,Sell,234308938
2024-08-23 13:10:06,184800.0,200,Sell,234308971
2024-08-23 13:10:10,184800.0,200,Sell,234309350
2024-08-23 13:10:14,184800.0,100,Sell,234309610
2024-08-23 13:10:18,184800.0,200,Sell,234309911
2024-08-23 13:10:18,184900.0,100,Buy,234309909
2024-08-23 13:10:18,184800.0,100,Sell,234309814
2024-08-23 13:10:18,184900.0,900,Buy,234309910
2024-08-23 13:10:19,184800.0,100,Sell,234309956
2024-08-23 13:10:32,184900.0,100,Buy,234310369
2024-08-23 13:10:36,184800.0,500,Sell,234310578
2024-08-23 13:10:37,184800.0,100,Sell,234310652
2024-08-23 13:10:47,184900.0,100,Buy,234311230
2024-08-23 13:10:58,184800.0,100,Sell,234311727
2024-08-23 13:10:59,184900.0,100,Buy,234311792
2024-08-23 13:10:59,184900.0,100,Buy,234311793
2024-08-23 13:10:59,184900.0,200,Buy,234311794
2024-08-23 13:10:59,184900.0,100,Buy,234311795
2024-08-23 13:11:11,185000.0,500,Buy,234312278
2024-08-23 13:11:18,184900.0,100,Sell,234312527
2024-08-23 13:11:31,184900.0,100,Sell,234313014
2024-08-23 13:11:34,184900.0,300,Sell,234313133
2024-08-23 13:11:34,184900.0,300,Sell,234313132
2024-08-23 13:11:38,184900.0,100,Sell,234313273
2024-08-23 13:11:38,184900.0,100,Sell,234313274
2024-08-23 13:11:45,184600.0,100,Sell,234313526
2024-08-23 13:11:45,184700.0,300,Sell,234313522
2024-08-23 13:11:45,184600.0,1000,Sell,234313525
2024-08-23 13:11:45,184600.0,100,Sell,234313524
2024-08-23 13:11:45,184700.0,100,Sell,234313523
2024-08-23 13:11:45,184700.0,200,Sell,234313521
2024-08-23 13:11:45,184800.0,400,Sell,234313515
2024-08-23 13:11:45,184800.0,200,Sell,234313519
2024-08-23 13:11:45,184800.0,200,Sell,234313518
2024-08-23 13:11:45,184800.0,100,Sell,234313517
2024-08-23 13:11:45,184800.0,200,Sell,234313516
2024-08-23 13:11:45,184700.0,2000,Sell,234313520
2024-08-23 13:11:45,184900.0,100,Sell,234313514
2024-08-23 13:12:04,184800.0,100,Sell,234314281
2024-08-23 13:12:05,184800.0,400,Sell,234314301
2024-08-23 13:12:09,184700.0,100,Sell,234314445
2024-08-23 13:12:14,184800.0,400,Buy,234314602
2024-08-23 13:12:19,184800.0,300,Buy,234314744
2024-08-23 13:12:22,185000.0,1300,Buy,234314822
2024-08-23 13:12:22,184900.0,400,Buy,234314821
2024-08-23 13:12:22,184800.0,100,Buy,234314819
2024-08-23 13:12:22,184800.0,200,Buy,234314820
2024-08-23 13:12:39,184800.0,100,Buy,234315370
2024-08-23 13:12:39,184800.0,100,Buy,234315371
2024-08-23 13:12:47,184900.0,200,Buy,234315605
2024-08-23 13:12:48,184900.0,100,Sell,234315650
2024-08-23 13:12:49,184900.0,1000,Sell,234315678
2024-08-23 13:12:58,184900.0,100,Sell,234315902
2024-08-23 13:13:01,184900.0,500,Sell,234316020
2024-08-23 13:13:09,185000.0,100,Buy,234316231
2024-08-23 13:13:14,184900.0,100,Sell,234316372
2024-08-23 13:13:14,184900.0,400,Sell,234316373
2024-08-23 13:13:18,184900.0,100,Sell,234316486
2024-08-23 13:13:39,184900.0,100,Sell,234317217
2024-08-23 13:13:50,184800.0,100,Sell,234317541
2024-08-23 13:13:57,184800.0,100,Sell,234317834
2024-08-23 13:13:57,184800.0,100,Sell,234317835
2024-08-23 13:13:57,184800.0,100,Sell,234317832
2024-08-23 13:13:57,184800.0,200,Sell,234317831
2024-08-23 13:13:57,184800.0,500,Sell,234317833
2024-08-23 13:14:01,184800.0,100,Buy,234317983
2024-08-23 13:14:10,184800.0,200,Buy,234318310
2024-08-23 13:14:10,184800.0,100,Buy,234318311
2024-08-23 13:14:13,184800.0,100,Sell,234318412
2024-08-23 13:14:19,184800.0,100,Sell,234318665
2024-08-23 13:14:45,184800.0,100,Buy,234319681
2024-08-23 13:14:45,184800.0,100,Buy,234319695
2024-08-23 13:14:59,184800.0,100,Sell,234320167
2024-08-23 13:15:10,184800.0,100,Sell,234320491
2024-08-23 13:15:10,184800.0,200,Sell,234320492
2024-08-23 13:15:17,184800.0,100,Buy,234320760
2024-08-23 13:15:30,184800.0,100,Buy,234321127
2024-08-23 13:15:35,184700.0,100,Sell,234321268
2024-08-23 13:15:53,184700.0,100,Sell,234321786
2024-08-23 13:16:16,184700.0,100,Sell,234322433
2024-08-23 13:16:32,184700.0,100,Sell,234322908
2024-08-23 13:16:40,184700.0,100,Sell,234323104
2024-08-23 13:16:47,184800.0,100,Buy,234323309
2024-08-23 13:16:47,184800.0,100,Buy,234323307
2024-08-23 13:16:47,184800.0,100,Buy,234323308
2024-08-23 13:16:48,184700.0,200,Sell,234323347
2024-08-23 13:17:00,184700.0,100,Sell,234323736
2024-08-23 13:17:00,184700.0,100,Sell,234323735
2024-08-23 13:17:21,184700.0,100,Sell,234324209
2024-08-23 13:17:43,184700.0,100,Sell,234324764
2024-08-23 13:17:44,184800.0,200,Buy,234324788
2024-08-23 13:17:44,184800.0,800,Buy,234324789
2024-08-23 13:18:16,184800.0,200,Buy,234325630
2024-08-23 13:18:16,184800.0,100,Buy,234325631
2024-08-23 13:18:20,184700.0,100,Sell,234325723
2024-08-23 13:18:22,184700.0,800,Sell,234325789
2024-08-23 13:18:22,184700.0,200,Sell,234325788
2024-08-23 13:18:23,184800.0,100,Buy,234325831
2024-08-23 13:18:38,184700.0,100,Sell,234326260
2024-08-23 13:18:39,184700.0,2200,Sell,234326263
2024-08-23 13:18:42,184700.0,100,Sell,234326338
2024-08-23 13:18:47,184800.0,500,Buy,234326485
2024-08-23 13:18:50,184700.0,100,Sell,234326551
2024-08-23 13:18:56,184700.0,200,Sell,234326763
2024-08-23 13:19:02,184700.0,200,Sell,234326925
2024-08-23 13:19:04,184700.0,300,Sell,234327016
2024-08-23 13:19:06,184700.0,100,Sell,234327059
2024-08-23 13:19:06,184700.0,100,Sell,234327050
2024-08-23 13:19:09,184700.0,200,Sell,234327125
2024-08-23 13:19:14,184700.0,100,Sell,234327288
2024-08-23 13:19:16,184700.0,300,Sell,234327352
2024-08-23 13:19:19,184700.0,200,Sell,234327424
2024-08-23 13:19:19,184700.0,100,Sell,234327425
2024-08-23 13:19:19,184700.0,200,Sell,234327426
2024-08-23 13:19:30,184700.0,100,Sell,234327825
2024-08-23 13:19:30,184700.0,100,Sell,234327826
2024-08-23 13:19:30,184700.0,100,Sell,234327827
2024-08-23 13:19:32,184700.0,100,Sell,234327852
2024-08-23 13:19:36,184700.0,200,Sell,234327971
2024-08-23 13:19:36,184700.0,100,Sell,234327969
2024-08-23 13:19:36,184700.0,100,Sell,234327970
2024-08-23 13:19:53,184700.0,100,Buy,234328465
2024-08-23 13:20:03,184800.0,100,Buy,234328696
2024-08-23 13:20:09,184700.0,500,Sell,234328828
2024-08-23 13:20:09,184500.0,100,Sell,234328846
2024-08-23 13:20:09,184500.0,100,Sell,234328844
2024-08-23 13:20:09,184500.0,100,Sell,234328843
2024-08-23 13:20:09,184500.0,100,Sell,234328842
2024-08-23 13:20:09,184500.0,100,Sell,234328841
2024-08-23 13:20:09,184500.0,100,Sell,234328840
2024-08-23 13:20:09,184500.0,100,Sell,234328839
2024-08-23 13:20:09,184500.0,1000,Sell,234328838
2024-08-23 13:20:09,184500.0,1000,Sell,234328845
2024-08-23 13:20:09,184600.0,1000,Sell,234328836
2024-08-23 13:20:09,184600.0,2900,Sell,234328835
2024-08-23 13:20:09,184600.0,100,Sell,234328834
2024-08-23 13:20:09,184600.0,500,Sell,234328833
2024-08-23 13:20:09,184600.0,100,Sell,234328832
2024-08-23 13:20:09,184600.0,200,Sell,234328831
2024-08-23 13:20:09,184600.0,100,Sell,234328830
2024-08-23 13:20:09,184600.0,200,Sell,234328829
2024-08-23 13:20:09,184500.0,2000,Sell,234328837
2024-08-23 13:20:24,184400.0,100,Sell,234329316
2024-08-23 13:20:29,184500.0,100,Buy,234329433
2024-08-23 13:20:52,184400.0,100,Sell,234330106
2024-08-23 13:20:53,184500.0,100,Buy,234330138
2024-08-23 13:20:59,184500.0,100,Buy,234330310
2024-08-23 13:21:18,184500.0,300,Sell,234330813
2024-08-23 13:21:18,184400.0,700,Sell,234330814
2024-08-23 13:21:37,184600.0,300,Buy,234331421
2024-08-23 13:22:04,184600.0,100,Buy,234332168
2024-08-23 13:22:08,184500.0,100,Sell,234332268
2024-08-23 13:22:08,184500.0,1000,Sell,234332269
2024-08-23 13:22:14,184500.0,400,Buy,234332430
2024-08-23 13:22:20,184500.0,200,Buy,234332575
2024-08-23 13:22:28,184400.0,100,Sell,234332895
2024-08-23 13:22:32,184500.0,100,Buy,234333006
2024-08-23 13:22:36,184500.0,200,Buy,234333083
2024-08-23 13:22:38,184500.0,100,Sell,234333198
2024-08-23 13:22:53,184500.0,700,Sell,234333579
2024-08-23 13:22:53,184500.0,300,Sell,234333580
2024-08-23 13:23:05,184500.0,100,Sell,234333916
2024-08-23 13:23:09,184500.0,300,Sell,234334011
2024-08-23 13:23:30,184500.0,200,Buy,234334504
2024-08-23 13:23:32,184400.0,300,Sell,234334815
2024-08-23 13:23:37,184500.0,300,Buy,234334929
2024-08-23 13:23:41,184500.0,300,Buy,234335072
2024-08-23 13:23:45,184400.0,100,Sell,234335293
2024-08-23 13:23:45,184400.0,600,Sell,234335304
2024-08-23 13:23:45,184400.0,200,Sell,234335305
2024-08-23 13:23:50,184500.0,400,Buy,234335452
2024-08-23 13:23:55,184400.0,100,Sell,234335570
2024-08-23 13:23:58,184500.0,100,Buy,234335660
2024-08-23 13:23:58,184500.0,200,Buy,234335661
2024-08-23 13:24:16,184500.0,100,Sell,234336254
2024-08-23 13:24:17,184500.0,200,Sell,234336290
2024-08-23 13:24:17,184500.0,100,Sell,234336291
2024-08-23 13:24:17,184500.0,100,Sell,234336292
2024-08-23 13:24:23,184400.0,100,Sell,234336477
2024-08-23 13:24:32,184400.0,100,Sell,234336699
2024-08-23 13:24:39,184600.0,400,Buy,234336959
2024-08-23 13:24:39,184500.0,100,Buy,234336958
2024-08-23 13:24:41,184400.0,100,Sell,234337017
2024-08-23 13:24:41,184400.0,100,Sell,234337019
2024-08-23 13:24:41,184400.0,100,Sell,234337020
2024-08-23 13:24:48,184500.0,100,Sell,234337212
2024-08-23 13:24:48,184500.0,100,Sell,234337213
2024-08-23 13:24:48,184500.0,300,Sell,234337214
2024-08-23 13:25:10,184600.0,500,Buy,234337809
2024-08-23 13:25:23,184500.0,500,Sell,234338146
2024-08-23 13:25:23,184500.0,200,Sell,234338147
2024-08-23 13:25:23,184500.0,200,Sell,234338144
2024-08-23 13:25:23,184500.0,100,Sell,234338145
2024-08-23 13:25:28,184600.0,100,Buy,234338278
2024-08-23 13:25:30,184500.0,300,Sell,234338320
2024-08-23 13:25:30,184500.0,500,Sell,234338321
2024-08-23 13:25:30,184500.0,100,Sell,234338322
2024-08-23 13:25:34,184500.0,100,Buy,234338459
2024-08-23 13:25:36,184500.0,500,Buy,234338515
2024-08-23 13:25:37,184500.0,1400,Buy,234338555
2024-08-23 13:25:39,184500.0,100,Sell,234338586
2024-08-23 13:25:52,184500.0,100,Sell,234338939
2024-08-23 13:25:52,184500.0,1000,Sell,234338937
2024-08-23 13:25:52,184500.0,600,Sell,234338938
2024-08-23 13:25:52,184500.0,100,Sell,234338936
2024-08-23 13:25:53,184500.0,500,Buy,234339009
2024-08-23 13:25:57,184500.0,100,Buy,234339087
2024-08-23 13:26:00,184500.0,200,Buy,234339163
2024-08-23 13:26:00,184500.0,100,Buy,234339164
2024-08-23 13:26:07,184600.0,200,Buy,234339334
2024-08-23 13:26:09,184500.0,100,Sell,234339417
2024-08-23 13:26:11,184500.0,300,Sell,234339453
2024-08-23 13:26:28,184500.0,300,Buy,234339894
2024-08-23 13:26:28,184500.0,100,Sell,234339885
2024-08-23 13:26:28,184500.0,100,Sell,234339884
2024-08-23 13:26:28,184500.0,100,Sell,234339883
2024-08-23 13:26:28,184500.0,500,Sell,234339879
2024-08-23 13:26:28,184500.0,100,Sell,234339881
2024-08-23 13:26:28,184500.0,300,Sell,234339880
2024-08-23 13:26:28,184500.0,200,Sell,234339878
2024-08-23 13:26:28,184500.0,100,Sell,234339882
2024-08-23 13:26:30,184500.0,200,Buy,234339935
2024-08-23 13:26:33,184500.0,300,Buy,234339995
2024-08-23 13:26:34,184500.0,100,Buy,234340037
2024-08-23 13:26:35,184500.0,100,Sell,234340055
2024-08-23 13:26:53,184500.0,300,Sell,234340463
2024-08-23 13:26:53,184500.0,200,Sell,234340464
2024-08-23 13:26:53,184500.0,200,Sell,234340465
2024-08-23 13:26:58,184400.0,100,Sell,234340593
2024-08-23 13:26:58,184400.0,100,Sell,234340594
2024-08-23 13:26:58,184400.0,100,Sell,234340595
2024-08-23 13:26:58,184400.0,100,Sell,234340596
2024-08-23 13:26:58,184400.0,100,Sell,234340597
2024-08-23 13:26:58,184400.0,500,Sell,234340598
2024-08-23 13:27:09,184400.0,100,Sell,234340905
2024-08-23 13:27:13,184400.0,3300,Sell,234340994
2024-08-23 13:27:13,184400.0,300,Sell,234340995
2024-08-23 13:27:13,184400.0,100,Sell,234340996
2024-08-23 13:27:13,184400.0,100,Sell,234340993
2024-08-23 13:27:13,184400.0,100,Sell,234340998
2024-08-23 13:27:13,184400.0,500,Sell,234340999
2024-08-23 13:27:13,184400.0,500,Sell,234340997
2024-08-23 13:27:13,184400.0,100,Sell,234340992
2024-08-23 13:27:13,184400.0,100,Sell,234340984
2024-08-23 13:27:13,184400.0,500,Sell,234340990
2024-08-23 13:27:13,184400.0,100,Sell,234340991
2024-08-23 13:27:13,184400.0,100,Sell,234340985
2024-08-23 13:27:13,184400.0,200,Sell,234340986
2024-08-23 13:27:13,184400.0,2300,Sell,234340983
2024-08-23 13:27:13,184400.0,500,Sell,234340988
2024-08-23 13:27:13,184400.0,100,Sell,234340989
2024-08-23 13:27:13,184400.0,500,Sell,234340987
2024-08-23 13:27:17,184400.0,200,Buy,234341071
2024-08-23 13:27:21,184400.0,100,Buy,234341166
2024-08-23 13:27:30,184400.0,300,Buy,234341411
2024-08-23 13:27:54,184400.0,100,Sell,234341954
2024-08-23 13:27:58,184500.0,600,Buy,234342021
2024-08-23 13:27:58,184500.0,100,Buy,234342022
2024-08-23 13:27:58,184500.0,100,Buy,234342023
2024-08-23 13:27:58,184500.0,200,Buy,234342024
2024-08-23 13:28:39,184400.0,100,Sell,234343089
2024-08-23 13:28:39,184500.0,800,Buy,234343094
2024-08-23 13:28:39,184500.0,100,Buy,234343095
2024-08-23 13:28:39,184500.0,100,Buy,234343096
2024-08-23 13:28:57,184500.0,100,Sell,234343619
2024-08-23 13:29:16,184600.0,100,Buy,234344315
2024-08-23 13:29:27,184500.0,400,Sell,234344714
2024-08-23 13:29:27,184500.0,600,Sell,234344715
2024-08-23 13:29:30,184500.0,100,Sell,234344809
2024-08-23 13:29:35,184600.0,100,Buy,234344982
2024-08-23 13:29:41,184600.0,100,Buy,234345148
2024-08-23 13:29:41,184500.0,100,Sell,234345149
2024-08-23 13:29:44,184500.0,100,Sell,234345344
2024-08-23 13:29:49,184500.0,100,Sell,234345519
2024-08-23 13:29:51,184600.0,400,Buy,234345688
2024-08-23 13:29:58,184600.0,100,Buy,234345883
2024-08-23 13:30:18,184600.0,100,Buy,234346609
2024-08-23 13:30:43,184500.0,100,Sell,234347717
2024-08-23 13:30:47,184500.0,100,Sell,234347888
2024-08-23 13:30:56,184600.0,2700,Buy,234348299
2024-08-23 13:31:11,184600.0,1000,Buy,234349059
2024-08-23 13:31:12,184600.0,2700,Buy,234349089
2024-08-23 13:31:13,184600.0,100,Buy,234349158
2024-08-23 13:31:13,184600.0,200,Buy,234349179
2024-08-23 13:31:15,184600.0,800,Buy,234349253
2024-08-23 13:31:15,184600.0,100,Buy,234349254
2024-08-23 13:31:15,184600.0,1000,Buy,234349255
2024-08-23 13:31:26,184600.0,100,Sell,234350031
2024-08-23 13:31:36,184700.0,500,Buy,234350526
2024-08-23 13:31:48,184600.0,100,Sell,234351350
2024-08-23 13:31:48,184600.0,300,Sell,234351351
2024-08-23 13:31:48,184500.0,100,Sell,234351352
2024-08-23 13:32:01,184600.0,500,Buy,234352158
2024-08-23 13:32:04,184600.0,100,Sell,234352297
2024-08-23 13:32:35,184700.0,100,Buy,234354389
2024-08-23 13:32:46,184700.0,100,Buy,234355009
2024-08-23 13:32:47,184600.0,100,Sell,234355055
2024-08-23 13:32:53,184600.0,200,Sell,234355540
2024-08-23 13:32:54,184700.0,300,Buy,234355546
2024-08-23 13:32:54,184700.0,100,Buy,234355547
2024-08-23 13:32:54,184700.0,500,Buy,234355548
2024-08-23 13:32:54,184700.0,300,Buy,234355549
2024-08-23 13:32:59,184600.0,100,Sell,234355832
2024-08-23 13:32:59,184600.0,100,Sell,234355833
2024-08-23 13:32:59,184700.0,100,Buy,234355859
2024-08-23 13:32:59,184700.0,100,Buy,234355860
2024-08-23 13:33:08,184700.0,100,Buy,234356502
2024-08-23 13:33:10,184800.0,500,Buy,234356676
2024-08-23 13:33:11,184700.0,100,Sell,234356757
2024-08-23 13:33:22,184700.0,100,Sell,234357690
2024-08-23 13:33:24,184600.0,500,Sell,234357867
2024-08-23 13:33:32,184600.0,500,Sell,234358304
2024-08-23 13:33:35,184800.0,200,Buy,234358571
2024-08-23 13:33:54,184600.0,100,Sell,234359850
2024-08-23 13:33:54,184600.0,100,Sell,234359851
2024-08-23 13:34:03,184800.0,200,Buy,234360516
2024-08-23 13:34:03,184800.0,1400,Buy,234360517
2024-08-23 13:34:05,184600.0,100,Sell,234360590
2024-08-23 13:34:05,184600.0,200,Sell,234360591
2024-08-23 13:34:05,184600.0,500,Sell,234360592
2024-08-23 13:34:05,184600.0,100,Sell,234360593
2024-08-23 13:34:08,184600.0,100,Buy,234360725
2024-08-23 13:34:08,184600.0,300,Buy,234360752
2024-08-23 13:34:27,184900.0,1000,Buy,234362061
2024-08-23 13:34:27,184900.0,1000,Buy,234362062
2024-08-23 13:34:36,184900.0,300,Buy,234362530
2024-08-23 13:34:39,184900.0,100,Sell,234362640
2024-08-23 13:34:41,184900.0,300,Sell,234362809
2024-08-23 13:34:50,184700.0,100,Sell,234363171
2024-08-23 13:34:56,184700.0,200,Sell,234363415
2024-08-23 13:34:57,184700.0,100,Sell,234363458
2024-08-23 13:35:14,184700.0,100,Sell,234364374
2024-08-23 13:35:37,184900.0,100,Buy,234365678
2024-08-23 13:36:08,184800.0,200,Buy,234367448
2024-08-23 13:36:27,184800.0,300,Buy,234368292
2024-08-23 13:36:42,184700.0,100,Sell,234369053
2024-08-23 13:36:47,184800.0,300,Buy,234369273
2024-08-23 13:36:54,184700.0,100,Sell,234369567
2024-08-23 13:37:05,184900.0,100,Buy,234370172
2024-08-23 13:37:05,184900.0,100,Buy,234370173
2024-08-23 13:37:05,184900.0,300,Buy,234370174
2024-08-23 13:37:13,184900.0,500,Buy,234370645
2024-08-23 13:37:14,184900.0,100,Buy,234370712
2024-08-23 13:37:22,184900.0,400,Sell,234371177
2024-08-23 13:37:51,184800.0,100,Buy,234372838
2024-08-23 13:37:54,184800.0,100,Buy,234373016
2024-08-23 13:38:02,184900.0,100,Sell,234373399
2024-08-23 13:38:02,184800.0,200,Sell,234373400
2024-08-23 13:38:23,184800.0,300,Sell,234374190
2024-08-23 13:38:30,184800.0,100,Sell,234374526
2024-08-23 13:38:43,184800.0,100,Sell,234374972
2024-08-23 13:38:43,184800.0,200,Sell,234374971
2024-08-23 13:38:45,184800.0,300,Sell,234375036
2024-08-23 13:38:50,184800.0,100,Sell,234375242
2024-08-23 13:38:58,184800.0,100,Sell,234375657
2024-08-23 13:39:03,184800.0,100,Sell,234375884
2024-08-23 13:39:12,184800.0,200,Buy,234376302
2024-08-23 13:39:18,184900.0,100,Buy,234376500
2024-08-23 13:39:23,184800.0,300,Sell,234376673
2024-08-23 13:39:43,184800.0,300,Sell,234377407
2024-08-23 13:39:47,184800.0,100,Sell,234377613
2024-08-23 13:40:03,184800.0,300,Sell,234378345
2024-08-23 13:40:24,184800.0,300,Buy,234379278
2024-08-23 13:40:29,184800.0,200,Sell,234379428
2024-08-23 13:40:29,184700.0,100,Sell,234379429
2024-08-23 13:40:34,184700.0,400,Sell,234379642
2024-08-23 13:41:02,184700.0,100,Sell,234380683
2024-08-23 13:41:04,184700.0,100,Sell,234380749
2024-08-23 13:41:55,184800.0,100,Sell,234382596
2024-08-23 13:41:58,184800.0,300,Buy,234382687
2024-08-23 13:42:10,184800.0,200,Buy,234383107
2024-08-23 13:42:15,184800.0,500,Buy,234383238
2024-08-23 13:42:15,184800.0,200,Buy,234383237
2024-08-23 13:42:21,184900.0,100,Buy,234383391
2024-08-23 13:42:21,184900.0,100,Buy,234383392
2024-08-23 13:42:21,184800.0,100,Sell,234383386
2024-08-23 13:42:24,184800.0,200,Sell,234383483
2024-08-23 13:42:30,184800.0,100,Buy,234383679
2024-08-23 13:42:44,184800.0,300,Sell,234384116
2024-08-23 13:42:44,184900.0,100,Buy,234384140
2024-08-23 13:43:04,184800.0,1400,Sell,234384931
2024-08-23 13:43:04,184800.0,300,Sell,234384895
2024-08-23 13:43:06,184700.0,100,Sell,234384977
2024-08-23 13:43:14,184800.0,100,Buy,234385223
2024-08-23 13:43:22,184800.0,100,Sell,234385506
2024-08-23 13:43:24,184800.0,300,Sell,234385559
2024-08-23 13:43:28,184800.0,100,Sell,234385690
2024-08-23 13:43:38,184800.0,100,Sell,234386048
2024-08-23 13:43:44,184800.0,300,Sell,234386222
2024-08-23 13:44:04,184800.0,300,Sell,234386813
2024-08-23 13:44:19,184800.0,500,Sell,234387320
2024-08-23 13:44:19,184800.0,100,Sell,234387327
2024-08-23 13:44:24,184800.0,500,Sell,234387430
2024-08-23 13:44:25,184800.0,300,Sell,234387431
2024-08-23 13:44:34,184800.0,300,Sell,234387716
2024-08-23 13:44:34,184800.0,100,Sell,234387717
2024-08-23 13:44:45,184800.0,100,Sell,234388041
2024-08-23 13:44:45,184800.0,200,Sell,234388042
2024-08-23 13:44:58,184700.0,200,Sell,234388447
2024-08-23 13:44:58,184700.0,200,Sell,234388448
2024-08-23 13:44:58,184700.0,100,Sell,234388449
2024-08-23 13:45:02,184700.0,400,Sell,234388692
2024-08-23 13:45:02,184700.0,100,Sell,234388693
2024-08-23 13:45:09,184700.0,100,Sell,234388879
2024-08-23 13:45:39,184800.0,100,Sell,234389934
2024-08-23 13:45:39,184800.0,100,Buy,234389931
2024-08-23 13:45:39,184800.0,100,Buy,234389932
2024-08-23 13:45:39,184800.0,1000,Buy,234389933
2024-08-23 13:45:45,184800.0,400,Sell,234390203
2024-08-23 13:46:05,184800.0,300,Sell,234390836
2024-08-23 13:46:11,184800.0,100,Sell,234391010
2024-08-23 13:46:11,184700.0,400,Sell,234391011
2024-08-23 13:46:12,184700.0,100,Sell,234391061
2024-08-23 13:46:14,184700.0,400,Sell,234391106
2024-08-23 13:46:14,184700.0,100,Sell,234391107
2024-08-23 13:46:18,184900.0,800,Buy,234391261
2024-08-23 13:46:18,184900.0,200,Buy,234391262
2024-08-23 13:46:19,184700.0,400,Sell,234391286
2024-08-23 13:46:19,184700.0,100,Sell,234391287
2024-08-23 13:46:24,184700.0,200,Sell,234391448
2024-08-23 13:46:24,184700.0,200,Sell,234391449
2024-08-23 13:46:24,184700.0,100,Sell,234391450
2024-08-23 13:47:06,184900.0,800,Buy,234392733
2024-08-23 13:47:06,184900.0,1000,Buy,234392734
2024-08-23 13:47:06,184900.0,200,Buy,234392735
2024-08-23 13:47:13,184700.0,100,Sell,234392973
2024-08-23 13:47:29,184700.0,100,Sell,234393414
2024-08-23 13:48:30,185000.0,100,Buy,234395256
2024-08-23 13:48:57,184800.0,100,Buy,234396020
2024-08-23 13:49:00,184800.0,400,Buy,234396114
2024-08-23 13:49:08,184800.0,100,Buy,234396331
2024-08-23 13:49:09,184800.0,300,Buy,234396385
2024-08-23 13:49:17,184800.0,100,Sell,234396642
2024-08-23 13:49:26,184800.0,400,Sell,234396999
2024-08-23 13:49:46,184800.0,400,Buy,234397657
2024-08-23 13:49:53,184800.0,100,Sell,234397891
2024-08-23 13:50:03,184800.0,100,Sell,234398286
2024-08-23 13:50:06,184800.0,400,Sell,234398333
2024-08-23 13:50:26,184800.0,100,Sell,234398930
2024-08-23 13:50:26,184800.0,100,Sell,234398931
2024-08-23 13:51:03,184700.0,100,Sell,234399890
2024-08-23 13:51:03,184700.0,300,Sell,234399891
2024-08-23 13:51:20,184700.0,100,Sell,234400376
2024-08-23 13:51:21,184700.0,100,Sell,234400413
2024-08-23 13:51:47,184700.0,100,Sell,234401175
2024-08-23 13:51:47,184700.0,100,Sell,234401173
2024-08-23 13:51:47,184700.0,1000,Sell,234401163
2024-08-23 13:51:47,184700.0,100,Sell,234401174
2024-08-23 13:52:14,184500.0,100,Sell,234401896
2024-08-23 13:52:14,184500.0,100,Sell,234401895
2024-08-23 13:52:14,184500.0,1000,Sell,234401898
2024-08-23 13:52:14,184500.0,100,Sell,234401899
2024-08-23 13:52:14,184500.0,100,Sell,234401900
2024-08-23 13:52:14,184500.0,100,Sell,234401901
2024-08-23 13:52:14,184500.0,100,Sell,234401902
2024-08-23 13:52:14,184500.0,400,Sell,234401904
2024-08-23 13:52:14,184500.0,400,Sell,234401905
2024-08-23 13:52:14,184500.0,400,Sell,234401906
2024-08-23 13:52:14,184500.0,100,Sell,234401907
2024-08-23 13:52:14,184500.0,400,Sell,234401908
2024-08-23 13:52:14,184500.0,1000,Sell,234401909
2024-08-23 13:52:14,184500.0,600,Sell,234401903
2024-08-23 13:52:14,184500.0,100,Sell,234401894
2024-08-23 13:52:14,184500.0,100,Sell,234401897
2024-08-23 13:52:14,184500.0,100,Sell,234401892
2024-08-23 13:52:14,184600.0,100,Sell,234401878
2024-08-23 13:52:14,184600.0,200,Sell,234401879
2024-08-23 13:52:14,184600.0,200,Sell,234401880
2024-08-23 13:52:14,184600.0,100,Sell,234401881
2024-08-23 13:52:14,184600.0,1600,Sell,234401882
2024-08-23 13:52:14,184600.0,500,Sell,234401883
2024-08-23 13:52:14,184600.0,100,Sell,234401884
2024-08-23 13:52:14,184500.0,5000,Sell,234401893
2024-08-23 13:52:14,184600.0,200,Sell,234401886
2024-08-23 13:52:14,184500.0,2900,Sell,234401891
2024-08-23 13:52:14,184600.0,100,Sell,234401890
2024-08-23 13:52:14,184600.0,500,Sell,234401885
2024-08-23 13:52:14,184600.0,11600,Sell,234401888
2024-08-23 13:52:14,184600.0,100,Sell,234401889
2024-08-23 13:52:14,184600.0,300,Sell,234401887
2024-08-23 13:52:31,184300.0,500,Sell,234402421
2024-08-23 13:52:31,184300.0,1000,Sell,234402420
2024-08-23 13:52:31,184400.0,100,Sell,234402416
2024-08-23 13:52:31,184400.0,100,Sell,234402418
2024-08-23 13:52:31,184400.0,200,Sell,234402417
2024-08-23 13:52:31,184300.0,100,Sell,234402419
2024-08-23 13:52:38,184300.0,100,Sell,234402649
2024-08-23 13:53:25,184400.0,100,Sell,234403979
2024-08-23 13:53:47,184400.0,100,Sell,234404465
2024-08-23 13:53:47,184300.0,200,Sell,234404466
2024-08-23 13:53:55,184300.0,100,Sell,234404699
2024-08-23 13:54:00,184300.0,200,Sell,234404799
2024-08-23 13:54:01,184300.0,200,Sell,234404809
2024-08-23 13:54:01,184300.0,100,Sell,234404810
2024-08-23 13:54:01,184300.0,1500,Sell,234404811
2024-08-23 13:54:03,184300.0,500,Sell,234404863
2024-08-23 13:54:03,184300.0,2500,Sell,234404864
2024-08-23 13:55:12,184400.0,100,Sell,234406668
2024-08-23 13:55:28,184400.0,100,Sell,234407100
2024-08-23 13:56:04,184600.0,1600,Buy,234408074
2024-08-23 13:56:18,184600.0,100,Buy,234408437
2024-08-23 13:56:37,184600.0,300,Buy,234408842
2024-08-23 13:56:46,184500.0,100,Sell,234409062
2024-08-23 13:56:50,184600.0,100,Buy,234409200
2024-08-23 13:56:58,184600.0,200,Buy,234409396
2024-08-23 13:57:08,184600.0,200,Buy,234409655
2024-08-23 13:57:08,184600.0,500,Buy,234409669
2024-08-23 13:57:08,184600.0,100,Buy,234409670
2024-08-23 13:57:08,184600.0,400,Buy,234409671
2024-08-23 13:57:29,184600.0,600,Buy,234410228
2024-08-23 13:57:32,184500.0,100,Sell,234410265
2024-08-23 13:57:46,184500.0,100,Sell,234410550
2024-08-23 13:58:26,184600.0,100,Sell,234411640
2024-08-23 13:58:59,184600.0,100,Buy,234412636
2024-08-23 13:59:36,184500.0,100,Sell,234413656
2024-08-23 13:59:43,184500.0,100,Sell,234413809
2024-08-23 13:59:46,184500.0,100,Sell,234413934
2024-08-23 13:59:55,184600.0,300,Buy,234414200
2024-08-23 13:59:55,184600.0,700,Buy,234414201
2024-08-23 13:59:57,184600.0,200,Buy,234414235
2024-08-23 14:00:10,184600.0,100,Buy,234414629
2024-08-23 14:00:28,184600.0,100,Buy,234415067
2024-08-23 14:00:35,184500.0,600,Sell,234415247
2024-08-23 14:00:35,184300.0,400,Sell,234415263
2024-08-23 14:00:35,184300.0,200,Sell,234415262
2024-08-23 14:00:35,184300.0,500,Sell,234415261
2024-08-23 14:00:35,184400.0,300,Sell,234415260
2024-08-23 14:00:35,184400.0,100,Sell,234415259
2024-08-23 14:00:35,184400.0,100,Sell,234415257
2024-08-23 14:00:35,184400.0,200,Sell,234415256
2024-08-23 14:00:35,184400.0,200,Sell,234415258
2024-08-23 14:00:35,184400.0,200,Sell,234415254
2024-08-23 14:00:35,184400.0,100,Sell,234415253
2024-08-23 14:00:35,184400.0,100,Sell,234415252
2024-08-23 14:00:35,184400.0,100,Sell,234415251
2024-08-23 14:00:35,184500.0,1200,Sell,234415250
2024-08-23 14:00:35,184500.0,100,Sell,234415249
2024-08-23 14:00:35,184500.0,100,Sell,234415248
2024-08-23 14:00:35,184400.0,100,Sell,234415255
2024-08-23 14:00:59,184500.0,200,Buy,234415888
2024-08-23 14:01:47,184500.0,100,Buy,234417267
2024-08-23 14:01:47,184500.0,400,Buy,234417268
2024-08-23 14:01:49,184400.0,100,Sell,234417342
2024-08-23 14:01:49,184500.0,600,Buy,234417356
2024-08-23 14:02:23,184600.0,100,Buy,234418288
2024-08-23 14:02:23,184600.0,100,Buy,234418286
2024-08-23 14:02:23,184600.0,300,Buy,234418287
2024-08-23 14:02:35,184500.0,100,Sell,234418575
2024-08-23 14:02:38,184600.0,300,Buy,234418660
2024-08-23 14:02:46,184500.0,1300,Sell,234418831
2024-08-23 14:02:46,184500.0,1000,Sell,234418832
2024-08-23 14:02:46,184500.0,300,Sell,234418833
2024-08-23 14:02:54,184500.0,100,Sell,234419007
2024-08-23 14:03:14,184400.0,300,Sell,234419485
2024-08-23 14:03:17,184600.0,200,Buy,234419543
2024-08-23 14:03:23,184600.0,100,Buy,234419675
2024-08-23 14:04:06,184500.0,200,Buy,234420756
2024-08-23 14:04:11,184500.0,100,Sell,234420860
2024-08-23 14:04:16,184500.0,200,Sell,234421017
2024-08-23 14:04:16,184400.0,200,Sell,234421018
2024-08-23 14:04:37,184600.0,300,Buy,234421676
2024-08-23 14:05:17,184500.0,100,Buy,234422861
2024-08-23 14:05:26,184500.0,900,Buy,234423093
2024-08-23 14:05:28,184500.0,100,Sell,234423154
2024-08-23 14:05:47,184500.0,300,Sell,234423651
2024-08-23 14:05:51,184500.0,1100,Sell,234423764
2024-08-23 14:05:58,184500.0,100,Sell,234423946
2024-08-23 14:06:09,184500.0,100,Sell,234424278
2024-08-23 14:06:09,184500.0,500,Sell,234424277
2024-08-23 14:06:40,184500.0,1000,Buy,234425289
2024-08-23 14:06:40,184500.0,400,Buy,234425288
2024-08-23 14:06:45,184500.0,100,Sell,234425627
2024-08-23 14:07:23,184600.0,100,Buy,234427118
2024-08-23 14:08:06,184500.0,200,Sell,234428471
2024-08-23 14:08:08,184600.0,200,Buy,234428523
2024-08-23 14:08:08,184600.0,100,Buy,234428524
2024-08-23 14:08:12,184500.0,100,Sell,234428680
2024-08-23 14:08:14,184500.0,100,Sell,234428724
2024-08-23 14:08:45,184500.0,100,Sell,234429753
2024-08-23 14:08:45,184500.0,1000,Sell,234429754
2024-08-23 14:08:45,184500.0,100,Sell,234429755
2024-08-23 14:08:47,184500.0,500,Buy,234429816
2024-08-23 14:08:56,184400.0,100,Sell,234430076
2024-08-23 14:09:19,184400.0,100,Sell,234430909
2024-08-23 14:09:44,184400.0,800,Sell,234431904
2024-08-23 14:09:52,184400.0,100,Sell,234432316
2024-08-23 14:09:56,184400.0,1200,Sell,234432461
2024-08-23 14:09:56,184400.0,300,Sell,234432462
2024-08-23 14:09:56,184400.0,100,Sell,234432463
2024-08-23 14:09:56,184400.0,1000,Sell,234432464
2024-08-23 14:09:56,184400.0,300,Sell,234432465
2024-08-23 14:10:26,184300.0,100,Sell,234433712
2024-08-23 14:10:37,184300.0,100,Sell,234434130
2024-08-23 14:10:53,184300.0,500,Sell,234434737
2024-08-23 14:10:53,184300.0,100,Sell,234434742
2024-08-23 14:10:53,184300.0,1000,Sell,234434741
2024-08-23 14:10:53,184300.0,400,Sell,234434740
2024-08-23 14:10:53,184300.0,200,Sell,234434739
2024-08-23 14:10:53,184300.0,300,Sell,234434738
2024-08-23 14:10:53,184300.0,200,Sell,234434736
2024-08-23 14:10:53,184300.0,300,Sell,234434735
2024-08-23 14:10:53,184300.0,200,Sell,234434734
2024-08-23 14:10:53,184300.0,500,Sell,234434733
2024-08-23 14:10:53,184300.0,200,Sell,234434732
2024-08-23 14:10:53,184300.0,100,Sell,234434731
2024-08-23 14:10:53,184300.0,500,Sell,234434730
2024-08-23 14:10:53,184300.0,100,Sell,234434729
2024-08-23 14:10:53,184300.0,400,Sell,234434728
2024-08-23 14:11:42,184000.0,100,Sell,234436501
2024-08-23 14:11:42,184000.0,100,Sell,234436502
2024-08-23 14:11:42,184000.0,100,Sell,234436503
2024-08-23 14:11:42,184000.0,100,Sell,234436504
2024-08-23 14:11:42,184000.0,500,Sell,234436507
2024-08-23 14:11:42,184000.0,1000,Sell,234436506
2024-08-23 14:11:42,184000.0,100,Sell,234436500
2024-08-23 14:11:42,184000.0,200,Sell,234436508
2024-08-23 14:11:42,184000.0,500,Sell,234436509
2024-08-23 14:11:42,184000.0,100,Sell,234436505
2024-08-23 14:11:42,184000.0,100,Sell,234436499
2024-08-23 14:11:42,184000.0,200,Sell,234436496
2024-08-23 14:11:42,184000.0,400,Sell,234436497
2024-08-23 14:11:42,184000.0,600,Sell,234436510
2024-08-23 14:11:42,184000.0,100,Sell,234436495
2024-08-23 14:11:42,184000.0,100,Sell,234436494
2024-08-23 14:11:42,184000.0,200,Sell,234436493
2024-08-23 14:11:42,184000.0,4000,Sell,234436492
2024-08-23 14:11:42,184000.0,200,Sell,234436491
2024-08-23 14:11:42,184000.0,300,Sell,234436490
2024-08-23 14:11:42,184000.0,100,Sell,234436489
2024-08-23 14:11:42,184000.0,100,Sell,234436488
2024-08-23 14:11:42,184000.0,100,Sell,234436498
2024-08-23 14:11:42,184000.0,200,Sell,234436511
2024-08-23 14:11:42,184000.0,100,Sell,234436531
2024-08-23 14:11:42,184000.0,2000,Sell,234436513
2024-08-23 14:11:42,184000.0,200,Sell,234436536
2024-08-23 14:11:42,184000.0,200,Sell,234436535
2024-08-23 14:11:42,184000.0,500,Sell,234436534
2024-08-23 14:11:42,184000.0,100,Sell,234436533
2024-08-23 14:11:42,184000.0,200,Sell,234436532
2024-08-23 14:11:42,184000.0,100,Sell,234436530
2024-08-23 14:11:42,184000.0,100,Sell,234436529
2024-08-23 14:11:42,184000.0,300,Sell,234436528
2024-08-23 14:11:42,184000.0,100,Sell,234436527
2024-08-23 14:11:42,184000.0,100,Sell,234436526
2024-08-23 14:11:42,184000.0,100,Sell,234436525
2024-08-23 14:11:42,184000.0,200,Sell,234436524
2024-08-23 14:11:42,184000.0,300,Sell,234436523
2024-08-23 14:11:42,184000.0,300,Sell,234436522
2024-08-23 14:11:42,184000.0,1000,Sell,234436487
2024-08-23 14:11:42,184000.0,1000,Sell,234436521
2024-08-23 14:11:42,184000.0,100,Sell,234436520
2024-08-23 14:11:42,184000.0,100,Sell,234436519
2024-08-23 14:11:42,184000.0,100,Sell,234436518
2024-08-23 14:11:42,184000.0,200,Sell,234436517
2024-08-23 14:11:42,184000.0,100,Sell,234436516
2024-08-23 14:11:42,184000.0,100,Sell,234436515
2024-08-23 14:11:42,184000.0,1000,Sell,234436514
2024-08-23 14:11:42,184000.0,100,Sell,234436512
2024-08-23 14:11:42,184000.0,100,Sell,234436486
2024-08-23 14:11:42,184100.0,100,Sell,234436448
2024-08-23 14:11:42,184000.0,100,Sell,234436484
2024-08-23 14:11:42,184100.0,100,Sell,234436456
2024-08-23 14:11:42,184100.0,200,Sell,234436455
2024-08-23 14:11:42,184100.0,100,Sell,234436454
2024-08-23 14:11:42,184100.0,100,Sell,234436453
2024-08-23 14:11:42,184100.0,600,Sell,234436452
2024-08-23 14:11:42,184100.0,500,Sell,234436451
2024-08-23 14:11:42,184100.0,600,Sell,234436450
2024-08-23 14:11:42,184100.0,100,Sell,234436449
2024-08-23 14:11:42,184100.0,500,Sell,234436447
2024-08-23 14:11:42,184200.0,400,Sell,234436446
2024-08-23 14:11:42,184200.0,200,Sell,234436445
2024-08-23 14:11:42,184200.0,1000,Sell,234436443
2024-08-23 14:11:42,184200.0,200,Sell,234436442
2024-08-23 14:11:42,184200.0,100,Sell,234436441
2024-08-23 14:11:42,184200.0,100,Sell,234436440
2024-08-23 14:11:42,184200.0,200,Sell,234436439
2024-08-23 14:11:42,184200.0,100,Sell,234436438
2024-08-23 14:11:42,184200.0,100,Sell,234436437
2024-08-23 14:11:42,184200.0,200,Sell,234436436
2024-08-23 14:11:42,184200.0,400,Sell,234436435
2024-08-23 14:11:42,184200.0,2000,Sell,234436434
2024-08-23 14:11:42,184200.0,100,Sell,234436433
2024-08-23 14:11:42,184000.0,300,Sell,234436485
2024-08-23 14:11:42,184100.0,100,Sell,234436457
2024-08-23 14:11:42,184100.0,100,Sell,234436458
2024-08-23 14:11:42,184200.0,200,Sell,234436444
2024-08-23 14:11:42,184100.0,2000,Sell,234436460
2024-08-23 14:11:42,184000.0,500,Sell,234436482
2024-08-23 14:11:42,184000.0,500,Sell,234436481
2024-08-23 14:11:42,184000.0,100,Sell,234436480
2024-08-23 14:11:42,184000.0,1000,Sell,234436479
2024-08-23 14:11:42,184000.0,200,Sell,234436478
2024-08-23 14:11:42,184000.0,500,Sell,234436477
2024-08-23 14:11:42,184000.0,1000,Sell,234436476
2024-08-23 14:11:42,184000.0,2000,Sell,234436475
2024-08-23 14:11:42,184000.0,100,Sell,234436483
2024-08-23 14:11:42,184000.0,800,Sell,234436473
2024-08-23 14:11:42,184000.0,100,Sell,234436472
2024-08-23 14:11:42,184000.0,1000,Sell,234436474
2024-08-23 14:11:42,184000.0,100,Sell,234436471
2024-08-23 14:11:42,184100.0,100,Sell,234436461
2024-08-23 14:11:42,184000.0,100,Sell,234436462
2024-08-23 14:11:42,184100.0,200,Sell,234436459
2024-08-23 14:11:42,184000.0,100,Sell,234436464
2024-08-23 14:11:42,184000.0,1000,Sell,234436465
2024-08-23 14:11:42,184000.0,100,Sell,234436463
