time,price,volume,match_type,id
2024-08-30 09:14:56,179000.0,2000,ATO/ATC,235893412
2024-08-30 09:15:01,179000.0,200,Sell,235893672
2024-08-30 09:15:01,179000.0,200,Sell,235893673
2024-08-30 09:15:20,179100.0,100,Sell,235893874
2024-08-30 09:15:20,179100.0,100,Sell,235893872
2024-08-30 09:15:20,179100.0,100,Sell,235893873
2024-08-30 09:15:47,179400.0,200,Sell,235894242
2024-08-30 09:15:47,179400.0,100,Sell,235894243
2024-08-30 09:15:50,179100.0,100,Sell,235894276
2024-08-30 09:15:50,179100.0,100,Sell,235894275
2024-08-30 09:15:50,179100.0,100,Sell,235894272
2024-08-30 09:15:50,179100.0,100,Sell,235894273
2024-08-30 09:15:50,179100.0,100,Sell,235894274
2024-08-30 09:16:05,179200.0,100,Buy,235894502
2024-08-30 09:16:10,179100.0,100,Sell,235894571
2024-08-30 09:16:21,179100.0,100,Sell,235894947
2024-08-30 09:17:13,179200.0,1300,Sell,235895666
2024-08-30 09:17:47,179100.0,200,Sell,235896139
2024-08-30 09:17:47,179100.0,200,Sell,235896140
2024-08-30 09:17:47,179100.0,2600,Sell,235896141
2024-08-30 09:17:47,179100.0,200,Sell,235896142
2024-08-30 09:17:47,179100.0,100,Sell,235896143
2024-08-30 09:18:51,178900.0,100,Buy,235897050
2024-08-30 09:19:29,178900.0,100,Buy,235897610
2024-08-30 09:20:24,178900.0,200,Buy,235898605
2024-08-30 09:21:19,178100.0,200,Sell,235899286
2024-08-30 09:21:41,178600.0,100,Buy,235899611
2024-08-30 09:22:03,178100.0,100,Sell,235900048
2024-08-30 09:24:10,178600.0,100,Buy,235902606
2024-08-30 09:24:26,178700.0,100,Buy,235902956
2024-08-30 09:24:47,178700.0,100,Buy,235903439
2024-08-30 09:25:32,178700.0,200,Sell,235904286
2024-08-30 09:25:32,178700.0,500,Sell,235904287
2024-08-30 09:25:50,178900.0,100,Buy,235904681
2024-08-30 09:25:50,178800.0,500,Buy,235904680
2024-08-30 09:25:50,178800.0,200,Buy,235904679
2024-08-30 09:25:50,178800.0,100,Buy,235904677
2024-08-30 09:25:50,178800.0,100,Buy,235904676
2024-08-30 09:25:50,178800.0,500,Buy,235904678
2024-08-30 09:26:04,178900.0,100,Buy,235904931
2024-08-30 09:26:06,178900.0,100,Buy,235904957
2024-08-30 09:26:45,178900.0,200,Buy,235905510
2024-08-30 09:26:45,178900.0,500,Buy,235905511
2024-08-30 09:26:45,178900.0,900,Buy,235905512
2024-08-30 09:27:12,178700.0,300,Buy,235905961
2024-08-30 09:27:12,178900.0,200,Buy,235905962
2024-08-30 09:28:52,179000.0,100,Buy,235907786
2024-08-30 09:29:02,179200.0,1800,Buy,235907934
2024-08-30 09:29:20,179200.0,200,Buy,235908263
2024-08-30 09:29:31,179400.0,100,Buy,235908492
2024-08-30 09:29:39,179400.0,300,Buy,235908696
2024-08-30 09:29:39,179400.0,500,Buy,235908695
2024-08-30 09:30:22,179500.0,400,Buy,235909411
2024-08-30 09:30:22,179500.0,100,Buy,235909412
2024-08-30 09:30:25,179500.0,300,Buy,235909452
2024-08-30 09:30:25,179500.0,200,Buy,235909453
2024-08-30 09:30:59,178600.0,100,Sell,235910095
2024-08-30 09:34:30,179000.0,100,Buy,235914843
2024-08-30 09:34:52,178800.0,100,Buy,235915249
2024-08-30 09:35:12,179000.0,100,Buy,235915758
2024-08-30 09:35:54,179000.0,100,Buy,235916688
2024-08-30 09:36:12,179000.0,100,Buy,235917089
2024-08-30 09:37:46,179000.0,100,Buy,235918809
2024-08-30 09:38:17,179000.0,200,Buy,235919355
2024-08-30 09:40:03,178800.0,100,Sell,235921348
2024-08-30 09:40:03,178800.0,100,Sell,235921347
2024-08-30 09:40:23,178800.0,100,Sell,235921662
2024-08-30 09:40:58,178800.0,500,Sell,235922169
2024-08-30 09:41:05,178800.0,100,Sell,235922246
2024-08-30 09:42:02,178800.0,300,Sell,235923474
2024-08-30 09:42:49,178800.0,200,Sell,235924433
2024-08-30 09:45:30,178600.0,400,Sell,235928220
2024-08-30 09:45:30,178600.0,100,Sell,235928221
2024-08-30 09:46:06,178600.0,100,Sell,235929076
2024-08-30 09:46:06,178600.0,400,Sell,235929077
2024-08-30 09:46:06,178700.0,100,Sell,235929074
2024-08-30 09:46:06,178600.0,400,Sell,235929075
2024-08-30 09:46:07,178600.0,100,Sell,235929087
2024-08-30 09:46:07,178600.0,200,Sell,235929088
2024-08-30 09:46:07,178600.0,100,Sell,235929089
2024-08-30 09:46:07,178600.0,200,Sell,235929090
2024-08-30 09:46:07,178600.0,100,Sell,235929091
2024-08-30 09:50:18,178600.0,100,Sell,235935634
2024-08-30 09:50:56,178800.0,100,Buy,235936759
2024-08-30 09:51:10,178600.0,100,Sell,235937255
2024-08-30 09:51:10,178600.0,100,Sell,235937256
2024-08-30 09:51:10,178600.0,300,Sell,235937257
2024-08-30 09:51:14,178500.0,1500,Sell,235937348
2024-08-30 09:51:14,178500.0,500,Sell,235937349
2024-08-30 09:51:14,178500.0,100,Sell,235937346
2024-08-30 09:51:14,178500.0,100,Sell,235937347
2024-08-30 09:51:17,178400.0,200,Sell,235937479
2024-08-30 09:51:17,178400.0,200,Sell,235937480
2024-08-30 09:51:34,178400.0,800,Sell,235938056
2024-08-30 09:51:46,178500.0,400,Sell,235938490
2024-08-30 09:51:51,178500.0,600,Sell,235938601
2024-08-30 09:51:57,178400.0,100,Sell,235938836
2024-08-30 09:52:10,178400.0,200,Sell,235939302
2024-08-30 09:52:46,178400.0,200,Buy,235940200
2024-08-30 09:52:46,178400.0,300,Buy,235940201
2024-08-30 09:52:52,178300.0,100,Sell,235940388
2024-08-30 09:52:52,178300.0,100,Sell,235940389
2024-08-30 09:53:54,178200.0,100,Sell,235942070
2024-08-30 09:53:56,178400.0,500,Buy,235942115
2024-08-30 09:53:56,178400.0,200,Buy,235942114
2024-08-30 09:53:56,178400.0,300,Buy,235942111
2024-08-30 09:53:56,178400.0,300,Buy,235942112
2024-08-30 09:53:56,178400.0,100,Buy,235942113
2024-08-30 09:53:57,178400.0,600,Sell,235942139
2024-08-30 09:56:11,178400.0,100,Sell,235944929
2024-08-30 09:56:46,178400.0,200,Buy,235945699
2024-08-30 09:56:57,178400.0,500,Buy,235945896
2024-08-30 09:57:46,178400.0,100,Buy,235946840
2024-08-30 09:58:03,178400.0,100,Buy,235947173
2024-08-30 09:59:31,178400.0,500,Sell,235948790
2024-08-30 10:00:27,178400.0,1000,Sell,235949931
2024-08-30 10:00:29,178400.0,500,Sell,235949960
2024-08-30 10:01:57,178400.0,100,Sell,235951787
2024-08-30 10:02:08,178500.0,200,Buy,235952054
2024-08-30 10:02:08,178500.0,100,Buy,235952055
2024-08-30 10:02:08,178500.0,100,Buy,235952053
2024-08-30 10:02:21,178500.0,200,Buy,235952368
2024-08-30 10:02:21,178500.0,300,Buy,235952369
2024-08-30 10:02:24,178400.0,100,Sell,235952393
2024-08-30 10:02:54,178400.0,100,Buy,235952988
2024-08-30 10:05:00,178400.0,300,Buy,235955549
2024-08-30 10:05:00,178400.0,100,Buy,235955550
2024-08-30 10:05:24,178400.0,100,Sell,235955936
2024-08-30 10:05:24,178400.0,100,Sell,235955937
2024-08-30 10:05:31,178200.0,100,Sell,235956061
2024-08-30 10:05:31,178200.0,100,Sell,235956060
2024-08-30 10:05:31,178300.0,100,Sell,235956059
2024-08-30 10:05:31,178300.0,100,Sell,235956057
2024-08-30 10:05:31,178300.0,200,Sell,235956056
2024-08-30 10:05:31,178300.0,100,Sell,235956055
2024-08-30 10:05:31,178300.0,100,Sell,235956058
2024-08-30 10:06:42,178400.0,200,Buy,235957293
2024-08-30 10:06:42,178400.0,300,Buy,235957294
2024-08-30 10:08:39,178400.0,600,Sell,235959239
2024-08-30 10:10:53,178400.0,200,Sell,235961386
2024-08-30 10:10:58,178400.0,400,Sell,235961463
2024-08-30 10:12:05,178400.0,200,Sell,235962412
2024-08-30 10:12:05,178400.0,100,Sell,235962410
2024-08-30 10:12:05,178400.0,100,Sell,235962411
2024-08-30 10:12:05,178400.0,300,Sell,235962407
2024-08-30 10:12:05,178400.0,100,Sell,235962408
2024-08-30 10:12:05,178400.0,100,Sell,235962409
2024-08-30 10:13:00,178500.0,100,Buy,235963431
2024-08-30 10:13:00,178400.0,100,Sell,235963436
2024-08-30 10:13:14,178400.0,200,Sell,235963643
2024-08-30 10:15:37,178500.0,100,Buy,235966007
2024-08-30 10:17:54,178500.0,200,Buy,235968130
2024-08-30 10:17:54,178500.0,100,Buy,235968128
2024-08-30 10:17:54,178500.0,300,Buy,235968126
2024-08-30 10:17:54,178500.0,100,Buy,235968129
2024-08-30 10:17:54,178500.0,100,Buy,235968124
2024-08-30 10:17:54,178500.0,100,Buy,235968123
2024-08-30 10:17:54,178500.0,500,Buy,235968122
2024-08-30 10:17:54,178500.0,100,Buy,235968125
2024-08-30 10:17:54,178500.0,300,Buy,235968127
2024-08-30 10:18:30,178500.0,100,Buy,235968537
2024-08-30 10:18:32,178500.0,500,Buy,235968573
2024-08-30 10:18:32,178500.0,700,Buy,235968567
2024-08-30 10:18:32,178500.0,100,Buy,235968568
2024-08-30 10:18:32,178500.0,100,Buy,235968569
2024-08-30 10:18:32,178500.0,300,Buy,235968570
2024-08-30 10:18:32,178500.0,1300,Buy,235968571
2024-08-30 10:18:32,178500.0,200,Buy,235968572
2024-08-30 10:18:36,178500.0,100,Buy,235968668
2024-08-30 10:18:36,178500.0,100,Buy,235968670
2024-08-30 10:18:36,178500.0,100,Buy,235968667
2024-08-30 10:18:36,178500.0,100,Buy,235968669
2024-08-30 10:18:36,178500.0,100,Buy,235968665
2024-08-30 10:18:36,178500.0,100,Buy,235968662
2024-08-30 10:18:36,178500.0,100,Buy,235968666
2024-08-30 10:18:36,178500.0,100,Buy,235968664
2024-08-30 10:18:36,178500.0,200,Buy,235968663
2024-08-30 10:18:41,178600.0,200,Buy,235968764
2024-08-30 10:19:05,178600.0,100,Buy,235969189
2024-08-30 10:19:12,178600.0,100,Buy,235969327
2024-08-30 10:19:20,178600.0,100,Buy,235969405
2024-08-30 10:19:20,178600.0,100,Buy,235969406
2024-08-30 10:22:11,178800.0,100,Buy,235972011
2024-08-30 10:22:51,178800.0,100,Buy,235972472
2024-08-30 10:22:58,178800.0,100,Buy,235972550
2024-08-30 10:23:32,178600.0,200,Sell,235973125
2024-08-30 10:23:32,178700.0,100,Sell,235973123
2024-08-30 10:23:32,178700.0,300,Sell,235973124
2024-08-30 10:27:03,178800.0,100,Buy,235976342
2024-08-30 10:27:03,178800.0,200,Buy,235976341
2024-08-30 10:28:38,178800.0,100,Sell,235977562
2024-08-30 10:29:30,179000.0,300,Buy,235978300
2024-08-30 10:30:06,179000.0,100,Buy,235978826
2024-08-30 10:30:53,179000.0,700,Buy,235979553
2024-08-30 10:31:32,179000.0,100,Buy,235980220
2024-08-30 10:31:55,179000.0,100,Buy,235980651
2024-08-30 10:32:16,179000.0,100,Buy,235981062
2024-08-30 10:32:16,179000.0,100,Buy,235981063
2024-08-30 10:32:16,179000.0,100,Buy,235981064
2024-08-30 10:32:16,179000.0,100,Buy,235981065
2024-08-30 10:32:27,179000.0,100,Sell,235981233
2024-08-30 10:34:32,179000.0,200,Sell,235983567
2024-08-30 10:34:32,179000.0,500,Sell,235983566
2024-08-30 10:35:03,179000.0,100,Sell,235984250
2024-08-30 10:35:36,179000.0,100,Buy,235984828
2024-08-30 10:35:36,179000.0,200,Buy,235984829
2024-08-30 10:35:36,179000.0,100,Buy,235984830
2024-08-30 10:35:55,179000.0,100,Sell,235985203
2024-08-30 10:36:23,179000.0,100,Buy,235985659
2024-08-30 10:36:48,179000.0,100,Sell,235986100
2024-08-30 10:39:23,178900.0,1000,Sell,235988834
2024-08-30 10:40:29,178900.0,300,Sell,235989885
2024-08-30 10:40:48,178900.0,100,Sell,235990189
2024-08-30 10:40:48,178900.0,100,Sell,235990190
2024-08-30 10:41:49,178900.0,100,Sell,235991033
2024-08-30 10:42:19,178800.0,100,Sell,235991470
2024-08-30 10:46:06,178800.0,400,Sell,235995402
2024-08-30 10:46:06,178900.0,100,Sell,235995401
2024-08-30 10:47:01,178800.0,100,Sell,235996296
2024-08-30 10:49:55,178800.0,200,Sell,235998917
2024-08-30 10:51:10,178800.0,300,Sell,235999816
2024-08-30 10:51:10,178800.0,100,Sell,235999817
2024-08-30 10:51:20,178800.0,100,Sell,235999938
2024-08-30 10:52:40,178800.0,100,Sell,236000993
2024-08-30 10:53:24,178800.0,100,Sell,236001504
2024-08-30 10:54:16,178800.0,100,Sell,236002277
2024-08-30 10:55:19,178800.0,100,Sell,236003141
2024-08-30 10:56:41,178800.0,100,Sell,236004190
2024-08-30 11:02:22,179000.0,100,Buy,236008215
2024-08-30 11:02:22,179000.0,100,Buy,236008214
2024-08-30 11:02:22,179000.0,100,Buy,236008213
2024-08-30 11:02:22,179000.0,100,Buy,236008212
2024-08-30 11:02:22,179000.0,100,Buy,236008211
2024-08-30 11:02:22,179000.0,100,Buy,236008209
2024-08-30 11:02:22,179000.0,100,Buy,236008206
2024-08-30 11:02:22,179000.0,100,Buy,236008210
2024-08-30 11:02:22,179000.0,100,Buy,236008208
2024-08-30 11:02:22,179000.0,100,Buy,236008207
2024-08-30 11:03:12,179000.0,100,Buy,236008806
2024-08-30 11:04:27,179000.0,900,Buy,236009761
2024-08-30 11:04:27,179000.0,100,Buy,236009762
2024-08-30 11:05:19,179000.0,100,Buy,236010475
2024-08-30 11:05:22,179000.0,100,Buy,236010518
2024-08-30 11:05:36,179000.0,100,Buy,236010695
2024-08-30 11:06:00,179000.0,500,Sell,236010976
2024-08-30 11:06:07,179000.0,400,Sell,236011040
2024-08-30 11:07:36,179000.0,100,Buy,236012134
2024-08-30 11:07:40,179000.0,100,Buy,236012191
2024-08-30 11:08:15,179000.0,100,Buy,236012676
2024-08-30 11:08:45,179000.0,100,Sell,236013002
2024-08-30 11:14:18,179000.0,100,Sell,236017433
2024-08-30 11:17:04,179100.0,100,Buy,236019509
2024-08-30 11:21:05,179100.0,100,Buy,236022261
2024-08-30 11:24:18,179100.0,100,Buy,236024409
2024-08-30 11:25:19,179000.0,100,Sell,236025086
2024-08-30 11:25:19,179000.0,100,Sell,236025087
2024-08-30 11:25:19,179000.0,100,Sell,236025088
2024-08-30 11:25:36,179000.0,100,Sell,236025313
2024-08-30 11:25:54,179000.0,200,Sell,236025467
2024-08-30 11:26:13,179000.0,100,Sell,236025684
2024-08-30 11:26:48,179000.0,100,Sell,236026109
2024-08-30 11:26:48,179000.0,100,Sell,236026110
2024-08-30 11:27:53,179000.0,100,Sell,236027054
2024-08-30 11:27:53,179000.0,100,Sell,236027055
2024-08-30 11:29:34,179000.0,200,Sell,236028239
2024-08-30 13:00:01,179000.0,400,Sell,236030336
2024-08-30 13:00:01,179000.0,100,Sell,236030334
2024-08-30 13:00:01,179000.0,200,Sell,236030333
2024-08-30 13:00:01,179000.0,100,Sell,236030335
2024-08-30 13:00:05,179100.0,100,Buy,236030731
2024-08-30 13:00:05,179100.0,100,Buy,236030772
2024-08-30 13:00:35,179000.0,200,Sell,236032007
2024-08-30 13:01:04,179000.0,100,Sell,236032582
2024-08-30 13:01:14,179000.0,100,Sell,236032899
2024-08-30 13:02:33,179000.0,100,Sell,236034318
2024-08-30 13:02:35,179000.0,100,Sell,236034334
2024-08-30 13:02:35,179000.0,100,Sell,236034335
2024-08-30 13:02:55,179000.0,200,Sell,236034777
2024-08-30 13:03:35,179000.0,100,Sell,236035563
2024-08-30 13:03:35,179000.0,100,Sell,236035564
2024-08-30 13:03:46,179000.0,400,Buy,236035755
2024-08-30 13:03:56,179000.0,100,Buy,236035907
2024-08-30 13:04:04,178900.0,100,Sell,236036025
2024-08-30 13:04:36,178900.0,100,Sell,236036671
2024-08-30 13:04:51,178900.0,300,Sell,236036935
2024-08-30 13:05:19,179000.0,300,Buy,236037374
2024-08-30 13:05:35,179000.0,100,Sell,236037642
2024-08-30 13:05:49,179000.0,100,Sell,236037961
2024-08-30 13:06:16,179000.0,100,Sell,236038448
2024-08-30 13:07:06,179000.0,100,Sell,236039430
2024-08-30 13:07:57,179000.0,200,Sell,236040497
2024-08-30 13:08:27,179100.0,100,Buy,236041104
2024-08-30 13:08:27,179100.0,100,Buy,236041105
2024-08-30 13:08:37,179100.0,300,Buy,236041459
2024-08-30 13:08:37,179100.0,300,Buy,236041458
2024-08-30 13:08:37,179100.0,100,Buy,236041457
2024-08-30 13:08:37,179100.0,100,Buy,236041456
2024-08-30 13:08:37,179000.0,100,Sell,236041451
2024-08-30 13:08:50,179200.0,100,Buy,236041763
2024-08-30 13:08:50,179200.0,500,Buy,236041762
2024-08-30 13:09:03,179300.0,100,Buy,236041971
2024-08-30 13:09:11,179300.0,900,Buy,236042151
2024-08-30 13:09:11,179300.0,100,Buy,236042152
2024-08-30 13:09:48,179300.0,100,Buy,236042975
2024-08-30 13:09:58,179300.0,100,Buy,236043292
2024-08-30 13:10:09,179200.0,100,Sell,236043681
2024-08-30 13:10:23,179200.0,500,Sell,236044006
2024-08-30 13:11:08,179300.0,100,Buy,236045090
2024-08-30 13:11:41,179200.0,100,Sell,236045777
2024-08-30 13:11:51,179200.0,100,Sell,236045989
2024-08-30 13:12:05,179200.0,400,Sell,236046402
2024-08-30 13:12:55,179300.0,200,Buy,236047429
2024-08-30 13:12:55,179300.0,100,Buy,236047428
2024-08-30 13:12:55,179300.0,100,Buy,236047426
2024-08-30 13:12:55,179300.0,200,Buy,236047427
2024-08-30 13:12:55,179300.0,400,Buy,236047425
2024-08-30 13:13:06,179300.0,200,Buy,236047666
2024-08-30 13:13:13,179200.0,100,Sell,236047862
2024-08-30 13:13:23,179300.0,100,Buy,236048087
2024-08-30 13:13:44,179400.0,100,Buy,236048734
2024-08-30 13:13:57,179500.0,500,Buy,236048995
2024-08-30 13:13:57,179500.0,400,Buy,236048996
2024-08-30 13:14:12,179600.0,500,Buy,236049408
2024-08-30 13:14:23,179700.0,500,Buy,236049633
2024-08-30 13:14:25,179700.0,100,Sell,236049662
2024-08-30 13:14:32,179700.0,100,Buy,236049775
2024-08-30 13:14:40,179500.0,200,Sell,236050017
2024-08-30 13:14:45,179500.0,100,Sell,236050121
2024-08-30 13:14:55,179500.0,100,Sell,236050361
2024-08-30 13:15:33,179500.0,200,Sell,236051505
2024-08-30 13:15:43,179500.0,100,Sell,236051806
2024-08-30 13:16:07,179500.0,100,Buy,236052628
2024-08-30 13:16:07,179500.0,100,Buy,236052629
2024-08-30 13:16:13,179500.0,100,Sell,236052796
2024-08-30 13:16:17,179400.0,100,Sell,236052911
2024-08-30 13:16:20,179400.0,100,Sell,236052977
2024-08-30 13:16:45,179400.0,100,Sell,236053629
2024-08-30 13:17:32,179400.0,100,Buy,236054962
2024-08-30 13:17:50,179300.0,100,Sell,236055367
2024-08-30 13:17:54,179300.0,100,Buy,236055450
2024-08-30 13:18:13,179200.0,100,Sell,236055973
2024-08-30 13:18:25,179200.0,200,Sell,236056302
2024-08-30 13:18:47,179300.0,200,Buy,236056858
2024-08-30 13:18:58,179400.0,1000,Buy,236057157
2024-08-30 13:18:58,179500.0,900,Buy,236057158
2024-08-30 13:18:58,179500.0,200,Buy,236057159
2024-08-30 13:18:58,179500.0,100,Buy,236057160
2024-08-30 13:19:20,179500.0,200,Sell,236057696
2024-08-30 13:19:24,179500.0,100,Sell,236057812
2024-08-30 13:19:27,179800.0,200,Buy,236057883
2024-08-30 13:19:27,179800.0,100,Buy,236057881
2024-08-30 13:19:27,179800.0,100,Buy,236057882
2024-08-30 13:19:27,179800.0,200,Buy,236057880
2024-08-30 13:19:27,179600.0,300,Buy,236057875
2024-08-30 13:19:27,179700.0,1000,Buy,236057878
2024-08-30 13:19:27,179800.0,1000,Buy,236057879
2024-08-30 13:19:27,179600.0,300,Buy,236057874
2024-08-30 13:19:27,179700.0,200,Buy,236057877
2024-08-30 13:19:27,179700.0,200,Buy,236057876
2024-08-30 13:19:41,179900.0,100,Sell,236058264
2024-08-30 13:19:49,179900.0,100,Sell,236058489
2024-08-30 13:19:50,179900.0,1200,Sell,236058519
2024-08-30 13:20:48,180000.0,100,Buy,236060092
2024-08-30 13:20:48,180000.0,1000,Buy,236060091
2024-08-30 13:20:48,180000.0,200,Buy,236060090
2024-08-30 13:20:48,180000.0,100,Buy,236060089
2024-08-30 13:20:48,180000.0,100,Buy,236060088
2024-08-30 13:20:48,180000.0,2600,Buy,236060087
2024-08-30 13:20:48,180000.0,200,Buy,236060086
2024-08-30 13:20:48,180000.0,800,Buy,236060085
2024-08-30 13:20:48,180000.0,1400,Buy,236060084
2024-08-30 13:20:48,180000.0,100,Buy,236060083
2024-08-30 13:20:48,180000.0,200,Buy,236060081
2024-08-30 13:20:48,180000.0,300,Buy,236060080
2024-08-30 13:20:48,180000.0,100,Buy,236060079
2024-08-30 13:20:48,180000.0,100,Buy,236060078
2024-08-30 13:20:48,180000.0,500,Buy,236060077
2024-08-30 13:20:48,180000.0,100,Buy,236060076
2024-08-30 13:20:48,179900.0,100,Buy,236060075
2024-08-30 13:20:48,179900.0,300,Buy,236060074
2024-08-30 13:20:48,180000.0,100,Buy,236060082
2024-08-30 13:20:56,180000.0,100,Sell,236060312
2024-08-30 13:21:06,180000.0,100,Sell,236060599
2024-08-30 13:21:21,180000.0,100,Sell,236061074
2024-08-30 13:21:25,180400.0,200,Buy,236061154
2024-08-30 13:21:28,180500.0,3000,Buy,236061239
2024-08-30 13:21:28,180500.0,500,Buy,236061240
2024-08-30 13:21:40,180600.0,100,Buy,236061602
2024-08-30 13:21:49,180700.0,100,Buy,236061800
2024-08-30 13:21:49,180700.0,200,Buy,236061806
2024-08-30 13:21:57,180600.0,500,Buy,236061996
2024-08-30 13:22:13,180400.0,100,Buy,236062384
2024-08-30 13:22:13,180400.0,400,Buy,236062385
2024-08-30 13:22:23,180500.0,200,Buy,236062653
2024-08-30 13:22:23,180500.0,400,Buy,236062654
2024-08-30 13:22:23,180500.0,200,Buy,236062655
2024-08-30 13:22:29,180400.0,100,Sell,236062764
2024-08-30 13:22:30,180000.0,100,Sell,236062795
2024-08-30 13:22:35,180400.0,400,Buy,236062961
2024-08-30 13:22:35,180400.0,400,Buy,236062960
2024-08-30 13:22:37,180400.0,200,Sell,236062989
2024-08-30 13:22:50,180300.0,100,Buy,236063410
2024-08-30 13:23:08,180300.0,200,Buy,236063932
2024-08-30 13:23:47,180400.0,100,Buy,236064866
2024-08-30 13:23:51,180400.0,100,Sell,236064955
2024-08-30 13:23:51,180600.0,500,Buy,236064956
2024-08-30 13:23:51,180600.0,1300,Buy,236064957
2024-08-30 13:24:03,180400.0,100,Sell,236065214
2024-08-30 13:24:03,180500.0,1000,Buy,236065215
2024-08-30 13:24:29,180400.0,600,Sell,236065768
2024-08-30 13:24:29,180500.0,100,Buy,236065769
2024-08-30 13:24:33,180500.0,700,Buy,236065864
2024-08-30 13:24:33,180500.0,200,Buy,236065862
2024-08-30 13:24:33,180500.0,200,Buy,236065863
2024-08-30 13:24:34,180500.0,300,Buy,236065867
2024-08-30 13:24:34,180500.0,200,Sell,236065878
2024-08-30 13:24:43,180500.0,100,Sell,236066058
2024-08-30 13:24:46,180500.0,100,Sell,236066124
2024-08-30 13:24:55,180500.0,100,Buy,236066360
2024-08-30 13:25:02,180300.0,500,Sell,236066504
2024-08-30 13:25:02,180300.0,500,Sell,236066505
2024-08-30 13:25:02,180100.0,2000,Sell,236066506
2024-08-30 13:25:35,180100.0,200,Sell,236067235
2024-08-30 13:25:37,180100.0,100,Sell,236067276
2024-08-30 13:25:56,180000.0,700,Sell,236067669
2024-08-30 13:25:56,180100.0,100,Sell,236067667
2024-08-30 13:25:56,180000.0,1200,Sell,236067668
2024-08-30 13:26:23,180000.0,200,Sell,236068269
2024-08-30 13:26:24,180000.0,1600,Sell,236068349
2024-08-30 13:26:54,180300.0,1000,Buy,236068943
2024-08-30 13:26:54,180300.0,200,Buy,236068944
2024-08-30 13:26:54,180400.0,200,Buy,236068945
2024-08-30 13:26:54,180400.0,200,Buy,236068946
2024-08-30 13:26:54,180400.0,100,Buy,236068947
2024-08-30 13:26:54,180400.0,100,Buy,236068948
2024-08-30 13:26:54,180500.0,200,Buy,236068949
2024-08-30 13:27:11,180000.0,100,Sell,236069337
2024-08-30 13:28:04,180000.0,100,Sell,236070451
2024-08-30 13:28:21,180000.0,100,Sell,236070838
2024-08-30 13:28:45,180000.0,100,Sell,236071357
2024-08-30 13:29:11,180000.0,1000,Sell,236072283
2024-08-30 13:29:12,180000.0,1600,Sell,236072296
2024-08-30 13:29:26,180000.0,100,Sell,236072598
2024-08-30 13:29:27,180000.0,2400,Sell,236072624
2024-08-30 13:29:27,180000.0,800,Sell,236072625
2024-08-30 13:29:44,180000.0,200,Sell,236072888
2024-08-30 13:30:20,180000.0,100,Sell,236073708
2024-08-30 13:30:22,180000.0,200,Sell,236073771
2024-08-30 13:30:50,180000.0,300,Sell,236074416
2024-08-30 13:30:50,180000.0,100,Sell,236074417
2024-08-30 13:31:25,180000.0,100,Sell,236075333
2024-08-30 13:31:34,180000.0,100,Sell,236075515
2024-08-30 13:31:56,179800.0,100,Sell,236076152
2024-08-30 13:33:06,179900.0,100,Sell,236077586
2024-08-30 13:33:06,179900.0,100,Sell,236077585
2024-08-30 13:33:31,180000.0,900,Buy,236078310
2024-08-30 13:33:31,180000.0,100,Buy,236078311
2024-08-30 13:33:31,180000.0,300,Buy,236078312
2024-08-30 13:33:31,180000.0,100,Buy,236078313
2024-08-30 13:33:31,180000.0,100,Sell,236078368
2024-08-30 13:34:33,180000.0,100,Sell,236079595
2024-08-30 13:34:39,180000.0,300,Sell,236079732
2024-08-30 13:34:42,180000.0,1100,Sell,236079769
2024-08-30 13:34:54,180000.0,900,Buy,236080070
2024-08-30 13:34:54,180000.0,100,Buy,236080071
2024-08-30 13:34:54,180000.0,100,Buy,236080072
2024-08-30 13:35:06,180000.0,100,Sell,236080253
2024-08-30 13:35:11,180000.0,500,Sell,236080315
2024-08-30 13:35:24,180000.0,1000,Sell,236080624
2024-08-30 13:36:14,180000.0,100,Sell,236081633
2024-08-30 13:36:40,180000.0,100,Buy,236082249
2024-08-30 13:36:40,180000.0,100,Buy,236082250
2024-08-30 13:36:43,180000.0,100,Sell,236082325
2024-08-30 13:37:39,180000.0,100,Sell,236083437
2024-08-30 13:37:39,180000.0,200,Sell,236083438
2024-08-30 13:37:39,180000.0,700,Sell,236083436
2024-08-30 13:38:07,180000.0,200,Sell,236083967
2024-08-30 13:38:13,180000.0,100,Sell,236084094
2024-08-30 13:38:19,180000.0,100,Sell,236084238
2024-08-30 13:38:22,180000.0,300,Sell,236084343
2024-08-30 13:38:42,180000.0,600,Sell,236084684
2024-08-30 13:38:42,180000.0,400,Sell,236084688
2024-08-30 13:39:17,180000.0,300,Sell,236085423
2024-08-30 13:39:39,180000.0,100,Sell,236085859
2024-08-30 13:39:46,180000.0,200,Sell,236086014
2024-08-30 13:39:48,180000.0,100,Sell,236086040
2024-08-30 13:39:49,180000.0,400,Sell,236086066
2024-08-30 13:39:55,179900.0,100,Sell,236086209
2024-08-30 13:40:58,180000.0,200,Buy,236087788
2024-08-30 13:40:58,180000.0,100,Buy,236087789
2024-08-30 13:41:09,180000.0,700,Sell,236088040
2024-08-30 13:41:29,180000.0,200,Sell,236088480
2024-08-30 13:41:32,180000.0,100,Sell,236088538
2024-08-30 13:42:06,180000.0,700,Sell,236089381
2024-08-30 13:42:06,180000.0,300,Sell,236089382
2024-08-30 13:43:09,179900.0,100,Sell,236090882
2024-08-30 13:43:21,180000.0,100,Buy,236091113
2024-08-30 13:43:21,180000.0,100,Buy,236091111
2024-08-30 13:43:21,180000.0,200,Buy,236091112
2024-08-30 13:44:15,180000.0,300,Sell,236092323
2024-08-30 13:44:30,180000.0,400,Sell,236092634
2024-08-30 13:44:35,180000.0,900,Sell,236092744
2024-08-30 13:44:35,180000.0,100,Sell,236092745
2024-08-30 13:44:47,180000.0,100,Sell,236092993
2024-08-30 13:44:50,180000.0,200,Sell,236093038
2024-08-30 13:45:01,180000.0,100,Sell,236093342
2024-08-30 13:45:24,180000.0,100,Sell,236093877
2024-08-30 13:45:36,180000.0,500,Sell,236094074
2024-08-30 13:46:26,180000.0,100,Sell,236095234
2024-08-30 13:46:30,180000.0,100,Sell,236095311
2024-08-30 13:46:34,180000.0,100,Sell,236095395
2024-08-30 13:46:34,180000.0,300,Sell,236095394
2024-08-30 13:46:37,180000.0,500,Buy,236095450
2024-08-30 13:46:51,180000.0,100,Buy,236095733
2024-08-30 13:46:58,180000.0,400,Sell,236095875
2024-08-30 13:47:10,180000.0,500,Buy,236096137
2024-08-30 13:47:21,180000.0,100,Buy,236096434
2024-08-30 13:47:43,180000.0,100,Sell,236097034
2024-08-30 13:48:04,180000.0,100,Sell,236097598
2024-08-30 13:48:11,180000.0,200,Sell,236097760
2024-08-30 13:48:47,180000.0,400,Sell,236098863
2024-08-30 13:48:55,180000.0,1000,Sell,236099059
2024-08-30 13:49:28,180000.0,100,Sell,236099771
2024-08-30 13:49:43,180000.0,100,Sell,236100180
2024-08-30 13:49:51,180000.0,100,Sell,236100443
2024-08-30 13:50:53,180000.0,100,Sell,236101748
2024-08-30 13:50:53,180000.0,100,Sell,236101747
2024-08-30 13:50:53,180000.0,800,Sell,236101749
2024-08-30 13:50:59,180000.0,200,Sell,236101891
2024-08-30 13:51:17,180100.0,900,Buy,236102348
2024-08-30 13:51:23,180000.0,100,Sell,236102449
2024-08-30 13:51:32,180000.0,100,Sell,236102638
2024-08-30 13:51:42,180000.0,500,Sell,236102837
2024-08-30 13:52:21,180000.0,200,Sell,236103779
2024-08-30 13:52:46,180000.0,100,Sell,236104368
2024-08-30 13:52:47,180000.0,100,Sell,236104374
2024-08-30 13:52:47,180000.0,1000,Sell,236104375
2024-08-30 13:52:47,180000.0,200,Sell,236104376
2024-08-30 13:52:48,180000.0,100,Buy,236104433
2024-08-30 13:53:02,180000.0,100,Sell,236104746
2024-08-30 13:53:13,180000.0,200,Sell,236105009
2024-08-30 13:53:18,180100.0,100,Buy,236105089
2024-08-30 13:53:31,180000.0,100,Sell,236105337
2024-08-30 13:54:07,180000.0,100,Sell,236106119
2024-08-30 13:54:24,180100.0,500,Buy,236106452
2024-08-30 13:54:37,180100.0,400,Buy,236106694
2024-08-30 13:54:37,180100.0,300,Buy,236106695
2024-08-30 13:54:37,180100.0,100,Buy,236106696
2024-08-30 13:54:37,180100.0,100,Buy,236106697
2024-08-30 13:54:43,180100.0,100,Sell,236106794
2024-08-30 13:54:53,180100.0,100,Sell,236106984
2024-08-30 13:55:11,180100.0,200,Sell,236107361
2024-08-30 13:55:39,180100.0,200,Sell,236108008
2024-08-30 13:55:40,180100.0,800,Sell,236108029
2024-08-30 13:56:24,180000.0,100,Sell,236108960
2024-08-30 13:56:34,180000.0,100,Sell,236109204
2024-08-30 13:56:35,180000.0,200,Sell,236109236
2024-08-30 13:56:58,180000.0,500,Sell,236109826
2024-08-30 13:57:24,180000.0,200,Sell,236110413
2024-08-30 13:57:25,180000.0,1100,Sell,236110437
2024-08-30 13:57:25,180000.0,100,Sell,236110438
2024-08-30 13:57:25,180000.0,100,Sell,236110439
2024-08-30 13:57:25,180000.0,100,Sell,236110440
2024-08-30 13:57:25,180000.0,100,Sell,236110441
2024-08-30 13:57:25,180000.0,100,Sell,236110442
2024-08-30 13:57:25,180000.0,1000,Sell,236110443
2024-08-30 13:57:25,180000.0,500,Sell,236110444
2024-08-30 13:57:25,180000.0,100,Sell,236110445
2024-08-30 13:57:48,180000.0,100,Sell,236110925
2024-08-30 13:58:06,179900.0,100,Sell,236111315
2024-08-30 13:58:14,179900.0,100,Sell,236111456
2024-08-30 13:58:25,179900.0,100,Sell,236111748
2024-08-30 13:58:29,179900.0,500,Sell,236111859
2024-08-30 13:58:44,179900.0,300,Sell,236112116
2024-08-30 13:59:12,180000.0,100,Buy,236112761
2024-08-30 13:59:12,180000.0,500,Buy,236112762
2024-08-30 13:59:12,180000.0,100,Buy,236112763
2024-08-30 13:59:12,180000.0,100,Buy,236112764
2024-08-30 13:59:49,180000.0,100,Sell,236113603
2024-08-30 13:59:53,180000.0,200,Sell,236113692
2024-08-30 13:59:55,180000.0,200,Sell,236113721
2024-08-30 13:59:59,180000.0,100,Sell,236113812
2024-08-30 14:00:00,180000.0,300,Sell,236113832
2024-08-30 14:00:28,180000.0,200,Sell,236114431
2024-08-30 14:01:32,180000.0,100,Sell,236115837
2024-08-30 14:02:35,180000.0,100,Buy,236117204
2024-08-30 14:03:16,179900.0,100,Sell,236118302
2024-08-30 14:04:59,179900.0,100,Sell,236121206
2024-08-30 14:05:27,180000.0,100,Buy,236122165
2024-08-30 14:05:27,180000.0,100,Buy,236122166
2024-08-30 14:05:50,180000.0,100,Buy,236122790
2024-08-30 14:05:50,180000.0,300,Buy,236122791
2024-08-30 14:05:50,180100.0,200,Buy,236122792
2024-08-30 14:05:50,180100.0,200,Buy,236122793
2024-08-30 14:05:50,180100.0,700,Buy,236122794
2024-08-30 14:06:47,180000.0,100,Sell,236124367
2024-08-30 14:07:16,180100.0,100,Buy,236125108
2024-08-30 14:07:16,180100.0,300,Buy,236125106
2024-08-30 14:07:16,180100.0,100,Buy,236125107
2024-08-30 14:07:49,180000.0,700,Sell,236125983
2024-08-30 14:08:34,180100.0,100,Sell,236127422
2024-08-30 14:08:47,180100.0,100,Sell,236127706
2024-08-30 14:09:39,180100.0,100,Sell,236129257
2024-08-30 14:10:14,180100.0,200,Sell,236130457
2024-08-30 14:10:19,180100.0,300,Sell,236130543
2024-08-30 14:10:19,180000.0,400,Sell,236130544
2024-08-30 14:10:21,180000.0,100,Sell,236130645
2024-08-30 14:10:23,180000.0,100,Sell,236130688
2024-08-30 14:10:23,180000.0,500,Sell,236130685
2024-08-30 14:10:23,180000.0,300,Sell,236130687
2024-08-30 14:10:23,180000.0,100,Sell,236130683
2024-08-30 14:10:23,180000.0,1000,Sell,236130684
2024-08-30 14:10:23,180000.0,800,Sell,236130681
2024-08-30 14:10:23,180000.0,2000,Sell,236130686
2024-08-30 14:10:23,180000.0,200,Sell,236130682
2024-08-30 14:11:07,180000.0,200,Sell,236132233
2024-08-30 14:11:11,180000.0,100,Sell,236132355
2024-08-30 14:11:51,180000.0,2000,Sell,236133513
2024-08-30 14:11:51,180000.0,200,Sell,236133514
2024-08-30 14:11:51,180000.0,200,Sell,236133515
2024-08-30 14:12:07,180000.0,2600,Buy,236134076
2024-08-30 14:12:09,180000.0,100,Sell,236134127
2024-08-30 14:12:35,180000.0,300,Sell,236135086
2024-08-30 14:13:10,180000.0,600,Buy,236136207
2024-08-30 14:13:10,180000.0,1200,Buy,236136205
2024-08-30 14:13:10,180000.0,100,Buy,236136206
2024-08-30 14:13:13,180000.0,600,Sell,236136330
2024-08-30 14:13:14,180000.0,400,Sell,236136381
2024-08-30 14:13:20,180000.0,100,Sell,236136563
2024-08-30 14:13:31,179900.0,400,Sell,236137018
2024-08-30 14:13:31,179900.0,100,Sell,236137019
2024-08-30 14:13:31,179900.0,100,Sell,236137020
2024-08-30 14:13:31,179900.0,100,Sell,236137021
2024-08-30 14:13:32,180000.0,900,Buy,236137041
2024-08-30 14:13:32,180000.0,300,Buy,236137042
2024-08-30 14:13:32,180000.0,800,Buy,236137043
2024-08-30 14:13:33,179900.0,300,Sell,236137076
2024-08-30 14:13:33,179900.0,100,Sell,236137077
2024-08-30 14:13:51,180000.0,100,Buy,236137996
2024-08-30 14:13:51,180000.0,1000,Buy,236137995
2024-08-30 14:13:51,180000.0,700,Buy,236137993
2024-08-30 14:13:51,180000.0,200,Buy,236137994
2024-08-30 14:13:51,180000.0,200,Buy,236137992
2024-08-30 14:13:53,180000.0,400,Sell,236138032
2024-08-30 14:13:56,180000.0,100,Sell,236138151
2024-08-30 14:14:18,180100.0,100,Buy,236139051
2024-08-30 14:14:27,180000.0,300,Sell,236139336
2024-08-30 14:14:47,179900.0,100,Sell,236140387
2024-08-30 14:15:07,179900.0,500,Buy,236141006
2024-08-30 14:15:08,179900.0,1800,Sell,236141028
2024-08-30 14:15:16,180000.0,700,Buy,236141455
2024-08-30 14:15:16,180000.0,100,Buy,236141456
2024-08-30 14:15:16,180000.0,300,Buy,236141457
2024-08-30 14:15:16,180000.0,100,Buy,236141458
2024-08-30 14:15:16,180000.0,800,Buy,236141459
2024-08-30 14:15:24,180000.0,100,Buy,236141800
2024-08-30 14:15:43,180000.0,100,Sell,236142656
2024-08-30 14:15:53,180000.0,100,Sell,236143088
2024-08-30 14:16:17,180100.0,100,Buy,236143955
2024-08-30 14:17:05,180000.0,500,Sell,236146130
2024-08-30 14:17:46,180000.0,100,Sell,236147592
2024-08-30 14:17:50,180000.0,200,Sell,236147753
2024-08-30 14:17:51,180000.0,100,Sell,236147771
2024-08-30 14:17:51,180000.0,500,Sell,236147783
2024-08-30 14:18:18,180000.0,200,Sell,236148759
2024-08-30 14:18:19,180000.0,500,Sell,236148805
2024-08-30 14:18:34,180000.0,500,Sell,236149334
2024-08-30 14:18:35,180000.0,100,Sell,236149372
2024-08-30 14:18:35,180000.0,100,Sell,236149371
2024-08-30 14:18:35,180000.0,100,Sell,236149370
2024-08-30 14:18:35,180000.0,100,Sell,236149369
2024-08-30 14:18:35,180000.0,100,Sell,236149367
2024-08-30 14:18:35,180000.0,200,Sell,236149366
2024-08-30 14:18:35,180000.0,100,Sell,236149365
2024-08-30 14:18:35,180000.0,100,Sell,236149364
2024-08-30 14:18:35,180000.0,100,Sell,236149368
2024-08-30 14:19:06,179900.0,700,Sell,236150436
2024-08-30 14:19:06,179900.0,200,Sell,236150437
2024-08-30 14:19:06,179900.0,100,Sell,236150438
2024-08-30 14:19:06,179800.0,200,Sell,236150439
2024-08-30 14:19:19,180000.0,700,Buy,236150979
2024-08-30 14:19:19,180000.0,400,Buy,236150978
2024-08-30 14:19:19,180000.0,100,Buy,236150980
2024-08-30 14:19:19,180000.0,500,Buy,236150976
2024-08-30 14:19:19,180000.0,1100,Buy,236150975
2024-08-30 14:19:19,180000.0,100,Buy,236150977
2024-08-30 14:19:27,180000.0,100,Sell,236151309
2024-08-30 14:19:27,179800.0,1100,Sell,236151310
2024-08-30 14:19:50,180000.0,100,Buy,236152168
2024-08-30 14:19:50,180000.0,1000,Buy,236152169
2024-08-30 14:19:50,180000.0,700,Buy,236152170
2024-08-30 14:19:53,180000.0,100,Sell,236152263
2024-08-30 14:19:53,180000.0,400,Sell,236152288
2024-08-30 14:19:54,180000.0,300,Sell,236152303
2024-08-30 14:19:55,180000.0,300,Sell,236152360
2024-08-30 14:19:58,180000.0,100,Sell,236152492
2024-08-30 14:20:12,180000.0,200,Buy,236152949
2024-08-30 14:20:13,180000.0,300,Sell,236152951
2024-08-30 14:20:14,180000.0,500,Sell,236153021
2024-08-30 14:20:36,180000.0,100,Sell,236154062
2024-08-30 14:20:37,180000.0,100,Sell,236154098
2024-08-30 14:20:37,180000.0,100,Sell,236154100
2024-08-30 14:20:37,180000.0,1900,Sell,236154097
2024-08-30 14:20:37,180000.0,100,Sell,236154099
2024-08-30 14:20:49,180000.0,100,Sell,236154740
2024-08-30 14:20:49,180000.0,100,Sell,236154741
2024-08-30 14:21:07,180000.0,1600,Buy,236155419
2024-08-30 14:21:07,180000.0,400,Buy,236155420
2024-08-30 14:21:21,180000.0,100,Buy,236156004
2024-08-30 14:21:56,180000.0,100,Buy,236157264
2024-08-30 14:21:57,180000.0,1000,Buy,236157292
2024-08-30 14:21:57,180000.0,800,Buy,236157293
2024-08-30 14:21:57,180000.0,400,Buy,236157290
2024-08-30 14:21:57,179800.0,100,Sell,236157286
2024-08-30 14:21:57,180000.0,400,Buy,236157291
2024-08-30 14:22:00,180000.0,400,Sell,236157344
2024-08-30 14:22:10,180100.0,2000,Buy,236157737
2024-08-30 14:22:47,180100.0,800,Buy,236158943
2024-08-30 14:22:47,180100.0,500,Buy,236158944
2024-08-30 14:22:47,180100.0,100,Buy,236158945
2024-08-30 14:23:14,180100.0,100,Sell,236160237
2024-08-30 14:23:21,180200.0,100,Buy,236160546
2024-08-30 14:23:21,180200.0,600,Buy,236160547
2024-08-30 14:23:21,180200.0,300,Buy,236160548
2024-08-30 14:23:32,180200.0,1000,Buy,236160883
2024-08-30 14:24:04,180200.0,100,Buy,236162392
2024-08-30 14:24:04,180300.0,400,Buy,236162394
2024-08-30 14:24:04,180300.0,200,Buy,236162393
2024-08-30 14:24:04,180200.0,100,Buy,236162391
2024-08-30 14:24:04,180200.0,400,Buy,236162389
2024-08-30 14:24:04,180200.0,700,Buy,236162387
2024-08-30 14:24:04,180200.0,1000,Buy,236162390
2024-08-30 14:24:04,180200.0,100,Buy,236162388
2024-08-30 14:24:10,180100.0,100,Sell,236162648
2024-08-30 14:24:12,180300.0,400,Buy,236162788
2024-08-30 14:24:18,180300.0,2000,Buy,236163109
2024-08-30 14:24:18,180300.0,200,Buy,236163110
2024-08-30 14:24:18,180300.0,200,Buy,236163111
2024-08-30 14:24:24,180300.0,400,Buy,236163509
2024-08-30 14:24:30,180300.0,400,Buy,236163815
2024-08-30 14:24:34,180400.0,100,Buy,236164048
2024-08-30 14:24:34,180400.0,300,Buy,236164049
2024-08-30 14:24:34,180300.0,100,Buy,236164046
2024-08-30 14:24:34,180300.0,500,Buy,236164047
2024-08-30 14:24:36,180400.0,200,Buy,236164255
2024-08-30 14:24:36,180500.0,200,Buy,236164256
2024-08-30 14:24:42,180500.0,400,Buy,236164761
2024-08-30 14:24:48,180500.0,100,Buy,236165110
2024-08-30 14:24:48,180500.0,300,Buy,236165111
2024-08-30 14:24:55,180500.0,400,Buy,236165509
2024-08-30 14:24:55,180500.0,100,Buy,236165555
2024-08-30 14:25:00,180500.0,100,Buy,236166034
2024-08-30 14:25:00,180500.0,200,Buy,236166029
2024-08-30 14:25:00,180500.0,100,Buy,236166030
2024-08-30 14:25:00,180500.0,500,Buy,236166031
2024-08-30 14:25:00,180500.0,300,Buy,236166032
2024-08-30 14:25:00,180500.0,500,Buy,236166033
2024-08-30 14:25:02,180600.0,400,Buy,236166170
2024-08-30 14:25:03,180500.0,300,Sell,236166308
2024-08-30 14:25:06,180500.0,100,Buy,236166430
2024-08-30 14:25:08,180600.0,300,Buy,236166575
2024-08-30 14:25:08,180500.0,100,Buy,236166574
2024-08-30 14:25:13,180600.0,400,Buy,236166928
2024-08-30 14:25:19,180600.0,100,Buy,236167253
2024-08-30 14:25:19,180700.0,200,Buy,236167254
2024-08-30 14:25:19,180700.0,100,Buy,236167255
2024-08-30 14:25:25,180700.0,400,Buy,236167655
2024-08-30 14:25:27,180700.0,600,Buy,236167766
2024-08-30 14:25:27,180700.0,100,Buy,236167767
2024-08-30 14:25:27,180700.0,300,Buy,236167768
2024-08-30 14:25:29,180700.0,2400,Buy,236167938
2024-08-30 14:25:30,180800.0,300,Buy,236168087
2024-08-30 14:25:30,180800.0,100,Buy,236168086
2024-08-30 14:25:30,180700.0,100,Buy,236168085
2024-08-30 14:25:30,180700.0,300,Buy,236168083
2024-08-30 14:25:30,180700.0,200,Buy,236168084
2024-08-30 14:25:31,180800.0,200,Buy,236168117
2024-08-30 14:25:31,180800.0,200,Buy,236168118
2024-08-30 14:25:37,180800.0,300,Buy,236168442
2024-08-30 14:25:37,180800.0,100,Buy,236168443
2024-08-30 14:25:43,180800.0,400,Buy,236168741
2024-08-30 14:25:48,180800.0,100,Buy,236169043
2024-08-30 14:25:49,180800.0,400,Buy,236169109
2024-08-30 14:25:55,180800.0,400,Buy,236169492
2024-08-30 14:26:01,180800.0,400,Buy,236169932
2024-08-30 14:26:03,180800.0,300,Buy,236170021
2024-08-30 14:26:03,180800.0,100,Buy,236170020
2024-08-30 14:26:03,180800.0,1300,Buy,236170018
2024-08-30 14:26:03,180800.0,100,Buy,236170019
2024-08-30 14:26:06,180800.0,100,Sell,236170183
2024-08-30 14:26:08,180900.0,100,Buy,236170310
2024-08-30 14:26:08,180900.0,300,Buy,236170311
2024-08-30 14:26:11,180900.0,700,Buy,236170468
2024-08-30 14:26:11,180900.0,300,Buy,236170469
2024-08-30 14:26:14,180900.0,200,Buy,236170742
2024-08-30 14:26:14,180900.0,100,Buy,236170743
2024-08-30 14:26:14,180900.0,100,Buy,236170744
2024-08-30 14:26:18,180900.0,1000,Buy,236171061
2024-08-30 14:26:20,180900.0,400,Buy,236171234
2024-08-30 14:26:25,180900.0,200,Buy,236171486
2024-08-30 14:26:26,180900.0,2000,Buy,236171526
2024-08-30 14:26:28,180900.0,100,Buy,236171595
2024-08-30 14:26:29,180900.0,400,Buy,236171692
2024-08-30 14:26:31,180900.0,100,Buy,236171797
2024-08-30 14:26:33,180900.0,400,Buy,236171912
2024-08-30 14:26:39,180900.0,100,Buy,236172300
2024-08-30 14:26:39,180900.0,100,Buy,236172301
2024-08-30 14:26:39,180900.0,100,Buy,236172302
2024-08-30 14:26:39,180900.0,100,Buy,236172303
2024-08-30 14:26:45,180900.0,400,Buy,236172702
2024-08-30 14:26:49,180900.0,400,Buy,236172915
2024-08-30 14:26:49,180900.0,100,Buy,236172916
2024-08-30 14:26:49,181000.0,500,Buy,236172917
2024-08-30 14:26:50,181000.0,400,Buy,236173021
2024-08-30 14:26:55,181000.0,900,Buy,236173330
2024-08-30 14:26:55,181000.0,100,Buy,236173328
2024-08-30 14:26:55,181000.0,100,Buy,236173329
2024-08-30 14:26:56,181000.0,400,Buy,236173380
2024-08-30 14:26:59,181000.0,700,Buy,236173666
2024-08-30 14:26:59,181000.0,100,Buy,236173667
2024-08-30 14:26:59,181000.0,100,Buy,236173668
2024-08-30 14:26:59,181000.0,100,Buy,236173669
2024-08-30 14:26:59,181000.0,1000,Buy,236173670
2024-08-30 14:27:06,181000.0,400,Buy,236174040
2024-08-30 14:27:08,181000.0,200,Buy,236174165
2024-08-30 14:27:08,181000.0,100,Buy,236174166
2024-08-30 14:27:08,181000.0,100,Buy,236174167
2024-08-30 14:27:10,181000.0,1000,Buy,236174283
2024-08-30 14:27:13,181000.0,1000,Buy,236174487
2024-08-30 14:27:14,181000.0,400,Buy,236174635
2024-08-30 14:27:21,181000.0,400,Buy,236175092
2024-08-30 14:27:27,181000.0,200,Buy,236175525
2024-08-30 14:27:27,181000.0,200,Buy,236175526
2024-08-30 14:27:30,181000.0,800,Buy,236175701
2024-08-30 14:27:30,181000.0,100,Buy,236175702
2024-08-30 14:27:30,181000.0,1000,Buy,236175703
2024-08-30 14:27:30,181000.0,100,Buy,236175704
2024-08-30 14:27:32,180800.0,100,Sell,236175775
2024-08-30 14:27:32,181000.0,4400,Buy,236175770
2024-08-30 14:27:32,181000.0,100,Buy,236175768
2024-08-30 14:27:32,181000.0,100,Buy,236175767
2024-08-30 14:27:32,181000.0,500,Buy,236175769
2024-08-30 14:27:32,181000.0,100,Buy,236175765
2024-08-30 14:27:32,181000.0,600,Buy,236175764
2024-08-30 14:27:32,181000.0,1000,Buy,236175763
2024-08-30 14:27:32,181000.0,1700,Buy,236175762
2024-08-30 14:27:32,181000.0,1200,Buy,236175761
2024-08-30 14:27:32,181000.0,300,Buy,236175766
2024-08-30 14:27:33,181000.0,400,Buy,236175875
2024-08-30 14:27:39,181000.0,200,Buy,236176154
2024-08-30 14:27:39,181000.0,100,Buy,236176155
2024-08-30 14:27:39,181000.0,100,Buy,236176156
2024-08-30 14:27:45,181000.0,400,Buy,236176477
2024-08-30 14:27:51,181000.0,100,Buy,236176926
2024-08-30 14:27:51,181000.0,200,Buy,236176927
2024-08-30 14:27:51,181000.0,100,Buy,236176928
2024-08-30 14:27:52,181000.0,200,Buy,236176969
2024-08-30 14:27:52,181000.0,100,Buy,236176968
2024-08-30 14:27:52,181000.0,200,Buy,236176966
2024-08-30 14:27:52,181000.0,500,Buy,236176967
2024-08-30 14:27:56,181000.0,100,Buy,236177293
2024-08-30 14:27:57,181000.0,100,Buy,236177333
2024-08-30 14:27:57,181000.0,100,Buy,236177334
2024-08-30 14:27:57,181200.0,100,Buy,236177335
2024-08-30 14:27:57,181200.0,100,Buy,236177336
2024-08-30 14:28:00,180800.0,100,Sell,236177494
2024-08-30 14:28:06,181300.0,100,Buy,236177839
2024-08-30 14:28:07,181300.0,400,Buy,236177899
2024-08-30 14:28:10,181000.0,400,Buy,236178224
2024-08-30 14:28:13,181000.0,1000,Buy,236178424
2024-08-30 14:28:15,181000.0,100,Buy,236178525
2024-08-30 14:28:15,181300.0,100,Buy,236178526
2024-08-30 14:28:15,181300.0,200,Buy,236178527
2024-08-30 14:28:17,181300.0,400,Buy,236178749
2024-08-30 14:28:17,181300.0,300,Buy,236178738
2024-08-30 14:28:17,181300.0,300,Buy,236178748
2024-08-30 14:28:21,181300.0,100,Buy,236178946
2024-08-30 14:28:21,181300.0,300,Buy,236178947
2024-08-30 14:28:27,181400.0,100,Buy,236179312
2024-08-30 14:28:27,181400.0,300,Buy,236179313
2024-08-30 14:28:28,181500.0,100,Buy,236179392
2024-08-30 14:28:34,181400.0,100,Buy,236179755
2024-08-30 14:28:34,181400.0,300,Buy,236179756
2024-08-30 14:28:41,181200.0,100,Sell,236180146
2024-08-30 14:28:42,181300.0,300,Buy,236180219
2024-08-30 14:28:42,181300.0,100,Buy,236180220
2024-08-30 14:28:44,181400.0,300,Buy,236180340
2024-08-30 14:28:44,181300.0,200,Buy,236180338
2024-08-30 14:28:44,181400.0,500,Buy,236180339
2024-08-30 14:28:46,181400.0,200,Buy,236180471
2024-08-30 14:28:46,181000.0,200,Buy,236180470
2024-08-30 14:28:47,181400.0,100,Buy,236180528
2024-08-30 14:28:47,181500.0,100,Buy,236180529
2024-08-30 14:28:47,181500.0,800,Buy,236180530
2024-08-30 14:28:48,181300.0,100,Sell,236180764
2024-08-30 14:28:52,181300.0,400,Buy,236181074
2024-08-30 14:28:54,181300.0,2000,Buy,236181272
2024-08-30 14:28:56,181300.0,100,Buy,236181371
2024-08-30 14:28:58,181300.0,400,Buy,236181532
2024-08-30 14:28:59,181300.0,100,Buy,236181676
2024-08-30 14:29:04,181300.0,400,Buy,236181934
2024-08-30 14:29:10,181300.0,400,Buy,236182393
2024-08-30 14:29:10,181300.0,100,Buy,236182365
2024-08-30 14:29:11,181000.0,100,Sell,236182437
2024-08-30 14:29:12,181000.0,100,Buy,236182690
2024-08-30 14:29:16,181000.0,300,Buy,236182904
2024-08-30 14:29:16,181000.0,100,Buy,236182905
2024-08-30 14:29:16,181200.0,100,Buy,236182906
2024-08-30 14:29:16,181200.0,500,Buy,236182907
2024-08-30 14:29:19,181000.0,500,Buy,236183194
2024-08-30 14:29:19,181200.0,500,Buy,236183195
2024-08-30 14:29:20,180900.0,100,Sell,236183246
2024-08-30 14:29:21,181200.0,500,Buy,236183375
2024-08-30 14:29:21,181300.0,500,Buy,236183376
2024-08-30 14:29:30,181100.0,100,Buy,236184005
2024-08-30 14:29:31,181300.0,500,Buy,236184055
2024-08-30 14:29:31,181300.0,100,Buy,236184054
2024-08-30 14:29:31,181200.0,500,Buy,236184042
2024-08-30 14:29:31,181200.0,400,Buy,236184052
2024-08-30 14:29:31,181100.0,500,Buy,236184041
2024-08-30 14:29:31,181300.0,500,Buy,236184053
2024-08-30 14:29:39,181000.0,100,Sell,236184454
2024-08-30 14:29:42,181200.0,100,Buy,236184613
2024-08-30 14:29:48,181200.0,100,Sell,236185100
2024-08-30 14:29:49,181200.0,400,Sell,236185151
2024-08-30 14:29:51,181200.0,100,Buy,236185239
2024-08-30 14:29:51,181300.0,900,Buy,236185240
2024-08-30 14:29:53,181300.0,1000,Buy,236185373
2024-08-30 14:44:59,181700.0,217600,ATO/ATC,236186421
