time,price,volume,match_type,id
2024-08-16 09:14:38,172600.0,300,ATO/ATC,231987801
2024-08-16 09:14:38,172500.0,200,Sell,231987895
2024-08-16 09:15:08,172700.0,100,Buy,231988271
2024-08-16 09:15:12,172000.0,100,Sell,231988332
2024-08-16 09:17:17,171500.0,100,Sell,231990818
2024-08-16 09:21:58,171500.0,100,Sell,231996691
2024-08-16 09:24:28,171700.0,500,Sell,231999321
2024-08-16 09:27:33,171500.0,100,Sell,232002533
2024-08-16 09:27:33,171500.0,100,Sell,232002532
2024-08-16 09:27:33,171500.0,200,Sell,232002531
2024-08-16 09:27:33,171700.0,500,Sell,232002526
2024-08-16 09:27:33,171700.0,100,Sell,232002529
2024-08-16 09:27:33,171700.0,100,Sell,232002527
2024-08-16 09:27:33,171600.0,200,Sell,232002530
2024-08-16 09:27:33,171700.0,100,Sell,232002528
2024-08-16 09:30:03,171500.0,100,Sell,232005162
2024-08-16 09:30:03,171500.0,200,Sell,232005160
2024-08-16 09:30:03,171500.0,200,Sell,232005161
2024-08-16 09:30:38,171500.0,100,Sell,232005662
2024-08-16 09:31:08,171500.0,100,Sell,232006121
2024-08-16 09:31:08,171500.0,100,Sell,232006122
2024-08-16 09:33:07,171300.0,300,Buy,232008186
2024-08-16 09:34:27,171300.0,300,Buy,232009840
2024-08-16 09:34:37,171300.0,1900,Buy,232010055
2024-08-16 09:39:24,171500.0,200,Buy,232018406
2024-08-16 09:39:24,171500.0,100,Buy,232018405
2024-08-16 09:41:49,171500.0,100,Buy,232025407
2024-08-16 09:41:54,171500.0,200,Buy,232025541
2024-08-16 09:42:00,171500.0,100,Buy,232025821
2024-08-16 09:45:56,171600.0,200,Sell,232034669
2024-08-16 09:45:56,171600.0,300,Sell,232034666
2024-08-16 09:45:56,171600.0,300,Sell,232034667
2024-08-16 09:45:56,171600.0,100,Sell,232034668
2024-08-16 09:46:11,171600.0,100,Sell,232035042
2024-08-16 09:48:25,171600.0,100,Sell,232038386
2024-08-16 09:48:45,172200.0,500,Buy,232038864
2024-08-16 09:48:45,172300.0,1200,Buy,232038865
2024-08-16 09:48:45,172300.0,400,Buy,232038866
2024-08-16 09:48:45,172300.0,1300,Buy,232038867
2024-08-16 09:51:46,172300.0,2000,Sell,232043274
2024-08-16 09:51:50,172300.0,400,Sell,232043351
2024-08-16 09:52:26,172300.0,1000,Sell,232044249
2024-08-16 09:52:26,172300.0,400,Sell,232044250
2024-08-16 09:52:26,172300.0,100,Sell,232044251
2024-08-16 09:52:26,172300.0,500,Sell,232044252
2024-08-16 09:52:40,172500.0,100,Buy,232044708
2024-08-16 09:53:51,172500.0,100,Buy,232046509
2024-08-16 09:53:51,172500.0,100,Buy,232046510
2024-08-16 09:53:51,172500.0,100,Buy,232046511
2024-08-16 09:53:51,172500.0,200,Buy,232046512
2024-08-16 09:53:51,172500.0,300,Buy,232046513
2024-08-16 09:53:51,172500.0,400,Buy,232046508
2024-08-16 09:59:15,172000.0,100,Sell,232053140
2024-08-16 09:59:15,172000.0,1200,Sell,232053141
2024-08-16 09:59:15,172000.0,700,Sell,232053142
2024-08-16 10:00:26,172000.0,300,Sell,232054843
2024-08-16 10:00:26,172000.0,100,Sell,232054844
2024-08-16 10:00:27,172000.0,300,Sell,232054845
2024-08-16 10:01:32,172000.0,100,Buy,232056375
2024-08-16 10:05:09,172100.0,200,Sell,232061999
2024-08-16 10:05:10,172000.0,300,Sell,232062032
2024-08-16 10:07:23,172000.0,300,Sell,232065085
2024-08-16 10:07:23,172000.0,100,Sell,232065088
2024-08-16 10:07:23,172000.0,300,Sell,232065089
2024-08-16 10:07:23,172000.0,100,Sell,232065090
2024-08-16 10:07:30,171800.0,300,Sell,232065341
2024-08-16 10:07:46,172000.0,100,Buy,232065793
2024-08-16 10:08:39,171700.0,700,Sell,232067195
2024-08-16 10:08:39,171700.0,300,Sell,232067194
2024-08-16 10:08:42,172000.0,100,Buy,232067300
2024-08-16 10:08:50,172000.0,100,Sell,232067489
2024-08-16 10:09:03,171700.0,300,Sell,232067834
2024-08-16 10:09:54,171600.0,900,Sell,232069591
2024-08-16 10:09:54,171600.0,300,Sell,232069592
2024-08-16 10:09:54,171600.0,100,Sell,232069593
2024-08-16 10:09:54,171600.0,500,Sell,232069594
2024-08-16 10:09:54,171600.0,200,Sell,232069595
2024-08-16 10:10:29,171700.0,200,Buy,232070678
2024-08-16 10:10:45,171700.0,200,Buy,232071272
2024-08-16 10:10:58,171700.0,800,Sell,232071686
2024-08-16 10:12:13,172000.0,1000,Buy,232074293
2024-08-16 10:12:51,172000.0,100,Buy,232075409
2024-08-16 10:12:58,172000.0,500,Buy,232075670
2024-08-16 10:13:06,172000.0,100,Buy,232075897
2024-08-16 10:13:06,172000.0,300,Buy,232075898
2024-08-16 10:13:06,172000.0,100,Buy,232075899
2024-08-16 10:13:36,172000.0,100,Sell,232077283
2024-08-16 10:13:36,171800.0,100,Sell,232077287
2024-08-16 10:13:59,171700.0,100,Sell,232078145
2024-08-16 10:14:13,171700.0,100,Sell,232078730
2024-08-16 10:14:21,171800.0,100,Sell,232079067
2024-08-16 10:14:23,171700.0,500,Sell,232079124
2024-08-16 10:14:43,171800.0,100,Sell,232080087
2024-08-16 10:14:50,171800.0,100,Sell,232080487
2024-08-16 10:15:06,171800.0,100,Sell,232081402
2024-08-16 10:15:06,171800.0,400,Sell,232081437
2024-08-16 10:15:06,171800.0,600,Sell,232081438
2024-08-16 10:15:28,171900.0,100,Sell,232082609
2024-08-16 10:15:28,171800.0,100,Sell,232082611
2024-08-16 10:15:39,171900.0,200,Sell,232083102
2024-08-16 10:15:50,171900.0,100,Sell,232083756
2024-08-16 10:16:06,171900.0,100,Sell,232084496
2024-08-16 10:16:12,171900.0,100,Sell,232084843
2024-08-16 10:16:19,171900.0,200,Sell,232085144
2024-08-16 10:16:19,171900.0,500,Sell,232085143
2024-08-16 10:16:34,172000.0,100,Sell,232086121
2024-08-16 10:16:43,172000.0,100,Sell,232086615
2024-08-16 10:16:50,172100.0,100,Buy,232086941
2024-08-16 10:16:54,172100.0,300,Buy,232087086
2024-08-16 10:16:54,172100.0,1700,Buy,232087085
2024-08-16 10:16:54,172100.0,100,Buy,232087128
2024-08-16 10:16:57,172100.0,100,Sell,232087295
2024-08-16 10:17:19,172200.0,100,Sell,232088640
2024-08-16 10:17:21,172100.0,100,Sell,232088827
2024-08-16 10:17:41,172200.0,100,Sell,232090071
2024-08-16 10:17:59,172200.0,100,Sell,232091075
2024-08-16 10:18:00,172300.0,1500,Buy,232091123
2024-08-16 10:18:03,172200.0,100,Sell,232091295
2024-08-16 10:18:03,172300.0,500,Buy,232091296
2024-08-16 10:18:25,172300.0,100,Sell,232092957
2024-08-16 10:18:36,172300.0,100,Sell,232093591
2024-08-16 10:18:43,172500.0,500,Buy,232094248
2024-08-16 10:18:43,172500.0,1800,Buy,232094249
2024-08-16 10:18:47,172300.0,100,Sell,232094444
2024-08-16 10:18:50,172500.0,200,Buy,232094690
2024-08-16 10:18:50,172500.0,200,Buy,232094691
2024-08-16 10:18:58,172800.0,200,Buy,232095229
2024-08-16 10:19:07,172800.0,100,Buy,232095685
2024-08-16 10:19:08,172500.0,100,Sell,232095708
2024-08-16 10:19:12,172500.0,100,Sell,232096046
2024-08-16 10:19:12,172800.0,100,Buy,232096040
2024-08-16 10:19:30,172500.0,100,Sell,232097132
2024-08-16 10:19:52,172500.0,100,Sell,232098749
2024-08-16 10:19:52,172600.0,100,Sell,232098748
2024-08-16 10:20:05,172800.0,1400,Buy,232099831
2024-08-16 10:20:15,172800.0,100,Sell,232100316
2024-08-16 10:20:23,172900.0,600,Buy,232100899
2024-08-16 10:20:23,172900.0,100,Buy,232100900
2024-08-16 10:20:23,172900.0,200,Buy,232100901
2024-08-16 10:20:29,172800.0,100,Sell,232101250
2024-08-16 10:20:37,172800.0,100,Sell,232101735
2024-08-16 10:21:00,173000.0,100,Sell,232103459
2024-08-16 10:21:00,173000.0,400,Buy,232103457
2024-08-16 10:21:00,173000.0,100,Buy,232103456
2024-08-16 10:21:00,173000.0,300,Buy,232103454
2024-08-16 10:21:00,173000.0,1000,Buy,232103455
2024-08-16 10:21:06,173000.0,100,Sell,232103917
2024-08-16 10:21:22,172800.0,100,Sell,232105176
2024-08-16 10:21:28,173500.0,100,Buy,232105562
2024-08-16 10:21:44,173000.0,100,Sell,232106635
2024-08-16 10:21:45,173000.0,100,Sell,232106664
2024-08-16 10:21:46,173500.0,200,Buy,232106790
2024-08-16 10:21:53,173500.0,200,Sell,232107310
2024-08-16 10:22:09,173500.0,300,Sell,232108652
2024-08-16 10:22:09,173500.0,100,Sell,232108651
2024-08-16 10:22:09,173500.0,100,Sell,232108554
2024-08-16 10:22:09,173500.0,300,Sell,232108650
2024-08-16 10:22:10,173600.0,100,Buy,232108682
2024-08-16 10:22:10,173500.0,100,Buy,232108681
2024-08-16 10:22:10,173600.0,300,Buy,232108683
2024-08-16 10:22:15,173600.0,100,Buy,232109026
2024-08-16 10:22:22,173100.0,100,Sell,232109444
2024-08-16 10:22:29,173000.0,100,Sell,232109974
2024-08-16 10:22:51,173100.0,100,Sell,232111462
2024-08-16 10:22:57,173000.0,100,Sell,232111921
2024-08-16 10:22:59,172800.0,100,Sell,232112016
2024-08-16 10:23:04,173000.0,200,Buy,232112354
2024-08-16 10:23:11,173000.0,1000,Buy,232113010
2024-08-16 10:23:13,173000.0,200,Buy,232113173
2024-08-16 10:23:14,172800.0,100,Sell,232113200
2024-08-16 10:23:15,173000.0,100,Buy,232113388
2024-08-16 10:23:18,173000.0,200,Buy,232113725
2024-08-16 10:23:24,173000.0,200,Buy,232114099
2024-08-16 10:23:36,173000.0,100,Sell,232114971
2024-08-16 10:23:38,173000.0,100,Sell,232115046
2024-08-16 10:23:59,173400.0,300,Buy,232116572
2024-08-16 10:24:01,173000.0,100,Sell,232116713
2024-08-16 10:24:14,173000.0,100,Sell,232117453
2024-08-16 10:24:22,173100.0,100,Sell,232118027
2024-08-16 10:24:44,173100.0,100,Sell,232119524
2024-08-16 10:24:45,173000.0,100,Sell,232119593
2024-08-16 10:24:49,173300.0,200,Buy,232119908
2024-08-16 10:24:51,173000.0,100,Sell,232120010
2024-08-16 10:24:55,173400.0,100,Buy,232120289
2024-08-16 10:25:07,173100.0,100,Sell,232121371
2024-08-16 10:25:28,173100.0,100,Sell,232123065
2024-08-16 10:25:30,173100.0,100,Sell,232123126
2024-08-16 10:25:52,173100.0,100,Sell,232125076
2024-08-16 10:25:52,173400.0,100,Buy,232125090
2024-08-16 10:26:06,173200.0,100,Sell,232126068
2024-08-16 10:26:16,173400.0,100,Buy,232126928
2024-08-16 10:26:16,173100.0,100,Sell,232126929
2024-08-16 10:26:38,173500.0,900,Buy,232128700
2024-08-16 10:26:38,173400.0,100,Buy,232128699
2024-08-16 10:26:38,173100.0,100,Sell,232128655
2024-08-16 10:26:38,173400.0,200,Buy,232128698
2024-08-16 10:26:44,173200.0,100,Sell,232128973
2024-08-16 10:27:01,173500.0,100,Buy,232130021
2024-08-16 10:27:01,173100.0,100,Sell,232130034
2024-08-16 10:27:11,173500.0,100,Buy,232130691
2024-08-16 10:27:23,173100.0,100,Sell,232131564
2024-08-16 10:27:24,173200.0,100,Sell,232131637
2024-08-16 10:27:31,173200.0,100,Sell,232131984
2024-08-16 10:27:36,173100.0,100,Sell,232132297
2024-08-16 10:27:48,173200.0,100,Sell,232133010
2024-08-16 10:27:53,173200.0,200,Sell,232133527
2024-08-16 10:28:00,173200.0,100,Sell,232133941
2024-08-16 10:28:08,173200.0,200,Buy,232134692
2024-08-16 10:28:10,173200.0,100,Sell,232134849
2024-08-16 10:28:18,173500.0,100,Buy,232135363
2024-08-16 10:28:18,173500.0,900,Buy,232135362
2024-08-16 10:28:33,173500.0,100,Sell,232136160
2024-08-16 10:28:39,173500.0,100,Sell,232136517
2024-08-16 10:28:55,173500.0,100,Sell,232137433
2024-08-16 10:29:00,173500.0,100,Sell,232137651
2024-08-16 10:29:10,173600.0,300,Buy,232138168
2024-08-16 10:29:17,173500.0,100,Sell,232138541
2024-08-16 10:29:19,173500.0,100,Sell,232138685
2024-08-16 10:29:27,173600.0,100,Buy,232139170
2024-08-16 10:29:27,173600.0,100,Buy,232139168
2024-08-16 10:29:27,173600.0,100,Buy,232139169
2024-08-16 10:29:27,173600.0,1700,Buy,232139167
2024-08-16 10:29:34,173600.0,500,Sell,232139474
2024-08-16 10:29:40,173900.0,100,Buy,232139779
2024-08-16 10:29:40,173900.0,100,Buy,232139780
2024-08-16 10:29:40,173900.0,400,Buy,232139781
2024-08-16 10:29:41,173600.0,100,Sell,232139841
2024-08-16 10:29:51,173600.0,100,Sell,232140406
2024-08-16 10:29:54,173600.0,100,Sell,232140572
2024-08-16 10:30:05,173600.0,100,Sell,232141094
2024-08-16 10:30:27,173600.0,100,Sell,232142474
2024-08-16 10:30:31,173600.0,100,Sell,232142621
2024-08-16 10:30:50,173600.0,100,Sell,232143611
2024-08-16 10:30:51,173600.0,800,Sell,232143750
2024-08-16 10:30:51,173600.0,200,Sell,232143751
2024-08-16 10:30:51,173600.0,600,Sell,232143752
2024-08-16 10:30:51,173600.0,400,Sell,232143753
2024-08-16 10:30:51,173600.0,100,Sell,232143754
2024-08-16 10:30:51,173600.0,100,Sell,232143755
2024-08-16 10:30:51,173600.0,100,Sell,232143756
2024-08-16 10:31:06,173800.0,200,Buy,232144738
2024-08-16 10:31:06,173600.0,100,Sell,232144705
2024-08-16 10:31:08,173600.0,100,Sell,232144820
2024-08-16 10:31:08,173600.0,500,Sell,232144821
2024-08-16 10:31:08,173600.0,100,Sell,232144822
2024-08-16 10:31:08,173800.0,100,Buy,232144823
2024-08-16 10:31:09,173800.0,200,Buy,232144936
2024-08-16 10:31:11,174000.0,500,Buy,232145094
2024-08-16 10:31:11,174000.0,200,Buy,232145097
2024-08-16 10:31:11,174000.0,100,Buy,232145095
2024-08-16 10:31:11,174000.0,2000,Buy,232145093
2024-08-16 10:31:11,174000.0,100,Buy,232145096
2024-08-16 10:31:11,174000.0,100,Buy,232145091
2024-08-16 10:31:11,174000.0,100,Buy,232145089
2024-08-16 10:31:11,174000.0,1000,Buy,232145092
2024-08-16 10:31:11,174000.0,100,Buy,232145090
2024-08-16 10:31:11,173800.0,100,Sell,232145082
2024-08-16 10:31:13,174000.0,100,Sell,232145222
2024-08-16 10:31:14,174100.0,200,Buy,232145310
2024-08-16 10:31:14,174400.0,400,Buy,232145311
2024-08-16 10:31:14,174000.0,200,Sell,232145329
2024-08-16 10:31:16,174400.0,100,Buy,232145428
2024-08-16 10:31:17,174500.0,400,Buy,232145470
2024-08-16 10:31:18,175000.0,100,Buy,232145521
2024-08-16 10:31:18,175000.0,300,Buy,232145520
2024-08-16 10:31:18,174800.0,200,Buy,232145519
2024-08-16 10:31:18,174600.0,100,Buy,232145517
2024-08-16 10:31:18,174500.0,100,Buy,232145516
2024-08-16 10:31:18,174600.0,100,Buy,232145518
2024-08-16 10:31:23,174900.0,1000,Buy,232145772
2024-08-16 10:31:23,175000.0,100,Buy,232145773
2024-08-16 10:31:23,175000.0,300,Buy,232145774
2024-08-16 10:31:23,175000.0,100,Buy,232145775
2024-08-16 10:31:24,175000.0,100,Buy,232145819
2024-08-16 10:31:25,175000.0,300,Buy,232145907
2024-08-16 10:31:26,175000.0,100,Buy,232146017
2024-08-16 10:31:26,175000.0,100,Buy,232146016
2024-08-16 10:31:26,175000.0,100,Buy,232146015
2024-08-16 10:31:26,175000.0,600,Buy,232146013
2024-08-16 10:31:26,175000.0,100,Buy,232146014
2024-08-16 10:31:30,174500.0,100,Sell,232146197
2024-08-16 10:31:32,175000.0,1000,Buy,232146361
2024-08-16 10:31:32,175000.0,400,Buy,232146362
2024-08-16 10:31:33,175000.0,600,Buy,232146376
2024-08-16 10:31:33,175000.0,400,Buy,232146377
2024-08-16 10:31:33,175000.0,800,Buy,232146393
2024-08-16 10:31:33,175000.0,500,Buy,232146394
2024-08-16 10:31:33,175000.0,2000,Buy,232146395
2024-08-16 10:31:33,175000.0,1700,Buy,232146396
2024-08-16 10:31:36,174500.0,100,Sell,232146688
2024-08-16 10:31:36,175000.0,500,Buy,232146666
2024-08-16 10:31:36,175000.0,1000,Buy,232146640
2024-08-16 10:31:37,175000.0,1000,Buy,232146723
2024-08-16 10:31:38,175000.0,300,Buy,232146765
2024-08-16 10:31:38,175000.0,500,Buy,232146781
2024-08-16 10:31:40,175000.0,1000,Buy,232146872
2024-08-16 10:31:41,175000.0,100,Sell,232146970
2024-08-16 10:31:46,175000.0,200,Sell,232147168
2024-08-16 10:31:47,175000.0,100,Sell,232147287
2024-08-16 10:31:48,175700.0,100,Buy,232147320
2024-08-16 10:31:48,175800.0,300,Buy,232147321
2024-08-16 10:31:48,175500.0,100,Buy,232147319
2024-08-16 10:31:48,175900.0,100,Buy,232147322
2024-08-16 10:31:48,175500.0,1000,Buy,232147317
2024-08-16 10:31:48,175300.0,100,Buy,232147316
2024-08-16 10:31:48,175500.0,100,Buy,232147318
2024-08-16 10:31:48,175200.0,200,Buy,232147315
2024-08-16 10:31:50,176000.0,500,Buy,232147416
2024-08-16 10:31:50,176000.0,100,Buy,232147414
2024-08-16 10:31:50,176000.0,100,Buy,232147415
2024-08-16 10:31:59,175000.0,100,Sell,232148050
2024-08-16 10:32:01,176000.0,200,Buy,232148133
2024-08-16 10:32:01,176000.0,300,Buy,232148134
2024-08-16 10:32:01,176000.0,100,Buy,232148177
2024-08-16 10:32:01,176000.0,100,Buy,232148178
2024-08-16 10:32:01,176000.0,300,Buy,232148179
2024-08-16 10:32:01,176000.0,100,Buy,232148180
2024-08-16 10:32:01,176000.0,100,Buy,232148181
2024-08-16 10:32:01,176000.0,400,Buy,232148182
2024-08-16 10:32:01,176000.0,400,Buy,232148183
2024-08-16 10:32:01,175400.0,500,Buy,232148132
2024-08-16 10:32:04,176000.0,300,Buy,232148308
2024-08-16 10:32:04,176000.0,100,Buy,232148307
2024-08-16 10:32:04,176000.0,200,Buy,232148306
2024-08-16 10:32:04,176000.0,100,Buy,232148305
2024-08-16 10:32:04,176000.0,2000,Buy,232148304
2024-08-16 10:32:04,176000.0,100,Buy,232148303
2024-08-16 10:32:04,176200.0,200,Buy,232148310
2024-08-16 10:32:04,176000.0,100,Buy,232148301
2024-08-16 10:32:04,176000.0,500,Buy,232148302
2024-08-16 10:32:04,176000.0,300,Buy,232148284
2024-08-16 10:32:04,176000.0,100,Buy,232148297
2024-08-16 10:32:04,176000.0,100,Buy,232148309
2024-08-16 10:32:04,176000.0,100,Buy,232148299
2024-08-16 10:32:04,176000.0,100,Buy,232148300
2024-08-16 10:32:04,176000.0,1000,Buy,232148298
2024-08-16 10:32:08,176000.0,200,Buy,232148460
2024-08-16 10:32:09,176000.0,300,Buy,232148559
2024-08-16 10:32:09,176000.0,100,Buy,232148560
2024-08-16 10:32:10,176200.0,100,Buy,232148633
2024-08-16 10:32:13,176000.0,100,Sell,232148790
2024-08-16 10:32:15,176100.0,1000,Buy,232148895
2024-08-16 10:32:15,176200.0,200,Buy,232148920
2024-08-16 10:32:16,176500.0,100,Buy,232148926
2024-08-16 10:32:16,176200.0,700,Buy,232148923
2024-08-16 10:32:16,176200.0,100,Buy,232148924
2024-08-16 10:32:16,176500.0,100,Buy,232148925
2024-08-16 10:32:18,176200.0,100,Buy,232149027
2024-08-16 10:32:18,176200.0,100,Buy,232149074
2024-08-16 10:32:18,176200.0,100,Buy,232149075
2024-08-16 10:32:18,176500.0,200,Buy,232149076
2024-08-16 10:32:18,176500.0,100,Buy,232149077
2024-08-16 10:32:18,176500.0,100,Buy,232149078
2024-08-16 10:32:18,176500.0,100,Buy,232149079
2024-08-16 10:32:18,176500.0,200,Buy,232149080
2024-08-16 10:32:21,177000.0,100,Buy,232149196
2024-08-16 10:32:21,177000.0,200,Buy,232149195
2024-08-16 10:32:21,177000.0,100,Buy,232149194
2024-08-16 10:32:21,177000.0,100,Buy,232149193
2024-08-16 10:32:21,176500.0,100,Buy,232149182
2024-08-16 10:32:21,176500.0,100,Buy,232149183
2024-08-16 10:32:21,176500.0,300,Buy,232149181
2024-08-16 10:32:22,177000.0,100,Buy,232149206
2024-08-16 10:32:22,176500.0,100,Sell,232149246
2024-08-16 10:32:22,177000.0,400,Buy,232149205
2024-08-16 10:32:22,177000.0,500,Buy,232149207
2024-08-16 10:32:25,176500.0,200,Sell,232149339
2024-08-16 10:32:26,176500.0,100,Sell,232149389
2024-08-16 10:32:29,177000.0,100,Buy,232149581
2024-08-16 10:32:29,177000.0,400,Buy,232149584
2024-08-16 10:32:29,177000.0,600,Buy,232149585
2024-08-16 10:32:32,177000.0,300,Buy,232149755
2024-08-16 10:32:32,177000.0,700,Buy,232149743
2024-08-16 10:32:32,177000.0,100,Buy,232149742
2024-08-16 10:32:32,177000.0,100,Buy,232149741
2024-08-16 10:32:32,177000.0,300,Buy,232149739
2024-08-16 10:32:32,177000.0,1000,Buy,232149737
2024-08-16 10:32:32,177000.0,400,Buy,232149736
2024-08-16 10:32:32,177000.0,100,Buy,232149740
2024-08-16 10:32:32,177000.0,100,Buy,232149738
2024-08-16 10:32:35,177000.0,100,Sell,232149895
2024-08-16 10:32:37,177000.0,200,Sell,232149969
2024-08-16 10:32:37,177000.0,1000,Sell,232149968
2024-08-16 10:32:38,177100.0,100,Buy,232150015
2024-08-16 10:32:40,177300.0,100,Sell,232150080
2024-08-16 10:32:41,177300.0,300,Sell,232150090
2024-08-16 10:32:41,177300.0,300,Sell,232150096
2024-08-16 10:32:42,177300.0,100,Sell,232150172
2024-08-16 10:32:45,177300.0,100,Sell,232150272
2024-08-16 10:32:46,177300.0,100,Sell,232150317
2024-08-16 10:32:47,177000.0,700,Sell,232150337
2024-08-16 10:32:49,178000.0,100,Buy,232150415
2024-08-16 10:32:49,178000.0,100,Buy,232150414
2024-08-16 10:32:49,177900.0,100,Buy,232150412
2024-08-16 10:32:49,177700.0,100,Buy,232150411
2024-08-16 10:32:49,177600.0,100,Buy,232150410
2024-08-16 10:32:49,177600.0,100,Buy,232150409
2024-08-16 10:32:49,177500.0,800,Buy,232150407
2024-08-16 10:32:49,177500.0,100,Buy,232150406
2024-08-16 10:32:49,177500.0,100,Buy,232150405
2024-08-16 10:32:49,177300.0,100,Buy,232150404
2024-08-16 10:32:49,177500.0,300,Buy,232150408
2024-08-16 10:32:51,177600.0,500,Buy,232150462
2024-08-16 10:32:56,177600.0,600,Buy,232150732
2024-08-16 10:32:57,177700.0,200,Sell,232150789
2024-08-16 10:32:59,177900.0,300,Buy,232150865
2024-08-16 10:33:04,177700.0,100,Sell,232151096
2024-08-16 10:33:10,177900.0,100,Buy,232151495
2024-08-16 10:33:10,177700.0,100,Sell,232151480
2024-08-16 10:33:13,177700.0,2100,Sell,232151646
2024-08-16 10:33:13,177700.0,100,Sell,232151668
2024-08-16 10:33:13,177900.0,100,Buy,232151645
2024-08-16 10:33:13,177700.0,100,Sell,232151647
2024-08-16 10:33:13,177700.0,10000,Sell,232151648
2024-08-16 10:33:15,177600.0,5000,Sell,232151714
2024-08-16 10:33:17,178000.0,500,Buy,232151765
2024-08-16 10:33:17,178000.0,100,Buy,232151764
2024-08-16 10:33:17,178000.0,100,Buy,232151763
2024-08-16 10:33:17,178000.0,500,Buy,232151762
2024-08-16 10:33:17,178000.0,400,Buy,232151761
2024-08-16 10:33:17,178000.0,1000,Buy,232151760
2024-08-16 10:33:17,178000.0,100,Buy,232151754
2024-08-16 10:33:17,178000.0,100,Buy,232151753
2024-08-16 10:33:17,178000.0,100,Buy,232151752
2024-08-16 10:33:17,178000.0,300,Buy,232151750
2024-08-16 10:33:17,178000.0,100,Buy,232151749
2024-08-16 10:33:17,177900.0,400,Buy,232151748
2024-08-16 10:33:17,177900.0,500,Buy,232151747
2024-08-16 10:33:17,177900.0,800,Buy,232151746
2024-08-16 10:33:17,177800.0,1300,Buy,232151745
2024-08-16 10:33:17,177500.0,300,Sell,232151738
2024-08-16 10:33:17,178000.0,2000,Buy,232151751
2024-08-16 10:33:19,178000.0,100,Sell,232151851
2024-08-16 10:33:20,178000.0,1900,Sell,232151921
2024-08-16 10:33:21,178000.0,300,Sell,232151930
2024-08-16 10:33:21,178000.0,100,Sell,232151931
2024-08-16 10:33:22,178000.0,4300,Sell,232151980
2024-08-16 10:33:24,178000.0,100,Sell,232152113
2024-08-16 10:33:25,178000.0,100,Buy,232152149
2024-08-16 10:33:25,177900.0,200,Sell,232152152
2024-08-16 10:33:28,177700.0,1000,Sell,232152302
2024-08-16 10:33:28,177900.0,100,Buy,232152324
2024-08-16 10:33:29,177900.0,100,Buy,232152400
2024-08-16 10:33:32,177700.0,1900,Sell,232152551
2024-08-16 10:33:32,177000.0,100,Sell,232152567
2024-08-16 10:33:40,177000.0,3100,Sell,232152850
2024-08-16 10:33:43,177000.0,100,Sell,232152984
2024-08-16 10:33:44,177000.0,6200,Sell,232153067
2024-08-16 10:33:45,177600.0,500,Buy,232153094
2024-08-16 10:33:45,177600.0,100,Buy,232153093
2024-08-16 10:33:47,177700.0,2900,Sell,232153209
2024-08-16 10:33:57,177500.0,400,Buy,232153679
2024-08-16 10:33:57,177700.0,600,Buy,232153680
2024-08-16 10:33:58,177000.0,100,Sell,232153704
2024-08-16 10:34:13,177400.0,100,Buy,232154377
2024-08-16 10:34:14,177000.0,100,Sell,232154409
2024-08-16 10:34:19,177000.0,3000,Sell,232154707
2024-08-16 10:34:19,177000.0,1000,Sell,232154708
2024-08-16 10:34:20,177000.0,100,Sell,232154724
2024-08-16 10:34:20,177000.0,100,Sell,232154713
2024-08-16 10:34:20,177000.0,200,Sell,232154718
2024-08-16 10:34:21,177000.0,100,Sell,232154741
2024-08-16 10:34:22,177000.0,100,Sell,232154778
2024-08-16 10:34:26,177400.0,400,Buy,232154985
2024-08-16 10:34:26,177400.0,100,Buy,232154986
2024-08-16 10:34:29,177100.0,200,Sell,232155107
2024-08-16 10:34:29,177000.0,300,Sell,232155108
2024-08-16 10:34:30,177000.0,100,Sell,232155149
2024-08-16 10:34:31,177400.0,100,Buy,232155229
2024-08-16 10:34:31,177400.0,300,Sell,232155243
2024-08-16 10:34:34,177600.0,500,Buy,232155402
2024-08-16 10:34:34,177500.0,500,Buy,232155401
2024-08-16 10:34:34,177500.0,100,Buy,232155400
2024-08-16 10:34:34,177500.0,300,Buy,232155398
2024-08-16 10:34:34,177400.0,500,Buy,232155397
2024-08-16 10:34:34,177500.0,100,Buy,232155399
2024-08-16 10:34:41,177000.0,700,Sell,232155761
2024-08-16 10:34:41,177000.0,1300,Sell,232155762
2024-08-16 10:34:41,177000.0,1000,Sell,232155779
2024-08-16 10:34:42,177000.0,100,Sell,232155854
2024-08-16 10:34:48,177200.0,200,Sell,232156088
2024-08-16 10:34:49,177200.0,1800,Sell,232156116
2024-08-16 10:34:56,177100.0,200,Sell,232156391
2024-08-16 10:34:56,177000.0,800,Sell,232156392
2024-08-16 10:34:58,177200.0,100,Sell,232156509
2024-08-16 10:34:58,177200.0,500,Buy,232156485
2024-08-16 10:34:58,177200.0,400,Buy,232156486
2024-08-16 10:35:02,177100.0,200,Sell,232156658
2024-08-16 10:35:03,177100.0,100,Sell,232156676
2024-08-16 10:35:03,177100.0,200,Sell,232156677
2024-08-16 10:35:03,177000.0,6800,Sell,232156678
2024-08-16 10:35:03,177000.0,1000,Sell,232156679
2024-08-16 10:35:03,177000.0,1900,Sell,232156680
2024-08-16 10:35:04,177000.0,1000,Sell,232156732
2024-08-16 10:35:04,177000.0,300,Sell,232156731
2024-08-16 10:35:04,177000.0,1000,Sell,232156730
2024-08-16 10:35:04,177000.0,500,Sell,232156729
2024-08-16 10:35:04,177000.0,300,Sell,232156727
2024-08-16 10:35:04,177000.0,300,Sell,232156726
2024-08-16 10:35:04,177000.0,1000,Sell,232156725
2024-08-16 10:35:04,177000.0,600,Sell,232156724
2024-08-16 10:35:04,177000.0,100,Sell,232156723
2024-08-16 10:35:04,177000.0,1000,Sell,232156728
2024-08-16 10:35:05,176300.0,100,Sell,232156838
2024-08-16 10:35:09,177000.0,100,Sell,232156958
2024-08-16 10:35:10,177000.0,100,Buy,232156992
2024-08-16 10:35:14,177200.0,100,Buy,232157137
2024-08-16 10:35:14,177200.0,900,Buy,232157138
2024-08-16 10:35:14,177000.0,400,Buy,232157135
2024-08-16 10:35:14,177000.0,200,Buy,232157136
2024-08-16 10:35:14,177000.0,800,Buy,232157134
2024-08-16 10:35:29,176300.0,100,Sell,232157665
2024-08-16 10:35:30,177000.0,100,Buy,232157736
2024-08-16 10:35:35,176000.0,100,Sell,232157941
2024-08-16 10:35:39,176900.0,100,Buy,232158072
2024-08-16 10:35:51,176300.0,100,Sell,232158462
2024-08-16 10:35:52,176300.0,400,Sell,232158499
2024-08-16 10:35:54,176900.0,100,Buy,232158543
2024-08-16 10:35:57,176900.0,200,Buy,232158652
2024-08-16 10:36:14,176000.0,100,Sell,232159269
2024-08-16 10:36:14,176000.0,100,Sell,232159282
2024-08-16 10:36:15,176000.0,200,Sell,232159324
2024-08-16 10:36:20,176800.0,900,Buy,232159455
2024-08-16 10:36:20,176800.0,100,Buy,232159456
2024-08-16 10:36:20,176700.0,100,Buy,232159454
2024-08-16 10:36:32,176600.0,100,Buy,232159901
2024-08-16 10:36:36,176000.0,200,Sell,232160064
2024-08-16 10:36:36,176000.0,100,Sell,232160065
2024-08-16 10:36:37,176000.0,100,Sell,232160101
2024-08-16 10:36:44,176000.0,100,Sell,232160323
2024-08-16 10:36:45,176000.0,100,Sell,232160405
2024-08-16 10:36:47,176000.0,100,Sell,232160494
2024-08-16 10:36:47,176000.0,400,Sell,232160495
2024-08-16 10:36:47,176000.0,300,Sell,232160492
2024-08-16 10:36:47,176000.0,200,Sell,232160493
2024-08-16 10:36:51,176000.0,100,Sell,232160617
2024-08-16 10:36:51,176000.0,100,Sell,232160618
2024-08-16 10:36:51,176000.0,100,Sell,232160626
2024-08-16 10:36:58,176000.0,100,Sell,232160863
2024-08-16 10:37:00,176000.0,100,Sell,232160917
2024-08-16 10:37:06,176000.0,200,Sell,232161080
2024-08-16 10:37:06,176000.0,100,Sell,232161081
2024-08-16 10:37:06,176000.0,100,Sell,232161082
2024-08-16 10:37:08,176000.0,400,Buy,232161159
2024-08-16 10:37:12,176000.0,100,Sell,232161283
2024-08-16 10:37:19,176000.0,100,Sell,232161488
2024-08-16 10:37:24,176000.0,100,Sell,232161633
2024-08-16 10:37:25,176000.0,300,Sell,232161649
2024-08-16 10:37:28,175800.0,100,Sell,232161839
2024-08-16 10:37:34,176000.0,500,Buy,232162030
2024-08-16 10:37:35,176000.0,200,Buy,232162055
2024-08-16 10:37:35,176000.0,500,Buy,232162056
2024-08-16 10:37:36,175800.0,200,Sell,232162099
2024-08-16 10:37:40,175800.0,100,Sell,232162254
2024-08-16 10:37:40,176000.0,1000,Buy,232162278
2024-08-16 10:37:43,175800.0,100,Sell,232162362
2024-08-16 10:37:45,175800.0,200,Sell,232162412
2024-08-16 10:37:45,175800.0,100,Sell,232162413
2024-08-16 10:37:47,175700.0,100,Sell,232162461
2024-08-16 10:38:03,175700.0,200,Sell,232163053
2024-08-16 10:38:03,175700.0,200,Sell,232163052
2024-08-16 10:38:03,175700.0,200,Sell,232163051
2024-08-16 10:38:07,175600.0,100,Sell,232163190
2024-08-16 10:38:08,175600.0,400,Sell,232163218
2024-08-16 10:38:11,175500.0,100,Sell,232163313
2024-08-16 10:38:25,175500.0,100,Buy,232163693
2024-08-16 10:38:38,175400.0,100,Sell,232164052
2024-08-16 10:38:39,175500.0,100,Buy,232164110
2024-08-16 10:38:40,175300.0,100,Sell,232164131
2024-08-16 10:38:45,175200.0,100,Sell,232164274
2024-08-16 10:38:49,175500.0,100,Buy,232164387
2024-08-16 10:38:49,175500.0,200,Buy,232164388
2024-08-16 10:39:04,175000.0,100,Sell,232164823
2024-08-16 10:39:04,175000.0,200,Sell,232164820
2024-08-16 10:39:04,175100.0,200,Sell,232164818
2024-08-16 10:39:04,175000.0,100,Sell,232164819
2024-08-16 10:39:07,175400.0,500,Buy,232164898
2024-08-16 10:39:07,175500.0,300,Buy,232164899
2024-08-16 10:39:07,175500.0,100,Buy,232164900
2024-08-16 10:39:07,175500.0,100,Buy,232164901
2024-08-16 10:39:07,175500.0,500,Buy,232164902
2024-08-16 10:39:24,175300.0,300,Sell,232165402
2024-08-16 10:39:24,175200.0,100,Sell,232165403
2024-08-16 10:39:26,175500.0,200,Buy,232165460
2024-08-16 10:39:26,175500.0,100,Buy,232165459
2024-08-16 10:39:26,175500.0,100,Buy,232165458
2024-08-16 10:39:26,175200.0,300,Buy,232165456
2024-08-16 10:39:26,175100.0,100,Sell,232165454
2024-08-16 10:39:26,175500.0,700,Buy,232165457
2024-08-16 10:39:27,175100.0,100,Sell,232165477
2024-08-16 10:39:32,175500.0,100,Buy,232165586
2024-08-16 10:39:42,175500.0,200,Buy,232165978
2024-08-16 10:39:49,175500.0,100,Sell,232166143
2024-08-16 10:39:50,175100.0,100,Sell,232166194
2024-08-16 10:40:03,175100.0,100,Sell,232166528
2024-08-16 10:40:14,175200.0,100,Sell,232166950
2024-08-16 10:40:37,175100.0,100,Sell,232167765
2024-08-16 10:40:39,175200.0,100,Buy,232167820
2024-08-16 10:40:41,175100.0,100,Sell,232167869
2024-08-16 10:41:01,175100.0,100,Sell,232168478
2024-08-16 10:41:02,175100.0,100,Sell,232168502
2024-08-16 10:41:03,175100.0,200,Sell,232168521
2024-08-16 10:41:03,175100.0,100,Sell,232168522
2024-08-16 10:41:03,175100.0,2000,Sell,232168523
2024-08-16 10:41:03,175100.0,600,Sell,232168524
2024-08-16 10:41:15,175100.0,4400,Sell,232168872
2024-08-16 10:41:15,175100.0,100,Sell,232168873
2024-08-16 10:41:15,175100.0,300,Sell,232168874
2024-08-16 10:41:15,175100.0,200,Sell,232168875
2024-08-16 10:41:16,175100.0,100,Sell,232168898
2024-08-16 10:41:16,175100.0,500,Sell,232168897
2024-08-16 10:41:16,175100.0,100,Sell,232168894
2024-08-16 10:41:16,175100.0,200,Sell,232168895
2024-08-16 10:41:16,175100.0,100,Sell,232168896
2024-08-16 10:41:16,175100.0,100,Sell,232168893
2024-08-16 10:41:21,175000.0,100,Sell,232169016
2024-08-16 10:41:22,175000.0,2000,Sell,232169099
2024-08-16 10:41:22,175000.0,1000,Sell,232169098
2024-08-16 10:41:22,175000.0,1000,Sell,232169097
2024-08-16 10:41:22,175000.0,500,Sell,232169096
2024-08-16 10:41:22,175000.0,100,Sell,232169091
2024-08-16 10:41:22,175000.0,100,Sell,232169094
2024-08-16 10:41:22,175000.0,200,Sell,232169092
2024-08-16 10:41:22,175000.0,200,Sell,232169095
2024-08-16 10:41:22,175000.0,700,Sell,232169093
2024-08-16 10:41:26,175000.0,100,Sell,232169226
2024-08-16 10:41:52,175100.0,100,Sell,232169835
2024-08-16 10:41:54,175100.0,500,Sell,232169903
2024-08-16 10:41:54,175000.0,500,Sell,232169904
2024-08-16 10:41:58,175000.0,100,Sell,232170010
2024-08-16 10:42:04,175100.0,100,Buy,232170315
2024-08-16 10:42:10,175100.0,600,Buy,232170435
2024-08-16 10:42:10,175100.0,400,Buy,232170436
2024-08-16 10:42:11,175000.0,100,Sell,232170455
2024-08-16 10:42:11,175000.0,100,Sell,232170456
2024-08-16 10:42:11,175000.0,300,Sell,232170454
2024-08-16 10:42:15,175000.0,100,Sell,232170544
2024-08-16 10:42:23,175000.0,200,Sell,232170737
2024-08-16 10:42:31,175100.0,100,Buy,232170912
2024-08-16 10:42:37,175000.0,100,Sell,232171056
2024-08-16 10:42:39,175000.0,100,Sell,232171134
2024-08-16 10:42:40,175000.0,100,Sell,232171145
2024-08-16 10:43:03,175100.0,100,Sell,232171699
2024-08-16 10:43:16,175100.0,100,Sell,232171997
2024-08-16 10:43:26,175100.0,100,Sell,232172214
2024-08-16 10:43:39,175100.0,200,Sell,232172443
2024-08-16 10:43:41,175100.0,100,Sell,232172458
2024-08-16 10:43:45,175100.0,500,Sell,232172648
2024-08-16 10:43:49,175100.0,100,Sell,232172732
2024-08-16 10:43:52,175100.0,100,Sell,232172801
2024-08-16 10:44:11,175100.0,1000,Sell,232173270
2024-08-16 10:44:12,175100.0,100,Sell,232173286
2024-08-16 10:44:15,175100.0,100,Sell,232173343
2024-08-16 10:44:21,175100.0,400,Sell,232173463
2024-08-16 10:44:30,175100.0,100,Sell,232173788
2024-08-16 10:44:36,175100.0,100,Sell,232173889
2024-08-16 10:44:59,175100.0,100,Sell,232174352
2024-08-16 10:45:01,175100.0,100,Sell,232174428
2024-08-16 10:45:10,175100.0,100,Sell,232174609
2024-08-16 10:45:19,175100.0,100,Sell,232174797
2024-08-16 10:45:23,175100.0,100,Sell,232174890
2024-08-16 10:45:26,175100.0,800,Sell,232174965
2024-08-16 10:45:26,175100.0,200,Sell,232174966
2024-08-16 10:45:43,175200.0,300,Buy,232175363
2024-08-16 10:45:47,175100.0,100,Sell,232175473
2024-08-16 10:45:48,175100.0,100,Sell,232175600
2024-08-16 10:46:08,175200.0,300,Buy,232176105
2024-08-16 10:46:12,175100.0,100,Sell,232176185
2024-08-16 10:46:19,175200.0,1000,Buy,232176366
2024-08-16 10:46:27,175100.0,100,Sell,232176540
2024-08-16 10:46:27,175100.0,1000,Sell,232176544
2024-08-16 10:46:34,175100.0,100,Sell,232176696
2024-08-16 10:46:48,175100.0,100,Sell,232176968
2024-08-16 10:46:57,175100.0,100,Sell,232177212
2024-08-16 10:47:04,175100.0,100,Sell,232177308
2024-08-16 10:47:07,175100.0,200,Sell,232177348
2024-08-16 10:47:07,175100.0,100,Sell,232177349
2024-08-16 10:47:07,175100.0,300,Sell,232177350
2024-08-16 10:47:20,175100.0,100,Sell,232177670
2024-08-16 10:47:21,175200.0,200,Buy,232177693
2024-08-16 10:47:21,175100.0,200,Sell,232177695
2024-08-16 10:47:42,175100.0,100,Sell,232178145
2024-08-16 10:47:42,175200.0,1000,Buy,232178146
2024-08-16 10:47:42,175100.0,100,Sell,232178149
2024-08-16 10:47:54,175100.0,200,Sell,232178455
2024-08-16 10:47:54,175100.0,300,Sell,232178456
2024-08-16 10:47:57,175100.0,100,Sell,232178508
2024-08-16 10:48:00,175200.0,600,Buy,232178542
2024-08-16 10:48:02,175200.0,400,Buy,232178577
2024-08-16 10:48:02,175200.0,100,Buy,232178576
2024-08-16 10:48:02,175200.0,100,Buy,232178574
2024-08-16 10:48:02,175200.0,200,Buy,232178573
2024-08-16 10:48:02,175200.0,1000,Buy,232178575
2024-08-16 10:48:04,175200.0,600,Buy,232178623
2024-08-16 10:48:05,175200.0,100,Sell,232178626
2024-08-16 10:48:17,175200.0,100,Sell,232178873
2024-08-16 10:48:19,175100.0,600,Sell,232178916
2024-08-16 10:48:19,175100.0,200,Sell,232178917
2024-08-16 10:48:19,175100.0,1000,Sell,232178918
2024-08-16 10:48:19,175100.0,1200,Sell,232178919
2024-08-16 10:48:20,175100.0,100,Sell,232178932
2024-08-16 10:48:21,175100.0,100,Sell,232178996
2024-08-16 10:48:21,175100.0,700,Sell,232178994
2024-08-16 10:48:21,175100.0,1000,Sell,232178995
2024-08-16 10:48:27,175200.0,100,Sell,232179195
2024-08-16 10:48:37,175100.0,900,Sell,232179459
2024-08-16 10:48:37,175100.0,1500,Sell,232179460
2024-08-16 10:48:37,175100.0,200,Sell,232179461
2024-08-16 10:48:37,175100.0,100,Sell,232179462
2024-08-16 10:48:51,175100.0,100,Sell,232179750
2024-08-16 10:48:58,175100.0,100,Sell,232179911
2024-08-16 10:49:02,175100.0,100,Sell,232180046
2024-08-16 10:49:02,175100.0,1900,Sell,232180045
2024-08-16 10:49:13,175000.0,100,Sell,232180389
2024-08-16 10:49:38,175000.0,200,Sell,232181414
2024-08-16 10:49:38,175100.0,100,Sell,232181401
2024-08-16 10:49:40,175000.0,100,Sell,232181609
2024-08-16 10:49:55,175100.0,100,Sell,232182187
2024-08-16 10:49:58,175100.0,800,Sell,232182261
2024-08-16 10:49:59,175100.0,100,Sell,232182300
2024-08-16 10:50:03,175000.0,100,Sell,232182399
2024-08-16 10:50:13,175000.0,100,Sell,232182611
2024-08-16 10:50:26,175100.0,100,Sell,232183047
2024-08-16 10:50:49,175200.0,300,Buy,232184049
2024-08-16 10:50:49,175200.0,300,Buy,232184061
2024-08-16 10:50:50,175200.0,100,Sell,232184099
2024-08-16 10:50:52,175200.0,100,Sell,232184162
2024-08-16 10:51:13,175200.0,100,Sell,232185325
2024-08-16 10:51:17,175200.0,500,Sell,232185565
2024-08-16 10:51:17,175200.0,400,Sell,232185566
2024-08-16 10:51:17,175200.0,100,Sell,232185564
2024-08-16 10:51:23,175200.0,100,Sell,232185917
2024-08-16 10:51:25,175200.0,100,Buy,232185937
2024-08-16 10:51:31,175100.0,100,Sell,232186257
2024-08-16 10:51:36,175100.0,100,Sell,232186450
2024-08-16 10:51:46,175200.0,100,Buy,232187012
2024-08-16 10:51:58,175200.0,100,Sell,232187395
2024-08-16 10:52:09,175200.0,100,Sell,232187893
2024-08-16 10:52:22,175200.0,100,Sell,232188547
2024-08-16 10:52:45,175200.0,100,Sell,232189706
2024-08-16 10:52:47,175200.0,100,Sell,232189808
2024-08-16 10:52:56,175300.0,100,Buy,232190176
2024-08-16 10:52:58,175300.0,900,Buy,232190456
2024-08-16 10:52:58,175300.0,1000,Buy,232190457
2024-08-16 10:53:03,175300.0,200,Buy,232190691
2024-08-16 10:53:07,175300.0,100,Sell,232190824
2024-08-16 10:53:08,175500.0,200,Buy,232190933
2024-08-16 10:53:08,175500.0,100,Buy,232190932
2024-08-16 10:53:08,175400.0,1000,Buy,232190929
2024-08-16 10:53:08,175500.0,100,Buy,232190931
2024-08-16 10:53:08,175400.0,100,Buy,232190927
2024-08-16 10:53:08,175400.0,300,Buy,232190926
2024-08-16 10:53:08,175400.0,1000,Buy,232190925
2024-08-16 10:53:08,175400.0,2000,Buy,232190928
2024-08-16 10:53:08,175500.0,200,Buy,232190930
2024-08-16 10:55:22,175500.0,300,Buy,232198015
2024-08-16 10:55:27,175500.0,500,Buy,232198260
2024-08-16 10:55:42,175400.0,100,Sell,232199096
2024-08-16 10:55:42,175400.0,100,Sell,232199097
2024-08-16 10:55:42,175400.0,300,Sell,232199098
2024-08-16 10:55:43,175400.0,300,Sell,232199177
2024-08-16 10:56:00,175500.0,200,Buy,232200303
2024-08-16 10:56:33,175400.0,200,Sell,232202222
2024-08-16 10:56:34,175400.0,100,Sell,232202284
2024-08-16 10:56:34,175400.0,200,Sell,232202283
2024-08-16 10:56:36,175400.0,300,Sell,232202510
2024-08-16 10:56:37,175400.0,200,Sell,232202526
2024-08-16 10:57:00,175300.0,200,Sell,232203967
2024-08-16 10:57:15,175300.0,200,Sell,232204908
2024-08-16 10:57:23,175300.0,100,Sell,232205320
2024-08-16 10:57:23,175300.0,200,Sell,232205328
2024-08-16 10:57:46,175300.0,200,Sell,232206625
2024-08-16 10:57:52,175300.0,100,Sell,232206922
2024-08-16 10:57:52,175300.0,100,Sell,232206923
2024-08-16 10:58:11,175300.0,200,Sell,232207910
2024-08-16 10:58:30,175200.0,200,Sell,232208940
2024-08-16 10:58:32,175200.0,100,Sell,232209027
2024-08-16 10:58:32,175200.0,100,Sell,232209026
2024-08-16 10:58:55,175200.0,200,Sell,232210201
2024-08-16 10:59:09,175400.0,100,Buy,232210945
2024-08-16 10:59:09,175200.0,200,Sell,232210946
2024-08-16 10:59:16,175200.0,100,Sell,232211259
2024-08-16 10:59:19,175200.0,200,Sell,232211452
2024-08-16 10:59:41,175200.0,200,Sell,232212605
2024-08-16 10:59:47,175200.0,200,Sell,232212896
2024-08-16 11:00:03,175200.0,200,Sell,232214120
2024-08-16 11:00:25,175200.0,200,Sell,232215460
2024-08-16 11:00:26,175200.0,200,Sell,232215464
2024-08-16 11:00:48,175200.0,200,Sell,232216519
2024-08-16 11:01:00,175200.0,1000,Sell,232217123
2024-08-16 11:01:03,175200.0,200,Sell,232217219
2024-08-16 11:01:12,175200.0,200,Sell,232217735
2024-08-16 11:01:37,175200.0,200,Sell,232218859
2024-08-16 11:01:43,175200.0,500,Sell,232219141
2024-08-16 11:01:43,175200.0,200,Sell,232219143
2024-08-16 11:01:59,175200.0,200,Sell,232220137
2024-08-16 11:02:21,175300.0,200,Sell,232221207
2024-08-16 11:02:22,175300.0,200,Sell,232221253
2024-08-16 11:02:23,175300.0,100,Sell,232221320
2024-08-16 11:02:32,175300.0,1100,Sell,232221840
2024-08-16 11:02:47,175300.0,200,Sell,232222533
2024-08-16 11:02:58,175300.0,100,Sell,232223053
2024-08-16 11:02:58,175300.0,200,Sell,232223054
2024-08-16 11:02:58,175300.0,200,Sell,232223052
2024-08-16 11:02:59,175300.0,200,Sell,232223128
2024-08-16 11:03:00,175400.0,200,Buy,232223137
2024-08-16 11:03:00,175400.0,300,Buy,232223138
2024-08-16 11:03:10,175300.0,200,Sell,232223652
2024-08-16 11:03:12,175300.0,500,Sell,232223781
2024-08-16 11:03:16,175400.0,700,Buy,232223907
2024-08-16 11:03:33,175300.0,200,Sell,232224602
2024-08-16 11:03:36,175300.0,200,Sell,232224690
2024-08-16 11:03:43,175300.0,1000,Sell,232225010
2024-08-16 11:03:50,175400.0,1000,Buy,232225301
2024-08-16 11:03:50,175400.0,100,Buy,232225302
2024-08-16 11:03:56,175300.0,200,Sell,232225546
2024-08-16 11:04:02,175300.0,700,Sell,232225737
2024-08-16 11:04:02,175300.0,300,Sell,232225736
2024-08-16 11:04:08,175400.0,200,Sell,232225963
2024-08-16 11:04:14,175300.0,200,Sell,232226176
2024-08-16 11:04:19,175300.0,100,Sell,232226384
2024-08-16 11:04:19,175300.0,100,Sell,232226383
2024-08-16 11:04:32,175400.0,800,Buy,232226887
2024-08-16 11:04:32,175400.0,200,Buy,232226888
2024-08-16 11:04:39,175500.0,100,Buy,232227170
2024-08-16 11:04:41,175300.0,200,Sell,232227226
2024-08-16 11:04:52,175300.0,200,Sell,232227609
2024-08-16 11:04:53,175300.0,200,Sell,232227667
2024-08-16 11:04:53,175300.0,700,Sell,232227668
2024-08-16 11:04:53,175300.0,100,Sell,232227665
2024-08-16 11:04:53,175300.0,1000,Sell,232227666
2024-08-16 11:05:04,175400.0,1400,Buy,232228100
2024-08-16 11:05:04,175400.0,100,Buy,232228099
2024-08-16 11:05:07,175400.0,200,Sell,232228188
2024-08-16 11:05:27,175400.0,300,Sell,232228868
2024-08-16 11:05:29,175400.0,100,Sell,232228936
2024-08-16 11:05:30,175300.0,200,Sell,232228954
2024-08-16 11:05:31,175300.0,200,Sell,232229021
2024-08-16 11:05:37,175300.0,100,Sell,232229235
2024-08-16 11:05:51,175300.0,200,Sell,232229738
2024-08-16 11:06:08,175300.0,200,Sell,232230446
2024-08-16 11:06:15,175300.0,200,Sell,232230646
2024-08-16 11:06:15,175300.0,200,Sell,232230659
2024-08-16 11:06:38,175300.0,200,Sell,232231498
2024-08-16 11:06:46,175300.0,200,Sell,232231757
2024-08-16 11:06:54,175300.0,600,Sell,232232119
2024-08-16 11:06:54,175300.0,100,Sell,232232120
2024-08-16 11:06:59,175300.0,1000,Sell,232232273
2024-08-16 11:06:59,175300.0,2000,Sell,232232274
2024-08-16 11:06:59,175300.0,100,Sell,232232275
2024-08-16 11:07:01,175300.0,900,Buy,232232356
2024-08-16 11:07:02,175200.0,200,Sell,232232417
2024-08-16 11:07:18,175400.0,100,Buy,232233004
2024-08-16 11:07:24,175200.0,200,Sell,232233190
2024-08-16 11:07:25,175200.0,300,Sell,232233211
2024-08-16 11:07:49,175200.0,300,Sell,232234013
2024-08-16 11:07:54,175200.0,4500,Sell,232234229
2024-08-16 11:07:54,175200.0,100,Sell,232234230
2024-08-16 11:07:54,175200.0,100,Sell,232234231
2024-08-16 11:07:54,175200.0,1300,Sell,232234232
2024-08-16 11:08:02,175200.0,200,Sell,232234517
2024-08-16 11:08:12,175200.0,300,Sell,232234822
2024-08-16 11:08:35,175200.0,400,Sell,232235614
2024-08-16 11:08:35,175200.0,300,Sell,232235617
2024-08-16 11:08:35,175200.0,100,Sell,232235612
2024-08-16 11:08:35,175200.0,300,Sell,232235613
2024-08-16 11:08:35,175200.0,200,Sell,232235611
2024-08-16 11:08:38,175500.0,800,Buy,232235726
2024-08-16 11:08:38,175500.0,400,Buy,232235721
2024-08-16 11:08:38,175500.0,100,Buy,232235720
2024-08-16 11:08:38,175500.0,200,Buy,232235719
2024-08-16 11:08:38,175400.0,1000,Buy,232235714
2024-08-16 11:08:38,175500.0,3000,Buy,232235717
2024-08-16 11:08:38,175400.0,800,Buy,232235715
2024-08-16 11:08:38,175500.0,100,Buy,232235718
2024-08-16 11:08:38,175500.0,1000,Buy,232235716
2024-08-16 11:08:40,175500.0,3000,Sell,232235824
2024-08-16 11:08:41,175500.0,200,Sell,232235869
2024-08-16 11:08:41,175500.0,2600,Sell,232235870
2024-08-16 11:08:42,175500.0,2100,Sell,232235891
2024-08-16 11:08:58,175200.0,300,Sell,232236383
2024-08-16 11:09:20,175200.0,200,Sell,232237027
2024-08-16 11:09:21,175200.0,300,Sell,232237070
2024-08-16 11:09:34,175200.0,200,Sell,232237476
2024-08-16 11:09:44,175200.0,300,Sell,232237752
2024-08-16 11:09:44,175200.0,100,Sell,232237767
2024-08-16 11:09:44,175200.0,100,Sell,232237768
2024-08-16 11:09:57,175200.0,100,Sell,232238137
2024-08-16 11:09:57,175200.0,100,Sell,232238135
2024-08-16 11:09:57,175200.0,100,Sell,232238136
2024-08-16 11:10:07,175200.0,200,Sell,232238457
2024-08-16 11:10:07,175200.0,100,Sell,232238458
2024-08-16 11:10:20,175300.0,100,Sell,232238987
2024-08-16 11:10:31,175200.0,300,Sell,232239397
2024-08-16 11:10:35,175200.0,100,Sell,232239553
2024-08-16 11:10:35,175200.0,200,Sell,232239554
2024-08-16 11:10:54,175200.0,300,Sell,232240137
2024-08-16 11:11:14,175200.0,200,Sell,232240604
2024-08-16 11:11:14,175200.0,100,Sell,232240605
2024-08-16 11:11:18,175200.0,100,Sell,232240714
2024-08-16 11:11:18,175200.0,200,Sell,232240715
2024-08-16 11:11:41,175200.0,300,Sell,232241410
2024-08-16 11:11:51,175200.0,300,Sell,232241708
2024-08-16 11:12:03,175200.0,200,Sell,232242062
2024-08-16 11:12:03,175200.0,100,Sell,232242063
2024-08-16 11:12:27,175200.0,200,Sell,232242794
2024-08-16 11:12:27,175200.0,100,Sell,232242793
2024-08-16 11:12:30,175200.0,300,Sell,232242878
2024-08-16 11:12:51,175200.0,300,Sell,232243525
2024-08-16 11:13:09,175200.0,300,Sell,232244020
2024-08-16 11:13:14,175200.0,300,Sell,232244212
2024-08-16 11:13:38,175200.0,300,Sell,232244907
2024-08-16 11:13:48,175200.0,300,Sell,232245208
2024-08-16 11:14:00,175200.0,300,Sell,232245641
2024-08-16 11:14:23,175200.0,300,Sell,232246336
2024-08-16 11:14:27,175200.0,300,Sell,232246407
2024-08-16 11:14:46,175200.0,200,Sell,232247028
2024-08-16 11:14:46,175200.0,100,Sell,232247027
2024-08-16 11:14:53,175300.0,200,Buy,232247209
2024-08-16 11:14:54,175200.0,800,Sell,232247245
2024-08-16 11:15:04,175200.0,300,Sell,232247467
2024-08-16 11:15:09,175200.0,300,Sell,232247573
2024-08-16 11:15:32,175200.0,300,Sell,232248212
2024-08-16 11:15:44,175200.0,100,Sell,232248566
2024-08-16 11:15:44,175200.0,100,Sell,232248567
2024-08-16 11:15:44,175200.0,100,Sell,232248568
2024-08-16 11:15:56,175200.0,300,Sell,232248967
2024-08-16 11:15:56,175200.0,100,Sell,232248983
2024-08-16 11:15:59,175200.0,500,Sell,232249102
2024-08-16 11:15:59,175200.0,200,Sell,232249103
2024-08-16 11:15:59,175200.0,100,Sell,232249104
2024-08-16 11:16:13,175100.0,4800,Sell,232249579
2024-08-16 11:16:13,175100.0,100,Sell,232249578
2024-08-16 11:16:13,175100.0,100,Sell,232249577
2024-08-16 11:16:20,175100.0,300,Sell,232249755
2024-08-16 11:16:21,175100.0,900,Sell,232249771
2024-08-16 11:16:23,175100.0,300,Sell,232249850
2024-08-16 11:16:24,175100.0,900,Sell,232249898
2024-08-16 11:16:36,175100.0,1100,Sell,232250365
2024-08-16 11:16:42,175100.0,300,Sell,232250639
2024-08-16 11:16:56,175200.0,100,Buy,232250994
2024-08-16 11:17:05,175100.0,300,Sell,232251293
2024-08-16 11:17:06,175100.0,300,Sell,232251320
2024-08-16 11:17:10,175100.0,1200,Sell,232251426
2024-08-16 11:17:10,175100.0,800,Sell,232251425
2024-08-16 11:17:27,175100.0,300,Sell,232252022
2024-08-16 11:17:39,175100.0,300,Sell,232252298
2024-08-16 11:17:45,175100.0,100,Sell,232252429
2024-08-16 11:17:50,175100.0,100,Sell,232252542
2024-08-16 11:17:50,175100.0,100,Sell,232252543
2024-08-16 11:17:50,175100.0,100,Sell,232252544
2024-08-16 11:18:14,175000.0,200,Sell,232253176
2024-08-16 11:18:14,175000.0,100,Sell,232253177
2024-08-16 11:18:18,175000.0,300,Sell,232253265
2024-08-16 11:18:37,175000.0,300,Sell,232253792
2024-08-16 11:18:54,175000.0,3200,Sell,232254196
2024-08-16 11:18:56,175000.0,300,Sell,232254249
2024-08-16 11:18:57,175000.0,800,Sell,232254279
2024-08-16 11:18:57,175000.0,300,Sell,232254280
2024-08-16 11:18:57,175000.0,1000,Sell,232254281
2024-08-16 11:18:57,175000.0,700,Sell,232254282
2024-08-16 11:18:57,175000.0,100,Sell,232254283
2024-08-16 11:18:57,175000.0,200,Sell,232254284
2024-08-16 11:18:57,175000.0,3300,Sell,232254285
2024-08-16 11:18:57,175000.0,200,Sell,232254286
2024-08-16 11:18:58,175000.0,100,Sell,232254302
2024-08-16 11:18:58,175000.0,300,Sell,232254300
2024-08-16 11:18:58,175000.0,200,Sell,232254301
2024-08-16 11:19:00,175000.0,300,Sell,232254380
2024-08-16 11:19:01,175000.0,200,Sell,232254392
2024-08-16 11:19:24,174900.0,300,Sell,232254975
2024-08-16 11:19:25,174900.0,1200,Sell,232254994
2024-08-16 11:19:25,174900.0,100,Sell,232254995
2024-08-16 11:19:25,174900.0,100,Sell,232254996
2024-08-16 11:19:35,174800.0,100,Sell,232255197
2024-08-16 11:19:35,174800.0,200,Sell,232255198
2024-08-16 11:19:36,174700.0,300,Sell,232255214
2024-08-16 11:19:46,174500.0,200,Sell,232255461
2024-08-16 11:19:46,174500.0,100,Sell,232255462
2024-08-16 11:19:47,174500.0,200,Sell,232255480
2024-08-16 11:19:48,174900.0,1000,Buy,232255483
2024-08-16 11:19:48,174900.0,1000,Buy,232255482
2024-08-16 11:20:10,174200.0,200,Sell,232255987
2024-08-16 11:20:10,174000.0,100,Sell,232255988
2024-08-16 11:20:13,174000.0,300,Sell,232256064
2024-08-16 11:20:32,174000.0,300,Sell,232256534
2024-08-16 11:20:51,174100.0,300,Sell,232256954
2024-08-16 11:20:56,174000.0,300,Sell,232257084
2024-08-16 11:21:21,174200.0,200,Sell,232257600
2024-08-16 11:21:21,174100.0,100,Sell,232257601
2024-08-16 11:21:30,174100.0,200,Sell,232257800
2024-08-16 11:21:30,174100.0,100,Sell,232257799
2024-08-16 11:21:33,174900.0,100,Buy,232257931
2024-08-16 11:21:44,174200.0,300,Sell,232258193
2024-08-16 11:21:55,174300.0,100,Sell,232258405
2024-08-16 11:22:08,174300.0,100,Sell,232258723
2024-08-16 11:22:08,174200.0,200,Sell,232258724
2024-08-16 11:22:09,174200.0,300,Sell,232258750
2024-08-16 11:22:33,174200.0,200,Sell,232259240
2024-08-16 11:22:33,174200.0,100,Sell,232259241
2024-08-16 11:22:33,174100.0,100,Sell,232259242
2024-08-16 11:22:47,174100.0,200,Sell,232259534
2024-08-16 11:22:47,174100.0,100,Sell,232259535
2024-08-16 11:22:58,174100.0,400,Sell,232259919
2024-08-16 11:23:15,174100.0,100,Sell,232260349
2024-08-16 11:23:15,174100.0,200,Sell,232260350
2024-08-16 11:23:15,174100.0,100,Sell,232260348
2024-08-16 11:23:20,174000.0,400,Sell,232260454
2024-08-16 11:23:22,174100.0,200,Buy,232260502
2024-08-16 11:23:25,174000.0,400,Sell,232260649
2024-08-16 11:23:43,174000.0,400,Sell,232261039
2024-08-16 11:24:03,174000.0,400,Sell,232261425
2024-08-16 11:24:05,174000.0,400,Sell,232261457
2024-08-16 11:24:28,174000.0,400,Sell,232261987
2024-08-16 11:24:41,174000.0,100,Sell,232262302
2024-08-16 11:24:41,174000.0,100,Sell,232262301
2024-08-16 11:24:41,174000.0,100,Sell,232262299
2024-08-16 11:24:41,174000.0,100,Sell,232262300
2024-08-16 11:24:51,174000.0,400,Sell,232262497
2024-08-16 11:25:05,174000.0,1000,Sell,232262802
2024-08-16 11:25:14,174000.0,400,Sell,232262980
2024-08-16 11:25:20,174000.0,100,Sell,232263234
2024-08-16 11:25:20,174100.0,100,Sell,232263231
2024-08-16 11:25:20,174000.0,100,Sell,232263232
2024-08-16 11:25:20,174000.0,100,Sell,232263233
2024-08-16 11:25:23,174000.0,100,Sell,232263293
2024-08-16 11:25:37,174000.0,100,Sell,232263607
2024-08-16 11:25:37,173800.0,100,Sell,232263608
2024-08-16 11:25:37,173800.0,100,Sell,232263609
2024-08-16 11:25:37,173800.0,100,Sell,232263610
2024-08-16 11:25:37,173800.0,100,Sell,232263611
2024-08-16 11:25:59,173800.0,300,Sell,232263995
2024-08-16 11:25:59,173500.0,100,Sell,232263996
2024-08-16 11:26:01,173500.0,300,Sell,232264056
2024-08-16 11:26:01,173500.0,200,Sell,232264057
2024-08-16 11:26:24,173600.0,500,Sell,232264518
2024-08-16 11:26:36,173600.0,300,Sell,232264721
2024-08-16 11:26:37,173600.0,400,Sell,232264759
2024-08-16 11:26:48,173700.0,500,Sell,232264988
2024-08-16 11:26:56,173600.0,100,Sell,232265170
2024-08-16 11:26:56,173600.0,100,Sell,232265171
2024-08-16 11:27:09,173600.0,100,Sell,232265525
2024-08-16 11:27:11,173600.0,100,Sell,232265568
2024-08-16 11:27:11,173600.0,200,Sell,232265567
2024-08-16 11:27:11,173600.0,100,Sell,232265566
2024-08-16 11:27:11,173600.0,100,Sell,232265565
2024-08-16 11:27:16,173500.0,100,Sell,232265695
2024-08-16 11:27:16,173500.0,100,Sell,232265694
2024-08-16 11:27:16,173600.0,100,Sell,232265683
2024-08-16 11:27:16,173500.0,200,Sell,232265684
2024-08-16 11:27:16,173500.0,100,Sell,232265685
2024-08-16 11:27:36,173500.0,200,Sell,232266169
2024-08-16 11:27:37,173500.0,700,Sell,232266192
2024-08-16 11:27:56,173600.0,100,Sell,232266614
2024-08-16 11:27:56,173600.0,100,Sell,232266615
2024-08-16 11:27:56,173600.0,400,Sell,232266616
2024-08-16 11:28:01,173500.0,200,Sell,232266723
2024-08-16 11:28:01,173600.0,500,Sell,232266721
2024-08-16 11:28:01,173600.0,100,Sell,232266722
2024-08-16 11:28:16,173500.0,100,Sell,232267082
2024-08-16 11:28:16,173600.0,100,Sell,232267081
2024-08-16 12:59:38,173800.0,100,Buy,232269439
2024-08-16 12:59:50,174500.0,100,Buy,232272893
2024-08-16 12:59:50,174700.0,100,Buy,232272894
2024-08-16 12:59:50,174700.0,100,Buy,232272895
2024-08-16 13:00:07,173700.0,100,Sell,232274865
2024-08-16 13:00:19,174000.0,100,Buy,232276006
2024-08-16 13:00:35,173700.0,200,Sell,232276896
2024-08-16 13:00:51,173700.0,100,Sell,232277509
2024-08-16 13:00:56,173700.0,100,Sell,232277639
2024-08-16 13:01:02,175000.0,500,Buy,232278039
2024-08-16 13:01:02,174900.0,300,Buy,232278038
2024-08-16 13:01:02,174500.0,1000,Buy,232278032
2024-08-16 13:01:02,174900.0,100,Buy,232278033
2024-08-16 13:01:02,174900.0,100,Buy,232278034
2024-08-16 13:01:15,173700.0,200,Sell,232278814
2024-08-16 13:01:36,174000.0,200,Sell,232279599
2024-08-16 13:01:54,174000.0,700,Sell,232280457
2024-08-16 13:01:56,174000.0,200,Sell,232280552
2024-08-16 13:02:16,174900.0,200,Sell,232281257
2024-08-16 13:02:31,175000.0,200,Buy,232281838
2024-08-16 13:02:36,174100.0,200,Sell,232282031
2024-08-16 13:02:56,174200.0,200,Sell,232283165
2024-08-16 13:03:16,174200.0,200,Sell,232284093
2024-08-16 13:03:36,174100.0,100,Sell,232284903
2024-08-16 13:03:36,174200.0,100,Sell,232284902
2024-08-16 13:03:47,174900.0,100,Buy,232285446
2024-08-16 13:03:56,174200.0,200,Sell,232285729
2024-08-16 13:04:16,174300.0,200,Sell,232286891
2024-08-16 13:04:18,174300.0,100,Sell,232286963
2024-08-16 13:04:37,174300.0,200,Sell,232288074
2024-08-16 13:04:57,174100.0,100,Sell,232289011
2024-08-16 13:04:57,174100.0,100,Sell,232289012
2024-08-16 13:04:59,174800.0,100,Buy,232289068
2024-08-16 13:05:17,174100.0,200,Sell,232289926
2024-08-16 13:05:37,174100.0,200,Sell,232290942
2024-08-16 13:05:57,174100.0,200,Sell,232291746
2024-08-16 13:06:17,174300.0,200,Sell,232292869
2024-08-16 13:06:38,174500.0,200,Buy,232294052
2024-08-16 13:06:38,174700.0,500,Buy,232294053
2024-08-16 13:06:38,174700.0,100,Buy,232294054
2024-08-16 13:06:38,174800.0,200,Buy,232294055
2024-08-16 13:06:38,174300.0,200,Sell,232294061
2024-08-16 13:06:57,174300.0,100,Sell,232295117
2024-08-16 13:06:57,174300.0,100,Sell,232295118
2024-08-16 13:07:03,174800.0,100,Buy,232295418
2024-08-16 13:07:17,174400.0,200,Sell,232295951
2024-08-16 13:07:38,174500.0,200,Sell,232296876
2024-08-16 13:07:47,174700.0,100,Sell,232297452
2024-08-16 13:07:54,174800.0,100,Buy,232297951
2024-08-16 13:07:58,174600.0,100,Sell,232298123
2024-08-16 13:07:58,174500.0,100,Sell,232298124
2024-08-16 13:08:05,174800.0,100,Buy,232298827
2024-08-16 13:08:05,174800.0,100,Buy,232298872
2024-08-16 13:08:18,174800.0,100,Sell,232299647
2024-08-16 13:08:18,174700.0,100,Sell,232299648
2024-08-16 13:08:25,174800.0,200,Sell,232300203
2024-08-16 13:08:38,174800.0,100,Sell,232301080
2024-08-16 13:08:38,174800.0,100,Sell,232301079
2024-08-16 13:08:39,174800.0,400,Sell,232301137
2024-08-16 13:08:41,174800.0,500,Sell,232301271
2024-08-16 13:08:48,174900.0,500,Buy,232301598
2024-08-16 13:08:55,175000.0,200,Buy,232301970
2024-08-16 13:08:58,174800.0,200,Sell,232302122
2024-08-16 13:09:17,174900.0,100,Sell,232303415
2024-08-16 13:09:17,174800.0,400,Sell,232303416
2024-08-16 13:09:18,174800.0,200,Sell,232303455
2024-08-16 13:09:30,174800.0,100,Sell,232304261
2024-08-16 13:09:33,174800.0,100,Sell,232304400
2024-08-16 13:09:39,174800.0,200,Sell,232304852
2024-08-16 13:09:48,174900.0,300,Buy,232305359
2024-08-16 13:09:48,175000.0,700,Buy,232305360
2024-08-16 13:09:59,174800.0,200,Sell,232306099
2024-08-16 13:10:19,174800.0,200,Sell,232307399
2024-08-16 13:10:35,175000.0,500,Buy,232308488
2024-08-16 13:10:39,174800.0,200,Sell,232308648
2024-08-16 13:10:54,175000.0,1900,Buy,232309595
2024-08-16 13:10:54,175000.0,100,Buy,232309596
2024-08-16 13:10:59,174800.0,200,Sell,232309983
2024-08-16 13:11:00,175000.0,1500,Buy,232310007
2024-08-16 13:11:19,174800.0,200,Sell,232311173
2024-08-16 13:11:40,174900.0,200,Sell,232312516
2024-08-16 13:11:50,174900.0,100,Sell,232313000
2024-08-16 13:12:00,174800.0,100,Sell,232313775
2024-08-16 13:12:00,174800.0,100,Sell,232313776
2024-08-16 13:12:01,174800.0,100,Sell,232313856
2024-08-16 13:12:01,174800.0,300,Sell,232313866
2024-08-16 13:12:01,174800.0,300,Sell,232313867
2024-08-16 13:12:04,175000.0,100,Buy,232314028
2024-08-16 13:12:20,174800.0,200,Sell,232314812
2024-08-16 13:12:30,174900.0,800,Buy,232315598
2024-08-16 13:12:40,174900.0,200,Sell,232316046
2024-08-16 13:13:01,174900.0,200,Sell,232317133
2024-08-16 13:13:02,174900.0,1800,Sell,232317200
2024-08-16 13:13:05,174800.0,400,Sell,232317489
2024-08-16 13:13:06,174800.0,2100,Sell,232317554
2024-08-16 13:13:06,174800.0,100,Sell,232317555
2024-08-16 13:13:21,174500.0,200,Sell,232318288
2024-08-16 13:13:27,174800.0,500,Sell,232318531
2024-08-16 13:13:41,174500.0,200,Sell,232319349
2024-08-16 13:14:01,174500.0,300,Sell,232320579
2024-08-16 13:14:06,174500.0,100,Sell,232320910
2024-08-16 13:14:21,174500.0,200,Sell,232321779
2024-08-16 13:14:21,174500.0,100,Sell,232321778
2024-08-16 13:14:42,174500.0,300,Sell,232322699
2024-08-16 13:14:46,174500.0,100,Sell,232322980
2024-08-16 13:14:56,174500.0,300,Sell,232323505
2024-08-16 13:15:02,174500.0,300,Sell,232323770
2024-08-16 13:15:11,175000.0,300,Buy,232324136
2024-08-16 13:15:11,175000.0,200,Buy,232324130
2024-08-16 13:15:11,175000.0,200,Buy,232324135
2024-08-16 13:15:11,175000.0,400,Buy,232324134
2024-08-16 13:15:11,175000.0,2000,Buy,232324133
2024-08-16 13:15:11,175000.0,100,Buy,232324132
2024-08-16 13:15:11,175000.0,200,Buy,232324131
2024-08-16 13:15:11,175000.0,200,Buy,232324129
2024-08-16 13:15:11,174900.0,400,Buy,232324121
2024-08-16 13:15:11,175000.0,1000,Buy,232324127
2024-08-16 13:15:11,175000.0,100,Buy,232324128
2024-08-16 13:15:11,174900.0,100,Buy,232324122
2024-08-16 13:15:11,175000.0,2300,Buy,232324123
2024-08-16 13:15:11,174900.0,300,Buy,232324120
2024-08-16 13:15:11,175000.0,100,Buy,232324125
2024-08-16 13:15:11,175000.0,400,Buy,232324124
2024-08-16 13:15:11,175000.0,100,Buy,232324126
2024-08-16 13:15:12,175000.0,300,Sell,232324199
2024-08-16 13:15:22,174700.0,300,Sell,232324684
2024-08-16 13:15:35,174800.0,300,Buy,232325292
2024-08-16 13:15:42,174500.0,300,Sell,232325705
2024-08-16 13:15:46,174800.0,200,Buy,232325888
2024-08-16 13:16:02,174600.0,100,Sell,232326682
2024-08-16 13:16:02,174600.0,200,Sell,232326683
2024-08-16 13:16:16,174800.0,100,Buy,232327367
2024-08-16 13:16:22,174600.0,300,Sell,232327616
2024-08-16 13:16:43,174500.0,300,Sell,232328679
2024-08-16 13:17:03,174500.0,300,Sell,232329717
2024-08-16 13:17:23,174500.0,300,Sell,232330588
2024-08-16 13:17:29,174500.0,1400,Sell,232330834
2024-08-16 13:17:29,174500.0,1000,Sell,232330833
2024-08-16 13:17:29,174500.0,600,Sell,232330832
2024-08-16 13:17:43,174500.0,300,Sell,232331602
2024-08-16 13:18:04,174500.0,100,Sell,232332486
2024-08-16 13:18:04,174500.0,100,Sell,232332487
2024-08-16 13:18:04,174500.0,100,Sell,232332488
2024-08-16 13:18:16,174500.0,100,Sell,232333134
2024-08-16 13:18:24,174400.0,100,Sell,232333525
2024-08-16 13:18:24,174400.0,200,Sell,232333526
2024-08-16 13:18:39,174400.0,100,Sell,232334379
2024-08-16 13:18:41,174500.0,100,Buy,232334494
2024-08-16 13:18:44,174400.0,200,Sell,232334577
2024-08-16 13:18:44,174400.0,100,Sell,232334578
2024-08-16 13:19:04,174500.0,100,Sell,232335749
2024-08-16 13:19:04,174400.0,200,Sell,232335750
2024-08-16 13:19:12,174500.0,100,Buy,232336083
2024-08-16 13:19:19,174400.0,700,Sell,232336369
2024-08-16 13:19:19,174400.0,100,Sell,232336370
2024-08-16 13:19:22,174400.0,1000,Buy,232336564
2024-08-16 13:19:24,174300.0,300,Sell,232336692
2024-08-16 13:19:38,174400.0,100,Buy,232337356
2024-08-16 13:19:39,174400.0,1700,Buy,232337371
2024-08-16 13:19:41,174400.0,1400,Buy,232337488
2024-08-16 13:19:44,174300.0,200,Sell,232337621
2024-08-16 13:19:44,174400.0,100,Sell,232337620
2024-08-16 13:19:46,174800.0,100,Buy,232337727
2024-08-16 13:19:46,175000.0,100,Buy,232337729
2024-08-16 13:19:46,174800.0,100,Buy,232337726
2024-08-16 13:19:46,175000.0,300,Buy,232337728
2024-08-16 13:20:05,174400.0,100,Sell,232338743
2024-08-16 13:20:05,174300.0,200,Sell,232338744
2024-08-16 13:20:25,174400.0,100,Sell,232339537
2024-08-16 13:20:25,174300.0,200,Sell,232339538
2024-08-16 13:20:28,174900.0,100,Buy,232339705
2024-08-16 13:20:41,174900.0,1000,Buy,232340506
2024-08-16 13:20:45,174500.0,300,Sell,232340652
2024-08-16 13:20:46,174900.0,200,Buy,232340685
2024-08-16 13:20:52,174900.0,700,Buy,232340969
2024-08-16 13:20:59,174900.0,100,Buy,232341426
2024-08-16 13:21:04,174900.0,100,Buy,232341655
2024-08-16 13:21:05,174900.0,200,Sell,232341750
2024-08-16 13:21:05,174500.0,100,Sell,232341751
2024-08-16 13:21:25,174500.0,100,Sell,232342726
2024-08-16 13:21:25,174500.0,200,Sell,232342727
2024-08-16 13:21:40,174700.0,100,Buy,232343352
2024-08-16 13:21:46,174500.0,100,Sell,232343552
2024-08-16 13:21:46,174500.0,100,Sell,232343553
2024-08-16 13:21:46,174500.0,100,Sell,232343554
2024-08-16 13:22:06,174500.0,300,Sell,232344486
2024-08-16 13:22:13,174500.0,900,Sell,232344808
2024-08-16 13:22:13,174500.0,100,Sell,232344807
2024-08-16 13:22:28,174500.0,300,Sell,232345542
2024-08-16 13:22:37,174600.0,400,Buy,232345934
2024-08-16 13:22:45,174600.0,200,Buy,232346335
2024-08-16 13:22:46,174500.0,300,Sell,232346396
2024-08-16 13:22:47,174600.0,1000,Buy,232346507
2024-08-16 13:23:07,174500.0,300,Sell,232347427
2024-08-16 13:23:11,174500.0,200,Sell,232347740
2024-08-16 13:23:11,174500.0,100,Sell,232347743
2024-08-16 13:23:27,174500.0,100,Sell,232348491
2024-08-16 13:23:27,174500.0,700,Sell,232348490
2024-08-16 13:23:27,174500.0,100,Sell,232348489
2024-08-16 13:23:27,174500.0,500,Sell,232348488
2024-08-16 13:23:27,174500.0,200,Sell,232348459
2024-08-16 13:23:27,174500.0,200,Sell,232348486
2024-08-16 13:23:27,174500.0,300,Sell,232348485
2024-08-16 13:23:27,174500.0,100,Sell,232348458
2024-08-16 13:23:27,174500.0,100,Sell,232348487
2024-08-16 13:23:47,174400.0,300,Sell,232349380
2024-08-16 13:23:57,174500.0,200,Buy,232349857
2024-08-16 13:24:07,174400.0,300,Sell,232350497
2024-08-16 13:24:15,174400.0,500,Sell,232350834
2024-08-16 13:24:15,174400.0,400,Sell,232350833
2024-08-16 13:24:27,174300.0,300,Sell,232351227
2024-08-16 13:24:43,174400.0,100,Buy,232351770
2024-08-16 13:24:48,174300.0,300,Sell,232351953
2024-08-16 13:25:08,174300.0,100,Sell,232352836
2024-08-16 13:25:08,174300.0,100,Sell,232352837
2024-08-16 13:25:08,174300.0,100,Sell,232352832
2024-08-16 13:25:15,174300.0,100,Sell,232353074
2024-08-16 13:25:28,174300.0,300,Sell,232353709
2024-08-16 13:25:28,174300.0,100,Sell,232353716
2024-08-16 13:25:37,174400.0,100,Buy,232354005
2024-08-16 13:25:48,174300.0,300,Sell,232354407
2024-08-16 13:26:09,174300.0,300,Sell,232355363
2024-08-16 13:26:13,174300.0,200,Sell,232355490
2024-08-16 13:26:29,174300.0,100,Sell,232356029
2024-08-16 13:26:29,174300.0,200,Sell,232356028
2024-08-16 13:26:49,174300.0,300,Sell,232356790
2024-08-16 13:26:50,174400.0,400,Buy,232356841
2024-08-16 13:27:09,174400.0,300,Sell,232357719
2024-08-16 13:27:30,174400.0,100,Sell,232358613
2024-08-16 13:27:30,174400.0,100,Sell,232358614
2024-08-16 13:27:30,174300.0,100,Sell,232358615
2024-08-16 13:27:31,174500.0,300,Buy,232358672
2024-08-16 13:27:31,174500.0,1000,Buy,232358673
2024-08-16 13:27:50,174400.0,300,Sell,232359450
2024-08-16 13:28:10,174400.0,300,Sell,232360216
2024-08-16 13:28:18,174700.0,100,Buy,232360451
2024-08-16 13:28:18,175000.0,1000,Buy,232360454
2024-08-16 13:28:18,174500.0,100,Buy,232360450
2024-08-16 13:28:18,174700.0,100,Buy,232360452
2024-08-16 13:28:18,175000.0,100,Buy,232360453
2024-08-16 13:28:30,174400.0,300,Sell,232361100
2024-08-16 13:28:44,174400.0,100,Sell,232361771
2024-08-16 13:28:50,174500.0,100,Buy,232362143
2024-08-16 13:28:51,174400.0,300,Sell,232362164
2024-08-16 13:28:55,174500.0,100,Buy,232362289
2024-08-16 13:28:56,174500.0,500,Buy,232362303
2024-08-16 13:28:59,174500.0,100,Buy,232362459
2024-08-16 13:29:11,174500.0,100,Buy,232363008
2024-08-16 13:29:11,174300.0,100,Sell,232362965
2024-08-16 13:29:11,174300.0,100,Sell,232362966
2024-08-16 13:29:11,174400.0,100,Sell,232362964
2024-08-16 13:29:31,174300.0,100,Sell,232363707
2024-08-16 13:29:31,174300.0,200,Sell,232363708
2024-08-16 13:29:40,174500.0,100,Buy,232364049
2024-08-16 13:29:40,174500.0,100,Buy,232364050
2024-08-16 13:29:51,174500.0,300,Sell,232364657
2024-08-16 13:30:01,174600.0,100,Sell,232365155
2024-08-16 13:30:12,174600.0,300,Sell,232365789
2024-08-16 13:30:32,174500.0,200,Sell,232366875
2024-08-16 13:30:32,174600.0,100,Sell,232366874
2024-08-16 13:30:49,174500.0,1500,Sell,232367737
2024-08-16 13:30:52,174500.0,200,Sell,232367850
2024-08-16 13:30:52,174500.0,100,Sell,232367849
2024-08-16 13:31:12,174500.0,300,Sell,232368666
2024-08-16 13:31:32,174600.0,200,Sell,232369583
2024-08-16 13:31:32,174500.0,100,Sell,232369584
2024-08-16 13:31:53,174500.0,300,Sell,232370591
2024-08-16 13:32:14,174500.0,100,Sell,232371708
2024-08-16 13:32:15,174500.0,300,Sell,232371769
2024-08-16 13:32:17,174500.0,100,Sell,232371911
2024-08-16 13:32:34,174500.0,300,Sell,232372728
2024-08-16 13:32:54,174600.0,200,Sell,232373618
2024-08-16 13:32:54,174500.0,100,Sell,232373619
2024-08-16 13:33:05,175000.0,19000,Buy,232374253
2024-08-16 13:33:05,175000.0,1300,Buy,232374252
2024-08-16 13:33:05,175000.0,1000,Buy,232374251
2024-08-16 13:33:05,174900.0,100,Buy,232374247
2024-08-16 13:33:05,175000.0,300,Buy,232374249
2024-08-16 13:33:05,175000.0,300,Buy,232374248
2024-08-16 13:33:05,175000.0,1000,Buy,232374250
2024-08-16 13:33:05,174900.0,2000,Buy,232374246
2024-08-16 13:33:08,175000.0,300,Buy,232374357
2024-08-16 13:33:08,175000.0,400,Buy,232374448
2024-08-16 13:33:14,174500.0,300,Sell,232374657
2024-08-16 13:33:18,175200.0,200,Buy,232374909
2024-08-16 13:33:18,175000.0,200,Buy,232374907
2024-08-16 13:33:18,175000.0,100,Buy,232374896
2024-08-16 13:33:18,175200.0,100,Buy,232374908
2024-08-16 13:33:34,174700.0,100,Sell,232375539
2024-08-16 13:33:34,174600.0,200,Sell,232375540
2024-08-16 13:33:54,174600.0,200,Sell,232376543
2024-08-16 13:33:54,174600.0,100,Sell,232376544
2024-08-16 13:34:14,174700.0,200,Sell,232377286
2024-08-16 13:34:14,174600.0,100,Sell,232377287
2024-08-16 13:34:34,174600.0,100,Sell,232378038
2024-08-16 13:34:35,174600.0,100,Sell,232378043
2024-08-16 13:34:35,174600.0,200,Sell,232378044
2024-08-16 13:34:55,174600.0,100,Sell,232378897
2024-08-16 13:34:55,174800.0,100,Sell,232378895
2024-08-16 13:34:55,174700.0,100,Sell,232378896
2024-08-16 13:35:15,174600.0,200,Sell,232379851
2024-08-16 13:35:15,174600.0,100,Sell,232379852
2024-08-16 13:35:35,174700.0,300,Sell,232380676
2024-08-16 13:35:43,174700.0,100,Sell,232380929
2024-08-16 13:35:55,174700.0,300,Sell,232381461
2024-08-16 13:36:16,174700.0,300,Sell,232382302
2024-08-16 13:36:27,174700.0,100,Sell,232382728
2024-08-16 13:36:36,174700.0,300,Sell,232383015
2024-08-16 13:36:36,174700.0,100,Sell,232383016
2024-08-16 13:36:36,174700.0,600,Sell,232383014
2024-08-16 13:36:36,174700.0,300,Sell,232383013
2024-08-16 13:36:57,174600.0,300,Sell,232383841
2024-08-16 13:37:05,174700.0,300,Buy,232384129
2024-08-16 13:37:17,174600.0,300,Sell,232384566
2024-08-16 13:37:29,174700.0,500,Buy,232384937
2024-08-16 13:37:37,174600.0,200,Sell,232385236
2024-08-16 13:37:37,174600.0,100,Sell,232385237
2024-08-16 13:37:38,174700.0,100,Buy,232385289
2024-08-16 13:37:45,174700.0,500,Buy,232385532
2024-08-16 13:37:57,174600.0,100,Sell,232385901
2024-08-16 13:37:57,174600.0,100,Sell,232385904
2024-08-16 13:37:57,174600.0,100,Sell,232385905
2024-08-16 13:38:07,174700.0,100,Buy,232386307
2024-08-16 13:38:17,174700.0,200,Buy,232386632
2024-08-16 13:38:17,174600.0,300,Sell,232386647
2024-08-16 13:38:17,174700.0,500,Buy,232386630
2024-08-16 13:38:17,174700.0,100,Buy,232386631
2024-08-16 13:38:26,174600.0,100,Sell,232386908
2024-08-16 13:38:37,174600.0,100,Sell,232387429
2024-08-16 13:38:37,174600.0,100,Sell,232387430
2024-08-16 13:38:37,174600.0,100,Sell,232387431
2024-08-16 13:38:58,174600.0,300,Sell,232388151
2024-08-16 13:39:07,174600.0,100,Sell,232388630
2024-08-16 13:39:13,174600.0,100,Sell,232388851
2024-08-16 13:39:18,174600.0,100,Sell,232389069
2024-08-16 13:39:18,174600.0,100,Sell,232389068
2024-08-16 13:39:18,174600.0,100,Sell,232389067
2024-08-16 13:39:38,174600.0,300,Sell,232389833
2024-08-16 13:39:58,174600.0,300,Sell,232390876
2024-08-16 13:40:19,174600.0,100,Sell,232391800
2024-08-16 13:40:19,174600.0,200,Sell,232391801
2024-08-16 13:40:39,174600.0,300,Sell,232392673
2024-08-16 13:40:53,174600.0,6200,Sell,232393185
2024-08-16 13:40:53,174600.0,2000,Sell,232393186
2024-08-16 13:40:59,174500.0,300,Sell,232393511
2024-08-16 13:41:20,174500.0,300,Sell,232394328
2024-08-16 13:41:24,174500.0,100,Sell,232394510
2024-08-16 13:41:40,174500.0,300,Sell,232395096
2024-08-16 13:41:59,174500.0,1000,Sell,232395785
2024-08-16 13:42:00,174500.0,300,Sell,232395844
2024-08-16 13:42:02,174600.0,100,Buy,232395911
2024-08-16 13:42:20,174500.0,300,Sell,232396836
2024-08-16 13:42:35,174600.0,1300,Buy,232397447
2024-08-16 13:42:40,174500.0,300,Sell,232397682
2024-08-16 13:42:43,174500.0,100,Sell,232397788
2024-08-16 13:42:46,174500.0,300,Sell,232397876
2024-08-16 13:42:46,174500.0,300,Sell,232397877
2024-08-16 13:42:46,174500.0,100,Sell,232397878
2024-08-16 13:42:46,174500.0,300,Sell,232397879
2024-08-16 13:43:00,174500.0,100,Sell,232398327
2024-08-16 13:43:01,174500.0,300,Sell,232398357
2024-08-16 13:43:16,174500.0,100,Sell,232398975
2024-08-16 13:43:21,174500.0,200,Sell,232399217
2024-08-16 13:43:21,174500.0,100,Sell,232399218
2024-08-16 13:43:36,174500.0,100,Sell,232399705
2024-08-16 13:43:41,174500.0,100,Sell,232399855
2024-08-16 13:43:41,174500.0,100,Sell,232399842
2024-08-16 13:43:41,174400.0,200,Sell,232399856
2024-08-16 13:43:57,174400.0,100,Sell,232400395
2024-08-16 13:43:58,174400.0,100,Sell,232400433
2024-08-16 13:44:01,174400.0,300,Sell,232400512
2024-08-16 13:44:22,174400.0,300,Sell,232401159
2024-08-16 13:44:42,174500.0,100,Sell,232401764
2024-08-16 13:44:42,174400.0,200,Sell,232401765
2024-08-16 13:45:02,174400.0,300,Sell,232402426
2024-08-16 13:45:23,174500.0,300,Sell,232403146
2024-08-16 13:45:27,174600.0,100,Buy,232403427
2024-08-16 13:45:27,174600.0,400,Buy,232403426
2024-08-16 13:45:43,174500.0,100,Sell,232404028
2024-08-16 13:45:43,174500.0,200,Sell,232404029
2024-08-16 13:45:47,174500.0,100,Sell,232404151
2024-08-16 13:45:51,174500.0,1000,Buy,232404323
2024-08-16 13:45:58,174500.0,100,Sell,232404568
2024-08-16 13:46:03,174500.0,300,Sell,232404889
2024-08-16 13:46:12,174500.0,100,Sell,232405160
2024-08-16 13:46:23,174500.0,300,Sell,232405647
2024-08-16 13:46:29,174600.0,100,Buy,232405881
2024-08-16 13:46:44,174500.0,300,Sell,232406415
2024-08-16 13:47:03,174500.0,300,Sell,232407164
2024-08-16 13:47:16,174500.0,1000,Sell,232407689
2024-08-16 13:47:24,174500.0,300,Sell,232408084
2024-08-16 13:47:30,174500.0,1000,Sell,232408266
2024-08-16 13:47:30,174600.0,300,Buy,232408275
2024-08-16 13:47:35,174500.0,400,Sell,232408553
2024-08-16 13:47:44,174500.0,300,Sell,232408912
2024-08-16 13:47:54,174500.0,100,Sell,232409237
2024-08-16 13:47:54,174500.0,100,Sell,232409244
2024-08-16 13:48:05,174500.0,300,Sell,232409740
2024-08-16 13:48:06,174500.0,800,Sell,232409767
2024-08-16 13:48:06,174500.0,200,Sell,232409768
2024-08-16 13:48:08,174600.0,100,Buy,232409873
2024-08-16 13:48:24,174500.0,300,Sell,232410489
2024-08-16 13:48:45,174500.0,300,Sell,232411235
2024-08-16 13:48:45,174600.0,200,Buy,232411262
2024-08-16 13:49:05,174500.0,200,Sell,232411895
2024-08-16 13:49:05,174500.0,100,Sell,232411896
2024-08-16 13:49:25,174500.0,300,Sell,232412794
2024-08-16 13:49:36,174500.0,600,Sell,232413179
2024-08-16 13:49:36,174500.0,300,Sell,232413180
2024-08-16 13:49:36,174500.0,100,Sell,232413181
2024-08-16 13:49:42,174500.0,100,Sell,232413454
2024-08-16 13:49:45,174400.0,100,Sell,232413558
2024-08-16 13:49:45,174400.0,200,Sell,232413557
2024-08-16 13:50:06,174400.0,300,Sell,232414236
2024-08-16 13:50:26,174400.0,200,Sell,232414895
2024-08-16 13:50:26,174400.0,100,Sell,232414894
2024-08-16 13:50:31,174400.0,100,Sell,232415086
2024-08-16 13:50:39,174600.0,2800,Buy,232415821
2024-08-16 13:50:46,174400.0,300,Sell,232416073
2024-08-16 13:50:59,174600.0,100,Buy,232416550
2024-08-16 13:51:06,174400.0,300,Sell,232416892
2024-08-16 13:51:14,174600.0,100,Buy,232417138
2024-08-16 13:51:27,174400.0,300,Sell,232417553
2024-08-16 13:51:47,174500.0,300,Sell,232418506
2024-08-16 13:52:04,174500.0,700,Sell,232419070
2024-08-16 13:52:07,174400.0,300,Sell,232419165
2024-08-16 13:52:07,174500.0,300,Buy,232419143
2024-08-16 13:52:28,174500.0,300,Sell,232420192
2024-08-16 13:52:47,174500.0,100,Sell,232420935
2024-08-16 13:52:48,174500.0,300,Sell,232420990
2024-08-16 13:53:08,174500.0,300,Sell,232421920
2024-08-16 13:53:10,174600.0,100,Buy,232421970
2024-08-16 13:53:10,174600.0,2000,Buy,232421969
2024-08-16 13:53:10,174600.0,100,Buy,232421971
2024-08-16 13:53:10,174600.0,100,Buy,232421967
2024-08-16 13:53:10,174600.0,900,Buy,232421966
2024-08-16 13:53:10,174600.0,100,Buy,232421968
2024-08-16 13:53:10,174600.0,400,Buy,232421965
2024-08-16 13:53:11,174600.0,100,Sell,232421993
2024-08-16 13:53:28,174600.0,300,Sell,232422526
2024-08-16 13:53:36,174700.0,200,Buy,232422789
2024-08-16 13:53:48,174500.0,300,Sell,232423196
2024-08-16 13:54:09,174600.0,100,Sell,232424121
2024-08-16 13:54:09,174500.0,200,Sell,232424122
2024-08-16 13:54:29,174600.0,100,Sell,232425336
2024-08-16 13:54:29,174500.0,200,Sell,232425337
2024-08-16 13:54:49,174500.0,400,Sell,232426371
2024-08-16 13:55:04,174500.0,100,Sell,232427088
2024-08-16 13:55:09,174500.0,400,Sell,232427432
2024-08-16 13:55:11,174600.0,100,Buy,232427499
2024-08-16 13:55:30,174600.0,400,Sell,232428378
2024-08-16 13:55:33,174700.0,100,Buy,232428595
2024-08-16 13:55:50,174600.0,400,Sell,232429392
2024-08-16 13:56:10,174600.0,100,Sell,232430285
2024-08-16 13:56:10,174600.0,200,Sell,232430286
2024-08-16 13:56:10,174600.0,100,Sell,232430287
2024-08-16 13:56:15,174600.0,300,Sell,232430484
2024-08-16 13:56:17,174500.0,2000,Sell,232430580
2024-08-16 13:56:28,174600.0,1000,Buy,232430962
2024-08-16 13:56:30,174500.0,400,Sell,232431056
2024-08-16 13:56:41,174500.0,100,Sell,232431577
2024-08-16 13:56:51,174500.0,200,Sell,232431968
2024-08-16 13:56:51,174500.0,200,Sell,232431967
2024-08-16 13:57:05,174500.0,1000,Sell,232432488
2024-08-16 13:57:05,174500.0,4000,Sell,232432489
2024-08-16 13:57:11,174500.0,500,Sell,232432665
2024-08-16 13:57:19,174500.0,100,Sell,232433060
2024-08-16 13:57:31,174500.0,200,Sell,232433496
2024-08-16 13:57:31,174500.0,100,Sell,232433497
2024-08-16 13:57:31,174500.0,200,Sell,232433498
2024-08-16 13:57:52,174500.0,500,Sell,232434173
2024-08-16 13:59:37,174500.0,100,Sell,232438116
2024-08-16 14:00:10,174500.0,100,Sell,232439337
2024-08-16 14:00:12,174700.0,100,Buy,232439405
2024-08-16 14:00:14,174500.0,200,Sell,232439470
2024-08-16 14:00:14,174500.0,100,Sell,232439467
2024-08-16 14:00:14,174500.0,100,Sell,232439468
2024-08-16 14:00:14,174500.0,100,Sell,232439469
2024-08-16 14:00:35,174500.0,300,Sell,232440365
2024-08-16 14:00:35,174500.0,100,Sell,232440366
2024-08-16 14:02:10,174600.0,200,Sell,232443670
2024-08-16 14:03:22,174600.0,1500,Sell,232446291
2024-08-16 14:03:22,174600.0,300,Sell,232446292
2024-08-16 14:03:43,174600.0,200,Buy,232447002
2024-08-16 14:04:17,174600.0,100,Buy,232448173
2024-08-16 14:04:17,174600.0,1000,Buy,232448174
2024-08-16 14:04:34,174600.0,300,Sell,232448889
2024-08-16 14:04:45,174600.0,100,Sell,232449403
2024-08-16 14:04:55,174700.0,100,Buy,232449778
2024-08-16 14:04:56,174600.0,500,Sell,232449803
2024-08-16 14:04:56,174600.0,200,Sell,232449804
2024-08-16 14:06:04,174600.0,300,Buy,232452052
2024-08-16 14:06:17,174600.0,700,Buy,232452384
2024-08-16 14:07:09,174600.0,100,Sell,232454408
2024-08-16 14:07:25,174700.0,200,Buy,232455096
2024-08-16 14:08:23,174700.0,100,Buy,232456733
2024-08-16 14:08:23,174700.0,100,Buy,232456740
2024-08-16 14:08:31,174700.0,100,Buy,232457032
2024-08-16 14:08:31,174700.0,400,Buy,232457033
2024-08-16 14:08:34,174700.0,200,Buy,232457151
2024-08-16 14:09:02,174700.0,300,Buy,232457961
2024-08-16 14:09:18,174700.0,100,Buy,232458654
2024-08-16 14:09:18,174700.0,100,Buy,232458653
2024-08-16 14:09:44,175000.0,100,Buy,232459431
2024-08-16 14:11:41,175000.0,100,Buy,232463232
2024-08-16 14:11:41,175000.0,400,Buy,232463239
2024-08-16 14:11:41,175000.0,500,Buy,232463240
2024-08-16 14:12:37,174900.0,100,Buy,232465171
2024-08-16 14:12:37,175000.0,900,Buy,232465172
2024-08-16 14:14:29,174900.0,200,Buy,232468808
2024-08-16 14:14:33,174900.0,100,Buy,232468927
2024-08-16 14:14:41,174900.0,100,Buy,232469182
2024-08-16 14:15:09,174900.0,100,Buy,232470103
2024-08-16 14:15:09,174900.0,100,Buy,232470104
2024-08-16 14:17:58,174800.0,300,Sell,232475801
2024-08-16 14:17:58,174800.0,300,Sell,232475802
2024-08-16 14:18:06,174800.0,100,Sell,232476102
2024-08-16 14:18:21,174800.0,100,Buy,232476690
2024-08-16 14:18:21,174800.0,800,Buy,232476691
2024-08-16 14:18:21,174900.0,200,Buy,232476692
2024-08-16 14:18:21,174900.0,300,Buy,232476693
2024-08-16 14:18:21,174900.0,100,Buy,232476694
2024-08-16 14:18:51,174800.0,100,Sell,232477753
2024-08-16 14:19:02,174800.0,200,Sell,232478295
2024-08-16 14:19:30,174800.0,200,Buy,232479914
2024-08-16 14:20:00,174800.0,100,Buy,232481052
2024-08-16 14:20:02,174700.0,300,Sell,232481124
2024-08-16 14:20:03,174700.0,100,Sell,232481150
2024-08-16 14:20:03,174700.0,100,Sell,232481151
2024-08-16 14:20:03,174700.0,200,Sell,232481152
2024-08-16 14:20:03,174700.0,100,Sell,232481149
2024-08-16 14:20:22,174600.0,500,Sell,232481738
2024-08-16 14:21:11,174600.0,200,Sell,232483491
2024-08-16 14:21:37,174600.0,200,Sell,232484702
2024-08-16 14:23:45,174800.0,200,Buy,232489283
2024-08-16 14:23:45,174900.0,300,Buy,232489284
2024-08-16 14:25:27,174700.0,100,Sell,232492977
2024-08-16 14:25:27,174700.0,100,Sell,232492978
2024-08-16 14:27:02,174700.0,100,Sell,232496752
2024-08-16 14:27:34,174700.0,500,Sell,232498233
2024-08-16 14:27:39,174700.0,900,Sell,232498447
2024-08-16 14:27:40,174700.0,300,Sell,232498494
2024-08-16 14:27:56,174800.0,100,Buy,232499042
2024-08-16 14:28:14,174800.0,100,Buy,232500036
2024-08-16 14:28:14,174800.0,400,Buy,232500037
2024-08-16 14:28:14,174800.0,100,Buy,232500038
2024-08-16 14:28:20,174900.0,100,Buy,232500249
2024-08-16 14:28:20,174900.0,500,Buy,232500250
2024-08-16 14:28:20,174900.0,200,Buy,232500251
2024-08-16 14:28:20,174900.0,200,Buy,232500252
2024-08-16 14:28:40,174900.0,800,Buy,232501227
2024-08-16 14:28:40,174900.0,100,Buy,232501226
2024-08-16 14:28:41,175000.0,1000,Buy,232501257
2024-08-16 14:28:41,174900.0,100,Sell,232501274
2024-08-16 14:28:45,174800.0,100,Sell,232501435
2024-08-16 14:28:52,174800.0,300,Sell,232501735
2024-08-16 14:28:52,174800.0,100,Sell,232501736
2024-08-16 14:28:56,174800.0,200,Sell,232501980
2024-08-16 14:28:57,174800.0,400,Sell,232502072
2024-08-16 14:29:07,174800.0,100,Sell,232502546
2024-08-16 14:29:08,174700.0,200,Sell,232502622
2024-08-16 14:44:37,174300.0,90900,ATO/ATC,232505573
