time,price,volume,match_type,id
2024-08-29 09:14:57,176300.0,11500,ATO/ATC,235599482
2024-08-29 09:18:27,177200.0,200,Sell,235603323
2024-08-29 09:19:18,179100.0,100,Buy,235604376
2024-08-29 09:19:53,179000.0,200,Buy,235605152
2024-08-29 09:20:44,178900.0,100,Buy,235606350
2024-08-29 09:20:44,178800.0,400,Buy,235606349
2024-08-29 09:21:22,178000.0,100,Buy,235607101
2024-08-29 09:22:11,177500.0,200,Sell,235608235
2024-08-29 09:24:37,177500.0,300,Sell,235612121
2024-08-29 09:24:37,177500.0,100,Sell,235612123
2024-08-29 09:24:37,177600.0,100,Sell,235612120
2024-08-29 09:24:37,177500.0,500,Sell,235612122
2024-08-29 09:26:03,177200.0,100,Sell,235614777
2024-08-29 09:26:30,177200.0,100,Sell,235615614
2024-08-29 09:26:30,177200.0,100,Sell,235615615
2024-08-29 09:26:30,177200.0,100,Sell,235615616
2024-08-29 09:26:30,177200.0,100,Sell,235615617
2024-08-29 09:26:30,177200.0,100,Sell,235615618
2024-08-29 09:26:31,177200.0,100,Sell,235615619
2024-08-29 09:37:16,177300.0,100,Sell,235630795
2024-08-29 09:37:40,177500.0,100,Sell,235631296
2024-08-29 09:39:31,177500.0,100,Sell,235633429
2024-08-29 09:40:29,178000.0,100,Buy,235634816
2024-08-29 09:41:11,178000.0,100,Sell,235635917
2024-08-29 09:42:42,177600.0,100,Sell,235638171
2024-08-29 09:43:18,177500.0,500,Sell,235639591
2024-08-29 09:45:54,177700.0,100,Sell,235644370
2024-08-29 09:46:25,177700.0,100,Buy,235645168
2024-08-29 09:47:15,177700.0,500,Sell,235646266
2024-08-29 09:47:21,177700.0,400,Buy,235646410
2024-08-29 09:49:05,177600.0,100,Sell,235648844
2024-08-29 09:49:12,177600.0,100,Sell,235649004
2024-08-29 09:49:13,177500.0,300,Sell,235649030
2024-08-29 09:49:13,177500.0,100,Sell,235649031
2024-08-29 09:49:13,177500.0,500,Sell,235649032
2024-08-29 09:49:13,177500.0,500,Sell,235649036
2024-08-29 09:49:13,177500.0,500,Sell,235649037
2024-08-29 09:49:13,177500.0,500,Sell,235649033
2024-08-29 09:50:02,177500.0,100,Sell,235650220
2024-08-29 09:50:04,177500.0,300,Sell,235650239
2024-08-29 09:50:04,177500.0,100,Sell,235650240
2024-08-29 09:51:41,177600.0,100,Buy,235652388
2024-08-29 09:51:41,177600.0,100,Buy,235652389
2024-08-29 09:52:16,177500.0,100,Sell,235653092
2024-08-29 09:53:03,177500.0,100,Sell,235654126
2024-08-29 09:55:22,177600.0,100,Buy,235657118
2024-08-29 09:55:28,177500.0,100,Sell,235657266
2024-08-29 09:58:39,177500.0,100,Sell,235660674
2024-08-29 09:58:54,177800.0,300,Buy,235660885
2024-08-29 09:58:54,177700.0,200,Buy,235660883
2024-08-29 09:58:54,177700.0,500,Buy,235660884
2024-08-29 09:59:26,177900.0,400,Buy,235661405
2024-08-29 09:59:26,177900.0,300,Buy,235661406
2024-08-29 09:59:26,178000.0,2000,Buy,235661407
2024-08-29 09:59:26,178000.0,300,Buy,235661408
2024-08-29 10:01:50,177800.0,100,Sell,235663832
2024-08-29 10:04:54,177800.0,100,Sell,235667043
2024-08-29 10:04:55,177500.0,300,Sell,235667077
2024-08-29 10:04:55,177500.0,100,Sell,235667078
2024-08-29 10:04:55,177500.0,100,Sell,235667079
2024-08-29 10:05:02,177800.0,100,Sell,235667237
2024-08-29 10:05:18,177500.0,400,Sell,235667558
2024-08-29 10:05:18,177500.0,100,Sell,235667559
2024-08-29 10:08:13,177500.0,100,Sell,235671209
2024-08-29 10:11:24,177500.0,100,Sell,235675420
2024-08-29 10:11:26,177400.0,200,Sell,235675435
2024-08-29 10:11:26,177400.0,500,Sell,235675437
2024-08-29 10:11:26,177400.0,100,Sell,235675434
2024-08-29 10:11:26,177400.0,500,Sell,235675436
2024-08-29 10:12:37,177300.0,100,Sell,235676836
2024-08-29 10:12:37,177300.0,300,Sell,235676837
2024-08-29 10:12:37,177300.0,500,Sell,235676838
2024-08-29 10:12:37,177300.0,100,Sell,235676839
2024-08-29 10:14:36,177300.0,100,Sell,235678984
2024-08-29 10:16:42,177300.0,300,Sell,235680929
2024-08-29 10:16:42,177300.0,100,Sell,235680930
2024-08-29 10:16:42,177400.0,100,Buy,235680928
2024-08-29 10:17:09,177200.0,100,Sell,235681363
2024-08-29 10:17:09,177200.0,100,Sell,235681364
2024-08-29 10:17:09,177200.0,100,Sell,235681365
2024-08-29 10:17:09,177200.0,200,Sell,235681366
2024-08-29 10:17:11,177200.0,200,Sell,235681386
2024-08-29 10:17:11,177200.0,100,Sell,235681387
2024-08-29 10:17:11,177200.0,500,Sell,235681385
2024-08-29 10:17:11,177200.0,100,Sell,235681384
2024-08-29 10:17:11,177200.0,800,Sell,235681380
2024-08-29 10:17:11,177200.0,100,Sell,235681383
2024-08-29 10:17:11,177200.0,100,Sell,235681382
2024-08-29 10:17:11,177200.0,100,Sell,235681381
2024-08-29 10:17:47,177100.0,100,Sell,235681928
2024-08-29 10:19:20,177100.0,100,Sell,235683681
2024-08-29 10:19:20,177100.0,500,Sell,235683682
2024-08-29 10:19:20,177100.0,100,Sell,235683683
2024-08-29 10:19:20,177000.0,100,Sell,235683684
2024-08-29 10:19:20,177000.0,100,Sell,235683685
2024-08-29 10:19:20,177000.0,200,Sell,235683686
2024-08-29 10:19:20,177000.0,900,Sell,235683687
2024-08-29 10:19:46,177000.0,200,Sell,235684082
2024-08-29 10:19:46,177000.0,1000,Sell,235684083
2024-08-29 10:19:46,177000.0,500,Sell,235684084
2024-08-29 10:19:46,177000.0,100,Sell,235684085
2024-08-29 10:19:46,177000.0,100,Sell,235684086
2024-08-29 10:19:46,177000.0,100,Sell,235684087
2024-08-29 10:20:58,177000.0,100,Sell,235685349
2024-08-29 10:21:15,177000.0,100,Sell,235685704
2024-08-29 10:21:32,177000.0,100,Buy,235685956
2024-08-29 10:22:15,177000.0,100,Buy,235686677
2024-08-29 10:23:42,177000.0,100,Buy,235688124
2024-08-29 10:24:10,177000.0,100,Sell,235688478
2024-08-29 10:25:13,177000.0,100,Sell,235689492
2024-08-29 10:25:13,177000.0,900,Sell,235689493
2024-08-29 10:26:22,177000.0,1100,Sell,235690577
2024-08-29 10:26:22,177000.0,100,Sell,235690578
2024-08-29 10:26:22,177000.0,100,Sell,235690579
2024-08-29 10:26:22,177000.0,100,Sell,235690580
2024-08-29 10:26:22,177000.0,600,Sell,235690581
2024-08-29 10:27:02,177200.0,100,Buy,235691120
2024-08-29 10:27:21,177000.0,100,Sell,235691450
2024-08-29 10:30:32,177100.0,100,Sell,235694233
2024-08-29 10:32:29,177100.0,300,Sell,235695820
2024-08-29 10:32:29,177100.0,100,Sell,235695821
2024-08-29 10:32:29,177100.0,100,Sell,235695822
2024-08-29 10:33:44,177000.0,100,Sell,235696969
2024-08-29 10:35:50,177100.0,100,Sell,235698470
2024-08-29 10:36:55,177100.0,100,Sell,235699109
2024-08-29 10:38:33,177400.0,100,Buy,235700141
2024-08-29 10:38:37,177400.0,100,Sell,235700178
2024-08-29 10:40:06,177400.0,100,Sell,235701547
2024-08-29 10:42:40,177400.0,100,Sell,235703320
2024-08-29 10:43:16,177500.0,100,Buy,235703735
2024-08-29 10:43:17,177500.0,900,Buy,235703736
2024-08-29 10:43:17,177400.0,100,Sell,235703743
2024-08-29 10:43:53,177500.0,100,Buy,235704165
2024-08-29 10:44:47,177500.0,100,Sell,235704774
2024-08-29 10:44:47,177400.0,900,Sell,235704775
2024-08-29 10:45:17,177600.0,100,Buy,235705097
2024-08-29 10:45:22,177700.0,100,Buy,235705170
2024-08-29 10:46:29,177100.0,100,Sell,235705880
2024-08-29 10:49:40,177200.0,100,Sell,235708262
2024-08-29 10:50:43,177400.0,100,Sell,235709296
2024-08-29 10:52:24,177600.0,100,Buy,235710781
2024-08-29 10:52:51,177400.0,100,Sell,235711188
2024-08-29 10:53:24,177600.0,100,Buy,235711612
2024-08-29 10:54:36,177500.0,100,Buy,235712630
2024-08-29 10:56:03,177300.0,100,Sell,235713798
2024-08-29 10:58:07,177100.0,1900,Sell,235715212
2024-08-29 10:58:07,177100.0,200,Sell,235715210
2024-08-29 10:58:07,177100.0,500,Sell,235715211
2024-08-29 10:59:14,177100.0,100,Sell,235716059
2024-08-29 10:59:47,177000.0,100,Sell,235716625
2024-08-29 10:59:47,177000.0,100,Sell,235716623
2024-08-29 10:59:47,177000.0,300,Sell,235716622
2024-08-29 10:59:47,177000.0,200,Sell,235716621
2024-08-29 10:59:47,177000.0,100,Sell,235716624
2024-08-29 10:59:47,177100.0,500,Sell,235716619
2024-08-29 10:59:47,177100.0,500,Sell,235716618
2024-08-29 10:59:47,177100.0,100,Sell,235716617
2024-08-29 10:59:47,177100.0,100,Sell,235716616
2024-08-29 10:59:47,177000.0,1000,Sell,235716620
2024-08-29 11:02:25,177100.0,100,Sell,235718460
2024-08-29 11:05:37,177100.0,100,Sell,235720799
2024-08-29 11:06:22,177500.0,100,Buy,235721316
2024-08-29 11:06:22,177500.0,100,Buy,235721317
2024-08-29 11:06:22,177500.0,500,Buy,235721318
2024-08-29 11:06:22,177600.0,300,Buy,235721319
2024-08-29 11:07:24,177500.0,200,Sell,235722027
2024-08-29 11:08:48,177100.0,100,Sell,235723010
2024-08-29 11:11:59,177200.0,100,Sell,235725517
2024-08-29 11:13:13,177200.0,200,Sell,235726402
2024-08-29 11:13:13,177200.0,100,Sell,235726401
2024-08-29 11:15:11,177300.0,100,Sell,235728002
2024-08-29 11:15:39,177300.0,100,Sell,235728490
2024-08-29 11:17:43,177300.0,500,Sell,235730320
2024-08-29 11:17:55,177300.0,700,Buy,235730477
2024-08-29 11:18:18,177200.0,100,Sell,235731058
2024-08-29 11:18:22,177200.0,100,Sell,235731209
2024-08-29 11:18:52,177300.0,1000,Buy,235731719
2024-08-29 11:19:01,177300.0,100,Buy,235731869
2024-08-29 11:20:50,177600.0,100,Buy,235734285
2024-08-29 11:21:33,177300.0,100,Sell,235735424
2024-08-29 11:23:47,177500.0,100,Buy,235737683
2024-08-29 11:24:45,177300.0,100,Sell,235738515
2024-08-29 11:26:58,177300.0,900,Sell,235740125
2024-08-29 11:26:58,177300.0,300,Sell,235740127
2024-08-29 11:26:58,177300.0,100,Sell,235740128
2024-08-29 11:26:58,177300.0,600,Sell,235740126
2024-08-29 11:27:56,177200.0,100,Sell,235740914
2024-08-29 11:29:06,177300.0,300,Buy,235741835
2024-08-29 11:29:32,177300.0,100,Buy,235742159
2024-08-29 11:29:52,177300.0,1000,Buy,235742462
2024-08-29 12:59:58,177300.0,100,Buy,235743190
2024-08-29 13:00:06,177200.0,100,Sell,235744598
2024-08-29 13:00:07,177300.0,300,Buy,235744750
2024-08-29 13:00:10,177300.0,200,Buy,235744977
2024-08-29 13:00:18,177200.0,400,Sell,235745465
2024-08-29 13:00:18,177200.0,100,Sell,235745466
2024-08-29 13:00:38,177200.0,100,Sell,235745930
2024-08-29 13:00:38,177200.0,100,Sell,235745931
2024-08-29 13:00:38,177200.0,300,Sell,235745932
2024-08-29 13:00:48,177200.0,500,Sell,235746093
2024-08-29 13:00:50,177200.0,200,Sell,235746126
2024-08-29 13:00:50,177200.0,100,Sell,235746127
2024-08-29 13:02:59,177200.0,200,Sell,235748722
2024-08-29 13:04:19,177200.0,200,Sell,235750267
2024-08-29 13:04:22,177200.0,100,Sell,235750304
2024-08-29 13:05:10,177300.0,100,Buy,235751388
2024-08-29 13:05:50,177300.0,100,Buy,235752161
2024-08-29 13:06:23,177300.0,100,Buy,235752851
2024-08-29 13:06:27,177200.0,200,Sell,235752948
2024-08-29 13:06:48,177300.0,100,Buy,235753382
2024-08-29 13:07:04,177200.0,100,Sell,235753677
2024-08-29 13:07:04,177200.0,100,Sell,235753676
2024-08-29 13:07:04,177200.0,200,Sell,235753674
2024-08-29 13:07:04,177200.0,100,Sell,235753673
2024-08-29 13:07:04,177200.0,300,Sell,235753672
2024-08-29 13:07:04,177200.0,100,Sell,235753675
2024-08-29 13:07:08,177100.0,100,Sell,235753752
2024-08-29 13:07:08,177100.0,300,Sell,235753753
2024-08-29 13:07:08,177100.0,500,Sell,235753754
2024-08-29 13:07:08,177100.0,100,Sell,235753755
2024-08-29 13:07:32,177100.0,500,Sell,235754233
2024-08-29 13:07:32,177100.0,300,Sell,235754234
2024-08-29 13:07:32,177000.0,100,Sell,235754235
2024-08-29 13:07:32,177000.0,100,Sell,235754236
2024-08-29 13:08:39,177100.0,100,Sell,235755846
2024-08-29 13:08:58,177100.0,200,Sell,235756240
2024-08-29 13:10:45,177100.0,100,Sell,235758799
2024-08-29 13:11:08,177100.0,100,Sell,235759295
2024-08-29 13:11:58,177100.0,200,Sell,235760837
2024-08-29 13:12:55,177200.0,100,Sell,235762402
2024-08-29 13:14:26,177300.0,100,Buy,235764834
2024-08-29 13:14:26,177300.0,100,Buy,235764835
2024-08-29 13:14:59,177300.0,100,Buy,235766004
2024-08-29 13:15:45,177300.0,200,Buy,235767504
2024-08-29 13:15:45,177300.0,100,Buy,235767501
2024-08-29 13:15:45,177300.0,100,Buy,235767502
2024-08-29 13:15:45,177300.0,100,Buy,235767503
2024-08-29 13:15:52,177300.0,400,Buy,235767671
2024-08-29 13:15:52,177300.0,100,Buy,235767672
2024-08-29 13:16:18,177300.0,100,Buy,235768270
2024-08-29 13:16:18,177300.0,200,Buy,235768271
2024-08-29 13:16:19,177300.0,200,Sell,235768300
2024-08-29 13:16:51,177300.0,100,Sell,235769182
2024-08-29 13:17:09,177300.0,1000,Sell,235769875
2024-08-29 13:17:12,177300.0,100,Sell,235769973
2024-08-29 13:17:58,177300.0,200,Sell,235771097
2024-08-29 13:18:35,177400.0,100,Buy,235772092
2024-08-29 13:18:46,177400.0,100,Sell,235772321
2024-08-29 13:18:58,177500.0,500,Buy,235772690
2024-08-29 13:19:06,177500.0,100,Buy,235773103
2024-08-29 13:19:44,177300.0,400,Sell,235773985
2024-08-29 13:19:44,177300.0,700,Sell,235773984
2024-08-29 13:19:44,177300.0,500,Sell,235773983
2024-08-29 13:19:44,177500.0,100,Sell,235773981
2024-08-29 13:19:44,177400.0,300,Sell,235773982
2024-08-29 13:20:59,177400.0,200,Sell,235776105
2024-08-29 13:21:28,177400.0,100,Sell,235776995
2024-08-29 13:21:33,177400.0,400,Sell,235777087
2024-08-29 13:23:46,177500.0,100,Sell,235780461
2024-08-29 13:23:50,177500.0,100,Buy,235780539
2024-08-29 13:25:10,177400.0,300,Sell,235781999
2024-08-29 13:25:10,177400.0,100,Sell,235782000
2024-08-29 13:25:10,177400.0,100,Sell,235782001
2024-08-29 13:25:43,177400.0,100,Sell,235782879
2024-08-29 13:25:43,177400.0,900,Sell,235782880
2024-08-29 13:25:45,177400.0,100,Sell,235782926
2024-08-29 13:29:18,177400.0,100,Buy,235788690
2024-08-29 13:29:25,177400.0,100,Buy,235788872
2024-08-29 13:29:31,177300.0,100,Sell,235789055
2024-08-29 13:29:58,177300.0,200,Sell,235790134
2024-08-29 13:30:01,177300.0,100,Sell,235790234
2024-08-29 13:30:25,177300.0,100,Sell,235790841
2024-08-29 13:31:21,177300.0,300,Sell,235792806
2024-08-29 13:32:25,177300.0,500,Sell,235794442
2024-08-29 13:33:00,177300.0,200,Sell,235795259
2024-08-29 13:33:30,177400.0,100,Buy,235795993
2024-08-29 13:33:51,177400.0,100,Buy,235796666
2024-08-29 13:34:17,177300.0,100,Sell,235797551
2024-08-29 13:34:27,177300.0,400,Sell,235797759
2024-08-29 13:35:20,177300.0,600,Sell,235799018
2024-08-29 13:35:20,177300.0,200,Sell,235799019
2024-08-29 13:35:20,177300.0,100,Sell,235799020
2024-08-29 13:35:21,177300.0,200,Sell,235799043
2024-08-29 13:35:21,177300.0,100,Sell,235799044
2024-08-29 13:35:21,177300.0,1000,Sell,235799045
2024-08-29 13:35:21,177300.0,100,Sell,235799047
2024-08-29 13:35:21,177300.0,100,Sell,235799046
2024-08-29 13:36:15,177300.0,100,Buy,235800302
2024-08-29 13:36:15,177300.0,100,Buy,235800303
2024-08-29 13:36:15,177300.0,100,Buy,235800304
2024-08-29 13:37:16,177400.0,200,Buy,235802101
2024-08-29 13:37:16,177400.0,100,Buy,235802098
2024-08-29 13:37:16,177400.0,100,Buy,235802099
2024-08-29 13:37:16,177400.0,600,Buy,235802100
2024-08-29 13:38:11,177300.0,200,Sell,235803430
2024-08-29 13:38:34,177300.0,100,Sell,235804050
2024-08-29 13:38:58,177300.0,200,Sell,235804690
2024-08-29 13:39:05,177300.0,500,Sell,235804815
2024-08-29 13:39:12,177400.0,400,Buy,235804965
2024-08-29 13:39:39,177400.0,300,Buy,235805494
2024-08-29 13:40:14,177400.0,400,Buy,235806214
2024-08-29 13:41:47,177300.0,300,Sell,235808049
2024-08-29 13:41:58,177300.0,200,Sell,235808312
2024-08-29 13:42:26,177300.0,500,Sell,235808784
2024-08-29 13:42:50,177400.0,100,Buy,235809286
2024-08-29 13:42:50,177300.0,100,Sell,235809293
2024-08-29 13:43:10,177400.0,200,Buy,235809772
2024-08-29 13:43:10,177400.0,300,Buy,235809771
2024-08-29 13:43:39,177400.0,100,Buy,235810329
2024-08-29 13:43:53,177400.0,100,Buy,235810738
2024-08-29 13:43:53,177400.0,400,Buy,235810739
2024-08-29 13:44:04,177400.0,100,Buy,235811010
2024-08-29 13:44:05,177400.0,200,Buy,235811015
2024-08-29 13:44:28,177400.0,100,Buy,235811545
2024-08-29 13:44:28,177400.0,100,Buy,235811544
2024-08-29 13:44:40,177400.0,100,Buy,235811818
2024-08-29 13:44:42,177400.0,100,Buy,235811847
2024-08-29 13:44:42,177400.0,300,Buy,235811849
2024-08-29 13:44:42,177400.0,100,Buy,235811846
2024-08-29 13:44:42,177400.0,500,Buy,235811848
2024-08-29 13:44:49,177400.0,100,Buy,235811975
2024-08-29 13:44:51,177400.0,400,Buy,235811999
2024-08-29 13:44:52,177400.0,200,Sell,235812020
2024-08-29 13:45:18,177400.0,100,Buy,235812514
2024-08-29 13:46:45,177400.0,100,Buy,235814117
2024-08-29 13:46:45,177400.0,600,Buy,235814119
2024-08-29 13:46:45,177400.0,2800,Buy,235814120
2024-08-29 13:46:45,177400.0,100,Buy,235814118
2024-08-29 13:47:00,177300.0,100,Sell,235814320
2024-08-29 13:47:00,177300.0,100,Sell,235814321
2024-08-29 13:47:00,177300.0,100,Sell,235814322
2024-08-29 13:47:00,177300.0,400,Sell,235814323
2024-08-29 13:47:00,177300.0,300,Sell,235814324
2024-08-29 13:47:07,177300.0,100,Sell,235814475
2024-08-29 13:47:11,177300.0,1000,Sell,235814572
2024-08-29 13:47:37,177400.0,100,Buy,235814958
2024-08-29 13:48:20,177400.0,100,Buy,235815857
2024-08-29 13:48:20,177400.0,200,Buy,235815855
2024-08-29 13:48:20,177400.0,200,Buy,235815856
2024-08-29 13:49:21,177400.0,1000,Sell,235817407
2024-08-29 13:50:06,177400.0,500,Sell,235818620
2024-08-29 13:51:01,177400.0,100,Buy,235820389
2024-08-29 13:51:02,177400.0,200,Buy,235820432
2024-08-29 13:51:23,177300.0,100,Sell,235821123
2024-08-29 13:51:45,177300.0,400,Sell,235821956
2024-08-29 13:51:54,177300.0,100,Sell,235822367
2024-08-29 13:52:26,177300.0,100,Sell,235823775
2024-08-29 13:52:27,177300.0,200,Sell,235823847
2024-08-29 13:53:01,177300.0,100,Sell,235825540
2024-08-29 13:53:20,177300.0,100,Sell,235826331
2024-08-29 13:53:20,177300.0,100,Sell,235826332
2024-08-29 13:55:40,177200.0,100,Sell,235831840
2024-08-29 13:55:40,177300.0,300,Buy,235831859
2024-08-29 13:55:41,177200.0,900,Sell,235831877
2024-08-29 13:55:41,177200.0,2100,Sell,235831878
2024-08-29 13:55:47,177200.0,100,Sell,235831983
2024-08-29 13:56:14,177300.0,400,Buy,235832864
2024-08-29 13:56:14,177300.0,1600,Buy,235832865
2024-08-29 13:56:42,177300.0,400,Buy,235833771
2024-08-29 13:56:42,177300.0,300,Buy,235833772
2024-08-29 13:56:42,177300.0,200,Buy,235833773
2024-08-29 13:56:42,177300.0,100,Buy,235833774
2024-08-29 13:56:42,177300.0,200,Buy,235833775
2024-08-29 13:56:47,177300.0,300,Sell,235833912
2024-08-29 13:56:52,177300.0,100,Sell,235834034
2024-08-29 13:57:38,177300.0,300,Buy,235835190
2024-08-29 13:57:38,177300.0,100,Buy,235835191
2024-08-29 13:58:06,177400.0,300,Buy,235835858
2024-08-29 13:58:06,177400.0,200,Buy,235835856
2024-08-29 13:58:06,177400.0,500,Buy,235835857
2024-08-29 13:58:22,177400.0,1700,Buy,235836267
2024-08-29 13:58:22,177400.0,200,Buy,235836268
2024-08-29 13:58:38,177500.0,100,Buy,235836534
2024-08-29 13:58:38,177500.0,200,Buy,235836535
2024-08-29 13:58:38,177500.0,200,Buy,235836536
2024-08-29 13:58:43,177500.0,700,Buy,235836626
2024-08-29 13:58:43,177500.0,400,Buy,235836627
2024-08-29 13:58:43,177500.0,100,Buy,235836625
2024-08-29 13:58:43,177500.0,200,Buy,235836624
2024-08-29 13:59:31,177500.0,300,Sell,235837653
2024-08-29 13:59:56,177500.0,100,Sell,235838103
2024-08-29 13:59:59,177500.0,200,Sell,235838252
2024-08-29 14:02:45,177500.0,3000,Sell,235842036
2024-08-29 14:02:45,177500.0,500,Sell,235842037
2024-08-29 14:03:29,177500.0,600,Buy,235843151
2024-08-29 14:03:39,177500.0,100,Buy,235843366
2024-08-29 14:03:49,177500.0,2800,Buy,235843622
2024-08-29 14:03:49,177500.0,200,Buy,235843623
2024-08-29 14:03:52,177500.0,100,Sell,235843697
2024-08-29 14:04:14,177500.0,100,Buy,235844227
2024-08-29 14:04:34,177500.0,300,Buy,235844790
2024-08-29 14:05:17,177500.0,800,Sell,235845787
2024-08-29 14:05:17,177500.0,200,Sell,235845788
2024-08-29 14:05:40,177500.0,100,Sell,235846336
2024-08-29 14:06:20,177500.0,100,Buy,235847315
2024-08-29 14:07:50,177500.0,100,Buy,235849313
2024-08-29 14:08:26,177600.0,100,Buy,235850231
2024-08-29 14:08:26,177600.0,100,Buy,235850232
2024-08-29 14:08:44,177500.0,100,Sell,235850653
2024-08-29 14:08:44,177500.0,100,Sell,235850652
2024-08-29 14:08:58,177500.0,100,Sell,235851044
2024-08-29 14:09:07,177500.0,100,Sell,235851277
2024-08-29 14:09:38,177600.0,100,Buy,235851913
2024-08-29 14:10:01,177600.0,100,Buy,235852394
2024-08-29 14:11:58,177700.0,100,Sell,235855011
2024-08-29 14:11:58,177600.0,100,Sell,235855012
2024-08-29 14:12:10,177800.0,100,Buy,235855195
2024-08-29 14:12:30,177800.0,100,Buy,235855562
2024-08-29 14:12:30,177800.0,100,Buy,235855560
2024-08-29 14:12:30,177800.0,1100,Buy,235855561
2024-08-29 14:12:34,177800.0,100,Sell,235855700
2024-08-29 14:12:40,177900.0,1000,Buy,235855830
2024-08-29 14:13:38,177900.0,200,Buy,235857076
2024-08-29 14:14:40,177900.0,900,Buy,235858384
2024-08-29 14:15:23,177900.0,100,Buy,235859237
2024-08-29 14:15:35,177900.0,100,Buy,235859496
2024-08-29 14:15:45,177800.0,200,Sell,235859718
2024-08-29 14:16:31,177800.0,100,Sell,235860920
2024-08-29 14:16:31,177800.0,100,Sell,235860919
2024-08-29 14:16:31,177800.0,100,Buy,235860929
2024-08-29 14:16:31,177800.0,800,Sell,235860918
2024-08-29 14:16:31,177800.0,400,Sell,235860913
2024-08-29 14:16:31,177800.0,100,Sell,235860916
2024-08-29 14:16:31,177800.0,100,Sell,235860914
2024-08-29 14:16:31,177800.0,100,Sell,235860917
2024-08-29 14:16:31,177800.0,100,Sell,235860915
2024-08-29 14:16:33,177600.0,100,Sell,235860980
2024-08-29 14:16:33,177700.0,100,Sell,235860977
2024-08-29 14:16:33,177700.0,100,Sell,235860978
2024-08-29 14:16:33,177600.0,100,Sell,235860979
2024-08-29 14:18:04,177600.0,200,Sell,235863456
2024-08-29 14:18:36,177600.0,800,Buy,235864632
2024-08-29 14:18:36,177600.0,100,Buy,235864633
2024-08-29 14:18:40,177600.0,100,Sell,235864733
2024-08-29 14:18:40,177500.0,100,Sell,235864735
2024-08-29 14:18:40,177500.0,100,Sell,235864736
2024-08-29 14:18:40,177500.0,100,Sell,235864737
2024-08-29 14:18:40,177500.0,100,Sell,235864738
2024-08-29 14:18:40,177500.0,100,Sell,235864739
2024-08-29 14:18:40,177500.0,100,Sell,235864740
2024-08-29 14:18:40,177500.0,200,Sell,235864734
2024-08-29 14:20:27,177700.0,200,Buy,235868246
2024-08-29 14:21:07,177800.0,100,Buy,235869382
2024-08-29 14:21:34,177800.0,100,Buy,235870265
2024-08-29 14:21:51,177800.0,100,Buy,235870736
2024-08-29 14:22:08,177800.0,100,Buy,235871266
2024-08-29 14:22:32,177800.0,300,Buy,235872123
2024-08-29 14:22:32,177800.0,700,Buy,235872124
2024-08-29 14:22:44,177600.0,400,Sell,235872486
2024-08-29 14:23:20,177800.0,300,Buy,235873445
2024-08-29 14:23:23,177800.0,200,Buy,235873544
2024-08-29 14:23:27,177800.0,200,Buy,235873632
2024-08-29 14:23:30,177800.0,300,Buy,235873709
2024-08-29 14:23:32,177800.0,300,Buy,235873746
2024-08-29 14:23:32,177800.0,200,Buy,235873747
2024-08-29 14:23:32,177800.0,100,Buy,235873748
2024-08-29 14:23:32,177900.0,400,Buy,235873749
2024-08-29 14:23:34,177900.0,200,Buy,235873819
2024-08-29 14:23:37,177900.0,300,Buy,235873886
2024-08-29 14:23:40,177900.0,200,Buy,235873990
2024-08-29 14:23:44,177900.0,200,Buy,235874322
2024-08-29 14:23:47,177900.0,300,Buy,235874394
2024-08-29 14:23:51,177900.0,100,Buy,235874513
2024-08-29 14:23:51,177900.0,100,Buy,235874512
2024-08-29 14:23:54,177900.0,100,Buy,235874642
2024-08-29 14:23:54,178000.0,600,Buy,235874668
2024-08-29 14:23:54,178000.0,200,Buy,235874669
2024-08-29 14:23:54,178000.0,200,Buy,235874670
2024-08-29 14:23:54,177900.0,100,Buy,235874634
2024-08-29 14:23:57,178700.0,200,Buy,235874767
2024-08-29 14:24:01,178600.0,200,Buy,235874834
2024-08-29 14:24:04,178700.0,300,Buy,235875051
2024-08-29 14:24:08,178900.0,200,Buy,235875193
2024-08-29 14:24:11,178900.0,100,Buy,235875266
2024-08-29 14:24:11,178900.0,200,Buy,235875265
2024-08-29 14:24:14,179000.0,100,Buy,235875357
2024-08-29 14:24:14,179000.0,100,Buy,235875358
2024-08-29 14:24:18,179000.0,200,Buy,235875468
2024-08-29 14:24:21,179000.0,300,Buy,235875552
2024-08-29 14:24:24,178900.0,200,Buy,235875705
2024-08-29 14:24:28,178900.0,300,Buy,235875821
2024-08-29 14:24:32,178900.0,200,Buy,235875985
2024-08-29 14:24:35,178900.0,300,Buy,235876051
2024-08-29 14:24:38,178900.0,300,Buy,235876123
2024-08-29 14:24:41,178800.0,200,Buy,235876241
2024-08-29 14:24:45,178900.0,300,Buy,235876335
2024-08-29 14:24:48,178900.0,200,Buy,235876411
2024-08-29 14:24:52,178800.0,200,Buy,235876643
2024-08-29 14:24:55,178800.0,300,Buy,235876745
2024-08-29 14:24:58,178800.0,200,Buy,235876813
2024-08-29 14:25:02,178800.0,300,Buy,235876983
2024-08-29 14:25:05,178800.0,200,Buy,235877081
2024-08-29 14:25:06,178800.0,200,Buy,235877090
2024-08-29 14:25:06,178800.0,100,Buy,235877091
2024-08-29 14:25:06,178900.0,100,Buy,235877092
2024-08-29 14:25:06,179000.0,500,Buy,235877093
2024-08-29 14:25:06,178800.0,100,Buy,235877089
2024-08-29 14:25:09,179000.0,100,Buy,235877243
2024-08-29 14:25:09,179000.0,600,Buy,235877241
2024-08-29 14:25:09,179000.0,500,Buy,235877242
2024-08-29 14:25:09,179000.0,100,Buy,235877239
2024-08-29 14:25:09,178800.0,100,Buy,235877233
2024-08-29 14:25:09,179000.0,100,Buy,235877240
2024-08-29 14:25:09,178900.0,100,Buy,235877238
2024-08-29 14:25:10,178800.0,100,Sell,235877262
2024-08-29 14:25:12,178700.0,100,Buy,235877351
2024-08-29 14:25:15,178900.0,100,Buy,235877511
2024-08-29 14:25:17,179000.0,600,Buy,235877601
2024-08-29 14:25:17,179000.0,900,Buy,235877600
2024-08-29 14:25:18,178900.0,100,Sell,235877614
2024-08-29 14:25:19,179000.0,300,Buy,235877652
2024-08-29 14:25:22,178900.0,200,Buy,235877736
2024-08-29 14:25:22,178700.0,100,Sell,235877739
2024-08-29 14:25:26,179000.0,200,Buy,235877862
2024-08-29 14:25:26,178700.0,100,Sell,235877878
2024-08-29 14:25:29,179000.0,300,Buy,235877941
2024-08-29 14:25:32,179000.0,200,Buy,235878020
2024-08-29 14:25:36,178900.0,100,Buy,235878177
2024-08-29 14:25:37,178900.0,200,Sell,235878197
2024-08-29 14:25:39,179000.0,200,Buy,235878266
2024-08-29 14:25:40,178800.0,200,Sell,235878301
2024-08-29 14:25:43,179000.0,200,Buy,235878367
2024-08-29 14:25:46,178900.0,300,Buy,235878509
2024-08-29 14:25:49,178900.0,200,Buy,235878617
2024-08-29 14:25:53,179000.0,900,Buy,235878776
2024-08-29 14:25:53,179000.0,100,Buy,235878779
2024-08-29 14:25:53,179000.0,300,Buy,235878758
2024-08-29 14:25:53,179000.0,400,Buy,235878777
2024-08-29 14:25:53,179000.0,100,Buy,235878778
2024-08-29 14:25:56,179000.0,200,Buy,235878856
2024-08-29 14:26:00,179000.0,200,Buy,235879009
2024-08-29 14:26:03,179000.0,300,Buy,235879126
2024-08-29 14:26:05,179000.0,100,Buy,235879189
2024-08-29 14:26:05,179000.0,100,Buy,235879190
2024-08-29 14:26:05,179000.0,100,Buy,235879192
2024-08-29 14:26:05,179000.0,100,Buy,235879193
2024-08-29 14:26:05,179000.0,100,Buy,235879194
2024-08-29 14:26:05,179000.0,1000,Buy,235879191
2024-08-29 14:26:06,179000.0,200,Buy,235879226
2024-08-29 14:26:10,179000.0,300,Buy,235879364
2024-08-29 14:26:13,179000.0,200,Buy,235879467
2024-08-29 14:26:14,179000.0,100,Buy,235879504
2024-08-29 14:26:16,179000.0,100,Buy,235879602
2024-08-29 14:26:16,179000.0,100,Buy,235879565
2024-08-29 14:26:16,179000.0,100,Buy,235879563
2024-08-29 14:26:16,179000.0,100,Buy,235879564
2024-08-29 14:26:17,179000.0,600,Buy,235879633
2024-08-29 14:26:17,179000.0,400,Buy,235879635
2024-08-29 14:26:17,179000.0,200,Buy,235879632
2024-08-29 14:26:17,179000.0,300,Buy,235879634
2024-08-29 14:26:20,179000.0,200,Buy,235879752
2024-08-29 14:26:23,179000.0,200,Buy,235879840
2024-08-29 14:26:27,179000.0,300,Buy,235880026
2024-08-29 14:26:30,179000.0,200,Buy,235880108
2024-08-29 14:26:33,179000.0,100,Buy,235880236
2024-08-29 14:26:33,179000.0,100,Buy,235880237
2024-08-29 14:26:33,179000.0,100,Buy,235880238
2024-08-29 14:26:37,179000.0,200,Buy,235880409
2024-08-29 14:26:40,179000.0,200,Buy,235880492
2024-08-29 14:26:43,179000.0,100,Buy,235880582
2024-08-29 14:26:43,179000.0,100,Buy,235880583
2024-08-29 14:26:43,179000.0,100,Buy,235880584
2024-08-29 14:26:43,179000.0,100,Buy,235880585
2024-08-29 14:26:47,179100.0,200,Buy,235880708
2024-08-29 14:26:50,179100.0,300,Buy,235880812
2024-08-29 14:26:51,179000.0,300,Sell,235880870
2024-08-29 14:26:54,179000.0,200,Buy,235880952
2024-08-29 14:26:57,179100.0,200,Buy,235881055
2024-08-29 14:27:01,179100.0,300,Buy,235881250
2024-08-29 14:27:04,179200.0,200,Buy,235881368
2024-08-29 14:27:07,179200.0,300,Buy,235881538
2024-08-29 14:27:09,179200.0,500,Buy,235881691
2024-08-29 14:27:09,179200.0,100,Buy,235881692
2024-08-29 14:27:09,179200.0,100,Buy,235881693
2024-08-29 14:27:09,179200.0,800,Buy,235881694
2024-08-29 14:27:11,179100.0,200,Buy,235881789
2024-08-29 14:27:12,178800.0,100,Sell,235881846
2024-08-29 14:27:12,178800.0,300,Sell,235881845
2024-08-29 14:27:14,179100.0,200,Buy,235881886
2024-08-29 14:27:18,179200.0,200,Buy,235882063
2024-08-29 14:27:18,179200.0,100,Buy,235882064
2024-08-29 14:27:21,179200.0,200,Buy,235882199
2024-08-29 14:27:24,179100.0,300,Buy,235882325
2024-08-29 14:27:28,179100.0,200,Buy,235882574
2024-08-29 14:27:31,179100.0,300,Buy,235882707
2024-08-29 14:27:34,179000.0,500,Sell,235882836
2024-08-29 14:27:35,179100.0,200,Buy,235882858
2024-08-29 14:27:38,179100.0,200,Buy,235882997
2024-08-29 14:27:41,179100.0,200,Buy,235883130
2024-08-29 14:27:41,179100.0,100,Buy,235883129
2024-08-29 14:27:45,179100.0,200,Buy,235883258
2024-08-29 14:27:48,179100.0,100,Buy,235883455
2024-08-29 14:27:48,179100.0,200,Buy,235883456
2024-08-29 14:27:49,179000.0,2500,Sell,235883488
2024-08-29 14:27:52,178800.0,100,Sell,235883584
2024-08-29 14:27:52,179000.0,200,Buy,235883568
2024-08-29 14:27:52,179000.0,3000,Buy,235883582
2024-08-29 14:27:52,178800.0,100,Sell,235883583
2024-08-29 14:27:55,179000.0,100,Buy,235883719
2024-08-29 14:27:55,179000.0,100,Buy,235883720
2024-08-29 14:27:58,179100.0,300,Buy,235884032
2024-08-29 14:28:02,179100.0,200,Buy,235884281
2024-08-29 14:28:05,179100.0,100,Buy,235884441
2024-08-29 14:28:05,179100.0,100,Buy,235884439
2024-08-29 14:28:05,179100.0,100,Buy,235884440
2024-08-29 14:28:08,179100.0,200,Buy,235884564
2024-08-29 14:28:12,179100.0,200,Buy,235884751
2024-08-29 14:28:15,179100.0,300,Buy,235884828
2024-08-29 14:28:19,179100.0,200,Buy,235884994
2024-08-29 14:28:22,179100.0,200,Buy,235885083
2024-08-29 14:28:22,179100.0,100,Buy,235885084
2024-08-29 14:28:25,179100.0,200,Buy,235885189
2024-08-29 14:28:29,179100.0,200,Buy,235885375
2024-08-29 14:28:31,179100.0,200,Buy,235885551
2024-08-29 14:28:32,179100.0,300,Buy,235885593
2024-08-29 14:28:36,179100.0,100,Buy,235885778
2024-08-29 14:28:36,179100.0,100,Buy,235885779
2024-08-29 14:28:37,179000.0,1100,Sell,235885827
2024-08-29 14:28:38,179000.0,1700,Sell,235885857
2024-08-29 14:28:38,179200.0,500,Buy,235885850
2024-08-29 14:28:38,179200.0,100,Buy,235885852
2024-08-29 14:28:38,179200.0,100,Buy,235885851
2024-08-29 14:28:38,179200.0,100,Buy,235885849
2024-08-29 14:28:38,179200.0,300,Buy,235885853
2024-08-29 14:28:38,179100.0,100,Buy,235885847
2024-08-29 14:28:38,179100.0,200,Buy,235885843
2024-08-29 14:28:38,179100.0,900,Buy,235885844
2024-08-29 14:28:38,179200.0,100,Buy,235885848
2024-08-29 14:28:38,179100.0,100,Buy,235885846
2024-08-29 14:28:38,179100.0,500,Buy,235885845
2024-08-29 14:28:39,179200.0,300,Buy,235885870
2024-08-29 14:28:42,179200.0,200,Buy,235885990
2024-08-29 14:28:47,179200.0,200,Buy,235886194
2024-08-29 14:28:48,179000.0,100,Sell,235886218
2024-08-29 14:28:49,179200.0,100,Buy,235886245
2024-08-29 14:28:49,179200.0,100,Buy,235886246
2024-08-29 14:28:58,179200.0,100,Buy,235886754
2024-08-29 14:28:58,179200.0,100,Buy,235886755
2024-08-29 14:29:01,179200.0,100,Buy,235886930
2024-08-29 14:29:01,179200.0,100,Buy,235886929
2024-08-29 14:29:02,179200.0,100,Sell,235886980
2024-08-29 14:29:02,179100.0,1000,Sell,235887013
2024-08-29 14:29:02,179100.0,100,Sell,235887014
2024-08-29 14:29:02,179000.0,100,Sell,235887015
2024-08-29 14:29:02,179000.0,2600,Sell,235887016
2024-08-29 14:29:05,179200.0,100,Sell,235887162
2024-08-29 14:29:07,179200.0,100,Sell,235887276
2024-08-29 14:29:08,179200.0,500,Sell,235887361
2024-08-29 14:29:09,179200.0,100,Sell,235887464
2024-08-29 14:29:09,179200.0,500,Sell,235887471
2024-08-29 14:29:09,179200.0,100,Sell,235887461
2024-08-29 14:29:11,179200.0,700,Sell,235887574
2024-08-29 14:29:11,179200.0,500,Buy,235887575
2024-08-29 14:29:11,179300.0,300,Buy,235887576
2024-08-29 14:29:11,179300.0,1700,Buy,235887577
2024-08-29 14:29:11,179300.0,500,Buy,235887578
2024-08-29 14:29:19,179100.0,100,Sell,235888030
2024-08-29 14:29:19,179100.0,100,Sell,235888031
2024-08-29 14:29:20,179100.0,100,Sell,235888133
2024-08-29 14:29:20,179100.0,100,Sell,235888132
2024-08-29 14:29:20,179100.0,100,Sell,235888129
2024-08-29 14:29:20,179100.0,100,Sell,235888130
2024-08-29 14:29:20,179100.0,100,Sell,235888128
2024-08-29 14:29:20,179100.0,100,Sell,235888131
2024-08-29 14:29:21,179100.0,300,Buy,235888153
2024-08-29 14:29:21,179200.0,100,Buy,235888154
2024-08-29 14:29:28,179000.0,100,Sell,235888545
2024-08-29 14:29:36,178200.0,1000,Sell,235889106
2024-08-29 14:44:58,180000.0,193700,ATO/ATC,235890866
