time,price,volume,match_type,id
2024-07-23 09:14:39,176000.0,14800,ATO/ATC,225457642
2024-07-23 09:14:52,176000.0,100,Buy,225458060
2024-07-23 09:14:52,175900.0,100,Sell,225458063
2024-07-23 09:15:01,176000.0,400,Buy,225458198
2024-07-23 09:15:01,176000.0,300,Buy,225458199
2024-07-23 09:15:02,176000.0,100,Buy,225458210
2024-07-23 09:15:14,176000.0,500,Buy,225458357
2024-07-23 09:15:16,176000.0,500,Buy,225458403
2024-07-23 09:15:16,176000.0,100,Buy,225458401
2024-07-23 09:15:16,176000.0,200,Buy,225458402
2024-07-23 09:15:24,176100.0,100,Buy,225458501
2024-07-23 09:15:24,176100.0,500,Buy,225458502
2024-07-23 09:15:32,176100.0,500,Sell,225458617
2024-07-23 09:15:32,176000.0,200,Sell,225458618
2024-07-23 09:15:32,176000.0,200,Sell,225458619
2024-07-23 09:15:32,176000.0,100,Sell,225458620
2024-07-23 09:15:50,176100.0,100,Buy,225458888
2024-07-23 09:15:52,176000.0,100,Sell,225458907
2024-07-23 09:15:52,176000.0,100,Sell,225458908
2024-07-23 09:15:52,176000.0,100,Sell,225458905
2024-07-23 09:15:52,176000.0,100,Sell,225458904
2024-07-23 09:15:52,176000.0,200,Sell,225458906
2024-07-23 09:15:53,176000.0,100,Buy,225458927
2024-07-23 09:16:05,176000.0,300,Buy,225459167
2024-07-23 09:16:17,176000.0,100,Buy,225459399
2024-07-23 09:16:17,176100.0,200,Buy,225459400
2024-07-23 09:17:02,176100.0,200,Buy,225460210
2024-07-23 09:17:09,176000.0,100,Sell,225460377
2024-07-23 09:17:11,176000.0,100,Buy,225460430
2024-07-23 09:17:11,176100.0,100,Buy,225460431
2024-07-23 09:17:11,176100.0,300,Buy,225460432
2024-07-23 09:17:39,176100.0,100,Buy,225460933
2024-07-23 09:17:39,176100.0,100,Buy,225460931
2024-07-23 09:17:39,176100.0,200,Buy,225460928
2024-07-23 09:17:39,176100.0,100,Buy,225460932
2024-07-23 09:17:46,176100.0,100,Buy,225461095
2024-07-23 09:17:46,176100.0,1000,Buy,225461096
2024-07-23 09:18:01,176100.0,400,Buy,225461400
2024-07-23 09:18:08,176000.0,600,Sell,225461559
2024-07-23 09:18:25,176100.0,600,Buy,225461913
2024-07-23 09:18:25,176100.0,100,Buy,225461914
2024-07-23 09:18:25,176100.0,1300,Buy,225461915
2024-07-23 09:18:27,176000.0,100,Sell,225461952
2024-07-23 09:18:55,176100.0,100,Buy,225462537
2024-07-23 09:18:55,176100.0,100,Buy,225462536
2024-07-23 09:19:12,176100.0,300,Sell,225462875
2024-07-23 09:19:22,176200.0,100,Buy,225463112
2024-07-23 09:19:27,176200.0,100,Buy,225463298
2024-07-23 09:19:27,176200.0,500,Buy,225463299
2024-07-23 09:19:27,176200.0,100,Buy,225463300
2024-07-23 09:19:27,176200.0,200,Buy,225463301
2024-07-23 09:19:27,176200.0,100,Buy,225463302
2024-07-23 09:19:29,176100.0,200,Sell,225463350
2024-07-23 09:19:41,176000.0,100,Sell,225463605
2024-07-23 09:20:28,176000.0,200,Sell,225464774
2024-07-23 09:20:30,176000.0,200,Sell,225464821
2024-07-23 09:20:53,176000.0,500,Sell,225465326
2024-07-23 09:21:02,176000.0,500,Sell,225465617
2024-07-23 09:21:05,176000.0,1000,Sell,225465726
2024-07-23 09:21:05,176000.0,100,Sell,225465730
2024-07-23 09:21:05,176000.0,100,Sell,225465729
2024-07-23 09:21:05,176000.0,2800,Sell,225465725
2024-07-23 09:21:05,176000.0,2000,Sell,225465727
2024-07-23 09:21:05,176000.0,400,Sell,225465728
2024-07-23 09:21:43,175900.0,100,Sell,225466522
2024-07-23 09:22:08,175900.0,100,Sell,225467056
2024-07-23 09:22:08,175900.0,100,Sell,225467057
2024-07-23 09:22:08,175900.0,200,Sell,225467063
2024-07-23 09:22:08,175900.0,100,Sell,225467064
2024-07-23 09:22:13,175900.0,900,Sell,225467218
2024-07-23 09:22:13,175900.0,200,Sell,225467217
2024-07-23 09:22:14,175900.0,100,Sell,225467223
2024-07-23 09:22:19,176000.0,200,Buy,225467380
2024-07-23 09:22:23,175900.0,300,Sell,225467473
2024-07-23 09:22:23,175900.0,100,Sell,225467474
2024-07-23 09:22:23,175900.0,100,Sell,225467475
2024-07-23 09:22:23,175900.0,200,Sell,225467476
2024-07-23 09:22:23,175900.0,300,Sell,225467477
2024-07-23 09:22:24,176000.0,200,Buy,225467511
2024-07-23 09:22:47,176000.0,1000,Buy,225468180
2024-07-23 09:23:45,176000.0,3000,Buy,225469572
2024-07-23 09:23:51,176000.0,200,Buy,225469718
2024-07-23 09:24:03,176000.0,100,Buy,225470015
2024-07-23 09:24:11,176000.0,300,Buy,225470209
2024-07-23 09:24:58,175900.0,100,Sell,225471170
2024-07-23 09:25:07,176000.0,1600,Buy,225471352
2024-07-23 09:25:07,176000.0,100,Buy,225471353
2024-07-23 09:25:07,176000.0,100,Buy,225471354
2024-07-23 09:25:08,175900.0,200,Sell,225471378
2024-07-23 09:25:23,175900.0,200,Sell,225471771
2024-07-23 09:25:26,175900.0,200,Sell,225471833
2024-07-23 09:25:26,175900.0,100,Sell,225471834
2024-07-23 09:25:26,175900.0,500,Sell,225471831
2024-07-23 09:25:26,175900.0,200,Sell,225471827
2024-07-23 09:25:26,175900.0,500,Sell,225471832
2024-07-23 09:26:22,175900.0,300,Buy,225473032
2024-07-23 09:26:23,175800.0,300,Sell,225473045
2024-07-23 09:28:40,175700.0,200,Buy,225475529
2024-07-23 09:29:12,175600.0,1000,Sell,225476307
2024-07-23 09:29:12,175500.0,500,Sell,225476308
2024-07-23 09:29:12,175500.0,2000,Sell,225476309
2024-07-23 09:29:51,175400.0,400,Buy,225477183
2024-07-23 09:29:55,175200.0,100,Sell,225477244
2024-07-23 09:30:02,175200.0,500,Sell,225477378
2024-07-23 09:30:16,175200.0,100,Buy,225477687
2024-07-23 09:30:42,175100.0,200,Sell,225478218
2024-07-23 09:30:42,175100.0,100,Sell,225478217
2024-07-23 09:30:45,175100.0,100,Sell,225478265
2024-07-23 09:31:09,175000.0,100,Sell,225478736
2024-07-23 09:31:10,175000.0,100,Sell,225478785
2024-07-23 09:31:10,175000.0,400,Sell,225478786
2024-07-23 09:31:22,175000.0,100,Sell,225479060
2024-07-23 09:31:22,175000.0,100,Sell,225479059
2024-07-23 09:31:22,175000.0,100,Sell,225479056
2024-07-23 09:31:22,175000.0,500,Sell,225479057
2024-07-23 09:31:22,175000.0,100,Sell,225479058
2024-07-23 09:32:17,174800.0,300,Sell,225480236
2024-07-23 09:32:18,175000.0,100,Buy,225480242
2024-07-23 09:32:18,175000.0,500,Buy,225480243
2024-07-23 09:32:18,175000.0,100,Buy,225480244
2024-07-23 09:32:18,175000.0,300,Buy,225480245
2024-07-23 09:33:06,175000.0,100,Buy,225481209
2024-07-23 09:33:30,175000.0,100,Buy,225481713
2024-07-23 09:34:14,175000.0,100,Sell,225482619
2024-07-23 09:34:14,175000.0,100,Sell,225482617
2024-07-23 09:34:14,175000.0,200,Sell,225482618
2024-07-23 09:34:15,175000.0,100,Sell,225482621
2024-07-23 09:34:22,175000.0,300,Sell,225482721
2024-07-23 09:34:41,175000.0,100,Buy,225483144
2024-07-23 09:37:39,175000.0,200,Buy,225486776
2024-07-23 09:38:07,175000.0,100,Buy,225487264
2024-07-23 09:38:29,174900.0,200,Sell,225487677
2024-07-23 09:39:11,174900.0,100,Buy,225488660
2024-07-23 09:39:12,174900.0,100,Buy,225488662
2024-07-23 09:39:40,174900.0,100,Buy,225489228
2024-07-23 09:39:50,174800.0,100,Sell,225489474
2024-07-23 09:40:06,174800.0,100,Sell,225489833
2024-07-23 09:40:07,174800.0,100,Sell,225489872
2024-07-23 09:40:34,174800.0,200,Sell,225490425
2024-07-23 09:40:35,174800.0,100,Sell,225490447
2024-07-23 09:40:43,174800.0,200,Sell,225490609
2024-07-23 09:40:43,174800.0,400,Sell,225490610
2024-07-23 09:41:00,174800.0,100,Sell,225490960
2024-07-23 09:41:00,174800.0,100,Sell,225490961
2024-07-23 09:41:00,174800.0,200,Sell,225490962
2024-07-23 09:41:00,174800.0,600,Sell,225490963
2024-07-23 09:41:41,174600.0,100,Sell,225491725
2024-07-23 09:41:51,174600.0,100,Sell,225492009
2024-07-23 09:42:21,174500.0,100,Sell,225492816
2024-07-23 09:42:21,174500.0,100,Sell,225492817
2024-07-23 09:42:21,174500.0,500,Sell,225492818
2024-07-23 09:42:21,174500.0,200,Sell,225492819
2024-07-23 09:42:21,174500.0,100,Sell,225492820
2024-07-23 09:42:28,174500.0,100,Sell,225492963
2024-07-23 09:42:28,174500.0,100,Sell,225492964
2024-07-23 09:42:36,174000.0,100,Sell,225493193
2024-07-23 09:42:36,174000.0,100,Sell,225493194
2024-07-23 09:42:44,174000.0,400,Sell,225493432
2024-07-23 09:42:44,174000.0,400,Sell,225493430
2024-07-23 09:42:44,174000.0,100,Sell,225493431
2024-07-23 09:43:05,174000.0,100,Sell,225493826
2024-07-23 09:43:05,174000.0,100,Sell,225493825
2024-07-23 09:43:05,174000.0,100,Sell,225493827
2024-07-23 09:44:28,174100.0,100,Sell,225495677
2024-07-23 09:44:28,174000.0,200,Sell,225495678
2024-07-23 09:44:28,174000.0,200,Sell,225495679
2024-07-23 09:44:28,174000.0,100,Sell,225495680
2024-07-23 09:45:46,174100.0,100,Sell,225497322
2024-07-23 09:45:46,174100.0,100,Sell,225497323
2024-07-23 09:46:08,174100.0,100,Sell,225497826
2024-07-23 09:46:08,174100.0,200,Sell,225497827
2024-07-23 09:46:08,174100.0,200,Sell,225497828
2024-07-23 09:46:53,174100.0,200,Sell,225498624
2024-07-23 09:46:53,174100.0,100,Sell,225498623
2024-07-23 09:46:53,174200.0,200,Sell,225498621
2024-07-23 09:46:53,174200.0,100,Sell,225498622
2024-07-23 09:46:53,174200.0,200,Sell,225498620
2024-07-23 09:46:57,174100.0,300,Buy,225498694
2024-07-23 09:47:10,174100.0,100,Buy,225498968
2024-07-23 09:48:19,174100.0,200,Buy,225500267
2024-07-23 09:48:25,174100.0,200,Buy,225500382
2024-07-23 09:48:29,174100.0,1000,Buy,225500475
2024-07-23 09:48:31,174100.0,200,Buy,225500502
2024-07-23 09:48:36,174100.0,200,Buy,225500579
2024-07-23 09:48:41,174100.0,200,Buy,225500679
2024-07-23 09:48:47,174100.0,100,Buy,225500813
2024-07-23 09:48:47,174100.0,100,Buy,225500812
2024-07-23 09:49:48,174100.0,100,Sell,225501853
2024-07-23 09:49:48,174100.0,200,Sell,225501854
2024-07-23 09:49:48,174100.0,200,Sell,225501852
2024-07-23 09:50:15,174100.0,100,Sell,225502330
2024-07-23 09:53:18,174500.0,100,Buy,225505948
2024-07-23 09:53:30,174500.0,100,Buy,225506172
2024-07-23 09:54:10,174500.0,500,Buy,225506876
2024-07-23 09:56:47,174500.0,100,Buy,225509551
2024-07-23 09:56:57,174500.0,100,Buy,225509737
2024-07-23 09:58:01,174200.0,100,Sell,225510620
2024-07-23 09:58:09,174500.0,100,Buy,225510739
2024-07-23 09:58:12,174400.0,100,Buy,225510784
2024-07-23 09:58:52,174400.0,100,Sell,225511555
2024-07-23 09:59:07,174500.0,100,Buy,225511823
2024-07-23 09:59:12,174400.0,100,Sell,225511903
2024-07-23 09:59:22,174500.0,500,Buy,225512072
2024-07-23 09:59:22,174500.0,100,Buy,225512073
2024-07-23 09:59:27,174500.0,300,Buy,225512148
2024-07-23 09:59:27,174500.0,100,Buy,225512149
2024-07-23 09:59:34,174500.0,100,Buy,225512245
2024-07-23 09:59:36,174500.0,100,Buy,225512293
2024-07-23 09:59:51,174500.0,100,Buy,225512594
2024-07-23 09:59:53,174500.0,100,Buy,225512612
2024-07-23 09:59:53,174400.0,100,Sell,225512611
2024-07-23 10:00:02,174500.0,400,Buy,225512812
2024-07-23 10:00:04,174500.0,100,Buy,225512849
2024-07-23 10:00:23,174500.0,100,Buy,225513358
2024-07-23 10:01:05,174500.0,300,Buy,225514265
2024-07-23 10:01:46,175000.0,700,Buy,225514985
2024-07-23 10:01:46,175000.0,500,Buy,225514984
2024-07-23 10:01:46,175000.0,100,Buy,225514983
2024-07-23 10:01:46,175000.0,200,Buy,225514982
2024-07-23 10:01:46,175000.0,400,Buy,225514981
2024-07-23 10:01:46,175000.0,300,Buy,225514980
2024-07-23 10:01:46,174500.0,500,Buy,225514968
2024-07-23 10:01:46,174900.0,400,Buy,225514978
2024-07-23 10:01:46,174900.0,300,Buy,225514977
2024-07-23 10:01:46,174700.0,500,Buy,225514972
2024-07-23 10:01:46,174700.0,200,Buy,225514971
2024-07-23 10:01:46,174600.0,100,Buy,225514970
2024-07-23 10:01:46,174600.0,1000,Buy,225514969
2024-07-23 10:01:46,174900.0,200,Buy,225514979
2024-07-23 10:01:52,175100.0,100,Buy,225515070
2024-07-23 10:02:03,175100.0,200,Buy,225515214
2024-07-23 10:02:08,175100.0,100,Buy,225515266
2024-07-23 10:02:31,175000.0,200,Sell,225515661
2024-07-23 10:02:42,175100.0,100,Buy,225515871
2024-07-23 10:03:49,175100.0,100,Buy,225516961
2024-07-23 10:04:15,175200.0,1000,Buy,225517481
2024-07-23 10:05:51,175200.0,100,Buy,225519327
2024-07-23 10:05:52,175200.0,100,Buy,225519333
2024-07-23 10:05:52,175200.0,400,Buy,225519332
2024-07-23 10:05:52,175200.0,200,Buy,225519331
2024-07-23 10:06:13,175300.0,100,Buy,225519697
2024-07-23 10:06:33,175300.0,100,Buy,225520026
2024-07-23 10:07:16,175300.0,200,Buy,225520869
2024-07-23 10:07:29,175200.0,100,Sell,225521164
2024-07-23 10:07:44,175200.0,200,Sell,225521475
2024-07-23 10:07:54,175200.0,400,Sell,225521696
2024-07-23 10:08:02,175200.0,200,Sell,225521864
2024-07-23 10:08:09,175200.0,500,Sell,225522095
2024-07-23 10:08:27,175200.0,500,Sell,225522380
2024-07-23 10:09:34,175200.0,100,Sell,225523665
2024-07-23 10:10:50,175200.0,300,Sell,225524913
2024-07-23 10:10:53,175200.0,200,Sell,225524955
2024-07-23 10:11:10,175200.0,1800,Sell,225525226
2024-07-23 10:11:10,175200.0,200,Sell,225525227
2024-07-23 10:11:30,175200.0,100,Sell,225525473
2024-07-23 10:11:30,175200.0,100,Sell,225525474
2024-07-23 10:12:24,175100.0,200,Sell,225526280
2024-07-23 10:13:08,175200.0,100,Buy,225527021
2024-07-23 10:13:08,175200.0,100,Buy,225527022
2024-07-23 10:13:08,175200.0,200,Buy,225527023
2024-07-23 10:13:08,175200.0,400,Buy,225527024
2024-07-23 10:13:33,175200.0,200,Sell,225527605
2024-07-23 10:15:35,175100.0,200,Sell,225530004
2024-07-23 10:15:35,175100.0,700,Sell,225530002
2024-07-23 10:15:35,175100.0,100,Sell,225530003
2024-07-23 10:16:00,175100.0,100,Sell,225530467
2024-07-23 10:16:09,175100.0,700,Sell,225530602
2024-07-23 10:16:17,175000.0,100,Sell,225530762
2024-07-23 10:16:17,175000.0,100,Sell,225530763
2024-07-23 10:16:17,175000.0,100,Sell,225530764
2024-07-23 10:16:17,175000.0,100,Sell,225530765
2024-07-23 10:16:17,175000.0,3700,Sell,225530761
2024-07-23 10:16:35,175000.0,100,Buy,225531238
2024-07-23 10:18:15,174500.0,100,Sell,225533755
2024-07-23 10:18:35,174400.0,100,Sell,225534187
2024-07-23 10:18:35,174500.0,100,Sell,225534186
2024-07-23 10:18:35,174500.0,600,Sell,225534185
2024-07-23 10:18:35,174500.0,100,Sell,225534184
2024-07-23 10:18:35,174500.0,100,Sell,225534183
2024-07-23 10:18:35,174500.0,200,Sell,225534181
2024-07-23 10:18:35,174500.0,100,Sell,225534180
2024-07-23 10:18:35,174500.0,600,Sell,225534179
2024-07-23 10:18:35,174500.0,100,Sell,225534182
2024-07-23 10:19:10,174400.0,100,Sell,225534818
2024-07-23 10:19:10,174400.0,100,Sell,225534819
2024-07-23 10:19:10,174400.0,100,Sell,225534820
2024-07-23 10:19:10,174400.0,100,Sell,225534821
2024-07-23 10:19:10,174400.0,100,Sell,225534822
2024-07-23 10:20:36,174400.0,200,Sell,225536561
2024-07-23 10:20:36,174400.0,200,Sell,225536560
2024-07-23 10:20:36,174400.0,400,Sell,225536559
2024-07-23 10:22:50,174400.0,200,Sell,225538906
2024-07-23 10:22:50,174400.0,100,Sell,225538903
2024-07-23 10:22:50,174400.0,100,Sell,225538904
2024-07-23 10:22:50,174400.0,100,Sell,225538905
2024-07-23 10:24:41,174700.0,100,Sell,225540473
2024-07-23 10:25:42,174700.0,100,Sell,225541343
2024-07-23 10:26:06,174700.0,100,Sell,225541690
2024-07-23 10:26:30,174700.0,400,Sell,225542137
2024-07-23 10:31:23,174700.0,100,Buy,225546377
2024-07-23 10:34:53,174600.0,100,Sell,225549917
2024-07-23 10:34:53,174600.0,500,Sell,225549918
2024-07-23 10:36:02,174500.0,100,Sell,225551100
2024-07-23 10:37:02,174500.0,100,Sell,225552402
2024-07-23 10:37:19,174500.0,200,Sell,225552761
2024-07-23 10:37:19,174500.0,200,Sell,225552762
2024-07-23 10:37:31,174500.0,300,Sell,225553027
2024-07-23 10:37:31,174500.0,100,Sell,225553028
2024-07-23 10:38:09,174500.0,100,Sell,225553934
2024-07-23 10:38:22,174500.0,500,Sell,225554209
2024-07-23 10:38:30,174500.0,300,Sell,225554468
2024-07-23 10:38:30,174500.0,1000,Sell,225554469
2024-07-23 10:38:56,174500.0,200,Buy,225555058
2024-07-23 10:39:38,174500.0,200,Buy,225556154
2024-07-23 10:39:38,174500.0,100,Buy,225556153
2024-07-23 10:39:54,174400.0,200,Sell,225556649
2024-07-23 10:39:54,174400.0,200,Sell,225556648
2024-07-23 10:39:54,174400.0,300,Sell,225556645
2024-07-23 10:39:54,174400.0,200,Sell,225556646
2024-07-23 10:39:54,174400.0,100,Sell,225556647
2024-07-23 10:40:24,174300.0,200,Sell,225557443
2024-07-23 10:40:24,174300.0,200,Sell,225557442
2024-07-23 10:40:24,174300.0,100,Sell,225557444
2024-07-23 10:41:11,174400.0,100,Sell,225558654
2024-07-23 10:41:11,174400.0,100,Sell,225558655
2024-07-23 10:41:11,174300.0,200,Sell,225558656
2024-07-23 10:41:42,174300.0,100,Sell,225559563
2024-07-23 10:41:45,174400.0,100,Buy,225559636
2024-07-23 10:43:44,174500.0,100,Buy,225561801
2024-07-23 10:44:26,174400.0,100,Buy,225562418
2024-07-23 10:44:58,174400.0,100,Buy,225562924
2024-07-23 10:45:18,174300.0,400,Sell,225563276
2024-07-23 10:45:18,174300.0,200,Sell,225563275
2024-07-23 10:45:18,174300.0,100,Sell,225563273
2024-07-23 10:45:18,174300.0,500,Sell,225563274
2024-07-23 10:45:51,174300.0,100,Sell,225563658
2024-07-23 10:46:26,174400.0,200,Buy,225564109
2024-07-23 10:47:07,174400.0,100,Buy,225564716
2024-07-23 10:47:15,174400.0,100,Buy,225564817
2024-07-23 10:47:37,174400.0,100,Buy,225565088
2024-07-23 10:47:39,174400.0,100,Buy,225565106
2024-07-23 10:49:07,174400.0,100,Buy,225566264
2024-07-23 10:49:09,174400.0,200,Buy,225566287
2024-07-23 10:49:09,174400.0,500,Buy,225566285
2024-07-23 10:49:09,174400.0,100,Buy,225566284
2024-07-23 10:49:09,174400.0,100,Buy,225566286
2024-07-23 10:52:12,174400.0,100,Sell,225568576
2024-07-23 10:52:12,174400.0,100,Sell,225568577
2024-07-23 10:53:28,174400.0,100,Buy,225569537
2024-07-23 10:54:25,174300.0,100,Sell,225570334
2024-07-23 10:54:25,174300.0,200,Sell,225570335
2024-07-23 10:54:25,174300.0,200,Sell,225570336
2024-07-23 10:54:25,174300.0,100,Sell,225570337
2024-07-23 10:54:25,174300.0,100,Sell,225570338
2024-07-23 10:56:09,174300.0,100,Buy,225571525
2024-07-23 10:57:36,174200.0,200,Sell,225572596
2024-07-23 10:57:36,174200.0,100,Sell,225572594
2024-07-23 10:57:36,174200.0,200,Sell,225572595
2024-07-23 10:59:29,174200.0,200,Sell,225574044
2024-07-23 10:59:32,174200.0,200,Sell,225574098
2024-07-23 10:59:32,174200.0,200,Sell,225574099
2024-07-23 10:59:32,174200.0,100,Sell,225574100
2024-07-23 10:59:39,174300.0,100,Buy,225574172
2024-07-23 11:02:16,174300.0,200,Buy,225576049
2024-07-23 11:03:58,174300.0,100,Buy,225577324
2024-07-23 11:05:19,174300.0,100,Buy,225578520
2024-07-23 11:13:13,174300.0,100,Buy,225584183
2024-07-23 11:16:00,174300.0,100,Buy,225586456
2024-07-23 11:17:47,174300.0,100,Buy,225587694
2024-07-23 11:17:47,174300.0,100,Buy,225587695
2024-07-23 11:21:56,174300.0,100,Buy,225590857
2024-07-23 11:27:14,174300.0,500,Buy,225595167
2024-07-23 11:27:14,174300.0,500,Buy,225595168
2024-07-23 11:28:34,174300.0,100,Buy,225596542
2024-07-23 11:28:54,174300.0,100,Sell,225596815
2024-07-23 11:29:33,174300.0,400,Buy,225597490
2024-07-23 12:59:40,174400.0,100,Buy,225597967
2024-07-23 12:59:53,174400.0,100,Sell,225600818
2024-07-23 13:02:34,174400.0,200,Sell,225605007
2024-07-23 13:04:03,174400.0,100,Buy,225607192
2024-07-23 13:04:25,174400.0,100,Buy,225607609
2024-07-23 13:04:26,174300.0,200,Sell,225607617
2024-07-23 13:04:26,174300.0,300,Sell,225607618
2024-07-23 13:04:26,174300.0,100,Sell,225607616
2024-07-23 13:05:31,174300.0,100,Sell,225609076
2024-07-23 13:05:58,174400.0,100,Buy,225609716
2024-07-23 13:05:58,174400.0,100,Buy,225609717
2024-07-23 13:05:58,174400.0,100,Buy,225609718
2024-07-23 13:06:11,174300.0,100,Sell,225609918
2024-07-23 13:06:15,174300.0,100,Sell,225610063
2024-07-23 13:06:15,174300.0,100,Sell,225610064
2024-07-23 13:06:15,174300.0,300,Sell,225610065
2024-07-23 13:06:16,174400.0,100,Buy,225610089
2024-07-23 13:07:32,174400.0,100,Sell,225611611
2024-07-23 13:07:38,174400.0,200,Buy,225611771
2024-07-23 13:08:00,174400.0,100,Buy,225612375
2024-07-23 13:08:31,174400.0,100,Buy,225613247
2024-07-23 13:08:46,174400.0,400,Buy,225613528
2024-07-23 13:10:46,174300.0,100,Sell,225616138
2024-07-23 13:10:46,174300.0,100,Sell,225616139
2024-07-23 13:10:46,174300.0,200,Sell,225616140
2024-07-23 13:10:46,174300.0,200,Sell,225616141
2024-07-23 13:11:07,174300.0,100,Sell,225616609
2024-07-23 13:11:07,174300.0,100,Sell,225616610
2024-07-23 13:11:12,174300.0,100,Buy,225616691
2024-07-23 13:11:33,174300.0,100,Buy,225617362
2024-07-23 13:11:53,174300.0,100,Buy,225617740
2024-07-23 13:12:43,174300.0,100,Sell,225618852
2024-07-23 13:13:32,174400.0,400,Buy,225619930
2024-07-23 13:13:50,174400.0,100,Buy,225620544
2024-07-23 13:14:31,174400.0,300,Buy,225621613
2024-07-23 13:15:22,174400.0,100,Buy,225622995
2024-07-23 13:15:28,174400.0,100,Buy,225623142
2024-07-23 13:15:38,174400.0,200,Buy,225623275
2024-07-23 13:17:15,174400.0,100,Sell,225625436
2024-07-23 13:17:15,174400.0,100,Sell,225625437
2024-07-23 13:17:15,174400.0,200,Sell,225625438
2024-07-23 13:17:15,174400.0,100,Sell,225625439
2024-07-23 13:17:52,174400.0,100,Sell,225626277
2024-07-23 13:17:52,174300.0,300,Sell,225626279
2024-07-23 13:17:52,174200.0,100,Sell,225626287
2024-07-23 13:17:52,174200.0,100,Sell,225626286
2024-07-23 13:17:52,174200.0,200,Sell,225626285
2024-07-23 13:17:52,174200.0,100,Sell,225626284
2024-07-23 13:17:52,174300.0,100,Sell,225626278
2024-07-23 13:17:52,174300.0,200,Sell,225626282
2024-07-23 13:17:52,174300.0,100,Sell,225626280
2024-07-23 13:17:52,174200.0,100,Sell,225626283
2024-07-23 13:17:52,174300.0,100,Sell,225626281
2024-07-23 13:17:58,174100.0,300,Sell,225626451
2024-07-23 13:17:58,174100.0,200,Sell,225626450
2024-07-23 13:17:58,174100.0,200,Sell,225626449
2024-07-23 13:17:58,174200.0,400,Sell,225626444
2024-07-23 13:17:58,174200.0,100,Sell,225626447
2024-07-23 13:17:58,174200.0,100,Sell,225626446
2024-07-23 13:17:58,174200.0,100,Sell,225626445
2024-07-23 13:17:58,174100.0,100,Sell,225626448
2024-07-23 13:19:51,174200.0,100,Buy,225629278
2024-07-23 13:19:52,174200.0,100,Buy,225629300
2024-07-23 13:19:56,174200.0,300,Buy,225629401
2024-07-23 13:20:07,174300.0,100,Buy,225629635
2024-07-23 13:20:07,174300.0,600,Buy,225629636
2024-07-23 13:20:19,174400.0,100,Buy,225629902
2024-07-23 13:20:27,174400.0,100,Buy,225630040
2024-07-23 13:20:38,174400.0,300,Buy,225630274
2024-07-23 13:20:48,174400.0,1000,Sell,225630521
2024-07-23 13:20:55,174400.0,100,Sell,225630660
2024-07-23 13:21:22,174400.0,100,Buy,225631355
2024-07-23 13:21:32,174400.0,100,Buy,225631570
2024-07-23 13:22:12,174400.0,100,Buy,225632505
2024-07-23 13:22:19,174400.0,100,Buy,225632654
2024-07-23 13:23:54,174400.0,100,Sell,225634361
2024-07-23 13:23:55,174400.0,100,Buy,225634379
2024-07-23 13:26:25,174400.0,100,Buy,225638154
2024-07-23 13:26:32,174400.0,200,Buy,225638285
2024-07-23 13:26:32,174400.0,100,Buy,225638286
2024-07-23 13:26:43,174400.0,400,Buy,225638528
2024-07-23 13:26:59,174400.0,500,Sell,225638917
2024-07-23 13:27:21,174500.0,100,Buy,225639379
2024-07-23 13:28:00,174500.0,500,Buy,225640151
2024-07-23 13:28:16,174400.0,100,Sell,225640567
2024-07-23 13:29:01,174400.0,400,Buy,225641504
2024-07-23 13:29:05,174400.0,100,Sell,225641585
2024-07-23 13:29:22,174300.0,500,Sell,225642020
2024-07-23 13:29:22,174300.0,100,Sell,225642021
2024-07-23 13:29:22,174300.0,300,Sell,225642022
2024-07-23 13:29:22,174300.0,100,Sell,225642019
2024-07-23 13:29:28,174300.0,1000,Sell,225642122
2024-07-23 13:30:09,174300.0,200,Sell,225643114
2024-07-23 13:30:16,174300.0,200,Sell,225643250
2024-07-23 13:30:19,174300.0,1300,Sell,225643314
2024-07-23 13:30:19,174300.0,100,Sell,225643315
2024-07-23 13:30:19,174300.0,100,Sell,225643316
2024-07-23 13:30:24,174300.0,500,Sell,225643433
2024-07-23 13:30:45,174300.0,100,Buy,225644061
2024-07-23 13:30:45,174300.0,900,Buy,225644060
2024-07-23 13:31:43,174200.0,200,Sell,225645881
2024-07-23 13:31:43,174200.0,100,Sell,225645880
2024-07-23 13:31:56,174200.0,100,Sell,225646384
2024-07-23 13:31:56,174200.0,300,Sell,225646385
2024-07-23 13:31:56,174200.0,100,Sell,225646386
2024-07-23 13:32:18,174200.0,200,Sell,225647225
2024-07-23 13:32:43,174300.0,100,Buy,225648359
2024-07-23 13:32:55,174200.0,300,Sell,225648759
2024-07-23 13:32:56,174300.0,300,Buy,225648796
2024-07-23 13:32:56,174300.0,400,Buy,225648794
2024-07-23 13:32:56,174300.0,200,Buy,225648795
2024-07-23 13:34:33,174300.0,1100,Sell,225655511
2024-07-23 13:34:50,174200.0,300,Sell,225656724
2024-07-23 13:34:50,174200.0,600,Sell,225656725
2024-07-23 13:34:50,174200.0,200,Sell,225656726
2024-07-23 13:34:50,174100.0,200,Sell,225656727
2024-07-23 13:34:50,174100.0,200,Sell,225656728
2024-07-23 13:34:59,174200.0,200,Sell,225657287
2024-07-23 13:34:59,174100.0,100,Sell,225657288
2024-07-23 13:34:59,174100.0,100,Sell,225657289
2024-07-23 13:35:13,174100.0,100,Sell,225658391
2024-07-23 13:35:36,174100.0,100,Sell,225659781
2024-07-23 13:35:36,174100.0,400,Sell,225659782
2024-07-23 13:35:54,174100.0,600,Sell,225660794
2024-07-23 13:35:54,174100.0,100,Sell,225660795
2024-07-23 13:35:54,174100.0,200,Sell,225660796
2024-07-23 13:35:54,174100.0,100,Sell,225660797
2024-07-23 13:36:01,174200.0,100,Buy,225661281
2024-07-23 13:36:14,174200.0,100,Buy,225662305
2024-07-23 13:37:26,174200.0,100,Buy,225665651
2024-07-23 13:37:30,174200.0,100,Buy,225665865
2024-07-23 13:37:50,174200.0,400,Buy,225666760
2024-07-23 13:37:50,174200.0,100,Buy,225666761
2024-07-23 13:38:11,174200.0,100,Sell,225667552
2024-07-23 13:38:19,174100.0,2000,Sell,225667874
2024-07-23 13:38:24,174100.0,2000,Sell,225668089
2024-07-23 13:38:56,174300.0,100,Buy,225669179
2024-07-23 13:39:10,174200.0,100,Sell,225669643
2024-07-23 13:39:10,174200.0,100,Sell,225669644
2024-07-23 13:39:21,174200.0,100,Buy,225669996
2024-07-23 13:41:44,174000.0,700,Sell,225674160
2024-07-23 13:41:44,174000.0,200,Sell,225674157
2024-07-23 13:41:44,174000.0,500,Sell,225674158
2024-07-23 13:41:44,174000.0,200,Sell,225674155
2024-07-23 13:41:44,174000.0,300,Sell,225674159
2024-07-23 13:41:44,174000.0,200,Sell,225674153
2024-07-23 13:41:44,174000.0,200,Sell,225674154
2024-07-23 13:41:44,174100.0,100,Sell,225674148
2024-07-23 13:41:44,174100.0,900,Sell,225674150
2024-07-23 13:41:44,174000.0,100,Sell,225674156
2024-07-23 13:41:44,174000.0,100,Sell,225674152
2024-07-23 13:41:44,174100.0,100,Sell,225674151
2024-07-23 13:42:25,174100.0,200,Sell,225675092
2024-07-23 13:42:28,174000.0,300,Sell,225675155
2024-07-23 13:42:28,174000.0,200,Sell,225675156
2024-07-23 13:42:57,174000.0,300,Sell,225675982
2024-07-23 13:42:57,174000.0,100,Sell,225675983
2024-07-23 13:42:57,174000.0,100,Sell,225675984
2024-07-23 13:43:48,174000.0,100,Sell,225677257
2024-07-23 13:43:48,174000.0,200,Sell,225677258
2024-07-23 13:43:48,174000.0,100,Sell,225677259
2024-07-23 13:43:48,174000.0,200,Sell,225677260
2024-07-23 13:43:48,174000.0,100,Sell,225677261
2024-07-23 13:43:52,174000.0,200,Sell,225677419
2024-07-23 13:43:52,174000.0,100,Sell,225677418
2024-07-23 13:43:52,174000.0,100,Sell,225677417
2024-07-23 13:43:52,174000.0,100,Sell,225677416
2024-07-23 13:43:54,174000.0,100,Sell,225677560
2024-07-23 13:43:54,174000.0,200,Sell,225677561
2024-07-23 13:43:54,174000.0,100,Sell,225677562
2024-07-23 13:43:54,174000.0,100,Sell,225677563
2024-07-23 13:43:56,174100.0,100,Buy,225677641
2024-07-23 13:43:56,174100.0,200,Buy,225677642
2024-07-23 13:44:04,174100.0,100,Buy,225677910
2024-07-23 13:44:05,174000.0,100,Sell,225677947
2024-07-23 13:44:05,174000.0,100,Sell,225677946
2024-07-23 13:44:05,174000.0,100,Sell,225677945
2024-07-23 13:44:05,174000.0,100,Sell,225677942
2024-07-23 13:44:05,174000.0,1000,Sell,225677943
2024-07-23 13:44:05,174000.0,100,Sell,225677944
2024-07-23 13:44:05,174000.0,200,Sell,225677941
2024-07-23 13:44:08,174000.0,300,Buy,225678080
2024-07-23 13:44:34,174100.0,100,Buy,225679067
2024-07-23 13:45:26,174100.0,100,Buy,225681413
2024-07-23 13:45:26,174100.0,900,Buy,225681414
2024-07-23 13:45:49,174100.0,100,Buy,225682580
2024-07-23 13:46:43,174000.0,1500,Sell,225686160
2024-07-23 13:46:44,174100.0,100,Buy,225686196
2024-07-23 13:46:54,174000.0,100,Sell,225687281
2024-07-23 13:47:08,174000.0,500,Sell,225688232
2024-07-23 13:47:22,174000.0,300,Sell,225688950
2024-07-23 13:47:24,174000.0,200,Sell,225689145
2024-07-23 13:47:26,174000.0,100,Sell,225689223
2024-07-23 13:47:26,174000.0,900,Sell,225689224
2024-07-23 13:47:41,174000.0,100,Sell,225690107
2024-07-23 13:47:41,174000.0,100,Sell,225690108
2024-07-23 13:47:45,174000.0,400,Buy,225690222
2024-07-23 13:47:45,174000.0,600,Buy,225690221
2024-07-23 13:48:41,173900.0,300,Sell,225693504
2024-07-23 13:48:46,173900.0,100,Sell,225693805
2024-07-23 13:48:47,173900.0,100,Sell,225693849
2024-07-23 13:48:49,173900.0,500,Sell,225693947
2024-07-23 13:48:54,173800.0,200,Sell,225694175
2024-07-23 13:48:59,173900.0,500,Buy,225694328
2024-07-23 13:48:59,173900.0,500,Buy,225694329
2024-07-23 13:49:22,173900.0,100,Buy,225695369
2024-07-23 13:49:37,173800.0,100,Sell,225695948
2024-07-23 13:49:37,173800.0,100,Sell,225695949
2024-07-23 13:49:37,173800.0,100,Sell,225695950
2024-07-23 13:49:37,173500.0,200,Sell,225695951
2024-07-23 13:49:37,173500.0,100,Sell,225695952
2024-07-23 13:49:37,173500.0,100,Sell,225695953
2024-07-23 13:49:37,173500.0,200,Sell,225695954
2024-07-23 13:49:37,173100.0,100,Sell,225695955
2024-07-23 13:49:53,173800.0,100,Sell,225696662
2024-07-23 13:50:05,173900.0,1000,Buy,225697131
2024-07-23 13:50:44,173900.0,100,Buy,225698278
2024-07-23 13:51:13,173900.0,100,Buy,225699190
2024-07-23 13:51:16,173900.0,100,Buy,225699259
2024-07-23 13:53:33,173900.0,100,Buy,225703962
2024-07-23 13:53:34,173300.0,300,Sell,225703987
2024-07-23 13:53:57,173300.0,1100,Sell,225704745
2024-07-23 13:54:09,173300.0,500,Sell,225705160
2024-07-23 13:55:02,173300.0,100,Sell,225707127
2024-07-23 13:55:30,173300.0,100,Sell,225708109
2024-07-23 13:56:23,173300.0,100,Sell,225710110
2024-07-23 13:56:23,173300.0,100,Sell,225710111
2024-07-23 13:56:44,173300.0,200,Buy,225710732
2024-07-23 13:56:46,173200.0,2000,Sell,225710794
2024-07-23 13:57:21,173300.0,200,Buy,225712648
2024-07-23 13:57:56,173300.0,200,Buy,225714273
2024-07-23 13:58:04,173300.0,100,Buy,225714792
2024-07-23 13:58:09,173300.0,200,Buy,225715097
2024-07-23 13:58:21,173300.0,500,Buy,225715545
2024-07-23 13:58:32,173300.0,100,Buy,225716256
2024-07-23 13:58:34,173300.0,100,Sell,225716341
2024-07-23 13:58:35,173300.0,100,Buy,225716394
2024-07-23 13:58:56,173300.0,200,Buy,225717402
2024-07-23 13:59:15,173300.0,100,Buy,225718482
2024-07-23 13:59:35,173200.0,200,Sell,225719356
2024-07-23 14:00:22,173300.0,200,Buy,225721835
2024-07-23 14:00:22,173200.0,200,Sell,225721812
2024-07-23 14:00:27,173300.0,100,Buy,225722077
2024-07-23 14:00:27,173300.0,400,Buy,225722078
2024-07-23 14:00:28,173300.0,100,Sell,225722099
2024-07-23 14:00:48,173300.0,400,Sell,225722959
2024-07-23 14:01:18,173300.0,1100,Sell,225724113
2024-07-23 14:04:43,173400.0,100,Sell,225730257
2024-07-23 14:04:43,173400.0,100,Sell,225730258
2024-07-23 14:04:46,173400.0,100,Sell,225730301
2024-07-23 14:04:46,173400.0,200,Sell,225730302
2024-07-23 14:04:58,173400.0,800,Sell,225730625
2024-07-23 14:04:58,173400.0,300,Sell,225730624
2024-07-23 14:05:08,173400.0,100,Sell,225730899
2024-07-23 14:06:30,173400.0,100,Sell,225733034
2024-07-23 14:08:38,173400.0,1000,Sell,225736730
2024-07-23 14:08:38,173400.0,100,Sell,225736731
2024-07-23 14:08:50,173400.0,300,Sell,225737078
2024-07-23 14:12:19,173500.0,100,Sell,225743350
2024-07-23 14:12:19,173500.0,500,Sell,225743351
2024-07-23 14:12:19,173500.0,100,Sell,225743352
2024-07-23 14:12:19,173500.0,100,Sell,225743353
2024-07-23 14:12:19,173500.0,100,Sell,225743354
2024-07-23 14:12:19,173400.0,100,Sell,225743355
2024-07-23 14:12:19,173500.0,100,Sell,225743349
2024-07-23 14:15:28,173600.0,500,Sell,225749301
2024-07-23 14:15:32,173700.0,200,Buy,225749529
2024-07-23 14:15:48,173700.0,100,Buy,225750230
2024-07-23 14:15:48,173700.0,100,Buy,225750229
2024-07-23 14:16:13,173700.0,300,Buy,225751781
2024-07-23 14:16:13,173700.0,100,Buy,225751782
2024-07-23 14:16:13,173600.0,100,Buy,225751780
2024-07-23 14:16:14,173500.0,100,Sell,225751889
2024-07-23 14:16:20,173700.0,100,Buy,225752204
2024-07-23 14:16:36,173600.0,500,Sell,225753325
2024-07-23 14:17:08,173500.0,500,Sell,225757217
2024-07-23 14:17:23,173500.0,200,Sell,225759691
2024-07-23 14:17:26,173500.0,100,Sell,225760414
2024-07-23 14:17:26,173500.0,100,Sell,225760415
2024-07-23 14:17:27,173500.0,100,Sell,225760546
2024-07-23 14:17:27,173500.0,600,Sell,225760491
2024-07-23 14:17:27,173500.0,400,Sell,225760545
2024-07-23 14:18:00,173400.0,300,Sell,225767556
2024-07-23 14:18:09,173400.0,200,Sell,225769321
2024-07-23 14:18:09,173400.0,100,Sell,225769322
2024-07-23 14:18:09,173400.0,200,Sell,225769323
2024-07-23 14:18:09,173400.0,100,Sell,225769324
2024-07-23 14:18:11,173400.0,100,Sell,225769567
2024-07-23 14:18:11,173400.0,600,Sell,225769568
2024-07-23 14:18:21,173500.0,300,Buy,225771534
2024-07-23 14:18:21,173500.0,100,Buy,225771535
2024-07-23 14:18:21,173500.0,100,Buy,225771536
2024-07-23 14:18:23,173400.0,1000,Sell,225772036
2024-07-23 14:18:24,173400.0,100,Sell,225772224
2024-07-23 14:18:28,173400.0,200,Sell,225773208
2024-07-23 14:18:31,173400.0,100,Sell,225774001
2024-07-23 14:18:31,173400.0,200,Sell,225774002
2024-07-23 14:18:31,173400.0,200,Sell,225774003
2024-07-23 14:18:31,173400.0,100,Sell,225774004
2024-07-23 14:18:31,173400.0,100,Sell,225774005
2024-07-23 14:18:37,173400.0,200,Sell,225775404
2024-07-23 14:18:37,173400.0,200,Sell,225775405
2024-07-23 14:18:37,173400.0,100,Sell,225775406
2024-07-23 14:18:38,173300.0,1000,Sell,225775782
2024-07-23 14:18:44,173400.0,200,Buy,225777221
2024-07-23 14:18:44,173400.0,100,Buy,225777220
2024-07-23 14:18:44,173400.0,200,Buy,225777219
2024-07-23 14:18:45,173300.0,500,Sell,225777347
2024-07-23 14:18:48,173300.0,200,Sell,225777962
2024-07-23 14:18:48,173000.0,100,Sell,225778038
2024-07-23 14:18:48,173300.0,100,Sell,225777961
2024-07-23 14:18:48,173000.0,200,Sell,225778035
2024-07-23 14:18:48,173000.0,300,Sell,225778034
2024-07-23 14:18:48,173000.0,100,Sell,225778033
2024-07-23 14:18:48,173000.0,100,Sell,225778032
2024-07-23 14:18:48,173000.0,200,Sell,225778031
2024-07-23 14:18:48,173000.0,100,Sell,225778030
2024-07-23 14:18:48,173000.0,100,Sell,225778029
2024-07-23 14:18:48,173000.0,100,Sell,225778028
2024-07-23 14:18:48,173000.0,100,Sell,225778027
2024-07-23 14:18:48,173000.0,100,Sell,225778037
2024-07-23 14:18:48,173000.0,100,Sell,225778025
2024-07-23 14:18:48,173000.0,300,Sell,225778026
2024-07-23 14:18:48,173300.0,500,Sell,225778015
2024-07-23 14:18:48,173200.0,600,Sell,225778016
2024-07-23 14:18:48,173200.0,1000,Sell,225778017
2024-07-23 14:18:48,173200.0,100,Sell,225778018
2024-07-23 14:18:48,173000.0,100,Sell,225778036
2024-07-23 14:18:48,173200.0,100,Sell,225778020
2024-07-23 14:18:48,173100.0,100,Sell,225778021
2024-07-23 14:18:48,173200.0,100,Sell,225778019
2024-07-23 14:18:48,173100.0,100,Sell,225778022
2024-07-23 14:18:48,173100.0,300,Sell,225778023
2024-07-23 14:18:48,173000.0,500,Sell,225778024
2024-07-23 14:18:50,172900.0,100,Sell,225778241
2024-07-23 14:18:50,172900.0,300,Sell,225778240
2024-07-23 14:18:50,172900.0,100,Sell,225778513
2024-07-23 14:18:50,173000.0,100,Sell,225778238
2024-07-23 14:18:50,173000.0,100,Sell,225778237
2024-07-23 14:18:50,173000.0,100,Sell,225778239
2024-07-23 14:18:57,172600.0,100,Sell,225779641
2024-07-23 14:18:57,172800.0,200,Sell,225779640
2024-07-23 14:18:57,172800.0,600,Sell,225779639
2024-07-23 14:18:57,172900.0,400,Sell,225779638
2024-07-23 14:19:17,172600.0,200,Sell,225783794
2024-07-23 14:19:18,172500.0,100,Sell,225783900
2024-07-23 14:19:18,172500.0,1000,Sell,225783901
2024-07-23 14:19:21,172200.0,100,Sell,225784568
2024-07-23 14:19:21,172000.0,100,Sell,225784569
2024-07-23 14:19:21,172000.0,100,Sell,225784570
2024-07-23 14:19:21,172200.0,200,Sell,225784567
2024-07-23 14:19:22,172000.0,500,Sell,225784640
2024-07-23 14:19:22,172000.0,100,Sell,225784641
2024-07-23 14:19:24,172500.0,400,Buy,225784919
2024-07-23 14:19:28,172000.0,100,Sell,225785974
2024-07-23 14:19:28,172000.0,100,Sell,225785973
2024-07-23 14:19:28,172000.0,100,Sell,225785972
2024-07-23 14:19:28,172000.0,100,Sell,225785828
2024-07-23 14:19:28,172000.0,200,Sell,225785971
2024-07-23 14:19:39,172000.0,100,Sell,225787913
2024-07-23 14:19:39,172000.0,100,Sell,225787914
2024-07-23 14:19:39,172000.0,500,Sell,225787915
2024-07-23 14:19:39,172000.0,100,Sell,225787916
2024-07-23 14:19:39,172000.0,300,Sell,225787917
2024-07-23 14:19:39,172000.0,400,Sell,225787912
2024-07-23 14:19:46,172000.0,100,Sell,225789211
2024-07-23 14:19:48,172000.0,100,Sell,225789835
2024-07-23 14:19:48,172000.0,100,Sell,225789834
2024-07-23 14:19:48,172000.0,100,Sell,225789836
2024-07-23 14:19:48,172000.0,100,Sell,225789832
2024-07-23 14:19:48,172000.0,200,Sell,225789831
2024-07-23 14:19:48,172000.0,100,Sell,225789830
2024-07-23 14:19:48,172000.0,100,Sell,225789833
2024-07-23 14:19:53,172000.0,200,Buy,225790799
2024-07-23 14:20:33,172000.0,100,Buy,225797741
2024-07-23 14:20:33,172000.0,100,Buy,225797776
2024-07-23 14:20:34,171600.0,100,Sell,225797804
2024-07-23 14:20:41,171600.0,100,Sell,225798650
2024-07-23 14:21:13,171600.0,100,Sell,225802811
2024-07-23 14:21:15,171600.0,500,Sell,225803071
2024-07-23 14:21:21,171600.0,200,Sell,225803828
2024-07-23 14:21:24,171500.0,100,Sell,225804264
2024-07-23 14:21:24,171500.0,100,Sell,225804263
2024-07-23 14:21:24,171500.0,100,Sell,225804262
2024-07-23 14:21:24,171500.0,500,Sell,225804261
2024-07-23 14:21:24,171600.0,100,Sell,225804257
2024-07-23 14:21:24,171600.0,200,Sell,225804259
2024-07-23 14:21:24,171500.0,100,Sell,225804260
2024-07-23 14:21:24,171600.0,200,Sell,225804254
2024-07-23 14:21:24,171600.0,400,Sell,225804256
2024-07-23 14:21:24,171600.0,1000,Sell,225804255
2024-07-23 14:21:28,171600.0,500,Sell,225804658
2024-07-23 14:21:33,171600.0,100,Sell,225805305
2024-07-23 14:21:33,171600.0,100,Sell,225805306
2024-07-23 14:21:33,171600.0,100,Sell,225805307
2024-07-23 14:21:33,171500.0,100,Sell,225805308
2024-07-23 14:21:36,171500.0,600,Buy,225805739
2024-07-23 14:21:48,171600.0,100,Buy,225807275
2024-07-23 14:21:49,171500.0,100,Sell,225807375
2024-07-23 14:21:49,171500.0,1500,Sell,225807432
2024-07-23 14:21:51,171600.0,300,Buy,225807575
2024-07-23 14:21:53,171600.0,200,Buy,225807847
2024-07-23 14:21:58,171500.0,2000,Sell,225808226
2024-07-23 14:22:02,171600.0,200,Buy,225808655
2024-07-23 14:22:02,171600.0,200,Buy,225808656
2024-07-23 14:22:06,172000.0,1000,Buy,225809010
2024-07-23 14:22:06,172500.0,2500,Buy,225809013
2024-07-23 14:22:06,172000.0,500,Buy,225809012
2024-07-23 14:22:06,172000.0,1000,Buy,225809011
2024-07-23 14:22:06,172000.0,1500,Buy,225809009
2024-07-23 14:22:06,172000.0,100,Buy,225809007
2024-07-23 14:22:06,172000.0,1300,Buy,225809006
2024-07-23 14:22:06,172000.0,100,Buy,225808943
2024-07-23 14:22:06,172000.0,100,Buy,225809008
2024-07-23 14:22:10,172500.0,200,Sell,225809417
2024-07-23 14:22:14,172800.0,100,Buy,225809847
2024-07-23 14:22:21,172500.0,1000,Sell,225810550
2024-07-23 14:22:30,173000.0,100,Buy,225811410
2024-07-23 14:22:55,173200.0,100,Buy,225813780
2024-07-23 14:23:09,173400.0,200,Buy,225814847
2024-07-23 14:23:17,173400.0,100,Buy,225815613
2024-07-23 14:23:27,173400.0,100,Buy,225816523
2024-07-23 14:23:47,173400.0,100,Buy,225817978
2024-07-23 14:23:59,173100.0,500,Sell,225818803
2024-07-23 14:24:03,173400.0,200,Buy,225819085
2024-07-23 14:24:03,173400.0,100,Buy,225819084
2024-07-23 14:24:17,173300.0,600,Buy,225819975
2024-07-23 14:24:19,173300.0,200,Sell,225820171
2024-07-23 14:24:23,173300.0,200,Sell,225820409
2024-07-23 14:24:23,173300.0,100,Sell,225820410
2024-07-23 14:24:37,173300.0,200,Sell,225821316
2024-07-23 14:24:52,173500.0,500,Buy,225822244
2024-07-23 14:25:07,173600.0,100,Buy,225823172
2024-07-23 14:25:23,173800.0,3000,Buy,225824238
2024-07-23 14:25:42,173800.0,200,Buy,225825481
2024-07-23 14:26:03,173800.0,100,Buy,225826966
2024-07-23 14:26:03,173800.0,1800,Buy,225826964
2024-07-23 14:26:03,173800.0,100,Buy,225826965
2024-07-23 14:26:12,173800.0,1300,Buy,225827667
2024-07-23 14:26:33,173500.0,100,Sell,225829161
2024-07-23 14:26:38,173800.0,1000,Buy,225829506
2024-07-23 14:27:24,173400.0,100,Buy,225833564
2024-07-23 14:27:24,173500.0,900,Buy,225833565
2024-07-23 14:27:26,173200.0,200,Sell,225833745
2024-07-23 14:27:38,173200.0,300,Buy,225834698
2024-07-23 14:27:38,173500.0,100,Buy,225834699
2024-07-23 14:27:38,173700.0,500,Buy,225834700
2024-07-23 14:27:38,173700.0,100,Buy,225834701
2024-07-23 14:27:54,173700.0,2000,Buy,225836202
2024-07-23 14:28:00,173100.0,100,Sell,225836798
2024-07-23 14:28:00,173100.0,100,Sell,225836799
2024-07-23 14:28:11,173600.0,100,Buy,225838030
2024-07-23 14:28:11,173600.0,900,Buy,225838031
2024-07-23 14:28:27,173500.0,1000,Buy,225839759
2024-07-23 14:28:36,173500.0,1000,Buy,225840566
2024-07-23 14:28:51,173000.0,500,Sell,225841920
2024-07-23 14:29:04,173100.0,300,Sell,225843357
2024-07-23 14:29:11,173500.0,200,Buy,225844187
2024-07-23 14:29:20,173100.0,200,Sell,225845202
2024-07-23 14:44:41,174100.0,152400,ATO/ATC,225848966
