time,price,volume,match_type,id
2024-08-19 09:14:36,175100.0,1500,ATO/ATC,232510209
2024-08-19 09:15:29,175000.0,6000,Sell,232512504
2024-08-19 09:15:29,175100.0,3800,Sell,232512501
2024-08-19 09:15:29,175100.0,100,Sell,232512502
2024-08-19 09:15:29,175000.0,100,Sell,232512503
2024-08-19 09:16:13,175000.0,3000,Sell,232514862
2024-08-19 09:16:17,175300.0,100,Buy,232515044
2024-08-19 09:16:41,175300.0,500,Buy,232516336
2024-08-19 09:16:53,175300.0,400,Sell,232517094
2024-08-19 09:17:24,175300.0,200,Sell,232518799
2024-08-19 09:17:46,175300.0,400,Buy,232519877
2024-08-19 09:18:22,175300.0,100,Buy,232521857
2024-08-19 09:18:48,175300.0,100,Buy,232523382
2024-08-19 09:18:57,175300.0,200,Buy,232523852
2024-08-19 09:18:57,175300.0,400,Buy,232523853
2024-08-19 09:19:05,175300.0,100,Sell,232524192
2024-08-19 09:19:34,175300.0,100,Sell,232525475
2024-08-19 09:19:40,175300.0,200,Sell,232525763
2024-08-19 09:20:10,175100.0,200,Sell,232526976
2024-08-19 09:20:18,175400.0,100,Buy,232527360
2024-08-19 09:20:18,175400.0,200,Buy,232527361
2024-08-19 09:20:18,175400.0,200,Buy,232527362
2024-08-19 09:20:58,175400.0,300,Buy,232529068
2024-08-19 09:20:58,175400.0,100,Buy,232529069
2024-08-19 09:20:58,175400.0,100,Buy,232529070
2024-08-19 09:20:58,175400.0,500,Buy,232529071
2024-08-19 09:20:58,175400.0,500,Buy,232529072
2024-08-19 09:21:14,175400.0,500,Sell,232529746
2024-08-19 09:22:40,175100.0,100,Sell,232532897
2024-08-19 09:23:33,175200.0,100,Sell,232535137
2024-08-19 09:23:34,175200.0,1800,Sell,232535190
2024-08-19 09:23:51,175200.0,100,Sell,232535862
2024-08-19 09:23:51,175200.0,2000,Sell,232535926
2024-08-19 09:25:13,175100.0,100,Sell,232539210
2024-08-19 09:25:35,175100.0,500,Sell,232539991
2024-08-19 09:25:42,175100.0,100,Sell,232540325
2024-08-19 09:26:01,175100.0,200,Sell,232541075
2024-08-19 09:26:01,175100.0,1200,Sell,232541091
2024-08-19 09:26:01,175100.0,1000,Sell,232541076
2024-08-19 09:26:02,175100.0,3400,Sell,232541107
2024-08-19 09:26:03,175100.0,2700,Sell,232541130
2024-08-19 09:26:07,175000.0,100,Sell,232541339
2024-08-19 09:26:32,175000.0,400,Sell,232542270
2024-08-19 09:26:32,175000.0,600,Sell,232542271
2024-08-19 09:26:33,175000.0,200,Sell,232542366
2024-08-19 09:26:33,175000.0,1200,Sell,232542364
2024-08-19 09:26:33,175000.0,200,Sell,232542296
2024-08-19 09:26:33,175000.0,100,Sell,232542365
2024-08-19 09:27:45,174900.0,500,Buy,232545384
2024-08-19 09:28:23,174600.0,100,Sell,232546823
2024-08-19 09:28:28,174600.0,1000,Sell,232547047
2024-08-19 09:28:28,174600.0,100,Sell,232547048
2024-08-19 09:28:42,174300.0,400,Sell,232547511
2024-08-19 09:28:42,174300.0,700,Sell,232547512
2024-08-19 09:29:03,174500.0,100,Sell,232548154
2024-08-19 09:29:03,174400.0,100,Sell,232548155
2024-08-19 09:29:39,174300.0,1000,Sell,232549500
2024-08-19 09:29:49,174300.0,300,Sell,232549841
2024-08-19 09:29:49,174300.0,100,Sell,232549842
2024-08-19 09:30:11,174000.0,900,Sell,232550585
2024-08-19 09:30:11,174100.0,100,Sell,232550583
2024-08-19 09:30:11,174000.0,500,Sell,232550584
2024-08-19 09:30:11,174100.0,100,Sell,232550581
2024-08-19 09:30:11,174100.0,100,Sell,232550580
2024-08-19 09:30:11,174200.0,100,Sell,232550579
2024-08-19 09:30:11,174100.0,200,Sell,232550582
2024-08-19 09:30:39,174200.0,100,Sell,232551558
2024-08-19 09:30:42,173000.0,700,Sell,232551694
2024-08-19 09:30:42,173000.0,300,Sell,232551693
2024-08-19 09:30:42,173200.0,100,Sell,232551692
2024-08-19 09:30:42,173400.0,500,Sell,232551691
2024-08-19 09:30:42,173500.0,2000,Sell,232551690
2024-08-19 09:30:42,173500.0,100,Sell,232551689
2024-08-19 09:30:42,173900.0,500,Sell,232551687
2024-08-19 09:30:42,174000.0,100,Sell,232551686
2024-08-19 09:30:42,174000.0,1000,Sell,232551685
2024-08-19 09:30:42,174000.0,200,Sell,232551684
2024-08-19 09:30:42,173900.0,500,Sell,232551688
2024-08-19 09:31:20,173400.0,100,Sell,232553154
2024-08-19 09:31:28,173000.0,1200,Sell,232553406
2024-08-19 09:31:28,173000.0,2000,Sell,232553405
2024-08-19 09:31:28,173000.0,300,Sell,232553403
2024-08-19 09:31:28,173200.0,100,Sell,232553402
2024-08-19 09:31:28,173000.0,300,Sell,232553404
2024-08-19 09:31:28,173200.0,100,Sell,232553401
2024-08-19 09:32:09,173000.0,800,Sell,232554578
2024-08-19 09:32:09,173000.0,100,Sell,232554579
2024-08-19 09:32:09,173000.0,200,Sell,232554580
2024-08-19 09:32:09,173000.0,200,Sell,232554581
2024-08-19 09:32:09,173000.0,200,Sell,232554582
2024-08-19 09:32:09,173000.0,500,Sell,232554583
2024-08-19 09:32:55,173000.0,100,Sell,232556091
2024-08-19 09:35:11,173100.0,100,Sell,232560088
2024-08-19 09:36:38,173200.0,200,Sell,232563173
2024-08-19 09:36:38,173200.0,100,Sell,232563174
2024-08-19 09:37:27,173500.0,100,Sell,232565109
2024-08-19 09:37:47,174200.0,100,Buy,232565954
2024-08-19 09:38:01,174300.0,600,Buy,232566428
2024-08-19 09:38:01,174300.0,100,Buy,232566429
2024-08-19 09:38:01,174300.0,300,Buy,232566430
2024-08-19 09:38:04,174300.0,1000,Sell,232566535
2024-08-19 09:38:13,174300.0,300,Sell,232566920
2024-08-19 09:38:13,174600.0,100,Buy,232566899
2024-08-19 09:38:13,174300.0,500,Sell,232566921
2024-08-19 09:38:34,174300.0,100,Sell,232567771
2024-08-19 09:38:51,174300.0,1800,Sell,232568447
2024-08-19 09:38:56,174300.0,900,Buy,232568631
2024-08-19 09:39:00,174000.0,100,Sell,232568942
2024-08-19 09:39:15,174000.0,100,Sell,232569544
2024-08-19 09:39:27,174000.0,100,Sell,232570039
2024-08-19 09:39:43,174300.0,100,Buy,232570575
2024-08-19 09:39:44,174000.0,100,Sell,232570652
2024-08-19 09:39:53,174300.0,200,Buy,232571077
2024-08-19 09:39:53,174300.0,100,Sell,232571090
2024-08-19 09:40:19,174300.0,100,Sell,232572142
2024-08-19 09:40:45,174300.0,100,Sell,232573338
2024-08-19 09:41:12,174300.0,100,Sell,232574649
2024-08-19 09:41:40,174300.0,100,Sell,232575560
2024-08-19 09:42:00,174300.0,100,Sell,232576297
2024-08-19 09:42:06,174300.0,100,Sell,232576427
2024-08-19 09:42:31,174400.0,100,Sell,232577259
2024-08-19 09:42:40,174600.0,100,Buy,232577539
2024-08-19 09:42:48,174600.0,100,Buy,232577781
2024-08-19 09:42:57,174600.0,100,Sell,232578103
2024-08-19 09:43:02,174800.0,100,Buy,232578243
2024-08-19 09:43:09,174800.0,100,Buy,232578705
2024-08-19 09:43:12,174800.0,100,Buy,232578797
2024-08-19 09:43:24,174800.0,100,Sell,232579265
2024-08-19 09:43:29,174800.0,100,Sell,232579523
2024-08-19 09:43:34,174800.0,300,Buy,232579707
2024-08-19 09:43:35,174900.0,100,Buy,232579745
2024-08-19 09:43:50,174900.0,100,Sell,232580346
2024-08-19 09:43:59,175000.0,300,Buy,232580736
2024-08-19 09:44:16,174900.0,100,Sell,232581279
2024-08-19 09:44:17,174900.0,100,Sell,232581295
2024-08-19 09:44:18,175000.0,1800,Buy,232581335
2024-08-19 09:44:20,175000.0,100,Buy,232581383
2024-08-19 09:44:20,175000.0,900,Buy,232581382
2024-08-19 09:44:21,174900.0,200,Sell,232581397
2024-08-19 09:44:31,175000.0,100,Buy,232581715
2024-08-19 09:44:36,175000.0,100,Sell,232581847
2024-08-19 09:44:42,175000.0,100,Sell,232582081
2024-08-19 09:44:44,175000.0,100,Sell,232582110
2024-08-19 09:44:44,175000.0,100,Sell,232582111
2024-08-19 09:45:01,175200.0,200,Buy,232582779
2024-08-19 09:45:06,175200.0,100,Buy,232582893
2024-08-19 09:45:08,175200.0,700,Buy,232583080
2024-08-19 09:45:09,175200.0,100,Sell,232583089
2024-08-19 09:45:12,175200.0,100,Sell,232583169
2024-08-19 09:45:13,175200.0,100,Sell,232583188
2024-08-19 09:45:35,175000.0,100,Sell,232583881
2024-08-19 09:45:43,175200.0,100,Buy,232584030
2024-08-19 09:45:45,175300.0,100,Buy,232584124
2024-08-19 09:45:46,175200.0,400,Sell,232584140
2024-08-19 09:45:48,175200.0,100,Sell,232584195
2024-08-19 09:45:49,175200.0,100,Sell,232584229
2024-08-19 09:45:49,175200.0,400,Sell,232584228
2024-08-19 09:46:00,175000.0,100,Sell,232584654
2024-08-19 09:46:21,175000.0,400,Sell,232585134
2024-08-19 09:46:21,175000.0,100,Sell,232585135
2024-08-19 09:46:23,175000.0,100,Sell,232585178
2024-08-19 09:46:27,175000.0,100,Sell,232585324
2024-08-19 09:46:28,175300.0,100,Buy,232585365
2024-08-19 09:46:28,175300.0,900,Buy,232585366
2024-08-19 09:46:32,175000.0,100,Sell,232585517
2024-08-19 09:46:34,175300.0,400,Buy,232585723
2024-08-19 09:46:53,175000.0,100,Sell,232586737
2024-08-19 09:46:56,175300.0,300,Buy,232586826
2024-08-19 09:47:00,175000.0,100,Sell,232586916
2024-08-19 09:47:20,175000.0,100,Sell,232587685
2024-08-19 09:47:36,175000.0,100,Sell,232588342
2024-08-19 09:47:46,175000.0,100,Sell,232588720
2024-08-19 09:48:12,175000.0,100,Sell,232589619
2024-08-19 09:48:12,175000.0,100,Sell,232589624
2024-08-19 09:48:38,175000.0,100,Sell,232590506
2024-08-19 09:48:48,175000.0,100,Sell,232590907
2024-08-19 09:48:48,175000.0,100,Sell,232590921
2024-08-19 09:49:05,175000.0,100,Sell,232591508
2024-08-19 09:49:25,175300.0,500,Buy,232592250
2024-08-19 09:49:25,175000.0,100,Sell,232592272
2024-08-19 09:49:28,175000.0,500,Sell,232592379
2024-08-19 09:49:31,175000.0,100,Sell,232592521
2024-08-19 09:49:39,175000.0,2000,Sell,232592862
2024-08-19 09:49:53,175000.0,100,Sell,232593381
2024-08-19 09:49:57,175000.0,100,Sell,232593488
2024-08-19 09:50:01,175000.0,100,Sell,232593561
2024-08-19 09:50:23,175000.0,100,Sell,232594319
2024-08-19 09:50:37,175000.0,100,Sell,232594735
2024-08-19 09:50:44,175000.0,200,Sell,232594972
2024-08-19 09:50:50,175000.0,100,Sell,232595142
2024-08-19 09:50:53,174300.0,100,Sell,232595278
2024-08-19 09:50:53,174000.0,100,Sell,232595279
2024-08-19 09:50:53,174000.0,100,Sell,232595302
2024-08-19 09:50:53,174300.0,1100,Sell,232595277
2024-08-19 09:50:53,174000.0,200,Sell,232595306
2024-08-19 09:50:53,174000.0,1000,Sell,232595304
2024-08-19 09:50:53,174000.0,600,Sell,232595305
2024-08-19 09:50:53,174000.0,100,Sell,232595307
2024-08-19 09:50:53,174000.0,100,Sell,232595303
2024-08-19 09:50:53,174400.0,900,Sell,232595276
2024-08-19 09:50:53,175000.0,100,Sell,232595269
2024-08-19 09:50:53,174600.0,100,Sell,232595274
2024-08-19 09:50:53,174600.0,100,Sell,232595275
2024-08-19 09:50:53,175000.0,400,Sell,232595231
2024-08-19 09:50:53,175000.0,100,Sell,232595232
2024-08-19 09:50:53,175000.0,500,Sell,232595266
2024-08-19 09:50:53,175000.0,500,Sell,232595267
2024-08-19 09:50:53,175000.0,1700,Sell,232595268
2024-08-19 09:50:53,174800.0,300,Sell,232595270
2024-08-19 09:50:53,174800.0,100,Sell,232595271
2024-08-19 09:50:53,174800.0,1200,Sell,232595272
2024-08-19 09:50:53,174600.0,100,Sell,232595273
2024-08-19 09:51:02,174000.0,100,Buy,232595554
2024-08-19 09:51:02,174000.0,900,Buy,232595571
2024-08-19 09:51:04,174000.0,100,Sell,232595620
2024-08-19 09:51:14,173800.0,100,Sell,232596074
2024-08-19 09:51:16,173800.0,100,Sell,232596141
2024-08-19 09:51:42,174000.0,100,Sell,232597097
2024-08-19 09:51:50,174000.0,100,Sell,232597440
2024-08-19 09:52:08,174000.0,100,Sell,232598063
2024-08-19 09:52:26,174000.0,100,Sell,232598689
2024-08-19 09:52:27,174100.0,200,Buy,232598706
2024-08-19 09:52:34,174000.0,100,Sell,232598984
2024-08-19 09:53:01,174000.0,100,Sell,232599988
2024-08-19 09:53:03,174000.0,100,Sell,232600028
2024-08-19 09:53:20,174000.0,100,Sell,232600537
2024-08-19 09:53:26,174000.0,100,Sell,232600671
2024-08-19 09:53:37,174000.0,700,Sell,232601111
2024-08-19 09:53:37,174000.0,800,Sell,232601112
2024-08-19 09:53:39,174000.0,100,Sell,232601180
2024-08-19 09:53:52,174100.0,100,Sell,232601644
2024-08-19 09:54:17,174000.0,100,Sell,232602490
2024-08-19 09:54:18,174000.0,100,Sell,232602534
2024-08-19 09:54:45,174000.0,100,Sell,232603427
2024-08-19 09:54:53,174000.0,100,Sell,232603642
2024-08-19 09:55:11,174100.0,100,Sell,232604121
2024-08-19 09:55:29,174100.0,100,Sell,232604697
2024-08-19 09:55:35,174100.0,100,Sell,232604980
2024-08-19 09:55:35,174100.0,100,Sell,232604981
2024-08-19 09:55:37,174000.0,100,Sell,232605067
2024-08-19 09:56:03,174000.0,100,Sell,232605792
2024-08-19 09:56:05,174000.0,100,Sell,232605906
2024-08-19 09:56:30,174000.0,100,Sell,232606696
2024-08-19 09:56:39,174100.0,500,Buy,232606945
2024-08-19 09:56:39,174100.0,100,Buy,232606946
2024-08-19 09:56:41,174100.0,100,Sell,232607011
2024-08-19 09:56:56,174100.0,100,Sell,232607497
2024-08-19 09:57:17,174100.0,100,Sell,232608317
2024-08-19 09:57:22,174200.0,100,Sell,232608451
2024-08-19 09:57:49,174200.0,100,Sell,232609148
2024-08-19 09:57:51,174200.0,100,Sell,232609297
2024-08-19 09:57:54,174200.0,100,Sell,232609352
2024-08-19 09:58:15,174200.0,100,Sell,232609953
2024-08-19 09:58:29,174200.0,100,Sell,232610453
2024-08-19 09:58:42,174200.0,100,Sell,232610795
2024-08-19 09:59:06,174200.0,100,Sell,232611465
2024-08-19 09:59:08,174200.0,100,Sell,232611491
2024-08-19 09:59:13,174200.0,100,Sell,232611612
2024-08-19 09:59:34,174100.0,100,Sell,232612341
2024-08-19 09:59:42,174100.0,100,Sell,232612613
2024-08-19 10:00:00,174100.0,100,Sell,232613174
2024-08-19 10:00:08,174000.0,100,Sell,232613414
2024-08-19 10:00:08,174000.0,200,Sell,232613413
2024-08-19 10:00:08,174000.0,1000,Sell,232613412
2024-08-19 10:00:08,174000.0,300,Sell,232613411
2024-08-19 10:00:08,174000.0,200,Sell,232613410
2024-08-19 10:00:08,174000.0,200,Sell,232613409
2024-08-19 10:00:08,174000.0,1000,Sell,232613408
2024-08-19 10:00:08,174100.0,800,Sell,232613401
2024-08-19 10:00:08,174100.0,900,Sell,232613402
2024-08-19 10:00:08,174100.0,100,Sell,232613403
2024-08-19 10:00:08,174000.0,1000,Sell,232613407
2024-08-19 10:00:08,174000.0,800,Sell,232613405
2024-08-19 10:00:08,174000.0,100,Sell,232613406
2024-08-19 10:00:08,174100.0,200,Sell,232613404
2024-08-19 10:00:09,174000.0,500,Buy,232613424
2024-08-19 10:00:18,173900.0,100,Sell,232613756
2024-08-19 10:00:26,173900.0,100,Sell,232613973
2024-08-19 10:00:53,173900.0,100,Sell,232614808
2024-08-19 10:00:55,173900.0,100,Sell,232614891
2024-08-19 10:01:19,173900.0,100,Sell,232615453
2024-08-19 10:01:32,173900.0,100,Sell,232615774
2024-08-19 10:01:44,173900.0,100,Sell,232616146
2024-08-19 10:02:07,173900.0,100,Sell,232616567
2024-08-19 10:02:11,173900.0,100,Sell,232616646
2024-08-19 10:02:24,173900.0,100,Sell,232616975
2024-08-19 10:02:38,173900.0,100,Sell,232617440
2024-08-19 10:02:43,173900.0,100,Sell,232617574
2024-08-19 10:03:05,173900.0,100,Sell,232618048
2024-08-19 10:03:20,173900.0,100,Sell,232618298
2024-08-19 10:03:31,173900.0,100,Sell,232618545
2024-08-19 10:03:44,174000.0,600,Buy,232618790
2024-08-19 10:03:46,174000.0,300,Sell,232618860
2024-08-19 10:03:56,174000.0,100,Sell,232619026
2024-08-19 10:03:58,174000.0,100,Sell,232619052
2024-08-19 10:04:24,174000.0,100,Sell,232619876
2024-08-19 10:04:32,174000.0,1100,Sell,232620131
2024-08-19 10:04:33,174000.0,100,Sell,232620157
2024-08-19 10:04:40,174000.0,100,Sell,232620293
2024-08-19 10:04:50,174000.0,100,Sell,232620576
2024-08-19 10:05:08,174000.0,100,Sell,232621024
2024-08-19 10:05:16,174000.0,100,Sell,232621161
2024-08-19 10:05:41,174000.0,500,Sell,232621692
2024-08-19 10:05:43,174000.0,100,Sell,232621760
2024-08-19 10:05:45,174000.0,100,Sell,232621829
2024-08-19 10:05:56,174000.0,100,Sell,232622074
2024-08-19 10:05:56,174100.0,100,Sell,232622073
2024-08-19 10:06:10,174000.0,100,Sell,232622282
2024-08-19 10:06:21,174200.0,100,Buy,232622550
2024-08-19 10:06:21,174200.0,100,Buy,232622551
2024-08-19 10:06:22,174200.0,100,Sell,232622571
2024-08-19 10:06:36,174200.0,100,Sell,232622845
2024-08-19 10:06:54,174300.0,100,Buy,232623247
2024-08-19 10:06:55,174200.0,100,Sell,232623287
2024-08-19 10:06:58,174000.0,100,Sell,232623336
2024-08-19 10:07:03,174000.0,100,Sell,232623401
2024-08-19 10:07:29,174000.0,100,Sell,232623951
2024-08-19 10:07:34,174000.0,100,Sell,232624064
2024-08-19 10:07:56,174000.0,100,Sell,232624470
2024-08-19 10:08:11,174000.0,100,Sell,232624906
2024-08-19 10:08:22,174000.0,100,Sell,232625086
2024-08-19 10:08:48,174100.0,100,Sell,232625630
2024-08-19 10:08:48,174100.0,100,Sell,232625641
2024-08-19 10:09:12,174100.0,100,Sell,232626110
2024-08-19 10:09:15,174100.0,100,Sell,232626149
2024-08-19 10:09:24,174100.0,100,Sell,232626386
2024-08-19 10:09:42,174100.0,100,Sell,232626663
2024-08-19 10:10:01,174100.0,100,Sell,232626988
2024-08-19 10:10:08,174100.0,100,Sell,232627082
2024-08-19 10:10:35,174100.0,100,Sell,232627570
2024-08-19 10:10:37,174100.0,100,Sell,232627626
2024-08-19 10:11:01,174100.0,100,Sell,232628101
2024-08-19 10:11:13,174100.0,100,Sell,232628321
2024-08-19 10:11:27,174100.0,100,Sell,232628571
2024-08-19 10:11:28,174100.0,100,Sell,232628586
2024-08-19 10:11:49,174100.0,100,Sell,232629006
2024-08-19 10:11:54,174100.0,100,Sell,232629077
2024-08-19 10:12:20,174100.0,100,Sell,232629515
2024-08-19 10:12:26,174100.0,100,Sell,232629612
2024-08-19 10:12:46,174100.0,100,Sell,232629983
2024-08-19 10:13:01,174100.0,100,Sell,232630218
2024-08-19 10:13:13,174100.0,100,Sell,232630375
2024-08-19 10:13:38,174100.0,100,Sell,232630762
2024-08-19 10:13:40,174100.0,100,Sell,232630800
2024-08-19 10:13:45,174100.0,100,Sell,232630900
2024-08-19 10:14:06,174100.0,100,Sell,232631248
2024-08-19 10:14:14,174100.0,100,Sell,232631323
2024-08-19 10:14:33,174100.0,100,Sell,232631704
2024-08-19 10:14:41,174100.0,200,Sell,232631857
2024-08-19 10:14:51,174100.0,100,Sell,232632039
2024-08-19 10:14:59,174100.0,100,Sell,232632229
2024-08-19 10:15:26,174100.0,100,Sell,232632791
2024-08-19 10:15:27,174100.0,100,Sell,232632845
2024-08-19 10:15:51,174100.0,100,Sell,232633275
2024-08-19 10:16:01,174100.0,100,Sell,232633627
2024-08-19 10:16:04,174100.0,100,Sell,232633693
2024-08-19 10:16:18,174100.0,100,Sell,232633910
2024-08-19 10:16:40,174100.0,100,Sell,232634177
2024-08-19 10:16:43,174100.0,100,Sell,232634202
2024-08-19 10:17:10,174100.0,100,Sell,232634746
2024-08-19 10:17:16,174100.0,100,Sell,232634851
2024-08-19 10:17:36,174100.0,100,Sell,232635142
2024-08-19 10:17:53,174100.0,100,Sell,232635444
2024-08-19 10:18:02,174100.0,100,Sell,232635741
2024-08-19 10:18:14,174100.0,200,Sell,232636112
2024-08-19 10:18:17,174000.0,100,Sell,232636155
2024-08-19 10:18:29,174000.0,100,Sell,232636386
2024-08-19 10:18:29,174000.0,100,Sell,232636379
2024-08-19 10:18:30,174500.0,400,Buy,232636423
2024-08-19 10:18:30,174500.0,100,Buy,232636424
2024-08-19 10:18:55,174000.0,100,Sell,232637013
2024-08-19 10:18:57,174500.0,100,Buy,232637049
2024-08-19 10:19:06,174000.0,100,Sell,232637217
2024-08-19 10:19:21,174000.0,100,Sell,232637622
2024-08-19 10:19:34,174000.0,100,Sell,232637869
2024-08-19 10:19:34,174000.0,900,Sell,232637870
2024-08-19 10:19:43,174000.0,100,Sell,232638032
2024-08-19 10:19:47,174000.0,100,Sell,232638108
2024-08-19 10:20:13,174000.0,100,Sell,232638724
2024-08-19 10:20:14,174000.0,100,Sell,232638749
2024-08-19 10:20:18,174000.0,100,Sell,232638793
2024-08-19 10:20:33,174000.0,100,Sell,232639067
2024-08-19 10:20:40,174000.0,100,Sell,232639179
2024-08-19 10:20:46,174000.0,700,Sell,232639281
2024-08-19 10:20:54,174000.0,100,Sell,232639432
2024-08-19 10:21:06,174000.0,100,Sell,232639652
2024-08-19 10:21:32,174000.0,100,Sell,232640193
2024-08-19 10:21:33,174000.0,100,Sell,232640230
2024-08-19 10:21:59,174000.0,100,Sell,232640891
2024-08-19 10:22:07,174000.0,100,Sell,232641006
2024-08-19 10:22:26,174000.0,100,Sell,232641427
2024-08-19 10:22:42,174000.0,900,Sell,232641736
2024-08-19 10:22:42,174000.0,100,Sell,232641747
2024-08-19 10:22:49,174000.0,100,Sell,232641913
2024-08-19 10:22:52,174000.0,100,Sell,232641998
2024-08-19 10:23:19,174000.0,100,Sell,232642777
2024-08-19 10:23:20,174000.0,100,Sell,232642787
2024-08-19 10:23:45,174000.0,100,Sell,232643399
2024-08-19 10:23:56,174000.0,100,Sell,232643692
2024-08-19 10:24:11,174100.0,100,Sell,232644166
2024-08-19 10:24:32,174100.0,100,Sell,232644599
2024-08-19 10:24:37,174000.0,100,Sell,232644713
2024-08-19 10:25:03,174000.0,100,Sell,232645315
2024-08-19 10:25:09,174000.0,100,Sell,232645432
2024-08-19 10:25:30,174000.0,100,Sell,232645980
2024-08-19 10:25:44,174000.0,100,Sell,232646222
2024-08-19 10:25:57,174000.0,100,Sell,232646430
2024-08-19 10:26:21,174000.0,100,Sell,232646866
2024-08-19 10:26:24,174000.0,100,Sell,232646924
2024-08-19 10:26:51,174000.0,100,Sell,232647491
2024-08-19 10:26:58,174000.0,100,Sell,232647708
2024-08-19 10:27:17,174000.0,100,Sell,232648147
2024-08-19 10:27:21,174000.0,100,Sell,232648208
2024-08-19 10:27:34,174000.0,100,Sell,232648451
2024-08-19 10:27:43,174000.0,100,Sell,232648622
2024-08-19 10:28:10,174000.0,100,Sell,232649240
2024-08-19 10:28:13,174000.0,100,Sell,232649297
2024-08-19 10:28:35,174000.0,100,Sell,232649765
2024-08-19 10:28:41,174000.0,100,Sell,232649916
2024-08-19 10:28:46,174000.0,100,Sell,232650019
2024-08-19 10:29:07,174000.0,100,Sell,232650544
2024-08-19 10:29:23,174000.0,100,Sell,232650770
2024-08-19 10:29:34,174000.0,100,Sell,232650973
2024-08-19 10:29:37,174000.0,100,Sell,232651034
2024-08-19 10:30:00,174000.0,100,Sell,232651506
2024-08-19 10:30:01,174000.0,100,Sell,232651523
2024-08-19 10:30:27,174000.0,100,Sell,232652028
2024-08-19 10:30:36,174000.0,100,Sell,232652169
2024-08-19 10:30:55,174000.0,100,Sell,232652514
2024-08-19 10:31:12,174000.0,100,Sell,232652844
2024-08-19 10:31:21,174000.0,100,Sell,232652985
2024-08-19 10:31:48,174000.0,100,Sell,232653513
2024-08-19 10:31:49,174000.0,100,Sell,232653539
2024-08-19 10:31:53,174000.0,100,Sell,232653628
2024-08-19 10:32:15,174000.0,100,Sell,232654094
2024-08-19 10:32:25,174000.0,100,Sell,232654262
2024-08-19 10:32:41,174000.0,100,Sell,232654522
2024-08-19 10:33:05,174000.0,100,Sell,232654877
2024-08-19 10:33:07,174000.0,100,Sell,232654934
2024-08-19 10:33:33,174000.0,100,Sell,232655312
2024-08-19 10:33:40,174000.0,100,Sell,232655410
2024-08-19 10:34:00,174100.0,100,Sell,232655732
2024-08-19 10:34:09,174100.0,100,Sell,232655925
2024-08-19 10:34:19,174100.0,100,Sell,232656206
2024-08-19 10:34:26,174100.0,100,Sell,232656368
2024-08-19 10:34:44,174400.0,100,Buy,232656681
2024-08-19 10:34:53,174000.0,100,Sell,232656859
2024-08-19 10:34:56,174000.0,100,Sell,232656892
2024-08-19 10:35:19,174000.0,100,Sell,232657266
2024-08-19 10:35:33,174000.0,100,Sell,232657567
2024-08-19 10:35:46,174000.0,100,Sell,232657770
2024-08-19 10:36:10,174000.0,100,Sell,232658146
2024-08-19 10:36:12,174000.0,100,Sell,232658182
2024-08-19 10:36:25,174000.0,100,Sell,232658388
2024-08-19 10:36:40,174000.0,100,Sell,232658614
2024-08-19 10:36:46,174000.0,100,Sell,232658731
2024-08-19 10:37:06,174000.0,100,Sell,232659192
2024-08-19 10:37:23,174000.0,100,Sell,232659445
2024-08-19 10:37:33,174000.0,100,Sell,232659596
2024-08-19 10:37:58,174000.0,100,Sell,232660114
2024-08-19 10:37:59,174000.0,100,Sell,232660126
2024-08-19 10:38:26,174000.0,100,Sell,232660730
2024-08-19 10:38:36,174000.0,100,Sell,232661067
2024-08-19 10:38:41,174000.0,100,Sell,232661190
2024-08-19 10:38:52,174000.0,100,Sell,232661439
2024-08-19 10:39:12,174000.0,100,Sell,232661828
2024-08-19 10:39:19,174000.0,100,Sell,232661937
2024-08-19 10:39:46,174000.0,100,Sell,232662453
2024-08-19 10:39:48,174000.0,100,Sell,232662479
2024-08-19 10:40:13,174000.0,100,Sell,232663012
2024-08-19 10:40:27,174000.0,100,Sell,232663306
2024-08-19 10:40:39,174000.0,100,Sell,232663487
2024-08-19 10:40:57,174100.0,100,Sell,232663826
2024-08-19 10:41:01,174100.0,100,Sell,232663922
2024-08-19 10:41:05,174000.0,100,Sell,232663985
2024-08-19 10:41:32,174100.0,100,Sell,232664524
2024-08-19 10:41:37,174100.0,100,Sell,232664636
2024-08-19 10:41:58,174000.0,100,Sell,232665186
2024-08-19 10:42:14,174000.0,100,Sell,232665512
2024-08-19 10:42:25,174000.0,100,Sell,232665716
2024-08-19 10:42:50,174000.0,100,Sell,232666118
2024-08-19 10:42:52,174000.0,100,Sell,232666153
2024-08-19 10:43:14,174000.0,100,Sell,232666577
2024-08-19 10:43:14,174100.0,800,Buy,232666578
2024-08-19 10:43:20,174100.0,100,Sell,232666663
2024-08-19 10:43:27,174100.0,100,Sell,232666786
2024-08-19 10:43:49,174000.0,100,Sell,232667191
2024-08-19 10:44:04,174000.0,100,Sell,232667432
2024-08-19 10:44:14,174000.0,100,Sell,232667580
2024-08-19 10:44:40,174000.0,100,Sell,232668055
2024-08-19 10:44:41,174000.0,100,Sell,232668061
2024-08-19 10:45:07,174000.0,100,Sell,232668476
2024-08-19 10:45:17,174000.0,100,Sell,232668632
2024-08-19 10:45:30,174000.0,100,Sell,232668952
2024-08-19 10:45:34,174000.0,100,Sell,232669014
2024-08-19 10:45:54,174000.0,100,Sell,232669375
2024-08-19 10:46:02,174000.0,100,Sell,232669520
2024-08-19 10:46:31,174000.0,100,Sell,232670172
2024-08-19 10:46:31,174000.0,100,Sell,232670173
2024-08-19 10:46:36,174000.0,300,Sell,232670250
2024-08-19 10:46:58,174000.0,100,Sell,232670622
2024-08-19 10:46:58,174000.0,200,Sell,232670629
2024-08-19 10:47:07,174000.0,100,Sell,232670776
2024-08-19 10:47:20,174000.0,200,Sell,232670991
2024-08-19 10:47:23,174000.0,100,Sell,232671027
2024-08-19 10:47:43,174000.0,200,Sell,232671390
2024-08-19 10:47:45,174000.0,100,Sell,232671409
2024-08-19 10:47:46,174000.0,100,Sell,232671413
2024-08-19 10:47:50,174000.0,100,Sell,232671451
2024-08-19 10:48:06,174000.0,200,Sell,232671704
2024-08-19 10:48:16,174000.0,100,Sell,232671917
2024-08-19 10:48:23,174000.0,100,Sell,232672090
2024-08-19 10:48:28,174000.0,200,Sell,232672208
2024-08-19 10:48:45,174000.0,100,Sell,232672545
2024-08-19 10:48:50,174000.0,200,Sell,232672711
2024-08-19 10:48:59,174000.0,100,Sell,232672899
2024-08-19 10:49:02,174400.0,100,Buy,232672937
2024-08-19 10:49:11,174000.0,100,Sell,232673132
2024-08-19 10:49:13,174000.0,200,Sell,232673178
2024-08-19 10:49:35,174000.0,200,Sell,232673560
2024-08-19 10:49:36,174000.0,100,Sell,232673574
2024-08-19 10:49:38,174000.0,100,Sell,232673602
2024-08-19 10:49:39,174000.0,100,Sell,232673657
2024-08-19 10:49:58,174000.0,200,Sell,232674200
2024-08-19 10:50:03,174000.0,100,Sell,232674303
2024-08-19 10:50:14,174000.0,100,Sell,232674470
2024-08-19 10:50:20,174000.0,200,Sell,232674668
2024-08-19 10:50:31,174000.0,100,Sell,232674863
2024-08-19 10:50:42,174000.0,200,Sell,232675116
2024-08-19 10:50:49,174000.0,100,Sell,232675284
2024-08-19 10:50:58,174000.0,100,Sell,232675448
2024-08-19 10:51:04,174000.0,100,Sell,232675611
2024-08-19 10:51:04,174100.0,100,Sell,232675610
2024-08-19 10:51:17,174400.0,200,Buy,232675903
2024-08-19 10:51:25,174400.0,100,Sell,232676159
2024-08-19 10:51:27,174400.0,100,Sell,232676191
2024-08-19 10:51:28,174400.0,200,Sell,232676292
2024-08-19 10:51:49,174400.0,100,Sell,232676838
2024-08-19 10:51:49,174000.0,100,Sell,232676839
2024-08-19 10:51:51,174000.0,100,Sell,232676863
2024-08-19 10:51:57,174000.0,600,Sell,232676971
2024-08-19 10:51:57,174000.0,100,Sell,232676972
2024-08-19 10:51:57,174000.0,300,Sell,232676973
2024-08-19 10:52:05,174000.0,100,Sell,232677122
2024-08-19 10:52:11,174000.0,200,Sell,232677240
2024-08-19 10:52:18,174000.0,100,Sell,232677342
2024-08-19 10:52:21,174000.0,100,Sell,232677407
2024-08-19 10:52:34,174000.0,200,Sell,232677637
2024-08-19 10:52:42,174000.0,100,Sell,232677756
2024-08-19 10:52:49,174000.0,100,Sell,232677871
2024-08-19 10:52:52,174000.0,1000,Sell,232678044
2024-08-19 10:52:56,174000.0,100,Sell,232678195
2024-08-19 10:52:56,174000.0,100,Sell,232678194
2024-08-19 10:53:14,174500.0,200,Buy,232678489
2024-08-19 10:53:14,174000.0,100,Sell,232678500
2024-08-19 10:53:18,174000.0,200,Sell,232678580
2024-08-19 10:53:19,174000.0,100,Sell,232678587
2024-08-19 10:53:41,174000.0,200,Sell,232678956
2024-08-19 10:53:42,174000.0,100,Sell,232678983
2024-08-19 10:53:58,174100.0,100,Sell,232679291
2024-08-19 10:54:03,174000.0,200,Sell,232679350
2024-08-19 10:54:08,174000.0,100,Sell,232679440
2024-08-19 10:54:25,174100.0,100,Sell,232679728
2024-08-19 10:54:25,174000.0,100,Sell,232679729
2024-08-19 10:54:34,174100.0,100,Sell,232679846
2024-08-19 10:54:35,174100.0,100,Sell,232679857
2024-08-19 10:54:36,174100.0,100,Sell,232679866
2024-08-19 10:54:48,174100.0,200,Sell,232680079
2024-08-19 10:55:05,174100.0,100,Sell,232680313
2024-08-19 10:55:11,174100.0,100,Sell,232680407
2024-08-19 10:55:11,174100.0,200,Sell,232680399
2024-08-19 10:55:31,174100.0,100,Sell,232680702
2024-08-19 10:55:33,174000.0,100,Sell,232680739
2024-08-19 10:55:33,174100.0,100,Sell,232680738
2024-08-19 10:55:48,174100.0,100,Sell,232680986
2024-08-19 10:55:56,174100.0,200,Sell,232681144
2024-08-19 10:55:59,174100.0,100,Sell,232681196
2024-08-19 10:56:18,174100.0,200,Sell,232681537
2024-08-19 10:56:26,174100.0,100,Sell,232681712
2024-08-19 10:56:26,174100.0,100,Sell,232681713
2024-08-19 10:56:41,174100.0,200,Sell,232682064
2024-08-19 10:56:50,174100.0,100,Sell,232682223
2024-08-19 10:56:53,174100.0,100,Sell,232682271
2024-08-19 10:57:03,174100.0,100,Sell,232682500
2024-08-19 10:57:04,174100.0,200,Sell,232682507
2024-08-19 10:57:16,174000.0,1000,Sell,232682797
2024-08-19 10:57:20,174000.0,100,Sell,232682870
2024-08-19 10:57:26,174000.0,200,Sell,232682966
2024-08-19 10:57:40,174000.0,100,Sell,232683163
2024-08-19 10:57:47,174000.0,100,Sell,232683310
2024-08-19 10:57:49,174000.0,200,Sell,232683418
2024-08-19 10:58:06,174500.0,600,Buy,232683767
2024-08-19 10:58:12,174000.0,200,Sell,232683875
2024-08-19 10:58:16,174100.0,100,Sell,232683958
2024-08-19 10:58:16,174000.0,100,Sell,232683959
2024-08-19 10:58:35,174100.0,100,Sell,232684147
2024-08-19 10:58:35,174100.0,100,Sell,232684148
2024-08-19 10:58:44,174100.0,100,Sell,232684283
2024-08-19 10:58:48,174100.0,100,Sell,232684358
2024-08-19 10:58:54,174100.0,100,Sell,232684425
2024-08-19 10:58:57,174100.0,200,Sell,232684460
2024-08-19 10:59:06,174100.0,100,Sell,232684673
2024-08-19 10:59:12,174100.0,100,Sell,232684746
2024-08-19 10:59:19,174100.0,200,Sell,232684840
2024-08-19 10:59:31,174100.0,100,Sell,232685015
2024-08-19 10:59:39,174100.0,100,Sell,232685165
2024-08-19 10:59:42,174100.0,200,Sell,232685227
2024-08-19 11:00:04,174100.0,200,Sell,232685622
2024-08-19 11:00:08,174100.0,100,Sell,232685660
2024-08-19 11:00:09,174100.0,100,Sell,232685703
2024-08-19 11:00:27,174100.0,100,Sell,232686027
2024-08-19 11:00:27,174200.0,100,Sell,232686026
2024-08-19 11:00:37,174100.0,100,Sell,232686197
2024-08-19 11:00:45,174100.0,100,Sell,232686284
2024-08-19 11:00:49,174100.0,200,Sell,232686339
2024-08-19 11:01:06,174100.0,100,Sell,232686610
2024-08-19 11:01:11,174100.0,200,Sell,232686685
2024-08-19 11:01:22,174100.0,100,Sell,232686868
2024-08-19 11:01:23,174100.0,100,Sell,232686885
2024-08-19 11:01:33,174100.0,200,Sell,232687031
2024-08-19 11:01:37,174100.0,100,Sell,232687088
2024-08-19 11:01:56,174100.0,200,Sell,232687380
2024-08-19 11:02:01,174100.0,100,Sell,232687445
2024-08-19 11:02:03,174100.0,100,Sell,232687460
2024-08-19 11:02:19,174000.0,200,Sell,232687718
2024-08-19 11:02:38,174000.0,100,Sell,232688122
2024-08-19 11:02:43,174000.0,200,Sell,232688202
2024-08-19 11:02:45,174000.0,100,Sell,232688220
2024-08-19 11:02:58,174000.0,100,Sell,232688443
2024-08-19 11:03:04,174000.0,200,Sell,232688530
2024-08-19 11:03:26,174000.0,100,Sell,232688858
2024-08-19 11:03:26,174100.0,100,Sell,232688857
2024-08-19 11:03:48,174100.0,100,Sell,232689339
2024-08-19 11:03:48,174100.0,100,Sell,232689340
2024-08-19 11:04:08,174000.0,100,Sell,232689687
2024-08-19 11:04:13,174000.0,200,Sell,232689859
2024-08-19 11:04:14,174000.0,100,Sell,232689864
2024-08-19 11:04:14,174000.0,100,Sell,232689872
2024-08-19 11:04:35,174000.0,200,Sell,232690223
2024-08-19 11:04:38,174000.0,100,Sell,232690264
2024-08-19 11:04:47,174000.0,100,Sell,232690410
2024-08-19 11:04:58,174000.0,200,Sell,232690566
2024-08-19 11:05:06,174000.0,100,Sell,232690660
2024-08-19 11:05:22,174000.0,200,Sell,232691005
2024-08-19 11:05:25,174000.0,100,Sell,232691054
2024-08-19 11:05:31,174000.0,100,Sell,232691135
2024-08-19 11:05:44,174000.0,100,Sell,232691289
2024-08-19 11:05:44,174000.0,100,Sell,232691288
2024-08-19 11:05:54,174000.0,100,Sell,232691413
2024-08-19 11:05:58,174000.0,100,Sell,232691457
2024-08-19 11:06:02,174000.0,100,Sell,232691501
2024-08-19 11:06:07,174000.0,200,Sell,232691565
2024-08-19 11:06:25,174000.0,100,Sell,232691747
2024-08-19 11:06:29,174000.0,200,Sell,232691805
2024-08-19 11:06:38,174000.0,100,Sell,232691934
2024-08-19 11:06:52,174000.0,100,Sell,232692069
2024-08-19 11:06:53,174000.0,200,Sell,232692084
2024-08-19 11:07:14,174000.0,100,Sell,232692368
2024-08-19 11:07:15,174000.0,200,Sell,232692373
2024-08-19 11:07:18,174000.0,200,Sell,232692390
2024-08-19 11:07:37,174000.0,200,Sell,232692696
2024-08-19 11:07:44,174000.0,200,Sell,232692855
2024-08-19 11:07:52,174000.0,100,Sell,232692962
2024-08-19 11:07:59,174000.0,200,Sell,232693148
2024-08-19 11:08:11,174000.0,200,Sell,232693280
2024-08-19 11:08:22,174000.0,200,Sell,232693433
2024-08-19 11:08:29,174000.0,100,Sell,232693541
2024-08-19 11:08:38,174000.0,200,Sell,232693719
2024-08-19 11:08:44,174000.0,200,Sell,232693764
2024-08-19 11:09:05,174000.0,200,Sell,232694022
2024-08-19 11:09:06,174000.0,100,Sell,232694046
2024-08-19 11:09:07,174000.0,200,Sell,232694057
2024-08-19 11:09:22,174100.0,900,Buy,232694284
2024-08-19 11:09:29,174100.0,100,Sell,232694414
2024-08-19 11:09:29,174000.0,100,Sell,232694415
2024-08-19 11:09:31,174000.0,200,Sell,232694457
2024-08-19 11:09:43,174100.0,100,Sell,232694592
2024-08-19 11:09:51,174000.0,200,Sell,232694702
2024-08-19 11:09:58,174100.0,100,Sell,232694772
2024-08-19 11:09:58,174000.0,100,Sell,232694773
2024-08-19 11:10:13,174000.0,200,Sell,232695020
2024-08-19 11:10:20,174000.0,100,Sell,232695082
2024-08-19 11:10:24,174000.0,200,Sell,232695170
2024-08-19 11:10:25,174000.0,100,Sell,232695191
2024-08-19 11:10:36,174000.0,100,Sell,232695351
2024-08-19 11:10:36,174100.0,100,Sell,232695350
2024-08-19 11:10:51,174000.0,200,Sell,232695522
2024-08-19 11:10:55,174000.0,200,Sell,232695587
2024-08-19 11:10:58,174000.0,200,Sell,232695609
2024-08-19 11:11:17,174000.0,200,Sell,232695821
2024-08-19 11:11:21,174000.0,100,Sell,232695877
2024-08-19 11:11:21,174000.0,100,Sell,232695878
2024-08-19 11:11:32,174000.0,200,Sell,232696049
2024-08-19 11:11:42,174000.0,200,Sell,232696186
2024-08-19 11:11:44,174000.0,200,Sell,232696270
2024-08-19 11:12:05,174000.0,200,Sell,232696482
2024-08-19 11:12:09,174000.0,200,Sell,232696532
2024-08-19 11:12:11,174000.0,200,Sell,232696546
2024-08-19 11:12:28,174000.0,200,Sell,232696800
2024-08-19 11:12:38,174000.0,200,Sell,232696947
2024-08-19 11:12:41,174000.0,100,Sell,232697053
2024-08-19 11:12:45,174000.0,200,Sell,232697095
2024-08-19 11:12:50,174000.0,200,Sell,232697157
2024-08-19 11:13:04,174000.0,200,Sell,232697330
2024-08-19 11:13:13,174000.0,200,Sell,232697434
2024-08-19 11:13:21,174000.0,200,Sell,232697613
2024-08-19 11:13:31,174000.0,200,Sell,232697717
2024-08-19 11:13:37,174000.0,200,Sell,232697804
2024-08-19 11:13:57,174000.0,200,Sell,232698070
2024-08-19 11:13:59,174000.0,200,Sell,232698083
2024-08-19 11:14:00,174000.0,200,Sell,232698093
2024-08-19 11:14:22,174000.0,200,Sell,232698402
2024-08-19 11:14:24,174000.0,200,Sell,232698444
2024-08-19 11:14:35,174000.0,200,Sell,232698587
2024-08-19 11:14:45,174000.0,200,Sell,232698696
2024-08-19 11:14:50,174000.0,200,Sell,232698776
2024-08-19 11:15:08,174000.0,200,Sell,232699027
2024-08-19 11:15:11,174000.0,200,Sell,232699095
2024-08-19 11:15:16,174000.0,200,Sell,232699157
2024-08-19 11:15:31,174000.0,200,Sell,232699374
2024-08-19 11:15:43,174000.0,200,Sell,232699544
2024-08-19 11:15:49,174000.0,200,Sell,232699615
2024-08-19 11:15:54,174000.0,200,Sell,232699701
2024-08-19 11:16:09,174000.0,200,Sell,232699920
2024-08-19 11:16:17,174000.0,300,Sell,232700037
2024-08-19 11:16:25,174000.0,200,Sell,232700173
2024-08-19 11:16:37,174000.0,200,Sell,232700320
2024-08-19 11:16:39,174000.0,300,Sell,232700344
2024-08-19 11:17:02,174000.0,300,Sell,232700627
2024-08-19 11:17:02,174000.0,200,Sell,232700630
2024-08-19 11:17:03,174000.0,200,Sell,232700636
2024-08-19 11:17:15,174000.0,100,Sell,232700782
2024-08-19 11:17:26,174000.0,300,Sell,232700897
2024-08-19 11:17:30,174000.0,200,Sell,232700937
2024-08-19 11:17:38,174000.0,200,Sell,232701015
2024-08-19 11:17:47,174000.0,300,Sell,232701110
2024-08-19 11:17:56,174000.0,200,Sell,232701255
2024-08-19 11:18:09,174000.0,300,Sell,232701431
2024-08-19 11:18:15,174000.0,200,Sell,232701487
2024-08-19 11:18:28,174000.0,200,Sell,232701648
2024-08-19 11:18:32,174000.0,300,Sell,232701733
2024-08-19 11:18:52,174000.0,200,Sell,232701934
2024-08-19 11:18:54,174000.0,200,Sell,232701969
2024-08-19 11:18:56,174000.0,300,Sell,232701997
2024-08-19 11:19:17,174000.0,300,Sell,232702354
2024-08-19 11:19:21,174000.0,200,Sell,232702390
2024-08-19 11:19:28,174000.0,200,Sell,232702487
2024-08-19 11:19:31,174000.0,100,Sell,232702536
2024-08-19 11:19:40,174000.0,300,Sell,232702660
2024-08-19 11:19:47,174000.0,200,Sell,232702749
2024-08-19 11:20:03,174000.0,300,Sell,232702938
2024-08-19 11:20:05,174000.0,200,Sell,232702957
2024-08-19 11:20:15,174000.0,200,Sell,232703092
2024-08-19 11:20:17,174000.0,100,Sell,232703116
2024-08-19 11:20:25,174000.0,300,Sell,232703220
2024-08-19 11:20:41,174000.0,200,Sell,232703399
2024-08-19 11:20:42,174000.0,200,Sell,232703401
2024-08-19 11:20:48,174000.0,300,Sell,232703531
2024-08-19 11:21:09,174000.0,200,Sell,232703758
2024-08-19 11:21:11,174000.0,300,Sell,232703776
2024-08-19 11:21:18,174000.0,200,Sell,232703837
2024-08-19 11:21:33,174000.0,100,Sell,232704020
2024-08-19 11:21:33,174000.0,100,Sell,232704019
2024-08-19 11:21:33,174000.0,100,Sell,232704021
2024-08-19 11:21:37,174000.0,200,Sell,232704060
2024-08-19 11:21:46,174000.0,100,Sell,232704218
2024-08-19 11:21:54,174000.0,100,Sell,232704309
2024-08-19 11:21:54,174000.0,100,Sell,232704310
2024-08-19 11:21:56,174100.0,100,Buy,232704331
2024-08-19 11:21:56,174000.0,300,Sell,232704332
2024-08-19 11:22:02,174000.0,200,Sell,232704449
2024-08-19 11:22:19,174000.0,300,Sell,232704690
2024-08-19 11:22:28,174000.0,100,Sell,232704779
2024-08-19 11:22:28,174000.0,100,Sell,232704780
2024-08-19 11:22:32,174000.0,200,Sell,232704814
2024-08-19 11:22:42,174000.0,300,Sell,232704927
2024-08-19 11:22:55,174000.0,200,Sell,232705079
2024-08-19 11:23:04,174000.0,300,Sell,232705180
2024-08-19 11:23:04,174000.0,300,Sell,232705182
2024-08-19 11:23:07,174000.0,200,Sell,232705192
2024-08-19 11:23:23,174000.0,200,Sell,232705384
2024-08-19 11:23:27,174000.0,300,Sell,232705439
2024-08-19 11:23:27,174000.0,500,Sell,232705429
2024-08-19 11:23:43,174000.0,200,Sell,232705610
2024-08-19 11:23:50,174000.0,200,Sell,232705661
2024-08-19 11:23:51,174000.0,300,Sell,232705704
2024-08-19 11:24:14,174000.0,200,Sell,232705944
2024-08-19 11:24:16,174000.0,100,Buy,232705982
2024-08-19 11:24:16,173900.0,100,Sell,232705986
2024-08-19 11:24:17,173900.0,200,Sell,232705992
2024-08-19 11:24:23,173900.0,200,Sell,232706071
2024-08-19 11:24:43,173900.0,200,Sell,232706287
2024-08-19 11:25:00,173900.0,200,Sell,232706500
2024-08-19 11:25:09,173900.0,200,Sell,232706614
2024-08-19 11:25:16,173900.0,400,Sell,232706707
2024-08-19 11:25:35,173900.0,500,Sell,232706951
2024-08-19 11:25:37,173900.0,200,Sell,232706977
2024-08-19 11:25:37,173900.0,200,Sell,232706985
2024-08-19 11:25:47,173900.0,100,Sell,232707169
2024-08-19 11:25:47,173900.0,100,Sell,232707168
2024-08-19 11:25:47,173900.0,1600,Sell,232707166
2024-08-19 11:25:47,173900.0,100,Sell,232707167
2024-08-19 11:25:47,173900.0,100,Sell,232707165
2024-08-19 11:26:03,173900.0,300,Sell,232707414
2024-08-19 11:26:12,173900.0,200,Sell,232707532
2024-08-19 11:26:29,173900.0,300,Sell,232707814
2024-08-19 11:26:49,173900.0,200,Sell,232708078
2024-08-19 11:26:57,173900.0,200,Sell,232708162
2024-08-19 11:26:57,173900.0,100,Sell,232708163
2024-08-19 11:26:57,173800.0,100,Sell,232708164
2024-08-19 11:27:23,173800.0,100,Sell,232708548
2024-08-19 11:27:23,173800.0,100,Sell,232708549
2024-08-19 11:27:23,173800.0,100,Sell,232708550
2024-08-19 11:27:23,173800.0,100,Sell,232708551
2024-08-19 11:27:27,173900.0,200,Sell,232708608
2024-08-19 11:27:27,173800.0,400,Sell,232708609
2024-08-19 11:27:50,173900.0,200,Sell,232708968
2024-08-19 11:27:50,173900.0,200,Sell,232708969
2024-08-19 11:28:34,173900.0,100,Sell,232709510
2024-08-19 12:59:41,174000.0,100,Sell,232711573
2024-08-19 12:59:41,174000.0,100,Sell,232711362
2024-08-19 12:59:41,173900.0,100,Sell,232711574
2024-08-19 12:59:44,173900.0,100,Sell,232712431
2024-08-19 12:59:44,173900.0,3500,Sell,232712432
2024-08-19 12:59:44,173900.0,100,Sell,232712433
2024-08-19 12:59:44,173800.0,500,Sell,232712434
2024-08-19 12:59:47,173900.0,100,Sell,232713795
2024-08-19 12:59:54,173900.0,300,Sell,232714791
2024-08-19 13:00:48,173900.0,600,Sell,232716711
2024-08-19 13:00:48,173900.0,400,Sell,232716710
2024-08-19 13:01:29,173900.0,100,Sell,232717807
2024-08-19 13:03:07,173900.0,100,Sell,232720632
2024-08-19 13:03:16,173900.0,100,Sell,232720884
2024-08-19 13:03:18,173900.0,100,Buy,232720983
2024-08-19 13:04:12,173900.0,100,Sell,232722582
2024-08-19 13:05:33,174000.0,100,Buy,232724774
2024-08-19 13:06:01,173900.0,100,Sell,232725686
2024-08-19 13:06:39,173900.0,100,Sell,232726780
2024-08-19 13:06:50,173900.0,200,Sell,232727096
2024-08-19 13:07:16,173900.0,100,Sell,232727869
2024-08-19 13:07:16,173900.0,100,Sell,232727868
2024-08-19 13:07:16,173900.0,100,Sell,232727870
2024-08-19 13:08:55,173900.0,900,Sell,232730904
2024-08-19 13:08:55,173900.0,700,Sell,232730905
2024-08-19 13:08:56,173900.0,700,Buy,232730929
2024-08-19 13:09:02,173900.0,1400,Buy,232731066
2024-08-19 13:10:10,173900.0,200,Sell,232732779
2024-08-19 13:10:33,173900.0,200,Sell,232733461
2024-08-19 13:10:39,174000.0,100,Buy,232733627
2024-08-19 13:10:52,174000.0,800,Buy,232734057
2024-08-19 13:11:00,173900.0,100,Sell,232734256
2024-08-19 13:11:04,174000.0,400,Buy,232734369
2024-08-19 13:11:16,174000.0,100,Sell,232734708
2024-08-19 13:11:16,174000.0,200,Sell,232734709
2024-08-19 13:12:25,173900.0,100,Sell,232736764
2024-08-19 13:13:33,173900.0,100,Sell,232738739
2024-08-19 13:13:41,174000.0,100,Buy,232739020
2024-08-19 13:13:42,174000.0,200,Sell,232739036
2024-08-19 13:13:46,174000.0,500,Sell,232739134
2024-08-19 13:14:08,174000.0,200,Sell,232739656
2024-08-19 13:14:08,174000.0,100,Sell,232739657
2024-08-19 13:14:09,174000.0,100,Buy,232739747
2024-08-19 13:14:09,174000.0,200,Buy,232739748
2024-08-19 13:14:30,174000.0,400,Sell,232740238
2024-08-19 13:14:52,174000.0,300,Sell,232740756
2024-08-19 13:14:52,174000.0,100,Sell,232740757
2024-08-19 13:16:31,173900.0,100,Sell,232743608
2024-08-19 13:17:13,173900.0,100,Sell,232744703
2024-08-19 13:17:47,173900.0,200,Sell,232745477
2024-08-19 13:18:27,173900.0,400,Sell,232746503
2024-08-19 13:18:27,173900.0,100,Sell,232746504
2024-08-19 13:20:46,174000.0,100,Sell,232750156
2024-08-19 13:20:46,174000.0,100,Sell,232750157
2024-08-19 13:20:48,174000.0,300,Sell,232750202
2024-08-19 13:20:48,174000.0,200,Sell,232750201
2024-08-19 13:20:51,174000.0,300,Sell,232750282
2024-08-19 13:20:51,174000.0,100,Sell,232750275
2024-08-19 13:20:51,174000.0,300,Sell,232750281
2024-08-19 13:20:52,174000.0,300,Buy,232750294
2024-08-19 13:20:54,174000.0,100,Buy,232750369
2024-08-19 13:20:56,174000.0,200,Buy,232750403
2024-08-19 13:21:08,174000.0,200,Buy,232750779
2024-08-19 13:21:08,174000.0,100,Buy,232750780
2024-08-19 13:21:19,174000.0,200,Buy,232751046
2024-08-19 13:21:33,174000.0,200,Buy,232751542
2024-08-19 13:21:38,173900.0,200,Sell,232751637
2024-08-19 13:21:59,173900.0,100,Sell,232752087
2024-08-19 13:22:20,173900.0,100,Sell,232752765
2024-08-19 13:22:41,174000.0,100,Sell,232753295
2024-08-19 13:22:56,174000.0,100,Sell,232753702
2024-08-19 13:22:56,174000.0,400,Sell,232753703
2024-08-19 13:23:03,174000.0,100,Sell,232753871
2024-08-19 13:23:19,174000.0,300,Sell,232754267
2024-08-19 13:23:19,174000.0,100,Sell,232754266
2024-08-19 13:23:24,174000.0,100,Sell,232754430
2024-08-19 13:23:42,174000.0,200,Sell,232754851
2024-08-19 13:23:42,174000.0,200,Sell,232754850
2024-08-19 13:23:45,173900.0,100,Sell,232754930
2024-08-19 13:24:07,173900.0,100,Sell,232755614
2024-08-19 13:24:17,173900.0,100,Sell,232755934
2024-08-19 13:24:29,173900.0,100,Sell,232756629
2024-08-19 13:24:50,173900.0,100,Sell,232757130
2024-08-19 13:24:54,173900.0,1000,Sell,232757236
2024-08-19 13:24:55,173900.0,200,Sell,232757278
2024-08-19 13:25:02,173900.0,200,Sell,232757472
2024-08-19 13:25:11,173900.0,100,Sell,232757691
2024-08-19 13:25:21,174000.0,500,Buy,232758056
2024-08-19 13:25:29,174000.0,500,Buy,232758305
2024-08-19 13:25:32,173900.0,100,Sell,232758382
2024-08-19 13:25:33,174000.0,500,Buy,232758416
2024-08-19 13:25:35,174000.0,100,Buy,232758450
2024-08-19 13:25:49,174000.0,100,Sell,232758882
2024-08-19 13:25:53,173900.0,100,Sell,232758954
2024-08-19 13:26:14,173900.0,100,Sell,232759474
2024-08-19 13:26:36,174000.0,100,Sell,232759970
2024-08-19 13:26:53,174000.0,100,Sell,232760299
2024-08-19 13:26:53,174000.0,200,Sell,232760300
2024-08-19 13:26:54,174000.0,100,Buy,232760309
2024-08-19 13:26:59,173900.0,100,Sell,232760427
2024-08-19 13:27:03,174000.0,200,Buy,232760489
2024-08-19 13:27:03,174000.0,100,Buy,232760490
2024-08-19 13:27:06,174000.0,100,Sell,232760556
2024-08-19 13:27:20,173900.0,100,Sell,232760863
2024-08-19 13:27:43,173900.0,100,Sell,232761409
2024-08-19 13:27:49,173900.0,200,Sell,232761539
2024-08-19 13:28:05,173900.0,100,Sell,232761939
2024-08-19 13:28:26,173900.0,100,Sell,232762480
2024-08-19 13:28:45,173900.0,100,Sell,232762804
2024-08-19 13:28:45,173900.0,100,Sell,232762803
2024-08-19 13:28:48,173900.0,100,Sell,232762923
2024-08-19 13:29:07,173800.0,1900,Sell,232763335
2024-08-19 13:29:07,173800.0,200,Sell,232763334
2024-08-19 13:29:07,173800.0,300,Sell,232763333
2024-08-19 13:29:07,173800.0,1000,Sell,232763332
2024-08-19 13:29:07,173900.0,100,Sell,232763331
2024-08-19 13:29:07,173900.0,100,Sell,232763330
2024-08-19 13:29:07,173900.0,300,Sell,232763329
2024-08-19 13:29:07,173900.0,100,Sell,232763326
2024-08-19 13:29:07,173900.0,500,Sell,232763327
2024-08-19 13:29:07,173900.0,100,Sell,232763324
2024-08-19 13:29:07,173900.0,100,Sell,232763323
2024-08-19 13:29:07,173900.0,100,Sell,232763322
2024-08-19 13:29:07,173900.0,400,Sell,232763321
2024-08-19 13:29:07,173900.0,300,Sell,232763328
2024-08-19 13:29:07,173900.0,100,Sell,232763325
2024-08-19 13:29:09,173800.0,100,Sell,232763410
2024-08-19 13:29:31,173800.0,100,Sell,232763899
2024-08-19 13:29:40,173800.0,800,Sell,232764094
2024-08-19 13:29:41,173900.0,100,Buy,232764118
2024-08-19 13:29:51,173900.0,100,Sell,232764353
2024-08-19 13:30:13,173900.0,100,Sell,232764916
2024-08-19 13:30:34,173900.0,200,Sell,232765345
2024-08-19 13:30:42,173900.0,100,Sell,232765527
2024-08-19 13:30:46,173800.0,5600,Sell,232765643
2024-08-19 13:30:46,173900.0,300,Sell,232765641
2024-08-19 13:30:46,173900.0,100,Sell,232765642
2024-08-19 13:30:58,173800.0,200,Sell,232765887
2024-08-19 13:31:19,173800.0,200,Sell,232766284
2024-08-19 13:31:21,173800.0,100,Sell,232766340
2024-08-19 13:31:35,173800.0,200,Sell,232766630
2024-08-19 13:31:41,173800.0,200,Sell,232766726
2024-08-19 13:31:57,173800.0,1000,Sell,232767075
2024-08-19 13:31:58,173800.0,200,Sell,232767119
2024-08-19 13:32:03,173800.0,200,Sell,232767188
2024-08-19 13:32:10,173800.0,100,Sell,232767384
2024-08-19 13:32:17,173800.0,100,Sell,232767652
2024-08-19 13:32:17,173800.0,100,Sell,232767653
2024-08-19 13:32:21,173800.0,200,Sell,232767709
2024-08-19 13:32:25,173800.0,200,Sell,232767778
2024-08-19 13:32:44,173800.0,200,Sell,232768254
2024-08-19 13:32:47,173800.0,100,Sell,232768330
2024-08-19 13:32:47,173800.0,100,Sell,232768329
2024-08-19 13:33:07,173800.0,200,Sell,232768980
2024-08-19 13:33:09,173800.0,200,Sell,232769034
2024-08-19 13:33:13,173900.0,100,Buy,232769167
2024-08-19 13:33:30,173900.0,200,Sell,232769500
2024-08-19 13:33:31,174000.0,500,Buy,232769510
2024-08-19 13:33:31,173900.0,200,Sell,232769522
2024-08-19 13:33:53,173900.0,200,Sell,232770054
2024-08-19 13:33:54,173900.0,200,Sell,232770074
2024-08-19 13:33:57,173900.0,100,Sell,232770120
2024-08-19 13:34:16,173900.0,200,Sell,232770583
2024-08-19 13:34:18,173900.0,200,Sell,232770667
2024-08-19 13:34:38,173900.0,200,Sell,232771196
2024-08-19 13:34:43,173900.0,200,Sell,232771363
2024-08-19 13:34:53,173900.0,200,Sell,232771555
2024-08-19 13:34:59,173900.0,200,Sell,232771692
2024-08-19 13:35:07,173900.0,200,Sell,232771859
2024-08-19 13:35:08,173900.0,100,Sell,232771884
2024-08-19 13:35:21,173900.0,200,Sell,232772247
2024-08-19 13:35:32,173800.0,100,Sell,232772703
2024-08-19 13:35:32,173900.0,100,Sell,232772700
2024-08-19 13:35:43,173800.0,100,Sell,232772972
2024-08-19 13:35:43,173900.0,100,Sell,232772971
2024-08-19 13:35:50,173800.0,200,Sell,232773239
2024-08-19 13:35:57,173800.0,200,Sell,232773580
2024-08-19 13:36:04,173800.0,200,Sell,232773760
2024-08-19 13:36:21,173800.0,200,Sell,232774232
2024-08-19 13:36:26,173800.0,100,Sell,232774418
2024-08-19 13:36:26,173800.0,100,Sell,232774419
2024-08-19 13:36:34,173800.0,100,Sell,232774640
2024-08-19 13:36:45,173800.0,100,Sell,232774893
2024-08-19 13:36:45,173800.0,500,Sell,232774894
2024-08-19 13:36:45,173700.0,200,Sell,232774895
2024-08-19 13:36:47,173700.0,200,Sell,232774967
2024-08-19 13:36:58,173800.0,400,Buy,232775244
2024-08-19 13:36:58,173800.0,100,Buy,232775245
2024-08-19 13:36:58,173800.0,1000,Buy,232775246
2024-08-19 13:37:10,173800.0,200,Sell,232775517
2024-08-19 13:37:10,173800.0,200,Sell,232775496
2024-08-19 13:37:20,173900.0,100,Buy,232775765
2024-08-19 13:37:31,173800.0,200,Sell,232776054
2024-08-19 13:37:35,173800.0,200,Sell,232776124
2024-08-19 13:37:52,173700.0,200,Sell,232776566
2024-08-19 13:38:00,173700.0,200,Sell,232776712
2024-08-19 13:38:14,173700.0,200,Sell,232777047
2024-08-19 13:38:24,173700.0,200,Sell,232777262
2024-08-19 13:38:25,173700.0,200,Sell,232777293
2024-08-19 13:38:36,173700.0,200,Sell,232777622
2024-08-19 13:38:49,173700.0,200,Sell,232778012
2024-08-19 13:38:59,173700.0,200,Sell,232778296
2024-08-19 13:39:14,173700.0,200,Sell,232778672
2024-08-19 13:39:20,173700.0,200,Sell,232778875
2024-08-19 13:39:32,173700.0,200,Sell,232779167
2024-08-19 13:39:38,173700.0,200,Sell,232779334
2024-08-19 13:39:42,173700.0,200,Sell,232779388
2024-08-19 13:40:03,173700.0,200,Sell,232780110
2024-08-19 13:40:04,173700.0,200,Sell,232780125
2024-08-19 13:40:18,173700.0,200,Sell,232780382
2024-08-19 13:40:25,173700.0,100,Sell,232780515
2024-08-19 13:40:25,173700.0,100,Sell,232780516
2024-08-19 13:40:27,173700.0,100,Sell,232780536
2024-08-19 13:40:27,173700.0,100,Sell,232780537
2024-08-19 13:40:48,173700.0,100,Sell,232780958
2024-08-19 13:40:48,173700.0,100,Sell,232780959
2024-08-19 13:40:52,173700.0,100,Sell,232781062
2024-08-19 13:40:52,173600.0,100,Sell,232781063
2024-08-19 13:41:10,173600.0,200,Sell,232781533
2024-08-19 13:41:17,173600.0,200,Sell,232781683
2024-08-19 13:41:32,173600.0,200,Sell,232781973
2024-08-19 13:41:42,173600.0,200,Sell,232782212
2024-08-19 13:41:53,173600.0,200,Sell,232782525
2024-08-19 13:41:56,173600.0,100,Sell,232782609
2024-08-19 13:42:06,173700.0,200,Sell,232782878
2024-08-19 13:42:15,173700.0,200,Sell,232783097
2024-08-19 13:42:31,173700.0,200,Sell,232783563
2024-08-19 13:42:37,173700.0,200,Sell,232783942
2024-08-19 13:42:57,173700.0,200,Sell,232784548
2024-08-19 13:42:58,173700.0,200,Sell,232784590
2024-08-19 13:43:08,173700.0,200,Sell,232784837
2024-08-19 13:43:21,173700.0,100,Sell,232785153
2024-08-19 13:43:21,173700.0,100,Sell,232785154
2024-08-19 13:43:21,173700.0,200,Sell,232785155
2024-08-19 13:43:37,173800.0,1000,Buy,232785572
2024-08-19 13:43:42,173700.0,200,Sell,232785668
2024-08-19 13:43:46,173700.0,100,Sell,232785784
2024-08-19 13:43:46,173600.0,100,Sell,232785785
2024-08-19 13:44:03,173700.0,200,Sell,232786161
2024-08-19 13:44:11,173700.0,300,Sell,232786378
2024-08-19 13:44:17,173700.0,200,Sell,232786525
2024-08-19 13:44:25,173700.0,200,Sell,232786752
2024-08-19 13:44:35,173700.0,300,Sell,232787021
2024-08-19 13:44:47,173700.0,100,Sell,232787375
2024-08-19 13:44:47,173700.0,100,Sell,232787374
2024-08-19 13:45:00,173700.0,100,Sell,232787887
2024-08-19 13:45:00,173700.0,100,Sell,232787885
2024-08-19 13:45:00,173700.0,100,Sell,232787886
2024-08-19 13:45:09,173700.0,200,Sell,232788187
2024-08-19 13:45:18,173700.0,500,Sell,232788554
2024-08-19 13:45:18,173700.0,100,Sell,232788553
2024-08-19 13:45:25,173600.0,300,Sell,232788788
2024-08-19 13:45:27,173600.0,200,Sell,232788843
2024-08-19 13:45:31,173600.0,200,Sell,232788956
2024-08-19 13:45:34,173700.0,400,Buy,232789069
2024-08-19 13:45:50,173700.0,200,Sell,232789614
2024-08-19 13:45:50,173700.0,100,Sell,232789615
2024-08-19 13:45:54,173600.0,200,Sell,232789779
2024-08-19 13:46:12,173900.0,900,Buy,232790309
2024-08-19 13:46:12,173900.0,100,Buy,232790310
2024-08-19 13:46:14,173700.0,300,Sell,232790384
2024-08-19 13:46:15,173700.0,200,Sell,232790405
2024-08-19 13:46:37,173700.0,100,Sell,232791021
2024-08-19 13:46:37,173700.0,100,Sell,232791020
2024-08-19 13:46:39,173700.0,300,Sell,232791083
2024-08-19 13:46:47,173700.0,200,Sell,232791603
2024-08-19 13:46:53,173700.0,200,Sell,232791781
2024-08-19 13:47:00,173700.0,200,Sell,232791960
2024-08-19 13:47:04,173700.0,300,Sell,232792060
2024-08-19 13:47:21,173700.0,200,Sell,232792908
2024-08-19 13:47:32,173700.0,300,Sell,232793253
2024-08-19 13:47:43,173700.0,200,Sell,232793583
2024-08-19 13:47:53,173800.0,100,Sell,232793831
2024-08-19 13:47:56,173700.0,300,Sell,232793885
2024-08-19 13:48:05,173700.0,200,Sell,232794174
2024-08-19 13:48:21,173700.0,300,Sell,232794604
2024-08-19 13:48:27,173700.0,200,Sell,232794757
2024-08-19 13:48:39,173800.0,100,Buy,232795197
2024-08-19 13:48:46,173800.0,100,Sell,232795515
2024-08-19 13:48:46,173700.0,100,Sell,232795516
2024-08-19 13:48:46,173700.0,100,Sell,232795517
2024-08-19 13:48:49,173700.0,200,Sell,232795665
2024-08-19 13:49:00,173700.0,100,Sell,232795952
2024-08-19 13:49:35,173900.0,100,Buy,232797107
2024-08-19 13:49:39,173900.0,800,Buy,232797294
2024-08-19 13:50:09,174000.0,400,Buy,232798173
2024-08-19 13:50:09,174000.0,100,Buy,232798174
2024-08-19 13:50:09,174000.0,5000,Buy,232798175
2024-08-19 13:50:26,174000.0,200,Buy,232798856
2024-08-19 13:50:50,174200.0,300,Buy,232799747
2024-08-19 13:51:41,174300.0,500,Buy,232801345
2024-08-19 13:52:31,174000.0,100,Sell,232803174
2024-08-19 13:53:00,174400.0,200,Buy,232804267
2024-08-19 13:53:00,174400.0,100,Buy,232804266
2024-08-19 13:53:00,174400.0,100,Buy,232804265
2024-08-19 13:54:20,174400.0,100,Buy,232807612
2024-08-19 13:54:20,174400.0,200,Buy,232807613
2024-08-19 13:54:37,174500.0,1400,Buy,232808331
2024-08-19 13:54:48,174500.0,100,Buy,232808710
2024-08-19 13:54:48,174500.0,300,Buy,232808709
2024-08-19 13:54:48,174500.0,100,Buy,232808707
2024-08-19 13:54:48,174500.0,100,Buy,232808708
2024-08-19 13:54:48,174500.0,100,Buy,232808705
2024-08-19 13:54:48,174500.0,200,Buy,232808704
2024-08-19 13:54:48,174500.0,1800,Buy,232808703
2024-08-19 13:54:48,174500.0,500,Buy,232808706
2024-08-19 13:55:32,174500.0,800,Sell,232810093
2024-08-19 13:55:32,174300.0,400,Sell,232810094
2024-08-19 13:55:32,174300.0,100,Sell,232810095
2024-08-19 13:55:40,174300.0,900,Buy,232810411
2024-08-19 13:55:46,174800.0,100,Buy,232810589
2024-08-19 13:55:46,174800.0,100,Buy,232810590
2024-08-19 13:55:58,174800.0,500,Buy,232810896
2024-08-19 13:56:03,174100.0,100,Sell,232811036
2024-08-19 13:56:37,174500.0,200,Sell,232812108
2024-08-19 13:56:48,174500.0,100,Buy,232812406
2024-08-19 13:58:28,174500.0,200,Buy,232815512
2024-08-19 13:58:28,174500.0,100,Buy,232815513
2024-08-19 13:59:35,174200.0,200,Sell,232817250
2024-08-19 14:00:22,174100.0,1100,Sell,232818500
2024-08-19 14:00:22,174100.0,300,Sell,232818499
2024-08-19 14:00:22,174200.0,2000,Sell,232818496
2024-08-19 14:00:22,174200.0,2700,Sell,232818497
2024-08-19 14:00:22,174200.0,300,Sell,232818495
2024-08-19 14:00:22,174100.0,400,Sell,232818498
2024-08-19 14:01:13,174100.0,1200,Sell,232819913
2024-08-19 14:01:13,174100.0,300,Sell,232819914
2024-08-19 14:01:13,174000.0,400,Sell,232819915
2024-08-19 14:01:13,174000.0,200,Sell,232819916
2024-08-19 14:01:13,174000.0,100,Sell,232819917
2024-08-19 14:01:13,174000.0,1000,Sell,232819918
2024-08-19 14:01:13,174000.0,400,Sell,232819919
2024-08-19 14:01:27,174000.0,1400,Buy,232820327
2024-08-19 14:02:11,174100.0,100,Buy,232821353
2024-08-19 14:02:25,174100.0,100,Buy,232821706
2024-08-19 14:05:53,174100.0,500,Buy,232826698
2024-08-19 14:06:17,174000.0,200,Sell,232827197
2024-08-19 14:06:17,174000.0,200,Sell,232827199
2024-08-19 14:06:17,174000.0,100,Buy,232827200
2024-08-19 14:07:25,174000.0,100,Buy,232829048
2024-08-19 14:07:31,174000.0,100,Buy,232829233
2024-08-19 14:07:42,174000.0,1300,Buy,232829579
2024-08-19 14:08:10,173800.0,500,Sell,232830270
2024-08-19 14:08:10,173800.0,200,Sell,232830269
2024-08-19 14:08:10,173900.0,200,Sell,232830265
2024-08-19 14:08:10,173900.0,100,Sell,232830267
2024-08-19 14:08:10,173900.0,1000,Sell,232830266
2024-08-19 14:08:10,173800.0,200,Sell,232830268
2024-08-19 14:08:11,173800.0,300,Buy,232830287
2024-08-19 14:08:31,173800.0,200,Sell,232830811
2024-08-19 14:08:52,173800.0,100,Sell,232831286
2024-08-19 14:12:08,173900.0,200,Sell,232836884
2024-08-19 14:13:35,174100.0,400,Buy,232839702
2024-08-19 14:13:51,174000.0,1000,Sell,232840022
2024-08-19 14:13:51,174000.0,100,Sell,232840021
2024-08-19 14:14:08,173800.0,200,Sell,232840457
2024-08-19 14:14:08,173800.0,300,Sell,232840456
2024-08-19 14:14:08,173800.0,500,Sell,232840455
2024-08-19 14:14:08,173800.0,100,Sell,232840454
2024-08-19 14:14:08,173800.0,100,Sell,232840452
2024-08-19 14:14:08,173800.0,100,Sell,232840453
2024-08-19 14:14:08,173800.0,700,Sell,232840451
2024-08-19 14:14:08,173800.0,1000,Sell,232840447
2024-08-19 14:14:08,173800.0,500,Sell,232840449
2024-08-19 14:14:08,173800.0,500,Sell,232840448
2024-08-19 14:14:08,173800.0,100,Sell,232840446
2024-08-19 14:14:08,173900.0,300,Sell,232840445
2024-08-19 14:14:08,173900.0,100,Sell,232840444
2024-08-19 14:14:08,173900.0,100,Sell,232840443
2024-08-19 14:14:08,173800.0,100,Sell,232840450
2024-08-19 14:15:32,173800.0,200,Sell,232842890
2024-08-19 14:15:32,173800.0,600,Sell,232842891
2024-08-19 14:15:32,173800.0,100,Sell,232842892
2024-08-19 14:15:32,173800.0,200,Sell,232842893
2024-08-19 14:15:32,173700.0,1900,Sell,232842894
2024-08-19 14:15:38,174000.0,900,Buy,232843145
2024-08-19 14:15:45,174000.0,200,Sell,232843415
2024-08-19 14:16:41,174000.0,1200,Sell,232845292
2024-08-19 14:16:41,174000.0,100,Sell,232845293
2024-08-19 14:18:56,174000.0,1200,Buy,232849090
2024-08-19 14:18:56,174000.0,1100,Buy,232849091
2024-08-19 14:21:04,174000.0,2300,Buy,232852302
2024-08-19 14:21:19,173800.0,400,Sell,232852725
2024-08-19 14:22:21,173900.0,100,Sell,232854845
2024-08-19 14:23:34,174000.0,100,Buy,232856780
2024-08-19 14:23:55,173900.0,100,Buy,232857642
2024-08-19 14:24:09,174000.0,500,Buy,232858147
2024-08-19 14:24:17,174000.0,100,Buy,232858376
2024-08-19 14:24:44,173900.0,100,Sell,232859110
2024-08-19 14:25:22,173900.0,100,Sell,232860299
2024-08-19 14:25:46,173900.0,200,Sell,232861146
2024-08-19 14:25:46,173800.0,200,Sell,232861147
2024-08-19 14:28:05,173900.0,100,Buy,232866362
2024-08-19 14:28:06,173900.0,100,Buy,232866369
2024-08-19 14:44:36,174000.0,77600,ATO/ATC,232870792
