time,price,volume,match_type,id
2024-07-29 09:14:38,170000.0,4100,ATO/ATC,226839384
2024-07-29 09:14:44,170000.0,100,Sell,226839837
2024-07-29 09:15:06,170000.0,100,Sell,226840470
2024-07-29 09:15:52,170400.0,100,Buy,226841791
2024-07-29 09:16:20,170400.0,300,Buy,226842604
2024-07-29 09:16:20,170300.0,300,Buy,226842603
2024-07-29 09:16:25,170400.0,200,Sell,226842783
2024-07-29 09:16:47,170500.0,100,Buy,226843491
2024-07-29 09:17:03,170500.0,300,Buy,226844027
2024-07-29 09:17:03,170500.0,300,Buy,226844026
2024-07-29 09:18:08,170500.0,300,Sell,226846303
2024-07-29 09:18:11,170500.0,600,Sell,226846446
2024-07-29 09:18:29,170500.0,100,Sell,226847094
2024-07-29 09:18:29,170500.0,200,Sell,226847095
2024-07-29 09:18:35,170500.0,300,Sell,226847308
2024-07-29 09:18:41,170500.0,300,Sell,226847446
2024-07-29 09:18:42,170500.0,100,Sell,226847463
2024-07-29 09:18:54,170500.0,100,Sell,226847814
2024-07-29 09:19:10,170500.0,100,Buy,226848521
2024-07-29 09:19:19,170500.0,100,Buy,226848772
2024-07-29 09:20:14,170500.0,100,Sell,226850401
2024-07-29 09:20:14,170500.0,200,Sell,226850402
2024-07-29 09:20:15,170500.0,200,Sell,226850429
2024-07-29 09:20:30,170500.0,300,Buy,226850938
2024-07-29 09:20:30,170500.0,300,Buy,226850937
2024-07-29 09:20:31,170500.0,10300,Sell,226850981
2024-07-29 09:21:04,170500.0,100,Buy,226851963
2024-07-29 09:21:45,170200.0,200,Sell,226853459
2024-07-29 09:21:49,170200.0,100,Sell,226853564
2024-07-29 09:21:50,170200.0,200,Sell,226853599
2024-07-29 09:22:42,170000.0,100,Sell,226855062
2024-07-29 09:22:42,170000.0,200,Sell,226855063
2024-07-29 09:22:52,170000.0,100,Sell,226855333
2024-07-29 09:24:01,170000.0,700,Sell,226857256
2024-07-29 09:24:01,170000.0,1300,Sell,226857257
2024-07-29 09:24:02,170000.0,100,Sell,226857275
2024-07-29 09:24:02,170000.0,200,Sell,226857276
2024-07-29 09:24:02,170000.0,100,Sell,226857273
2024-07-29 09:24:02,170000.0,100,Sell,226857274
2024-07-29 09:24:02,170000.0,1600,Sell,226857272
2024-07-29 09:24:37,169500.0,100,Sell,226858356
2024-07-29 09:24:59,169500.0,100,Sell,226858893
2024-07-29 09:25:10,169500.0,100,Sell,226859130
2024-07-29 09:25:10,169500.0,100,Sell,226859131
2024-07-29 09:25:52,169400.0,100,Sell,226860208
2024-07-29 09:25:52,169400.0,100,Sell,226860209
2024-07-29 09:25:56,169900.0,100,Buy,226860308
2024-07-29 09:25:57,169900.0,100,Sell,226860323
2024-07-29 09:26:40,169400.0,200,Buy,226861321
2024-07-29 09:26:53,169400.0,100,Buy,226861577
2024-07-29 09:27:11,169400.0,100,Sell,226862000
2024-07-29 09:28:10,169400.0,100,Buy,226863239
2024-07-29 09:28:14,169400.0,100,Buy,226863323
2024-07-29 09:31:41,169400.0,200,Sell,226868186
2024-07-29 09:31:53,169400.0,100,Sell,226868410
2024-07-29 09:31:53,169500.0,100,Sell,226868409
2024-07-29 09:32:14,169400.0,500,Sell,226868914
2024-07-29 09:32:14,169400.0,100,Sell,226868915
2024-07-29 09:33:42,169400.0,300,Buy,226871023
2024-07-29 09:35:23,169200.0,100,Sell,226873435
2024-07-29 09:35:23,169200.0,100,Sell,226873436
2024-07-29 09:35:23,169200.0,500,Sell,226873437
2024-07-29 09:35:26,169000.0,100,Sell,226873560
2024-07-29 09:35:26,169000.0,100,Sell,226873559
2024-07-29 09:35:26,169000.0,1000,Sell,226873551
2024-07-29 09:35:26,169000.0,100,Sell,226873557
2024-07-29 09:35:26,169000.0,100,Sell,226873556
2024-07-29 09:35:26,169000.0,2000,Sell,226873555
2024-07-29 09:35:26,169000.0,100,Sell,226873554
2024-07-29 09:35:26,169000.0,500,Sell,226873553
2024-07-29 09:35:26,169000.0,100,Sell,226873552
2024-07-29 09:35:26,169000.0,2000,Sell,226873558
2024-07-29 09:35:26,169000.0,100,Sell,226873550
2024-07-29 09:35:26,169000.0,100,Sell,226873549
2024-07-29 09:35:26,169100.0,100,Sell,226873537
2024-07-29 09:35:26,169100.0,700,Sell,226873538
2024-07-29 09:35:26,169100.0,200,Sell,226873539
2024-07-29 09:35:26,169100.0,100,Sell,226873540
2024-07-29 09:35:26,169100.0,100,Sell,226873541
2024-07-29 09:35:26,169000.0,100,Sell,226873548
2024-07-29 09:35:26,169100.0,100,Sell,226873543
2024-07-29 09:35:26,169100.0,200,Sell,226873544
2024-07-29 09:35:26,169100.0,200,Sell,226873545
2024-07-29 09:35:26,169000.0,300,Sell,226873546
2024-07-29 09:35:26,169000.0,100,Sell,226873547
2024-07-29 09:35:26,169100.0,1500,Sell,226873542
2024-07-29 09:35:40,169000.0,100,Sell,226873895
2024-07-29 09:36:11,169000.0,500,Sell,226874711
2024-07-29 09:36:11,169000.0,300,Sell,226874712
2024-07-29 09:38:22,168900.0,100,Buy,226878173
2024-07-29 09:38:27,168500.0,100,Sell,226878295
2024-07-29 09:38:39,168500.0,400,Sell,226878608
2024-07-29 09:39:27,168500.0,200,Sell,226879669
2024-07-29 09:39:56,168900.0,100,Buy,226880380
2024-07-29 09:40:32,169000.0,100,Buy,226881325
2024-07-29 09:40:37,169000.0,100,Buy,226881453
2024-07-29 09:40:37,169000.0,100,Buy,226881454
2024-07-29 09:40:51,169000.0,100,Buy,226881790
2024-07-29 09:40:54,169000.0,200,Buy,226881853
2024-07-29 09:41:06,169000.0,100,Buy,226882122
2024-07-29 09:41:07,169000.0,100,Buy,226882126
2024-07-29 09:42:06,169000.0,100,Buy,226883479
2024-07-29 09:42:18,169000.0,300,Buy,226883769
2024-07-29 09:43:13,169000.0,200,Sell,226884943
2024-07-29 09:43:53,169200.0,100,Buy,226885744
2024-07-29 09:44:05,169200.0,200,Buy,226885983
2024-07-29 09:44:17,169300.0,100,Buy,226886352
2024-07-29 09:44:50,169300.0,200,Buy,226886982
2024-07-29 09:45:09,169300.0,100,Buy,226887337
2024-07-29 09:45:10,169300.0,200,Buy,226887346
2024-07-29 09:45:14,169300.0,200,Buy,226887417
2024-07-29 09:47:00,169300.0,200,Sell,226889748
2024-07-29 09:47:07,169300.0,100,Sell,226889882
2024-07-29 09:50:36,169600.0,100,Sell,226895199
2024-07-29 09:50:50,169600.0,100,Buy,226895537
2024-07-29 09:51:05,169600.0,100,Buy,226895949
2024-07-29 09:51:45,169800.0,100,Buy,226896891
2024-07-29 09:52:36,169700.0,100,Sell,226898226
2024-07-29 09:53:36,169700.0,100,Sell,226899997
2024-07-29 09:53:42,169700.0,100,Sell,226900113
2024-07-29 09:53:43,169700.0,700,Sell,226900145
2024-07-29 09:53:43,169700.0,900,Sell,226900146
2024-07-29 09:54:34,169700.0,100,Sell,226901471
2024-07-29 09:54:34,169700.0,100,Sell,226901486
2024-07-29 09:54:34,169700.0,200,Sell,226901487
2024-07-29 09:54:36,169600.0,100,Sell,226901510
2024-07-29 09:55:36,169300.0,100,Sell,226903177
2024-07-29 09:56:01,169500.0,200,Sell,226903761
2024-07-29 09:56:01,169300.0,300,Sell,226903762
2024-07-29 09:56:36,169300.0,100,Sell,226904557
2024-07-29 09:57:36,169300.0,100,Sell,226905907
2024-07-29 09:58:21,169300.0,200,Sell,226906969
2024-07-29 09:58:36,169300.0,100,Sell,226907194
2024-07-29 09:59:36,169400.0,100,Sell,226908212
2024-07-29 10:00:36,169400.0,100,Sell,226909187
2024-07-29 10:01:25,169400.0,100,Sell,226909988
2024-07-29 10:01:25,169400.0,300,Sell,226909989
2024-07-29 10:01:25,169400.0,900,Sell,226909990
2024-07-29 10:01:36,169300.0,500,Sell,226910161
2024-07-29 10:01:36,169300.0,500,Sell,226910162
2024-07-29 10:01:36,169300.0,100,Sell,226910163
2024-07-29 10:01:36,169300.0,100,Sell,226910166
2024-07-29 10:01:45,169300.0,2100,Sell,226910316
2024-07-29 10:01:56,169300.0,1000,Buy,226910538
2024-07-29 10:02:37,169100.0,100,Sell,226911393
2024-07-29 10:03:37,169100.0,100,Sell,226912630
2024-07-29 10:04:02,169100.0,300,Sell,226913086
2024-07-29 10:04:02,169100.0,1200,Sell,226913087
2024-07-29 10:04:08,169100.0,100,Sell,226913175
2024-07-29 10:04:08,169100.0,100,Sell,226913173
2024-07-29 10:04:08,169100.0,900,Sell,226913174
2024-07-29 10:04:10,169100.0,100,Buy,226913219
2024-07-29 10:04:37,169000.0,100,Sell,226913825
2024-07-29 10:05:24,169100.0,300,Buy,226914744
2024-07-29 10:05:37,169100.0,100,Sell,226914947
2024-07-29 10:05:50,169100.0,100,Sell,226915206
2024-07-29 10:06:06,169100.0,200,Buy,226915491
2024-07-29 10:06:37,169100.0,100,Sell,226915934
2024-07-29 10:07:37,169100.0,100,Sell,226916905
2024-07-29 10:08:37,169100.0,100,Sell,226917853
2024-07-29 10:09:37,169100.0,100,Sell,226918964
2024-07-29 10:09:42,169100.0,200,Sell,226919063
2024-07-29 10:10:29,169000.0,500,Sell,226919797
2024-07-29 10:10:29,169000.0,100,Sell,226919796
2024-07-29 10:10:29,169000.0,100,Sell,226919795
2024-07-29 10:10:29,169000.0,100,Sell,226919792
2024-07-29 10:10:29,169000.0,200,Sell,226919791
2024-07-29 10:10:29,169100.0,200,Sell,226919790
2024-07-29 10:10:29,169000.0,2000,Sell,226919793
2024-07-29 10:10:29,169000.0,100,Sell,226919794
2024-07-29 10:10:37,168900.0,100,Sell,226919913
2024-07-29 10:11:35,168900.0,100,Sell,226920687
2024-07-29 10:11:35,168900.0,100,Sell,226920688
2024-07-29 10:11:35,168900.0,100,Sell,226920689
2024-07-29 10:11:35,168900.0,100,Sell,226920690
2024-07-29 10:11:37,168900.0,100,Sell,226920733
2024-07-29 10:12:38,168900.0,100,Sell,226921573
2024-07-29 10:13:35,168800.0,100,Sell,226922506
2024-07-29 10:13:38,168800.0,100,Sell,226922546
2024-07-29 10:13:55,168800.0,100,Sell,226922762
2024-07-29 10:13:59,168800.0,100,Sell,226922794
2024-07-29 10:14:16,168800.0,100,Sell,226923007
2024-07-29 10:14:36,168800.0,100,Sell,226923324
2024-07-29 10:14:38,168800.0,100,Sell,226923353
2024-07-29 10:14:56,168800.0,100,Sell,226923568
2024-07-29 10:14:59,168700.0,500,Sell,226923614
2024-07-29 10:14:59,168700.0,100,Sell,226923615
2024-07-29 10:14:59,168700.0,1000,Sell,226923616
2024-07-29 10:14:59,168700.0,500,Sell,226923617
2024-07-29 10:14:59,168700.0,100,Sell,226923618
2024-07-29 10:14:59,168600.0,200,Sell,226923619
2024-07-29 10:14:59,168600.0,800,Sell,226923621
2024-07-29 10:14:59,168600.0,100,Sell,226923620
2024-07-29 10:15:16,168600.0,100,Sell,226923806
2024-07-29 10:15:31,168600.0,100,Sell,226924091
2024-07-29 10:15:31,168600.0,100,Sell,226924092
2024-07-29 10:15:36,168500.0,100,Sell,226924148
2024-07-29 10:15:38,168500.0,100,Sell,226924175
2024-07-29 10:15:56,168500.0,100,Sell,226924523
2024-07-29 10:16:16,168500.0,100,Sell,226924844
2024-07-29 10:16:36,168500.0,100,Sell,226925187
2024-07-29 10:16:38,168500.0,100,Sell,226925214
2024-07-29 10:16:56,168500.0,100,Sell,226925618
2024-07-29 10:17:16,168500.0,200,Sell,226925892
2024-07-29 10:17:17,168500.0,100,Sell,226925902
2024-07-29 10:17:36,168500.0,100,Sell,226926345
2024-07-29 10:17:38,168500.0,100,Sell,226926373
2024-07-29 10:17:57,168500.0,100,Sell,226926573
2024-07-29 10:18:17,168500.0,100,Sell,226926937
2024-07-29 10:18:37,168500.0,100,Sell,226927210
2024-07-29 10:18:38,168500.0,100,Sell,226927235
2024-07-29 10:18:57,168500.0,100,Sell,226927463
2024-07-29 10:19:17,168500.0,100,Sell,226927827
2024-07-29 10:19:37,168500.0,100,Sell,226928102
2024-07-29 10:19:38,168500.0,100,Sell,226928125
2024-07-29 10:19:57,168500.0,100,Sell,226928343
2024-07-29 10:20:17,168500.0,100,Sell,226928635
2024-07-29 10:20:37,168600.0,100,Sell,226928876
2024-07-29 10:20:38,168600.0,100,Sell,226928895
2024-07-29 10:20:57,168600.0,100,Sell,226929260
2024-07-29 10:21:02,168600.0,200,Sell,226929321
2024-07-29 10:21:18,168600.0,100,Sell,226929541
2024-07-29 10:21:38,168700.0,100,Sell,226929892
2024-07-29 10:21:39,168600.0,100,Sell,226929928
2024-07-29 10:21:58,168600.0,100,Sell,226930255
2024-07-29 10:22:18,168700.0,100,Sell,226930596
2024-07-29 10:22:38,168700.0,100,Sell,226931203
2024-07-29 10:22:39,168700.0,100,Sell,226931268
2024-07-29 10:22:58,168700.0,100,Sell,226931864
2024-07-29 10:23:18,168700.0,100,Sell,226932265
2024-07-29 10:23:31,168700.0,300,Sell,226932445
2024-07-29 10:23:38,168700.0,100,Sell,226932557
2024-07-29 10:23:39,168700.0,100,Sell,226932569
2024-07-29 10:23:41,168700.0,1000,Sell,226932595
2024-07-29 10:23:58,168700.0,100,Sell,226932884
2024-07-29 10:24:19,168700.0,100,Sell,226933214
2024-07-29 10:24:39,168700.0,100,Sell,226933563
2024-07-29 10:24:39,168700.0,100,Sell,226933560
2024-07-29 10:24:48,168700.0,100,Sell,226933678
2024-07-29 10:24:48,168700.0,100,Sell,226933679
2024-07-29 10:24:59,168700.0,100,Sell,226933787
2024-07-29 10:25:19,168600.0,100,Sell,226934021
2024-07-29 10:25:39,168600.0,100,Sell,226934329
2024-07-29 10:25:39,168600.0,100,Sell,226934330
2024-07-29 10:25:59,168600.0,100,Sell,226934664
2024-07-29 10:26:19,168600.0,100,Sell,226934987
2024-07-29 10:26:19,168600.0,100,Sell,226934996
2024-07-29 10:26:19,168600.0,200,Sell,226934997
2024-07-29 10:26:39,168600.0,100,Sell,226935249
2024-07-29 10:26:39,168600.0,100,Sell,226935250
2024-07-29 10:26:59,168600.0,100,Sell,226935578
2024-07-29 10:27:19,168600.0,100,Sell,226935861
2024-07-29 10:27:40,168600.0,100,Sell,226936166
2024-07-29 10:27:40,168600.0,100,Sell,226936165
2024-07-29 10:28:00,168600.0,100,Sell,226936425
2024-07-29 10:28:08,168800.0,100,Buy,226936542
2024-07-29 10:28:20,168600.0,100,Sell,226936745
2024-07-29 10:28:36,168600.0,200,Sell,226937018
2024-07-29 10:28:39,168600.0,100,Sell,226937061
2024-07-29 10:28:40,168600.0,100,Sell,226937069
2024-07-29 10:29:00,168600.0,100,Sell,226937358
2024-07-29 10:29:20,168600.0,100,Sell,226937720
2024-07-29 10:29:39,168600.0,100,Sell,226938030
2024-07-29 10:29:40,168600.0,100,Sell,226938065
2024-07-29 10:30:00,168600.0,100,Sell,226938313
2024-07-29 10:30:21,168600.0,100,Sell,226938610
2024-07-29 10:30:39,168600.0,100,Sell,226938854
2024-07-29 10:30:41,168600.0,100,Sell,226938865
2024-07-29 10:31:01,168600.0,100,Sell,226939113
2024-07-29 10:31:17,168900.0,100,Buy,226939397
2024-07-29 10:31:17,168900.0,100,Buy,226939396
2024-07-29 10:31:21,168600.0,100,Sell,226939457
2024-07-29 10:31:40,168600.0,100,Sell,226939694
2024-07-29 10:31:41,168600.0,100,Sell,226939715
2024-07-29 10:32:01,168600.0,100,Sell,226940029
2024-07-29 10:32:21,168600.0,100,Sell,226940343
2024-07-29 10:32:23,168600.0,200,Sell,226940347
2024-07-29 10:32:40,168600.0,100,Sell,226940554
2024-07-29 10:32:42,168600.0,100,Sell,226940569
2024-07-29 10:33:02,168600.0,100,Sell,226940794
2024-07-29 10:33:22,168600.0,100,Sell,226941069
2024-07-29 10:33:40,168600.0,100,Sell,226941267
2024-07-29 10:33:41,168600.0,200,Sell,226941283
2024-07-29 10:33:41,168600.0,100,Sell,226941284
2024-07-29 10:33:42,168600.0,100,Sell,226941291
2024-07-29 10:34:02,168600.0,100,Sell,226941628
2024-07-29 10:34:22,168600.0,100,Sell,226941901
2024-07-29 10:34:33,168600.0,100,Sell,226942042
2024-07-29 10:34:33,168600.0,100,Sell,226942040
2024-07-29 10:34:33,168600.0,100,Sell,226942041
2024-07-29 10:34:40,168600.0,100,Sell,226942188
2024-07-29 10:34:42,168600.0,100,Sell,226942220
2024-07-29 10:34:53,168600.0,300,Sell,226942411
2024-07-29 10:35:02,168600.0,100,Sell,226942529
2024-07-29 10:35:22,168600.0,100,Sell,226942877
2024-07-29 10:35:40,168600.0,100,Sell,226943155
2024-07-29 10:35:42,168600.0,100,Sell,226943189
2024-07-29 10:36:02,168500.0,100,Sell,226943444
2024-07-29 10:36:10,168500.0,100,Sell,226943562
2024-07-29 10:36:23,168500.0,100,Sell,226943679
2024-07-29 10:36:34,168600.0,500,Sell,226943803
2024-07-29 10:36:40,168500.0,100,Sell,226943878
2024-07-29 10:36:43,168500.0,100,Sell,226943893
2024-07-29 10:36:46,168500.0,100,Sell,226943991
2024-07-29 10:36:46,168500.0,100,Sell,226943992
2024-07-29 10:36:46,168500.0,100,Sell,226943993
2024-07-29 10:37:03,168500.0,100,Sell,226944168
2024-07-29 10:37:07,168500.0,100,Sell,226944231
2024-07-29 10:37:23,168500.0,100,Sell,226944466
2024-07-29 10:37:40,168500.0,100,Sell,226944652
2024-07-29 10:37:43,168500.0,100,Sell,226944695
2024-07-29 10:37:56,168600.0,100,Buy,226944857
2024-07-29 10:38:03,168500.0,100,Sell,226944956
2024-07-29 10:38:23,168500.0,100,Sell,226945222
2024-07-29 10:38:40,168500.0,100,Sell,226945487
2024-07-29 10:38:44,168500.0,100,Sell,226945540
2024-07-29 10:39:04,168500.0,100,Sell,226945803
2024-07-29 10:39:23,168500.0,100,Sell,226946125
2024-07-29 10:39:24,168500.0,100,Sell,226946144
2024-07-29 10:39:41,168500.0,100,Sell,226946417
2024-07-29 10:39:44,168500.0,100,Sell,226946547
2024-07-29 10:39:57,168500.0,100,Sell,226946679
2024-07-29 10:39:57,168500.0,100,Sell,226946680
2024-07-29 10:40:04,168500.0,100,Sell,226946869
2024-07-29 10:40:05,168600.0,300,Buy,226946873
2024-07-29 10:40:24,168600.0,100,Sell,226947304
2024-07-29 10:40:41,168600.0,100,Sell,226947543
2024-07-29 10:40:44,168500.0,100,Sell,226947584
2024-07-29 10:41:04,168500.0,100,Sell,226947792
2024-07-29 10:41:24,168500.0,100,Sell,226948122
2024-07-29 10:41:41,168500.0,100,Sell,226948326
2024-07-29 10:41:44,169000.0,200,Buy,226948419
2024-07-29 10:41:45,168500.0,100,Sell,226948457
2024-07-29 10:42:05,168600.0,100,Sell,226948665
2024-07-29 10:42:25,168600.0,100,Sell,226948902
2024-07-29 10:42:41,168600.0,100,Sell,226949083
2024-07-29 10:42:45,168600.0,100,Sell,226949132
2024-07-29 10:43:05,168600.0,100,Sell,226949412
2024-07-29 10:43:25,168600.0,100,Sell,226949748
2024-07-29 10:43:41,168600.0,100,Sell,226949956
2024-07-29 10:43:44,168600.0,200,Sell,226949978
2024-07-29 10:43:45,168600.0,100,Sell,226949994
2024-07-29 10:44:05,168500.0,100,Sell,226950327
2024-07-29 10:44:26,168500.0,100,Sell,226950505
2024-07-29 10:44:41,168500.0,100,Sell,226950748
2024-07-29 10:44:46,168500.0,100,Sell,226950784
2024-07-29 10:45:06,168500.0,100,Sell,226951018
2024-07-29 10:45:26,168500.0,100,Sell,226951255
2024-07-29 10:45:41,168500.0,100,Sell,226951465
2024-07-29 10:45:46,168500.0,100,Sell,226951511
2024-07-29 10:45:55,168500.0,1100,Sell,226951674
2024-07-29 10:45:55,168500.0,100,Sell,226951675
2024-07-29 10:45:55,168500.0,200,Sell,226951676
2024-07-29 10:45:55,168500.0,100,Sell,226951677
2024-07-29 10:45:55,168500.0,100,Sell,226951678
2024-07-29 10:45:58,168600.0,100,Sell,226951703
2024-07-29 10:46:06,168500.0,100,Sell,226951840
2024-07-29 10:46:26,168500.0,100,Sell,226952086
2024-07-29 10:46:41,168500.0,100,Sell,226952317
2024-07-29 10:46:46,168500.0,100,Sell,226952377
2024-07-29 10:47:06,168500.0,100,Sell,226952650
2024-07-29 10:47:27,168500.0,100,Sell,226952877
2024-07-29 10:47:28,168500.0,100,Sell,226952886
2024-07-29 10:47:42,168400.0,100,Sell,226953045
2024-07-29 10:47:47,168400.0,100,Sell,226953094
2024-07-29 10:48:01,168500.0,100,Buy,226953246
2024-07-29 10:48:07,168400.0,100,Sell,226953331
2024-07-29 10:48:27,168400.0,100,Sell,226953549
2024-07-29 10:48:42,168400.0,100,Sell,226953786
2024-07-29 10:48:47,168400.0,100,Sell,226953860
2024-07-29 10:49:07,168400.0,100,Sell,226954242
2024-07-29 10:49:19,168400.0,300,Sell,226954498
2024-07-29 10:49:27,168400.0,100,Sell,226954604
2024-07-29 10:49:42,168400.0,100,Sell,226954851
2024-07-29 10:49:47,168400.0,100,Sell,226954990
2024-07-29 10:50:08,168400.0,100,Sell,226955189
2024-07-29 10:50:10,168500.0,100,Buy,226955269
2024-07-29 10:50:11,168500.0,100,Sell,226955285
2024-07-29 10:50:28,168400.0,100,Sell,226955487
2024-07-29 10:50:42,168400.0,100,Sell,226955652
2024-07-29 10:50:48,168400.0,100,Sell,226955761
2024-07-29 10:51:08,168400.0,100,Sell,226955978
2024-07-29 10:51:18,168400.0,100,Sell,226956144
2024-07-29 10:51:20,168400.0,100,Buy,226956173
2024-07-29 10:51:28,168300.0,100,Sell,226956324
2024-07-29 10:51:42,168300.0,100,Sell,226956656
2024-07-29 10:51:48,168300.0,100,Sell,226956760
2024-07-29 10:52:08,168400.0,100,Sell,226956978
2024-07-29 10:52:28,168400.0,100,Sell,226957287
2024-07-29 10:52:42,168400.0,100,Sell,226957471
2024-07-29 10:52:49,168400.0,100,Sell,226957578
2024-07-29 10:53:09,168300.0,100,Sell,226957796
2024-07-29 10:53:29,168300.0,100,Sell,226958054
2024-07-29 10:53:42,168300.0,100,Sell,226958218
2024-07-29 10:53:49,168300.0,100,Sell,226958319
2024-07-29 10:54:09,168400.0,100,Sell,226958638
2024-07-29 10:54:29,168300.0,100,Sell,226958924
2024-07-29 10:54:30,168300.0,100,Sell,226958929
2024-07-29 10:54:42,168300.0,100,Sell,226959069
2024-07-29 10:54:49,168300.0,100,Sell,226959144
2024-07-29 10:55:05,168300.0,100,Sell,226959338
2024-07-29 10:55:09,168300.0,100,Sell,226959381
2024-07-29 10:55:30,168300.0,100,Sell,226959760
2024-07-29 10:55:42,168300.0,100,Sell,226959945
2024-07-29 10:55:50,168300.0,100,Sell,226959998
2024-07-29 10:56:10,168400.0,100,Sell,226960246
2024-07-29 10:56:30,168400.0,100,Sell,226960582
2024-07-29 10:56:43,168300.0,100,Sell,226960781
2024-07-29 10:56:50,168300.0,100,Sell,226960929
2024-07-29 10:57:10,168300.0,100,Sell,226961141
2024-07-29 10:57:30,168300.0,100,Sell,226961371
2024-07-29 10:57:43,168300.0,100,Sell,226961503
2024-07-29 10:57:50,168300.0,100,Sell,226961558
2024-07-29 10:58:11,168300.0,100,Sell,226961720
2024-07-29 10:58:23,168300.0,100,Sell,226961869
2024-07-29 10:58:31,168300.0,100,Sell,226961947
2024-07-29 10:58:43,168300.0,100,Sell,226962098
2024-07-29 10:58:50,168300.0,200,Sell,226962275
2024-07-29 10:58:51,168300.0,100,Sell,226962284
2024-07-29 10:59:02,168300.0,300,Sell,226962448
2024-07-29 10:59:11,168300.0,100,Sell,226962525
2024-07-29 10:59:31,168300.0,100,Sell,226962866
2024-07-29 10:59:43,168300.0,100,Sell,226963035
2024-07-29 10:59:51,168300.0,100,Sell,226963109
2024-07-29 11:00:11,168300.0,100,Sell,226963389
2024-07-29 11:00:32,168300.0,100,Sell,226963678
2024-07-29 11:00:43,168300.0,100,Sell,226963837
2024-07-29 11:00:52,168300.0,100,Sell,226963932
2024-07-29 11:01:12,168400.0,100,Sell,226964179
2024-07-29 11:01:32,168400.0,100,Sell,226964393
2024-07-29 11:01:43,168400.0,100,Sell,226964565
2024-07-29 11:01:52,168400.0,100,Sell,226964686
2024-07-29 11:02:12,168400.0,100,Sell,226964893
2024-07-29 11:02:19,168500.0,100,Sell,226965048
2024-07-29 11:02:32,168400.0,100,Sell,226965227
2024-07-29 11:02:43,168300.0,100,Sell,226965425
2024-07-29 11:02:53,168300.0,100,Sell,226965513
2024-07-29 11:03:00,168400.0,100,Buy,226965801
2024-07-29 11:03:13,168300.0,100,Sell,226965988
2024-07-29 11:03:33,168300.0,100,Sell,226966254
2024-07-29 11:03:43,168300.0,100,Sell,226966398
2024-07-29 11:03:50,168400.0,100,Buy,226966472
2024-07-29 11:03:53,168300.0,100,Sell,226966494
2024-07-29 11:04:13,168300.0,100,Sell,226966785
2024-07-29 11:04:33,168300.0,100,Sell,226967054
2024-07-29 11:04:43,168300.0,100,Sell,226967219
2024-07-29 11:04:49,168300.0,100,Sell,226967260
2024-07-29 11:04:53,168300.0,100,Sell,226967319
2024-07-29 11:05:14,168300.0,100,Sell,226967552
2024-07-29 11:05:34,168300.0,100,Sell,226967869
2024-07-29 11:05:44,168300.0,100,Sell,226967996
2024-07-29 11:05:54,168300.0,100,Sell,226968069
2024-07-29 11:06:14,168300.0,100,Sell,226968299
2024-07-29 11:06:25,168300.0,100,Sell,226968408
2024-07-29 11:06:25,168300.0,100,Sell,226968409
2024-07-29 11:06:34,168300.0,100,Sell,226968527
2024-07-29 11:06:44,168300.0,100,Sell,226968630
2024-07-29 11:06:48,168300.0,1000,Sell,226968654
2024-07-29 11:06:54,168300.0,100,Sell,226968732
2024-07-29 11:07:01,168300.0,100,Sell,226968787
2024-07-29 11:07:07,168300.0,300,Sell,226968840
2024-07-29 11:07:15,168300.0,100,Sell,226968905
2024-07-29 11:07:17,168300.0,300,Sell,226968937
2024-07-29 11:07:34,168300.0,100,Sell,226969135
2024-07-29 11:07:34,168300.0,200,Sell,226969134
2024-07-29 11:07:35,168200.0,100,Sell,226969139
2024-07-29 11:07:44,168200.0,100,Sell,226969238
2024-07-29 11:07:55,168200.0,100,Sell,226969365
2024-07-29 11:08:15,168200.0,100,Sell,226969682
2024-07-29 11:08:35,168200.0,100,Sell,226969942
2024-07-29 11:08:44,168200.0,100,Sell,226970029
2024-07-29 11:08:55,168200.0,100,Sell,226970241
2024-07-29 11:09:10,168200.0,300,Sell,226970394
2024-07-29 11:09:15,168200.0,100,Sell,226970434
2024-07-29 11:09:30,168200.0,100,Buy,226970626
2024-07-29 11:09:33,168100.0,300,Sell,226970688
2024-07-29 11:09:35,168100.0,100,Sell,226970711
2024-07-29 11:09:39,168100.0,200,Sell,226970749
2024-07-29 11:09:39,168100.0,100,Sell,226970750
2024-07-29 11:09:43,168100.0,300,Sell,226970798
2024-07-29 11:09:44,168100.0,100,Sell,226970815
2024-07-29 11:09:48,168100.0,100,Sell,226970857
2024-07-29 11:09:57,168000.0,100,Sell,226971050
2024-07-29 11:09:59,168100.0,200,Buy,226971083
2024-07-29 11:09:59,168100.0,300,Buy,226971082
2024-07-29 11:10:16,168000.0,100,Sell,226971282
2024-07-29 11:10:36,168000.0,100,Sell,226971530
2024-07-29 11:10:38,168000.0,200,Sell,226971553
2024-07-29 11:10:38,168000.0,200,Sell,226971554
2024-07-29 11:10:38,168000.0,100,Sell,226971555
2024-07-29 11:10:38,168000.0,100,Sell,226971556
2024-07-29 11:10:38,168000.0,100,Sell,226971557
2024-07-29 11:10:38,168000.0,800,Sell,226971558
2024-07-29 11:10:38,168000.0,200,Sell,226971559
2024-07-29 11:10:38,168000.0,100,Sell,226971561
2024-07-29 11:10:38,168000.0,100,Sell,226971563
2024-07-29 11:10:38,168000.0,100,Sell,226971564
2024-07-29 11:10:38,167900.0,100,Sell,226971577
2024-07-29 11:10:38,167900.0,200,Sell,226971578
2024-07-29 11:10:38,168000.0,100,Sell,226971560
2024-07-29 11:10:38,168000.0,200,Sell,226971552
2024-07-29 11:10:38,168000.0,400,Sell,226971549
2024-07-29 11:10:38,168000.0,100,Sell,226971550
2024-07-29 11:10:38,168000.0,100,Sell,226971536
2024-07-29 11:10:38,168000.0,100,Sell,226971537
2024-07-29 11:10:38,168000.0,200,Sell,226971538
2024-07-29 11:10:38,168000.0,100,Sell,226971539
2024-07-29 11:10:38,168000.0,100,Sell,226971540
2024-07-29 11:10:38,168000.0,100,Sell,226971541
2024-07-29 11:10:38,168000.0,300,Sell,226971551
2024-07-29 11:10:38,168000.0,100,Sell,226971543
2024-07-29 11:10:38,168000.0,500,Sell,226971544
2024-07-29 11:10:38,168000.0,200,Sell,226971545
2024-07-29 11:10:38,168000.0,300,Sell,226971546
2024-07-29 11:10:38,168000.0,1000,Sell,226971547
2024-07-29 11:10:38,168000.0,1000,Sell,226971548
2024-07-29 11:10:38,168000.0,100,Sell,226971542
2024-07-29 11:11:21,167800.0,100,Sell,226972117
2024-07-29 11:11:21,167800.0,100,Sell,226972118
2024-07-29 11:11:22,167800.0,100,Sell,226972147
2024-07-29 11:11:22,167800.0,100,Sell,226972148
2024-07-29 11:11:36,168000.0,100,Buy,226972280
2024-07-29 11:11:38,167800.0,100,Sell,226972308
2024-07-29 11:12:01,167800.0,100,Sell,226972618
2024-07-29 11:12:07,167800.0,100,Sell,226972674
2024-07-29 11:13:23,167800.0,100,Sell,226973673
2024-07-29 11:13:59,167900.0,100,Sell,226974145
2024-07-29 11:15:15,168000.0,100,Buy,226975445
2024-07-29 11:15:38,168000.0,200,Buy,226975784
2024-07-29 11:15:38,168000.0,200,Buy,226975785
2024-07-29 11:15:40,168000.0,300,Sell,226975801
2024-07-29 11:15:45,168000.0,200,Sell,226975862
2024-07-29 11:15:51,168000.0,100,Sell,226975971
2024-07-29 11:15:57,168000.0,100,Sell,226976068
2024-07-29 11:15:58,168000.0,200,Sell,226976094
2024-07-29 11:16:22,168000.0,900,Buy,226976462
2024-07-29 11:16:22,168000.0,300,Buy,226976460
2024-07-29 11:16:22,168000.0,100,Buy,226976459
2024-07-29 11:16:22,168000.0,100,Buy,226976461
2024-07-29 11:16:37,168000.0,100,Sell,226976642
2024-07-29 11:16:41,168000.0,300,Sell,226976692
2024-07-29 11:16:48,168000.0,200,Sell,226976756
2024-07-29 11:17:38,168000.0,100,Buy,226977499
2024-07-29 11:18:23,167900.0,500,Sell,226978108
2024-07-29 11:18:23,167900.0,300,Sell,226978109
2024-07-29 11:18:23,167900.0,100,Sell,226978110
2024-07-29 11:18:23,167900.0,100,Sell,226978112
2024-07-29 11:18:23,167900.0,200,Sell,226978111
2024-07-29 11:18:54,168000.0,100,Buy,226978419
2024-07-29 11:19:21,168000.0,100,Buy,226978651
2024-07-29 11:21:27,168000.0,100,Buy,226979954
2024-07-29 11:22:46,168000.0,100,Buy,226980853
2024-07-29 11:23:08,168000.0,100,Buy,226981023
2024-07-29 11:23:34,168000.0,100,Buy,226981329
2024-07-29 11:24:27,167900.0,100,Sell,226982010
2024-07-29 11:24:27,167900.0,200,Sell,226982011
2024-07-29 11:24:28,167900.0,300,Sell,226982018
2024-07-29 11:24:45,167900.0,1000,Buy,226982169
2024-07-29 11:25:20,167800.0,200,Sell,226982597
2024-07-29 11:25:20,167800.0,500,Sell,226982598
2024-07-29 11:25:20,167800.0,300,Sell,226982599
2024-07-29 11:25:22,167800.0,300,Sell,226982627
2024-07-29 11:25:27,167800.0,300,Sell,226982665
2024-07-29 11:25:36,167800.0,300,Sell,226982735
2024-07-29 11:25:48,167800.0,300,Sell,226982877
2024-07-29 11:25:55,167800.0,300,Sell,226982957
2024-07-29 11:26:02,167800.0,300,Sell,226983027
2024-07-29 11:26:08,167800.0,300,Sell,226983077
2024-07-29 11:26:10,167800.0,1600,Sell,226983088
2024-07-29 11:26:10,167800.0,500,Sell,226983089
2024-07-29 11:26:10,167800.0,200,Sell,226983090
2024-07-29 11:26:10,167800.0,100,Sell,226983092
2024-07-29 11:26:10,167800.0,100,Sell,226983097
2024-07-29 11:26:10,167800.0,1000,Sell,226983096
2024-07-29 11:26:10,167800.0,100,Sell,226983091
2024-07-29 11:26:10,167800.0,100,Sell,226983094
2024-07-29 11:26:10,167800.0,200,Sell,226983095
2024-07-29 11:26:10,167800.0,100,Sell,226983093
2024-07-29 11:26:26,167800.0,100,Sell,226983349
2024-07-29 11:26:36,167800.0,100,Sell,226983452
2024-07-29 11:26:36,167800.0,100,Sell,226983451
2024-07-29 11:27:11,167800.0,100,Sell,226983831
2024-07-29 11:28:29,167800.0,200,Buy,226984662
2024-07-29 11:28:31,167800.0,300,Sell,226984689
2024-07-29 11:28:40,167800.0,300,Sell,226984785
2024-07-29 11:28:47,167800.0,100,Sell,226984854
2024-07-29 12:59:39,167800.0,100,Buy,226986395
2024-07-29 12:59:41,167800.0,100,Buy,226987245
2024-07-29 12:59:41,167800.0,100,Buy,226987246
2024-07-29 13:00:35,167700.0,100,Sell,226989879
2024-07-29 13:00:35,167700.0,100,Sell,226989880
2024-07-29 13:00:37,167700.0,100,Sell,226989931
2024-07-29 13:00:40,167700.0,100,Sell,226990015
2024-07-29 13:00:40,167700.0,300,Sell,226990016
2024-07-29 13:00:56,167600.0,100,Sell,226990358
2024-07-29 13:01:05,167600.0,100,Sell,226990557
2024-07-29 13:01:05,167600.0,900,Sell,226990556
2024-07-29 13:01:07,167600.0,400,Sell,226990616
2024-07-29 13:01:07,167600.0,100,Sell,226990617
2024-07-29 13:01:07,167600.0,100,Sell,226990618
2024-07-29 13:01:07,167600.0,200,Sell,226990619
2024-07-29 13:01:07,167600.0,300,Sell,226990620
2024-07-29 13:01:16,167500.0,100,Sell,226990812
2024-07-29 13:01:35,167500.0,100,Sell,226991224
2024-07-29 13:01:35,167500.0,300,Sell,226991223
2024-07-29 13:01:35,167500.0,100,Sell,226991222
2024-07-29 13:01:35,167500.0,500,Sell,226991219
2024-07-29 13:01:35,167500.0,1000,Sell,226991218
2024-07-29 13:01:35,167500.0,100,Sell,226991221
2024-07-29 13:01:35,167500.0,500,Sell,226991216
2024-07-29 13:01:35,167500.0,200,Sell,226991217
2024-07-29 13:01:35,167500.0,100,Sell,226991212
2024-07-29 13:01:35,167500.0,100,Sell,226991213
2024-07-29 13:01:35,167500.0,200,Sell,226991220
2024-07-29 13:01:35,167500.0,100,Sell,226991215
2024-07-29 13:01:35,167500.0,100,Sell,226991214
2024-07-29 13:01:36,167200.0,100,Sell,226991242
2024-07-29 13:01:37,167200.0,100,Sell,226991299
2024-07-29 13:01:56,167200.0,100,Sell,226991668
2024-07-29 13:02:16,167200.0,100,Sell,226992113
2024-07-29 13:02:36,167200.0,100,Sell,226992605
2024-07-29 13:02:37,167200.0,500,Sell,226992615
2024-07-29 13:02:37,167200.0,100,Sell,226992616
2024-07-29 13:02:37,167200.0,200,Sell,226992617
2024-07-29 13:02:38,167200.0,300,Buy,226992638
2024-07-29 13:02:39,167100.0,100,Sell,226992640
2024-07-29 13:02:39,167200.0,1000,Buy,226992646
2024-07-29 13:02:56,167100.0,100,Sell,226993135
2024-07-29 13:03:16,167100.0,100,Sell,226993528
2024-07-29 13:03:36,167100.0,100,Sell,226993897
2024-07-29 13:03:40,167100.0,100,Sell,226993979
2024-07-29 13:03:56,167100.0,600,Sell,226994515
2024-07-29 13:03:57,167100.0,100,Sell,226994530
2024-07-29 13:04:17,167100.0,100,Sell,226995006
2024-07-29 13:04:18,167200.0,500,Buy,226995033
2024-07-29 13:04:33,167200.0,100,Buy,226995397
2024-07-29 13:04:37,167100.0,100,Sell,226995442
2024-07-29 13:04:41,167100.0,100,Sell,226995539
2024-07-29 13:04:44,167200.0,100,Buy,226995582
2024-07-29 13:04:50,167200.0,100,Buy,226995714
2024-07-29 13:04:53,167200.0,200,Buy,226995794
2024-07-29 13:04:55,167200.0,200,Buy,226995832
2024-07-29 13:04:55,167200.0,100,Buy,226995833
2024-07-29 13:04:57,167100.0,100,Sell,226995937
2024-07-29 13:05:00,167200.0,100,Buy,226996011
2024-07-29 13:05:02,167100.0,1200,Sell,226996040
2024-07-29 13:05:02,167100.0,200,Sell,226996039
2024-07-29 13:05:04,167200.0,200,Buy,226996115
2024-07-29 13:05:08,167200.0,100,Buy,226996228
2024-07-29 13:05:08,167200.0,100,Buy,226996227
2024-07-29 13:05:17,167100.0,100,Sell,226996438
2024-07-29 13:05:30,167200.0,100,Buy,226996715
2024-07-29 13:05:37,167200.0,100,Sell,226996841
2024-07-29 13:05:42,167200.0,100,Sell,226996956
2024-07-29 13:05:57,167200.0,100,Sell,226997208
2024-07-29 13:06:17,167300.0,100,Sell,226997601
2024-07-29 13:06:37,167300.0,100,Sell,226998100
2024-07-29 13:06:43,167200.0,100,Sell,226998239
2024-07-29 13:06:49,167300.0,100,Buy,226998354
2024-07-29 13:06:58,167300.0,100,Sell,226998546
2024-07-29 13:07:18,167200.0,100,Sell,226999068
2024-07-29 13:07:38,167200.0,100,Sell,226999548
2024-07-29 13:07:45,167200.0,100,Sell,226999705
2024-07-29 13:07:58,167200.0,100,Sell,226999989
2024-07-29 13:08:18,167200.0,100,Sell,227000348
2024-07-29 13:08:27,167200.0,100,Sell,227000512
2024-07-29 13:08:27,167200.0,100,Sell,227000511
2024-07-29 13:08:38,167200.0,100,Sell,227000856
2024-07-29 13:08:46,167200.0,100,Sell,227001023
2024-07-29 13:08:58,167200.0,100,Sell,227001294
2024-07-29 13:09:18,167200.0,100,Sell,227001840
2024-07-29 13:09:28,167200.0,100,Sell,227002060
2024-07-29 13:09:28,167200.0,100,Sell,227002061
2024-07-29 13:09:28,167200.0,100,Sell,227002062
2024-07-29 13:09:28,167200.0,100,Sell,227002063
2024-07-29 13:09:28,167200.0,100,Sell,227002064
2024-07-29 13:09:28,167200.0,100,Sell,227002065
2024-07-29 13:09:38,167300.0,100,Sell,227002339
2024-07-29 13:09:48,167200.0,100,Sell,227002542
2024-07-29 13:09:59,167200.0,100,Sell,227002900
2024-07-29 13:10:19,167200.0,100,Sell,227003349
2024-07-29 13:10:27,167200.0,200,Sell,227003474
2024-07-29 13:10:39,167200.0,100,Sell,227003904
2024-07-29 13:10:50,167200.0,100,Sell,227004137
2024-07-29 13:10:59,167200.0,100,Sell,227004364
2024-07-29 13:11:19,167300.0,100,Sell,227004849
2024-07-29 13:11:39,167300.0,300,Sell,227005364
2024-07-29 13:11:39,167300.0,100,Sell,227005365
2024-07-29 13:11:39,167300.0,100,Sell,227005366
2024-07-29 13:11:51,167300.0,100,Sell,227005638
2024-07-29 13:11:59,167300.0,100,Sell,227005845
2024-07-29 13:12:19,167300.0,100,Sell,227006308
2024-07-29 13:12:39,167300.0,100,Sell,227006739
2024-07-29 13:12:40,167300.0,100,Sell,227006752
2024-07-29 13:12:40,167300.0,100,Sell,227006751
2024-07-29 13:12:40,167300.0,100,Sell,227006753
2024-07-29 13:12:40,167300.0,100,Sell,227006749
2024-07-29 13:12:40,167400.0,100,Sell,227006748
2024-07-29 13:12:40,167300.0,200,Sell,227006750
2024-07-29 13:12:42,167200.0,100,Sell,227006788
2024-07-29 13:12:42,167200.0,100,Sell,227006787
2024-07-29 13:12:42,167200.0,100,Sell,227006786
2024-07-29 13:12:42,167200.0,100,Sell,227006785
2024-07-29 13:12:42,167200.0,100,Sell,227006784
2024-07-29 13:12:42,167200.0,100,Sell,227006782
2024-07-29 13:12:42,167200.0,300,Sell,227006781
2024-07-29 13:12:42,167200.0,200,Sell,227006780
2024-07-29 13:12:42,167200.0,500,Sell,227006779
2024-07-29 13:12:42,167200.0,100,Sell,227006783
2024-07-29 13:12:42,167200.0,200,Sell,227006778
2024-07-29 13:12:53,167200.0,100,Sell,227007082
2024-07-29 13:12:57,167200.0,100,Sell,227007204
2024-07-29 13:12:57,167300.0,100,Sell,227007202
2024-07-29 13:12:57,167200.0,300,Sell,227007203
2024-07-29 13:12:59,167200.0,1000,Buy,227007241
2024-07-29 13:13:00,167100.0,100,Sell,227007261
2024-07-29 13:13:20,167200.0,100,Sell,227007874
2024-07-29 13:13:40,167200.0,100,Sell,227008269
2024-07-29 13:13:55,167200.0,100,Sell,227008633
2024-07-29 13:14:00,167200.0,100,Sell,227008738
2024-07-29 13:14:14,167200.0,100,Sell,227009086
2024-07-29 13:14:14,167200.0,100,Sell,227009087
2024-07-29 13:14:20,167100.0,100,Sell,227009241
2024-07-29 13:14:40,167100.0,100,Sell,227009826
2024-07-29 13:14:58,167100.0,100,Sell,227010251
2024-07-29 13:15:00,167100.0,100,Sell,227010302
2024-07-29 13:15:21,167100.0,100,Sell,227010847
2024-07-29 13:15:36,167200.0,100,Sell,227011229
2024-07-29 13:15:40,167200.0,100,Sell,227011325
2024-07-29 13:16:00,167200.0,100,Sell,227011816
2024-07-29 13:16:01,167200.0,100,Sell,227011834
2024-07-29 13:16:21,167300.0,100,Sell,227012260
2024-07-29 13:16:41,167400.0,100,Sell,227012743
2024-07-29 13:17:01,167300.0,100,Sell,227013274
2024-07-29 13:17:02,167300.0,100,Sell,227013296
2024-07-29 13:17:21,167400.0,100,Sell,227013688
2024-07-29 13:17:31,167400.0,200,Sell,227013895
2024-07-29 13:17:41,167400.0,100,Sell,227014134
2024-07-29 13:17:42,167500.0,100,Buy,227014143
2024-07-29 13:18:01,167600.0,100,Sell,227014582
2024-07-29 13:18:01,167600.0,100,Sell,227014602
2024-07-29 13:18:05,167600.0,100,Sell,227014680
2024-07-29 13:18:21,167600.0,100,Sell,227015076
2024-07-29 13:18:24,167600.0,100,Sell,227015137
2024-07-29 13:18:42,167400.0,100,Sell,227015487
2024-07-29 13:18:46,167600.0,100,Buy,227015574
2024-07-29 13:19:02,167400.0,100,Sell,227015932
2024-07-29 13:19:08,167400.0,100,Sell,227016074
2024-07-29 13:19:17,167400.0,500,Sell,227016334
2024-07-29 13:19:17,167400.0,300,Sell,227016335
2024-07-29 13:19:17,167300.0,700,Sell,227016336
2024-07-29 13:19:22,167300.0,100,Sell,227016453
2024-07-29 13:19:42,167400.0,100,Sell,227016955
2024-07-29 13:20:02,167300.0,100,Sell,227017394
2024-07-29 13:20:10,167300.0,100,Sell,227017564
2024-07-29 13:20:22,167400.0,100,Sell,227017818
2024-07-29 13:20:42,167300.0,100,Sell,227018257
2024-07-29 13:21:02,167300.0,100,Sell,227018648
2024-07-29 13:21:13,167300.0,100,Sell,227018844
2024-07-29 13:21:22,167300.0,100,Sell,227019011
2024-07-29 13:21:26,167800.0,100,Buy,227019111
2024-07-29 13:21:43,167300.0,100,Sell,227019484
2024-07-29 13:21:48,167300.0,100,Sell,227019590
2024-07-29 13:21:49,167300.0,100,Buy,227019660
2024-07-29 13:22:03,167300.0,100,Sell,227019947
2024-07-29 13:22:16,167200.0,100,Sell,227020193
2024-07-29 13:22:23,167200.0,100,Sell,227020310
2024-07-29 13:22:26,167300.0,200,Buy,227020354
2024-07-29 13:22:43,167300.0,100,Sell,227020631
2024-07-29 13:23:03,167400.0,100,Sell,227021028
2024-07-29 13:23:19,167300.0,100,Sell,227021366
2024-07-29 13:23:23,167300.0,100,Sell,227021513
2024-07-29 13:23:43,167300.0,100,Sell,227021893
2024-07-29 13:24:04,167300.0,100,Sell,227022460
2024-07-29 13:24:22,167300.0,100,Sell,227022833
2024-07-29 13:24:24,167300.0,100,Sell,227022873
2024-07-29 13:24:44,167300.0,100,Sell,227023272
2024-07-29 13:25:04,167300.0,100,Sell,227023909
2024-07-29 13:25:24,167300.0,100,Sell,227024378
2024-07-29 13:25:25,167300.0,100,Sell,227024460
2024-07-29 13:25:35,167300.0,100,Sell,227024762
2024-07-29 13:25:44,167400.0,200,Sell,227024966
2024-07-29 13:26:04,167400.0,200,Sell,227025475
2024-07-29 13:26:24,167400.0,200,Sell,227025966
2024-07-29 13:26:28,167400.0,100,Sell,227026053
2024-07-29 13:26:44,167400.0,200,Sell,227026348
2024-07-29 13:26:57,167400.0,100,Sell,227026625
2024-07-29 13:26:57,167300.0,400,Sell,227026626
2024-07-29 13:27:05,167400.0,100,Sell,227026786
2024-07-29 13:27:05,167300.0,100,Sell,227026787
2024-07-29 13:27:25,167400.0,100,Sell,227027204
2024-07-29 13:27:25,167300.0,100,Sell,227027205
2024-07-29 13:27:32,167300.0,100,Sell,227027434
2024-07-29 13:27:45,167300.0,100,Sell,227027682
2024-07-29 13:27:45,167300.0,100,Sell,227027683
2024-07-29 13:28:00,167700.0,100,Buy,227028014
2024-07-29 13:28:05,167400.0,100,Sell,227028158
2024-07-29 13:28:05,167300.0,100,Sell,227028159
2024-07-29 13:28:25,167300.0,100,Sell,227028538
2024-07-29 13:28:25,167300.0,100,Sell,227028539
2024-07-29 13:28:36,167400.0,100,Sell,227028796
2024-07-29 13:28:45,167300.0,100,Sell,227029042
2024-07-29 13:28:45,167300.0,100,Sell,227029043
2024-07-29 13:29:05,167400.0,100,Sell,227029677
2024-07-29 13:29:05,167400.0,100,Sell,227029678
2024-07-29 13:29:06,167700.0,100,Buy,227029692
2024-07-29 13:29:25,167300.0,200,Sell,227030440
2024-07-29 13:29:36,167700.0,100,Buy,227030693
2024-07-29 13:29:37,167700.0,100,Buy,227030716
2024-07-29 13:29:40,167300.0,100,Sell,227030816
2024-07-29 13:29:46,167300.0,200,Sell,227030951
2024-07-29 13:30:06,167400.0,200,Sell,227031290
2024-07-29 13:30:11,167400.0,400,Buy,227031391
2024-07-29 13:30:26,167400.0,100,Sell,227031713
2024-07-29 13:30:26,167300.0,100,Sell,227031714
2024-07-29 13:30:43,167300.0,100,Sell,227032175
2024-07-29 13:30:46,167300.0,200,Sell,227032256
2024-07-29 13:31:06,167400.0,100,Sell,227032915
2024-07-29 13:31:06,167300.0,100,Sell,227032922
2024-07-29 13:31:26,167400.0,100,Sell,227033547
2024-07-29 13:31:26,167400.0,100,Sell,227033548
2024-07-29 13:31:46,167400.0,200,Sell,227034163
2024-07-29 13:31:47,167400.0,100,Sell,227034192
2024-07-29 13:32:06,167400.0,100,Sell,227034715
2024-07-29 13:32:06,167400.0,100,Sell,227034714
2024-07-29 13:32:26,167300.0,200,Sell,227035102
2024-07-29 13:32:47,167400.0,100,Sell,227035607
2024-07-29 13:32:47,167400.0,100,Sell,227035608
2024-07-29 13:32:51,167400.0,100,Sell,227035702
2024-07-29 13:33:07,167400.0,200,Sell,227036087
2024-07-29 13:33:09,167400.0,200,Sell,227036121
2024-07-29 13:33:27,167300.0,200,Sell,227036557
2024-07-29 13:33:47,167400.0,200,Sell,227037108
2024-07-29 13:33:56,167400.0,100,Sell,227037322
2024-07-29 13:34:07,167400.0,100,Sell,227037623
2024-07-29 13:34:07,167400.0,100,Sell,227037624
2024-07-29 13:34:27,167400.0,200,Sell,227038193
2024-07-29 13:34:47,167400.0,200,Sell,227038705
2024-07-29 13:35:00,167400.0,100,Sell,227039074
2024-07-29 13:35:08,167400.0,100,Sell,227039298
2024-07-29 13:35:08,167400.0,100,Sell,227039296
2024-07-29 13:35:28,167400.0,200,Sell,227039794
2024-07-29 13:35:48,167400.0,200,Sell,227040272
2024-07-29 13:36:05,167400.0,100,Sell,227040748
2024-07-29 13:36:08,167400.0,200,Sell,227040884
2024-07-29 13:36:28,167400.0,100,Sell,227041353
2024-07-29 13:36:28,167400.0,100,Sell,227041354
2024-07-29 13:36:48,167400.0,200,Sell,227041839
2024-07-29 13:36:56,167400.0,100,Sell,227042008
2024-07-29 13:37:07,167700.0,200,Buy,227042251
2024-07-29 13:37:09,167500.0,200,Sell,227042281
2024-07-29 13:37:10,167500.0,100,Sell,227042316
2024-07-29 13:37:26,167500.0,200,Sell,227042834
2024-07-29 13:37:26,167500.0,100,Sell,227042835
2024-07-29 13:37:29,167500.0,200,Sell,227042934
2024-07-29 13:37:48,167500.0,200,Sell,227043362
2024-07-29 13:37:49,167500.0,200,Sell,227043369
2024-07-29 13:38:09,167600.0,100,Sell,227043864
2024-07-29 13:38:09,167600.0,100,Sell,227043863
2024-07-29 13:38:14,167500.0,100,Sell,227044067
2024-07-29 13:38:29,167500.0,200,Sell,227044426
2024-07-29 13:38:49,167600.0,200,Sell,227044996
2024-07-29 13:39:05,167700.0,200,Buy,227045345
2024-07-29 13:39:09,167600.0,200,Sell,227045465
2024-07-29 13:39:19,167700.0,100,Sell,227045821
2024-07-29 13:39:23,167800.0,100,Buy,227045910
2024-07-29 13:39:29,167700.0,100,Sell,227046050
2024-07-29 13:39:29,167600.0,100,Sell,227046051
2024-07-29 13:39:49,167600.0,200,Sell,227046684
2024-07-29 13:40:06,167800.0,100,Buy,227047391
2024-07-29 13:40:10,167600.0,200,Sell,227047472
2024-07-29 13:40:25,167600.0,100,Sell,227047933
2024-07-29 13:40:30,167600.0,200,Sell,227048097
2024-07-29 13:40:43,167600.0,200,Sell,227048486
2024-07-29 13:40:50,167600.0,200,Sell,227048687
2024-07-29 13:41:10,167600.0,100,Sell,227049317
2024-07-29 13:41:10,167600.0,100,Sell,227049316
2024-07-29 13:41:30,167600.0,200,Sell,227050000
2024-07-29 13:41:30,167600.0,100,Sell,227050009
2024-07-29 13:41:50,167700.0,100,Sell,227050787
2024-07-29 13:41:50,167600.0,100,Sell,227050788
2024-07-29 13:42:10,167700.0,200,Sell,227051365
2024-07-29 13:42:26,167800.0,100,Buy,227051856
2024-07-29 13:42:30,167700.0,200,Sell,227051989
2024-07-29 13:42:36,167800.0,100,Sell,227052142
2024-07-29 13:42:50,167800.0,200,Sell,227052761
2024-07-29 13:42:55,167900.0,200,Buy,227052927
2024-07-29 13:42:59,167900.0,100,Buy,227053042
2024-07-29 13:43:11,167900.0,200,Sell,227053342
2024-07-29 13:43:11,168000.0,100,Buy,227053374
2024-07-29 13:43:14,167900.0,100,Sell,227053450
2024-07-29 13:43:31,167900.0,200,Sell,227053947
2024-07-29 13:43:42,167900.0,100,Sell,227054216
2024-07-29 13:43:51,167900.0,200,Sell,227054461
2024-07-29 13:44:08,168000.0,100,Buy,227054949
2024-07-29 13:44:11,167900.0,100,Sell,227055003
2024-07-29 13:44:11,167900.0,100,Sell,227055004
2024-07-29 13:44:29,167900.0,100,Sell,227055634
2024-07-29 13:44:31,168000.0,100,Buy,227055720
2024-07-29 13:44:31,167900.0,200,Sell,227055794
2024-07-29 13:44:33,168000.0,100,Buy,227055833
2024-07-29 13:44:39,168000.0,100,Buy,227056021
2024-07-29 13:44:45,168000.0,100,Buy,227056182
2024-07-29 13:44:45,168000.0,200,Buy,227056183
2024-07-29 13:44:48,167900.0,100,Sell,227056288
2024-07-29 13:44:51,167900.0,200,Sell,227056391
2024-07-29 13:45:11,167900.0,200,Sell,227057016
2024-07-29 13:45:32,167900.0,100,Sell,227057631
2024-07-29 13:45:32,167900.0,100,Sell,227057632
2024-07-29 13:45:52,167900.0,100,Sell,227058246
2024-07-29 13:45:52,167900.0,100,Sell,227058247
2024-07-29 13:45:54,167900.0,100,Sell,227058326
2024-07-29 13:46:07,168000.0,100,Buy,227058719
2024-07-29 13:46:11,168000.0,800,Buy,227058837
2024-07-29 13:46:11,168000.0,200,Buy,227058836
2024-07-29 13:46:12,167900.0,200,Sell,227058906
2024-07-29 13:46:32,167900.0,200,Sell,227059565
2024-07-29 13:46:52,167900.0,200,Sell,227060123
2024-07-29 13:47:00,167900.0,100,Sell,227060343
2024-07-29 13:47:12,167900.0,200,Sell,227060721
2024-07-29 13:47:32,167900.0,200,Sell,227061371
2024-07-29 13:47:53,167900.0,200,Sell,227062033
2024-07-29 13:48:07,167900.0,100,Sell,227062431
2024-07-29 13:48:13,167900.0,200,Sell,227062560
2024-07-29 13:48:16,167900.0,200,Sell,227062670
2024-07-29 13:48:33,167900.0,100,Sell,227063224
2024-07-29 13:48:33,167900.0,100,Sell,227063225
2024-07-29 13:48:53,167900.0,100,Sell,227063831
2024-07-29 13:48:53,167800.0,100,Sell,227063832
2024-07-29 13:49:13,167800.0,200,Sell,227064350
2024-07-29 13:49:14,167800.0,100,Sell,227064364
2024-07-29 13:49:33,167800.0,200,Sell,227064910
2024-07-29 13:49:37,167800.0,900,Sell,227065043
2024-07-29 13:49:37,167800.0,100,Sell,227065042
2024-07-29 13:49:54,167800.0,100,Sell,227065518
2024-07-29 13:49:54,167800.0,100,Sell,227065519
2024-07-29 13:49:59,167900.0,100,Buy,227065655
2024-07-29 13:50:13,167700.0,200,Sell,227066034
2024-07-29 13:50:20,167700.0,100,Sell,227066316
2024-07-29 13:50:34,167700.0,200,Sell,227066657
2024-07-29 13:50:54,167700.0,200,Sell,227067133
2024-07-29 13:51:14,167700.0,200,Sell,227067741
2024-07-29 13:51:28,167700.0,100,Sell,227068171
2024-07-29 13:51:34,167700.0,200,Sell,227068345
2024-07-29 13:51:49,167600.0,100,Sell,227068718
2024-07-29 13:51:49,167600.0,200,Sell,227068719
2024-07-29 13:51:49,167600.0,100,Sell,227068720
2024-07-29 13:51:49,167600.0,100,Sell,227068721
2024-07-29 13:51:54,167600.0,200,Sell,227068890
2024-07-29 13:52:03,167600.0,100,Sell,227069112
2024-07-29 13:52:14,167600.0,200,Sell,227069432
2024-07-29 13:52:34,167600.0,200,Sell,227070040
2024-07-29 13:52:35,167600.0,100,Sell,227070061
2024-07-29 13:52:55,167600.0,200,Sell,227070549
2024-07-29 13:53:15,167600.0,200,Sell,227070945
2024-07-29 13:53:24,167800.0,100,Buy,227071152
2024-07-29 13:53:35,167600.0,200,Sell,227071384
2024-07-29 13:53:43,167600.0,100,Sell,227071591
2024-07-29 13:53:55,167600.0,200,Sell,227071921
2024-07-29 13:54:15,167600.0,200,Sell,227072447
2024-07-29 13:54:35,167700.0,200,Sell,227072950
2024-07-29 13:54:51,167700.0,100,Sell,227073303
2024-07-29 13:54:55,167700.0,200,Sell,227073379
2024-07-29 13:55:04,167700.0,100,Buy,227073593
2024-07-29 13:55:06,167700.0,200,Buy,227073629
2024-07-29 13:55:10,167700.0,300,Sell,227073720
2024-07-29 13:55:15,167700.0,200,Sell,227073821
2024-07-29 13:55:35,167700.0,200,Sell,227074291
2024-07-29 13:55:56,167600.0,200,Sell,227074905
2024-07-29 13:55:59,167700.0,300,Buy,227074971
2024-07-29 13:55:59,167700.0,500,Buy,227074972
2024-07-29 13:55:59,167700.0,300,Buy,227074973
2024-07-29 13:55:59,167600.0,100,Sell,227074992
2024-07-29 13:56:10,167800.0,100,Buy,227075247
2024-07-29 13:56:16,167600.0,200,Sell,227075367
2024-07-29 13:56:36,167600.0,200,Sell,227075781
2024-07-29 13:56:50,167600.0,200,Sell,227076129
2024-07-29 13:56:56,167600.0,200,Sell,227076364
2024-07-29 13:57:08,167600.0,100,Sell,227076594
2024-07-29 13:57:16,167600.0,200,Sell,227076764
2024-07-29 13:57:37,167600.0,200,Sell,227077190
2024-07-29 13:57:57,167700.0,200,Sell,227077821
2024-07-29 13:57:58,167600.0,100,Sell,227077855
2024-07-29 13:58:17,167600.0,200,Sell,227078324
2024-07-29 13:58:17,167600.0,100,Sell,227078344
2024-07-29 13:58:28,167800.0,100,Buy,227078598
2024-07-29 13:58:37,167600.0,200,Sell,227079064
2024-07-29 13:58:57,167600.0,300,Sell,227079617
2024-07-29 13:59:11,167800.0,400,Buy,227080007
2024-07-29 13:59:11,167800.0,200,Buy,227080008
2024-07-29 13:59:11,167800.0,300,Buy,227080009
2024-07-29 13:59:11,167900.0,100,Buy,227080010
2024-07-29 13:59:17,167700.0,100,Sell,227080131
2024-07-29 13:59:17,167600.0,200,Sell,227080132
2024-07-29 13:59:26,167600.0,100,Sell,227080293
2024-07-29 13:59:32,167600.0,200,Sell,227080725
2024-07-29 13:59:37,167600.0,200,Sell,227080865
2024-07-29 13:59:37,167600.0,200,Sell,227080866
2024-07-29 14:00:25,167900.0,300,Buy,227081932
2024-07-29 14:00:25,167900.0,300,Buy,227081931
2024-07-29 14:00:25,167900.0,200,Buy,227081929
2024-07-29 14:00:25,167800.0,600,Buy,227081928
2024-07-29 14:00:25,167900.0,300,Buy,227081930
2024-07-29 14:00:36,167900.0,100,Sell,227082206
2024-07-29 14:01:26,168000.0,200,Buy,227083359
2024-07-29 14:01:26,168000.0,200,Buy,227083360
2024-07-29 14:01:46,168000.0,200,Sell,227083990
2024-07-29 14:01:46,168000.0,100,Sell,227083999
2024-07-29 14:02:56,168100.0,100,Sell,227086451
2024-07-29 14:03:01,168700.0,100,Buy,227086575
2024-07-29 14:03:01,168700.0,300,Buy,227086576
2024-07-29 14:03:01,168800.0,500,Buy,227086577
2024-07-29 14:03:01,168800.0,300,Buy,227086578
2024-07-29 14:03:01,168800.0,300,Buy,227086579
2024-07-29 14:03:25,168800.0,100,Sell,227087293
2024-07-29 14:03:41,168900.0,200,Buy,227087935
2024-07-29 14:03:45,168900.0,700,Buy,227088044
2024-07-29 14:04:03,168900.0,300,Buy,227088738
2024-07-29 14:04:03,169000.0,1300,Buy,227088739
2024-07-29 14:04:03,169000.0,900,Buy,227088740
2024-07-29 14:04:07,168800.0,900,Sell,227088817
2024-07-29 14:04:07,168800.0,100,Sell,227088812
2024-07-29 14:04:20,168600.0,600,Buy,227089157
2024-07-29 14:04:20,168600.0,1500,Buy,227089158
2024-07-29 14:04:20,169000.0,400,Buy,227089159
2024-07-29 14:04:55,168900.0,200,Buy,227090185
2024-07-29 14:05:10,168900.0,100,Buy,227090595
2024-07-29 14:05:18,168700.0,100,Sell,227090866
2024-07-29 14:05:19,168900.0,1200,Buy,227090877
2024-07-29 14:06:30,168900.0,100,Sell,227092981
2024-07-29 14:06:33,168900.0,200,Sell,227093071
2024-07-29 14:06:40,168900.0,100,Sell,227093302
2024-07-29 14:07:04,168900.0,300,Sell,227094038
2024-07-29 14:07:24,168900.0,100,Sell,227094640
2024-07-29 14:07:41,168900.0,100,Sell,227095145
2024-07-29 14:08:13,168900.0,200,Sell,227096093
2024-07-29 14:08:26,168900.0,100,Sell,227096395
2024-07-29 14:08:50,169000.0,500,Buy,227097023
2024-07-29 14:08:50,169000.0,100,Buy,227097026
2024-07-29 14:08:50,169000.0,200,Buy,227097022
2024-07-29 14:08:50,169000.0,300,Buy,227097024
2024-07-29 14:08:50,169000.0,1400,Buy,227097025
2024-07-29 14:08:54,168900.0,100,Sell,227097105
2024-07-29 14:09:07,168900.0,100,Sell,227097440
2024-07-29 14:09:07,168900.0,100,Sell,227097441
2024-07-29 14:09:08,168900.0,100,Sell,227097478
2024-07-29 14:10:06,168900.0,100,Sell,227098919
2024-07-29 14:10:07,168900.0,200,Sell,227098934
2024-07-29 14:10:25,169000.0,100,Buy,227099323
2024-07-29 14:10:25,169000.0,400,Buy,227099324
2024-07-29 14:10:33,169000.0,300,Buy,227099578
2024-07-29 14:10:37,169000.0,100,Buy,227099672
2024-07-29 14:10:37,169000.0,500,Buy,227099673
2024-07-29 14:10:37,169000.0,300,Buy,227099670
2024-07-29 14:10:37,169000.0,200,Buy,227099671
2024-07-29 14:10:48,169000.0,100,Sell,227100011
2024-07-29 14:10:55,169200.0,100,Buy,227100205
2024-07-29 14:11:04,169200.0,100,Buy,227100473
2024-07-29 14:11:06,169000.0,900,Sell,227100531
2024-07-29 14:11:06,169000.0,500,Sell,227100532
2024-07-29 14:11:06,169000.0,100,Sell,227100533
2024-07-29 14:11:08,169300.0,700,Buy,227100563
2024-07-29 14:11:08,169200.0,1800,Buy,227100562
2024-07-29 14:11:16,169300.0,200,Buy,227100780
2024-07-29 14:11:17,169300.0,2000,Buy,227100795
2024-07-29 14:11:20,169300.0,100,Sell,227100868
2024-07-29 14:11:31,169300.0,100,Sell,227101108
2024-07-29 14:11:31,169000.0,100,Sell,227101109
2024-07-29 14:11:40,169000.0,2300,Buy,227101348
2024-07-29 14:11:44,169000.0,1000,Sell,227101427
2024-07-29 14:11:51,169000.0,500,Sell,227101606
2024-07-29 14:11:52,169000.0,200,Buy,227101626
2024-07-29 14:11:55,169000.0,100,Buy,227101709
2024-07-29 14:11:55,169000.0,200,Buy,227101703
2024-07-29 14:11:59,169000.0,100,Buy,227101804
2024-07-29 14:12:02,169000.0,1300,Buy,227101882
2024-07-29 14:12:18,169000.0,1600,Buy,227102218
2024-07-29 14:12:35,169000.0,100,Sell,227102687
2024-07-29 14:13:05,169000.0,300,Sell,227103416
2024-07-29 14:13:17,169000.0,100,Sell,227103821
2024-07-29 14:13:20,169000.0,300,Sell,227103915
2024-07-29 14:13:50,169000.0,100,Sell,227104669
2024-07-29 14:14:01,169000.0,100,Sell,227104932
2024-07-29 14:14:01,169000.0,100,Sell,227104933
2024-07-29 14:14:01,169000.0,100,Sell,227104934
2024-07-29 14:14:02,169000.0,200,Sell,227104947
2024-07-29 14:14:14,169000.0,2300,Buy,227105199
2024-07-29 14:14:14,169000.0,200,Buy,227105200
2024-07-29 14:14:48,169000.0,300,Buy,227106050
2024-07-29 14:14:48,169000.0,100,Buy,227106049
2024-07-29 14:15:07,168900.0,100,Sell,227106633
2024-07-29 14:15:15,169000.0,100,Buy,227106818
2024-07-29 14:15:18,168900.0,2000,Sell,227106892
2024-07-29 14:16:01,169000.0,100,Buy,227108266
2024-07-29 14:16:02,168900.0,2500,Sell,227108330
2024-07-29 14:16:24,168900.0,100,Sell,227108900
2024-07-29 14:16:39,168900.0,400,Sell,227109205
2024-07-29 14:17:02,168900.0,200,Sell,227109832
2024-07-29 14:17:04,168900.0,200,Sell,227109881
2024-07-29 14:17:39,168900.0,100,Sell,227110769
2024-07-29 14:17:41,168900.0,100,Sell,227110899
2024-07-29 14:17:57,169000.0,100,Buy,227111632
2024-07-29 14:18:16,169000.0,100,Buy,227112082
2024-07-29 14:19:01,168900.0,100,Sell,227113341
2024-07-29 14:19:18,168900.0,100,Sell,227113805
2024-07-29 14:19:30,169000.0,200,Buy,227114115
2024-07-29 14:19:30,169000.0,200,Buy,227114113
2024-07-29 14:19:30,169000.0,300,Buy,227114112
2024-07-29 14:19:30,169000.0,400,Buy,227114114
2024-07-29 14:19:48,169000.0,100,Buy,227114624
2024-07-29 14:19:50,168900.0,1000,Sell,227114676
2024-07-29 14:20:21,168900.0,100,Sell,227115716
2024-07-29 14:21:37,168900.0,100,Sell,227117797
2024-07-29 14:21:40,168900.0,300,Sell,227117850
2024-07-29 14:21:41,168900.0,100,Sell,227118053
2024-07-29 14:21:45,168900.0,100,Sell,227118148
2024-07-29 14:22:38,168900.0,500,Sell,227119823
2024-07-29 14:23:08,168900.0,100,Sell,227120706
2024-07-29 14:23:49,168900.0,100,Sell,227122122
2024-07-29 14:23:52,168900.0,100,Sell,227122183
2024-07-29 14:24:03,168900.0,100,Sell,227122467
2024-07-29 14:24:07,168900.0,1300,Sell,227122616
2024-07-29 14:24:39,168900.0,200,Sell,227123733
2024-07-29 14:24:41,168900.0,100,Sell,227123812
2024-07-29 14:27:01,168800.0,100,Sell,227129270
2024-07-29 14:27:25,168900.0,100,Buy,227130139
2024-07-29 14:27:25,168900.0,300,Buy,227130140
2024-07-29 14:27:25,168900.0,100,Buy,227130138
2024-07-29 14:27:31,168700.0,900,Sell,227130326
2024-07-29 14:27:32,168700.0,100,Sell,227130334
2024-07-29 14:28:16,168700.0,100,Buy,227132025
2024-07-29 14:28:21,168700.0,100,Buy,227132214
2024-07-29 14:28:54,168800.0,300,Buy,227133483
2024-07-29 14:29:15,168900.0,700,Buy,227134452
2024-07-29 14:29:15,168900.0,100,Buy,227134453
2024-07-29 14:29:15,169000.0,300,Buy,227134454
2024-07-29 14:29:15,169000.0,200,Buy,227134455
2024-07-29 14:29:20,168800.0,100,Sell,227134653
2024-07-29 14:29:24,169000.0,200,Buy,227134921
2024-07-29 14:44:38,169900.0,72200,ATO/ATC,227136055
