time,price,volume,match_type,id
2024-08-21 09:14:37,178000.0,32400,ATO/ATC,233327123
2024-08-21 09:14:40,178000.0,2100,Buy,233327430
2024-08-21 09:14:40,178000.0,1000,Buy,233327429
2024-08-21 09:14:40,178000.0,500,Buy,233327428
2024-08-21 09:14:40,178000.0,100,Buy,233327427
2024-08-21 09:14:40,178000.0,400,Buy,233327426
2024-08-21 09:14:40,178000.0,300,Buy,233327425
2024-08-21 09:14:40,178000.0,100,Buy,233327424
2024-08-21 09:14:40,178000.0,700,Buy,233327416
2024-08-21 09:14:40,178000.0,100,Buy,233327422
2024-08-21 09:14:40,178000.0,100,Buy,233327417
2024-08-21 09:14:40,178000.0,200,Buy,233327418
2024-08-21 09:14:40,178000.0,100,Buy,233327423
2024-08-21 09:14:40,178000.0,1000,Buy,233327420
2024-08-21 09:14:40,178000.0,800,Buy,233327419
2024-08-21 09:14:40,178000.0,100,Buy,233327421
2024-08-21 09:14:45,178000.0,6400,Buy,233327610
2024-08-21 09:14:47,178000.0,1500,Buy,233327708
2024-08-21 09:14:48,178000.0,300,Buy,233327734
2024-08-21 09:14:48,178000.0,200,Buy,233327735
2024-08-21 09:14:48,178000.0,100,Buy,233327750
2024-08-21 09:14:48,178000.0,1000,Buy,233327751
2024-08-21 09:14:49,178900.0,400,Buy,233327773
2024-08-21 09:14:49,178800.0,100,Buy,233327772
2024-08-21 09:14:49,178500.0,100,Buy,233327769
2024-08-21 09:14:49,178200.0,100,Buy,233327768
2024-08-21 09:14:49,178500.0,200,Buy,233327770
2024-08-21 09:14:49,178500.0,100,Buy,233327771
2024-08-21 09:14:50,178000.0,100,Buy,233327796
2024-08-21 09:14:58,178900.0,800,Buy,233328021
2024-08-21 09:14:58,178900.0,900,Buy,233328022
2024-08-21 09:15:01,178900.0,3200,Buy,233328072
2024-08-21 09:15:03,178900.0,100,Buy,233328159
2024-08-21 09:15:04,178900.0,800,Buy,233328212
2024-08-21 09:15:07,178900.0,100,Buy,233328290
2024-08-21 09:15:07,178900.0,100,Buy,233328288
2024-08-21 09:15:16,178900.0,100,Buy,233328551
2024-08-21 09:15:16,178900.0,500,Buy,233328552
2024-08-21 09:15:17,178900.0,200,Buy,233328567
2024-08-21 09:15:23,178800.0,1000,Buy,233328723
2024-08-21 09:15:23,178800.0,100,Buy,233328735
2024-08-21 09:15:26,178500.0,100,Sell,233328800
2024-08-21 09:15:30,178800.0,1900,Buy,233328995
2024-08-21 09:15:30,178800.0,100,Buy,233328996
2024-08-21 09:15:30,178800.0,3000,Buy,233328997
2024-08-21 09:15:30,178900.0,2000,Buy,233329010
2024-08-21 09:15:31,178500.0,100,Sell,233329023
2024-08-21 09:15:31,178500.0,900,Sell,233329022
2024-08-21 09:15:34,178800.0,100,Sell,233329118
2024-08-21 09:15:36,178900.0,800,Buy,233329178
2024-08-21 09:15:36,178900.0,600,Buy,233329179
2024-08-21 09:15:36,178900.0,400,Buy,233329180
2024-08-21 09:15:39,178900.0,1100,Buy,233329311
2024-08-21 09:15:39,178900.0,900,Buy,233329312
2024-08-21 09:15:39,178900.0,300,Buy,233329328
2024-08-21 09:15:39,178900.0,200,Buy,233329329
2024-08-21 09:15:42,178900.0,100,Sell,233329399
2024-08-21 09:15:42,178900.0,200,Sell,233329380
2024-08-21 09:15:42,178900.0,800,Sell,233329379
2024-08-21 09:15:43,179000.0,500,Buy,233329428
2024-08-21 09:15:43,179000.0,500,Buy,233329415
2024-08-21 09:15:43,179000.0,200,Buy,233329416
2024-08-21 09:15:43,179000.0,200,Buy,233329417
2024-08-21 09:15:44,179000.0,1400,Buy,233329466
2024-08-21 09:15:44,179000.0,1000,Buy,233329465
2024-08-21 09:15:44,179000.0,300,Buy,233329464
2024-08-21 09:15:44,179000.0,300,Buy,233329463
2024-08-21 09:15:44,179000.0,1000,Buy,233329461
2024-08-21 09:15:44,179000.0,300,Buy,233329462
2024-08-21 09:15:44,179000.0,100,Buy,233329459
2024-08-21 09:15:44,179000.0,900,Buy,233329458
2024-08-21 09:15:44,178900.0,300,Buy,233329457
2024-08-21 09:15:44,178800.0,300,Sell,233329450
2024-08-21 09:15:44,178800.0,900,Sell,233329449
2024-08-21 09:15:44,178900.0,100,Sell,233329448
2024-08-21 09:15:44,179000.0,200,Buy,233329460
2024-08-21 09:15:45,179000.0,700,Buy,233329582
2024-08-21 09:15:47,179000.0,1500,Buy,233329654
2024-08-21 09:15:47,179000.0,300,Buy,233329659
2024-08-21 09:15:48,179000.0,100,Buy,233329689
2024-08-21 09:15:48,179000.0,100,Buy,233329688
2024-08-21 09:15:48,179000.0,1100,Buy,233329687
2024-08-21 09:15:49,178900.0,1000,Sell,233329809
2024-08-21 09:15:49,179500.0,200,Buy,233329824
2024-08-21 09:15:51,179000.0,100,Sell,233329850
2024-08-21 09:15:56,179100.0,400,Sell,233329987
2024-08-21 09:15:56,179000.0,1000,Sell,233329988
2024-08-21 09:15:56,179000.0,800,Sell,233329989
2024-08-21 09:15:56,179000.0,1800,Sell,233329990
2024-08-21 09:15:56,179000.0,200,Sell,233329991
2024-08-21 09:15:56,179000.0,800,Sell,233329992
2024-08-21 09:16:01,179100.0,800,Sell,233330225
2024-08-21 09:16:01,179000.0,200,Sell,233330226
2024-08-21 09:16:04,179000.0,100,Sell,233330310
2024-08-21 09:16:06,179400.0,1000,Buy,233330430
2024-08-21 09:16:09,179400.0,500,Sell,233330543
2024-08-21 09:16:09,179400.0,500,Sell,233330552
2024-08-21 09:16:12,179500.0,200,Buy,233330628
2024-08-21 09:16:13,179500.0,100,Buy,233330713
2024-08-21 09:16:13,179500.0,200,Buy,233330714
2024-08-21 09:16:14,179500.0,300,Buy,233330746
2024-08-21 09:16:14,179400.0,100,Sell,233330740
2024-08-21 09:16:14,179400.0,1000,Sell,233330741
2024-08-21 09:16:16,179500.0,200,Sell,233330807
2024-08-21 09:16:17,179600.0,400,Sell,233330840
2024-08-21 09:16:17,179500.0,600,Sell,233330841
2024-08-21 09:16:22,179800.0,500,Buy,233331027
2024-08-21 09:16:22,179800.0,100,Buy,233331028
2024-08-21 09:16:22,179800.0,500,Buy,233331029
2024-08-21 09:16:22,179900.0,1900,Buy,233331030
2024-08-21 09:16:22,179500.0,200,Sell,233331044
2024-08-21 09:16:26,179900.0,200,Sell,233331173
2024-08-21 09:16:26,179900.0,500,Buy,233331172
2024-08-21 09:16:26,179900.0,100,Buy,233331171
2024-08-21 09:16:26,179700.0,200,Buy,233331169
2024-08-21 09:16:26,179800.0,200,Sell,233331154
2024-08-21 09:16:26,179800.0,100,Sell,233331153
2024-08-21 09:16:26,179900.0,100,Buy,233331170
2024-08-21 09:16:27,179900.0,100,Sell,233331205
2024-08-21 09:16:28,180000.0,300,Buy,233331294
2024-08-21 09:16:28,180000.0,300,Buy,233331297
2024-08-21 09:16:28,180000.0,100,Buy,233331296
2024-08-21 09:16:28,180000.0,300,Buy,233331295
2024-08-21 09:16:28,180000.0,100,Buy,233331293
2024-08-21 09:16:28,180000.0,200,Buy,233331269
2024-08-21 09:16:28,180000.0,300,Buy,233331291
2024-08-21 09:16:28,179600.0,800,Sell,233331230
2024-08-21 09:16:28,179700.0,200,Sell,233331229
2024-08-21 09:16:28,179900.0,800,Sell,233331228
2024-08-21 09:16:28,180000.0,200,Buy,233331292
2024-08-21 09:16:31,179700.0,5000,Buy,233331355
2024-08-21 09:16:32,180000.0,700,Buy,233331407
2024-08-21 09:16:32,180000.0,300,Buy,233331408
2024-08-21 09:16:33,179500.0,300,Sell,233331453
2024-08-21 09:16:34,180000.0,100,Buy,233331471
2024-08-21 09:16:36,180000.0,200,Buy,233331544
2024-08-21 09:16:36,179600.0,100,Buy,233331543
2024-08-21 09:16:38,180000.0,400,Buy,233331610
2024-08-21 09:16:38,180000.0,100,Buy,233331611
2024-08-21 09:16:38,180000.0,300,Buy,233331612
2024-08-21 09:16:38,180000.0,200,Buy,233331613
2024-08-21 09:16:39,180000.0,100,Buy,233331658
2024-08-21 09:16:39,180000.0,500,Buy,233331659
2024-08-21 09:16:39,180000.0,400,Buy,233331616
2024-08-21 09:16:39,180000.0,100,Buy,233331657
2024-08-21 09:16:40,179600.0,400,Sell,233331714
2024-08-21 09:16:41,180000.0,200,Buy,233331728
2024-08-21 09:16:42,180000.0,300,Buy,233331751
2024-08-21 09:16:42,180000.0,200,Buy,233331752
2024-08-21 09:16:42,180000.0,200,Buy,233331753
2024-08-21 09:16:42,180000.0,200,Buy,233331754
2024-08-21 09:16:42,180000.0,100,Buy,233331755
2024-08-21 09:16:42,180000.0,500,Buy,233331756
2024-08-21 09:16:42,180000.0,300,Buy,233331757
2024-08-21 09:16:42,180000.0,100,Buy,233331775
2024-08-21 09:16:44,180000.0,300,Buy,233331859
2024-08-21 09:16:44,180000.0,1000,Buy,233331858
2024-08-21 09:16:44,180000.0,500,Buy,233331857
2024-08-21 09:16:44,180000.0,500,Buy,233331831
2024-08-21 09:16:44,179600.0,400,Sell,233331816
2024-08-21 09:16:44,180000.0,300,Buy,233331829
2024-08-21 09:16:44,180000.0,100,Buy,233331828
2024-08-21 09:16:44,179600.0,2200,Buy,233331827
2024-08-21 09:16:44,179600.0,500,Buy,233331826
2024-08-21 09:16:44,180000.0,100,Buy,233331830
2024-08-21 09:16:45,179900.0,500,Buy,233331879
2024-08-21 09:16:45,180000.0,100,Buy,233331864
2024-08-21 09:16:45,180000.0,100,Buy,233331865
2024-08-21 09:16:45,180000.0,500,Buy,233331866
2024-08-21 09:16:46,180000.0,100,Buy,233331895
2024-08-21 09:16:47,180000.0,500,Buy,233331907
2024-08-21 09:16:49,181000.0,500,Buy,233332010
2024-08-21 09:16:49,181000.0,100,Buy,233332011
2024-08-21 09:16:49,181000.0,500,Buy,233332012
2024-08-21 09:16:49,181300.0,500,Buy,233332013
2024-08-21 09:16:49,181400.0,300,Buy,233332014
2024-08-21 09:16:49,182000.0,100,Buy,233332015
2024-08-21 09:16:49,182000.0,100,Buy,233332017
2024-08-21 09:16:49,182000.0,200,Buy,233332018
2024-08-21 09:16:49,182000.0,100,Buy,233332019
2024-08-21 09:16:49,181000.0,100,Buy,233332009
2024-08-21 09:16:49,182000.0,1000,Buy,233332020
2024-08-21 09:16:49,182000.0,300,Buy,233332021
2024-08-21 09:16:49,182000.0,900,Buy,233332022
2024-08-21 09:16:49,182000.0,200,Buy,233332016
2024-08-21 09:16:49,181000.0,200,Buy,233332008
2024-08-21 09:16:49,180000.0,200,Buy,233331992
2024-08-21 09:16:49,180900.0,100,Buy,233332006
2024-08-21 09:16:49,180000.0,200,Buy,233331989
2024-08-21 09:16:49,180000.0,200,Buy,233331990
2024-08-21 09:16:49,180000.0,500,Buy,233331991
2024-08-21 09:16:49,180000.0,300,Buy,233331993
2024-08-21 09:16:49,180000.0,100,Buy,233331994
2024-08-21 09:16:49,180000.0,100,Buy,233331995
2024-08-21 09:16:49,181000.0,100,Buy,233332007
2024-08-21 09:16:49,180000.0,100,Buy,233331997
2024-08-21 09:16:49,180800.0,100,Buy,233332005
2024-08-21 09:16:49,180800.0,200,Buy,233332004
2024-08-21 09:16:49,180000.0,100,Buy,233331996
2024-08-21 09:16:49,180500.0,300,Buy,233332002
2024-08-21 09:16:49,180000.0,500,Buy,233331998
2024-08-21 09:16:49,180600.0,100,Buy,233332003
2024-08-21 09:16:50,180000.0,100,Sell,233332050
2024-08-21 09:16:50,180000.0,100,Sell,233332051
2024-08-21 09:16:51,180100.0,400,Sell,233332074
2024-08-21 09:16:51,180000.0,100,Sell,233332075
2024-08-21 09:16:56,180100.0,400,Sell,233332356
2024-08-21 09:16:56,180000.0,900,Sell,233332357
2024-08-21 09:16:56,180000.0,700,Sell,233332358
2024-08-21 09:16:58,181000.0,100,Buy,233332475
2024-08-21 09:17:02,180000.0,1200,Sell,233332712
2024-08-21 09:17:02,180000.0,1000,Sell,233332713
2024-08-21 09:17:02,180000.0,800,Sell,233332714
2024-08-21 09:17:02,180000.0,100,Sell,233332715
2024-08-21 09:17:02,180000.0,500,Sell,233332716
2024-08-21 09:17:02,180300.0,400,Sell,233332710
2024-08-21 09:17:02,180200.0,1000,Sell,233332711
2024-08-21 09:17:03,180000.0,500,Sell,233332747
2024-08-21 09:17:03,180000.0,300,Sell,233332748
2024-08-21 09:17:04,180100.0,100,Sell,233332811
2024-08-21 09:17:05,180000.0,1900,Buy,233332866
2024-08-21 09:17:05,180000.0,200,Sell,233332861
2024-08-21 09:17:05,180000.0,400,Sell,233332862
2024-08-21 09:17:06,180000.0,1000,Buy,233332871
2024-08-21 09:17:07,180000.0,400,Buy,233332927
2024-08-21 09:17:10,180000.0,100,Buy,233333086
2024-08-21 09:17:11,180000.0,1000,Buy,233333118
2024-08-21 09:17:11,180000.0,1000,Buy,233333108
2024-08-21 09:17:12,180000.0,200,Buy,233333137
2024-08-21 09:17:13,180000.0,100,Buy,233333218
2024-08-21 09:17:14,180000.0,700,Buy,233333267
2024-08-21 09:17:15,180000.0,400,Buy,233333286
2024-08-21 09:17:15,180000.0,1000,Buy,233333310
2024-08-21 09:17:16,180000.0,500,Buy,233333346
2024-08-21 09:17:18,180000.0,100,Buy,233333442
2024-08-21 09:17:19,180000.0,500,Buy,233333488
2024-08-21 09:17:19,180000.0,100,Buy,233333489
2024-08-21 09:17:20,180000.0,200,Buy,233333514
2024-08-21 09:17:20,180000.0,200,Buy,233333515
2024-08-21 09:17:20,180000.0,600,Buy,233333516
2024-08-21 09:17:22,180000.0,1000,Buy,233333584
2024-08-21 09:17:22,180000.0,100,Buy,233333581
2024-08-21 09:17:22,180000.0,200,Buy,233333582
2024-08-21 09:17:22,180000.0,200,Buy,233333583
2024-08-21 09:17:23,180000.0,600,Buy,233333640
2024-08-21 09:17:23,180000.0,100,Buy,233333639
2024-08-21 09:17:26,180000.0,1400,Buy,233333741
2024-08-21 09:17:26,180000.0,1000,Buy,233333742
2024-08-21 09:17:26,180000.0,500,Buy,233333743
2024-08-21 09:17:26,180000.0,100,Buy,233333744
2024-08-21 09:17:26,181000.0,600,Buy,233333746
2024-08-21 09:17:26,181000.0,200,Buy,233333747
2024-08-21 09:17:26,181000.0,200,Buy,233333748
2024-08-21 09:17:26,180000.0,1000,Buy,233333745
2024-08-21 09:17:27,180000.0,100,Buy,233333766
2024-08-21 09:17:28,180900.0,100,Buy,233333796
2024-08-21 09:17:28,181000.0,500,Buy,233333797
2024-08-21 09:17:31,180100.0,300,Buy,233333953
2024-08-21 09:17:32,180000.0,3600,Sell,233333979
2024-08-21 09:17:32,180000.0,300,Sell,233333978
2024-08-21 09:17:32,180000.0,300,Sell,233333976
2024-08-21 09:17:32,180000.0,300,Sell,233333977
2024-08-21 09:17:32,180000.0,500,Sell,233333975
2024-08-21 09:17:34,180000.0,1000,Sell,233334067
2024-08-21 09:17:36,180900.0,100,Buy,233334132
2024-08-21 09:17:38,180000.0,400,Sell,233334253
2024-08-21 09:17:42,180100.0,100,Sell,233334421
2024-08-21 09:17:43,180900.0,100,Buy,233334465
2024-08-21 09:17:43,180900.0,200,Buy,233334503
2024-08-21 09:17:43,180900.0,1000,Buy,233334504
2024-08-21 09:17:43,181000.0,200,Buy,233334505
2024-08-21 09:17:46,180100.0,100,Sell,233334615
2024-08-21 09:17:49,180900.0,100,Buy,233334755
2024-08-21 09:17:49,180900.0,700,Buy,233334756
2024-08-21 09:17:54,180300.0,100,Sell,233334896
2024-08-21 09:17:57,180500.0,500,Buy,233335039
2024-08-21 09:18:07,180500.0,400,Buy,233335415
2024-08-21 09:18:10,180300.0,100,Sell,233335509
2024-08-21 09:18:11,180500.0,100,Buy,233335514
2024-08-21 09:18:18,180500.0,200,Buy,233335823
2024-08-21 09:18:18,180500.0,100,Buy,233335821
2024-08-21 09:18:18,180500.0,500,Buy,233335822
2024-08-21 09:18:18,180500.0,200,Buy,233335820
2024-08-21 09:18:21,180400.0,100,Sell,233335921
2024-08-21 09:18:23,180400.0,100,Buy,233336026
2024-08-21 09:18:28,180500.0,1000,Buy,233336175
2024-08-21 09:18:30,180400.0,400,Sell,233336276
2024-08-21 09:18:30,180400.0,100,Sell,233336277
2024-08-21 09:18:33,180400.0,200,Sell,233336371
2024-08-21 09:18:35,180500.0,2000,Buy,233336448
2024-08-21 09:18:36,180500.0,100,Buy,233336495
2024-08-21 09:18:36,180500.0,500,Buy,233336496
2024-08-21 09:18:37,180500.0,100,Buy,233336558
2024-08-21 09:18:38,180500.0,100,Buy,233336600
2024-08-21 09:18:38,180400.0,500,Sell,233336597
2024-08-21 09:18:38,180500.0,1300,Buy,233336598
2024-08-21 09:18:38,180500.0,200,Buy,233336599
2024-08-21 09:18:41,180400.0,200,Sell,233336718
2024-08-21 09:18:45,180400.0,100,Sell,233336926
2024-08-21 09:18:46,180500.0,200,Buy,233336948
2024-08-21 09:18:47,180500.0,100,Buy,233337010
2024-08-21 09:18:48,180500.0,100,Buy,233337072
2024-08-21 09:18:49,180500.0,500,Buy,233337083
2024-08-21 09:18:49,180500.0,100,Buy,233337084
2024-08-21 09:18:50,180500.0,100,Buy,233337142
2024-08-21 09:18:50,180500.0,100,Buy,233337143
2024-08-21 09:18:50,180500.0,100,Buy,233337160
2024-08-21 09:18:52,180400.0,300,Sell,233337214
2024-08-21 09:18:52,180500.0,200,Buy,233337212
2024-08-21 09:18:52,180500.0,100,Buy,233337189
2024-08-21 09:18:52,180500.0,300,Buy,233337213
2024-08-21 09:18:53,180500.0,200,Buy,233337248
2024-08-21 09:18:53,180500.0,1800,Buy,233337249
2024-08-21 09:18:55,180500.0,100,Buy,233337312
2024-08-21 09:18:55,180500.0,200,Buy,233337315
2024-08-21 09:18:55,180500.0,400,Buy,233337329
2024-08-21 09:18:57,180400.0,500,Sell,233337398
2024-08-21 09:18:57,180400.0,1000,Sell,233337397
2024-08-21 09:18:57,180400.0,1200,Sell,233337393
2024-08-21 09:18:57,180400.0,1000,Sell,233337395
2024-08-21 09:18:57,180400.0,300,Sell,233337394
2024-08-21 09:18:57,180400.0,1000,Sell,233337396
2024-08-21 09:18:59,180500.0,1000,Buy,233337517
2024-08-21 09:19:00,180500.0,300,Buy,233337557
2024-08-21 09:19:01,180500.0,1200,Buy,233337633
2024-08-21 09:19:01,180500.0,100,Buy,233337634
2024-08-21 09:19:01,180500.0,200,Buy,233337635
2024-08-21 09:19:01,180500.0,3500,Buy,233337636
2024-08-21 09:19:02,180400.0,100,Sell,233337641
2024-08-21 09:19:04,180500.0,100,Buy,233337736
2024-08-21 09:19:10,180500.0,100,Sell,233338069
2024-08-21 09:19:10,180500.0,1000,Buy,233338050
2024-08-21 09:19:10,180500.0,200,Buy,233338049
2024-08-21 09:19:10,180500.0,500,Buy,233338048
2024-08-21 09:19:10,180500.0,500,Buy,233338046
2024-08-21 09:19:10,180500.0,1000,Buy,233338045
2024-08-21 09:19:10,180500.0,1400,Buy,233338043
2024-08-21 09:19:10,180500.0,1300,Buy,233338047
2024-08-21 09:19:10,180500.0,100,Buy,233338044
2024-08-21 09:19:11,180700.0,100,Buy,233338107
2024-08-21 09:19:11,180600.0,100,Buy,233338093
2024-08-21 09:19:11,180600.0,500,Buy,233338106
2024-08-21 09:19:12,180500.0,600,Sell,233338124
2024-08-21 09:19:12,180900.0,200,Buy,233338128
2024-08-21 09:19:12,180900.0,300,Buy,233338129
2024-08-21 09:19:12,180900.0,100,Buy,233338130
2024-08-21 09:19:12,180900.0,200,Buy,233338131
2024-08-21 09:19:12,181000.0,100,Buy,233338132
2024-08-21 09:19:12,181000.0,200,Buy,233338133
2024-08-21 09:19:12,181000.0,100,Buy,233338134
2024-08-21 09:19:12,181000.0,800,Buy,233338135
2024-08-21 09:19:12,180500.0,100,Sell,233338160
2024-08-21 09:19:23,180600.0,300,Sell,233338557
2024-08-21 09:19:25,180900.0,100,Buy,233338596
2024-08-21 09:19:26,180900.0,100,Buy,233338637
2024-08-21 09:19:26,180900.0,100,Buy,233338638
2024-08-21 09:19:26,180900.0,300,Buy,233338615
2024-08-21 09:19:26,180900.0,500,Buy,233338616
2024-08-21 09:19:34,180900.0,100,Buy,233338971
2024-08-21 09:19:34,180900.0,100,Buy,233338970
2024-08-21 09:19:36,180900.0,200,Buy,233339055
2024-08-21 09:19:36,181000.0,100,Buy,233339056
2024-08-21 09:19:37,180800.0,200,Buy,233339079
2024-08-21 09:19:38,180800.0,200,Buy,233339118
2024-08-21 09:19:38,180900.0,800,Buy,233339119
2024-08-21 09:19:42,180900.0,300,Buy,233339242
2024-08-21 09:19:42,180900.0,200,Buy,233339241
2024-08-21 09:19:43,180900.0,100,Buy,233339308
2024-08-21 09:19:45,180900.0,100,Buy,233339372
2024-08-21 09:19:45,180900.0,100,Buy,233339373
2024-08-21 09:19:45,180900.0,800,Buy,233339374
2024-08-21 09:19:45,180900.0,100,Buy,233339385
2024-08-21 09:19:46,180900.0,100,Buy,233339429
2024-08-21 09:19:46,180900.0,200,Buy,233339430
2024-08-21 09:19:46,180900.0,200,Buy,233339431
2024-08-21 09:19:47,180900.0,500,Buy,233339474
2024-08-21 09:19:48,181000.0,1700,Buy,233339499
2024-08-21 09:19:48,180900.0,1300,Buy,233339497
2024-08-21 09:19:48,181000.0,1100,Buy,233339498
2024-08-21 09:19:50,180900.0,100,Sell,233339613
2024-08-21 09:19:52,181000.0,1500,Buy,233339705
2024-08-21 09:19:54,180900.0,300,Buy,233339783
2024-08-21 09:19:56,181000.0,800,Buy,233339851
2024-08-21 09:19:56,180900.0,100,Buy,233339849
2024-08-21 09:19:56,180900.0,100,Buy,233339850
2024-08-21 09:19:56,180900.0,100,Buy,233339847
2024-08-21 09:19:56,180900.0,100,Buy,233339836
2024-08-21 09:19:56,180900.0,100,Buy,233339848
2024-08-21 09:20:00,180900.0,100,Buy,233339955
2024-08-21 09:20:00,180900.0,100,Buy,233339956
2024-08-21 09:20:00,181000.0,300,Buy,233339957
2024-08-21 09:20:02,181000.0,500,Buy,233340074
2024-08-21 09:20:05,181000.0,400,Buy,233340156
2024-08-21 09:20:05,181000.0,200,Buy,233340154
2024-08-21 09:20:05,181000.0,400,Buy,233340155
2024-08-21 09:20:05,181000.0,500,Buy,233340152
2024-08-21 09:20:05,181000.0,100,Buy,233340151
2024-08-21 09:20:05,181000.0,5200,Buy,233340150
2024-08-21 09:20:05,181000.0,200,Buy,233340153
2024-08-21 09:20:06,181000.0,2500,Buy,233340190
2024-08-21 09:20:06,181000.0,100,Buy,233340189
2024-08-21 09:20:06,181000.0,200,Buy,233340188
2024-08-21 09:20:06,181000.0,500,Buy,233340186
2024-08-21 09:20:06,181000.0,300,Buy,233340187
2024-08-21 09:20:06,181000.0,500,Buy,233340184
2024-08-21 09:20:06,181000.0,1000,Buy,233340183
2024-08-21 09:20:06,181000.0,500,Buy,233340182
2024-08-21 09:20:06,181000.0,100,Buy,233340181
2024-08-21 09:20:06,181000.0,200,Buy,233340180
2024-08-21 09:20:06,181000.0,100,Buy,233340185
2024-08-21 09:20:07,180900.0,1000,Sell,233340202
2024-08-21 09:20:08,181000.0,2800,Buy,233340282
2024-08-21 09:20:08,181000.0,100,Buy,233340281
2024-08-21 09:20:08,181000.0,100,Buy,233340280
2024-08-21 09:20:08,181000.0,500,Buy,233340279
2024-08-21 09:20:08,181000.0,100,Buy,233340278
2024-08-21 09:20:08,181000.0,100,Buy,233340277
2024-08-21 09:20:08,181000.0,200,Buy,233340275
2024-08-21 09:20:08,181000.0,100,Buy,233340274
2024-08-21 09:20:08,181000.0,600,Buy,233340270
2024-08-21 09:20:08,181000.0,100,Buy,233340271
2024-08-21 09:20:08,181000.0,100,Buy,233340276
2024-08-21 09:20:08,181000.0,100,Buy,233340273
2024-08-21 09:20:08,181000.0,100,Buy,233340272
2024-08-21 09:20:09,181000.0,2200,Buy,233340324
2024-08-21 09:20:09,181000.0,1500,Buy,233340325
2024-08-21 09:20:09,181000.0,100,Buy,233340326
2024-08-21 09:20:09,181000.0,300,Buy,233340327
2024-08-21 09:20:09,181000.0,100,Buy,233340329
2024-08-21 09:20:09,181000.0,1000,Buy,233340330
2024-08-21 09:20:09,181000.0,100,Buy,233340331
2024-08-21 09:20:09,181000.0,100,Buy,233340328
2024-08-21 09:20:11,181000.0,100,Sell,233340374
2024-08-21 09:20:15,181000.0,200,Sell,233340533
2024-08-21 09:20:16,181000.0,100,Sell,233340571
2024-08-21 09:20:16,181000.0,100,Sell,233340561
2024-08-21 09:20:16,181000.0,500,Sell,233340562
2024-08-21 09:20:22,181100.0,200,Buy,233340763
2024-08-21 09:20:22,181100.0,500,Buy,233340762
2024-08-21 09:20:23,181100.0,300,Buy,233340786
2024-08-21 09:20:28,181200.0,100,Buy,233341024
2024-08-21 09:20:30,181200.0,200,Buy,233341095
2024-08-21 09:20:30,181200.0,200,Buy,233341096
2024-08-21 09:20:30,181200.0,100,Buy,233341097
2024-08-21 09:20:32,181100.0,300,Sell,233341150
2024-08-21 09:20:32,181100.0,200,Sell,233341151
2024-08-21 09:20:34,181200.0,100,Buy,233341205
2024-08-21 09:20:34,181200.0,300,Buy,233341256
2024-08-21 09:20:36,181300.0,100,Buy,233341375
2024-08-21 09:20:36,181300.0,300,Buy,233341373
2024-08-21 09:20:36,181300.0,100,Buy,233341374
2024-08-21 09:20:37,181300.0,200,Sell,233341425
2024-08-21 09:20:37,181200.0,100,Sell,233341426
2024-08-21 09:20:39,181300.0,100,Sell,233341510
2024-08-21 09:20:40,181500.0,100,Buy,233341530
2024-08-21 09:20:44,181500.0,400,Buy,233341810
2024-08-21 09:20:44,181500.0,100,Buy,233341809
2024-08-21 09:20:44,181500.0,300,Buy,233341808
2024-08-21 09:20:44,181500.0,500,Buy,233341805
2024-08-21 09:20:44,181500.0,500,Buy,233341806
2024-08-21 09:20:44,181500.0,100,Buy,233341807
2024-08-21 09:20:44,181500.0,100,Buy,233341804
2024-08-21 09:20:45,181400.0,200,Buy,233341837
2024-08-21 09:20:47,181400.0,300,Buy,233341916
2024-08-21 09:20:47,181500.0,100,Buy,233341917
2024-08-21 09:20:49,181600.0,100,Sell,233342014
2024-08-21 09:20:54,181700.0,500,Buy,233342176
2024-08-21 09:20:56,181800.0,200,Buy,233342251
2024-08-21 09:20:56,181900.0,800,Buy,233342252
2024-08-21 09:20:57,181600.0,500,Sell,233342305
2024-08-21 09:20:57,181900.0,200,Buy,233342310
2024-08-21 09:20:57,181600.0,500,Sell,233342322
2024-08-21 09:20:58,181600.0,2000,Buy,233342340
2024-08-21 09:20:59,181600.0,500,Buy,233342374
2024-08-21 09:20:59,181700.0,100,Buy,233342389
2024-08-21 09:21:01,181600.0,200,Buy,233342462
2024-08-21 09:21:01,181600.0,100,Buy,233342450
2024-08-21 09:21:02,181600.0,200,Buy,233342513
2024-08-21 09:21:02,181600.0,200,Buy,233342514
2024-08-21 09:21:03,181700.0,200,Buy,233342533
2024-08-21 09:21:04,181900.0,100,Buy,233342553
2024-08-21 09:21:04,181900.0,100,Buy,233342554
2024-08-21 09:21:04,181900.0,100,Buy,233342555
2024-08-21 09:21:12,181700.0,200,Sell,233342987
2024-08-21 09:21:12,181700.0,100,Sell,233342988
2024-08-21 09:21:12,181700.0,100,Sell,233342989
2024-08-21 09:21:12,181700.0,100,Sell,233342990
2024-08-21 09:21:12,181700.0,500,Buy,233342991
2024-08-21 09:21:12,181800.0,500,Buy,233342992
2024-08-21 09:21:15,181900.0,100,Buy,233343258
2024-08-21 09:21:15,181900.0,100,Buy,233343259
2024-08-21 09:21:15,181900.0,300,Buy,233343273
2024-08-21 09:21:15,181900.0,100,Buy,233343274
2024-08-21 09:21:16,181900.0,200,Buy,233343302
2024-08-21 09:21:16,181900.0,200,Buy,233343301
2024-08-21 09:21:16,181900.0,100,Buy,233343300
2024-08-21 09:21:17,181900.0,100,Buy,233343333
2024-08-21 09:21:17,181900.0,100,Buy,233343334
2024-08-21 09:21:17,182000.0,100,Buy,233343335
2024-08-21 09:21:17,182000.0,100,Buy,233343336
2024-08-21 09:21:18,181900.0,300,Buy,233343452
2024-08-21 09:21:18,181900.0,100,Buy,233343453
2024-08-21 09:21:19,182000.0,100,Buy,233343478
2024-08-21 09:21:21,181800.0,200,Buy,233343580
2024-08-21 09:21:23,182000.0,200,Buy,233343645
2024-08-21 09:21:23,182000.0,500,Buy,233343643
2024-08-21 09:21:23,182000.0,900,Buy,233343642
2024-08-21 09:21:23,182000.0,100,Buy,233343644
2024-08-21 09:21:23,181900.0,100,Buy,233343640
2024-08-21 09:21:23,181900.0,100,Buy,233343639
2024-08-21 09:21:23,181800.0,300,Buy,233343612
2024-08-21 09:21:23,181900.0,100,Buy,233343641
2024-08-21 09:21:25,182000.0,800,Buy,233343708
2024-08-21 09:21:25,182000.0,200,Buy,233343709
2024-08-21 09:21:25,182000.0,1000,Buy,233343710
2024-08-21 09:21:27,182000.0,100,Buy,233343810
2024-08-21 09:21:27,182000.0,400,Buy,233343809
2024-08-21 09:21:27,182000.0,500,Buy,233343808
2024-08-21 09:21:27,182000.0,100,Buy,233343807
2024-08-21 09:21:27,182000.0,100,Buy,233343804
2024-08-21 09:21:27,182000.0,200,Buy,233343805
2024-08-21 09:21:27,182000.0,100,Buy,233343803
2024-08-21 09:21:27,182000.0,300,Buy,233343811
2024-08-21 09:21:27,182000.0,100,Buy,233343806
2024-08-21 09:21:27,182000.0,300,Buy,233343812
2024-08-21 09:21:27,182000.0,200,Buy,233343822
2024-08-21 09:21:27,182000.0,100,Buy,233343814
2024-08-21 09:21:27,182000.0,100,Buy,233343815
2024-08-21 09:21:27,182000.0,200,Buy,233343816
2024-08-21 09:21:27,182000.0,100,Buy,233343817
2024-08-21 09:21:27,182000.0,500,Buy,233343818
2024-08-21 09:21:27,182000.0,1000,Buy,233343819
2024-08-21 09:21:27,182000.0,100,Buy,233343820
2024-08-21 09:21:27,182000.0,500,Buy,233343821
2024-08-21 09:21:27,182000.0,500,Buy,233343802
2024-08-21 09:21:27,182000.0,300,Buy,233343823
2024-08-21 09:21:27,182000.0,100,Buy,233343813
2024-08-21 09:21:27,182000.0,100,Buy,233343801
2024-08-21 09:21:27,182000.0,200,Buy,233343791
2024-08-21 09:21:27,182000.0,500,Buy,233343799
2024-08-21 09:21:27,182000.0,200,Buy,233343773
2024-08-21 09:21:27,182000.0,200,Buy,233343774
2024-08-21 09:21:27,182000.0,200,Buy,233343775
2024-08-21 09:21:27,182000.0,100,Buy,233343776
2024-08-21 09:21:27,182000.0,100,Buy,233343777
2024-08-21 09:21:27,182000.0,100,Buy,233343778
2024-08-21 09:21:27,182000.0,1000,Buy,233343779
2024-08-21 09:21:27,182000.0,10000,Buy,233343780
2024-08-21 09:21:27,182000.0,100,Buy,233343800
2024-08-21 09:21:27,182000.0,1000,Buy,233343782
2024-08-21 09:21:27,182000.0,100,Buy,233343783
2024-08-21 09:21:27,182000.0,1500,Buy,233343781
2024-08-21 09:21:27,182000.0,100,Buy,233343785
2024-08-21 09:21:27,182000.0,100,Buy,233343798
2024-08-21 09:21:27,182000.0,11700,Buy,233343784
2024-08-21 09:21:27,182000.0,100,Buy,233343796
2024-08-21 09:21:27,182000.0,100,Buy,233343792
2024-08-21 09:21:27,182000.0,100,Buy,233343797
2024-08-21 09:21:27,182000.0,200,Buy,233343789
2024-08-21 09:21:27,182000.0,200,Buy,233343788
2024-08-21 09:21:27,182000.0,1000,Buy,233343787
2024-08-21 09:21:27,182000.0,100,Buy,233343786
2024-08-21 09:21:27,182000.0,100,Buy,233343790
2024-08-21 09:21:28,182000.0,100,Sell,233343867
2024-08-21 09:21:30,182200.0,100,Buy,233343930
2024-08-21 09:21:30,182200.0,400,Buy,233343931
2024-08-21 09:21:37,182300.0,100,Buy,233344240
2024-08-21 09:21:38,182300.0,100,Buy,233344258
2024-08-21 09:21:38,182300.0,300,Buy,233344270
2024-08-21 09:21:40,182200.0,700,Sell,233344350
2024-08-21 09:21:40,182300.0,200,Sell,233344349
2024-08-21 09:21:40,182500.0,200,Buy,233344362
2024-08-21 09:21:40,182500.0,500,Buy,233344347
2024-08-21 09:21:40,182300.0,1100,Sell,233344348
2024-08-21 09:21:40,182300.0,400,Sell,233344346
2024-08-21 09:21:41,182500.0,800,Buy,233344398
2024-08-21 09:21:41,182500.0,1000,Buy,233344415
2024-08-21 09:21:41,182500.0,300,Buy,233344403
2024-08-21 09:21:41,182500.0,500,Sell,233344416
2024-08-21 09:21:41,182500.0,100,Buy,233344401
2024-08-21 09:21:41,182500.0,200,Buy,233344400
2024-08-21 09:21:41,182500.0,500,Buy,233344399
2024-08-21 09:21:41,182500.0,100,Buy,233344402
2024-08-21 09:21:43,182500.0,1000,Sell,233344498
2024-08-21 09:21:43,182600.0,100,Buy,233344487
2024-08-21 09:21:48,182600.0,300,Sell,233344697
2024-08-21 09:21:48,182500.0,700,Sell,233344698
2024-08-21 09:21:48,182900.0,100,Buy,233344699
2024-08-21 09:21:50,182600.0,100,Buy,233344724
2024-08-21 09:21:50,182900.0,100,Buy,233344739
2024-08-21 09:21:50,182900.0,100,Buy,233344740
2024-08-21 09:21:52,182900.0,300,Buy,233344801
2024-08-21 09:21:53,182900.0,200,Buy,233344840
2024-08-21 09:21:53,182900.0,400,Buy,233344838
2024-08-21 09:21:53,182900.0,100,Buy,233344839
2024-08-21 09:21:55,182900.0,200,Buy,233344905
2024-08-21 09:21:57,182800.0,100,Buy,233345002
2024-08-21 09:21:57,182900.0,100,Buy,233345003
2024-08-21 09:21:57,182900.0,100,Buy,233345004
2024-08-21 09:21:57,182900.0,100,Sell,233345005
2024-08-21 09:21:58,183000.0,100,Buy,233345034
2024-08-21 09:21:58,183000.0,100,Buy,233345035
2024-08-21 09:21:58,183000.0,100,Buy,233345032
2024-08-21 09:21:58,183000.0,200,Buy,233345033
2024-08-21 09:22:00,183000.0,100,Buy,233345254
2024-08-21 09:22:00,183000.0,200,Buy,233345255
2024-08-21 09:22:01,183000.0,100,Buy,233345284
2024-08-21 09:22:01,183000.0,100,Buy,233345285
2024-08-21 09:22:01,183000.0,300,Buy,233345286
2024-08-21 09:22:01,183000.0,400,Buy,233345287
2024-08-21 09:22:01,183000.0,1600,Buy,233345288
2024-08-21 09:22:01,182900.0,300,Sell,233345291
2024-08-21 09:22:02,182900.0,1000,Sell,233345347
2024-08-21 09:22:03,183000.0,400,Buy,233345400
2024-08-21 09:22:03,183000.0,1600,Buy,233345401
2024-08-21 09:22:03,183000.0,1600,Buy,233345385
2024-08-21 09:22:03,182900.0,100,Sell,233345381
2024-08-21 09:22:03,183000.0,200,Buy,233345383
2024-08-21 09:22:03,183000.0,100,Buy,233345382
2024-08-21 09:22:03,183000.0,100,Buy,233345384
2024-08-21 09:22:05,182900.0,100,Sell,233345462
2024-08-21 09:22:05,183000.0,300,Buy,233345465
2024-08-21 09:22:05,183000.0,300,Buy,233345473
2024-08-21 09:22:05,183000.0,100,Buy,233345474
2024-08-21 09:22:05,183000.0,100,Buy,233345475
2024-08-21 09:22:05,183000.0,1100,Buy,233345476
2024-08-21 09:22:05,183000.0,100,Buy,233345488
2024-08-21 09:22:07,183000.0,100,Buy,233345542
2024-08-21 09:22:07,183000.0,1000,Buy,233345541
2024-08-21 09:22:07,183000.0,500,Buy,233345540
2024-08-21 09:22:07,183000.0,300,Buy,233345538
2024-08-21 09:22:07,183000.0,100,Buy,233345537
2024-08-21 09:22:07,183000.0,100,Buy,233345539
2024-08-21 09:22:07,183000.0,700,Buy,233345535
2024-08-21 09:22:07,183000.0,5400,Buy,233345534
2024-08-21 09:22:07,183000.0,300,Buy,233345533
2024-08-21 09:22:07,183000.0,600,Buy,233345532
2024-08-21 09:22:07,183000.0,100,Buy,233345526
2024-08-21 09:22:07,183000.0,200,Buy,233345536
2024-08-21 09:22:08,183200.0,1000,Buy,233345624
2024-08-21 09:22:09,183000.0,100,Sell,233345698
2024-08-21 09:22:10,183000.0,100,Sell,233345710
2024-08-21 09:22:12,183000.0,300,Sell,233345801
2024-08-21 09:22:13,183000.0,100,Sell,233345846
2024-08-21 09:22:17,183200.0,100,Sell,233345985
2024-08-21 09:22:18,183200.0,100,Sell,233346035
2024-08-21 09:22:18,183200.0,100,Sell,233346036
2024-08-21 09:22:18,183300.0,200,Buy,233346044
2024-08-21 09:22:20,183500.0,600,Buy,233346114
2024-08-21 09:22:21,183300.0,100,Sell,233346132
2024-08-21 09:22:21,183400.0,200,Buy,233346228
2024-08-21 09:22:21,183500.0,200,Buy,233346230
2024-08-21 09:22:25,183200.0,100,Sell,233346319
2024-08-21 09:22:25,183500.0,100,Buy,233346341
2024-08-21 09:22:25,183300.0,100,Sell,233346317
2024-08-21 09:22:25,183300.0,300,Sell,233346318
2024-08-21 09:22:25,183300.0,500,Sell,233346316
2024-08-21 09:22:26,183600.0,800,Buy,233346372
2024-08-21 09:22:26,183600.0,200,Buy,233346371
2024-08-21 09:22:26,183500.0,100,Buy,233346370
2024-08-21 09:22:26,183500.0,100,Buy,233346369
2024-08-21 09:22:26,183500.0,300,Buy,233346368
2024-08-21 09:22:26,183500.0,100,Buy,233346348
2024-08-21 09:22:26,183500.0,200,Buy,233346366
2024-08-21 09:22:26,183500.0,100,Buy,233346365
2024-08-21 09:22:26,183500.0,3100,Buy,233346364
2024-08-21 09:22:26,183500.0,100,Buy,233346349
2024-08-21 09:22:26,183500.0,100,Buy,233346367
2024-08-21 09:22:27,183600.0,200,Buy,233346396
2024-08-21 09:22:27,183800.0,500,Buy,233346397
2024-08-21 09:22:30,183500.0,100,Sell,233346501
2024-08-21 09:22:33,183800.0,500,Buy,233346605
2024-08-21 09:22:33,183900.0,100,Buy,233346606
2024-08-21 09:22:35,183600.0,300,Sell,233346675
2024-08-21 09:22:35,184000.0,1200,Buy,233346660
2024-08-21 09:22:35,184000.0,500,Buy,233346659
2024-08-21 09:22:35,183900.0,300,Buy,233346655
2024-08-21 09:22:35,184000.0,500,Buy,233346657
2024-08-21 09:22:35,183900.0,2000,Buy,233346656
2024-08-21 09:22:35,184000.0,500,Buy,233346658
2024-08-21 09:22:39,183900.0,200,Buy,233346825
2024-08-21 09:22:40,183900.0,100,Buy,233346835
2024-08-21 09:22:41,184000.0,200,Buy,233346861
2024-08-21 09:22:41,183900.0,200,Buy,233346859
2024-08-21 09:22:41,183900.0,100,Buy,233346860
2024-08-21 09:22:42,184000.0,100,Buy,233346905
2024-08-21 09:22:44,183900.0,100,Sell,233346965
2024-08-21 09:22:44,184000.0,100,Buy,233346991
2024-08-21 09:22:45,183900.0,500,Sell,233347000
2024-08-21 09:22:45,183900.0,300,Sell,233347009
2024-08-21 09:22:46,183900.0,300,Sell,233347022
2024-08-21 09:22:46,183600.0,100,Sell,233347023
2024-08-21 09:22:46,183600.0,100,Sell,233347024
2024-08-21 09:22:47,183900.0,100,Buy,233347064
2024-08-21 09:22:47,184000.0,100,Buy,233347065
2024-08-21 09:22:48,184000.0,800,Buy,233347124
2024-08-21 09:22:48,184000.0,900,Buy,233347129
2024-08-21 09:22:48,184000.0,900,Buy,233347128
2024-08-21 09:22:48,184000.0,200,Buy,233347127
2024-08-21 09:22:48,184000.0,2200,Buy,233347126
2024-08-21 09:22:48,184000.0,2000,Buy,233347123
2024-08-21 09:22:48,184000.0,1000,Buy,233347120
2024-08-21 09:22:48,184000.0,300,Buy,233347121
2024-08-21 09:22:48,184000.0,1200,Buy,233347097
2024-08-21 09:22:48,184000.0,4900,Buy,233347119
2024-08-21 09:22:48,184000.0,1000,Buy,233347111
2024-08-21 09:22:48,184000.0,300,Buy,233347110
2024-08-21 09:22:48,184000.0,1000,Buy,233347122
2024-08-21 09:22:49,183600.0,100,Sell,233347152
2024-08-21 09:22:50,184000.0,100,Buy,233347191
2024-08-21 09:22:51,184000.0,100,Buy,233347238
2024-08-21 09:22:52,184000.0,200,Buy,233347304
2024-08-21 09:22:52,184000.0,100,Buy,233347302
2024-08-21 09:22:52,184000.0,1000,Buy,233347288
2024-08-21 09:22:52,184000.0,100,Buy,233347279
2024-08-21 09:22:52,184000.0,700,Buy,233347289
2024-08-21 09:22:53,184000.0,500,Buy,233347322
2024-08-21 09:22:53,184000.0,100,Buy,233347323
2024-08-21 09:22:54,184000.0,100,Buy,233347354
2024-08-21 09:22:54,184000.0,100,Buy,233347355
2024-08-21 09:22:54,184000.0,200,Buy,233347353
2024-08-21 09:22:54,183900.0,100,Buy,233347349
2024-08-21 09:22:54,184000.0,100,Buy,233347351
2024-08-21 09:22:54,184000.0,300,Buy,233347350
2024-08-21 09:22:54,184000.0,5000,Buy,233347336
2024-08-21 09:22:54,184000.0,100,Buy,233347352
2024-08-21 09:22:55,184000.0,200,Buy,233347409
2024-08-21 09:22:55,184000.0,100,Buy,233347410
2024-08-21 09:22:55,184000.0,500,Buy,233347411
2024-08-21 09:22:55,184000.0,100,Buy,233347412
2024-08-21 09:22:55,184000.0,100,Buy,233347413
2024-08-21 09:22:55,184000.0,100,Buy,233347426
2024-08-21 09:22:55,184000.0,100,Buy,233347427
2024-08-21 09:22:56,184000.0,1000,Buy,233347471
2024-08-21 09:22:56,184000.0,100,Buy,233347470
2024-08-21 09:22:56,184000.0,100,Buy,233347469
2024-08-21 09:22:56,184000.0,100,Buy,233347468
2024-08-21 09:22:56,184000.0,100,Buy,233347467
2024-08-21 09:22:56,184000.0,100,Buy,233347466
2024-08-21 09:22:56,184000.0,200,Buy,233347442
2024-08-21 09:22:57,184000.0,1000,Buy,233347546
2024-08-21 09:22:57,184000.0,100,Buy,233347535
2024-08-21 09:22:58,184000.0,100,Buy,233347556
2024-08-21 09:22:58,184000.0,200,Buy,233347557
2024-08-21 09:22:59,184000.0,500,Buy,233347642
2024-08-21 09:22:59,184000.0,100,Buy,233347643
2024-08-21 09:23:01,184000.0,100,Sell,233347706
2024-08-21 09:23:03,184000.0,500,Sell,233347757
2024-08-21 09:23:05,184100.0,100,Buy,233347871
2024-08-21 09:23:06,184300.0,100,Sell,233347953
2024-08-21 09:23:06,184300.0,100,Sell,233347959
2024-08-21 09:23:06,184300.0,100,Sell,233347960
2024-08-21 09:23:06,184100.0,100,Sell,233347961
2024-08-21 09:23:08,184000.0,100,Sell,233348049
2024-08-21 09:23:10,184400.0,100,Buy,233348174
2024-08-21 09:23:10,184400.0,1000,Buy,233348165
2024-08-21 09:23:11,184400.0,100,Sell,233348194
2024-08-21 09:23:11,184500.0,300,Buy,233348195
2024-08-21 09:23:11,184500.0,200,Buy,233348196
2024-08-21 09:23:12,184400.0,400,Sell,233348210
2024-08-21 09:23:12,184100.0,100,Sell,233348211
2024-08-21 09:23:12,184500.0,500,Buy,233348222
2024-08-21 09:23:14,184500.0,100,Buy,233348301
2024-08-21 09:23:15,184500.0,100,Buy,233348329
2024-08-21 09:23:16,184500.0,700,Buy,233348340
2024-08-21 09:23:18,184500.0,500,Buy,233348428
2024-08-21 09:23:18,184500.0,200,Buy,233348427
2024-08-21 09:23:19,184500.0,100,Buy,233348464
2024-08-21 09:23:21,184500.0,100,Buy,233348511
2024-08-21 09:23:22,184500.0,500,Buy,233348562
2024-08-21 09:23:22,184500.0,100,Buy,233348584
2024-08-21 09:23:23,184500.0,1700,Buy,233348615
2024-08-21 09:23:23,184400.0,1700,Buy,233348614
2024-08-21 09:23:23,184500.0,600,Buy,233348616
2024-08-21 09:23:23,184100.0,100,Sell,233348606
2024-08-21 09:23:23,184100.0,500,Sell,233348605
2024-08-21 09:23:23,184400.0,500,Sell,233348587
2024-08-21 09:23:23,184100.0,400,Sell,233348607
2024-08-21 09:23:24,184500.0,100,Buy,233348654
2024-08-21 09:23:25,184500.0,100,Buy,233348669
2024-08-21 09:23:25,184500.0,200,Buy,233348670
2024-08-21 09:23:25,184500.0,100,Buy,233348689
2024-08-21 09:23:26,184500.0,100,Buy,233348735
2024-08-21 09:23:27,184500.0,100,Buy,233348753
2024-08-21 09:23:27,184500.0,200,Buy,233348752
2024-08-21 09:23:27,184500.0,100,Buy,233348750
2024-08-21 09:23:27,184500.0,200,Buy,233348749
2024-08-21 09:23:27,184500.0,100,Buy,233348751
2024-08-21 09:23:28,184500.0,300,Buy,233348769
2024-08-21 09:23:29,184500.0,200,Buy,233348823
2024-08-21 09:23:30,184500.0,100,Buy,233348837
2024-08-21 09:23:30,184500.0,100,Buy,233348851
2024-08-21 09:23:30,184500.0,100,Buy,233348858
2024-08-21 09:23:31,184500.0,400,Buy,233348884
2024-08-21 09:23:31,184500.0,100,Buy,233348943
2024-08-21 09:23:31,184500.0,200,Buy,233348859
2024-08-21 09:23:31,184500.0,100,Buy,233348883
2024-08-21 09:23:33,184500.0,100,Buy,233348969
2024-08-21 09:23:33,184500.0,100,Buy,233348983
2024-08-21 09:23:34,184400.0,100,Sell,233349026
2024-08-21 09:23:37,184500.0,800,Buy,233349137
2024-08-21 09:23:37,184500.0,100,Buy,233349138
2024-08-21 09:23:37,184500.0,100,Buy,233349139
2024-08-21 09:23:38,184600.0,100,Buy,233349189
2024-08-21 09:23:38,184600.0,100,Buy,233349188
2024-08-21 09:23:38,184500.0,100,Buy,233349187
2024-08-21 09:23:38,184500.0,4600,Buy,233349185
2024-08-21 09:23:38,184500.0,300,Buy,233349159
2024-08-21 09:23:38,184400.0,1000,Sell,233349158
2024-08-21 09:23:38,184500.0,100,Buy,233349186
2024-08-21 09:23:39,184400.0,100,Sell,233349205
2024-08-21 09:23:42,184600.0,600,Buy,233349322
2024-08-21 09:23:43,184600.0,200,Sell,233349350
2024-08-21 09:23:47,184600.0,100,Sell,233349477
2024-08-21 09:23:47,184700.0,800,Buy,233349478
2024-08-21 09:23:48,184700.0,400,Buy,233349536
2024-08-21 09:23:51,184700.0,500,Buy,233349642
2024-08-21 09:23:52,184700.0,200,Buy,233349706
2024-08-21 09:23:54,184700.0,100,Buy,233349817
2024-08-21 09:23:56,184700.0,100,Buy,233349881
2024-08-21 09:24:03,184800.0,400,Buy,233350273
2024-08-21 09:24:03,184800.0,200,Buy,233350274
2024-08-21 09:24:05,184700.0,100,Sell,233350337
2024-08-21 09:24:05,184700.0,100,Sell,233350338
2024-08-21 09:24:05,184700.0,100,Sell,233350363
2024-08-21 09:24:06,184800.0,300,Buy,233350399
2024-08-21 09:24:06,184800.0,1700,Buy,233350400
2024-08-21 09:24:08,184800.0,200,Buy,233350480
2024-08-21 09:24:09,184800.0,100,Buy,233350507
2024-08-21 09:24:09,184800.0,100,Buy,233350508
2024-08-21 09:24:09,184800.0,100,Buy,233350513
2024-08-21 09:24:10,184900.0,400,Buy,233350537
2024-08-21 09:24:15,184900.0,100,Buy,233350729
2024-08-21 09:24:15,184900.0,100,Buy,233350716
2024-08-21 09:24:15,184900.0,500,Buy,233350725
2024-08-21 09:24:17,184900.0,1300,Buy,233350799
2024-08-21 09:24:18,184900.0,100,Buy,233350845
2024-08-21 09:24:18,184900.0,200,Buy,233350846
2024-08-21 09:24:19,185000.0,300,Buy,233350903
2024-08-21 09:24:19,185000.0,400,Buy,233350900
2024-08-21 09:24:19,185000.0,200,Buy,233350902
2024-08-21 09:24:19,185000.0,300,Buy,233350901
2024-08-21 09:24:19,185000.0,100,Buy,233350899
2024-08-21 09:24:19,184900.0,100,Buy,233350893
2024-08-21 09:24:19,185000.0,100,Buy,233350897
2024-08-21 09:24:19,185000.0,100,Buy,233350896
2024-08-21 09:24:19,185000.0,500,Buy,233350895
2024-08-21 09:24:19,184900.0,300,Buy,233350894
2024-08-21 09:24:19,185000.0,200,Buy,233350898
2024-08-21 09:24:19,184900.0,100,Buy,233350892
2024-08-21 09:24:21,184900.0,100,Sell,233350955
2024-08-21 09:24:21,184900.0,300,Sell,233350968
2024-08-21 09:24:21,184800.0,500,Sell,233350969
2024-08-21 09:24:21,184800.0,200,Sell,233350970
2024-08-21 09:24:23,185000.0,100,Buy,233351068
2024-08-21 09:24:24,184900.0,400,Sell,233351163
2024-08-21 09:24:24,184900.0,100,Sell,233351162
2024-08-21 09:24:25,184900.0,300,Buy,233351173
2024-08-21 09:24:26,184900.0,200,Buy,233351228
2024-08-21 09:24:26,185000.0,1000,Buy,233351242
2024-08-21 09:24:26,185000.0,1000,Buy,233351239
2024-08-21 09:24:26,184900.0,200,Buy,233351227
2024-08-21 09:24:26,185000.0,200,Buy,233351230
2024-08-21 09:24:26,185000.0,600,Buy,233351229
2024-08-21 09:24:26,185000.0,800,Buy,233351231
2024-08-21 09:24:28,185000.0,1100,Buy,233351300
2024-08-21 09:24:28,185000.0,100,Buy,233351302
2024-08-21 09:24:28,185000.0,300,Buy,233351303
2024-08-21 09:24:28,185000.0,100,Buy,233351305
2024-08-21 09:24:28,185000.0,300,Buy,233351304
2024-08-21 09:24:31,185000.0,500,Buy,233351414
2024-08-21 09:24:32,185000.0,400,Buy,233351484
2024-08-21 09:24:32,185000.0,100,Buy,233351485
2024-08-21 09:24:32,185000.0,200,Buy,233351486
2024-08-21 09:24:32,185000.0,1300,Buy,233351487
2024-08-21 09:24:33,185000.0,200,Buy,233351524
2024-08-21 09:24:34,185000.0,100,Buy,233351575
2024-08-21 09:24:34,185000.0,400,Buy,233351563
2024-08-21 09:24:34,185000.0,200,Buy,233351562
2024-08-21 09:24:34,185000.0,200,Buy,233351574
2024-08-21 09:24:35,185000.0,100,Buy,233351617
2024-08-21 09:24:35,185000.0,1000,Buy,233351618
2024-08-21 09:24:36,185000.0,1000,Buy,233351683
2024-08-21 09:24:37,185000.0,1000,Buy,233351734
2024-08-21 09:24:38,184900.0,100,Sell,233351762
2024-08-21 09:24:38,184900.0,500,Sell,233351761
2024-08-21 09:24:38,184900.0,100,Sell,233351759
2024-08-21 09:24:38,184900.0,100,Sell,233351758
2024-08-21 09:24:38,184900.0,100,Sell,233351760
2024-08-21 09:24:39,184900.0,100,Buy,233351863
2024-08-21 09:24:39,185000.0,100,Buy,233351864
2024-08-21 09:24:39,185000.0,300,Buy,233351865
2024-08-21 09:24:40,185000.0,200,Buy,233351930
2024-08-21 09:24:40,185000.0,100,Buy,233351931
2024-08-21 09:24:40,185000.0,100,Buy,233351929
2024-08-21 09:24:40,185000.0,100,Buy,233351932
2024-08-21 09:24:40,185000.0,100,Buy,233351927
2024-08-21 09:24:40,185000.0,500,Buy,233351923
2024-08-21 09:24:40,185000.0,100,Buy,233351928
2024-08-21 09:24:40,185000.0,200,Buy,233351926
2024-08-21 09:24:43,185000.0,100,Buy,233351998
2024-08-21 09:24:43,185000.0,100,Buy,233352023
2024-08-21 09:24:43,185000.0,100,Buy,233352024
2024-08-21 09:24:44,185000.0,100,Buy,233352093
2024-08-21 09:24:44,185000.0,100,Buy,233352094
2024-08-21 09:24:44,185000.0,100,Buy,233352095
2024-08-21 09:24:44,185000.0,500,Buy,233352096
2024-08-21 09:24:44,185000.0,2000,Buy,233352097
2024-08-21 09:24:44,185000.0,100,Buy,233352099
2024-08-21 09:24:44,185000.0,100,Buy,233352100
2024-08-21 09:24:44,185000.0,200,Buy,233352101
2024-08-21 09:24:44,185000.0,100,Buy,233352102
2024-08-21 09:24:44,185000.0,200,Buy,233352103
2024-08-21 09:24:44,185000.0,800,Buy,233352104
2024-08-21 09:24:44,185000.0,100,Buy,233352098
2024-08-21 09:24:44,185000.0,2000,Buy,233352091
2024-08-21 09:24:44,185000.0,200,Buy,233352092
2024-08-21 09:24:44,185000.0,800,Buy,233352089
2024-08-21 09:24:44,185000.0,100,Buy,233352062
2024-08-21 09:24:44,185000.0,700,Buy,233352063
2024-08-21 09:24:44,185000.0,300,Buy,233352079
2024-08-21 09:24:44,185000.0,100,Buy,233352081
2024-08-21 09:24:44,185000.0,100,Buy,233352082
2024-08-21 09:24:44,185000.0,100,Buy,233352080
2024-08-21 09:24:44,185000.0,500,Buy,233352084
2024-08-21 09:24:44,185000.0,100,Buy,233352085
2024-08-21 09:24:44,185000.0,100,Buy,233352086
2024-08-21 09:24:44,185000.0,100,Buy,233352087
2024-08-21 09:24:44,185000.0,1000,Buy,233352088
2024-08-21 09:24:44,185000.0,100,Buy,233352083
2024-08-21 09:24:44,185000.0,100,Buy,233352090
2024-08-21 09:24:46,185000.0,100,Buy,233352176
2024-08-21 09:24:47,184900.0,200,Sell,233352187
2024-08-21 09:24:48,184900.0,800,Buy,233352309
2024-08-21 09:24:48,185000.0,200,Buy,233352310
2024-08-21 09:24:49,185000.0,700,Buy,233352354
2024-08-21 09:24:50,185000.0,100,Buy,233352387
2024-08-21 09:24:50,185000.0,100,Buy,233352374
2024-08-21 09:24:50,185000.0,100,Buy,233352378
2024-08-21 09:24:55,184900.0,100,Buy,233352576
2024-08-21 09:24:58,184900.0,100,Buy,233352721
2024-08-21 09:24:58,184800.0,500,Sell,233352751
2024-08-21 09:24:58,184800.0,200,Sell,233352752
2024-08-21 09:24:58,184800.0,1000,Sell,233352753
2024-08-21 09:24:58,184800.0,100,Sell,233352754
2024-08-21 09:24:58,184800.0,200,Sell,233352755
2024-08-21 09:24:59,184800.0,200,Sell,233352779
2024-08-21 09:25:02,184700.0,500,Sell,233352895
2024-08-21 09:25:02,184800.0,300,Buy,233352873
2024-08-21 09:25:07,184700.0,1000,Buy,233353106
2024-08-21 09:25:07,184800.0,200,Buy,233353107
2024-08-21 09:25:07,184800.0,1600,Buy,233353108
2024-08-21 09:25:07,184800.0,200,Buy,233353109
2024-08-21 09:25:07,184800.0,300,Sell,233353127
2024-08-21 09:25:08,184800.0,2300,Sell,233353140
2024-08-21 09:25:08,184800.0,100,Sell,233353141
2024-08-21 09:25:08,184900.0,200,Buy,233353170
2024-08-21 09:25:09,184500.0,1000,Sell,233353219
2024-08-21 09:25:09,184500.0,100,Sell,233353218
2024-08-21 09:25:09,184600.0,200,Sell,233353183
2024-08-21 09:25:09,184600.0,200,Sell,233353184
2024-08-21 09:25:09,184600.0,1000,Sell,233353182
2024-08-21 09:25:09,184600.0,100,Buy,233353217
2024-08-21 09:25:10,184600.0,200,Buy,233353239
2024-08-21 09:25:11,184400.0,3900,Sell,233353285
2024-08-21 09:25:11,184400.0,200,Sell,233353286
2024-08-21 09:25:11,184400.0,100,Sell,233353287
2024-08-21 09:25:14,184600.0,200,Buy,233353434
2024-08-21 09:25:14,184200.0,200,Sell,233353485
2024-08-21 09:25:16,184100.0,600,Sell,233353525
2024-08-21 09:25:16,184100.0,400,Sell,233353524
2024-08-21 09:25:18,184200.0,100,Buy,233353593
2024-08-21 09:25:21,184200.0,400,Buy,233353749
2024-08-21 09:25:24,184200.0,500,Sell,233353859
2024-08-21 09:25:31,184200.0,100,Sell,233354203
2024-08-21 09:25:31,184200.0,100,Sell,233354229
2024-08-21 09:25:33,184200.0,200,Sell,233354309
2024-08-21 09:25:34,184200.0,100,Sell,233354401
2024-08-21 09:25:34,184200.0,100,Sell,233354400
2024-08-21 09:25:34,184200.0,400,Sell,233354398
2024-08-21 09:25:34,184200.0,1700,Sell,233354397
2024-08-21 09:25:34,184200.0,900,Sell,233354399
2024-08-21 09:25:35,184200.0,100,Buy,233354446
2024-08-21 09:25:35,184200.0,200,Buy,233354431
2024-08-21 09:25:40,184200.0,100,Buy,233354674
2024-08-21 09:25:41,184200.0,900,Buy,233354701
2024-08-21 09:25:42,184000.0,100,Sell,233354721
2024-08-21 09:25:42,184000.0,200,Sell,233354720
2024-08-21 09:25:42,184000.0,100,Sell,233354718
2024-08-21 09:25:42,184000.0,1000,Sell,233354717
2024-08-21 09:25:42,184000.0,500,Sell,233354719
2024-08-21 09:25:42,184100.0,600,Sell,233354715
2024-08-21 09:25:42,184100.0,100,Sell,233354714
2024-08-21 09:25:42,184100.0,500,Sell,233354713
2024-08-21 09:25:42,184100.0,1100,Sell,233354712
2024-08-21 09:25:42,184100.0,400,Sell,233354711
2024-08-21 09:25:42,184000.0,400,Sell,233354716
2024-08-21 09:25:43,184100.0,100,Buy,233354770
2024-08-21 09:25:49,184100.0,100,Buy,233354989
2024-08-21 09:25:49,184000.0,200,Sell,233354997
2024-08-21 09:25:53,184000.0,1500,Sell,233355162
2024-08-21 09:25:53,184000.0,100,Sell,233355161
2024-08-21 09:25:53,184000.0,1000,Sell,233355160
2024-08-21 09:25:53,184000.0,100,Sell,233355120
2024-08-21 09:25:53,184100.0,200,Buy,233355111
2024-08-21 09:25:53,184000.0,1200,Sell,233355159
2024-08-21 09:25:53,184000.0,100,Sell,233355119
2024-08-21 09:25:54,184000.0,500,Sell,233355176
2024-08-21 09:25:54,184000.0,100,Sell,233355177
2024-08-21 09:25:54,184000.0,100,Sell,233355178
2024-08-21 09:25:54,184000.0,300,Sell,233355179
2024-08-21 09:25:54,184000.0,1000,Sell,233355180
2024-08-21 09:25:54,184000.0,500,Sell,233355192
2024-08-21 09:25:55,184000.0,400,Sell,233355221
2024-08-21 09:25:55,184000.0,100,Sell,233355222
2024-08-21 09:25:55,184000.0,200,Sell,233355227
2024-08-21 09:25:55,184000.0,300,Sell,233355228
2024-08-21 09:25:55,184000.0,100,Sell,233355229
2024-08-21 09:25:55,184000.0,100,Sell,233355230
2024-08-21 09:25:56,184000.0,500,Buy,233355328
2024-08-21 09:25:58,183900.0,200,Sell,233355350
2024-08-21 09:25:58,183900.0,1000,Sell,233355351
2024-08-21 09:26:04,183700.0,100,Sell,233355694
2024-08-21 09:26:15,183300.0,200,Sell,233356103
2024-08-21 09:26:15,183300.0,1000,Sell,233356102
2024-08-21 09:26:16,183300.0,1800,Buy,233356133
2024-08-21 09:26:16,183700.0,100,Buy,233356134
2024-08-21 09:26:16,183700.0,100,Buy,233356135
2024-08-21 09:26:17,183300.0,500,Buy,233356185
2024-08-21 09:26:17,183700.0,400,Buy,233356201
2024-08-21 09:26:17,183700.0,100,Buy,233356202
2024-08-21 09:26:23,183300.0,100,Buy,233356440
2024-08-21 09:26:28,183500.0,600,Sell,233356616
2024-08-21 09:26:29,183700.0,100,Buy,233356683
2024-08-21 09:26:29,183700.0,200,Buy,233356684
2024-08-21 09:26:29,183700.0,100,Buy,233356685
2024-08-21 09:26:30,183700.0,300,Buy,233356724
2024-08-21 09:26:31,183500.0,300,Sell,233356734
2024-08-21 09:26:31,183000.0,1000,Sell,233356748
2024-08-21 09:26:33,183400.0,300,Buy,233356833
2024-08-21 09:26:34,183400.0,400,Buy,233356861
2024-08-21 09:26:34,183700.0,100,Buy,233356862
2024-08-21 09:26:36,183100.0,100,Sell,233356915
2024-08-21 09:26:36,183100.0,200,Sell,233356935
2024-08-21 09:26:36,183100.0,300,Sell,233356941
2024-08-21 09:26:36,183100.0,100,Sell,233356942
2024-08-21 09:26:36,183000.0,600,Sell,233356943
2024-08-21 09:26:37,183100.0,100,Sell,233357048
2024-08-21 09:26:41,183700.0,300,Buy,233357218
2024-08-21 09:26:45,183500.0,100,Sell,233357391
2024-08-21 09:26:45,183700.0,100,Buy,233357388
2024-08-21 09:26:45,183700.0,100,Buy,233357385
2024-08-21 09:26:45,183700.0,200,Buy,233357386
2024-08-21 09:26:45,183700.0,400,Buy,233357384
2024-08-21 09:26:45,183700.0,200,Buy,233357387
2024-08-21 09:26:46,183500.0,100,Sell,233357404
2024-08-21 09:26:46,183700.0,100,Buy,233357427
2024-08-21 09:26:53,183700.0,100,Buy,233357694
2024-08-21 09:26:53,183700.0,200,Buy,233357696
2024-08-21 09:26:53,183700.0,100,Buy,233357695
2024-08-21 09:26:53,183700.0,800,Buy,233357692
2024-08-21 09:26:53,183700.0,100,Buy,233357693
2024-08-21 09:26:55,183800.0,100,Buy,233357748
2024-08-21 09:26:55,183800.0,2000,Buy,233357749
2024-08-21 09:26:55,183800.0,500,Buy,233357750
2024-08-21 09:26:55,183700.0,500,Sell,233357774
2024-08-21 09:26:55,183500.0,500,Sell,233357775
2024-08-21 09:26:58,183900.0,100,Buy,233357854
2024-08-21 09:27:00,183500.0,200,Sell,233357938
2024-08-21 09:27:05,183700.0,100,Buy,233358132
2024-08-21 09:27:08,183700.0,900,Sell,233358251
2024-08-21 09:27:08,183700.0,100,Sell,233358250
2024-08-21 09:27:15,183600.0,100,Sell,233358545
2024-08-21 09:27:16,183600.0,200,Sell,233358560
2024-08-21 09:27:17,183700.0,100,Buy,233358610
2024-08-21 09:27:17,183900.0,400,Buy,233358611
2024-08-21 09:27:19,183700.0,200,Sell,233358678
2024-08-21 09:27:20,183700.0,500,Buy,233358740
2024-08-21 09:27:22,183900.0,100,Buy,233358806
2024-08-21 09:27:22,183900.0,300,Buy,233358807
2024-08-21 09:27:22,183900.0,500,Buy,233358849
2024-08-21 09:27:23,183900.0,200,Sell,233358872
2024-08-21 09:27:23,183700.0,300,Sell,233358870
2024-08-21 09:27:23,183900.0,200,Buy,233358871
2024-08-21 09:27:36,183800.0,100,Sell,233359339
2024-08-21 09:27:36,183700.0,200,Sell,233359340
2024-08-21 09:27:36,183700.0,100,Sell,233359341
2024-08-21 09:27:36,183600.0,600,Sell,233359342
2024-08-21 09:27:36,183900.0,100,Buy,233359367
2024-08-21 09:27:37,183800.0,100,Buy,233359371
2024-08-21 09:27:41,183800.0,400,Buy,233359654
2024-08-21 09:27:42,183800.0,100,Sell,233359700
2024-08-21 09:27:45,183800.0,600,Buy,233359756
2024-08-21 09:27:49,183800.0,100,Sell,233360027
2024-08-21 09:27:49,183800.0,1900,Buy,233360074
2024-08-21 09:27:55,183800.0,400,Sell,233360401
2024-08-21 09:27:55,183700.0,100,Sell,233360408
2024-08-21 09:27:56,183700.0,200,Sell,233360424
2024-08-21 09:27:56,183700.0,100,Sell,233360452
2024-08-21 09:27:57,184000.0,900,Buy,233360487
2024-08-21 09:27:57,184000.0,100,Buy,233360486
2024-08-21 09:27:57,184000.0,200,Buy,233360485
2024-08-21 09:27:57,183900.0,100,Buy,233360481
2024-08-21 09:27:57,184000.0,500,Buy,233360483
2024-08-21 09:27:57,184000.0,1000,Buy,233360482
2024-08-21 09:27:57,183800.0,100,Buy,233360480
2024-08-21 09:27:57,184000.0,200,Buy,233360484
2024-08-21 09:27:59,183700.0,1000,Sell,233360600
2024-08-21 09:27:59,184000.0,400,Buy,233360593
2024-08-21 09:27:59,184000.0,100,Buy,233360592
2024-08-21 09:27:59,184000.0,200,Buy,233360591
2024-08-21 09:27:59,184000.0,400,Buy,233360594
2024-08-21 09:27:59,184000.0,1000,Buy,233360589
2024-08-21 09:27:59,184000.0,100,Buy,233360588
2024-08-21 09:27:59,184000.0,400,Buy,233360587
2024-08-21 09:27:59,184000.0,100,Buy,233360585
2024-08-21 09:27:59,184000.0,100,Buy,233360586
2024-08-21 09:27:59,184000.0,300,Buy,233360590
2024-08-21 09:28:02,183900.0,100,Sell,233360751
2024-08-21 09:28:05,183900.0,100,Buy,233360917
2024-08-21 09:28:08,183800.0,100,Sell,233361029
2024-08-21 09:28:12,183900.0,300,Buy,233361222
2024-08-21 09:28:17,184000.0,100,Buy,233361385
2024-08-21 09:28:17,184000.0,1000,Buy,233361384
2024-08-21 09:28:17,184000.0,500,Buy,233361383
2024-08-21 09:28:17,184000.0,400,Buy,233361382
2024-08-21 09:28:17,184000.0,200,Buy,233361381
2024-08-21 09:28:17,184000.0,500,Buy,233361380
2024-08-21 09:28:17,184000.0,1000,Buy,233361379
2024-08-21 09:28:17,183900.0,700,Buy,233361356
2024-08-21 09:28:17,184000.0,1000,Buy,233361377
2024-08-21 09:28:17,184000.0,500,Buy,233361376
2024-08-21 09:28:17,184000.0,700,Buy,233361375
2024-08-21 09:28:17,184000.0,500,Buy,233361374
2024-08-21 09:28:17,184000.0,600,Buy,233361358
2024-08-21 09:28:17,183900.0,2000,Buy,233361357
2024-08-21 09:28:17,184000.0,300,Buy,233361378
2024-08-21 09:28:18,184000.0,1000,Sell,233361446
2024-08-21 09:28:18,184100.0,1600,Buy,233361477
2024-08-21 09:28:18,184100.0,1000,Buy,233361478
2024-08-21 09:28:24,184000.0,100,Sell,233361658
2024-08-21 09:28:24,184000.0,2000,Sell,233361661
2024-08-21 09:28:25,184000.0,1000,Sell,233361682
2024-08-21 09:28:25,184000.0,100,Sell,233361749
2024-08-21 09:28:26,184000.0,500,Sell,233361778
2024-08-21 09:28:26,184000.0,100,Sell,233361765
2024-08-21 09:28:26,184000.0,500,Sell,233361776
2024-08-21 09:28:26,184000.0,2200,Sell,233361777
2024-08-21 09:28:28,184000.0,300,Buy,233361858
2024-08-21 09:28:29,184000.0,2000,Buy,233361923
2024-08-21 09:28:29,184000.0,100,Buy,233361924
2024-08-21 09:28:29,184000.0,900,Sell,233361925
2024-08-21 09:28:30,184000.0,500,Buy,233361969
2024-08-21 09:28:31,184000.0,500,Buy,233362001
2024-08-21 09:28:32,184000.0,3000,Buy,233362025
2024-08-21 09:28:33,184000.0,100,Buy,233362068
2024-08-21 09:28:35,184000.0,100,Buy,233362222
2024-08-21 09:28:35,184000.0,800,Buy,233362238
2024-08-21 09:28:35,183900.0,100,Sell,233362255
2024-08-21 09:28:36,183900.0,200,Sell,233362276
2024-08-21 09:28:38,184000.0,200,Buy,233362359
2024-08-21 09:28:39,184000.0,100,Buy,233362382
2024-08-21 09:28:43,184000.0,100,Buy,233362545
2024-08-21 09:28:47,184000.0,100,Buy,233362699
2024-08-21 09:28:48,184000.0,100,Buy,233362838
2024-08-21 09:28:48,184000.0,400,Buy,233362839
2024-08-21 09:28:48,184000.0,500,Buy,233362837
2024-08-21 09:28:49,184000.0,200,Buy,233362847
2024-08-21 09:28:51,183900.0,200,Sell,233362929
2024-08-21 09:28:56,184000.0,200,Buy,233363318
2024-08-21 09:28:56,183900.0,600,Sell,233363373
2024-08-21 09:29:00,184000.0,3100,Buy,233363502
2024-08-21 09:29:11,184000.0,100,Buy,233364003
2024-08-21 09:29:12,184000.0,800,Buy,233364052
2024-08-21 09:29:12,184000.0,200,Buy,233364039
2024-08-21 09:29:13,184000.0,100,Buy,233364056
2024-08-21 09:29:13,184000.0,100,Buy,233364057
2024-08-21 09:29:14,184000.0,100,Buy,233364166
2024-08-21 09:29:14,184000.0,100,Buy,233364181
2024-08-21 09:29:14,184000.0,100,Buy,233364182
2024-08-21 09:29:14,184000.0,800,Buy,233364183
2024-08-21 09:29:15,184000.0,100,Sell,233364237
2024-08-21 09:29:15,184000.0,100,Buy,233364232
2024-08-21 09:29:15,184000.0,300,Buy,233364230
2024-08-21 09:29:15,184000.0,200,Buy,233364229
2024-08-21 09:29:15,184000.0,1000,Buy,233364231
2024-08-21 09:29:16,184000.0,100,Sell,233364284
2024-08-21 09:29:16,184000.0,200,Sell,233364276
2024-08-21 09:29:21,184000.0,100,Sell,233364592
2024-08-21 09:29:22,184100.0,100,Buy,233364688
2024-08-21 09:29:29,184000.0,500,Sell,233365008
2024-08-21 09:29:29,184000.0,100,Sell,233365009
2024-08-21 09:29:29,184000.0,400,Sell,233365010
2024-08-21 09:29:32,184000.0,1500,Sell,233365197
2024-08-21 09:29:32,184000.0,100,Sell,233365198
2024-08-21 09:29:32,184000.0,100,Sell,233365199
2024-08-21 09:29:32,184000.0,100,Sell,233365196
2024-08-21 09:29:33,184000.0,100,Buy,233365277
2024-08-21 09:29:34,184000.0,3300,Buy,233365278
2024-08-21 09:29:34,184100.0,100,Buy,233365279
2024-08-21 09:29:36,184100.0,300,Sell,233365402
2024-08-21 09:29:39,184200.0,100,Buy,233365537
2024-08-21 09:29:39,184200.0,500,Buy,233365535
2024-08-21 09:29:39,184200.0,200,Buy,233365534
2024-08-21 09:29:39,184200.0,100,Buy,233365536
2024-08-21 09:29:47,184100.0,200,Sell,233365932
2024-08-21 09:29:47,184100.0,2000,Sell,233366028
2024-08-21 09:29:55,184100.0,100,Sell,233366375
2024-08-21 09:29:56,184100.0,200,Sell,233366401
2024-08-21 09:30:03,184200.0,300,Buy,233366782
2024-08-21 09:30:04,184200.0,200,Buy,233366842
2024-08-21 09:30:07,184100.0,1200,Sell,233366986
2024-08-21 09:30:09,184200.0,200,Buy,233367088
2024-08-21 09:30:09,184100.0,500,Sell,233367101
2024-08-21 09:30:11,184200.0,200,Buy,233367181
2024-08-21 09:30:11,184200.0,100,Buy,233367182
2024-08-21 09:30:11,184100.0,700,Sell,233367188
2024-08-21 09:30:12,184200.0,400,Buy,233367215
2024-08-21 09:30:12,184200.0,300,Buy,233367216
2024-08-21 09:30:19,184200.0,200,Sell,233367582
2024-08-21 09:30:21,184200.0,100,Sell,233367640
2024-08-21 09:30:22,184500.0,1000,Buy,233367760
2024-08-21 09:30:22,184500.0,100,Buy,233367759
2024-08-21 09:30:22,184500.0,300,Buy,233367761
2024-08-21 09:30:28,184500.0,200,Buy,233368051
2024-08-21 09:30:28,184500.0,800,Buy,233368052
2024-08-21 09:30:29,184500.0,100,Buy,233368125
2024-08-21 09:30:32,184400.0,100,Buy,233368324
2024-08-21 09:30:34,184500.0,100,Buy,233368406
2024-08-21 09:30:36,184300.0,100,Sell,233368475
2024-08-21 09:30:36,184300.0,200,Sell,233368501
2024-08-21 09:30:39,184500.0,100,Buy,233368627
2024-08-21 09:30:39,184500.0,100,Buy,233368633
2024-08-21 09:30:39,184500.0,1000,Buy,233368634
2024-08-21 09:30:39,184500.0,100,Buy,233368635
2024-08-21 09:30:39,184500.0,100,Buy,233368636
2024-08-21 09:30:39,184500.0,200,Buy,233368637
2024-08-21 09:30:39,184500.0,400,Buy,233368638
2024-08-21 09:30:45,184500.0,600,Buy,233368874
2024-08-21 09:30:45,184500.0,200,Buy,233368872
2024-08-21 09:30:45,184500.0,200,Buy,233368873
2024-08-21 09:30:46,184300.0,100,Sell,233368947
2024-08-21 09:30:46,184300.0,100,Sell,233368948
2024-08-21 09:30:46,184300.0,200,Sell,233368949
2024-08-21 09:30:46,184300.0,100,Sell,233368950
2024-08-21 09:30:46,184300.0,100,Buy,233368956
2024-08-21 09:30:48,184300.0,100,Buy,233369063
2024-08-21 09:30:51,184300.0,100,Buy,233369151
2024-08-21 09:30:51,184300.0,100,Buy,233369161
2024-08-21 09:30:56,184500.0,100,Buy,233369317
2024-08-21 09:30:56,184500.0,400,Buy,233369314
2024-08-21 09:30:56,184500.0,100,Buy,233369315
2024-08-21 09:30:56,184500.0,400,Buy,233369316
2024-08-21 09:31:00,184500.0,300,Buy,233369486
2024-08-21 09:31:05,184500.0,300,Buy,233369723
2024-08-21 09:31:06,184300.0,100,Sell,233369809
2024-08-21 09:31:09,184500.0,300,Buy,233369926
2024-08-21 09:31:13,184500.0,100,Buy,233370168
2024-08-21 09:31:13,184500.0,100,Buy,233370167
2024-08-21 09:31:13,184500.0,100,Buy,233370165
2024-08-21 09:31:13,184500.0,500,Buy,233370166
2024-08-21 09:31:13,184500.0,100,Buy,233370164
2024-08-21 09:31:15,184500.0,100,Sell,233370277
2024-08-21 09:31:15,184500.0,100,Sell,233370278
2024-08-21 09:31:16,184500.0,100,Sell,233370448
2024-08-21 09:31:16,184300.0,200,Sell,233370459
2024-08-21 09:31:24,184400.0,1000,Sell,233370772
2024-08-21 09:31:24,184300.0,500,Sell,233370773
2024-08-21 09:31:25,184300.0,600,Sell,233370913
2024-08-21 09:31:27,184600.0,200,Buy,233370957
2024-08-21 09:31:27,184600.0,100,Buy,233370956
2024-08-21 09:31:27,184500.0,100,Buy,233370954
2024-08-21 09:31:27,184500.0,100,Buy,233370955
2024-08-21 09:31:27,184500.0,500,Buy,233370953
2024-08-21 09:31:29,184300.0,500,Sell,233371109
2024-08-21 09:31:29,184300.0,200,Sell,233371110
2024-08-21 09:31:43,184400.0,100,Sell,233371653
2024-08-21 09:31:50,184600.0,100,Buy,233372001
2024-08-21 09:31:50,184500.0,100,Buy,233372000
2024-08-21 09:31:53,184400.0,600,Sell,233372118
2024-08-21 09:31:54,184400.0,100,Sell,233372197
2024-08-21 09:31:55,184400.0,100,Sell,233372252
2024-08-21 09:31:56,184400.0,100,Sell,233372275
2024-08-21 09:31:56,184400.0,500,Sell,233372276
2024-08-21 09:31:56,184300.0,100,Sell,233372285
2024-08-21 09:31:56,184400.0,100,Buy,233372286
2024-08-21 09:31:56,184300.0,200,Sell,233372296
2024-08-21 09:32:05,184300.0,100,Sell,233372734
2024-08-21 09:32:07,184400.0,100,Buy,233372808
2024-08-21 09:32:09,184400.0,100,Buy,233372901
2024-08-21 09:32:09,184400.0,200,Buy,233372900
2024-08-21 09:32:15,184400.0,100,Sell,233373302
2024-08-21 09:32:26,184400.0,200,Sell,233373837
2024-08-21 09:32:29,184400.0,200,Sell,233373985
2024-08-21 09:32:30,184400.0,100,Sell,233374069
2024-08-21 09:32:35,184400.0,100,Sell,233374459
2024-08-21 09:32:36,184400.0,100,Sell,233374524
2024-08-21 09:32:36,184400.0,200,Sell,233374528
2024-08-21 09:32:37,184400.0,100,Sell,233374553
2024-08-21 09:32:39,184400.0,700,Sell,233374695
2024-08-21 09:32:51,184400.0,100,Sell,233375273
2024-08-21 09:32:55,184400.0,100,Sell,233375464
2024-08-21 09:32:55,184400.0,100,Sell,233375470
2024-08-21 09:32:55,184400.0,100,Sell,233375471
2024-08-21 09:32:56,184400.0,400,Sell,233375494
2024-08-21 09:32:58,184500.0,100,Buy,233375552
2024-08-21 09:32:58,184500.0,200,Buy,233375556
2024-08-21 09:32:58,184500.0,200,Buy,233375555
2024-08-21 09:32:58,184400.0,100,Sell,233375550
2024-08-21 09:32:58,184500.0,300,Buy,233375553
2024-08-21 09:32:58,184500.0,100,Buy,233375554
2024-08-21 09:33:01,184500.0,300,Buy,233375695
2024-08-21 09:33:06,184400.0,100,Sell,233375895
2024-08-21 09:33:10,184500.0,1000,Buy,233376164
2024-08-21 09:33:12,184400.0,100,Sell,233376295
2024-08-21 09:33:14,184500.0,900,Buy,233376379
2024-08-21 09:33:15,184400.0,100,Sell,233376452
2024-08-21 09:33:16,184400.0,100,Sell,233376476
2024-08-21 09:33:17,184400.0,200,Sell,233376505
2024-08-21 09:33:19,184500.0,200,Buy,233376606
2024-08-21 09:33:19,184500.0,100,Buy,233376607
2024-08-21 09:33:20,184400.0,100,Sell,233376666
2024-08-21 09:33:22,184500.0,100,Buy,233376734
2024-08-21 09:33:23,184500.0,300,Buy,233376763
2024-08-21 09:33:26,184400.0,100,Sell,233376985
2024-08-21 09:33:30,184500.0,100,Buy,233377148
2024-08-21 09:33:36,184400.0,100,Sell,233377497
2024-08-21 09:33:36,184500.0,100,Buy,233377498
2024-08-21 09:33:45,184400.0,100,Sell,233377866
2024-08-21 09:33:45,184500.0,100,Buy,233377867
2024-08-21 09:33:53,184400.0,600,Sell,233378106
2024-08-21 09:33:56,184400.0,100,Sell,233378194
2024-08-21 09:33:56,184400.0,100,Sell,233378184
2024-08-21 09:33:57,184500.0,100,Buy,233378207
2024-08-21 09:33:57,184400.0,100,Sell,233378202
2024-08-21 09:33:57,184400.0,100,Sell,233378203
2024-08-21 09:34:02,184500.0,100,Buy,233378356
2024-08-21 09:34:02,184500.0,100,Buy,233378357
2024-08-21 09:34:05,184400.0,100,Sell,233378450
2024-08-21 09:34:10,184500.0,100,Buy,233378644
2024-08-21 09:34:10,184500.0,100,Buy,233378645
2024-08-21 09:34:10,184500.0,100,Buy,233378646
2024-08-21 09:34:10,184500.0,300,Buy,233378648
2024-08-21 09:34:10,184500.0,400,Buy,233378647
2024-08-21 09:34:11,184400.0,100,Sell,233378690
2024-08-21 09:34:14,184500.0,700,Buy,233378802
2024-08-21 09:34:14,184500.0,300,Buy,233378803
2024-08-21 09:34:16,184400.0,100,Sell,233378852
2024-08-21 09:34:17,184500.0,100,Buy,233378870
2024-08-21 09:34:21,184500.0,400,Buy,233379025
2024-08-21 09:34:21,184500.0,600,Buy,233379024
2024-08-21 09:34:22,184500.0,600,Buy,233379061
2024-08-21 09:34:24,184500.0,300,Buy,233379118
2024-08-21 09:34:27,184500.0,1000,Buy,233379186
2024-08-21 09:34:34,184500.0,700,Buy,233379431
2024-08-21 09:34:34,184500.0,100,Buy,233379432
2024-08-21 09:34:34,184500.0,200,Buy,233379433
2024-08-21 09:34:35,184500.0,100,Buy,233379486
2024-08-21 09:34:36,184400.0,100,Sell,233379495
2024-08-21 09:34:36,184400.0,100,Sell,233379510
2024-08-21 09:34:36,184400.0,100,Sell,233379517
2024-08-21 09:34:37,184400.0,200,Sell,233379534
2024-08-21 09:34:38,184400.0,400,Sell,233379570
2024-08-21 09:34:38,184400.0,1000,Sell,233379571
2024-08-21 09:34:38,184400.0,1000,Sell,233379572
2024-08-21 09:34:38,184400.0,300,Sell,233379569
2024-08-21 09:34:40,184400.0,100,Buy,233379628
2024-08-21 09:34:42,184500.0,400,Buy,233379692
2024-08-21 09:34:42,184500.0,100,Buy,233379690
2024-08-21 09:34:42,184500.0,100,Buy,233379691
2024-08-21 09:34:42,184400.0,100,Buy,233379688
2024-08-21 09:34:42,184400.0,200,Buy,233379687
2024-08-21 09:34:42,184500.0,100,Buy,233379689
2024-08-21 09:34:48,184500.0,200,Buy,233379893
2024-08-21 09:34:51,184400.0,100,Sell,233379978
2024-08-21 09:34:56,184400.0,100,Sell,233380190
2024-08-21 09:34:56,184400.0,100,Sell,233380214
2024-08-21 09:35:01,184300.0,100,Sell,233380370
2024-08-21 09:35:06,184300.0,100,Sell,233380603
2024-08-21 09:35:06,184300.0,2000,Sell,233380602
2024-08-21 09:35:06,184300.0,1000,Sell,233380601
2024-08-21 09:35:06,184300.0,200,Sell,233380600
2024-08-21 09:35:06,184300.0,1000,Sell,233380596
2024-08-21 09:35:06,184300.0,100,Sell,233380598
2024-08-21 09:35:06,184300.0,100,Sell,233380597
2024-08-21 09:35:06,184300.0,1000,Sell,233380595
2024-08-21 09:35:06,184300.0,300,Sell,233380594
2024-08-21 09:35:06,184300.0,100,Sell,233380599
2024-08-21 09:35:07,184200.0,700,Sell,233380649
2024-08-21 09:35:09,184400.0,100,Sell,233380744
2024-08-21 09:35:09,184300.0,4100,Buy,233380713
2024-08-21 09:35:09,184400.0,100,Buy,233380714
2024-08-21 09:35:12,184400.0,100,Sell,233380885
2024-08-21 09:35:14,184400.0,100,Sell,233380959
2024-08-21 09:35:16,184400.0,100,Sell,233381022
2024-08-21 09:35:17,184400.0,200,Sell,233381056
2024-08-21 09:35:17,184400.0,100,Sell,233381042
2024-08-21 09:35:19,184400.0,100,Sell,233381103
2024-08-21 09:35:20,184400.0,1000,Sell,233381186
2024-08-21 09:35:22,184500.0,1500,Buy,233381270
2024-08-21 09:35:23,184400.0,400,Sell,233381321
2024-08-21 09:35:26,184400.0,100,Sell,233381480
2024-08-21 09:35:27,184400.0,600,Sell,233381516
2024-08-21 09:35:31,184400.0,800,Sell,233381602
2024-08-21 09:35:34,184400.0,1000,Sell,233381720
2024-08-21 09:35:36,184400.0,300,Sell,233381785
2024-08-21 09:35:36,184400.0,100,Sell,233381802
2024-08-21 09:35:38,184500.0,400,Buy,233381880
2024-08-21 09:35:41,184400.0,500,Sell,233381972
2024-08-21 09:35:49,184400.0,100,Sell,233382255
2024-08-21 09:35:49,184400.0,100,Sell,233382256
2024-08-21 09:35:49,184400.0,800,Sell,233382254
2024-08-21 09:35:49,184400.0,200,Sell,233382252
2024-08-21 09:35:49,184400.0,100,Sell,233382253
2024-08-21 09:35:50,184400.0,1000,Buy,233382265
2024-08-21 09:35:50,184500.0,300,Buy,233382267
2024-08-21 09:35:51,184200.0,100,Sell,233382285
2024-08-21 09:35:56,184200.0,100,Sell,233382513
2024-08-21 09:35:56,184200.0,100,Sell,233382515
2024-08-21 09:35:57,184200.0,200,Sell,233382543
2024-08-21 09:36:00,184200.0,100,Sell,233382654
2024-08-21 09:36:00,184200.0,100,Sell,233382655
2024-08-21 09:36:14,184200.0,200,Sell,233383138
2024-08-21 09:36:14,184200.0,700,Sell,233383139
2024-08-21 09:36:16,184200.0,100,Sell,233383192
2024-08-21 09:36:16,184200.0,100,Sell,233383209
2024-08-21 09:36:21,184200.0,600,Sell,233383412
2024-08-21 09:36:22,184200.0,100,Sell,233383437
2024-08-21 09:36:29,184300.0,100,Sell,233383713
2024-08-21 09:36:29,184300.0,100,Buy,233383678
2024-08-21 09:36:33,184200.0,500,Sell,233383791
2024-08-21 09:36:33,184200.0,100,Sell,233383790
2024-08-21 09:36:33,184300.0,200,Sell,233383787
2024-08-21 09:36:33,184200.0,100,Sell,233383788
2024-08-21 09:36:33,184200.0,100,Sell,233383789
2024-08-21 09:36:37,184300.0,100,Sell,233383898
2024-08-21 09:36:37,184300.0,100,Sell,233383899
2024-08-21 09:36:37,184200.0,200,Sell,233383924
2024-08-21 09:36:41,184200.0,100,Sell,233384019
2024-08-21 09:36:43,184200.0,1300,Sell,233384077
2024-08-21 09:36:44,184200.0,200,Sell,233384093
2024-08-21 09:36:44,184200.0,100,Sell,233384094
2024-08-21 09:36:57,184200.0,100,Sell,233384403
2024-08-21 09:37:01,184200.0,200,Sell,233384526
2024-08-21 09:37:06,184100.0,100,Sell,233384703
2024-08-21 09:37:17,184100.0,200,Sell,233385048
2024-08-21 09:37:17,184100.0,100,Sell,233385033
2024-08-21 09:37:17,184100.0,100,Sell,233385043
2024-08-21 09:37:21,184200.0,500,Buy,233385123
2024-08-21 09:37:21,184100.0,500,Sell,233385134
2024-08-21 09:37:23,184100.0,200,Sell,233385207
2024-08-21 09:37:30,184100.0,100,Sell,233385452
2024-08-21 09:37:30,184100.0,500,Sell,233385453
2024-08-21 09:37:30,184100.0,200,Sell,233385454
2024-08-21 09:37:31,184000.0,100,Sell,233385490
2024-08-21 09:37:36,184000.0,200,Sell,233385575
2024-08-21 09:37:36,184000.0,100,Sell,233385576
2024-08-21 09:37:37,184000.0,100,Sell,233385614
2024-08-21 09:37:42,184000.0,200,Sell,233385787
2024-08-21 09:37:48,184000.0,300,Sell,233386071
2024-08-21 09:37:48,184000.0,200,Sell,233386070
2024-08-21 09:37:49,184000.0,400,Sell,233386117
2024-08-21 09:37:49,184000.0,500,Sell,233386104
2024-08-21 09:37:49,184000.0,100,Sell,233386103
2024-08-21 09:37:49,184000.0,500,Sell,233386100
2024-08-21 09:37:49,184000.0,1000,Sell,233386099
2024-08-21 09:37:49,184000.0,100,Sell,233386102
2024-08-21 09:37:49,184000.0,1000,Sell,233386097
2024-08-21 09:37:49,184000.0,100,Sell,233386098
2024-08-21 09:37:49,184000.0,700,Sell,233386093
2024-08-21 09:37:49,184000.0,100,Sell,233386094
2024-08-21 09:37:49,184000.0,500,Sell,233386101
2024-08-21 09:37:49,184000.0,200,Sell,233386096
2024-08-21 09:37:49,184000.0,200,Sell,233386095
2024-08-21 09:37:50,184100.0,100,Buy,233386132
2024-08-21 09:37:50,184000.0,100,Sell,233386131
2024-08-21 09:37:50,184000.0,100,Sell,233386147
2024-08-21 09:37:52,184000.0,400,Sell,233386168
2024-08-21 09:37:52,184000.0,100,Sell,233386169
2024-08-21 09:37:52,184000.0,200,Sell,233386269
2024-08-21 09:37:54,184000.0,100,Sell,233386310
2024-08-21 09:37:54,184000.0,500,Sell,233386324
2024-08-21 09:37:57,184000.0,100,Sell,233386407
2024-08-21 09:37:57,184000.0,100,Sell,233386409
2024-08-21 09:37:57,184000.0,100,Sell,233386410
2024-08-21 09:37:57,184000.0,100,Sell,233386411
2024-08-21 09:37:57,184000.0,200,Sell,233386420
2024-08-21 09:37:57,184000.0,100,Sell,233386421
2024-08-21 09:37:57,184000.0,100,Sell,233386422
2024-08-21 09:37:57,184000.0,300,Sell,233386423
2024-08-21 09:38:05,184000.0,100,Sell,233386630
2024-08-21 09:38:07,184000.0,100,Sell,233386692
2024-08-21 09:38:07,184000.0,100,Sell,233386659
2024-08-21 09:38:08,184000.0,100,Sell,233386725
2024-08-21 09:38:08,184000.0,500,Sell,233386724
2024-08-21 09:38:08,184000.0,100,Sell,233386723
2024-08-21 09:38:08,184000.0,100,Sell,233386726
2024-08-21 09:38:08,184000.0,200,Sell,233386721
2024-08-21 09:38:08,184000.0,2000,Sell,233386720
2024-08-21 09:38:08,184000.0,100,Sell,233386719
2024-08-21 09:38:08,184000.0,300,Sell,233386722
2024-08-21 09:38:08,184000.0,100,Sell,233386718
2024-08-21 09:38:10,184000.0,100,Sell,233386757
2024-08-21 09:38:11,184100.0,100,Buy,233386800
2024-08-21 09:38:11,184000.0,200,Sell,233386807
2024-08-21 09:38:12,184000.0,2000,Sell,233386828
2024-08-21 09:38:14,184000.0,100,Sell,233386875
2024-08-21 09:38:16,184000.0,100,Sell,233386993
2024-08-21 09:38:17,184000.0,100,Sell,233387011
2024-08-21 09:38:17,184000.0,200,Sell,233387003
2024-08-21 09:38:18,184000.0,400,Sell,233387028
2024-08-21 09:38:19,184000.0,100,Sell,233387039
2024-08-21 09:38:19,184000.0,100,Sell,233387037
2024-08-21 09:38:19,184000.0,200,Sell,233387040
2024-08-21 09:38:21,183900.0,100,Sell,233387122
2024-08-21 09:38:21,184000.0,100,Sell,233387096
2024-08-21 09:38:21,184000.0,100,Sell,233387093
2024-08-21 09:38:21,184000.0,300,Sell,233387094
2024-08-21 09:38:21,184000.0,200,Sell,233387095
2024-08-21 09:38:29,183900.0,300,Sell,233387383
2024-08-21 09:38:29,183900.0,100,Sell,233387384
2024-08-21 09:38:29,183900.0,100,Sell,233387385
2024-08-21 09:38:35,183900.0,100,Sell,233387557
2024-08-21 09:38:35,183900.0,400,Sell,233387556
2024-08-21 09:38:37,183900.0,100,Sell,233387586
2024-08-21 09:38:37,183900.0,100,Sell,233387593
2024-08-21 09:38:37,183900.0,200,Sell,233387597
2024-08-21 09:38:40,184000.0,500,Buy,233387639
2024-08-21 09:38:41,183900.0,500,Sell,233387681
2024-08-21 09:38:47,183900.0,100,Sell,233387822
2024-08-21 09:38:48,183900.0,700,Sell,233387847
2024-08-21 09:38:55,183900.0,100,Sell,233388000
2024-08-21 09:38:57,183900.0,100,Sell,233388053
2024-08-21 09:39:07,184000.0,200,Buy,233388309
2024-08-21 09:39:08,183900.0,500,Sell,233388334
2024-08-21 09:39:12,183900.0,100,Sell,233388411
2024-08-21 09:39:13,183900.0,400,Sell,233388423
2024-08-21 09:39:13,183900.0,100,Sell,233388424
2024-08-21 09:39:15,183900.0,100,Sell,233388470
2024-08-21 09:39:15,183900.0,100,Sell,233388471
2024-08-21 09:39:15,183900.0,100,Sell,233388473
2024-08-21 09:39:15,183900.0,500,Sell,233388474
2024-08-21 09:39:15,183900.0,600,Sell,233388475
2024-08-21 09:39:15,183900.0,100,Sell,233388476
2024-08-21 09:39:15,183900.0,200,Sell,233388472
2024-08-21 09:39:17,183800.0,100,Sell,233388577
2024-08-21 09:39:17,183800.0,100,Sell,233388592
2024-08-21 09:39:18,183800.0,200,Sell,233388599
2024-08-21 09:39:25,183800.0,200,Sell,233388745
2024-08-21 09:39:28,183800.0,100,Sell,233388870
2024-08-21 09:39:28,183800.0,400,Sell,233388869
2024-08-21 09:39:33,183800.0,100,Sell,233388987
2024-08-21 09:39:33,183800.0,100,Sell,233388986
2024-08-21 09:39:33,183800.0,100,Sell,233388982
2024-08-21 09:39:33,183800.0,400,Sell,233388984
2024-08-21 09:39:33,183800.0,200,Sell,233388985
2024-08-21 09:39:33,183800.0,100,Sell,233388983
2024-08-21 09:39:37,183700.0,100,Sell,233389087
2024-08-21 09:39:38,183700.0,100,Sell,233389108
2024-08-21 09:39:42,183700.0,100,Sell,233389221
2024-08-21 09:39:44,183700.0,200,Sell,233389256
2024-08-21 09:39:50,183700.0,500,Sell,233389419
2024-08-21 09:39:51,183700.0,100,Sell,233389421
2024-08-21 09:39:55,183700.0,100,Sell,233389541
2024-08-21 09:39:57,183700.0,100,Sell,233389660
2024-08-21 09:39:57,183700.0,100,Sell,233389661
2024-08-21 09:39:58,183700.0,100,Sell,233389677
2024-08-21 09:39:58,183700.0,200,Sell,233389678
2024-08-21 09:40:02,183700.0,100,Sell,233389861
2024-08-21 09:40:03,183700.0,500,Sell,233389893
2024-08-21 09:40:11,183700.0,200,Sell,233390045
2024-08-21 09:40:11,183700.0,100,Sell,233390046
2024-08-21 09:40:12,183700.0,100,Buy,233390065
2024-08-21 09:40:18,183600.0,100,Sell,233390202
2024-08-21 09:40:28,183600.0,100,Sell,233390447
2024-08-21 09:40:28,183600.0,1100,Sell,233390455
2024-08-21 09:40:29,183600.0,800,Sell,233390463
2024-08-21 09:40:29,183600.0,200,Sell,233390464
2024-08-21 09:40:29,183600.0,100,Sell,233390465
2024-08-21 09:40:29,183600.0,100,Sell,233390466
2024-08-21 09:40:29,183600.0,100,Sell,233390467
2024-08-21 09:40:29,183600.0,100,Sell,233390468
2024-08-21 09:40:29,183600.0,100,Sell,233390469
2024-08-21 09:40:36,183500.0,100,Sell,233390684
2024-08-21 09:40:36,183500.0,100,Sell,233390685
2024-08-21 09:40:36,183500.0,200,Sell,233390686
2024-08-21 09:40:36,183500.0,200,Sell,233390687
2024-08-21 09:40:36,183500.0,400,Sell,233390688
2024-08-21 09:40:37,183500.0,100,Sell,233390718
2024-08-21 09:40:38,183500.0,200,Sell,233390735
2024-08-21 09:40:38,183500.0,100,Sell,233390747
2024-08-21 09:40:41,183500.0,200,Sell,233390826
2024-08-21 09:40:41,183500.0,100,Sell,233390827
2024-08-21 09:40:41,183500.0,200,Sell,233390828
2024-08-21 09:40:43,183500.0,1900,Sell,233390874
2024-08-21 09:40:44,183600.0,200,Buy,233390923
2024-08-21 09:40:45,183500.0,100,Sell,233390940
2024-08-21 09:40:45,183500.0,600,Sell,233390941
2024-08-21 09:40:50,183500.0,300,Sell,233391060
2024-08-21 09:40:52,183500.0,1000,Sell,233391096
2024-08-21 09:40:53,183500.0,100,Sell,233391128
2024-08-21 09:40:58,183500.0,100,Sell,233391216
2024-08-21 09:40:58,183500.0,100,Sell,233391227
2024-08-21 09:40:59,183500.0,100,Sell,233391241
2024-08-21 09:40:59,183500.0,100,Sell,233391242
2024-08-21 09:40:59,183500.0,100,Sell,233391243
2024-08-21 09:40:59,183500.0,200,Sell,233391244
2024-08-21 09:41:02,183400.0,100,Sell,233391323
2024-08-21 09:41:04,183300.0,100,Sell,233391395
2024-08-21 09:41:04,183300.0,100,Sell,233391394
2024-08-21 09:41:04,183300.0,100,Sell,233391392
2024-08-21 09:41:04,183300.0,100,Sell,233391393
2024-08-21 09:41:16,183300.0,100,Sell,233391732
2024-08-21 09:41:17,183200.0,100,Sell,233391760
2024-08-21 09:41:18,183200.0,200,Sell,233391767
2024-08-21 09:41:18,183200.0,100,Sell,233391773
2024-08-21 09:41:18,183200.0,100,Sell,233391775
2024-08-21 09:41:31,183200.0,300,Sell,233392174
2024-08-21 09:41:31,183200.0,100,Sell,233392192
2024-08-21 09:41:35,183200.0,500,Sell,233392297
2024-08-21 09:41:36,183300.0,100,Buy,233392304
2024-08-21 09:41:38,183200.0,100,Sell,233392358
2024-08-21 09:41:38,183300.0,100,Buy,233392359
2024-08-21 09:41:38,183300.0,100,Buy,233392360
2024-08-21 09:41:43,183100.0,100,Sell,233392480
2024-08-21 09:41:45,183300.0,200,Buy,233392504
2024-08-21 09:41:47,183000.0,1400,Sell,233392555
2024-08-21 09:41:47,183100.0,1700,Sell,233392554
2024-08-21 09:41:47,183100.0,1000,Sell,233392553
2024-08-21 09:41:47,183100.0,200,Sell,233392552
2024-08-21 09:41:47,183100.0,500,Sell,233392550
2024-08-21 09:41:47,183100.0,100,Sell,233392551
2024-08-21 09:41:47,183100.0,100,Sell,233392549
2024-08-21 09:41:54,183100.0,1000,Buy,233392712
2024-08-21 09:41:57,183000.0,100,Sell,233392834
2024-08-21 09:41:57,183000.0,1800,Sell,233392832
2024-08-21 09:41:57,183000.0,100,Sell,233392835
2024-08-21 09:41:58,183100.0,100,Buy,233392838
2024-08-21 09:41:58,183000.0,200,Sell,233392846
2024-08-21 09:41:58,183100.0,100,Buy,233392856
2024-08-21 09:41:58,183000.0,100,Sell,233392857
2024-08-21 09:42:00,183000.0,100,Sell,233392883
2024-08-21 09:42:00,183100.0,100,Buy,233392891
2024-08-21 09:42:00,183100.0,100,Buy,233392893
2024-08-21 09:42:00,183100.0,100,Buy,233392892
2024-08-21 09:42:02,183100.0,300,Sell,233392979
2024-08-21 09:42:02,183100.0,200,Sell,233392980
2024-08-21 09:42:02,183000.0,500,Sell,233392981
2024-08-21 09:42:06,183100.0,100,Buy,233393082
2024-08-21 09:42:09,183100.0,100,Sell,233393158
2024-08-21 09:42:09,183100.0,100,Sell,233393157
2024-08-21 09:42:10,183300.0,100,Buy,233393185
2024-08-21 09:42:18,183100.0,500,Sell,233393355
2024-08-21 09:42:18,183100.0,100,Sell,233393354
2024-08-21 09:42:28,183300.0,200,Buy,233393570
2024-08-21 09:42:28,183300.0,300,Buy,233393569
2024-08-21 09:42:34,183100.0,100,Sell,233393820
2024-08-21 09:42:36,183100.0,300,Sell,233393886
2024-08-21 09:42:36,183300.0,100,Buy,233393893
2024-08-21 09:42:37,183100.0,100,Sell,233393913
2024-08-21 09:42:37,183100.0,100,Sell,233393914
2024-08-21 09:42:37,183100.0,300,Sell,233393915
2024-08-21 09:42:38,183100.0,100,Sell,233393940
2024-08-21 09:42:39,183100.0,200,Sell,233393944
2024-08-21 09:42:39,183100.0,100,Sell,233393945
2024-08-21 09:42:39,183300.0,100,Buy,233393948
2024-08-21 09:42:39,183300.0,100,Buy,233393964
2024-08-21 09:42:39,183300.0,100,Buy,233393965
2024-08-21 09:42:39,183300.0,300,Buy,233393966
2024-08-21 09:42:43,183100.0,200,Sell,233394053
2024-08-21 09:42:49,183100.0,100,Sell,233394176
2024-08-21 09:42:51,183300.0,500,Buy,233394241
2024-08-21 09:42:59,183100.0,100,Sell,233394427
2024-08-21 09:42:59,183100.0,100,Sell,233394429
2024-08-21 09:43:02,183100.0,200,Sell,233394510
2024-08-21 09:43:12,183100.0,600,Sell,233394798
2024-08-21 09:43:12,183100.0,100,Sell,233394799
2024-08-21 09:43:12,183100.0,100,Sell,233394800
2024-08-21 09:43:12,183100.0,200,Sell,233394801
2024-08-21 09:43:12,183100.0,500,Sell,233394802
2024-08-21 09:43:12,183100.0,200,Sell,233394803
2024-08-21 09:43:12,183100.0,100,Sell,233394804
2024-08-21 09:43:12,183100.0,1500,Sell,233394805
2024-08-21 09:43:12,183100.0,100,Sell,233394806
2024-08-21 09:43:12,183000.0,6600,Sell,233394807
2024-08-21 09:43:13,183300.0,100,Buy,233394840
2024-08-21 09:43:13,183000.0,200,Sell,233394841
2024-08-21 09:43:18,183100.0,100,Sell,233394944
2024-08-21 09:43:18,183000.0,200,Sell,233394962
2024-08-21 09:43:19,183000.0,100,Sell,233394978
2024-08-21 09:43:21,183000.0,100,Sell,233395020
2024-08-21 09:43:23,183500.0,200,Buy,233395148
2024-08-21 09:43:23,183500.0,100,Buy,233395145
2024-08-21 09:43:23,183500.0,200,Buy,233395147
2024-08-21 09:43:23,183500.0,300,Buy,233395146
2024-08-21 09:43:23,183500.0,500,Buy,233395144
2024-08-21 09:43:23,183300.0,1100,Buy,233395138
2024-08-21 09:43:23,183500.0,100,Buy,233395142
2024-08-21 09:43:23,183400.0,100,Buy,233395141
2024-08-21 09:43:23,183400.0,100,Buy,233395140
2024-08-21 09:43:23,183300.0,100,Buy,233395139
2024-08-21 09:43:23,183500.0,100,Buy,233395143
2024-08-21 09:43:23,183100.0,100,Buy,233395137
2024-08-21 09:43:24,183000.0,100,Sell,233395173
2024-08-21 09:43:28,183100.0,100,Sell,233395290
2024-08-21 09:43:33,183100.0,100,Sell,233395424
2024-08-21 09:43:33,183100.0,400,Sell,233395425
2024-08-21 09:43:39,183100.0,100,Sell,233395638
2024-08-21 09:43:47,183500.0,200,Buy,233395794
2024-08-21 09:43:49,183200.0,100,Sell,233395833
2024-08-21 09:43:53,183600.0,200,Buy,233395927
2024-08-21 09:43:53,183500.0,1800,Buy,233395926
2024-08-21 09:43:58,183200.0,100,Sell,233396039
2024-08-21 09:43:58,183200.0,200,Sell,233396051
2024-08-21 09:43:59,183200.0,100,Sell,233396064
2024-08-21 09:44:07,183600.0,100,Buy,233396334
2024-08-21 09:44:07,183600.0,400,Buy,233396335
2024-08-21 09:44:11,183600.0,900,Buy,233396437
2024-08-21 09:44:12,183600.0,100,Buy,233396474
2024-08-21 09:44:14,183500.0,100,Sell,233396510
2024-08-21 09:44:15,183600.0,1000,Buy,233396533
2024-08-21 09:44:15,183600.0,500,Buy,233396534
2024-08-21 09:44:15,183700.0,100,Buy,233396535
2024-08-21 09:44:15,183700.0,100,Buy,233396536
2024-08-21 09:44:15,183700.0,200,Buy,233396537
2024-08-21 09:44:15,183700.0,2000,Buy,233396538
2024-08-21 09:44:17,183900.0,300,Buy,233396611
2024-08-21 09:44:17,183800.0,100,Buy,233396610
2024-08-21 09:44:17,183900.0,2100,Buy,233396612
2024-08-21 09:44:17,183800.0,100,Buy,233396608
2024-08-21 09:44:17,183800.0,200,Buy,233396607
2024-08-21 09:44:17,183800.0,100,Buy,233396609
2024-08-21 09:44:17,183800.0,100,Buy,233396606
2024-08-21 09:44:19,183700.0,100,Sell,233396677
2024-08-21 09:44:19,183700.0,500,Sell,233396656
2024-08-21 09:44:19,183700.0,100,Sell,233396665
2024-08-21 09:44:22,183900.0,1000,Buy,233396736
2024-08-21 09:44:24,183900.0,1600,Buy,233396837
2024-08-21 09:44:24,183900.0,900,Buy,233396838
2024-08-21 09:44:24,183900.0,100,Buy,233396839
2024-08-21 09:44:24,184000.0,300,Buy,233396840
2024-08-21 09:44:27,184000.0,300,Buy,233396947
2024-08-21 09:44:27,184000.0,600,Buy,233396948
2024-08-21 09:44:31,184000.0,400,Buy,233397023
2024-08-21 09:44:31,184000.0,100,Buy,233397025
2024-08-21 09:44:31,184000.0,400,Buy,233397026
2024-08-21 09:44:31,184000.0,100,Buy,233397024
2024-08-21 09:44:36,184000.0,100,Buy,233397181
2024-08-21 09:44:38,183800.0,100,Sell,233397210
2024-08-21 09:44:38,183800.0,200,Sell,233397224
2024-08-21 09:44:39,183700.0,100,Sell,233397271
2024-08-21 09:44:39,183700.0,100,Sell,233397270
2024-08-21 09:44:42,184000.0,200,Buy,233397333
2024-08-21 09:44:42,184000.0,1800,Buy,233397334
2024-08-21 09:44:47,183700.0,200,Sell,233397488
2024-08-21 09:44:47,183700.0,200,Buy,233397490
2024-08-21 09:44:49,183700.0,100,Buy,233397571
2024-08-21 09:44:54,183800.0,200,Sell,233397695
2024-08-21 09:44:58,183900.0,100,Buy,233397806
2024-08-21 09:44:59,183800.0,100,Sell,233397830
2024-08-21 09:45:03,183800.0,100,Sell,233397927
2024-08-21 09:45:04,183500.0,100,Sell,233397957
2024-08-21 09:45:10,183500.0,100,Buy,233398098
2024-08-21 09:45:18,183700.0,100,Sell,233398257
2024-08-21 09:45:19,183700.0,100,Sell,233398297
2024-08-21 09:45:19,183700.0,200,Sell,233398266
2024-08-21 09:45:27,183800.0,100,Buy,233398510
2024-08-21 09:45:29,183700.0,100,Sell,233398591
2024-08-21 09:45:30,183800.0,100,Buy,233398602
2024-08-21 09:45:35,184000.0,1100,Buy,233398738
2024-08-21 09:45:35,184000.0,100,Buy,233398737
2024-08-21 09:45:35,184000.0,200,Buy,233398736
2024-08-21 09:45:35,183900.0,100,Buy,233398735
2024-08-21 09:45:35,183900.0,200,Buy,233398733
2024-08-21 09:45:35,183800.0,1000,Buy,233398732
2024-08-21 09:45:35,183800.0,200,Buy,233398731
2024-08-21 09:45:35,183900.0,100,Buy,233398734
2024-08-21 09:45:39,183500.0,100,Sell,233398898
2024-08-21 09:45:54,183500.0,100,Sell,233399230
2024-08-21 09:45:58,183600.0,100,Sell,233399361
2024-08-21 09:45:59,183600.0,200,Sell,233399399
2024-08-21 09:46:00,183600.0,100,Sell,233399414
2024-08-21 09:46:01,183600.0,500,Sell,233399455
2024-08-21 09:46:01,183600.0,100,Sell,233399445
2024-08-21 09:46:07,183700.0,100,Sell,233399584
2024-08-21 09:46:07,183600.0,100,Sell,233399585
2024-08-21 09:46:20,183600.0,100,Sell,233399923
2024-08-21 09:46:20,183600.0,100,Sell,233399924
2024-08-21 09:46:21,183700.0,100,Buy,233399956
2024-08-21 09:46:32,183800.0,100,Buy,233400291
2024-08-21 09:46:33,184000.0,600,Buy,233400320
2024-08-21 09:46:33,184000.0,1000,Buy,233400319
2024-08-21 09:46:33,184000.0,900,Buy,233400316
2024-08-21 09:46:33,184000.0,200,Buy,233400317
2024-08-21 09:46:33,184000.0,300,Buy,233400318
2024-08-21 09:46:38,183700.0,100,Sell,233400447
2024-08-21 09:46:39,183700.0,200,Sell,233400455
2024-08-21 09:46:40,183700.0,100,Sell,233400512
2024-08-21 09:46:45,183700.0,100,Sell,233400629
2024-08-21 09:47:00,183700.0,100,Sell,233401084
2024-08-21 09:47:04,183700.0,100,Sell,233401199
2024-08-21 09:47:10,183700.0,100,Sell,233401321
2024-08-21 09:47:16,183700.0,500,Sell,233401467
2024-08-21 09:47:18,183700.0,100,Sell,233401501
2024-08-21 09:47:19,183600.0,200,Sell,233401538
2024-08-21 09:47:20,183600.0,100,Sell,233401559
2024-08-21 09:47:35,183700.0,100,Sell,233401896
2024-08-21 09:47:37,183800.0,100,Buy,233401929
2024-08-21 09:47:37,183800.0,100,Buy,233401930
2024-08-21 09:47:40,183800.0,100,Sell,233401988
2024-08-21 09:47:58,183800.0,100,Sell,233402425
2024-08-21 09:47:58,183800.0,200,Sell,233402410
2024-08-21 09:47:59,183800.0,200,Sell,233402446
2024-08-21 09:47:59,183800.0,400,Sell,233402439
2024-08-21 09:48:00,183800.0,100,Sell,233402463
2024-08-21 09:48:00,183800.0,100,Sell,233402460
2024-08-21 09:48:00,183800.0,100,Sell,233402462
2024-08-21 09:48:02,183800.0,100,Sell,233402486
2024-08-21 09:48:03,183900.0,100,Buy,233402530
2024-08-21 09:48:03,183900.0,100,Buy,233402531
2024-08-21 09:48:03,183900.0,100,Buy,233402532
2024-08-21 09:48:03,183900.0,100,Buy,233402533
2024-08-21 09:48:14,183900.0,100,Buy,233402879
2024-08-21 09:48:18,183900.0,600,Buy,233402948
2024-08-21 09:48:20,183800.0,100,Sell,233403011
2024-08-21 09:48:25,183900.0,300,Buy,233403126
2024-08-21 09:48:25,183900.0,100,Sell,233403142
2024-08-21 09:48:30,183900.0,100,Sell,233403282
2024-08-21 09:48:36,183900.0,200,Buy,233403477
2024-08-21 09:48:37,183900.0,200,Buy,233403484
2024-08-21 09:48:37,183900.0,100,Buy,233403482
2024-08-21 09:48:37,183900.0,300,Buy,233403483
2024-08-21 09:48:39,183900.0,200,Sell,233403518
2024-08-21 09:48:39,183900.0,100,Sell,233403506
2024-08-21 09:48:41,183900.0,100,Sell,233403565
2024-08-21 09:48:49,184000.0,3000,Buy,233403766
2024-08-21 09:48:50,183900.0,100,Sell,233403792
2024-08-21 09:48:53,184000.0,200,Buy,233403898
2024-08-21 09:48:55,184000.0,300,Buy,233403939
2024-08-21 09:48:55,184000.0,100,Buy,233403938
2024-08-21 09:48:55,184000.0,100,Buy,233403937
2024-08-21 09:48:55,184000.0,900,Buy,233403936
2024-08-21 09:48:55,184000.0,1000,Buy,233403935
2024-08-21 09:48:55,184000.0,1000,Buy,233403934
2024-08-21 09:48:55,184000.0,100,Buy,233403933
2024-08-21 09:48:55,184000.0,100,Buy,233403931
2024-08-21 09:48:55,184000.0,300,Buy,233403930
2024-08-21 09:48:55,184000.0,2000,Buy,233403929
2024-08-21 09:48:55,184000.0,500,Buy,233403932
2024-08-21 09:48:55,184000.0,200,Buy,233403927
2024-08-21 09:48:55,184000.0,100,Buy,233403926
2024-08-21 09:48:55,184000.0,500,Buy,233403925
2024-08-21 09:48:55,184000.0,500,Buy,233403906
2024-08-21 09:48:55,184000.0,100,Buy,233403924
2024-08-21 09:48:55,184000.0,100,Buy,233403923
2024-08-21 09:48:55,184000.0,200,Buy,233403922
2024-08-21 09:48:55,184000.0,100,Buy,233403921
2024-08-21 09:48:55,184000.0,100,Buy,233403920
2024-08-21 09:48:55,184000.0,4000,Buy,233403919
2024-08-21 09:48:55,184000.0,1700,Buy,233403918
2024-08-21 09:48:55,184000.0,500,Buy,233403928
2024-08-21 09:48:56,184000.0,500,Buy,233403957
2024-08-21 09:48:56,184000.0,400,Buy,233403958
2024-08-21 09:49:00,184000.0,300,Buy,233404026
2024-08-21 09:49:00,184000.0,100,Buy,233404027
2024-08-21 09:49:00,184000.0,100,Buy,233404028
2024-08-21 09:49:01,184000.0,100,Sell,233404052
2024-08-21 09:49:03,184000.0,100,Sell,233404109
2024-08-21 09:49:03,184100.0,200,Buy,233404116
2024-08-21 09:49:03,184100.0,100,Buy,233404117
2024-08-21 09:49:04,184000.0,100,Sell,233404137
2024-08-21 09:49:11,184200.0,100,Buy,233404305
2024-08-21 09:49:11,184200.0,500,Buy,233404304
2024-08-21 09:49:11,184200.0,100,Buy,233404301
2024-08-21 09:49:11,184200.0,100,Buy,233404302
2024-08-21 09:49:11,184200.0,500,Buy,233404303
2024-08-21 09:49:15,184200.0,100,Sell,233404413
2024-08-21 09:49:16,184200.0,100,Sell,233404422
2024-08-21 09:49:18,184300.0,300,Buy,233404461
2024-08-21 09:49:18,184300.0,500,Buy,233404462
2024-08-21 09:49:18,184300.0,100,Buy,233404463
2024-08-21 09:49:19,184300.0,100,Sell,233404484
2024-08-21 09:49:19,184200.0,200,Sell,233404510
2024-08-21 09:49:21,184200.0,100,Sell,233404532
2024-08-21 09:49:30,184400.0,200,Buy,233404697
2024-08-21 09:49:30,184400.0,100,Buy,233404698
2024-08-21 09:49:30,184400.0,1600,Buy,233404699
2024-08-21 09:49:39,184400.0,2000,Buy,233404880
2024-08-21 09:49:41,184300.0,100,Sell,233404898
2024-08-21 09:49:41,184300.0,100,Sell,233404910
2024-08-21 09:49:44,184300.0,100,Sell,233404972
2024-08-21 09:49:45,184300.0,100,Buy,233404989
2024-08-21 09:49:47,184400.0,200,Buy,233405050
2024-08-21 09:49:47,184300.0,300,Buy,233405049
2024-08-21 09:49:55,184200.0,100,Sell,233405209
2024-08-21 09:49:57,184200.0,100,Sell,233405260
2024-08-21 09:49:59,184200.0,100,Sell,233405317
2024-08-21 09:49:59,184200.0,200,Sell,233405322
2024-08-21 09:50:01,184400.0,700,Buy,233405358
2024-08-21 09:50:01,184200.0,100,Sell,233405359
2024-08-21 09:50:06,184200.0,100,Sell,233405466
2024-08-21 09:50:08,184400.0,1000,Buy,233405511
2024-08-21 09:50:12,184000.0,100,Sell,233405606
2024-08-21 09:50:21,184000.0,100,Sell,233405885
2024-08-21 09:50:24,184300.0,300,Buy,233405930
2024-08-21 09:50:27,184000.0,400,Sell,233406067
2024-08-21 09:50:30,184000.0,500,Sell,233406124
2024-08-21 09:50:31,184000.0,100,Sell,233406152
2024-08-21 09:50:34,184300.0,500,Buy,233406208
2024-08-21 09:50:39,184000.0,100,Sell,233406288
2024-08-21 09:50:39,184000.0,200,Sell,233406298
2024-08-21 09:50:41,184000.0,100,Sell,233406335
2024-08-21 09:50:48,184300.0,500,Buy,233406508
2024-08-21 09:50:56,184000.0,100,Sell,233406681
2024-08-21 09:50:58,184000.0,400,Sell,233406795
2024-08-21 09:50:58,184000.0,100,Sell,233406796
2024-08-21 09:51:01,184000.0,100,Sell,233406853
2024-08-21 09:51:04,184300.0,700,Buy,233406944
2024-08-21 09:51:04,184300.0,100,Buy,233406945
2024-08-21 09:51:08,184300.0,100,Sell,233406995
2024-08-21 09:51:13,184300.0,100,Sell,233407085
2024-08-21 09:51:18,184000.0,100,Sell,233407284
2024-08-21 09:51:19,184000.0,100,Sell,233407306
2024-08-21 09:51:19,184000.0,100,Sell,233407307
2024-08-21 09:51:19,184000.0,100,Sell,233407302
2024-08-21 09:51:21,184000.0,100,Sell,233407330
2024-08-21 09:51:21,184000.0,100,Sell,233407338
2024-08-21 09:51:24,184000.0,200,Sell,233407429
2024-08-21 09:51:24,184000.0,300,Sell,233407430
2024-08-21 09:51:24,184000.0,500,Sell,233407431
2024-08-21 09:51:34,184000.0,1000,Sell,233407685
2024-08-21 09:51:35,184300.0,200,Buy,233407722
2024-08-21 09:51:36,184000.0,200,Sell,233407754
2024-08-21 09:51:36,184000.0,100,Sell,233407755
2024-08-21 09:51:36,184000.0,700,Sell,233407756
2024-08-21 09:51:36,184000.0,200,Sell,233407753
2024-08-21 09:51:40,184000.0,500,Sell,233407840
2024-08-21 09:51:41,183900.0,100,Sell,233407857
2024-08-21 09:51:42,184000.0,100,Buy,233407866
2024-08-21 09:51:46,183900.0,100,Sell,233407934
2024-08-21 09:51:53,184000.0,100,Buy,233408036
2024-08-21 09:51:53,184000.0,400,Buy,233408035
2024-08-21 09:51:59,183900.0,100,Sell,233408202
2024-08-21 09:52:00,183900.0,200,Sell,233408218
2024-08-21 09:52:01,183900.0,300,Sell,233408257
2024-08-21 09:52:02,183800.0,100,Sell,233408260
2024-08-21 09:52:02,183900.0,100,Buy,233408263
2024-08-21 09:52:03,183900.0,100,Buy,233408285
2024-08-21 09:52:04,183900.0,100,Buy,233408330
2024-08-21 09:52:11,183800.0,100,Sell,233408486
2024-08-21 09:52:13,183900.0,500,Sell,233408561
2024-08-21 09:52:16,184000.0,500,Buy,233408664
2024-08-21 09:52:22,183900.0,100,Sell,233408759
2024-08-21 09:52:26,183900.0,100,Sell,233408831
2024-08-21 09:52:26,183900.0,100,Sell,233408830
2024-08-21 09:52:36,183900.0,100,Sell,233409186
2024-08-21 09:52:39,183900.0,100,Sell,233409343
2024-08-21 09:52:40,183900.0,200,Sell,233409354
2024-08-21 09:52:42,183900.0,100,Sell,233409426
2024-08-21 09:52:44,184000.0,400,Buy,233409473
2024-08-21 09:52:50,184000.0,200,Buy,233409618
2024-08-21 09:52:50,184000.0,100,Buy,233409619
2024-08-21 09:52:50,184000.0,200,Buy,233409620
2024-08-21 09:52:51,184000.0,100,Buy,233409643
2024-08-21 09:52:51,184000.0,400,Buy,233409644
2024-08-21 09:52:57,184000.0,100,Buy,233409797
2024-08-21 09:52:58,184000.0,1500,Buy,233409836
2024-08-21 09:52:58,184000.0,1200,Buy,233409837
2024-08-21 09:53:00,184000.0,100,Buy,233409904
2024-08-21 09:53:01,184000.0,100,Sell,233409949
2024-08-21 09:53:02,184000.0,100,Sell,233409962
2024-08-21 09:53:03,184100.0,200,Buy,233409990
2024-08-21 09:53:03,184100.0,100,Buy,233409989
2024-08-21 09:53:09,184200.0,500,Buy,233410112
2024-08-21 09:53:09,184200.0,500,Buy,233410111
2024-08-21 09:53:10,184200.0,2000,Buy,233410138
2024-08-21 09:53:10,184200.0,1000,Buy,233410137
2024-08-21 09:53:10,184100.0,400,Buy,233410134
2024-08-21 09:53:10,184200.0,2000,Buy,233410135
2024-08-21 09:53:10,184200.0,1000,Buy,233410136
2024-08-21 09:53:19,184200.0,100,Sell,233410343
2024-08-21 09:53:20,184200.0,200,Sell,233410358
2024-08-21 09:53:22,184300.0,800,Buy,233410407
2024-08-21 09:53:22,184300.0,100,Buy,233410409
2024-08-21 09:53:22,184300.0,100,Buy,233410410
2024-08-21 09:53:22,184300.0,1000,Buy,233410411
2024-08-21 09:53:22,184300.0,300,Buy,233410412
2024-08-21 09:53:22,184200.0,100,Sell,233410424
2024-08-21 09:53:22,184300.0,2700,Buy,233410408
2024-08-21 09:53:25,184300.0,200,Buy,233410491
2024-08-21 09:53:25,184300.0,100,Buy,233410493
2024-08-21 09:53:26,184400.0,200,Buy,233410501
2024-08-21 09:53:27,184300.0,100,Sell,233410502
2024-08-21 09:53:27,184300.0,100,Sell,233410528
2024-08-21 09:53:28,184300.0,400,Buy,233410531
2024-08-21 09:53:32,184200.0,100,Sell,233410612
2024-08-21 09:53:37,184300.0,200,Sell,233410725
2024-08-21 09:53:42,184300.0,100,Sell,233410902
2024-08-21 09:53:50,184300.0,200,Sell,233411082
2024-08-21 09:53:50,184300.0,700,Sell,233411083
2024-08-21 09:53:50,184300.0,100,Sell,233411084
2024-08-21 09:53:52,184300.0,100,Sell,233411118
2024-08-21 09:53:54,184400.0,600,Buy,233411161
2024-08-21 09:53:59,184300.0,100,Sell,233411303
2024-08-21 09:54:00,184300.0,3000,Sell,233411323
2024-08-21 09:54:00,184300.0,900,Sell,233411324
2024-08-21 09:54:00,184300.0,700,Sell,233411325
2024-08-21 09:54:00,184300.0,100,Sell,233411326
2024-08-21 09:54:00,184300.0,200,Sell,233411327
2024-08-21 09:54:00,184200.0,200,Sell,233411328
2024-08-21 09:54:00,184300.0,200,Sell,233411322
2024-08-21 09:54:01,184300.0,100,Buy,233411361
2024-08-21 09:54:01,184300.0,600,Buy,233411360
2024-08-21 09:54:01,184300.0,4300,Buy,233411359
2024-08-21 09:54:02,184200.0,100,Sell,233411385
2024-08-21 09:54:03,184300.0,100,Buy,233411396
2024-08-21 09:54:03,184300.0,400,Buy,233411397
2024-08-21 09:54:07,184300.0,100,Buy,233411479
2024-08-21 09:54:13,184400.0,700,Buy,233411590
2024-08-21 09:54:17,184300.0,100,Sell,233411725
2024-08-21 09:54:20,184400.0,500,Buy,233411783
2024-08-21 09:54:23,184300.0,100,Sell,233411828
2024-08-21 09:54:28,184400.0,1000,Buy,233412004
2024-08-21 09:54:28,184400.0,100,Buy,233412003
2024-08-21 09:54:28,184400.0,1000,Buy,233412002
2024-08-21 09:54:28,184400.0,400,Buy,233411997
2024-08-21 09:54:28,184400.0,200,Buy,233412000
2024-08-21 09:54:28,184400.0,100,Buy,233411999
2024-08-21 09:54:28,184400.0,100,Buy,233411998
2024-08-21 09:54:28,184400.0,100,Buy,233412001
2024-08-21 09:54:30,184400.0,100,Buy,233412084
2024-08-21 09:54:30,184400.0,800,Buy,233412085
2024-08-21 09:54:30,184400.0,100,Buy,233412082
2024-08-21 09:54:30,184400.0,100,Buy,233412081
2024-08-21 09:54:30,184400.0,200,Buy,233412083
2024-08-21 09:54:34,184400.0,2200,Buy,233412137
2024-08-21 09:54:34,184400.0,100,Buy,233412138
2024-08-21 09:54:40,184400.0,100,Sell,233412248
2024-08-21 09:54:40,184400.0,200,Sell,233412258
2024-08-21 09:54:41,184400.0,300,Sell,233412280
2024-08-21 09:54:41,184400.0,200,Sell,233412281
2024-08-21 09:54:42,184500.0,1000,Buy,233412284
2024-08-21 09:54:42,184400.0,100,Sell,233412292
2024-08-21 09:54:43,184400.0,100,Sell,233412301
2024-08-21 09:54:43,184500.0,200,Buy,233412305
2024-08-21 09:54:43,184500.0,5000,Buy,233412306
2024-08-21 09:54:43,184500.0,500,Buy,233412307
2024-08-21 09:54:43,184500.0,900,Buy,233412308
2024-08-21 09:54:44,184500.0,200,Buy,233412344
2024-08-21 09:54:44,184500.0,100,Buy,233412343
2024-08-21 09:54:44,184500.0,1100,Buy,233412342
2024-08-21 09:54:45,184500.0,100,Buy,233412359
2024-08-21 09:54:45,184500.0,900,Buy,233412360
2024-08-21 09:54:46,184400.0,200,Sell,233412380
2024-08-21 09:54:49,184500.0,100,Buy,233412430
2024-08-21 09:54:49,184500.0,100,Buy,233412431
2024-08-21 09:54:49,184500.0,100,Buy,233412432
2024-08-21 09:54:49,184500.0,700,Buy,233412433
2024-08-21 09:54:50,184400.0,2000,Sell,233412445
2024-08-21 09:54:50,184400.0,700,Sell,233412444
2024-08-21 09:54:50,184400.0,100,Sell,233412446
2024-08-21 09:54:51,184500.0,100,Buy,233412474
2024-08-21 09:54:51,184500.0,500,Buy,233412476
2024-08-21 09:54:51,184500.0,100,Buy,233412473
2024-08-21 09:54:51,184500.0,100,Buy,233412480
2024-08-21 09:54:51,184500.0,700,Buy,233412481
2024-08-21 09:54:51,184500.0,400,Buy,233412477
2024-08-21 09:54:51,184500.0,100,Buy,233412472
2024-08-21 09:54:51,184500.0,200,Buy,233412475
2024-08-21 09:54:51,184500.0,200,Buy,233412470
2024-08-21 09:54:51,184400.0,2200,Buy,233412463
2024-08-21 09:54:51,184500.0,300,Buy,233412464
2024-08-21 09:54:51,184500.0,1000,Buy,233412465
2024-08-21 09:54:51,184500.0,100,Buy,233412471
2024-08-21 09:54:51,184500.0,200,Buy,233412467
2024-08-21 09:54:51,184500.0,200,Buy,233412468
2024-08-21 09:54:51,184500.0,100,Buy,233412469
2024-08-21 09:54:51,184500.0,100,Buy,233412466
2024-08-21 09:54:52,184500.0,200,Buy,233412496
2024-08-21 09:54:54,184500.0,3000,Buy,233412566
2024-08-21 09:54:59,184400.0,100,Sell,233412693
2024-08-21 09:54:59,184400.0,100,Sell,233412692
2024-08-21 09:55:01,184500.0,100,Buy,233412711
2024-08-21 09:55:01,184500.0,100,Buy,233412721
2024-08-21 09:55:01,184500.0,700,Buy,233412722
2024-08-21 09:55:01,184500.0,500,Buy,233412723
2024-08-21 09:55:01,184500.0,1000,Buy,233412724
2024-08-21 09:55:01,184500.0,200,Buy,233412725
2024-08-21 09:55:01,184500.0,1000,Buy,233412726
2024-08-21 09:55:01,184500.0,500,Buy,233412727
2024-08-21 09:55:01,184500.0,1000,Buy,233412720
2024-08-21 09:55:02,184500.0,400,Buy,233412757
2024-08-21 09:55:02,184500.0,100,Buy,233412755
2024-08-21 09:55:02,184500.0,200,Buy,233412754
2024-08-21 09:55:02,184500.0,1000,Buy,233412756
2024-08-21 09:55:03,184500.0,100,Sell,233412781
2024-08-21 09:55:07,184500.0,100,Sell,233412837
2024-08-21 09:55:10,184600.0,100,Buy,233412908
2024-08-21 09:55:12,184600.0,300,Buy,233412945
2024-08-21 09:55:16,184600.0,500,Buy,233413063
2024-08-21 09:55:17,184500.0,200,Sell,233413088
2024-08-21 09:55:20,184500.0,100,Sell,233413213
2024-08-21 09:55:20,184500.0,200,Sell,233413247
2024-08-21 09:55:20,184600.0,200,Buy,233413248
