time,price,volume,match_type,id
2024-07-26 09:14:39,171300.0,1200,ATO/ATC,226562477
2024-07-26 09:15:07,171400.0,100,Buy,226562950
2024-07-26 09:15:45,171400.0,200,Sell,226563489
2024-07-26 09:15:56,171400.0,300,Sell,226563706
2024-07-26 09:16:12,171400.0,400,Sell,226563983
2024-07-26 09:21:47,171300.0,100,Buy,226569809
2024-07-26 09:21:47,171400.0,400,Buy,226569810
2024-07-26 09:27:26,171300.0,200,Buy,226576028
2024-07-26 09:27:56,171200.0,100,Buy,226576588
2024-07-26 09:30:33,171000.0,100,Buy,226579596
2024-07-26 09:31:32,171000.0,1700,Buy,226580966
2024-07-26 09:33:10,170100.0,100,Sell,226582983
2024-07-26 09:33:10,170000.0,100,Sell,226582984
2024-07-26 09:33:10,170000.0,100,Sell,226582985
2024-07-26 09:33:10,170000.0,100,Sell,226582986
2024-07-26 09:33:23,169700.0,1600,Sell,226583228
2024-07-26 09:35:05,169800.0,100,Sell,226585101
2024-07-26 09:35:07,169800.0,100,Buy,226585125
2024-07-26 09:36:05,169800.0,100,Buy,226586172
2024-07-26 09:36:05,169800.0,100,Buy,226586173
2024-07-26 09:37:04,169800.0,100,Sell,226587114
2024-07-26 09:37:04,169800.0,200,Sell,226587115
2024-07-26 09:38:23,169900.0,200,Sell,226588481
2024-07-26 09:39:32,170000.0,100,Buy,226589424
2024-07-26 09:39:32,170000.0,100,Buy,226589423
2024-07-26 09:39:49,170000.0,500,Buy,226589713
2024-07-26 09:39:55,170000.0,100,Buy,226589819
2024-07-26 09:40:21,170000.0,100,Buy,226590191
2024-07-26 09:43:02,170000.0,100,Buy,226592782
2024-07-26 09:43:10,169900.0,300,Sell,226592860
2024-07-26 09:44:20,169900.0,100,Sell,226593921
2024-07-26 09:47:13,170000.0,200,Buy,226596619
2024-07-26 09:47:23,170000.0,2000,Buy,226596781
2024-07-26 09:47:25,170000.0,200,Sell,226596824
2024-07-26 09:50:20,170000.0,100,Sell,226599840
2024-07-26 09:51:36,170000.0,200,Sell,226601252
2024-07-26 09:51:56,170000.0,200,Sell,226601724
2024-07-26 09:52:16,170000.0,200,Sell,226601985
2024-07-26 09:52:36,170000.0,200,Sell,226602268
2024-07-26 09:52:56,170000.0,200,Sell,226602781
2024-07-26 09:53:16,170000.0,200,Sell,226603219
2024-07-26 09:53:36,170000.0,200,Sell,226603665
2024-07-26 09:53:56,170000.0,200,Sell,226604107
2024-07-26 09:54:16,170000.0,200,Sell,226604460
2024-07-26 09:54:30,170000.0,100,Sell,226604743
2024-07-26 09:54:37,170000.0,200,Sell,226604867
2024-07-26 09:54:57,170000.0,200,Sell,226605261
2024-07-26 09:55:17,170000.0,200,Sell,226605592
2024-07-26 09:55:37,170100.0,200,Sell,226605984
2024-07-26 09:55:57,170000.0,200,Sell,226606450
2024-07-26 09:56:17,170000.0,100,Sell,226606859
2024-07-26 09:56:17,170000.0,100,Sell,226606858
2024-07-26 09:56:37,170000.0,100,Sell,226607171
2024-07-26 09:56:37,170000.0,100,Sell,226607172
2024-07-26 09:56:57,170000.0,100,Sell,226607513
2024-07-26 09:56:57,170000.0,100,Sell,226607514
2024-07-26 09:57:18,170000.0,200,Sell,226607851
2024-07-26 09:57:38,170000.0,200,Sell,226608252
2024-07-26 09:57:58,170000.0,200,Sell,226608710
2024-07-26 09:58:18,170000.0,200,Sell,226609000
2024-07-26 09:58:38,170000.0,200,Sell,226609322
2024-07-26 09:58:58,170000.0,200,Sell,226609714
2024-07-26 09:59:18,170000.0,200,Sell,226609943
2024-07-26 09:59:38,170000.0,200,Sell,226610277
2024-07-26 09:59:58,170000.0,100,Sell,226610662
2024-07-26 09:59:58,170100.0,100,Sell,226610661
2024-07-26 10:00:19,170000.0,200,Sell,226610997
2024-07-26 10:00:39,170100.0,200,Sell,226611300
2024-07-26 10:00:59,170100.0,200,Sell,226611573
2024-07-26 10:01:19,170100.0,200,Sell,226611840
2024-07-26 10:01:19,170200.0,100,Sell,226611837
2024-07-26 10:01:39,170100.0,200,Sell,226612123
2024-07-26 10:01:59,170100.0,200,Sell,226612598
2024-07-26 10:02:19,170000.0,200,Sell,226612928
2024-07-26 10:02:39,170000.0,200,Sell,226613262
2024-07-26 10:02:59,170000.0,200,Sell,226613700
2024-07-26 10:03:20,170000.0,200,Sell,226614129
2024-07-26 10:03:40,170100.0,200,Sell,226614446
2024-07-26 10:04:00,170100.0,200,Sell,226614721
2024-07-26 10:04:20,170100.0,200,Sell,226615075
2024-07-26 10:04:40,170100.0,200,Sell,226615275
2024-07-26 10:05:01,170100.0,200,Sell,226615530
2024-07-26 10:05:21,170000.0,100,Sell,226615851
2024-07-26 10:05:21,170100.0,100,Sell,226615850
2024-07-26 10:05:41,170000.0,200,Sell,226616112
2024-07-26 10:06:01,170000.0,200,Sell,226616512
2024-07-26 10:06:21,170000.0,200,Sell,226616784
2024-07-26 10:06:38,170800.0,100,Buy,226617047
2024-07-26 10:06:41,170000.0,200,Sell,226617095
2024-07-26 10:07:01,170000.0,200,Sell,226617329
2024-07-26 10:07:21,170100.0,200,Sell,226617599
2024-07-26 10:07:41,170100.0,200,Sell,226617856
2024-07-26 10:08:02,170100.0,200,Sell,226618097
2024-07-26 10:08:05,170100.0,100,Sell,226618122
2024-07-26 10:08:22,170200.0,200,Sell,226618365
2024-07-26 10:08:28,170200.0,800,Sell,226618507
2024-07-26 10:08:42,170100.0,200,Sell,226618750
2024-07-26 10:08:54,170000.0,500,Sell,226618944
2024-07-26 10:08:54,170000.0,100,Sell,226618943
2024-07-26 10:08:54,170100.0,100,Sell,226618940
2024-07-26 10:08:54,170000.0,100,Sell,226618941
2024-07-26 10:08:54,170000.0,300,Sell,226618942
2024-07-26 10:09:02,170000.0,200,Sell,226619055
2024-07-26 10:09:19,170000.0,100,Sell,226619383
2024-07-26 10:09:22,170000.0,200,Sell,226619459
2024-07-26 10:09:34,170000.0,100,Sell,226619615
2024-07-26 10:09:42,169900.0,100,Sell,226619779
2024-07-26 10:09:42,169900.0,100,Sell,226619780
2024-07-26 10:09:42,170000.0,200,Buy,226619782
2024-07-26 10:10:02,170000.0,200,Sell,226620149
2024-07-26 10:10:22,170000.0,200,Sell,226620418
2024-07-26 10:10:43,170000.0,200,Sell,226620670
2024-07-26 10:11:03,170000.0,200,Sell,226620921
2024-07-26 10:11:23,170000.0,200,Sell,226621214
2024-07-26 10:11:43,170000.0,200,Sell,226621744
2024-07-26 10:12:03,170000.0,200,Sell,226621999
2024-07-26 10:12:23,170000.0,200,Sell,226622342
2024-07-26 10:12:44,169900.0,200,Sell,226622642
2024-07-26 10:13:03,170000.0,200,Sell,226622959
2024-07-26 10:13:23,170000.0,200,Sell,226623268
2024-07-26 10:13:44,170000.0,200,Sell,226623590
2024-07-26 10:14:04,170000.0,200,Sell,226623957
2024-07-26 10:14:24,170000.0,200,Sell,226624643
2024-07-26 10:14:40,170000.0,600,Sell,226624850
2024-07-26 10:14:44,170000.0,200,Sell,226624899
2024-07-26 10:15:04,170000.0,200,Sell,226625218
2024-07-26 10:15:24,170000.0,100,Sell,226625550
2024-07-26 10:15:24,170000.0,100,Sell,226625551
2024-07-26 10:15:45,170000.0,200,Sell,226625858
2024-07-26 10:16:05,170000.0,100,Sell,226626184
2024-07-26 10:16:05,170000.0,100,Sell,226626183
2024-07-26 10:16:09,170200.0,100,Buy,226626233
2024-07-26 10:16:09,170200.0,200,Buy,226626232
2024-07-26 10:16:25,170000.0,200,Sell,226626529
2024-07-26 10:16:45,170000.0,200,Sell,226626799
2024-07-26 10:17:05,170000.0,100,Sell,226627122
2024-07-26 10:17:05,170000.0,100,Sell,226627123
2024-07-26 10:17:25,170000.0,200,Sell,226627472
2024-07-26 10:17:45,170000.0,200,Sell,226627692
2024-07-26 10:18:05,170000.0,200,Sell,226627906
2024-07-26 10:18:25,170000.0,200,Sell,226628201
2024-07-26 10:18:46,170000.0,200,Sell,226628397
2024-07-26 10:19:06,170000.0,200,Sell,226628711
2024-07-26 10:19:26,170000.0,200,Sell,226628969
2024-07-26 10:19:46,170000.0,200,Sell,226629218
2024-07-26 10:19:59,170100.0,100,Sell,226629389
2024-07-26 10:20:06,170100.0,100,Sell,226629626
2024-07-26 10:20:06,170000.0,100,Sell,226629627
2024-07-26 10:20:26,170000.0,200,Sell,226629893
2024-07-26 10:20:46,170000.0,200,Sell,226630140
2024-07-26 10:21:06,170000.0,200,Sell,226630533
2024-07-26 10:21:26,170000.0,200,Sell,226630828
2024-07-26 10:21:47,170000.0,200,Sell,226631182
2024-07-26 10:22:07,170000.0,200,Sell,226631485
2024-07-26 10:22:27,170000.0,200,Sell,226631771
2024-07-26 10:22:47,170000.0,200,Sell,226632138
2024-07-26 10:23:07,170000.0,100,Sell,226632416
2024-07-26 10:23:07,170000.0,100,Sell,226632415
2024-07-26 10:23:10,170000.0,200,Sell,226632448
2024-07-26 10:23:10,170000.0,300,Sell,226632449
2024-07-26 10:23:13,170000.0,100,Sell,226632489
2024-07-26 10:23:13,170000.0,100,Sell,226632490
2024-07-26 10:23:27,169900.0,200,Sell,226632697
2024-07-26 10:23:47,169900.0,200,Sell,226632991
2024-07-26 10:24:08,169900.0,200,Sell,226633373
2024-07-26 10:24:10,170000.0,100,Buy,226633410
2024-07-26 10:24:28,169900.0,100,Sell,226633616
2024-07-26 10:24:28,169900.0,100,Sell,226633617
2024-07-26 10:24:48,169800.0,200,Sell,226633937
2024-07-26 10:25:08,169800.0,100,Sell,226634204
2024-07-26 10:25:08,169700.0,100,Sell,226634205
2024-07-26 10:25:28,169700.0,200,Sell,226634505
2024-07-26 10:25:47,170000.0,200,Buy,226634806
2024-07-26 10:25:48,169700.0,100,Sell,226634844
2024-07-26 10:25:48,169700.0,100,Sell,226634843
2024-07-26 10:26:09,169700.0,200,Sell,226635121
2024-07-26 10:26:28,169700.0,200,Sell,226635465
2024-07-26 10:26:49,169700.0,200,Sell,226635751
2024-07-26 10:27:09,169800.0,200,Sell,226635974
2024-07-26 10:27:29,169800.0,100,Sell,226636236
2024-07-26 10:27:29,169800.0,100,Sell,226636237
2024-07-26 10:27:49,169800.0,200,Sell,226636497
2024-07-26 10:28:09,169800.0,200,Sell,226636772
2024-07-26 10:28:29,169800.0,200,Sell,226637102
2024-07-26 10:28:49,169800.0,200,Sell,226637349
2024-07-26 10:29:09,169800.0,200,Sell,226637625
2024-07-26 10:29:30,169800.0,200,Sell,226637963
2024-07-26 10:29:37,170000.0,100,Buy,226638060
2024-07-26 10:29:37,170000.0,100,Buy,226638059
2024-07-26 10:29:50,169800.0,200,Sell,226638241
2024-07-26 10:30:10,169800.0,200,Sell,226638497
2024-07-26 10:30:30,169800.0,200,Sell,226638709
2024-07-26 10:30:50,169800.0,100,Sell,226638932
2024-07-26 10:30:50,169800.0,100,Sell,226638933
2024-07-26 10:31:10,169800.0,100,Sell,226639334
2024-07-26 10:31:10,169800.0,100,Sell,226639335
2024-07-26 10:31:30,169700.0,200,Sell,226639589
2024-07-26 10:31:50,169700.0,100,Sell,226639816
2024-07-26 10:31:50,169700.0,100,Sell,226639817
2024-07-26 10:32:11,169800.0,200,Sell,226640159
2024-07-26 10:32:31,169800.0,200,Sell,226640441
2024-07-26 10:32:51,169800.0,100,Sell,226640761
2024-07-26 10:32:51,169700.0,100,Sell,226640762
2024-07-26 10:33:11,169700.0,100,Sell,226641026
2024-07-26 10:33:11,169700.0,100,Sell,226641025
2024-07-26 10:33:31,169700.0,200,Sell,226641306
2024-07-26 10:33:51,169700.0,200,Sell,226641569
2024-07-26 10:34:11,169700.0,200,Sell,226641835
2024-07-26 10:34:31,169800.0,100,Sell,226642142
2024-07-26 10:34:31,169700.0,100,Sell,226642143
2024-07-26 10:34:52,169800.0,100,Sell,226642510
2024-07-26 10:34:52,169700.0,100,Sell,226642511
2024-07-26 10:35:12,169700.0,200,Sell,226642900
2024-07-26 10:35:32,169700.0,100,Sell,226643180
2024-07-26 10:35:32,169700.0,100,Sell,226643181
2024-07-26 10:35:52,169700.0,200,Sell,226643512
2024-07-26 10:36:12,169700.0,200,Sell,226643840
2024-07-26 10:36:32,169700.0,100,Sell,226644148
2024-07-26 10:36:32,169700.0,100,Sell,226644147
2024-07-26 10:36:52,169700.0,100,Sell,226644439
2024-07-26 10:36:52,169700.0,100,Sell,226644440
2024-07-26 10:37:13,169600.0,100,Sell,226644648
2024-07-26 10:37:13,169600.0,100,Sell,226644649
2024-07-26 10:37:33,169700.0,100,Sell,226644927
2024-07-26 10:37:33,169700.0,100,Sell,226644928
2024-07-26 10:37:53,169700.0,100,Sell,226645141
2024-07-26 10:37:53,169700.0,100,Sell,226645142
2024-07-26 10:38:13,169600.0,200,Sell,226645442
2024-07-26 10:38:33,169600.0,200,Sell,226645697
2024-07-26 10:38:53,169600.0,200,Sell,226645920
2024-07-26 10:39:13,169600.0,200,Sell,226646136
2024-07-26 10:39:33,169600.0,100,Sell,226646494
2024-07-26 10:39:33,169600.0,100,Sell,226646493
2024-07-26 10:39:53,169700.0,200,Sell,226646743
2024-07-26 10:40:14,169700.0,200,Sell,226646975
2024-07-26 10:40:35,169900.0,200,Sell,226647479
2024-07-26 10:40:54,169700.0,200,Sell,226647723
2024-07-26 10:41:14,169700.0,100,Sell,226648049
2024-07-26 10:41:14,169700.0,100,Sell,226648050
2024-07-26 10:41:17,169700.0,200,Sell,226648073
2024-07-26 10:41:34,169700.0,100,Sell,226648328
2024-07-26 10:41:34,169700.0,100,Sell,226648329
2024-07-26 10:41:54,169600.0,100,Sell,226648749
2024-07-26 10:41:54,169600.0,100,Sell,226648750
2024-07-26 10:42:15,169600.0,100,Sell,226649060
2024-07-26 10:42:15,169600.0,100,Sell,226649061
2024-07-26 10:42:35,169600.0,200,Sell,226649399
2024-07-26 10:42:55,169600.0,200,Sell,226649689
2024-07-26 10:43:15,169600.0,100,Sell,226649973
2024-07-26 10:43:15,169600.0,100,Sell,226649974
2024-07-26 10:43:35,169600.0,100,Sell,226650222
2024-07-26 10:43:35,169600.0,100,Sell,226650223
2024-07-26 10:43:55,169600.0,100,Sell,226650529
2024-07-26 10:43:55,169600.0,100,Sell,226650530
2024-07-26 10:44:15,169700.0,200,Sell,226650876
2024-07-26 10:44:35,169600.0,100,Sell,226651173
2024-07-26 10:44:35,169600.0,100,Sell,226651172
2024-07-26 10:44:56,169700.0,200,Sell,226651479
2024-07-26 10:45:16,169600.0,100,Sell,226651732
2024-07-26 10:45:16,169600.0,100,Sell,226651733
2024-07-26 10:45:36,169500.0,100,Sell,226651981
2024-07-26 10:45:36,169500.0,100,Sell,226651982
2024-07-26 10:45:56,169500.0,100,Sell,226652229
2024-07-26 10:45:56,169500.0,100,Sell,226652230
2024-07-26 10:46:16,169500.0,100,Sell,226652466
2024-07-26 10:46:16,169500.0,100,Sell,226652467
2024-07-26 10:46:36,169500.0,100,Sell,226652689
2024-07-26 10:46:36,169500.0,100,Sell,226652688
2024-07-26 10:46:57,169500.0,100,Sell,226652976
2024-07-26 10:46:57,169600.0,100,Sell,226652975
2024-07-26 10:47:17,169500.0,100,Sell,226653203
2024-07-26 10:47:17,169500.0,100,Sell,226653204
2024-07-26 10:47:29,170000.0,100,Buy,226653414
2024-07-26 10:47:29,170000.0,100,Buy,226653415
2024-07-26 10:47:37,169500.0,200,Sell,226653530
2024-07-26 10:47:57,169600.0,100,Sell,226653808
2024-07-26 10:47:57,169500.0,100,Sell,226653809
2024-07-26 10:48:17,169500.0,200,Sell,226654122
2024-07-26 10:48:37,169500.0,200,Sell,226654515
2024-07-26 10:49:00,169500.0,200,Sell,226654833
2024-07-26 10:49:18,169500.0,100,Sell,226655097
2024-07-26 10:49:18,169500.0,100,Sell,226655096
2024-07-26 10:49:38,169500.0,100,Sell,226655489
2024-07-26 10:49:38,169500.0,100,Sell,226655490
2024-07-26 10:49:58,169500.0,100,Sell,226655828
2024-07-26 10:49:58,169500.0,100,Sell,226655830
2024-07-26 10:50:18,169500.0,100,Sell,226656157
2024-07-26 10:50:18,169500.0,100,Sell,226656158
2024-07-26 10:50:38,169500.0,200,Sell,226656473
2024-07-26 10:50:58,169500.0,100,Sell,226656748
2024-07-26 10:50:58,169500.0,100,Sell,226656749
2024-07-26 10:50:58,170000.0,100,Buy,226656753
2024-07-26 10:50:58,170000.0,100,Buy,226656754
2024-07-26 10:51:18,169500.0,200,Sell,226657097
2024-07-26 10:51:38,169500.0,100,Sell,226657404
2024-07-26 10:51:38,169500.0,100,Sell,226657403
2024-07-26 10:51:59,169400.0,100,Sell,226657757
2024-07-26 10:51:59,169500.0,100,Sell,226657756
2024-07-26 10:52:19,169400.0,200,Sell,226658104
2024-07-26 10:52:39,169400.0,200,Sell,226658334
2024-07-26 10:52:59,169400.0,200,Sell,226658597
2024-07-26 10:53:19,169400.0,200,Sell,226658902
2024-07-26 10:53:39,169500.0,100,Sell,226659151
2024-07-26 10:53:39,169400.0,100,Sell,226659152
2024-07-26 10:54:00,169400.0,100,Sell,226659480
2024-07-26 10:54:00,169400.0,100,Sell,226659481
2024-07-26 10:54:20,169400.0,200,Sell,226659745
2024-07-26 10:54:40,169400.0,200,Sell,226659974
2024-07-26 10:55:00,169500.0,200,Sell,226660273
2024-07-26 10:55:20,169400.0,100,Sell,226660534
2024-07-26 10:55:20,169400.0,100,Sell,226660533
2024-07-26 10:55:40,169400.0,100,Sell,226660786
2024-07-26 10:55:40,169400.0,100,Sell,226660787
2024-07-26 10:56:00,169400.0,200,Sell,226661088
2024-07-26 10:56:20,169400.0,200,Sell,226661372
2024-07-26 10:56:41,169500.0,200,Sell,226661606
2024-07-26 10:57:01,169500.0,200,Sell,226661859
2024-07-26 10:57:21,169500.0,100,Sell,226662051
2024-07-26 10:57:21,169500.0,100,Sell,226662052
2024-07-26 10:57:41,169500.0,100,Sell,226662285
2024-07-26 10:57:41,169400.0,100,Sell,226662286
2024-07-26 10:58:01,169400.0,200,Sell,226662506
2024-07-26 10:58:22,169400.0,200,Sell,226662730
2024-07-26 10:58:41,169400.0,200,Sell,226663012
2024-07-26 10:59:02,169400.0,200,Sell,226663305
2024-07-26 10:59:22,169400.0,200,Sell,226663518
2024-07-26 10:59:42,169400.0,200,Sell,226663831
2024-07-26 11:00:02,169400.0,200,Sell,226664076
2024-07-26 11:00:22,169400.0,200,Sell,226664432
2024-07-26 11:00:28,169400.0,300,Sell,226664532
2024-07-26 11:00:43,169400.0,200,Sell,226664672
2024-07-26 11:01:03,169400.0,200,Sell,226664912
2024-07-26 11:01:23,169400.0,200,Sell,226665181
2024-07-26 11:01:43,169400.0,100,Sell,226665490
2024-07-26 11:01:43,169400.0,100,Sell,226665491
2024-07-26 11:02:03,169400.0,100,Sell,226665749
2024-07-26 11:02:03,169400.0,100,Sell,226665750
2024-07-26 11:02:23,169400.0,200,Sell,226666039
2024-07-26 11:02:43,169400.0,200,Sell,226666283
2024-07-26 11:03:03,169400.0,200,Sell,226666580
2024-07-26 11:03:24,169400.0,100,Sell,226666909
2024-07-26 11:03:24,169400.0,100,Sell,226666908
2024-07-26 11:03:44,169400.0,200,Sell,226667275
2024-07-26 11:04:04,169400.0,200,Sell,226667539
2024-07-26 11:04:24,169400.0,200,Sell,226667840
2024-07-26 11:04:44,169400.0,200,Sell,226668200
2024-07-26 11:05:04,169400.0,200,Sell,226668407
2024-07-26 11:05:24,169400.0,200,Sell,226668668
2024-07-26 11:05:45,169400.0,200,Sell,226669101
2024-07-26 11:06:05,169400.0,200,Sell,226669819
2024-07-26 11:06:25,169400.0,200,Sell,226670102
2024-07-26 11:06:45,169400.0,200,Sell,226670387
2024-07-26 11:07:05,169400.0,200,Sell,226670944
2024-07-26 11:07:25,169500.0,100,Sell,226671290
2024-07-26 11:07:25,169400.0,100,Sell,226671291
2024-07-26 11:07:46,169500.0,200,Sell,226671656
2024-07-26 11:08:06,169500.0,200,Sell,226671976
2024-07-26 11:08:26,169400.0,100,Sell,226672208
2024-07-26 11:08:26,169400.0,100,Sell,226672209
2024-07-26 11:08:46,169400.0,100,Sell,226672506
2024-07-26 11:08:46,169400.0,100,Sell,226672507
2024-07-26 11:09:06,169400.0,200,Sell,226672987
2024-07-26 11:09:26,169400.0,200,Sell,226673305
2024-07-26 11:09:46,169400.0,100,Sell,226673606
2024-07-26 11:09:46,169400.0,100,Sell,226673607
2024-07-26 11:10:07,169500.0,200,Sell,226673984
2024-07-26 11:10:27,169400.0,200,Sell,226674238
2024-07-26 11:10:47,169400.0,200,Sell,226674452
2024-07-26 11:11:07,169400.0,200,Sell,226674661
2024-07-26 11:11:27,169400.0,200,Sell,226674942
2024-07-26 11:11:38,169600.0,100,Buy,226675103
2024-07-26 11:11:47,169600.0,100,Sell,226675192
2024-07-26 11:11:47,169400.0,100,Sell,226675193
2024-07-26 11:12:07,169400.0,200,Sell,226675465
2024-07-26 11:12:28,169400.0,200,Sell,226675662
2024-07-26 11:12:48,169400.0,200,Sell,226675917
2024-07-26 11:13:08,169400.0,200,Sell,226676186
2024-07-26 11:13:28,169500.0,200,Sell,226676419
2024-07-26 11:13:48,169500.0,200,Sell,226676659
2024-07-26 11:14:08,169500.0,100,Sell,226676919
2024-07-26 11:14:08,169400.0,100,Sell,226676920
2024-07-26 11:14:29,169500.0,200,Sell,226677161
2024-07-26 11:14:49,169400.0,100,Sell,226677360
2024-07-26 11:14:49,169400.0,100,Sell,226677361
2024-07-26 11:15:09,169400.0,200,Sell,226677577
2024-07-26 11:15:29,169500.0,100,Sell,226677813
2024-07-26 11:15:29,169400.0,100,Sell,226677814
2024-07-26 11:15:49,169400.0,200,Sell,226678042
2024-07-26 11:16:09,169400.0,200,Sell,226678229
2024-07-26 11:16:29,169400.0,200,Sell,226678462
2024-07-26 11:16:50,169500.0,100,Sell,226678599
2024-07-26 11:16:50,169400.0,100,Sell,226678600
2024-07-26 11:17:10,169400.0,200,Sell,226678909
2024-07-26 11:17:30,169400.0,200,Sell,226679221
2024-07-26 11:17:50,169400.0,200,Sell,226679413
2024-07-26 11:18:10,169400.0,200,Sell,226679675
2024-07-26 11:18:31,169400.0,200,Sell,226679940
2024-07-26 11:18:51,169400.0,200,Sell,226680117
2024-07-26 11:19:11,169400.0,200,Sell,226680324
2024-07-26 11:19:31,169400.0,200,Sell,226680515
2024-07-26 11:19:51,169500.0,200,Sell,226680691
2024-07-26 11:20:11,169500.0,200,Sell,226680935
2024-07-26 11:20:27,169500.0,100,Sell,226681088
2024-07-26 11:20:31,169400.0,200,Sell,226681118
2024-07-26 11:20:52,169400.0,200,Sell,226681385
2024-07-26 11:21:12,169400.0,200,Sell,226681595
2024-07-26 11:21:32,169400.0,100,Sell,226681790
2024-07-26 11:21:32,169400.0,100,Sell,226681791
2024-07-26 11:21:52,169400.0,100,Sell,226682045
2024-07-26 11:21:52,169400.0,100,Sell,226682046
2024-07-26 11:22:12,169400.0,100,Sell,226682263
2024-07-26 11:22:12,169400.0,100,Sell,226682264
2024-07-26 11:22:32,169400.0,200,Sell,226682492
2024-07-26 11:22:52,169400.0,200,Sell,226682707
2024-07-26 11:23:13,169500.0,200,Sell,226682949
2024-07-26 11:23:33,169500.0,200,Sell,226683143
2024-07-26 11:23:53,169500.0,100,Sell,226683362
2024-07-26 11:23:53,169500.0,100,Sell,226683361
2024-07-26 11:24:15,169400.0,100,Sell,226683573
2024-07-26 11:24:15,169400.0,100,Sell,226683572
2024-07-26 11:24:33,169500.0,100,Sell,226683724
2024-07-26 11:24:33,169400.0,100,Sell,226683725
2024-07-26 11:24:53,169400.0,200,Sell,226683917
2024-07-26 11:25:14,169400.0,200,Sell,226684086
2024-07-26 11:25:34,169400.0,100,Sell,226684288
2024-07-26 11:25:34,169400.0,100,Sell,226684289
2024-07-26 11:25:54,169400.0,200,Sell,226684667
2024-07-26 11:26:14,169400.0,200,Sell,226684893
2024-07-26 11:26:34,169400.0,200,Sell,226685172
2024-07-26 11:26:39,169400.0,900,Sell,226685214
2024-07-26 11:26:54,169400.0,200,Sell,226685414
2024-07-26 11:27:15,169400.0,200,Sell,226685662
2024-07-26 11:27:35,169400.0,200,Sell,226685892
2024-07-26 11:27:55,169400.0,200,Sell,226686110
2024-07-26 11:28:15,169400.0,100,Sell,226686422
2024-07-26 11:28:15,169500.0,100,Sell,226686421
2024-07-26 11:28:35,169400.0,200,Sell,226686591
2024-07-26 11:28:42,169400.0,100,Sell,226686672
2024-07-26 12:59:44,169500.0,200,Sell,226689778
2024-07-26 12:59:44,169500.0,300,Sell,226689779
2024-07-26 12:59:44,169400.0,200,Sell,226689780
2024-07-26 12:59:44,169400.0,100,Sell,226689781
2024-07-26 12:59:44,169400.0,200,Sell,226689782
2024-07-26 12:59:44,169400.0,100,Sell,226689783
2024-07-26 12:59:44,169300.0,100,Sell,226689784
2024-07-26 12:59:44,169300.0,500,Sell,226689785
2024-07-26 12:59:44,169300.0,1000,Sell,226689786
2024-07-26 12:59:44,169300.0,300,Sell,226689787
2024-07-26 13:00:36,169400.0,200,Sell,226692678
2024-07-26 13:01:17,169300.0,100,Sell,226693529
2024-07-26 13:01:17,169300.0,100,Sell,226693528
2024-07-26 13:01:37,169300.0,200,Sell,226693952
2024-07-26 13:01:38,169300.0,300,Sell,226694021
2024-07-26 13:01:38,169300.0,100,Sell,226694022
2024-07-26 13:01:38,169300.0,100,Sell,226694023
2024-07-26 13:01:38,169300.0,500,Sell,226694024
2024-07-26 13:01:43,169200.0,100,Sell,226694161
2024-07-26 13:01:57,169200.0,200,Sell,226694445
2024-07-26 13:02:17,169200.0,200,Sell,226694884
2024-07-26 13:02:27,169200.0,100,Sell,226695059
2024-07-26 13:02:37,169200.0,200,Sell,226695272
2024-07-26 13:02:57,169200.0,200,Sell,226695710
2024-07-26 13:02:57,169200.0,100,Sell,226695695
2024-07-26 13:03:12,169200.0,100,Sell,226696099
2024-07-26 13:03:17,169200.0,100,Sell,226696221
2024-07-26 13:03:17,169200.0,100,Sell,226696220
2024-07-26 13:03:21,169200.0,100,Sell,226696323
2024-07-26 13:03:21,169200.0,100,Sell,226696324
2024-07-26 13:03:21,169200.0,100,Sell,226696325
2024-07-26 13:03:21,169200.0,100,Sell,226696326
2024-07-26 13:03:38,169200.0,200,Sell,226696639
2024-07-26 13:03:44,169300.0,300,Buy,226696790
2024-07-26 13:03:57,169300.0,100,Sell,226697151
2024-07-26 13:03:58,169300.0,200,Sell,226697161
2024-07-26 13:04:18,169300.0,200,Sell,226697569
2024-07-26 13:04:32,169400.0,200,Buy,226697839
2024-07-26 13:04:38,169300.0,200,Sell,226698007
2024-07-26 13:04:42,169300.0,100,Sell,226698079
2024-07-26 13:04:58,169300.0,200,Sell,226698432
2024-07-26 13:05:18,169300.0,200,Sell,226698788
2024-07-26 13:05:27,169300.0,100,Sell,226698975
2024-07-26 13:05:37,169400.0,100,Sell,226699206
2024-07-26 13:05:39,169400.0,100,Sell,226699233
2024-07-26 13:05:39,169300.0,100,Sell,226699234
2024-07-26 13:05:59,169300.0,100,Sell,226699686
2024-07-26 13:05:59,169300.0,100,Sell,226699687
2024-07-26 13:06:12,169300.0,100,Sell,226699927
2024-07-26 13:06:19,169200.0,100,Sell,226700041
2024-07-26 13:06:19,169200.0,100,Sell,226700042
2024-07-26 13:06:39,169200.0,100,Sell,226700457
2024-07-26 13:06:39,169100.0,100,Sell,226700458
2024-07-26 13:06:57,169200.0,100,Sell,226700905
2024-07-26 13:06:59,169100.0,200,Sell,226700936
2024-07-26 13:07:19,169000.0,200,Sell,226701284
2024-07-26 13:07:20,169000.0,100,Sell,226701288
2024-07-26 13:07:27,169000.0,200,Sell,226701419
2024-07-26 13:07:39,169000.0,200,Sell,226701769
2024-07-26 13:07:43,169000.0,100,Sell,226701860
2024-07-26 13:07:59,169000.0,200,Sell,226702260
2024-07-26 13:08:02,169000.0,200,Sell,226702312
2024-07-26 13:08:20,169000.0,100,Sell,226702583
2024-07-26 13:08:20,169000.0,100,Sell,226702582
2024-07-26 13:08:28,169000.0,100,Sell,226702721
2024-07-26 13:08:40,169000.0,200,Sell,226702919
2024-07-26 13:08:57,169000.0,100,Sell,226703214
2024-07-26 13:09:00,169000.0,200,Sell,226703268
2024-07-26 13:09:13,169000.0,100,Sell,226703610
2024-07-26 13:09:20,169000.0,200,Sell,226703916
2024-07-26 13:09:40,169100.0,100,Sell,226704498
2024-07-26 13:09:40,169000.0,100,Sell,226704499
2024-07-26 13:09:58,169000.0,100,Sell,226704842
2024-07-26 13:10:00,169000.0,200,Sell,226704872
2024-07-26 13:10:20,169000.0,200,Sell,226705486
2024-07-26 13:10:41,169000.0,100,Sell,226705989
2024-07-26 13:10:41,169000.0,100,Sell,226705990
2024-07-26 13:10:44,169000.0,100,Sell,226706129
2024-07-26 13:11:01,169000.0,200,Sell,226706516
2024-07-26 13:11:21,169000.0,100,Sell,226707059
2024-07-26 13:11:21,169000.0,100,Sell,226707060
2024-07-26 13:11:29,169000.0,100,Sell,226707230
2024-07-26 13:11:41,169000.0,100,Sell,226707488
2024-07-26 13:11:41,169000.0,100,Sell,226707489
2024-07-26 13:12:01,169000.0,200,Sell,226707911
2024-07-26 13:12:15,169000.0,100,Sell,226708205
2024-07-26 13:12:21,169000.0,100,Sell,226708345
2024-07-26 13:12:21,169000.0,100,Sell,226708344
2024-07-26 13:12:41,169000.0,200,Sell,226708929
2024-07-26 13:13:00,169000.0,100,Sell,226709398
2024-07-26 13:13:02,169000.0,100,Sell,226709419
2024-07-26 13:13:02,169000.0,100,Sell,226709420
2024-07-26 13:13:22,169000.0,100,Sell,226709915
2024-07-26 13:13:22,169000.0,100,Sell,226709916
2024-07-26 13:13:42,169000.0,100,Sell,226710375
2024-07-26 13:13:42,169000.0,100,Sell,226710376
2024-07-26 13:13:46,169000.0,100,Sell,226710492
2024-07-26 13:14:02,169000.0,100,Sell,226710848
2024-07-26 13:14:02,169000.0,100,Sell,226710849
2024-07-26 13:14:22,169100.0,100,Sell,226711273
2024-07-26 13:14:22,169000.0,100,Sell,226711274
2024-07-26 13:14:32,169000.0,100,Sell,226711535
2024-07-26 13:14:42,169000.0,200,Sell,226711708
2024-07-26 13:15:03,169000.0,100,Sell,226712270
2024-07-26 13:15:03,169000.0,100,Sell,226712269
2024-07-26 13:15:17,169000.0,100,Sell,226712624
2024-07-26 13:15:23,169000.0,100,Sell,226712786
2024-07-26 13:15:23,169000.0,100,Sell,226712787
2024-07-26 13:15:43,169000.0,100,Sell,226713355
2024-07-26 13:15:43,169000.0,100,Sell,226713356
2024-07-26 13:16:03,169100.0,100,Sell,226713824
2024-07-26 13:16:03,169000.0,100,Sell,226713825
2024-07-26 13:16:07,169000.0,200,Sell,226713925
2024-07-26 13:16:07,169000.0,200,Sell,226713926
2024-07-26 13:16:07,169000.0,100,Sell,226713927
2024-07-26 13:16:23,169000.0,200,Sell,226714278
2024-07-26 13:16:32,169100.0,100,Buy,226714718
2024-07-26 13:16:32,169000.0,500,Sell,226714716
2024-07-26 13:16:43,169000.0,200,Sell,226714958
2024-07-26 13:16:49,169100.0,100,Sell,226715101
2024-07-26 13:17:04,169100.0,100,Sell,226715487
2024-07-26 13:17:04,169000.0,100,Sell,226715488
2024-07-26 13:17:24,169100.0,100,Sell,226715982
2024-07-26 13:17:24,169000.0,100,Sell,226715983
2024-07-26 13:17:35,169000.0,100,Sell,226716336
2024-07-26 13:17:44,169000.0,100,Sell,226716526
2024-07-26 13:17:44,169000.0,100,Sell,226716527
2024-07-26 13:18:04,169100.0,100,Sell,226717231
2024-07-26 13:18:04,169000.0,100,Sell,226717232
2024-07-26 13:18:21,169000.0,100,Sell,226717549
2024-07-26 13:18:25,169000.0,100,Sell,226717654
2024-07-26 13:18:25,169000.0,100,Sell,226717655
2024-07-26 13:18:44,169000.0,100,Sell,226718084
2024-07-26 13:18:44,169000.0,100,Sell,226718083
2024-07-26 13:19:05,169000.0,200,Sell,226718561
2024-07-26 13:19:07,169000.0,100,Sell,226718619
2024-07-26 13:19:25,169000.0,200,Sell,226719153
2024-07-26 13:19:45,169000.0,200,Sell,226719615
2024-07-26 13:19:53,169000.0,100,Sell,226719859
2024-07-26 13:20:05,169000.0,100,Sell,226720248
2024-07-26 13:20:05,169000.0,100,Sell,226720249
2024-07-26 13:20:25,169000.0,100,Sell,226720805
2024-07-26 13:20:25,169000.0,100,Sell,226720806
2024-07-26 13:20:39,169000.0,100,Sell,226721179
2024-07-26 13:20:45,169000.0,100,Sell,226721308
2024-07-26 13:20:45,169000.0,100,Sell,226721309
2024-07-26 13:21:02,169000.0,200,Sell,226721829
2024-07-26 13:21:02,169000.0,100,Sell,226721828
2024-07-26 13:21:06,169100.0,200,Sell,226721935
2024-07-26 13:21:25,169100.0,100,Sell,226722626
2024-07-26 13:21:26,169100.0,100,Sell,226722628
2024-07-26 13:21:26,169000.0,100,Sell,226722629
2024-07-26 13:21:46,169100.0,200,Sell,226723251
2024-07-26 13:22:04,169100.0,300,Sell,226723789
2024-07-26 13:22:04,169100.0,100,Sell,226723790
2024-07-26 13:22:04,169100.0,100,Sell,226723791
2024-07-26 13:22:06,169000.0,100,Sell,226723867
2024-07-26 13:22:06,169000.0,100,Sell,226723868
2024-07-26 13:22:12,169000.0,100,Sell,226724088
2024-07-26 13:22:24,169100.0,100,Buy,226724443
2024-07-26 13:22:26,169000.0,200,Sell,226724485
2024-07-26 13:22:36,169100.0,100,Buy,226724768
2024-07-26 13:22:46,169000.0,200,Sell,226725059
2024-07-26 13:22:58,169000.0,100,Sell,226725360
2024-07-26 13:23:06,169000.0,200,Sell,226725568
2024-07-26 13:23:26,169100.0,100,Buy,226726193
2024-07-26 13:23:27,169000.0,200,Sell,226726220
2024-07-26 13:23:44,169100.0,100,Sell,226726672
2024-07-26 13:23:47,169100.0,100,Sell,226726750
2024-07-26 13:23:47,169000.0,100,Sell,226726751
2024-07-26 13:24:07,169000.0,200,Sell,226727411
2024-07-26 13:24:27,169000.0,200,Sell,226727949
2024-07-26 13:24:31,169000.0,100,Sell,226728026
2024-07-26 13:24:47,169100.0,100,Sell,226728465
2024-07-26 13:24:47,169000.0,100,Sell,226728466
2024-07-26 13:25:07,169000.0,200,Sell,226728957
2024-07-26 13:25:17,169000.0,100,Sell,226729166
2024-07-26 13:25:27,169100.0,100,Sell,226729391
2024-07-26 13:25:27,169100.0,100,Sell,226729390
2024-07-26 13:25:48,169100.0,100,Sell,226730149
2024-07-26 13:25:48,169100.0,100,Sell,226730150
2024-07-26 13:26:04,169100.0,100,Sell,226730598
2024-07-26 13:26:08,169000.0,100,Sell,226730660
2024-07-26 13:26:08,169100.0,100,Sell,226730659
2024-07-26 13:26:28,169100.0,200,Sell,226731126
2024-07-26 13:26:43,169100.0,100,Sell,226731493
2024-07-26 13:26:47,169100.0,400,Sell,226731594
2024-07-26 13:26:48,169100.0,200,Sell,226731607
2024-07-26 13:26:50,169100.0,100,Sell,226731642
2024-07-26 13:27:08,169100.0,200,Sell,226732046
2024-07-26 13:27:28,169100.0,200,Sell,226732452
2024-07-26 13:27:31,169100.0,300,Sell,226732515
2024-07-26 13:27:37,169100.0,100,Sell,226732672
2024-07-26 13:27:49,169100.0,200,Sell,226732890
2024-07-26 13:27:57,169100.0,100,Sell,226733060
2024-07-26 13:28:02,169100.0,200,Sell,226733153
2024-07-26 13:28:09,169100.0,200,Sell,226733287
2024-07-26 13:28:24,169100.0,100,Sell,226733638
2024-07-26 13:28:29,169100.0,200,Sell,226733751
2024-07-26 13:28:49,169100.0,100,Sell,226734145
2024-07-26 13:28:49,169100.0,100,Sell,226734146
2024-07-26 13:29:09,169100.0,200,Sell,226734577
2024-07-26 13:29:10,169100.0,100,Sell,226734598
2024-07-26 13:29:29,169100.0,200,Sell,226734982
2024-07-26 13:29:49,169100.0,200,Sell,226735345
2024-07-26 13:29:57,169100.0,100,Sell,226735522
2024-07-26 13:30:10,169100.0,100,Sell,226735800
2024-07-26 13:30:10,169100.0,100,Sell,226735801
2024-07-26 13:30:30,169100.0,100,Sell,226736199
2024-07-26 13:30:30,169100.0,100,Sell,226736200
2024-07-26 13:30:44,169100.0,100,Sell,226736498
2024-07-26 13:30:50,169100.0,100,Sell,226736579
2024-07-26 13:30:50,169100.0,100,Sell,226736578
2024-07-26 13:31:10,169000.0,200,Sell,226736998
2024-07-26 13:31:30,169100.0,200,Sell,226737383
2024-07-26 13:31:31,169000.0,100,Sell,226737400
2024-07-26 13:31:50,169000.0,100,Sell,226737756
2024-07-26 13:31:50,169000.0,100,Sell,226737757
2024-07-26 13:32:11,169100.0,100,Sell,226738172
2024-07-26 13:32:11,169100.0,100,Sell,226738173
2024-07-26 13:32:19,169100.0,100,Sell,226738341
2024-07-26 13:32:31,169100.0,100,Sell,226738577
2024-07-26 13:32:31,169100.0,100,Sell,226738578
2024-07-26 13:32:51,169100.0,200,Sell,226738936
2024-07-26 13:33:06,169100.0,100,Sell,226739199
2024-07-26 13:33:11,169100.0,100,Sell,226739295
2024-07-26 13:33:11,169100.0,100,Sell,226739294
2024-07-26 13:33:31,169100.0,100,Sell,226739688
2024-07-26 13:33:31,169000.0,100,Sell,226739689
2024-07-26 13:33:51,169000.0,100,Sell,226740132
2024-07-26 13:33:51,169000.0,100,Sell,226740133
2024-07-26 13:33:53,169000.0,100,Sell,226740162
2024-07-26 13:34:12,169100.0,100,Sell,226740616
2024-07-26 13:34:12,169100.0,100,Sell,226740617
2024-07-26 13:34:32,169100.0,200,Sell,226741027
2024-07-26 13:34:40,169100.0,100,Sell,226741180
2024-07-26 13:34:52,169100.0,100,Sell,226741365
2024-07-26 13:34:52,169100.0,100,Sell,226741366
2024-07-26 13:35:12,169100.0,200,Sell,226741706
2024-07-26 13:35:20,169100.0,100,Sell,226741922
2024-07-26 13:35:28,169100.0,100,Sell,226742067
2024-07-26 13:35:32,169100.0,200,Sell,226742165
2024-07-26 13:35:52,169100.0,200,Sell,226742598
2024-07-26 13:36:12,169100.0,200,Sell,226743243
2024-07-26 13:36:15,169100.0,100,Sell,226743315
2024-07-26 13:36:33,169100.0,200,Sell,226743628
2024-07-26 13:36:53,169200.0,100,Sell,226744118
2024-07-26 13:36:53,169100.0,100,Sell,226744119
2024-07-26 13:37:03,169200.0,100,Sell,226744284
2024-07-26 13:37:13,169100.0,300,Sell,226744548
2024-07-26 13:37:33,169200.0,200,Sell,226745035
2024-07-26 13:37:33,169100.0,100,Sell,226745036
2024-07-26 13:37:51,169100.0,100,Sell,226745341
2024-07-26 13:37:53,169100.0,200,Sell,226745399
2024-07-26 13:37:53,169100.0,100,Sell,226745400
2024-07-26 13:38:14,169200.0,300,Sell,226745780
2024-07-26 13:38:24,169200.0,100,Sell,226745967
2024-07-26 13:38:34,169200.0,300,Sell,226746150
2024-07-26 13:38:38,169200.0,100,Sell,226746225
2024-07-26 13:38:54,169200.0,300,Sell,226746670
2024-07-26 13:39:11,169200.0,100,Sell,226747119
2024-07-26 13:39:14,169200.0,300,Sell,226747251
2024-07-26 13:39:26,169200.0,100,Sell,226747675
2024-07-26 13:39:34,169200.0,300,Sell,226747822
2024-07-26 13:39:54,169200.0,100,Sell,226748201
2024-07-26 13:39:54,169200.0,200,Sell,226748202
2024-07-26 13:40:14,169200.0,100,Sell,226748737
2024-07-26 13:40:15,169200.0,300,Sell,226748747
2024-07-26 13:40:35,169200.0,300,Sell,226749205
2024-07-26 13:40:55,169200.0,100,Sell,226749710
2024-07-26 13:40:55,169200.0,100,Sell,226749708
2024-07-26 13:40:55,169200.0,100,Sell,226749709
2024-07-26 13:41:02,169200.0,100,Sell,226750010
2024-07-26 13:41:15,169200.0,100,Sell,226750414
2024-07-26 13:41:15,169200.0,200,Sell,226750415
2024-07-26 13:41:35,169300.0,200,Sell,226750899
2024-07-26 13:41:35,169200.0,100,Sell,226750900
2024-07-26 13:41:50,169200.0,100,Sell,226751226
2024-07-26 13:41:52,169900.0,100,Buy,226751252
2024-07-26 13:41:55,169200.0,200,Sell,226751333
2024-07-26 13:41:56,169200.0,100,Sell,226751349
2024-07-26 13:41:56,169200.0,200,Sell,226751350
2024-07-26 13:42:16,169200.0,300,Sell,226751876
2024-07-26 13:42:36,169200.0,300,Sell,226752371
2024-07-26 13:42:38,169200.0,100,Sell,226752454
2024-07-26 13:42:56,169400.0,300,Sell,226752860
2024-07-26 13:43:16,169200.0,100,Sell,226753454
2024-07-26 13:43:16,169200.0,100,Sell,226753455
2024-07-26 13:43:16,169300.0,100,Sell,226753453
2024-07-26 13:43:27,169200.0,100,Sell,226753692
2024-07-26 13:43:36,169300.0,300,Sell,226753938
2024-07-26 13:43:56,169300.0,300,Sell,226754342
2024-07-26 13:44:15,169300.0,100,Sell,226754789
2024-07-26 13:44:17,169400.0,200,Sell,226754836
2024-07-26 13:44:17,169300.0,100,Sell,226754837
2024-07-26 13:44:37,169300.0,300,Sell,226755223
2024-07-26 13:44:57,169400.0,200,Sell,226755608
2024-07-26 13:44:57,169300.0,100,Sell,226755609
2024-07-26 13:45:04,169300.0,100,Sell,226755728
2024-07-26 13:45:17,169300.0,300,Sell,226756009
2024-07-26 13:45:37,169300.0,300,Sell,226756647
2024-07-26 13:45:37,169300.0,100,Sell,226756649
2024-07-26 13:45:52,169300.0,100,Sell,226756981
2024-07-26 13:45:57,169300.0,300,Sell,226757111
2024-07-26 13:46:18,169300.0,300,Sell,226757499
2024-07-26 13:46:38,169300.0,100,Sell,226757853
2024-07-26 13:46:38,169300.0,200,Sell,226757852
2024-07-26 13:46:41,169300.0,100,Sell,226757915
2024-07-26 13:46:58,169300.0,100,Sell,226758160
2024-07-26 13:46:58,169300.0,200,Sell,226758161
2024-07-26 13:47:18,169300.0,300,Sell,226758602
2024-07-26 13:47:30,169300.0,100,Sell,226758788
2024-07-26 13:47:38,169300.0,300,Sell,226758995
2024-07-26 13:47:58,169400.0,300,Sell,226759479
2024-07-26 13:48:05,169400.0,200,Sell,226759573
2024-07-26 13:48:18,169300.0,100,Sell,226759916
2024-07-26 13:48:18,169300.0,100,Sell,226759917
2024-07-26 13:48:18,169300.0,100,Sell,226759918
2024-07-26 13:48:19,169300.0,100,Sell,226759926
2024-07-26 13:48:39,169300.0,200,Sell,226760456
2024-07-26 13:48:39,169400.0,100,Sell,226760455
2024-07-26 13:48:59,169300.0,300,Sell,226761014
2024-07-26 13:49:07,169300.0,100,Sell,226761227
2024-07-26 13:49:10,169400.0,500,Buy,226761245
2024-07-26 13:49:19,169300.0,300,Sell,226761527
2024-07-26 13:49:39,169400.0,100,Sell,226761956
2024-07-26 13:49:39,169300.0,100,Sell,226761957
2024-07-26 13:49:39,169300.0,100,Sell,226761958
2024-07-26 13:49:57,169300.0,100,Sell,226762288
2024-07-26 13:49:59,169300.0,100,Sell,226762320
2024-07-26 13:49:59,169300.0,100,Sell,226762321
2024-07-26 13:49:59,169300.0,100,Sell,226762322
2024-07-26 13:50:19,169300.0,200,Sell,226762881
2024-07-26 13:50:19,169300.0,100,Sell,226762880
2024-07-26 13:50:40,169300.0,300,Sell,226763432
2024-07-26 13:50:46,169300.0,100,Sell,226763610
2024-07-26 13:51:00,169300.0,300,Sell,226763872
2024-07-26 13:51:20,169300.0,300,Sell,226764541
2024-07-26 13:51:36,169200.0,100,Sell,226764868
2024-07-26 13:51:40,169200.0,200,Sell,226764982
2024-07-26 13:51:40,169200.0,100,Sell,226764983
2024-07-26 13:51:45,169200.0,300,Sell,226765105
2024-07-26 13:52:00,169200.0,300,Sell,226765449
2024-07-26 13:52:20,169300.0,300,Sell,226765963
2024-07-26 13:52:25,169300.0,100,Sell,226766079
2024-07-26 13:52:40,169300.0,100,Sell,226766706
2024-07-26 13:52:40,169300.0,100,Sell,226766707
2024-07-26 13:52:40,169300.0,100,Sell,226766708
2024-07-26 13:53:01,169200.0,300,Sell,226767184
2024-07-26 13:53:15,169200.0,100,Sell,226767631
2024-07-26 13:53:21,169200.0,300,Sell,226767743
2024-07-26 13:53:32,169200.0,200,Sell,226768025
2024-07-26 13:53:32,169200.0,100,Sell,226768026
2024-07-26 13:53:38,169200.0,100,Sell,226768191
2024-07-26 13:53:38,169200.0,900,Sell,226768192
2024-07-26 13:53:41,169200.0,100,Sell,226768247
2024-07-26 13:53:41,169200.0,100,Sell,226768248
2024-07-26 13:53:41,169200.0,100,Sell,226768249
2024-07-26 13:54:02,169200.0,300,Sell,226768873
2024-07-26 13:54:05,169200.0,100,Sell,226768965
2024-07-26 13:54:07,169200.0,100,Sell,226768993
2024-07-26 13:54:11,169200.0,100,Sell,226769155
2024-07-26 13:54:21,169200.0,300,Sell,226769466
2024-07-26 13:54:42,169200.0,100,Sell,226770047
2024-07-26 13:54:42,169200.0,300,Sell,226770041
2024-07-26 13:54:47,169200.0,100,Sell,226770194
2024-07-26 13:54:55,169200.0,100,Sell,226770423
2024-07-26 13:55:02,169200.0,300,Sell,226770711
2024-07-26 13:55:22,169200.0,100,Sell,226771276
2024-07-26 13:55:22,169200.0,200,Sell,226771277
2024-07-26 13:55:42,169200.0,300,Sell,226771947
2024-07-26 13:55:45,169200.0,100,Sell,226772024
2024-07-26 13:55:54,169200.0,200,Sell,226772206
2024-07-26 13:56:02,169200.0,300,Sell,226772397
2024-07-26 13:56:22,169200.0,300,Sell,226772936
2024-07-26 13:56:35,169200.0,100,Sell,226773172
2024-07-26 13:56:43,169200.0,300,Sell,226773593
2024-07-26 13:57:03,169200.0,100,Sell,226774253
2024-07-26 13:57:03,169200.0,100,Sell,226774252
2024-07-26 13:57:03,169200.0,100,Sell,226774251
2024-07-26 13:57:03,169200.0,100,Sell,226774246
2024-07-26 13:57:03,169200.0,200,Sell,226774245
2024-07-26 13:57:03,169200.0,100,Sell,226774247
2024-07-26 13:57:19,169300.0,100,Sell,226774888
2024-07-26 13:57:19,169200.0,500,Sell,226774889
2024-07-26 13:57:23,169200.0,300,Sell,226774978
2024-07-26 13:57:26,169200.0,100,Sell,226775040
2024-07-26 13:57:35,169300.0,100,Buy,226775578
2024-07-26 13:57:41,169300.0,100,Buy,226775689
2024-07-26 13:57:43,169200.0,100,Sell,226775735
2024-07-26 13:57:43,169200.0,200,Sell,226775736
2024-07-26 13:57:48,169200.0,400,Sell,226775848
2024-07-26 13:58:03,169200.0,300,Sell,226776452
2024-07-26 13:58:16,169200.0,100,Sell,226776814
2024-07-26 13:58:23,169200.0,300,Sell,226777049
2024-07-26 13:58:43,169200.0,400,Sell,226777567
2024-07-26 13:59:04,169200.0,400,Sell,226778018
2024-07-26 13:59:07,169200.0,100,Sell,226778222
2024-07-26 13:59:24,169200.0,400,Sell,226778756
2024-07-26 13:59:40,169300.0,1300,Buy,226779142
2024-07-26 13:59:40,169300.0,400,Buy,226779143
2024-07-26 13:59:45,169300.0,100,Sell,226779311
2024-07-26 13:59:58,169300.0,100,Sell,226779631
2024-07-26 14:00:48,169600.0,100,Sell,226780840
2024-07-26 14:00:49,169400.0,100,Sell,226780855
2024-07-26 14:01:40,169400.0,100,Sell,226781949
2024-07-26 14:02:23,169400.0,100,Sell,226782888
2024-07-26 14:02:32,169400.0,100,Sell,226783083
2024-07-26 14:03:23,169400.0,100,Sell,226784444
2024-07-26 14:04:15,169400.0,100,Sell,226785516
2024-07-26 14:05:01,169500.0,300,Buy,226786476
2024-07-26 14:05:07,169500.0,100,Sell,226786611
2024-07-26 14:05:31,169600.0,300,Buy,226787131
2024-07-26 14:05:31,169600.0,300,Buy,226787132
2024-07-26 14:05:59,169700.0,100,Sell,226787738
2024-07-26 14:06:00,169700.0,400,Sell,226787758
2024-07-26 14:06:28,169700.0,1600,Buy,226788381
2024-07-26 14:06:47,169700.0,100,Sell,226788791
2024-07-26 14:06:47,169700.0,500,Sell,226788792
2024-07-26 14:06:52,169600.0,100,Sell,226788878
2024-07-26 14:07:36,169700.0,1700,Buy,226789861
2024-07-26 14:07:38,169700.0,500,Buy,226789917
2024-07-26 14:07:44,169600.0,100,Sell,226790112
2024-07-26 14:07:57,169700.0,200,Buy,226790393
2024-07-26 14:08:10,169700.0,100,Sell,226790740
2024-07-26 14:08:17,169700.0,100,Buy,226790965
2024-07-26 14:08:26,169800.0,200,Buy,226791197
2024-07-26 14:08:26,169800.0,100,Buy,226791196
2024-07-26 14:08:26,169800.0,200,Buy,226791198
2024-07-26 14:08:37,169700.0,100,Sell,226791570
2024-07-26 14:09:31,169700.0,100,Sell,226792975
2024-07-26 14:09:38,169700.0,100,Sell,226793230
2024-07-26 14:10:00,169900.0,100,Buy,226793942
2024-07-26 14:10:11,169900.0,200,Buy,226794221
2024-07-26 14:10:17,169900.0,500,Buy,226794424
2024-07-26 14:10:17,169900.0,100,Buy,226794425
2024-07-26 14:10:19,170000.0,200,Buy,226794489
2024-07-26 14:10:19,170000.0,100,Buy,226794490
2024-07-26 14:10:19,170000.0,300,Buy,226794491
2024-07-26 14:10:19,170000.0,300,Buy,226794492
2024-07-26 14:10:19,170000.0,1800,Buy,226794493
2024-07-26 14:10:25,170000.0,100,Sell,226794652
2024-07-26 14:11:14,170100.0,100,Buy,226796182
2024-07-26 14:11:14,170100.0,600,Buy,226796181
2024-07-26 14:11:18,170100.0,100,Sell,226796299
2024-07-26 14:11:57,170100.0,100,Sell,226797503
2024-07-26 14:12:12,170100.0,100,Sell,226797873
2024-07-26 14:12:19,170200.0,100,Buy,226798052
2024-07-26 14:12:22,170200.0,100,Buy,226798143
2024-07-26 14:12:27,170200.0,500,Buy,226798288
2024-07-26 14:12:27,170200.0,100,Buy,226798289
2024-07-26 14:12:38,170200.0,200,Sell,226798657
2024-07-26 14:12:50,170300.0,200,Buy,226799073
2024-07-26 14:13:04,170400.0,100,Sell,226799564
2024-07-26 14:13:08,170400.0,100,Sell,226799785
2024-07-26 14:13:11,170500.0,300,Buy,226799891
2024-07-26 14:13:13,170300.0,100,Sell,226799963
2024-07-26 14:13:29,170500.0,100,Buy,226800544
2024-07-26 14:13:50,170500.0,100,Buy,226801107
2024-07-26 14:14:02,170500.0,500,Buy,226801491
2024-07-26 14:14:04,170500.0,100,Sell,226801535
2024-07-26 14:14:06,170500.0,100,Sell,226801626
2024-07-26 14:14:29,170500.0,200,Sell,226802326
2024-07-26 14:14:39,170700.0,200,Buy,226802726
2024-07-26 14:14:39,170700.0,300,Buy,226802730
2024-07-26 14:15:00,170700.0,100,Sell,226803320
2024-07-26 14:15:15,170800.0,200,Buy,226803753
2024-07-26 14:15:24,170800.0,200,Buy,226804056
2024-07-26 14:15:56,170700.0,100,Sell,226804868
2024-07-26 14:16:31,170700.0,300,Sell,226805757
2024-07-26 14:16:52,170700.0,100,Sell,226806364
2024-07-26 14:17:30,170800.0,100,Buy,226807614
2024-07-26 14:17:30,170800.0,800,Buy,226807613
2024-07-26 14:17:49,170800.0,100,Sell,226808115
2024-07-26 14:18:07,170900.0,200,Buy,226808699
2024-07-26 14:18:07,170900.0,1000,Buy,226808700
2024-07-26 14:18:07,170900.0,100,Buy,226808701
2024-07-26 14:18:09,170900.0,500,Sell,226808734
2024-07-26 14:18:46,170900.0,100,Sell,226809662
2024-07-26 14:18:50,171000.0,300,Buy,226809794
2024-07-26 14:18:50,171000.0,100,Buy,226809795
2024-07-26 14:19:18,171100.0,100,Buy,226810616
2024-07-26 14:19:18,171100.0,100,Sell,226810617
2024-07-26 14:19:29,171100.0,300,Sell,226811012
2024-07-26 14:19:32,171200.0,400,Buy,226811116
2024-07-26 14:19:42,171100.0,300,Sell,226811469
2024-07-26 14:19:44,171100.0,100,Sell,226811510
2024-07-26 14:19:47,171100.0,300,Sell,226811610
2024-07-26 14:19:53,171100.0,100,Sell,226811809
2024-07-26 14:19:54,171200.0,100,Buy,226811853
2024-07-26 14:19:57,171100.0,300,Sell,226811906
2024-07-26 14:20:13,171100.0,200,Sell,226812370
2024-07-26 14:20:29,171100.0,200,Sell,226812820
2024-07-26 14:20:42,171100.0,100,Sell,226813166
2024-07-26 14:20:48,171100.0,100,Sell,226813346
2024-07-26 14:20:55,171200.0,100,Buy,226813562
2024-07-26 14:21:02,171200.0,300,Sell,226813737
2024-07-26 14:21:03,171300.0,1000,Buy,226813795
2024-07-26 14:21:20,171400.0,200,Buy,226814427
2024-07-26 14:21:20,171400.0,100,Buy,226814428
2024-07-26 14:21:20,171400.0,300,Buy,226814429
2024-07-26 14:21:21,171300.0,200,Sell,226814456
2024-07-26 14:21:41,171300.0,100,Sell,226815147
2024-07-26 14:21:48,171400.0,200,Buy,226815377
2024-07-26 14:21:54,171400.0,700,Buy,226815497
2024-07-26 14:21:54,171400.0,1000,Buy,226815498
2024-07-26 14:21:55,171400.0,300,Sell,226815550
2024-07-26 14:21:55,171300.0,500,Sell,226815551
2024-07-26 14:22:25,171300.0,100,Sell,226816418
2024-07-26 14:22:42,171300.0,100,Sell,226816971
2024-07-26 14:22:52,171300.0,100,Buy,226817195
2024-07-26 14:22:55,171300.0,100,Sell,226817322
2024-07-26 14:23:44,171300.0,1000,Sell,226818822
2024-07-26 14:23:47,171300.0,100,Sell,226818923
2024-07-26 14:23:57,171300.0,500,Sell,226819296
2024-07-26 14:23:58,171300.0,100,Sell,226819313
2024-07-26 14:24:53,171300.0,100,Sell,226820880
2024-07-26 14:24:56,171500.0,200,Buy,226820931
2024-07-26 14:25:00,171300.0,100,Sell,226821022
2024-07-26 14:25:17,171300.0,500,Sell,226821763
2024-07-26 14:25:46,171300.0,100,Sell,226822794
2024-07-26 14:25:47,171300.0,100,Sell,226822834
2024-07-26 14:25:56,171500.0,100,Buy,226823103
2024-07-26 14:25:56,171500.0,100,Buy,226823104
2024-07-26 14:25:56,171600.0,300,Buy,226823105
2024-07-26 14:25:56,171600.0,100,Buy,226823106
2024-07-26 14:25:56,171600.0,300,Buy,226823107
2024-07-26 14:26:04,171600.0,300,Sell,226823431
2024-07-26 14:26:19,171600.0,400,Sell,226823939
2024-07-26 14:26:22,171600.0,1400,Sell,226824074
2024-07-26 14:27:00,171600.0,700,Buy,226825459
2024-07-26 14:27:00,171500.0,100,Buy,226825458
2024-07-26 14:27:45,171600.0,100,Buy,226827722
2024-07-26 14:27:45,171700.0,300,Buy,226827723
2024-07-26 14:27:45,171700.0,500,Buy,226827724
2024-07-26 14:28:11,171800.0,500,Buy,226829017
2024-07-26 14:28:21,171800.0,300,Buy,226829402
2024-07-26 14:28:35,171900.0,300,Buy,226830176
2024-07-26 14:28:50,171900.0,100,Sell,226830951
2024-07-26 14:28:51,171900.0,500,Sell,226831031
2024-07-26 14:28:52,171900.0,100,Sell,226831070
2024-07-26 14:28:58,171900.0,100,Buy,226831433
2024-07-26 14:28:58,171900.0,2000,Buy,226831434
2024-07-26 14:29:25,171800.0,100,Sell,226833206
2024-07-26 14:44:38,169100.0,49000,ATO/ATC,226834911
