time,price,volume,match_type,id
2024-08-09 09:14:38,169000.0,10600,ATO/ATC,230423308
2024-08-09 09:14:42,169000.0,100,Sell,230423620
2024-08-09 09:18:06,169300.0,100,Sell,230428612
2024-08-09 09:19:36,169400.0,100,Sell,230430784
2024-08-09 09:20:01,169400.0,100,Sell,230431385
2024-08-09 09:20:06,169300.0,100,Sell,230431512
2024-08-09 09:20:06,169300.0,300,Sell,230431511
2024-08-09 09:20:06,169400.0,100,Sell,230431508
2024-08-09 09:20:06,169300.0,400,Sell,230431509
2024-08-09 09:20:06,169300.0,400,Sell,230431510
2024-08-09 09:20:26,169000.0,100,Sell,230431966
2024-08-09 09:20:51,169000.0,100,Sell,230432489
2024-08-09 09:21:16,169000.0,100,Sell,230433082
2024-08-09 09:21:41,169000.0,100,Sell,230433807
2024-08-09 09:22:07,169000.0,100,Sell,230434326
2024-08-09 09:22:19,169000.0,100,Sell,230434626
2024-08-09 09:22:32,169200.0,100,Sell,230435006
2024-08-09 09:22:56,169200.0,100,Sell,230435588
2024-08-09 09:22:56,169000.0,100,Sell,230435589
2024-08-09 09:22:56,169000.0,100,Sell,230435590
2024-08-09 09:22:56,169000.0,100,Sell,230435591
2024-08-09 09:22:56,169000.0,100,Sell,230435592
2024-08-09 09:22:56,169000.0,500,Sell,230435593
2024-08-09 09:22:56,169000.0,100,Sell,230435594
2024-08-09 09:22:57,168700.0,100,Sell,230435629
2024-08-09 09:23:00,169000.0,800,Buy,230435720
2024-08-09 09:23:22,168700.0,100,Sell,230436199
2024-08-09 09:23:47,168800.0,100,Sell,230436834
2024-08-09 09:24:12,168800.0,100,Sell,230437414
2024-08-09 09:24:37,168800.0,100,Sell,230437967
2024-08-09 09:25:02,168800.0,100,Sell,230438573
2024-08-09 09:25:28,168800.0,100,Sell,230439135
2024-08-09 09:25:53,168800.0,100,Sell,230439637
2024-08-09 09:26:18,168800.0,100,Sell,230440298
2024-08-09 09:26:23,169000.0,800,Buy,230440384
2024-08-09 09:26:30,168800.0,100,Sell,230440601
2024-08-09 09:26:43,168800.0,100,Sell,230440921
2024-08-09 09:27:08,168800.0,100,Sell,230441547
2024-08-09 09:27:09,168800.0,100,Sell,230441597
2024-08-09 09:27:33,168700.0,100,Sell,230442064
2024-08-09 09:27:36,168700.0,100,Sell,230442115
2024-08-09 09:27:56,168600.0,100,Sell,230442477
2024-08-09 09:27:58,168600.0,100,Sell,230442523
2024-08-09 09:28:16,168600.0,100,Sell,230442859
2024-08-09 09:28:17,168600.0,300,Sell,230442870
2024-08-09 09:28:23,168600.0,100,Sell,230443011
2024-08-09 09:28:29,168600.0,200,Sell,230443135
2024-08-09 09:28:36,168600.0,100,Sell,230443312
2024-08-09 09:28:48,168600.0,100,Sell,230443555
2024-08-09 09:28:57,168600.0,100,Sell,230443691
2024-08-09 09:29:13,168600.0,100,Sell,230444055
2024-08-09 09:29:17,168600.0,100,Sell,230444131
2024-08-09 09:29:37,168600.0,100,Sell,230444756
2024-08-09 09:29:38,168500.0,100,Sell,230444822
2024-08-09 09:29:57,168500.0,100,Sell,230445248
2024-08-09 09:30:04,168500.0,100,Sell,230445381
2024-08-09 09:30:17,168500.0,100,Sell,230445717
2024-08-09 09:30:29,168500.0,100,Sell,230445955
2024-08-09 09:30:37,168500.0,100,Sell,230446165
2024-08-09 09:30:37,168500.0,100,Sell,230446173
2024-08-09 09:30:54,168500.0,100,Sell,230446446
2024-08-09 09:30:58,168500.0,100,Sell,230446513
2024-08-09 09:30:59,168500.0,100,Sell,230446542
2024-08-09 09:31:18,168500.0,100,Sell,230446888
2024-08-09 09:31:19,168500.0,100,Sell,230446917
2024-08-09 09:31:21,168500.0,100,Sell,230446946
2024-08-09 09:31:38,168600.0,100,Sell,230447292
2024-08-09 09:31:44,168500.0,100,Sell,230447420
2024-08-09 09:31:44,168500.0,100,Sell,230447421
2024-08-09 09:31:58,168500.0,100,Sell,230447711
2024-08-09 09:32:05,168500.0,100,Sell,230447855
2024-08-09 09:32:09,168500.0,100,Sell,230447929
2024-08-09 09:32:18,168600.0,100,Sell,230448112
2024-08-09 09:32:27,168600.0,100,Sell,230448272
2024-08-09 09:32:32,169500.0,100,Buy,230448358
2024-08-09 09:32:32,169500.0,100,Buy,230448357
2024-08-09 09:32:32,169500.0,100,Buy,230448354
2024-08-09 09:32:32,169500.0,100,Buy,230448355
2024-08-09 09:32:32,169500.0,500,Buy,230448356
2024-08-09 09:32:32,169000.0,100,Buy,230448353
2024-08-09 09:32:34,168600.0,100,Sell,230448386
2024-08-09 09:32:38,168600.0,100,Sell,230448450
2024-08-09 09:32:49,168600.0,100,Sell,230448652
2024-08-09 09:32:59,168700.0,100,Sell,230448812
2024-08-09 09:33:00,168700.0,100,Sell,230448826
2024-08-09 09:33:12,168700.0,100,Sell,230449045
2024-08-09 09:33:19,168600.0,100,Sell,230449186
2024-08-09 09:33:25,168600.0,100,Sell,230449342
2024-08-09 09:33:33,168700.0,100,Sell,230449467
2024-08-09 09:33:39,168700.0,100,Sell,230449569
2024-08-09 09:33:50,168700.0,100,Sell,230449770
2024-08-09 09:33:55,168700.0,100,Sell,230449867
2024-08-09 09:33:59,168600.0,100,Sell,230449926
2024-08-09 09:34:15,168600.0,100,Sell,230450210
2024-08-09 09:34:17,168600.0,100,Sell,230450233
2024-08-09 09:34:19,168600.0,100,Sell,230450287
2024-08-09 09:34:39,168600.0,100,Sell,230450655
2024-08-09 09:34:39,168600.0,100,Sell,230450645
2024-08-09 09:34:40,168600.0,100,Sell,230450660
2024-08-09 09:35:00,168600.0,100,Sell,230451016
2024-08-09 09:35:01,168600.0,100,Sell,230451035
2024-08-09 09:35:05,168600.0,100,Sell,230451113
2024-08-09 09:35:20,169100.0,100,Buy,230451355
2024-08-09 09:35:20,169300.0,200,Buy,230451356
2024-08-09 09:35:20,169400.0,100,Buy,230451357
2024-08-09 09:35:20,168600.0,100,Sell,230451367
2024-08-09 09:35:23,168600.0,100,Sell,230451442
2024-08-09 09:35:30,168600.0,100,Sell,230451570
2024-08-09 09:35:40,168600.0,100,Sell,230451738
2024-08-09 09:35:45,168700.0,100,Sell,230451860
2024-08-09 09:35:55,168600.0,100,Sell,230452030
2024-08-09 09:36:01,168600.0,100,Sell,230452120
2024-08-09 09:36:06,168600.0,100,Sell,230452206
2024-08-09 09:36:21,168700.0,100,Sell,230452446
2024-08-09 09:36:21,168700.0,100,Sell,230452448
2024-08-09 09:36:28,168700.0,100,Sell,230452640
2024-08-09 09:36:41,168800.0,100,Sell,230452888
2024-08-09 09:36:45,168700.0,100,Sell,230452972
2024-08-09 09:36:50,168700.0,100,Sell,230453047
2024-08-09 09:37:01,168700.0,100,Sell,230453222
2024-08-09 09:37:11,168700.0,100,Sell,230453354
2024-08-09 09:37:12,168700.0,100,Sell,230453388
2024-08-09 09:37:21,168800.0,100,Sell,230453538
2024-08-09 09:37:34,168800.0,100,Sell,230453755
2024-08-09 09:37:36,168800.0,100,Sell,230453789
2024-08-09 09:37:42,168800.0,100,Sell,230453912
2024-08-09 09:37:56,168800.0,100,Sell,230454207
2024-08-09 09:38:01,168800.0,100,Sell,230454330
2024-08-09 09:38:02,168800.0,100,Sell,230454367
2024-08-09 09:38:02,169400.0,100,Buy,230454368
2024-08-09 09:38:18,168800.0,100,Sell,230454640
2024-08-09 09:38:22,168800.0,100,Sell,230454711
2024-08-09 09:38:26,168800.0,100,Sell,230454824
2024-08-09 09:38:39,168800.0,100,Sell,230455028
2024-08-09 09:38:42,168800.0,100,Sell,230455075
2024-08-09 09:38:51,168800.0,100,Sell,230455254
2024-08-09 09:39:01,168800.0,100,Sell,230455425
2024-08-09 09:39:02,168800.0,100,Sell,230455445
2024-08-09 09:39:16,168800.0,100,Sell,230455659
2024-08-09 09:39:22,168800.0,100,Sell,230455747
2024-08-09 09:39:23,168800.0,100,Sell,230455762
2024-08-09 09:39:41,168800.0,100,Sell,230456035
2024-08-09 09:39:42,168800.0,100,Sell,230456050
2024-08-09 09:39:45,168800.0,100,Sell,230456086
2024-08-09 09:40:02,168800.0,100,Sell,230456361
2024-08-09 09:40:07,168700.0,100,Sell,230456466
2024-08-09 09:40:07,168700.0,100,Sell,230456457
2024-08-09 09:40:23,168700.0,100,Sell,230456725
2024-08-09 09:40:29,169400.0,100,Buy,230456924
2024-08-09 09:40:29,168700.0,100,Sell,230456925
2024-08-09 09:40:31,168700.0,100,Sell,230456986
2024-08-09 09:40:43,168700.0,100,Sell,230457152
2024-08-09 09:40:51,168700.0,100,Sell,230457274
2024-08-09 09:40:57,168700.0,100,Sell,230457365
2024-08-09 09:41:03,168700.0,100,Sell,230457458
2024-08-09 09:41:13,168700.0,100,Sell,230457604
2024-08-09 09:41:22,168700.0,100,Sell,230457701
2024-08-09 09:41:23,168700.0,100,Sell,230457709
2024-08-09 09:41:35,168700.0,100,Sell,230457919
2024-08-09 09:41:43,168700.0,100,Sell,230458052
2024-08-09 09:41:47,168700.0,100,Sell,230458125
2024-08-09 09:41:57,168700.0,100,Sell,230458304
2024-08-09 09:42:03,168700.0,100,Sell,230458432
2024-08-09 09:42:12,168700.0,100,Sell,230458563
2024-08-09 09:42:20,168700.0,100,Sell,230458642
2024-08-09 09:42:24,168700.0,100,Sell,230458713
2024-08-09 09:42:37,168700.0,100,Sell,230458944
2024-08-09 09:42:42,168700.0,100,Sell,230459063
2024-08-09 09:42:44,168700.0,100,Sell,230459099
2024-08-09 09:43:02,168700.0,100,Sell,230459433
2024-08-09 09:43:04,168700.0,100,Sell,230459450
2024-08-09 09:43:04,168700.0,100,Sell,230459453
2024-08-09 09:43:24,168800.0,100,Sell,230459766
2024-08-09 09:43:26,169400.0,100,Buy,230459781
2024-08-09 09:43:26,168700.0,100,Sell,230459786
2024-08-09 09:43:27,168700.0,100,Sell,230459798
2024-08-09 09:43:45,168700.0,100,Sell,230460110
2024-08-09 09:43:48,168700.0,100,Sell,230460156
2024-08-09 09:43:53,168700.0,100,Sell,230460210
2024-08-09 09:44:05,168700.0,100,Sell,230460415
2024-08-09 09:44:10,168800.0,100,Sell,230460487
2024-08-09 09:44:18,168700.0,100,Sell,230460620
2024-08-09 09:44:25,168700.0,100,Sell,230460796
2024-08-09 09:44:32,168700.0,100,Sell,230460899
2024-08-09 09:44:43,168700.0,100,Sell,230461015
2024-08-09 09:44:45,168700.0,100,Sell,230461065
2024-08-09 09:44:54,168700.0,100,Sell,230461216
2024-08-09 09:45:05,168700.0,100,Sell,230461374
2024-08-09 09:45:08,168700.0,100,Sell,230461411
2024-08-09 09:45:17,168700.0,100,Sell,230461556
2024-08-09 09:45:25,168700.0,100,Sell,230461691
2024-08-09 09:45:33,168800.0,100,Sell,230461831
2024-08-09 09:45:39,168700.0,100,Sell,230461994
2024-08-09 09:45:46,168700.0,100,Sell,230462087
2024-08-09 09:45:58,168700.0,100,Sell,230462292
2024-08-09 09:46:02,168700.0,100,Sell,230462370
2024-08-09 09:46:05,168700.0,100,Sell,230462461
2024-08-09 09:46:23,168800.0,100,Sell,230462747
2024-08-09 09:46:24,168800.0,100,Sell,230462753
2024-08-09 09:46:26,168800.0,100,Sell,230462797
2024-08-09 09:46:46,168800.0,100,Sell,230463134
2024-08-09 09:46:46,168800.0,100,Sell,230463140
2024-08-09 09:46:48,168700.0,100,Sell,230463181
2024-08-09 09:47:06,168700.0,100,Sell,230463538
2024-08-09 09:47:08,168700.0,100,Sell,230463594
2024-08-09 09:47:13,168700.0,100,Sell,230463750
2024-08-09 09:47:26,168700.0,100,Sell,230463980
2024-08-09 09:47:31,168700.0,100,Sell,230464070
2024-08-09 09:47:38,168700.0,100,Sell,230464257
2024-08-09 09:47:47,168800.0,100,Sell,230464409
2024-08-09 09:47:53,168800.0,100,Sell,230464564
2024-08-09 09:48:04,168800.0,100,Sell,230464753
2024-08-09 09:48:07,168800.0,100,Sell,230464821
2024-08-09 09:48:14,168800.0,100,Sell,230464960
2024-08-09 09:48:27,168700.0,100,Sell,230465216
2024-08-09 09:48:29,168700.0,100,Sell,230465255
2024-08-09 09:48:37,168700.0,100,Sell,230465397
2024-08-09 09:48:47,168700.0,100,Sell,230465599
2024-08-09 09:48:54,168700.0,100,Sell,230465723
2024-08-09 09:48:58,168700.0,100,Sell,230465807
2024-08-09 09:49:07,168700.0,100,Sell,230465978
2024-08-09 09:49:19,168700.0,100,Sell,230466321
2024-08-09 09:49:21,168700.0,100,Sell,230466354
2024-08-09 09:49:27,168700.0,100,Sell,230466466
2024-08-09 09:49:36,168700.0,500,Sell,230466667
2024-08-09 09:49:36,168700.0,100,Sell,230466668
2024-08-09 09:49:36,168800.0,300,Sell,230466665
2024-08-09 09:49:36,168700.0,100,Sell,230466666
2024-08-09 09:49:44,168700.0,100,Sell,230466789
2024-08-09 09:49:44,168700.0,100,Sell,230466790
2024-08-09 09:49:48,168700.0,100,Sell,230466883
2024-08-09 09:50:06,168700.0,100,Sell,230467279
2024-08-09 09:50:08,168700.0,100,Sell,230467304
2024-08-09 09:50:09,168700.0,100,Sell,230467328
2024-08-09 09:50:28,168700.0,100,Sell,230467786
2024-08-09 09:50:28,168700.0,100,Sell,230467772
2024-08-09 09:50:34,168700.0,100,Sell,230467939
2024-08-09 09:50:48,168700.0,100,Sell,230468276
2024-08-09 09:50:49,168700.0,100,Sell,230468316
2024-08-09 09:50:59,168700.0,100,Sell,230468625
2024-08-09 09:51:08,168700.0,100,Sell,230468839
2024-08-09 09:51:11,168700.0,100,Sell,230468903
2024-08-09 09:51:25,168700.0,100,Sell,230469227
2024-08-09 09:51:29,168700.0,100,Sell,230469335
2024-08-09 09:51:33,168700.0,100,Sell,230469443
2024-08-09 09:51:49,168700.0,100,Sell,230469757
2024-08-09 09:51:50,168700.0,100,Sell,230469777
2024-08-09 09:51:55,168700.0,100,Sell,230469925
2024-08-09 09:52:09,168700.0,100,Sell,230470322
2024-08-09 09:52:15,168700.0,100,Sell,230470431
2024-08-09 09:52:17,168700.0,100,Sell,230470467
2024-08-09 09:52:29,168700.0,100,Sell,230470807
2024-08-09 09:52:40,168700.0,100,Sell,230471152
2024-08-09 09:52:40,168700.0,100,Sell,230471168
2024-08-09 09:52:49,168700.0,100,Sell,230471412
2024-08-09 09:53:02,168700.0,100,Sell,230471841
2024-08-09 09:53:05,168700.0,100,Sell,230471936
2024-08-09 09:53:09,168700.0,100,Sell,230472005
2024-08-09 09:53:23,168700.0,100,Sell,230472480
2024-08-09 09:53:30,168700.0,100,Sell,230472788
2024-08-09 09:53:30,168700.0,100,Sell,230472778
2024-08-09 09:53:46,168700.0,100,Sell,230473187
2024-08-09 09:53:50,168700.0,100,Sell,230473312
2024-08-09 09:53:55,168700.0,100,Sell,230473462
2024-08-09 09:54:07,168700.0,100,Sell,230473754
2024-08-09 09:54:10,168700.0,100,Sell,230473814
2024-08-09 09:54:21,168700.0,100,Sell,230474037
2024-08-09 09:54:30,168700.0,100,Sell,230474223
2024-08-09 09:54:30,168700.0,100,Sell,230474233
2024-08-09 09:54:46,168700.0,100,Sell,230474575
2024-08-09 09:54:50,168700.0,100,Sell,230474654
2024-08-09 09:54:52,168700.0,100,Sell,230474688
2024-08-09 09:55:10,168700.0,100,Sell,230475468
2024-08-09 09:55:11,168700.0,100,Sell,230475475
2024-08-09 09:55:13,168700.0,100,Sell,230475525
2024-08-09 09:55:31,168700.0,100,Sell,230476017
2024-08-09 09:55:36,168700.0,100,Sell,230476130
2024-08-09 09:55:36,168700.0,100,Sell,230476129
2024-08-09 09:55:51,168700.0,100,Sell,230476514
2024-08-09 09:55:58,168700.0,100,Sell,230476784
2024-08-09 09:56:01,168700.0,100,Sell,230476914
2024-08-09 09:56:11,168700.0,100,Sell,230477288
2024-08-09 09:56:20,168700.0,100,Sell,230477593
2024-08-09 09:56:26,168700.0,100,Sell,230477774
2024-08-09 09:56:31,168700.0,100,Sell,230477914
2024-08-09 09:56:42,168700.0,100,Sell,230478226
2024-08-09 09:56:51,168700.0,100,Sell,230478462
2024-08-09 09:56:51,168700.0,100,Sell,230478463
2024-08-09 09:57:04,168700.0,100,Sell,230478785
2024-08-09 09:57:11,168700.0,100,Sell,230478973
2024-08-09 09:57:17,168700.0,100,Sell,230479083
2024-08-09 09:57:26,168700.0,100,Sell,230479370
2024-08-09 09:57:32,168800.0,100,Sell,230479496
2024-08-09 09:57:42,168700.0,100,Sell,230479708
2024-08-09 09:57:48,168700.0,100,Sell,230479827
2024-08-09 09:57:52,168700.0,100,Sell,230479927
2024-08-09 09:58:07,168700.0,100,Sell,230480318
2024-08-09 09:58:10,168700.0,100,Sell,230480394
2024-08-09 09:58:12,168700.0,100,Sell,230480430
2024-08-09 09:58:32,168700.0,100,Sell,230480936
2024-08-09 09:58:32,168700.0,100,Sell,230480935
2024-08-09 09:58:32,168700.0,100,Sell,230480933
2024-08-09 09:58:52,168700.0,100,Sell,230481414
2024-08-09 09:58:54,168700.0,100,Sell,230481455
2024-08-09 09:58:57,168700.0,100,Sell,230481493
2024-08-09 09:59:13,168700.0,100,Sell,230482094
2024-08-09 09:59:16,168700.0,100,Sell,230482203
2024-08-09 09:59:22,168700.0,100,Sell,230482313
2024-08-09 09:59:33,168700.0,100,Sell,230482657
2024-08-09 09:59:38,168700.0,100,Sell,230482838
2024-08-09 09:59:47,168700.0,100,Sell,230483056
2024-08-09 09:59:53,169000.0,1000,Buy,230483162
2024-08-09 09:59:53,168700.0,100,Sell,230483166
2024-08-09 10:00:00,168700.0,100,Sell,230483349
2024-08-09 10:00:12,168700.0,100,Sell,230483531
2024-08-09 10:00:13,168700.0,100,Sell,230483561
2024-08-09 10:00:22,168700.0,100,Sell,230483814
2024-08-09 10:00:33,168700.0,100,Sell,230484179
2024-08-09 10:00:37,168700.0,100,Sell,230484254
2024-08-09 10:00:44,168700.0,100,Sell,230484391
2024-08-09 10:00:53,168700.0,100,Sell,230484610
2024-08-09 10:01:03,168700.0,100,Sell,230484793
2024-08-09 10:01:07,168700.0,100,Sell,230484842
2024-08-09 10:01:14,168700.0,100,Sell,230485032
2024-08-09 10:01:28,168700.0,100,Sell,230485357
2024-08-09 10:01:28,168700.0,100,Sell,230485377
2024-08-09 10:01:34,168700.0,100,Sell,230485486
2024-08-09 10:01:51,168800.0,100,Sell,230485811
2024-08-09 10:01:53,168800.0,100,Sell,230485855
2024-08-09 10:01:54,168800.0,100,Sell,230485867
2024-08-09 10:02:13,168800.0,100,Sell,230486438
2024-08-09 10:02:14,168800.0,100,Sell,230486460
2024-08-09 10:02:18,168800.0,100,Sell,230486531
2024-08-09 10:02:34,168900.0,100,Sell,230486883
2024-08-09 10:02:35,168900.0,100,Sell,230486893
2024-08-09 10:02:43,168900.0,100,Sell,230487044
2024-08-09 10:02:54,168900.0,100,Sell,230487274
2024-08-09 10:02:58,168900.0,100,Sell,230487337
2024-08-09 10:03:08,168800.0,100,Sell,230487543
2024-08-09 10:03:15,168800.0,100,Sell,230487666
2024-08-09 10:03:19,168800.0,100,Sell,230487732
2024-08-09 10:03:34,168800.0,100,Sell,230488027
2024-08-09 10:03:35,168800.0,100,Sell,230488049
2024-08-09 10:03:41,168800.0,100,Sell,230488170
2024-08-09 10:03:55,168800.0,100,Sell,230488434
2024-08-09 10:03:59,168800.0,100,Sell,230488551
2024-08-09 10:04:04,168800.0,100,Sell,230488635
2024-08-09 10:04:16,168800.0,100,Sell,230488875
2024-08-09 10:04:24,168800.0,100,Sell,230489006
2024-08-09 10:04:26,168800.0,100,Sell,230489061
2024-08-09 10:04:36,168800.0,100,Sell,230489239
2024-08-09 10:04:48,168800.0,100,Sell,230489574
2024-08-09 10:04:49,168800.0,100,Sell,230489590
2024-08-09 10:04:56,168800.0,100,Sell,230489746
2024-08-09 10:05:10,168800.0,100,Sell,230490056
2024-08-09 10:05:14,168800.0,100,Sell,230490143
2024-08-09 10:05:16,168800.0,100,Sell,230490183
2024-08-09 10:05:33,168800.0,100,Sell,230490620
2024-08-09 10:05:36,168800.0,100,Sell,230490710
2024-08-09 10:05:39,168800.0,100,Sell,230490764
2024-08-09 10:05:55,168800.0,100,Sell,230491087
2024-08-09 10:05:56,168800.0,100,Sell,230491110
2024-08-09 10:06:04,168800.0,100,Sell,230491264
2024-08-09 10:06:16,168800.0,100,Sell,230491602
2024-08-09 10:06:17,168800.0,100,Sell,230491615
2024-08-09 10:06:29,168800.0,100,Sell,230491837
2024-08-09 10:06:31,169500.0,2900,Buy,230491897
2024-08-09 10:06:31,169500.0,100,Buy,230491895
2024-08-09 10:06:31,169500.0,100,Buy,230491896
2024-08-09 10:06:31,169500.0,300,Buy,230491894
2024-08-09 10:06:37,168800.0,100,Sell,230492021
2024-08-09 10:06:39,168800.0,100,Sell,230492081
2024-08-09 10:06:55,168900.0,100,Sell,230492377
2024-08-09 10:06:57,168900.0,100,Sell,230492419
2024-08-09 10:07:01,168900.0,100,Sell,230492527
2024-08-09 10:07:17,169000.0,100,Sell,230492858
2024-08-09 10:07:20,168900.0,100,Sell,230492919
2024-08-09 10:07:24,168900.0,100,Sell,230493032
2024-08-09 10:07:37,168900.0,100,Sell,230493399
2024-08-09 10:07:45,168900.0,100,Sell,230493590
2024-08-09 10:07:46,168900.0,100,Sell,230493626
2024-08-09 10:07:57,168900.0,100,Sell,230493850
2024-08-09 10:08:08,168900.0,100,Sell,230494116
2024-08-09 10:08:10,168900.0,100,Sell,230494144
2024-08-09 10:08:18,168900.0,100,Sell,230494299
2024-08-09 10:08:30,168900.0,100,Sell,230494570
2024-08-09 10:08:35,168900.0,100,Sell,230494665
2024-08-09 10:08:38,168900.0,100,Sell,230494825
2024-08-09 10:08:52,168900.0,100,Sell,230495090
2024-08-09 10:08:58,168900.0,100,Sell,230495245
2024-08-09 10:09:00,168900.0,100,Sell,230495287
2024-08-09 10:09:14,168900.0,100,Sell,230495571
2024-08-09 10:09:18,168900.0,100,Sell,230495648
2024-08-09 10:09:25,168900.0,100,Sell,230495777
2024-08-09 10:09:35,168900.0,100,Sell,230495934
2024-08-09 10:09:38,168900.0,100,Sell,230495978
2024-08-09 10:09:50,169000.0,100,Sell,230496224
2024-08-09 10:09:58,169000.0,100,Sell,230496358
2024-08-09 10:09:58,169000.0,100,Sell,230496353
2024-08-09 10:10:15,169000.0,100,Sell,230496712
2024-08-09 10:10:19,169000.0,100,Sell,230496801
2024-08-09 10:10:20,169000.0,100,Sell,230496824
2024-08-09 10:10:39,169000.0,100,Sell,230497213
2024-08-09 10:10:41,169000.0,100,Sell,230497245
2024-08-09 10:10:42,169000.0,100,Sell,230497269
2024-08-09 10:10:59,169100.0,100,Sell,230497579
2024-08-09 10:11:04,169000.0,100,Sell,230497779
2024-08-09 10:11:06,169000.0,100,Sell,230497812
2024-08-09 10:11:19,169000.0,100,Sell,230498144
2024-08-09 10:11:26,169000.0,100,Sell,230498241
2024-08-09 10:11:31,169000.0,100,Sell,230498351
2024-08-09 10:11:40,169000.0,100,Sell,230498508
2024-08-09 10:11:47,169000.0,100,Sell,230498634
2024-08-09 10:11:56,169000.0,100,Sell,230498844
2024-08-09 10:12:00,169000.0,100,Sell,230498888
2024-08-09 10:12:09,169000.0,100,Sell,230499038
2024-08-09 10:12:20,169000.0,100,Sell,230499209
2024-08-09 10:12:21,169000.0,100,Sell,230499214
2024-08-09 10:12:31,169000.0,100,Sell,230499464
2024-08-09 10:12:37,169000.0,100,Sell,230499591
2024-08-09 10:12:40,169000.0,100,Sell,230499675
2024-08-09 10:12:46,169000.0,100,Sell,230499767
2024-08-09 10:12:54,169000.0,100,Sell,230499882
2024-08-09 10:13:00,169000.0,100,Sell,230499994
2024-08-09 10:13:11,169100.0,100,Sell,230500212
2024-08-09 10:13:16,169100.0,100,Sell,230500281
2024-08-09 10:13:21,169100.0,100,Sell,230500354
2024-08-09 10:13:36,169100.0,100,Sell,230500630
2024-08-09 10:13:38,169100.0,100,Sell,230500640
2024-08-09 10:13:40,169100.0,100,Sell,230500692
2024-08-09 10:14:00,169200.0,100,Sell,230500973
2024-08-09 10:14:01,169200.0,100,Sell,230500993
2024-08-09 10:14:02,169200.0,100,Sell,230501004
2024-08-09 10:14:21,169300.0,100,Sell,230501307
2024-08-09 10:14:26,169300.0,100,Sell,230501399
2024-08-09 10:14:27,169300.0,100,Sell,230501415
2024-08-09 10:14:41,169300.0,100,Sell,230501630
2024-08-09 10:14:48,169300.0,100,Sell,230501753
2024-08-09 10:14:52,169300.0,100,Sell,230501808
2024-08-09 10:15:01,169300.0,100,Sell,230501992
2024-08-09 10:15:11,169300.0,100,Sell,230502119
2024-08-09 10:15:17,169300.0,100,Sell,230502219
2024-08-09 10:15:22,169300.0,100,Sell,230502305
2024-08-09 10:15:33,169400.0,100,Sell,230502483
2024-08-09 10:15:42,169400.0,100,Sell,230502639
2024-08-09 10:15:42,169400.0,100,Sell,230502654
2024-08-09 10:15:56,169500.0,100,Sell,230502850
2024-08-09 10:16:02,169500.0,100,Sell,230502950
2024-08-09 10:16:07,169500.0,100,Sell,230502993
2024-08-09 10:16:11,169600.0,100,Buy,230503046
2024-08-09 10:16:18,169500.0,100,Sell,230503159
2024-08-09 10:16:22,169500.0,100,Sell,230503234
2024-08-09 10:16:22,169600.0,100,Buy,230503229
2024-08-09 10:16:32,169500.0,100,Sell,230503420
2024-08-09 10:16:40,169500.0,100,Sell,230503525
2024-08-09 10:16:43,169500.0,100,Sell,230503569
2024-08-09 10:16:57,169500.0,600,Sell,230503774
2024-08-09 10:16:57,169500.0,1900,Sell,230503775
2024-08-09 10:16:58,169500.0,100,Sell,230503801
2024-08-09 10:17:02,169500.0,100,Sell,230503857
2024-08-09 10:17:03,169500.0,100,Sell,230503861
2024-08-09 10:17:18,169600.0,100,Buy,230504068
2024-08-09 10:17:23,169500.0,100,Sell,230504128
2024-08-09 10:17:23,169500.0,100,Sell,230504129
2024-08-09 10:17:25,169500.0,100,Sell,230504158
2024-08-09 10:17:43,169500.0,100,Sell,230504405
2024-08-09 10:17:47,169500.0,100,Sell,230504465
2024-08-09 10:17:48,169500.0,100,Sell,230504484
2024-08-09 10:18:02,169500.0,1100,Sell,230504748
2024-08-09 10:18:03,169500.0,100,Sell,230504784
2024-08-09 10:18:09,169500.0,100,Sell,230504867
2024-08-09 10:18:10,169500.0,100,Sell,230504869
2024-08-09 10:18:13,169500.0,100,Sell,230504916
2024-08-09 10:18:23,169500.0,100,Sell,230505046
2024-08-09 10:18:33,169500.0,100,Sell,230505187
2024-08-09 10:18:38,169500.0,100,Sell,230505263
2024-08-09 10:18:44,169500.0,100,Sell,230505343
2024-08-09 10:18:55,169500.0,100,Sell,230505562
2024-08-09 10:19:03,169500.0,100,Sell,230505670
2024-08-09 10:19:04,169500.0,100,Sell,230505680
2024-08-09 10:19:17,169500.0,100,Sell,230505888
2024-08-09 10:19:24,169500.0,100,Sell,230505960
2024-08-09 10:19:28,169500.0,100,Sell,230506034
2024-08-09 10:19:39,169500.0,100,Sell,230506216
2024-08-09 10:19:44,169500.0,100,Sell,230506270
2024-08-09 10:19:54,169500.0,100,Sell,230506400
2024-08-09 10:20:05,169500.0,100,Sell,230506541
2024-08-09 10:20:07,169500.0,100,Sell,230506592
2024-08-09 10:20:19,169500.0,100,Sell,230506828
2024-08-09 10:20:25,169500.0,100,Sell,230506919
2024-08-09 10:20:29,169500.0,100,Sell,230506982
2024-08-09 10:20:44,169500.0,100,Sell,230507147
2024-08-09 10:20:45,169500.0,100,Sell,230507159
2024-08-09 10:20:51,169400.0,100,Sell,230507276
2024-08-09 10:21:05,169400.0,100,Sell,230507492
2024-08-09 10:21:09,169400.0,100,Sell,230507544
2024-08-09 10:21:13,169400.0,100,Sell,230507605
2024-08-09 10:21:23,169500.0,100,Buy,230507760
2024-08-09 10:21:26,169400.0,100,Sell,230507788
2024-08-09 10:21:34,169400.0,100,Sell,230507905
2024-08-09 10:21:35,169400.0,100,Sell,230507923
2024-08-09 10:21:46,169400.0,100,Sell,230508105
2024-08-09 10:21:46,169500.0,100,Buy,230508104
2024-08-09 10:21:58,169400.0,100,Sell,230508381
2024-08-09 10:21:59,169400.0,100,Sell,230508401
2024-08-09 10:22:06,169400.0,100,Sell,230508505
2024-08-09 10:22:20,169400.0,100,Sell,230508705
2024-08-09 10:22:24,169400.0,100,Sell,230508759
2024-08-09 10:22:26,169400.0,100,Sell,230508774
2024-08-09 10:22:27,169400.0,100,Sell,230508813
2024-08-09 10:22:42,169400.0,100,Sell,230508995
2024-08-09 10:22:46,169400.0,100,Sell,230509085
2024-08-09 10:22:49,169400.0,100,Sell,230509135
2024-08-09 10:23:04,169400.0,100,Sell,230509323
2024-08-09 10:23:06,169400.0,100,Sell,230509340
2024-08-09 10:23:15,169400.0,100,Sell,230509451
2024-08-09 10:23:26,169400.0,100,Sell,230509611
2024-08-09 10:23:26,169400.0,100,Sell,230509606
2024-08-09 10:23:40,169400.0,100,Sell,230509879
2024-08-09 10:23:44,169300.0,4600,Sell,230509998
2024-08-09 10:23:44,169200.0,100,Sell,230509999
2024-08-09 10:23:44,169100.0,300,Sell,230510000
2024-08-09 10:23:44,169400.0,3000,Sell,230509997
2024-08-09 10:23:47,169100.0,100,Sell,230510062
2024-08-09 10:23:48,169100.0,100,Sell,230510082
2024-08-09 10:24:05,169100.0,100,Sell,230510448
2024-08-09 10:24:07,169100.0,100,Sell,230510479
2024-08-09 10:24:10,169100.0,100,Sell,230510511
2024-08-09 10:24:27,169100.0,100,Sell,230510753
2024-08-09 10:24:30,169100.0,100,Sell,230510818
2024-08-09 10:24:32,169100.0,100,Sell,230510848
2024-08-09 10:24:47,169100.0,500,Sell,230511105
2024-08-09 10:24:47,169100.0,100,Sell,230511106
2024-08-09 10:24:55,169100.0,100,Sell,230511214
2024-08-09 10:24:55,169100.0,100,Sell,230511209
2024-08-09 10:25:07,169100.0,100,Sell,230511463
2024-08-09 10:25:17,169100.0,100,Sell,230511636
2024-08-09 10:25:20,169100.0,100,Sell,230511682
2024-08-09 10:25:21,169100.0,500,Sell,230511692
2024-08-09 10:25:27,169100.0,100,Sell,230511793
2024-08-09 10:25:28,169100.0,1000,Sell,230511809
2024-08-09 10:25:38,169100.0,100,Sell,230511922
2024-08-09 10:25:39,169100.0,100,Sell,230511936
2024-08-09 10:25:45,169100.0,100,Sell,230512045
2024-08-09 10:25:48,169100.0,100,Sell,230512091
2024-08-09 10:26:01,169100.0,100,Sell,230512422
2024-08-09 10:26:08,169100.0,100,Sell,230512521
2024-08-09 10:26:11,169100.0,100,Sell,230512556
2024-08-09 10:26:23,169100.0,100,Sell,230512708
2024-08-09 10:26:28,169100.0,100,Sell,230512761
2024-08-09 10:26:36,169300.0,100,Sell,230512953
2024-08-09 10:26:39,169100.0,500,Sell,230513027
2024-08-09 10:26:45,169100.0,100,Sell,230513182
2024-08-09 10:26:48,169100.0,100,Sell,230513266
2024-08-09 10:27:01,169000.0,100,Sell,230513526
2024-08-09 10:27:08,169000.0,100,Sell,230513675
2024-08-09 10:27:08,169000.0,100,Sell,230513655
2024-08-09 10:27:26,169000.0,100,Sell,230514146
2024-08-09 10:27:28,169000.0,100,Sell,230514192
2024-08-09 10:27:30,169000.0,100,Sell,230514226
2024-08-09 10:27:49,169100.0,100,Sell,230514492
2024-08-09 10:27:51,169100.0,100,Sell,230514523
2024-08-09 10:27:52,169100.0,100,Sell,230514540
2024-08-09 10:27:56,169100.0,500,Sell,230514598
2024-08-09 10:28:09,169100.0,100,Sell,230514783
2024-08-09 10:28:15,169100.0,100,Sell,230514846
2024-08-09 10:28:17,169100.0,100,Sell,230514869
2024-08-09 10:28:29,169100.0,100,Sell,230515049
2024-08-09 10:28:37,169100.0,100,Sell,230515137
2024-08-09 10:28:41,169100.0,100,Sell,230515216
2024-08-09 10:28:49,169100.0,100,Sell,230515331
2024-08-09 10:28:59,169100.0,100,Sell,230515447
2024-08-09 10:29:06,169100.0,100,Sell,230515508
2024-08-09 10:29:10,169100.0,100,Sell,230515558
2024-08-09 10:29:14,169100.0,500,Sell,230515621
2024-08-09 10:29:22,169100.0,100,Sell,230515749
2024-08-09 10:29:30,169100.0,100,Sell,230515858
2024-08-09 10:29:32,169100.0,100,Sell,230515887
2024-08-09 10:29:45,169100.0,100,Sell,230516090
2024-08-09 10:29:50,169100.0,100,Sell,230516181
2024-08-09 10:29:57,169100.0,100,Sell,230516261
2024-08-09 10:30:07,169100.0,100,Sell,230516463
2024-08-09 10:30:10,169100.0,100,Sell,230516504
2024-08-09 10:30:22,169100.0,100,Sell,230516648
2024-08-09 10:30:29,169100.0,100,Sell,230516735
2024-08-09 10:30:30,169100.0,100,Sell,230516748
2024-08-09 10:30:32,169100.0,500,Sell,230516761
2024-08-09 10:30:47,169100.0,100,Sell,230517004
2024-08-09 10:30:51,169100.0,100,Sell,230517056
2024-08-09 10:30:51,169100.0,100,Sell,230517076
2024-08-09 10:31:11,169100.0,100,Sell,230517281
2024-08-09 10:31:12,169100.0,100,Sell,230517293
2024-08-09 10:31:14,169100.0,100,Sell,230517308
2024-08-09 10:31:31,169100.0,100,Sell,230517522
2024-08-09 10:31:36,169100.0,100,Sell,230517592
2024-08-09 10:31:37,169100.0,100,Sell,230517602
2024-08-09 10:31:50,169100.0,500,Sell,230517747
2024-08-09 10:31:51,169100.0,100,Sell,230517761
2024-08-09 10:31:58,169100.0,100,Sell,230517813
2024-08-09 10:32:02,169100.0,100,Sell,230517884
2024-08-09 10:32:11,169100.0,100,Sell,230518013
2024-08-09 10:32:20,169100.0,100,Sell,230518153
2024-08-09 10:32:28,169100.0,100,Sell,230518255
2024-08-09 10:32:31,169100.0,100,Sell,230518306
2024-08-09 10:32:43,169100.0,100,Sell,230518401
2024-08-09 10:32:52,169100.0,100,Sell,230518523
2024-08-09 10:32:53,169100.0,100,Sell,230518540
2024-08-09 10:33:05,169100.0,100,Sell,230518685
2024-08-09 10:33:08,169100.0,500,Sell,230518719
2024-08-09 10:33:12,169100.0,100,Sell,230518780
2024-08-09 10:33:18,169100.0,100,Sell,230518840
2024-08-09 10:33:27,169100.0,100,Sell,230518986
2024-08-09 10:33:32,169100.0,100,Sell,230519032
2024-08-09 10:33:43,169100.0,100,Sell,230519157
2024-08-09 10:33:50,169100.0,100,Sell,230519215
2024-08-09 10:33:52,169100.0,100,Sell,230519254
2024-08-09 10:34:08,169100.0,100,Sell,230519401
2024-08-09 10:34:12,169100.0,100,Sell,230519490
2024-08-09 10:34:13,169100.0,100,Sell,230519497
2024-08-09 10:34:26,169100.0,500,Sell,230519639
2024-08-09 10:34:33,169100.0,100,Sell,230519758
2024-08-09 10:34:33,169100.0,100,Sell,230519770
2024-08-09 10:34:34,169100.0,100,Sell,230519787
2024-08-09 10:34:53,169100.0,100,Sell,230520063
2024-08-09 10:34:56,169100.0,100,Sell,230520089
2024-08-09 10:34:58,169100.0,100,Sell,230520114
2024-08-09 10:35:13,169100.0,100,Sell,230520315
2024-08-09 10:35:19,169100.0,100,Sell,230520451
2024-08-09 10:35:24,169100.0,100,Sell,230520524
2024-08-09 10:35:33,169100.0,100,Sell,230520657
2024-08-09 10:35:41,169100.0,100,Sell,230520741
2024-08-09 10:35:43,169100.0,500,Sell,230520771
2024-08-09 10:35:49,169100.0,100,Sell,230520840
2024-08-09 10:35:53,169100.0,100,Sell,230520893
2024-08-09 10:36:01,169100.0,100,Sell,230520965
2024-08-09 10:36:04,169100.0,100,Sell,230520991
2024-08-09 10:36:14,169100.0,100,Sell,230521101
2024-08-09 10:36:14,169100.0,100,Sell,230521103
2024-08-09 10:36:26,169100.0,100,Sell,230521257
2024-08-09 10:36:34,169100.0,100,Sell,230521348
2024-08-09 10:36:39,169100.0,100,Sell,230521420
2024-08-09 10:36:49,169000.0,100,Sell,230521546
2024-08-09 10:36:54,169000.0,100,Sell,230521620
2024-08-09 10:37:01,169000.0,500,Sell,230521700
2024-08-09 10:37:04,169000.0,100,Sell,230521753
2024-08-09 10:37:11,169000.0,100,Sell,230521840
2024-08-09 10:37:14,169000.0,100,Sell,230521889
2024-08-09 10:37:29,169000.0,100,Sell,230522093
2024-08-09 10:37:33,169000.0,100,Sell,230522137
2024-08-09 10:37:34,169000.0,100,Sell,230522154
2024-08-09 10:37:34,169000.0,100,Sell,230522155
2024-08-09 10:37:35,169200.0,100,Buy,230522169
2024-08-09 10:37:37,169000.0,3000,Sell,230522198
2024-08-09 10:37:54,169000.0,100,Sell,230522417
2024-08-09 10:37:54,169000.0,100,Sell,230522418
2024-08-09 10:37:56,169000.0,100,Sell,230522429
2024-08-09 10:38:15,169100.0,100,Sell,230522688
2024-08-09 10:38:18,169100.0,100,Sell,230522729
2024-08-09 10:38:19,169100.0,300,Sell,230522741
2024-08-09 10:38:20,169000.0,100,Sell,230522748
2024-08-09 10:38:35,169000.0,100,Sell,230522952
2024-08-09 10:38:41,169000.0,100,Sell,230523022
2024-08-09 10:38:45,169000.0,100,Sell,230523067
2024-08-09 10:38:55,169000.0,100,Sell,230523198
2024-08-09 10:39:03,169000.0,100,Sell,230523299
2024-08-09 10:39:10,169000.0,100,Sell,230523371
2024-08-09 10:39:15,169000.0,100,Sell,230523448
2024-08-09 10:39:26,169000.0,100,Sell,230523621
2024-08-09 10:39:35,169000.0,100,Sell,230523797
2024-08-09 10:39:36,169000.0,100,Sell,230523801
2024-08-09 10:39:37,169000.0,500,Sell,230523841
2024-08-09 10:39:48,169000.0,100,Sell,230524012
2024-08-09 10:39:56,169000.0,100,Sell,230524146
2024-08-09 10:40:00,169000.0,100,Sell,230524189
2024-08-09 10:40:10,169000.0,100,Sell,230524382
2024-08-09 10:40:16,169100.0,200,Buy,230524486
2024-08-09 10:40:16,169000.0,100,Sell,230524479
2024-08-09 10:40:25,169100.0,100,Sell,230524610
2024-08-09 10:40:33,169000.0,100,Sell,230524712
2024-08-09 10:40:36,169000.0,100,Sell,230524746
2024-08-09 10:40:50,169000.0,100,Sell,230524938
2024-08-09 10:40:55,169000.0,100,Sell,230525048
2024-08-09 10:40:55,169000.0,500,Sell,230525083
2024-08-09 10:40:56,169000.0,100,Sell,230525092
2024-08-09 10:41:06,169100.0,100,Buy,230525244
2024-08-09 10:41:06,169300.0,100,Buy,230525245
2024-08-09 10:41:06,169300.0,1300,Buy,230525246
2024-08-09 10:41:06,169500.0,100,Buy,230525247
2024-08-09 10:41:06,169500.0,100,Buy,230525248
2024-08-09 10:41:16,169000.0,100,Sell,230525438
2024-08-09 10:41:17,169000.0,100,Sell,230525468
2024-08-09 10:41:17,169000.0,100,Sell,230525454
2024-08-09 10:41:37,168800.0,100,Sell,230525807
2024-08-09 10:41:39,168800.0,100,Sell,230525890
2024-08-09 10:41:41,168800.0,100,Sell,230525903
2024-08-09 10:41:57,168800.0,100,Sell,230526193
2024-08-09 10:42:02,168800.0,100,Sell,230526279
2024-08-09 10:42:06,168800.0,100,Sell,230526328
2024-08-09 10:42:17,168900.0,100,Sell,230526583
2024-08-09 10:42:24,168900.0,100,Sell,230526665
2024-08-09 10:42:31,168900.0,100,Sell,230526816
2024-08-09 10:42:37,168900.0,100,Sell,230526914
2024-08-09 10:42:47,168900.0,100,Sell,230527045
2024-08-09 10:42:56,168900.0,100,Sell,230527175
2024-08-09 10:42:57,168900.0,100,Sell,230527182
2024-08-09 10:43:09,168900.0,100,Sell,230527397
2024-08-09 10:43:18,168900.0,100,Sell,230527539
2024-08-09 10:43:21,168900.0,100,Sell,230527619
2024-08-09 10:43:31,168900.0,100,Sell,230527742
2024-08-09 10:43:38,168900.0,100,Sell,230527832
2024-08-09 10:43:46,168900.0,100,Sell,230527942
2024-08-09 10:43:54,168900.0,100,Sell,230528034
2024-08-09 10:43:58,168900.0,100,Sell,230528098
2024-08-09 10:44:12,168900.0,100,Sell,230528271
2024-08-09 10:44:16,168900.0,100,Sell,230528391
2024-08-09 10:44:18,168900.0,100,Sell,230528431
2024-08-09 10:44:28,169000.0,200,Buy,230528527
2024-08-09 10:44:37,168900.0,100,Sell,230528615
2024-08-09 10:44:38,168900.0,100,Sell,230528636
2024-08-09 10:44:40,168900.0,100,Sell,230528649
2024-08-09 10:44:59,168900.0,100,Sell,230528956
2024-08-09 10:45:02,168900.0,100,Sell,230528989
2024-08-09 10:45:02,168900.0,100,Sell,230528990
2024-08-09 10:45:19,168900.0,100,Sell,230529212
2024-08-09 10:45:24,168900.0,100,Sell,230529340
2024-08-09 10:45:27,168900.0,100,Sell,230529378
2024-08-09 10:45:39,168900.0,100,Sell,230529536
2024-08-09 10:45:47,168900.0,100,Sell,230529661
2024-08-09 10:45:52,168900.0,100,Sell,230529755
2024-08-09 10:45:59,168900.0,100,Sell,230529856
2024-08-09 10:46:09,168900.0,100,Sell,230530018
2024-08-09 10:46:18,168900.0,100,Sell,230530118
2024-08-09 10:46:20,168900.0,100,Sell,230530143
2024-08-09 10:46:32,168900.0,100,Sell,230530324
2024-08-09 10:46:40,168900.0,100,Sell,230530414
2024-08-09 10:46:42,168900.0,100,Sell,230530436
2024-08-09 10:46:54,168900.0,100,Sell,230530810
2024-08-09 10:47:00,168900.0,100,Sell,230530885
2024-08-09 10:47:08,168900.0,100,Sell,230531014
2024-08-09 10:47:16,168900.0,100,Sell,230531177
2024-08-09 10:47:20,168900.0,100,Sell,230531237
2024-08-09 10:47:33,168900.0,100,Sell,230531459
2024-08-09 10:47:38,168900.0,100,Sell,230531530
2024-08-09 10:47:41,168900.0,100,Sell,230531564
2024-08-09 10:47:58,168900.0,100,Sell,230531822
2024-08-09 10:48:01,168900.0,100,Sell,230531845
2024-08-09 10:48:01,168900.0,100,Sell,230531849
2024-08-09 10:48:21,168900.0,100,Sell,230532240
2024-08-09 10:48:23,168900.0,100,Sell,230532269
2024-08-09 10:48:23,168900.0,100,Sell,230532274
2024-08-09 10:48:41,168900.0,100,Sell,230532654
2024-08-09 10:48:46,168900.0,100,Sell,230532774
2024-08-09 10:48:48,168900.0,100,Sell,230532827
2024-08-09 10:49:01,168900.0,100,Sell,230533128
2024-08-09 10:49:08,168900.0,100,Sell,230533248
2024-08-09 10:49:14,168900.0,100,Sell,230533330
2024-08-09 10:49:22,168900.0,100,Sell,230533579
2024-08-09 10:49:30,168900.0,100,Sell,230533797
2024-08-09 10:49:39,168900.0,100,Sell,230533923
2024-08-09 10:49:42,168900.0,100,Sell,230533997
2024-08-09 10:49:53,168900.0,100,Sell,230534310
2024-08-09 10:50:03,168900.0,100,Sell,230534515
2024-08-09 10:50:04,168900.0,100,Sell,230534538
2024-08-09 10:50:16,168900.0,100,Sell,230534769
2024-08-09 10:50:25,168900.0,100,Sell,230534990
2024-08-09 10:50:29,168900.0,100,Sell,230535041
2024-08-09 10:50:38,168900.0,100,Sell,230535173
2024-08-09 10:50:42,168900.0,100,Sell,230535255
2024-08-09 10:50:54,168900.0,100,Sell,230535444
2024-08-09 10:51:00,168900.0,100,Sell,230535533
2024-08-09 10:51:06,168900.0,100,Sell,230535627
2024-08-09 10:51:19,168900.0,100,Sell,230535856
2024-08-09 10:51:23,168900.0,100,Sell,230535934
2024-08-09 10:51:23,168900.0,100,Sell,230535944
2024-08-09 10:51:43,168900.0,100,Sell,230536326
2024-08-09 10:51:44,168900.0,100,Sell,230536350
2024-08-09 10:51:45,168900.0,100,Sell,230536359
2024-08-09 10:52:06,168900.0,100,Sell,230536663
2024-08-09 10:52:06,169000.0,100,Buy,230536662
2024-08-09 10:52:08,168900.0,100,Sell,230536703
2024-08-09 10:52:09,168900.0,100,Sell,230536739
2024-08-09 10:52:24,168900.0,100,Sell,230537063
2024-08-09 10:52:30,168900.0,100,Sell,230537292
2024-08-09 10:52:31,169000.0,200,Buy,230537306
2024-08-09 10:52:31,169000.0,500,Buy,230537307
2024-08-09 10:52:31,169000.0,500,Buy,230537308
2024-08-09 10:52:31,169000.0,1500,Buy,230537309
2024-08-09 10:52:31,169000.0,500,Buy,230537310
2024-08-09 10:52:31,169000.0,500,Buy,230537311
2024-08-09 10:52:31,169000.0,400,Buy,230537312
2024-08-09 10:52:31,169000.0,500,Buy,230537313
2024-08-09 10:52:31,169000.0,100,Buy,230537314
2024-08-09 10:52:31,169000.0,300,Buy,230537315
2024-08-09 10:52:35,168900.0,100,Sell,230537370
2024-08-09 10:52:44,168900.0,100,Sell,230537479
2024-08-09 10:52:53,168900.0,100,Sell,230537661
2024-08-09 10:53:00,168900.0,100,Sell,230537776
2024-08-09 10:53:04,168900.0,100,Sell,230537869
2024-08-09 10:53:15,168900.0,100,Sell,230538004
2024-08-09 10:53:24,168900.0,100,Sell,230538133
2024-08-09 10:53:25,168900.0,100,Sell,230538144
2024-08-09 10:53:38,168900.0,100,Sell,230538529
2024-08-09 10:53:44,168900.0,100,Sell,230538630
2024-08-09 10:53:50,168900.0,100,Sell,230538732
2024-08-09 10:53:56,169000.0,200,Buy,230538822
2024-08-09 10:54:02,168900.0,100,Sell,230538996
2024-08-09 10:54:05,168900.0,100,Sell,230539044
2024-08-09 10:54:15,168900.0,100,Sell,230539183
2024-08-09 10:54:24,168900.0,100,Sell,230539290
2024-08-09 10:54:25,168900.0,100,Sell,230539299
2024-08-09 10:54:40,168900.0,100,Sell,230539593
2024-08-09 10:54:45,168900.0,100,Sell,230539689
2024-08-09 10:54:46,168900.0,100,Sell,230539699
2024-08-09 10:55:05,168900.0,100,Sell,230539951
2024-08-09 10:55:05,168900.0,100,Sell,230539953
2024-08-09 10:55:09,168900.0,100,Sell,230540018
2024-08-09 10:55:25,168900.0,100,Sell,230540302
2024-08-09 10:55:30,168900.0,100,Sell,230540373
2024-08-09 10:55:31,168900.0,100,Sell,230540376
2024-08-09 10:55:46,168900.0,100,Sell,230540585
2024-08-09 10:55:53,168900.0,100,Sell,230540658
2024-08-09 10:55:57,168900.0,100,Sell,230540704
2024-08-09 10:56:06,168900.0,100,Sell,230540814
2024-08-09 10:56:06,168900.0,100,Sell,230540822
2024-08-09 10:56:15,168900.0,100,Sell,230540930
2024-08-09 10:56:21,168900.0,100,Sell,230540994
2024-08-09 10:56:26,168900.0,100,Sell,230541053
2024-08-09 10:56:38,168900.0,100,Sell,230541259
2024-08-09 10:56:46,168900.0,100,Sell,230541407
2024-08-09 10:56:46,168900.0,100,Sell,230541408
2024-08-09 10:57:00,168900.0,100,Sell,230541553
2024-08-09 10:57:07,168900.0,100,Sell,230541611
2024-08-09 10:57:11,168900.0,100,Sell,230541680
2024-08-09 10:57:23,168900.0,100,Sell,230541887
2024-08-09 10:57:27,168900.0,100,Sell,230541953
2024-08-09 10:57:36,168900.0,100,Sell,230542053
2024-08-09 10:57:45,168900.0,100,Sell,230542175
2024-08-09 10:57:47,168900.0,100,Sell,230542204
2024-08-09 10:58:02,168900.0,100,Sell,230542395
2024-08-09 10:58:06,168900.0,2600,Sell,230542462
2024-08-09 10:58:06,168900.0,100,Sell,230542463
2024-08-09 10:58:06,168900.0,4500,Sell,230542464
2024-08-09 10:58:07,168900.0,100,Sell,230542473
2024-08-09 10:58:07,168900.0,100,Sell,230542475
2024-08-09 10:58:27,168900.0,100,Sell,230542735
2024-08-09 10:58:28,168900.0,100,Sell,230542741
2024-08-09 10:58:29,168900.0,100,Sell,230542765
2024-08-09 10:58:48,168800.0,100,Sell,230542994
2024-08-09 10:58:51,168800.0,100,Sell,230543020
2024-08-09 10:58:52,168800.0,100,Sell,230543028
2024-08-09 10:59:08,168800.0,100,Sell,230543233
2024-08-09 10:59:14,168800.0,100,Sell,230543341
2024-08-09 10:59:17,168800.0,100,Sell,230543389
2024-08-09 10:59:21,168800.0,1000,Sell,230543444
2024-08-09 10:59:28,168800.0,100,Sell,230543551
2024-08-09 10:59:36,168800.0,100,Sell,230543651
2024-08-09 10:59:42,168800.0,100,Sell,230543722
2024-08-09 10:59:48,168800.0,100,Sell,230543786
2024-08-09 10:59:58,168800.0,100,Sell,230543999
2024-08-09 11:00:07,168800.0,100,Sell,230544112
2024-08-09 11:00:13,168800.0,100,Sell,230544164
2024-08-09 11:00:20,168800.0,100,Sell,230544264
2024-08-09 11:00:37,168800.0,100,Sell,230544538
2024-08-09 11:00:37,168800.0,100,Sell,230544539
2024-08-09 11:00:43,168800.0,100,Sell,230544690
2024-08-09 11:00:49,168800.0,100,Sell,230544770
2024-08-09 11:00:58,168800.0,100,Sell,230544842
2024-08-09 11:01:05,168800.0,100,Sell,230544927
2024-08-09 11:01:09,168800.0,100,Sell,230544971
2024-08-09 11:01:23,168800.0,100,Sell,230545137
2024-08-09 11:01:27,168800.0,100,Sell,230545214
2024-08-09 11:01:30,168800.0,100,Sell,230545240
2024-08-09 11:01:48,168800.0,100,Sell,230545542
2024-08-09 11:01:49,168800.0,100,Sell,230545555
2024-08-09 11:01:50,168800.0,100,Sell,230545561
2024-08-09 11:02:10,168800.0,100,Sell,230545829
2024-08-09 11:02:12,168800.0,100,Sell,230545846
2024-08-09 11:02:13,168800.0,100,Sell,230545863
2024-08-09 11:02:30,168800.0,100,Sell,230546061
2024-08-09 11:02:34,168800.0,100,Sell,230546097
2024-08-09 11:02:38,168800.0,100,Sell,230546145
2024-08-09 11:02:50,168800.0,100,Sell,230546325
2024-08-09 11:02:57,168800.0,100,Sell,230546416
2024-08-09 11:03:03,168800.0,100,Sell,230546492
2024-08-09 11:03:11,168800.0,100,Sell,230546575
2024-08-09 11:03:19,168800.0,100,Sell,230546700
2024-08-09 11:03:29,168800.0,100,Sell,230546803
2024-08-09 11:03:31,168800.0,100,Sell,230546851
2024-08-09 11:03:34,169000.0,500,Buy,230546899
2024-08-09 11:03:34,169000.0,600,Buy,230546900
2024-08-09 11:03:34,169000.0,500,Buy,230546901
2024-08-09 11:03:34,169000.0,1000,Buy,230546902
2024-08-09 11:03:34,169000.0,500,Buy,230546903
2024-08-09 11:03:34,169000.0,500,Buy,230546904
2024-08-09 11:03:34,169000.0,100,Buy,230546905
2024-08-09 11:03:34,169000.0,300,Buy,230546906
2024-08-09 11:03:42,168800.0,100,Sell,230546993
2024-08-09 11:03:51,168800.0,100,Sell,230547087
2024-08-09 11:03:54,168800.0,100,Sell,230547141
2024-08-09 11:04:04,168800.0,100,Sell,230547269
2024-08-09 11:04:11,168800.0,100,Sell,230547442
2024-08-09 11:04:19,168800.0,100,Sell,230547549
2024-08-09 11:04:27,168800.0,100,Sell,230547670
2024-08-09 11:04:32,168800.0,100,Sell,230547741
2024-08-09 11:04:44,168800.0,100,Sell,230547938
2024-08-09 11:04:49,168800.0,100,Sell,230547986
2024-08-09 11:04:52,168800.0,100,Sell,230548017
2024-08-09 11:05:08,169000.0,100,Buy,230548245
2024-08-09 11:05:08,169000.0,500,Buy,230548246
2024-08-09 11:05:08,169000.0,900,Buy,230548247
2024-08-09 11:05:09,168800.0,100,Sell,230548266
2024-08-09 11:05:11,168800.0,100,Sell,230548294
2024-08-09 11:05:12,168800.0,100,Sell,230548306
2024-08-09 11:05:15,169000.0,100,Buy,230548334
2024-08-09 11:05:33,169000.0,100,Sell,230548665
2024-08-09 11:05:34,169000.0,100,Sell,230548695
2024-08-09 11:05:34,169000.0,100,Sell,230548688
2024-08-09 11:05:53,169000.0,100,Sell,230548978
2024-08-09 11:05:56,169000.0,100,Sell,230549017
2024-08-09 11:06:00,169000.0,100,Sell,230549074
2024-08-09 11:06:00,169000.0,600,Sell,230549080
2024-08-09 11:06:01,169000.0,200,Sell,230549123
2024-08-09 11:06:13,168800.0,100,Sell,230549240
2024-08-09 11:06:18,168800.0,100,Sell,230549340
2024-08-09 11:06:25,168800.0,100,Sell,230549422
2024-08-09 11:06:33,168800.0,100,Sell,230549559
2024-08-09 11:06:41,168800.0,100,Sell,230549647
2024-08-09 11:06:50,168800.0,100,Sell,230549735
2024-08-09 11:06:53,168800.0,100,Sell,230549784
2024-08-09 11:07:04,168800.0,100,Sell,230549896
2024-08-09 11:07:14,168700.0,100,Sell,230550044
2024-08-09 11:07:15,168700.0,100,Sell,230550052
2024-08-09 11:07:26,168700.0,100,Sell,230550177
2024-08-09 11:07:34,168700.0,100,Sell,230550280
2024-08-09 11:07:40,168700.0,100,Sell,230550382
2024-08-09 11:07:49,168700.0,100,Sell,230550530
2024-08-09 11:07:54,168700.0,100,Sell,230550589
2024-08-09 11:08:02,168700.0,100,Sell,230550648
2024-08-09 11:08:05,168700.0,100,Sell,230550742
2024-08-09 11:08:10,168700.0,500,Sell,230550789
2024-08-09 11:08:10,168700.0,100,Sell,230550790
2024-08-09 11:08:10,168700.0,200,Sell,230550791
2024-08-09 11:08:11,168600.0,100,Sell,230550814
2024-08-09 11:08:15,168600.0,100,Sell,230550849
2024-08-09 11:08:31,168600.0,100,Sell,230551053
2024-08-09 11:08:34,168600.0,100,Sell,230551097
2024-08-09 11:08:35,168600.0,100,Sell,230551102
2024-08-09 11:08:46,169000.0,1000,Buy,230551228
2024-08-09 11:08:46,168700.0,500,Buy,230551226
2024-08-09 11:08:46,169000.0,500,Buy,230551227
2024-08-09 11:08:51,169000.0,1000,Buy,230551281
2024-08-09 11:08:53,169000.0,400,Sell,230551300
2024-08-09 11:08:54,169000.0,600,Sell,230551307
2024-08-09 11:08:55,168600.0,100,Sell,230551338
2024-08-09 11:08:56,168600.0,100,Sell,230551345
2024-08-09 11:08:57,168600.0,100,Sell,230551363
2024-08-09 11:09:15,168600.0,100,Sell,230551619
2024-08-09 11:09:20,168600.0,100,Sell,230551685
2024-08-09 11:09:21,168600.0,100,Sell,230551723
2024-08-09 11:09:35,168600.0,100,Sell,230551986
2024-08-09 11:09:43,168600.0,100,Sell,230552092
2024-08-09 11:09:46,168600.0,100,Sell,230552123
2024-08-09 11:09:56,168600.0,100,Sell,230552294
2024-08-09 11:10:06,168600.0,100,Sell,230552420
2024-08-09 11:10:11,168600.0,100,Sell,230552512
2024-08-09 11:10:16,168600.0,100,Sell,230552604
2024-08-09 11:10:33,168600.0,100,Sell,230552892
2024-08-09 11:10:36,168600.0,100,Sell,230552938
2024-08-09 11:10:37,168600.0,100,Sell,230552944
2024-08-09 11:10:44,169000.0,100,Buy,230553111
2024-08-09 11:10:56,169000.0,100,Sell,230553281
2024-08-09 11:10:56,168800.0,100,Sell,230553271
2024-08-09 11:10:56,169000.0,300,Buy,230553276
2024-08-09 11:11:03,169000.0,100,Sell,230553379
2024-08-09 11:11:17,169000.0,100,Sell,230553540
2024-08-09 11:11:18,169000.0,100,Sell,230553579
2024-08-09 11:11:27,169000.0,100,Sell,230553723
2024-08-09 11:11:37,169000.0,100,Sell,230553857
2024-08-09 11:11:41,169000.0,100,Sell,230553898
2024-08-09 11:11:46,169000.0,300,Sell,230553954
2024-08-09 11:11:52,169000.0,100,Sell,230554029
2024-08-09 11:11:57,169000.0,100,Sell,230554098
2024-08-09 11:12:04,169000.0,100,Sell,230554224
2024-08-09 11:12:17,169000.0,100,Sell,230554406
2024-08-09 11:12:18,169000.0,100,Sell,230554411
2024-08-09 11:12:27,169000.0,100,Sell,230554517
2024-08-09 11:12:37,169000.0,100,Sell,230554637
2024-08-09 11:12:42,169000.0,100,Sell,230554679
2024-08-09 11:12:50,169000.0,100,Sell,230554812
2024-08-09 11:12:58,169000.0,100,Sell,230554914
2024-08-09 11:13:07,169000.0,100,Sell,230555051
2024-08-09 11:13:12,169000.0,100,Sell,230555130
2024-08-09 11:13:12,169000.0,100,Sell,230555131
2024-08-09 11:13:12,169000.0,100,Sell,230555132
2024-08-09 11:13:12,169000.0,100,Sell,230555134
2024-08-09 11:13:18,169000.0,100,Sell,230555224
2024-08-09 11:13:33,169000.0,100,Sell,230555363
2024-08-09 11:13:35,169000.0,100,Sell,230555391
2024-08-09 11:13:38,169000.0,100,Sell,230555412
2024-08-09 11:13:58,169000.0,100,Sell,230555581
2024-08-09 11:13:58,169000.0,100,Sell,230555579
2024-08-09 11:13:59,169000.0,100,Sell,230555595
2024-08-09 11:14:19,169000.0,100,Sell,230555889
2024-08-09 11:14:21,169000.0,100,Sell,230555913
2024-08-09 11:14:24,169000.0,100,Sell,230555939
2024-08-09 11:14:38,169000.0,300,Sell,230556118
2024-08-09 11:14:39,169000.0,100,Sell,230556136
2024-08-09 11:14:43,169000.0,100,Sell,230556162
2024-08-09 11:14:48,169000.0,100,Sell,230556273
2024-08-09 11:15:00,169000.0,100,Sell,230556408
2024-08-09 11:15:05,169000.0,100,Sell,230556504
2024-08-09 11:15:13,169000.0,100,Sell,230556583
2024-08-09 11:15:13,169000.0,100,Sell,230556589
2024-08-09 11:15:20,169000.0,100,Sell,230556651
2024-08-09 11:15:28,169000.0,100,Sell,230556766
2024-08-09 11:15:39,169000.0,100,Sell,230556988
2024-08-09 11:15:40,169000.0,100,Sell,230557001
2024-08-09 11:15:51,169000.0,100,Sell,230557167
2024-08-09 11:16:00,169000.0,100,Sell,230557287
2024-08-09 11:16:04,169000.0,100,Sell,230557315
2024-08-09 11:16:05,169000.0,200,Sell,230557334
2024-08-09 11:16:05,169000.0,100,Sell,230557335
2024-08-09 11:16:13,169000.0,100,Sell,230557435
2024-08-09 11:16:21,169000.0,100,Sell,230557530
2024-08-09 11:16:29,169000.0,100,Sell,230557616
2024-08-09 11:16:36,169000.0,100,Sell,230557677
2024-08-09 11:16:41,169000.0,100,Sell,230557760
2024-08-09 11:16:54,168900.0,100,Sell,230557890
2024-08-09 11:16:59,168900.0,100,Sell,230557937
2024-08-09 11:17:01,168900.0,100,Sell,230557965
2024-08-09 11:17:19,169000.0,100,Sell,230558190
2024-08-09 11:17:21,169000.0,100,Sell,230558207
2024-08-09 11:17:21,169000.0,100,Sell,230558213
2024-08-09 11:17:42,168900.0,100,Sell,230558611
2024-08-09 11:17:43,169000.0,100,Buy,230558625
2024-08-09 11:17:44,168900.0,100,Sell,230558628
2024-08-09 11:17:44,168900.0,100,Sell,230558633
2024-08-09 11:18:02,168900.0,100,Sell,230558821
2024-08-09 11:18:07,168900.0,100,Sell,230558847
2024-08-09 11:18:10,168900.0,100,Sell,230558864
2024-08-09 11:18:13,169000.0,200,Buy,230558882
2024-08-09 11:18:22,169000.0,100,Sell,230559013
2024-08-09 11:18:29,169000.0,100,Sell,230559093
2024-08-09 11:18:35,169000.0,100,Sell,230559154
2024-08-09 11:18:43,169000.0,100,Sell,230559250
2024-08-09 11:18:51,169200.0,500,Buy,230559317
2024-08-09 11:18:51,169200.0,100,Buy,230559318
2024-08-09 11:18:51,169200.0,500,Buy,230559319
2024-08-09 11:18:51,169200.0,400,Buy,230559320
2024-08-09 11:18:52,169000.0,100,Sell,230559326
2024-08-09 11:18:56,169200.0,100,Buy,230559359
2024-08-09 11:18:58,169200.0,300,Sell,230559377
2024-08-09 11:19:00,169200.0,100,Sell,230559403
2024-08-09 11:19:03,169200.0,100,Sell,230559427
2024-08-09 11:19:12,169500.0,1000,Buy,230559578
2024-08-09 11:19:12,169500.0,100,Buy,230559579
2024-08-09 11:19:12,169500.0,3100,Buy,230559580
2024-08-09 11:19:15,169200.0,100,Sell,230559595
2024-08-09 11:19:17,169500.0,3700,Buy,230559640
2024-08-09 11:19:17,169500.0,100,Buy,230559641
2024-08-09 11:19:17,169500.0,200,Buy,230559642
2024-08-09 11:19:17,169500.0,200,Buy,230559643
2024-08-09 11:19:23,169200.0,100,Sell,230559794
2024-08-09 11:19:25,169200.0,100,Sell,230559824
2024-08-09 11:19:37,169200.0,100,Sell,230559933
2024-08-09 11:19:43,169200.0,100,Sell,230560028
2024-08-09 11:19:50,169200.0,100,Sell,230560104
2024-08-09 11:19:59,169200.0,100,Sell,230560169
2024-08-09 11:20:03,169200.0,100,Sell,230560208
2024-08-09 11:20:16,169200.0,100,Sell,230560332
2024-08-09 11:20:22,169200.0,100,Sell,230560413
2024-08-09 11:20:24,169200.0,100,Sell,230560421
2024-08-09 11:20:24,169200.0,300,Sell,230560428
2024-08-09 11:20:42,169200.0,100,Sell,230560637
2024-08-09 11:20:44,169000.0,100,Sell,230560686
2024-08-09 11:20:44,169000.0,100,Sell,230560687
2024-08-09 11:21:04,169000.0,100,Sell,230560905
2024-08-09 11:21:06,169000.0,100,Sell,230560919
2024-08-09 11:21:07,169000.0,100,Sell,230560932
2024-08-09 11:21:24,169000.0,100,Sell,230561156
2024-08-09 11:21:29,169000.0,100,Sell,230561211
2024-08-09 11:21:33,169000.0,100,Sell,230561254
2024-08-09 11:21:45,169000.0,100,Sell,230561372
2024-08-09 11:21:50,169000.0,300,Sell,230561437
2024-08-09 11:21:52,169000.0,100,Sell,230561461
2024-08-09 11:21:57,169000.0,100,Sell,230561498
2024-08-09 11:22:05,169100.0,100,Sell,230561568
2024-08-09 11:22:15,169100.0,100,Sell,230561691
2024-08-09 11:22:21,169100.0,100,Sell,230561764
2024-08-09 11:22:25,169100.0,100,Sell,230561798
2024-08-09 11:22:37,169100.0,100,Sell,230561920
2024-08-09 11:22:46,169200.0,100,Sell,230561993
2024-08-09 11:22:46,169200.0,100,Sell,230562001
2024-08-09 11:22:47,169500.0,100,Buy,230562016
2024-08-09 11:22:47,169500.0,100,Buy,230562017
2024-08-09 11:23:00,169200.0,100,Sell,230562173
2024-08-09 11:23:06,169200.0,100,Sell,230562227
2024-08-09 11:23:12,169200.0,100,Sell,230562292
2024-08-09 11:23:17,169200.0,300,Sell,230562339
2024-08-09 11:23:23,169200.0,100,Sell,230562425
2024-08-09 11:23:23,169500.0,100,Buy,230562435
2024-08-09 11:23:26,169200.0,100,Sell,230562452
2024-08-09 11:23:34,169500.0,100,Buy,230562513
2024-08-09 11:23:34,169500.0,100,Buy,230562514
2024-08-09 11:23:37,169300.0,100,Sell,230562554
2024-08-09 11:23:45,169300.0,100,Sell,230562649
2024-08-09 11:23:46,169100.0,100,Sell,230562680
2024-08-09 11:23:59,169500.0,100,Buy,230562836
2024-08-09 11:24:02,169400.0,100,Sell,230562862
2024-08-09 11:24:07,169400.0,100,Sell,230562903
2024-08-09 11:24:09,169400.0,100,Sell,230562928
2024-08-09 11:24:23,169500.0,300,Buy,230563093
2024-08-09 11:24:27,169400.0,100,Sell,230563128
2024-08-09 11:24:28,169400.0,100,Sell,230563135
2024-08-09 11:24:31,169400.0,100,Sell,230563169
2024-08-09 11:24:35,169600.0,100,Buy,230563198
2024-08-09 11:24:43,169400.0,100,Sell,230563255
2024-08-09 11:24:48,169300.0,100,Sell,230563314
2024-08-09 11:24:54,169300.0,100,Sell,230563391
2024-08-09 11:24:55,169300.0,100,Sell,230563395
2024-08-09 11:25:08,169100.0,100,Sell,230563540
2024-08-09 11:25:17,169200.0,100,Sell,230563615
2024-08-09 11:25:17,169200.0,100,Sell,230563616
2024-08-09 11:25:19,169200.0,100,Sell,230563645
2024-08-09 11:25:28,169300.0,100,Sell,230563725
2024-08-09 11:25:40,169200.0,200,Sell,230563871
2024-08-09 11:25:44,169200.0,100,Sell,230563917
2024-08-09 11:25:49,169200.0,100,Sell,230564010
2024-08-09 11:26:03,169300.0,200,Sell,230564315
2024-08-09 11:26:09,169200.0,100,Sell,230564379
2024-08-09 11:26:09,169200.0,100,Sell,230564381
2024-08-09 11:26:10,169200.0,300,Sell,230564411
2024-08-09 11:26:25,169300.0,200,Sell,230564589
2024-08-09 11:26:30,169300.0,100,Sell,230564648
2024-08-09 11:26:34,169200.0,100,Sell,230564696
2024-08-09 11:26:48,169200.0,100,Sell,230564850
2024-08-09 11:26:48,169200.0,100,Sell,230564851
2024-08-09 11:26:50,169200.0,100,Sell,230564911
2024-08-09 11:27:00,169200.0,100,Sell,230564986
2024-08-09 11:27:10,169200.0,100,Sell,230565120
2024-08-09 11:27:12,169200.0,200,Sell,230565132
2024-08-09 11:27:25,169200.0,100,Sell,230565291
2024-08-09 11:27:31,169200.0,100,Sell,230565344
2024-08-09 11:27:35,169200.0,200,Sell,230565402
2024-08-09 11:27:36,169200.0,200,Sell,230565425
2024-08-09 11:27:36,169200.0,200,Sell,230565426
2024-08-09 11:27:50,169100.0,100,Sell,230565592
2024-08-09 11:27:51,169100.0,100,Sell,230565611
2024-08-09 11:27:58,169100.0,200,Sell,230565652
2024-08-09 11:28:01,169100.0,200,Sell,230565675
2024-08-09 11:28:12,169100.0,100,Sell,230565760
2024-08-09 11:28:17,169100.0,100,Sell,230565818
2024-08-09 11:28:22,169100.0,200,Sell,230565880
2024-08-09 11:28:32,169100.0,100,Sell,230565974
2024-08-09 11:28:37,169100.0,100,Sell,230566063
2024-08-09 12:59:37,169500.0,100,Buy,230566892
2024-08-09 12:59:39,169100.0,100,Sell,230567511
2024-08-09 12:59:39,169100.0,100,Sell,230567509
2024-08-09 12:59:39,169100.0,200,Sell,230567510
2024-08-09 12:59:39,169500.0,100,Sell,230567508
2024-08-09 13:00:36,169100.0,100,Sell,230571173
2024-08-09 13:00:36,169100.0,100,Sell,230571178
2024-08-09 13:00:40,169200.0,100,Buy,230571267
2024-08-09 13:00:49,169000.0,100,Sell,230571416
2024-08-09 13:00:49,169000.0,300,Sell,230571417
2024-08-09 13:00:49,169000.0,100,Sell,230571418
2024-08-09 13:00:57,169000.0,300,Sell,230571568
2024-08-09 13:01:01,169000.0,100,Sell,230571758
2024-08-09 13:01:01,169000.0,100,Sell,230571759
2024-08-09 13:01:21,169100.0,200,Sell,230572139
2024-08-09 13:01:21,169100.0,100,Sell,230572160
2024-08-09 13:01:26,169100.0,100,Sell,230572260
2024-08-09 13:01:41,169100.0,100,Sell,230572552
2024-08-09 13:01:44,169000.0,200,Sell,230572620
2024-08-09 13:01:45,169200.0,100,Buy,230572652
2024-08-09 13:01:51,169000.0,100,Sell,230572801
2024-08-09 13:02:02,169000.0,100,Sell,230573062
2024-08-09 13:02:03,169000.0,500,Sell,230573130
2024-08-09 13:02:07,169100.0,200,Sell,230573211
2024-08-09 13:02:16,169100.0,100,Sell,230573505
2024-08-09 13:02:22,169100.0,100,Sell,230573587
2024-08-09 13:02:30,169100.0,100,Sell,230573765
2024-08-09 13:02:30,169100.0,100,Sell,230573766
2024-08-09 13:02:41,169100.0,100,Sell,230573994
2024-08-09 13:02:42,169100.0,100,Sell,230574011
2024-08-09 13:02:49,169400.0,100,Buy,230574187
2024-08-09 13:02:51,169100.0,100,Sell,230574240
2024-08-09 13:02:51,169000.0,100,Sell,230574241
2024-08-09 13:03:02,169100.0,100,Sell,230574513
2024-08-09 13:03:07,169100.0,100,Sell,230574680
2024-08-09 13:03:14,169100.0,200,Sell,230574900
2024-08-09 13:03:16,169100.0,100,Sell,230574936
2024-08-09 13:03:23,169100.0,400,Buy,230575146
2024-08-09 13:03:23,169000.0,100,Sell,230575129
2024-08-09 13:03:32,169000.0,100,Sell,230575377
2024-08-09 13:03:33,169100.0,100,Buy,230575389
2024-08-09 13:03:36,169100.0,1000,Sell,230575512
2024-08-09 13:03:36,169000.0,200,Sell,230575513
2024-08-09 13:03:36,169000.0,100,Sell,230575514
2024-08-09 13:03:36,169000.0,100,Sell,230575515
2024-08-09 13:03:36,169000.0,200,Sell,230575539
2024-08-09 13:03:43,169000.0,100,Sell,230575713
2024-08-09 13:03:53,169500.0,100,Buy,230575966
2024-08-09 13:03:57,169100.0,100,Sell,230576032
2024-08-09 13:03:59,169100.0,200,Sell,230576072
2024-08-09 13:04:01,169100.0,1300,Sell,230576136
2024-08-09 13:04:01,169000.0,100,Sell,230576137
2024-08-09 13:04:03,169000.0,100,Sell,230576203
2024-08-09 13:04:21,169100.0,200,Sell,230576610
2024-08-09 13:04:22,169100.0,100,Sell,230576653
2024-08-09 13:04:23,169100.0,100,Sell,230576684
2024-08-09 13:04:24,169100.0,100,Sell,230576696
2024-08-09 13:04:24,169100.0,100,Sell,230576697
2024-08-09 13:04:25,169100.0,100,Sell,230576718
2024-08-09 13:04:26,169000.0,100,Sell,230576731
2024-08-09 13:04:26,169000.0,300,Sell,230576732
2024-08-09 13:04:26,169000.0,1000,Sell,230576733
2024-08-09 13:04:30,169000.0,500,Sell,230576821
2024-08-09 13:04:38,169000.0,100,Sell,230576997
2024-08-09 13:04:43,169000.0,100,Sell,230577119
2024-08-09 13:04:43,169000.0,200,Sell,230577120
2024-08-09 13:04:47,169000.0,100,Sell,230577229
2024-08-09 13:04:51,169000.0,500,Sell,230577302
2024-08-09 13:04:51,168900.0,300,Sell,230577304
2024-08-09 13:04:51,168900.0,200,Sell,230577303
2024-08-09 13:04:51,169000.0,200,Sell,230577300
2024-08-09 13:04:51,169000.0,200,Sell,230577301
2024-08-09 13:04:57,169500.0,100,Buy,230577417
2024-08-09 13:05:04,169100.0,100,Sell,230577594
2024-08-09 13:05:06,168900.0,200,Sell,230577630
2024-08-09 13:05:12,168900.0,100,Sell,230577754
2024-08-09 13:05:16,168800.0,500,Sell,230577826
2024-08-09 13:05:16,168900.0,400,Sell,230577824
2024-08-09 13:05:16,168900.0,500,Sell,230577825
2024-08-09 13:05:24,168800.0,100,Sell,230578041
2024-08-09 13:05:28,168900.0,100,Sell,230578138
2024-08-09 13:05:28,168900.0,100,Sell,230578139
2024-08-09 13:05:37,168900.0,100,Sell,230578296
2024-08-09 13:05:41,168900.0,300,Sell,230578367
2024-08-09 13:05:41,168800.0,1100,Sell,230578368
2024-08-09 13:05:44,168800.0,100,Sell,230578510
2024-08-09 13:05:51,168800.0,100,Sell,230578660
2024-08-09 13:05:51,168800.0,100,Sell,230578661
2024-08-09 13:06:02,169000.0,100,Buy,230578903
2024-08-09 13:06:03,168800.0,100,Sell,230578940
2024-08-09 13:06:05,168800.0,100,Sell,230578979
2024-08-09 13:06:06,168800.0,1400,Sell,230579007
2024-08-09 13:06:13,168800.0,200,Sell,230579179
2024-08-09 13:06:14,169000.0,400,Buy,230579198
2024-08-09 13:06:14,169500.0,100,Buy,230579199
2024-08-09 13:06:19,168900.0,500,Sell,230579291
2024-08-09 13:06:25,168900.0,100,Sell,230579416
2024-08-09 13:06:28,168900.0,100,Sell,230579504
2024-08-09 13:06:31,168900.0,1400,Sell,230579559
2024-08-09 13:06:35,168900.0,200,Sell,230579629
2024-08-09 13:06:45,168900.0,100,Sell,230579779
2024-08-09 13:06:53,168900.0,100,Sell,230579911
2024-08-09 13:06:56,168600.0,600,Sell,230579984
2024-08-09 13:06:56,168600.0,100,Sell,230579986
2024-08-09 13:06:56,168800.0,300,Sell,230579982
2024-08-09 13:06:56,168800.0,200,Sell,230579983
2024-08-09 13:06:56,168600.0,100,Sell,230579985
2024-08-09 13:06:56,168800.0,100,Sell,230579981
2024-08-09 13:06:58,168600.0,200,Sell,230580019
2024-08-09 13:07:05,168600.0,100,Sell,230580117
2024-08-09 13:07:06,169000.0,100,Buy,230580123
2024-08-09 13:07:18,168700.0,100,Sell,230580400
2024-08-09 13:07:21,168700.0,200,Sell,230580489
2024-08-09 13:07:21,168700.0,1400,Sell,230580495
2024-08-09 13:07:26,168700.0,100,Sell,230580620
2024-08-09 13:07:43,168800.0,100,Sell,230580958
2024-08-09 13:07:43,168800.0,200,Sell,230580961
2024-08-09 13:07:46,168800.0,100,Sell,230581039
2024-08-09 13:07:46,168800.0,700,Sell,230581064
2024-08-09 13:07:46,168800.0,700,Sell,230581065
2024-08-09 13:08:06,168800.0,100,Sell,230581560
2024-08-09 13:08:06,168800.0,200,Sell,230581553
2024-08-09 13:08:09,168800.0,100,Sell,230581617
2024-08-09 13:08:10,169000.0,100,Buy,230581646
2024-08-09 13:08:12,168600.0,300,Sell,230581675
2024-08-09 13:08:12,168600.0,200,Sell,230581674
2024-08-09 13:08:12,168800.0,400,Sell,230581670
2024-08-09 13:08:12,168700.0,200,Sell,230581672
2024-08-09 13:08:12,168700.0,200,Sell,230581671
2024-08-09 13:08:12,168600.0,100,Sell,230581673
2024-08-09 13:08:26,168700.0,100,Sell,230581947
2024-08-09 13:08:28,168700.0,200,Sell,230581989
2024-08-09 13:08:34,168700.0,200,Sell,230582168
2024-08-09 13:08:37,168600.0,700,Sell,230582232
2024-08-09 13:08:37,168600.0,200,Sell,230582233
2024-08-09 13:08:37,168600.0,500,Sell,230582234
2024-08-09 13:08:46,168600.0,100,Sell,230582414
2024-08-09 13:08:50,168600.0,200,Sell,230582577
2024-08-09 13:08:59,168600.0,200,Sell,230582838
2024-08-09 13:09:02,168600.0,900,Sell,230582957
2024-08-09 13:09:02,168700.0,500,Sell,230582956
2024-08-09 13:09:07,168600.0,100,Sell,230583105
2024-08-09 13:09:12,168600.0,200,Sell,230583287
2024-08-09 13:09:15,169000.0,100,Buy,230583320
2024-08-09 13:09:24,168600.0,200,Sell,230583484
2024-08-09 13:09:27,168600.0,200,Sell,230583601
2024-08-09 13:09:27,168600.0,400,Sell,230583603
2024-08-09 13:09:27,168600.0,100,Sell,230583604
2024-08-09 13:09:27,168600.0,200,Sell,230583605
2024-08-09 13:09:27,168500.0,700,Sell,230583606
2024-08-09 13:09:35,168600.0,200,Sell,230583829
2024-08-09 13:09:47,168600.0,200,Sell,230584530
2024-08-09 13:09:49,168600.0,200,Sell,230584570
2024-08-09 13:09:52,168600.0,1000,Sell,230584625
2024-08-09 13:09:52,168600.0,100,Sell,230584626
2024-08-09 13:09:52,168500.0,300,Sell,230584627
2024-08-09 13:09:57,168500.0,200,Sell,230584689
2024-08-09 13:10:07,168500.0,200,Sell,230584917
2024-08-09 13:10:14,168500.0,200,Sell,230585081
2024-08-09 13:10:17,168500.0,100,Sell,230585130
2024-08-09 13:10:17,168500.0,1000,Sell,230585131
2024-08-09 13:10:17,168500.0,100,Sell,230585132
2024-08-09 13:10:17,168500.0,100,Sell,230585133
2024-08-09 13:10:17,168500.0,100,Sell,230585129
2024-08-09 13:10:19,169000.0,100,Buy,230585157
2024-08-09 13:10:20,168500.0,200,Sell,230585179
2024-08-09 13:10:28,168500.0,200,Sell,230585431
2024-08-09 13:10:39,168600.0,200,Sell,230585665
2024-08-09 13:10:42,168600.0,800,Sell,230585723
2024-08-09 13:10:42,168600.0,500,Sell,230585724
2024-08-09 13:10:42,168600.0,100,Sell,230585725
2024-08-09 13:10:42,168600.0,200,Sell,230585727
2024-08-09 13:10:48,168600.0,200,Sell,230585876
2024-08-09 13:11:05,168600.0,200,Sell,230586252
2024-08-09 13:11:05,168600.0,200,Sell,230586250
2024-08-09 13:11:07,168500.0,100,Sell,230586317
2024-08-09 13:11:07,168600.0,100,Sell,230586314
2024-08-09 13:11:07,168600.0,200,Sell,230586315
2024-08-09 13:11:07,168500.0,1000,Sell,230586316
2024-08-09 13:11:08,168600.0,200,Sell,230586333
2024-08-09 13:11:23,169000.0,100,Buy,230586667
2024-08-09 13:11:26,169000.0,500,Buy,230586722
2024-08-09 13:11:26,169000.0,500,Buy,230586723
2024-08-09 13:11:27,168600.0,200,Sell,230586740
2024-08-09 13:11:28,168600.0,100,Sell,230586748
2024-08-09 13:11:28,168600.0,100,Sell,230586749
2024-08-09 13:11:30,168600.0,200,Sell,230586786
2024-08-09 13:11:32,168600.0,600,Sell,230586832
2024-08-09 13:11:32,168500.0,200,Sell,230586833
2024-08-09 13:11:32,168500.0,600,Sell,230586834
2024-08-09 13:11:42,168500.0,100,Sell,230587075
2024-08-09 13:11:49,168600.0,100,Sell,230587285
2024-08-09 13:11:49,168500.0,100,Sell,230587286
2024-08-09 13:11:50,168600.0,100,Sell,230587302
2024-08-09 13:11:50,168500.0,100,Sell,230587303
2024-08-09 13:11:55,168500.0,100,Sell,230587353
2024-08-09 13:11:55,168500.0,100,Sell,230587354
2024-08-09 13:11:58,168500.0,500,Sell,230587421
2024-08-09 13:11:58,168500.0,200,Sell,230587422
2024-08-09 13:11:58,168500.0,500,Sell,230587423
2024-08-09 13:11:58,168500.0,100,Sell,230587424
2024-08-09 13:11:58,168500.0,100,Sell,230587425
2024-08-09 13:12:09,168500.0,100,Sell,230587675
2024-08-09 13:12:09,168500.0,100,Sell,230587676
2024-08-09 13:12:12,168400.0,200,Sell,230587746
2024-08-09 13:12:20,168400.0,100,Sell,230587857
2024-08-09 13:12:20,168400.0,100,Sell,230587858
2024-08-09 13:12:23,168400.0,300,Sell,230587912
2024-08-09 13:12:23,168400.0,1000,Sell,230587911
2024-08-09 13:12:23,168400.0,100,Sell,230587910
2024-08-09 13:12:27,169000.0,100,Buy,230587985
2024-08-09 13:12:29,168400.0,200,Sell,230588051
2024-08-09 13:12:35,168400.0,100,Sell,230588126
2024-08-09 13:12:35,168400.0,100,Sell,230588127
2024-08-09 13:12:45,168300.0,200,Sell,230588315
2024-08-09 13:12:48,168300.0,1400,Sell,230588359
2024-08-09 13:12:49,168300.0,200,Sell,230588386
2024-08-09 13:12:57,168400.0,200,Sell,230588570
2024-08-09 13:13:09,168400.0,200,Sell,230588859
2024-08-09 13:13:10,168400.0,100,Sell,230588883
2024-08-09 13:13:10,168400.0,100,Sell,230588884
2024-08-09 13:13:13,168200.0,100,Sell,230588917
2024-08-09 13:13:13,168200.0,100,Sell,230588916
2024-08-09 13:13:13,168300.0,100,Sell,230588915
2024-08-09 13:13:13,168400.0,100,Sell,230588912
2024-08-09 13:13:13,168300.0,700,Sell,230588913
2024-08-09 13:13:13,168300.0,200,Sell,230588914
2024-08-09 13:13:13,168400.0,100,Sell,230588911
2024-08-09 13:13:20,168200.0,100,Sell,230589113
2024-08-09 13:13:20,168200.0,100,Sell,230589112
2024-08-09 13:13:30,168200.0,100,Sell,230589387
2024-08-09 13:13:30,168200.0,100,Sell,230589386
2024-08-09 13:13:32,169000.0,100,Buy,230589418
2024-08-09 13:13:35,168300.0,100,Sell,230589475
2024-08-09 13:13:35,168300.0,100,Sell,230589476
2024-08-09 13:13:38,168300.0,1400,Sell,230589523
2024-08-09 13:13:43,168300.0,200,Sell,230589586
2024-08-09 13:13:50,168300.0,200,Sell,230589772
2024-08-09 13:14:01,168400.0,200,Sell,230590121
2024-08-09 13:14:03,168400.0,800,Sell,230590162
2024-08-09 13:14:03,168400.0,200,Sell,230590163
2024-08-09 13:14:03,168300.0,400,Sell,230590164
2024-08-09 13:14:05,168300.0,100,Sell,230590204
2024-08-09 13:14:05,168300.0,100,Sell,230590205
2024-08-09 13:14:11,168300.0,200,Sell,230590405
2024-08-09 13:14:26,168300.0,200,Sell,230590726
2024-08-09 13:14:28,168200.0,300,Sell,230590789
2024-08-09 13:14:28,168300.0,100,Sell,230590787
2024-08-09 13:14:28,168200.0,1000,Sell,230590788
2024-08-09 13:14:29,168200.0,200,Sell,230590798
2024-08-09 13:14:31,168200.0,200,Sell,230590824
2024-08-09 13:14:36,168600.0,100,Buy,230590983
2024-08-09 13:14:50,168200.0,200,Sell,230591325
2024-08-09 13:14:51,168200.0,200,Sell,230591332
2024-08-09 13:14:51,168200.0,200,Sell,230591333
2024-08-09 13:14:53,168200.0,200,Sell,230591378
2024-08-09 13:14:53,168200.0,100,Sell,230591379
2024-08-09 13:14:53,168200.0,200,Sell,230591380
2024-08-09 13:14:53,168200.0,900,Sell,230591381
2024-08-09 13:15:11,168200.0,200,Sell,230591820
2024-08-09 13:15:14,168200.0,200,Sell,230591892
2024-08-09 13:15:16,168200.0,200,Sell,230591960
2024-08-09 13:15:18,168100.0,700,Sell,230592020
2024-08-09 13:15:18,168200.0,200,Sell,230592019
2024-08-09 13:15:18,168200.0,500,Sell,230592018
2024-08-09 13:15:31,168200.0,100,Buy,230592429
2024-08-09 13:15:31,168100.0,200,Sell,230592436
2024-08-09 13:15:36,168100.0,200,Sell,230592576
2024-08-09 13:15:40,168600.0,100,Buy,230592694
2024-08-09 13:15:41,168100.0,200,Sell,230592724
2024-08-09 13:15:44,168200.0,100,Sell,230592793
2024-08-09 13:15:44,168100.0,300,Sell,230592794
2024-08-09 13:15:44,168100.0,1000,Sell,230592795
2024-08-09 13:15:52,168100.0,200,Sell,230593110
2024-08-09 13:15:59,168100.0,200,Sell,230593239
2024-08-09 13:16:06,168100.0,200,Sell,230593375
2024-08-09 13:16:08,168100.0,1400,Sell,230593441
2024-08-09 13:16:12,168100.0,200,Sell,230593602
2024-08-09 13:16:22,168100.0,200,Sell,230593841
2024-08-09 13:16:32,168100.0,200,Sell,230594101
2024-08-09 13:16:32,168100.0,200,Sell,230594082
2024-08-09 13:16:34,168100.0,1400,Sell,230594138
2024-08-09 13:16:45,168600.0,100,Buy,230594431
2024-08-09 13:16:45,168200.0,200,Sell,230594437
2024-08-09 13:16:52,168200.0,200,Sell,230594597
2024-08-09 13:16:57,168200.0,200,Sell,230594679
2024-08-09 13:16:59,168200.0,1400,Sell,230594739
2024-08-09 13:17:08,168300.0,200,Sell,230595000
2024-08-09 13:17:13,168200.0,200,Sell,230595127
2024-08-09 13:17:22,168200.0,200,Sell,230595412
2024-08-09 13:17:24,168200.0,1400,Sell,230595579
2024-08-09 13:17:28,168200.0,100,Sell,230595719
2024-08-09 13:17:31,168300.0,200,Sell,230595800
2024-08-09 13:17:33,168300.0,200,Sell,230595824
2024-08-09 13:17:40,168300.0,200,Sell,230596065
2024-08-09 13:17:47,168300.0,200,Sell,230596288
2024-08-09 13:17:49,168200.0,200,Sell,230596378
2024-08-09 13:17:49,168600.0,100,Buy,230596372
2024-08-09 13:17:49,168300.0,1200,Sell,230596377
2024-08-09 13:17:53,168200.0,200,Sell,230596446
2024-08-09 13:17:54,168200.0,200,Sell,230596457
2024-08-09 13:18:12,168300.0,200,Sell,230596870
2024-08-09 13:18:13,168300.0,100,Sell,230596898
2024-08-09 13:18:13,168300.0,100,Sell,230596899
2024-08-09 13:18:14,168300.0,100,Sell,230596915
2024-08-09 13:18:14,168300.0,1300,Sell,230596916
2024-08-09 13:18:16,168300.0,200,Sell,230597003
2024-08-09 13:18:34,168300.0,200,Sell,230597677
2024-08-09 13:18:37,168300.0,200,Sell,230597799
2024-08-09 13:18:39,168300.0,200,Sell,230597872
2024-08-09 13:18:39,168200.0,300,Sell,230597873
2024-08-09 13:18:39,168300.0,100,Sell,230597846
2024-08-09 13:18:39,168300.0,900,Sell,230597871
2024-08-09 13:18:39,168300.0,100,Sell,230597845
2024-08-09 13:18:50,168600.0,500,Buy,230598262
2024-08-09 13:18:53,168600.0,100,Buy,230598328
2024-08-09 13:18:54,168500.0,100,Sell,230598350
2024-08-09 13:18:54,168300.0,100,Sell,230598351
2024-08-09 13:19:01,168300.0,900,Sell,230598556
2024-08-09 13:19:01,168200.0,100,Sell,230598557
2024-08-09 13:19:01,168200.0,100,Sell,230598595
2024-08-09 13:19:01,168300.0,100,Sell,230598594
2024-08-09 13:19:03,168200.0,200,Sell,230598626
2024-08-09 13:19:04,168300.0,1000,Sell,230598663
2024-08-09 13:19:04,168200.0,400,Sell,230598664
2024-08-09 13:19:14,168200.0,200,Sell,230598918
2024-08-09 13:19:24,168300.0,200,Sell,230599276
2024-08-09 13:19:28,168300.0,200,Sell,230599385
2024-08-09 13:19:30,168200.0,800,Sell,230599554
2024-08-09 13:19:30,168300.0,600,Sell,230599553
2024-08-09 13:19:34,168200.0,200,Sell,230599698
2024-08-09 13:19:46,168300.0,200,Sell,230600046
2024-08-09 13:19:53,168300.0,200,Sell,230600308
2024-08-09 13:19:55,168300.0,200,Sell,230600401
2024-08-09 13:19:55,168300.0,400,Sell,230600402
2024-08-09 13:19:55,168300.0,1000,Sell,230600403
2024-08-09 13:19:57,168600.0,100,Buy,230600492
2024-08-09 13:20:09,168300.0,200,Sell,230601190
2024-08-09 13:20:15,168300.0,200,Sell,230601413
2024-08-09 13:20:18,168300.0,200,Sell,230601546
2024-08-09 13:20:19,168300.0,100,Sell,230601567
2024-08-09 13:20:19,168300.0,100,Sell,230601566
2024-08-09 13:20:19,168300.0,500,Sell,230601568
2024-08-09 13:20:19,168300.0,1000,Sell,230601564
2024-08-09 13:20:19,168300.0,200,Sell,230601565
2024-08-09 13:20:19,168300.0,400,Sell,230601563
2024-08-09 13:20:20,168200.0,700,Sell,230601587
2024-08-09 13:20:20,168300.0,100,Sell,230601585
2024-08-09 13:20:20,168200.0,600,Sell,230601586
2024-08-09 13:20:33,168300.0,200,Sell,230602028
2024-08-09 13:20:35,168300.0,200,Sell,230602096
2024-08-09 13:20:43,168300.0,200,Sell,230602388
2024-08-09 13:20:45,168300.0,200,Sell,230602433
2024-08-09 13:20:45,168200.0,700,Sell,230602434
2024-08-09 13:20:45,168300.0,500,Sell,230602432
2024-08-09 13:20:55,168300.0,200,Sell,230602765
2024-08-09 13:20:56,168300.0,100,Sell,230602774
2024-08-09 13:20:56,168200.0,100,Sell,230602775
2024-08-09 13:21:02,168600.0,100,Buy,230603128
2024-08-09 13:21:08,168300.0,200,Sell,230603451
2024-08-09 13:21:10,168300.0,300,Sell,230603502
2024-08-09 13:21:10,168200.0,1100,Sell,230603503
2024-08-09 13:21:16,168200.0,200,Sell,230603623
2024-08-09 13:21:18,168200.0,200,Sell,230603700
2024-08-09 13:21:33,168300.0,200,Sell,230604218
2024-08-09 13:21:35,168300.0,1100,Sell,230604301
2024-08-09 13:21:35,168300.0,300,Sell,230604300
2024-08-09 13:21:36,168300.0,200,Sell,230604331
2024-08-09 13:21:41,168300.0,200,Sell,230604571
2024-08-09 13:21:56,168300.0,200,Sell,230605130
2024-08-09 13:21:58,168300.0,200,Sell,230605200
2024-08-09 13:22:00,168300.0,1400,Sell,230605254
2024-08-09 13:22:04,168300.0,200,Sell,230605354
2024-08-09 13:22:06,168600.0,100,Buy,230605439
2024-08-09 13:22:06,168600.0,200,Buy,230605459
2024-08-09 13:22:17,168300.0,200,Sell,230605791
2024-08-09 13:22:24,168300.0,200,Sell,230606167
2024-08-09 13:22:25,168300.0,300,Sell,230606285
2024-08-09 13:22:25,168300.0,1100,Sell,230606283
2024-08-09 13:22:25,168300.0,100,Sell,230606284
2024-08-09 13:22:27,168300.0,200,Sell,230606402
2024-08-09 13:22:37,168300.0,100,Sell,230606940
2024-08-09 13:22:37,168300.0,100,Sell,230606941
2024-08-09 13:22:39,168600.0,500,Buy,230606990
2024-08-09 13:22:49,168300.0,200,Sell,230607504
2024-08-09 13:22:49,168300.0,200,Sell,230607528
2024-08-09 13:22:51,168200.0,1200,Sell,230607569
2024-08-09 13:22:51,168300.0,200,Sell,230607568
2024-08-09 13:22:51,168300.0,100,Sell,230607567
2024-08-09 13:22:57,168200.0,200,Sell,230607727
2024-08-09 13:23:10,168600.0,100,Buy,230608144
2024-08-09 13:23:12,168300.0,200,Sell,230608243
2024-08-09 13:23:14,168300.0,100,Sell,230608303
2024-08-09 13:23:14,168200.0,100,Sell,230608304
2024-08-09 13:23:16,168200.0,1500,Sell,230608389
2024-08-09 13:23:18,168200.0,200,Sell,230608461
2024-08-09 13:23:35,168200.0,300,Sell,230608995
2024-08-09 13:23:38,168300.0,200,Sell,230609085
2024-08-09 13:23:39,168200.0,200,Sell,230609144
2024-08-09 13:23:41,168200.0,1500,Sell,230609188
2024-08-09 13:23:43,168600.0,1700,Buy,230609282
2024-08-09 13:23:43,168900.0,100,Buy,230609283
2024-08-09 13:23:43,169000.0,300,Buy,230609284
2024-08-09 13:23:43,169000.0,500,Buy,230609285
2024-08-09 13:23:43,169000.0,400,Buy,230609286
2024-08-09 13:23:58,168300.0,300,Sell,230609763
2024-08-09 13:23:58,168300.0,200,Sell,230609771
2024-08-09 13:24:04,168300.0,100,Sell,230609990
2024-08-09 13:24:04,168300.0,100,Sell,230609991
2024-08-09 13:24:06,168300.0,1500,Sell,230610030
2024-08-09 13:24:15,169000.0,100,Buy,230610246
2024-08-09 13:24:18,168300.0,200,Sell,230610364
2024-08-09 13:24:21,168300.0,100,Sell,230610443
2024-08-09 13:24:21,168300.0,200,Sell,230610442
2024-08-09 13:24:29,168300.0,100,Sell,230610692
2024-08-09 13:24:29,168300.0,100,Sell,230610695
2024-08-09 13:24:31,168300.0,100,Sell,230610724
2024-08-09 13:24:31,168300.0,400,Sell,230610725
2024-08-09 13:24:31,168300.0,1000,Sell,230610726
2024-08-09 13:24:39,168400.0,200,Sell,230610970
2024-08-09 13:24:44,168300.0,300,Sell,230611126
2024-08-09 13:24:55,168300.0,200,Sell,230611483
2024-08-09 13:24:56,168300.0,1500,Sell,230611581
2024-08-09 13:24:59,168300.0,200,Sell,230611687
2024-08-09 13:25:07,168300.0,100,Sell,230611956
2024-08-09 13:25:07,168300.0,200,Sell,230611957
2024-08-09 13:25:19,168800.0,100,Buy,230612520
2024-08-09 13:25:19,168300.0,200,Sell,230612529
2024-08-09 13:25:20,168300.0,200,Sell,230612569
2024-08-09 13:25:22,168300.0,200,Sell,230612606
2024-08-09 13:25:22,168300.0,300,Sell,230612609
2024-08-09 13:25:22,168300.0,600,Sell,230612605
2024-08-09 13:25:22,168300.0,200,Sell,230612607
2024-08-09 13:25:22,168300.0,200,Sell,230612608
2024-08-09 13:25:29,168300.0,300,Sell,230612945
2024-08-09 13:25:37,168300.0,500,Sell,230613271
2024-08-09 13:25:39,168300.0,200,Sell,230613308
2024-08-09 13:25:45,168300.0,200,Sell,230613459
2024-08-09 13:25:47,168300.0,500,Sell,230613503
2024-08-09 13:25:47,168300.0,100,Sell,230613504
2024-08-09 13:25:47,168300.0,200,Sell,230613505
2024-08-09 13:25:47,168300.0,100,Sell,230613506
2024-08-09 13:25:47,168300.0,600,Sell,230613507
2024-08-09 13:25:52,168300.0,300,Sell,230613651
2024-08-09 13:26:00,168300.0,100,Sell,230613905
2024-08-09 13:26:00,168300.0,100,Sell,230613906
2024-08-09 13:26:10,168300.0,100,Sell,230614302
2024-08-09 13:26:10,168800.0,100,Sell,230614301
2024-08-09 13:26:10,168800.0,100,Buy,230614279
2024-08-09 13:26:12,168300.0,1000,Sell,230614343
2024-08-09 13:26:12,168300.0,500,Sell,230614344
2024-08-09 13:26:15,168300.0,200,Sell,230614406
2024-08-09 13:26:15,168300.0,100,Sell,230614407
2024-08-09 13:26:20,168300.0,200,Sell,230614580
2024-08-09 13:26:23,169000.0,100,Buy,230614655
2024-08-09 13:26:35,168400.0,200,Sell,230615068
2024-08-09 13:26:37,168400.0,200,Sell,230615137
2024-08-09 13:26:37,168300.0,600,Sell,230615138
2024-08-09 13:26:37,168300.0,400,Sell,230615139
2024-08-09 13:26:37,168200.0,300,Sell,230615140
2024-08-09 13:26:38,168200.0,300,Sell,230615191
2024-08-09 13:26:40,168200.0,200,Sell,230615250
2024-08-09 13:26:59,168200.0,100,Sell,230615802
2024-08-09 13:27:00,168200.0,200,Sell,230615844
2024-08-09 13:27:00,168200.0,300,Sell,230615845
2024-08-09 13:27:00,168200.0,200,Sell,230615843
2024-08-09 13:27:02,168200.0,1500,Sell,230615868
2024-08-09 13:27:21,168300.0,100,Sell,230616387
2024-08-09 13:27:21,168300.0,100,Sell,230616388
2024-08-09 13:27:23,168300.0,300,Sell,230616430
2024-08-09 13:27:23,168200.0,100,Sell,230616431
2024-08-09 13:27:26,168200.0,200,Sell,230616480
2024-08-09 13:27:27,169000.0,100,Buy,230616515
2024-08-09 13:27:27,168200.0,1500,Sell,230616522
2024-08-09 13:27:41,168300.0,300,Sell,230616955
2024-08-09 13:27:46,168300.0,400,Sell,230617077
2024-08-09 13:27:51,168300.0,200,Sell,230617223
2024-08-09 13:27:52,168200.0,1200,Sell,230617292
2024-08-09 13:27:52,168300.0,100,Sell,230617291
2024-08-09 13:27:52,168300.0,100,Sell,230617289
2024-08-09 13:27:52,168300.0,100,Sell,230617290
2024-08-09 13:28:08,168200.0,400,Sell,230617743
2024-08-09 13:28:16,168400.0,200,Sell,230617947
2024-08-09 13:28:17,168300.0,1500,Sell,230617981
2024-08-09 13:28:31,168300.0,400,Sell,230618449
2024-08-09 13:28:32,169000.0,100,Buy,230618454
2024-08-09 13:28:40,169000.0,200,Buy,230618744
2024-08-09 13:28:40,169000.0,100,Buy,230618745
2024-08-09 13:28:41,168300.0,200,Sell,230618758
2024-08-09 13:28:43,168300.0,400,Sell,230618825
2024-08-09 13:28:43,168300.0,1100,Sell,230618826
2024-08-09 13:28:54,168300.0,400,Sell,230619188
2024-08-09 13:29:06,168300.0,200,Sell,230619626
2024-08-09 13:29:08,168300.0,1500,Sell,230619655
2024-08-09 13:29:16,168300.0,400,Sell,230619982
2024-08-09 13:29:31,168400.0,100,Sell,230620502
2024-08-09 13:29:31,168400.0,100,Sell,230620501
2024-08-09 13:29:33,168300.0,1400,Sell,230620523
2024-08-09 13:29:33,168300.0,100,Sell,230620524
2024-08-09 13:29:36,169000.0,100,Buy,230620619
2024-08-09 13:29:57,168400.0,200,Sell,230621396
2024-08-09 13:30:13,168400.0,100,Sell,230621901
2024-08-09 13:30:22,168400.0,200,Sell,230622245
2024-08-09 13:30:47,168500.0,200,Sell,230623056
2024-08-09 13:31:12,168500.0,200,Sell,230624070
2024-08-09 13:31:37,168500.0,200,Sell,230625140
2024-08-09 13:31:47,168500.0,200,Sell,230625502
2024-08-09 13:32:00,169000.0,300,Buy,230626177
2024-08-09 13:32:00,169000.0,500,Buy,230626178
2024-08-09 13:32:00,169000.0,500,Buy,230626179
2024-08-09 13:32:00,169000.0,500,Buy,230626180
2024-08-09 13:32:00,169000.0,200,Buy,230626181
2024-08-09 13:32:02,168500.0,200,Sell,230626319
2024-08-09 13:32:28,168700.0,100,Sell,230627690
2024-08-09 13:32:28,168700.0,100,Sell,230627691
2024-08-09 13:32:53,168700.0,100,Sell,230628868
2024-08-09 13:32:53,168700.0,100,Sell,230628867
2024-08-09 13:33:03,169000.0,300,Buy,230629355
2024-08-09 13:33:03,169000.0,500,Buy,230629356
2024-08-09 13:33:03,169000.0,200,Buy,230629357
2024-08-09 13:33:18,168700.0,200,Sell,230629970
2024-08-09 13:33:22,169000.0,100,Buy,230630332
2024-08-09 13:33:31,169000.0,1300,Buy,230630836
2024-08-09 13:33:32,169000.0,500,Buy,230630916
2024-08-09 13:33:41,169000.0,400,Buy,230631371
2024-08-09 13:33:41,169000.0,100,Buy,230631372
2024-08-09 13:33:41,169000.0,500,Buy,230631373
2024-08-09 13:33:43,169000.0,100,Buy,230631417
2024-08-09 13:33:43,169000.0,300,Buy,230631418
2024-08-09 13:33:43,168900.0,100,Sell,230631447
2024-08-09 13:33:43,168900.0,100,Sell,230631448
2024-08-09 13:33:44,169000.0,100,Buy,230631490
2024-08-09 13:33:45,169000.0,600,Buy,230631538
2024-08-09 13:33:45,169000.0,100,Buy,230631537
2024-08-09 13:34:08,169000.0,100,Sell,230632601
2024-08-09 13:34:08,169300.0,100,Sell,230632600
2024-08-09 13:34:34,169100.0,100,Sell,230633650
2024-08-09 13:34:34,169000.0,100,Sell,230633651
2024-08-09 13:34:50,169000.0,500,Sell,230634542
2024-08-09 13:34:50,169000.0,100,Sell,230634543
2024-08-09 13:34:58,169000.0,200,Sell,230634940
2024-08-09 13:35:24,169000.0,200,Sell,230636186
2024-08-09 13:35:49,169100.0,200,Sell,230637237
2024-08-09 13:36:08,169100.0,500,Sell,230638419
2024-08-09 13:36:14,169100.0,200,Sell,230638830
2024-08-09 13:36:35,169300.0,200,Buy,230639784
2024-08-09 13:36:39,169100.0,200,Sell,230640080
2024-08-09 13:36:56,169400.0,300,Buy,230640847
2024-08-09 13:37:04,169100.0,200,Sell,230641261
2024-08-09 13:37:11,169500.0,200,Buy,230641570
2024-08-09 13:37:11,169500.0,100,Buy,230641569
2024-08-09 13:37:11,169400.0,700,Buy,230641568
2024-08-09 13:37:26,169200.0,100,Sell,230642181
2024-08-09 13:37:26,169200.0,500,Sell,230642182
2024-08-09 13:37:29,169200.0,200,Sell,230642309
2024-08-09 13:37:55,169100.0,100,Sell,230643451
2024-08-09 13:37:55,169100.0,100,Sell,230643452
2024-08-09 13:38:20,169100.0,200,Sell,230644587
2024-08-09 13:38:44,169100.0,300,Sell,230645506
2024-08-09 13:38:44,169100.0,300,Sell,230645512
2024-08-09 13:38:45,169100.0,200,Sell,230645541
2024-08-09 13:39:10,169200.0,200,Sell,230646497
2024-08-09 13:39:35,169300.0,100,Sell,230647507
2024-08-09 13:39:35,169200.0,100,Sell,230647508
2024-08-09 13:40:00,169200.0,200,Sell,230648508
2024-08-09 13:40:03,169200.0,500,Sell,230648587
2024-08-09 13:40:25,169200.0,200,Sell,230649331
2024-08-09 13:40:51,169200.0,200,Sell,230650356
2024-08-09 13:40:59,169200.0,100,Sell,230650651
2024-08-09 13:40:59,169200.0,2800,Sell,230650649
2024-08-09 13:40:59,169200.0,700,Sell,230650650
2024-08-09 13:41:16,169000.0,200,Sell,230651252
2024-08-09 13:41:21,169000.0,600,Sell,230651440
2024-08-09 13:41:41,169000.0,200,Sell,230652048
2024-08-09 13:42:06,169000.0,200,Sell,230652902
2024-08-09 13:42:31,169000.0,200,Sell,230653989
2024-08-09 13:42:39,169000.0,600,Sell,230654348
2024-08-09 13:42:57,169000.0,200,Sell,230654915
2024-08-09 13:43:22,169000.0,200,Sell,230655847
2024-08-09 13:43:47,169000.0,300,Sell,230656684
2024-08-09 13:43:57,169000.0,500,Sell,230657061
2024-08-09 13:44:12,169000.0,300,Sell,230657571
2024-08-09 13:45:09,169200.0,100,Buy,230659707
2024-08-09 13:45:16,169000.0,600,Sell,230659909
2024-08-09 13:45:58,169100.0,500,Buy,230661332
2024-08-09 13:46:12,169200.0,200,Buy,230661804
2024-08-09 13:46:34,169000.0,100,Sell,230662695
2024-08-09 13:46:34,169000.0,100,Sell,230662696
2024-08-09 13:46:34,169000.0,400,Sell,230662694
2024-08-09 13:46:58,169200.0,100,Buy,230663628
2024-08-09 13:47:11,169200.0,200,Buy,230664013
2024-08-09 13:47:11,169400.0,800,Buy,230664014
2024-08-09 13:47:52,169200.0,100,Sell,230665182
2024-08-09 13:47:52,169200.0,400,Sell,230665183
2024-08-09 13:48:16,169200.0,100,Sell,230665913
2024-08-09 13:49:10,169200.0,100,Sell,230667459
2024-08-09 13:49:10,169200.0,100,Sell,230667460
2024-08-09 13:49:10,169200.0,400,Sell,230667461
2024-08-09 13:49:36,169200.0,900,Sell,230668173
2024-08-09 13:50:03,169400.0,100,Buy,230669038
2024-08-09 13:50:28,169200.0,600,Sell,230669714
2024-08-09 13:51:47,169300.0,100,Sell,230672016
2024-08-09 13:51:47,169400.0,600,Buy,230672015
2024-08-09 13:51:47,169400.0,100,Buy,230672014
2024-08-09 13:51:53,169300.0,200,Buy,230672173
2024-08-09 13:52:01,169200.0,1100,Sell,230672364
2024-08-09 13:52:11,169300.0,100,Buy,230672600
2024-08-09 13:52:55,169300.0,100,Buy,230673865
2024-08-09 13:53:05,169200.0,600,Sell,230674216
2024-08-09 13:53:23,169200.0,100,Sell,230674871
2024-08-09 13:53:36,169400.0,100,Buy,230675197
2024-08-09 13:53:43,169400.0,100,Buy,230675378
2024-08-09 13:54:16,169400.0,100,Buy,230676364
2024-08-09 13:54:23,169200.0,600,Sell,230676590
2024-08-09 13:54:24,169400.0,100,Buy,230676635
2024-08-09 13:54:59,169500.0,600,Buy,230677955
2024-08-09 13:55:06,169500.0,100,Buy,230678162
2024-08-09 13:55:19,169500.0,100,Buy,230678990
2024-08-09 13:55:41,169400.0,300,Sell,230679790
2024-08-09 13:55:41,169400.0,100,Sell,230679789
2024-08-09 13:55:47,169400.0,100,Buy,230680029
2024-08-09 13:55:47,169500.0,100,Buy,230680030
2024-08-09 13:56:16,169500.0,100,Buy,230681044
2024-08-09 13:56:55,169500.0,200,Buy,230682933
2024-08-09 13:57:00,169400.0,100,Sell,230683213
2024-08-09 13:57:07,169400.0,300,Buy,230683536
2024-08-09 13:57:16,169400.0,200,Buy,230683845
2024-08-09 13:57:31,169400.0,100,Sell,230684336
2024-08-09 13:57:51,169500.0,100,Buy,230685156
2024-08-09 13:57:56,169500.0,200,Buy,230685399
2024-08-09 13:58:16,169500.0,100,Buy,230686244
2024-08-09 13:58:18,169500.0,100,Buy,230686369
2024-08-09 13:58:18,169400.0,200,Sell,230686386
2024-08-09 13:58:18,169400.0,100,Sell,230686387
2024-08-09 13:58:18,169400.0,100,Sell,230686388
2024-08-09 13:58:53,169500.0,100,Buy,230687774
2024-08-09 13:58:53,169500.0,200,Buy,230687773
2024-08-09 13:58:53,169400.0,100,Buy,230687772
2024-08-09 13:59:28,169500.0,400,Buy,230689140
2024-08-09 13:59:36,169400.0,600,Sell,230689418
2024-08-09 13:59:41,169500.0,100,Buy,230689640
2024-08-09 14:00:39,169600.0,100,Buy,230691988
2024-08-09 14:00:39,169600.0,200,Buy,230691989
2024-08-09 14:00:39,169600.0,100,Buy,230691990
2024-08-09 14:00:39,169600.0,100,Buy,230691991
2024-08-09 14:00:39,169600.0,200,Buy,230691992
2024-08-09 14:00:58,169700.0,200,Buy,230692713
2024-08-09 14:00:58,169700.0,300,Buy,230692714
2024-08-09 14:01:01,169800.0,3900,Buy,230692784
2024-08-09 14:01:01,169800.0,500,Buy,230692783
2024-08-09 14:01:01,169800.0,300,Buy,230692781
2024-08-09 14:01:01,169700.0,200,Buy,230692780
2024-08-09 14:01:01,169800.0,100,Buy,230692782
2024-08-09 14:01:03,169800.0,100,Buy,230692942
2024-08-09 14:01:04,169800.0,1000,Buy,230692989
2024-08-09 14:01:04,169800.0,100,Buy,230692990
2024-08-09 14:01:08,170000.0,100,Buy,230693098
2024-08-09 14:01:08,170000.0,1400,Buy,230693100
2024-08-09 14:01:08,170000.0,500,Buy,230693099
2024-08-09 14:01:08,170000.0,100,Buy,230693097
2024-08-09 14:01:08,169900.0,200,Buy,230693092
2024-08-09 14:01:08,170000.0,500,Buy,230693095
2024-08-09 14:01:08,170000.0,500,Buy,230693094
2024-08-09 14:01:08,169900.0,100,Buy,230693093
2024-08-09 14:01:08,170000.0,600,Buy,230693096
2024-08-09 14:01:10,170000.0,5800,Buy,230693206
2024-08-09 14:01:10,170000.0,500,Buy,230693214
2024-08-09 14:01:10,170000.0,100,Buy,230693213
2024-08-09 14:01:10,170000.0,400,Buy,230693211
2024-08-09 14:01:10,170000.0,7000,Buy,230693210
2024-08-09 14:01:10,170000.0,1000,Buy,230693209
2024-08-09 14:01:10,170000.0,1000,Buy,230693208
2024-08-09 14:01:10,170000.0,3300,Buy,230693207
2024-08-09 14:01:10,170000.0,500,Buy,230693205
2024-08-09 14:01:10,170000.0,2000,Buy,230693202
2024-08-09 14:01:10,170000.0,100,Buy,230693203
2024-08-09 14:01:10,170000.0,600,Buy,230693195
2024-08-09 14:01:10,170000.0,100,Buy,230693201
2024-08-09 14:01:10,170000.0,200,Buy,230693200
2024-08-09 14:01:10,170000.0,100,Buy,230693199
2024-08-09 14:01:10,170000.0,300,Buy,230693198
2024-08-09 14:01:10,170000.0,400,Buy,230693197
2024-08-09 14:01:10,170000.0,100,Buy,230693196
2024-08-09 14:01:10,170000.0,300,Buy,230693204
2024-08-09 14:01:18,170000.0,1000,Buy,230693562
2024-08-09 14:01:21,170000.0,400,Buy,230693670
2024-08-09 14:01:21,170000.0,100,Buy,230693671
2024-08-09 14:01:22,170500.0,1000,Buy,230693719
2024-08-09 14:01:22,170500.0,100,Buy,230693718
2024-08-09 14:01:22,170500.0,100,Buy,230693717
2024-08-09 14:01:22,170500.0,400,Buy,230693716
2024-08-09 14:01:22,170000.0,100,Buy,230693714
2024-08-09 14:01:22,170000.0,100,Buy,230693713
2024-08-09 14:01:22,170000.0,1000,Buy,230693712
2024-08-09 14:01:22,170100.0,200,Buy,230693715
2024-08-09 14:01:30,170800.0,300,Buy,230694050
2024-08-09 14:01:30,170800.0,100,Buy,230694051
2024-08-09 14:01:56,170800.0,100,Buy,230695267
2024-08-09 14:01:59,171000.0,400,Buy,230695379
2024-08-09 14:01:59,171000.0,100,Buy,230695380
2024-08-09 14:01:59,171000.0,100,Buy,230695381
2024-08-09 14:01:59,171000.0,100,Buy,230695382
2024-08-09 14:01:59,171000.0,100,Buy,230695383
2024-08-09 14:01:59,171000.0,200,Buy,230695384
2024-08-09 14:01:59,171000.0,900,Buy,230695385
2024-08-09 14:02:01,171000.0,100,Buy,230695513
2024-08-09 14:02:01,171000.0,100,Buy,230695512
2024-08-09 14:02:01,171000.0,100,Buy,230695510
2024-08-09 14:02:01,171000.0,100,Buy,230695508
2024-08-09 14:02:01,171000.0,100,Buy,230695509
2024-08-09 14:02:01,171000.0,800,Buy,230695511
2024-08-09 14:02:05,171100.0,500,Sell,230695808
2024-08-09 14:02:10,171200.0,200,Buy,230696084
2024-08-09 14:02:16,171500.0,200,Buy,230696325
2024-08-09 14:02:16,171500.0,100,Buy,230696326
2024-08-09 14:02:16,171500.0,300,Buy,230696327
2024-08-09 14:02:16,171500.0,400,Buy,230696328
2024-08-09 14:02:20,171500.0,500,Buy,230696494
2024-08-09 14:02:20,171500.0,400,Buy,230696495
2024-08-09 14:02:20,171500.0,100,Buy,230696496
2024-08-09 14:02:21,171500.0,1000,Sell,230696531
2024-08-09 14:02:21,171100.0,900,Sell,230696532
2024-08-09 14:02:23,172000.0,1200,Buy,230696619
2024-08-09 14:02:23,172000.0,500,Buy,230696618
2024-08-09 14:02:23,171900.0,200,Buy,230696617
2024-08-09 14:02:23,171700.0,100,Buy,230696616
2024-08-09 14:02:34,171100.0,5000,Sell,230697064
2024-08-09 14:02:35,172000.0,800,Buy,230697105
2024-08-09 14:02:35,172000.0,200,Buy,230697106
2024-08-09 14:02:43,172000.0,100,Buy,230697438
2024-08-09 14:02:44,172000.0,100,Buy,230697496
2024-08-09 14:02:44,172000.0,200,Buy,230697495
2024-08-09 14:02:44,172000.0,100,Buy,230697494
2024-08-09 14:02:44,172000.0,500,Buy,230697493
2024-08-09 14:02:44,172000.0,200,Buy,230697492
2024-08-09 14:02:44,172000.0,300,Buy,230697491
2024-08-09 14:02:44,172000.0,100,Buy,230697490
2024-08-09 14:02:44,172000.0,400,Buy,230697489
2024-08-09 14:02:44,172000.0,100,Buy,230697487
2024-08-09 14:02:44,172000.0,500,Buy,230697488
2024-08-09 14:02:44,172000.0,3000,Buy,230697486
2024-08-09 14:02:44,172000.0,300,Buy,230697484
2024-08-09 14:02:44,172000.0,100,Buy,230697483
2024-08-09 14:02:44,172000.0,400,Buy,230697482
2024-08-09 14:02:44,172000.0,200,Buy,230697481
2024-08-09 14:02:44,172000.0,1300,Buy,230697480
2024-08-09 14:02:44,172000.0,1100,Buy,230697479
2024-08-09 14:02:44,172000.0,200,Buy,230697478
2024-08-09 14:02:44,172000.0,700,Buy,230697477
2024-08-09 14:02:44,172000.0,100,Buy,230697476
2024-08-09 14:02:44,172000.0,1700,Buy,230697485
2024-08-09 14:02:45,172000.0,500,Sell,230697526
2024-08-09 14:02:53,172500.0,100,Buy,230697869
2024-08-09 14:02:56,172000.0,1000,Sell,230698148
2024-08-09 14:03:02,172500.0,100,Buy,230698503
2024-08-09 14:03:02,172500.0,100,Buy,230698504
2024-08-09 14:03:12,172500.0,100,Sell,230699013
2024-08-09 14:03:25,172600.0,100,Sell,230699652
2024-08-09 14:03:28,172500.0,100,Buy,230699852
2024-08-09 14:03:28,172500.0,100,Sell,230699851
2024-08-09 14:03:36,172000.0,100,Sell,230700072
2024-08-09 14:03:38,172500.0,100,Buy,230700156
2024-08-09 14:03:43,172600.0,300,Buy,230700497
2024-08-09 14:03:44,172600.0,200,Sell,230700537
2024-08-09 14:03:45,172600.0,100,Sell,230700565
2024-08-09 14:03:55,172600.0,100,Sell,230701089
2024-08-09 14:03:59,172800.0,100,Buy,230701222
2024-08-09 14:03:59,172800.0,500,Buy,230701223
2024-08-09 14:04:19,172800.0,700,Buy,230701906
2024-08-09 14:04:19,172800.0,400,Buy,230701907
2024-08-09 14:04:19,172800.0,500,Buy,230701908
2024-08-09 14:04:24,173000.0,5000,Buy,230702208
2024-08-09 14:04:24,173000.0,100,Buy,230702207
2024-08-09 14:04:24,173000.0,200,Buy,230702210
2024-08-09 14:04:24,173000.0,100,Buy,230702209
2024-08-09 14:04:24,173000.0,2000,Buy,230702206
2024-08-09 14:04:24,172900.0,1500,Buy,230702200
2024-08-09 14:04:24,172900.0,200,Buy,230702204
2024-08-09 14:04:24,172900.0,500,Buy,230702201
2024-08-09 14:04:24,173000.0,100,Buy,230702205
2024-08-09 14:04:24,172900.0,100,Buy,230702203
2024-08-09 14:04:24,172900.0,200,Buy,230702202
2024-08-09 14:04:33,173000.0,200,Buy,230702562
2024-08-09 14:04:33,172900.0,300,Buy,230702561
2024-08-09 14:04:38,173000.0,200,Buy,230702813
2024-08-09 14:04:39,173000.0,200,Buy,230702841
2024-08-09 14:04:40,173000.0,100,Buy,230702905
2024-08-09 14:04:40,173000.0,100,Buy,230702935
2024-08-09 14:04:40,173000.0,100,Buy,230702936
2024-08-09 14:04:43,173000.0,100,Buy,230703017
2024-08-09 14:04:43,173000.0,100,Buy,230703050
2024-08-09 14:04:45,173000.0,100,Buy,230703092
2024-08-09 14:04:49,173000.0,100,Buy,230703214
2024-08-09 14:04:53,173000.0,500,Buy,230703418
2024-08-09 14:04:55,173000.0,200,Buy,230703518
2024-08-09 14:04:55,173000.0,200,Buy,230703517
2024-08-09 14:04:55,173000.0,1200,Buy,230703514
2024-08-09 14:04:55,173000.0,1000,Buy,230703486
2024-08-09 14:04:55,173000.0,300,Buy,230703515
2024-08-09 14:04:55,173000.0,100,Buy,230703516
2024-08-09 14:05:01,172900.0,100,Sell,230703754
2024-08-09 14:05:12,172900.0,200,Buy,230704325
2024-08-09 14:05:13,172800.0,100,Sell,230704393
2024-08-09 14:05:18,172800.0,100,Sell,230704592
2024-08-09 14:05:23,172800.0,100,Sell,230704792
2024-08-09 14:05:26,172800.0,100,Sell,230704872
2024-08-09 14:05:26,172800.0,2500,Sell,230704883
2024-08-09 14:05:30,172800.0,100,Sell,230704991
2024-08-09 14:05:31,172800.0,100,Sell,230705022
2024-08-09 14:05:32,172800.0,300,Sell,230705041
2024-08-09 14:05:34,172800.0,100,Sell,230705112
2024-08-09 14:05:34,172800.0,2000,Sell,230705111
2024-08-09 14:05:48,172700.0,100,Sell,230705834
2024-08-09 14:05:54,172800.0,400,Buy,230706019
2024-08-09 14:05:54,172800.0,100,Buy,230706021
2024-08-09 14:05:54,172700.0,200,Buy,230706018
2024-08-09 14:05:54,172800.0,100,Buy,230706020
2024-08-09 14:06:13,172600.0,1000,Sell,230706739
2024-08-09 14:06:14,172600.0,300,Sell,230706835
2024-08-09 14:06:16,172600.0,100,Sell,230706916
2024-08-09 14:06:19,172500.0,100,Sell,230706977
2024-08-09 14:06:28,172500.0,100,Buy,230707363
2024-08-09 14:06:28,172600.0,900,Buy,230707364
2024-08-09 14:06:28,172600.0,200,Buy,230707365
2024-08-09 14:06:28,172600.0,100,Buy,230707366
2024-08-09 14:06:49,172100.0,100,Sell,230708474
2024-08-09 14:06:54,172100.0,400,Sell,230708666
2024-08-09 14:06:54,172000.0,4500,Sell,230708667
2024-08-09 14:06:59,172000.0,1000,Sell,230708874
2024-08-09 14:06:59,172000.0,100,Sell,230708872
2024-08-09 14:07:06,172000.0,100,Sell,230709131
2024-08-09 14:07:22,172000.0,300,Sell,230709757
2024-08-09 14:07:28,172500.0,400,Buy,230709938
2024-08-09 14:07:58,172400.0,200,Buy,230711150
2024-08-09 14:08:13,172400.0,300,Buy,230711675
2024-08-09 14:08:13,172400.0,100,Buy,230711676
2024-08-09 14:08:13,172400.0,100,Buy,230711677
2024-08-09 14:09:22,172200.0,100,Buy,230714172
2024-08-09 14:09:30,172300.0,100,Buy,230714465
2024-08-09 14:09:36,172000.0,200,Sell,230714686
2024-08-09 14:10:18,172000.0,100,Sell,230716109
2024-08-09 14:10:22,172000.0,100,Sell,230716289
2024-08-09 14:10:32,172000.0,500,Sell,230716692
2024-08-09 14:10:51,172000.0,100,Sell,230717282
2024-08-09 14:11:00,172000.0,100,Sell,230717587
2024-08-09 14:11:29,171600.0,100,Sell,230718553
2024-08-09 14:11:29,171600.0,400,Sell,230718552
2024-08-09 14:12:35,171600.0,100,Buy,230720609
2024-08-09 14:14:36,171600.0,100,Buy,230724465
2024-08-09 14:14:36,172000.0,100,Buy,230724466
2024-08-09 14:14:36,172000.0,200,Buy,230724467
2024-08-09 14:14:36,172000.0,100,Buy,230724468
2024-08-09 14:14:36,172000.0,100,Buy,230724469
2024-08-09 14:14:36,172000.0,300,Buy,230724470
2024-08-09 14:14:36,172000.0,300,Buy,230724471
2024-08-09 14:14:36,172000.0,500,Buy,230724472
2024-08-09 14:14:42,172000.0,100,Sell,230724628
2024-08-09 14:15:10,172000.0,100,Buy,230725482
2024-08-09 14:15:38,172000.0,800,Buy,230726245
2024-08-09 14:16:56,172000.0,500,Buy,230728500
2024-08-09 14:16:56,172000.0,100,Buy,230728499
2024-08-09 14:16:56,172000.0,300,Buy,230728498
2024-08-09 14:16:56,172000.0,200,Buy,230728497
2024-08-09 14:16:56,172000.0,300,Buy,230728495
2024-08-09 14:16:56,172000.0,100,Buy,230728493
2024-08-09 14:16:56,171900.0,100,Buy,230728492
2024-08-09 14:16:56,171900.0,100,Buy,230728491
2024-08-09 14:16:56,172000.0,500,Buy,230728496
2024-08-09 14:16:56,172000.0,100,Buy,230728494
2024-08-09 14:17:01,172000.0,200,Sell,230728663
2024-08-09 14:17:04,172000.0,300,Sell,230728750
2024-08-09 14:17:09,172000.0,900,Sell,230728919
2024-08-09 14:17:27,172000.0,200,Sell,230729531
2024-08-09 14:17:59,172000.0,1000,Sell,230730620
2024-08-09 14:17:59,172000.0,1500,Sell,230730641
2024-08-09 14:18:03,172000.0,100,Sell,230730733
2024-08-09 14:18:03,172100.0,500,Buy,230730739
2024-08-09 14:18:12,172000.0,100,Sell,230731033
2024-08-09 14:18:26,172000.0,500,Sell,230731494
2024-08-09 14:18:32,172000.0,100,Sell,230731645
2024-08-09 14:18:42,172000.0,100,Sell,230731977
2024-08-09 14:19:15,172000.0,200,Sell,230732951
2024-08-09 14:19:17,172000.0,100,Sell,230733000
2024-08-09 14:19:25,172000.0,500,Sell,230733285
2024-08-09 14:19:28,172000.0,1000,Sell,230733435
2024-08-09 14:19:35,172000.0,100,Sell,230733694
2024-08-09 14:19:40,172000.0,500,Sell,230733800
2024-08-09 14:19:44,172000.0,100,Sell,230733921
2024-08-09 14:19:58,172000.0,400,Sell,230734293
2024-08-09 14:20:04,172000.0,100,Sell,230734433
2024-08-09 14:20:05,172000.0,100,Sell,230734483
2024-08-09 14:20:24,172000.0,100,Sell,230735353
2024-08-09 14:20:45,172000.0,100,Sell,230736434
2024-08-09 14:21:16,172100.0,300,Buy,230737512
2024-08-09 14:21:18,172100.0,300,Buy,230737566
2024-08-09 14:21:18,172100.0,500,Buy,230737565
2024-08-09 14:21:53,172200.0,100,Sell,230738748
2024-08-09 14:22:15,172300.0,300,Buy,230739479
2024-08-09 14:22:15,172300.0,200,Buy,230739480
2024-08-09 14:22:15,172300.0,100,Buy,230739481
2024-08-09 14:22:29,172400.0,100,Buy,230739893
2024-08-09 14:22:29,172400.0,500,Buy,230739894
2024-08-09 14:22:29,172400.0,300,Buy,230739895
2024-08-09 14:22:29,172400.0,100,Buy,230739896
2024-08-09 14:22:38,172500.0,100,Buy,230740179
2024-08-09 14:22:43,172500.0,100,Buy,230740320
2024-08-09 14:22:52,172500.0,100,Buy,230740679
2024-08-09 14:22:52,172500.0,100,Buy,230740680
2024-08-09 14:22:52,172500.0,100,Buy,230740681
2024-08-09 14:22:53,172500.0,400,Buy,230740745
2024-08-09 14:22:53,172500.0,300,Buy,230740744
2024-08-09 14:22:53,172500.0,100,Buy,230740743
2024-08-09 14:22:53,172500.0,200,Buy,230740741
2024-08-09 14:22:53,172500.0,3000,Buy,230740742
2024-08-09 14:23:00,172500.0,100,Buy,230741025
2024-08-09 14:23:05,172400.0,1000,Sell,230741191
2024-08-09 14:23:06,172500.0,100,Buy,230741211
2024-08-09 14:23:30,172500.0,100,Buy,230742200
2024-08-09 14:23:39,172600.0,200,Buy,230742563
2024-08-09 14:23:39,172600.0,100,Buy,230742562
2024-08-09 14:23:39,172600.0,100,Buy,230742561
2024-08-09 14:23:39,172600.0,200,Buy,230742559
2024-08-09 14:23:39,172500.0,100,Buy,230742558
2024-08-09 14:23:39,172600.0,200,Buy,230742560
2024-08-09 14:23:41,172700.0,300,Buy,230742625
2024-08-09 14:23:41,172700.0,500,Buy,230742631
2024-08-09 14:23:44,172700.0,200,Sell,230742766
2024-08-09 14:24:03,172600.0,200,Sell,230743351
2024-08-09 14:24:04,172800.0,300,Buy,230743384
2024-08-09 14:24:04,172800.0,200,Buy,230743383
2024-08-09 14:24:04,172800.0,100,Buy,230743382
2024-08-09 14:24:04,172800.0,400,Buy,230743381
2024-08-09 14:24:07,172800.0,500,Buy,230743549
2024-08-09 14:24:24,172700.0,200,Sell,230744023
