time,price,volume,match_type,id
2024-08-15 09:14:39,173000.0,2800,ATO/ATC,231691286
2024-08-15 09:15:09,172000.0,100,Sell,231691772
2024-08-15 09:16:24,172000.0,100,Sell,231692909
2024-08-15 09:17:12,172000.0,400,Sell,231693759
2024-08-15 09:17:12,172000.0,100,Sell,231693760
2024-08-15 09:17:25,171500.0,100,Sell,231694093
2024-08-15 09:17:25,171600.0,100,Sell,231694084
2024-08-15 09:17:25,171500.0,200,Sell,231694092
2024-08-15 09:17:29,171500.0,100,Sell,231694160
2024-08-15 09:17:40,171500.0,100,Sell,231694454
2024-08-15 09:17:50,171500.0,400,Buy,231694637
2024-08-15 09:17:50,171500.0,100,Buy,231694638
2024-08-15 09:18:06,171500.0,100,Sell,231694908
2024-08-15 09:18:38,171500.0,100,Sell,231695470
2024-08-15 09:19:56,171500.0,100,Sell,231696920
2024-08-15 09:19:56,171500.0,100,Sell,231696921
2024-08-15 09:19:56,171500.0,300,Sell,231696922
2024-08-15 09:19:56,171500.0,100,Sell,231696923
2024-08-15 09:20:05,171500.0,400,Buy,231697131
2024-08-15 09:20:28,171500.0,100,Sell,231697703
2024-08-15 09:20:28,171500.0,100,Sell,231697704
2024-08-15 09:21:19,171500.0,300,Sell,231698634
2024-08-15 09:21:59,171600.0,200,Sell,231699364
2024-08-15 09:22:21,171600.0,100,Sell,231699696
2024-08-15 09:22:48,171500.0,100,Sell,231700119
2024-08-15 09:22:50,171600.0,1000,Buy,231700144
2024-08-15 09:23:28,171700.0,100,Buy,231700746
2024-08-15 09:24:01,171700.0,100,Sell,231701287
2024-08-15 09:24:33,171700.0,100,Sell,231701886
2024-08-15 09:26:54,171900.0,100,Buy,231704123
2024-08-15 09:26:54,171900.0,400,Buy,231704124
2024-08-15 09:27:38,171900.0,2800,Sell,231704819
2024-08-15 09:27:43,171900.0,1000,Sell,231704871
2024-08-15 09:27:44,171900.0,300,Sell,231704889
2024-08-15 09:27:44,171900.0,100,Sell,231704890
2024-08-15 09:28:05,171700.0,100,Sell,231705159
2024-08-15 09:28:05,171700.0,200,Sell,231705158
2024-08-15 09:28:05,171700.0,100,Sell,231705157
2024-08-15 09:28:06,171700.0,300,Sell,231705167
2024-08-15 09:28:08,171600.0,200,Sell,231705210
2024-08-15 09:28:08,171600.0,200,Sell,231705209
2024-08-15 09:29:32,171900.0,1000,Buy,231706478
2024-08-15 09:29:32,171900.0,1000,Buy,231706479
2024-08-15 09:29:32,171900.0,300,Buy,231706480
2024-08-15 09:29:32,171900.0,1000,Buy,231706481
2024-08-15 09:29:33,171900.0,400,Sell,231706492
2024-08-15 09:29:34,171900.0,900,Sell,231706512
2024-08-15 09:29:40,171700.0,300,Sell,231706548
2024-08-15 09:29:47,171700.0,100,Sell,231706743
2024-08-15 09:30:08,172000.0,100,Buy,231707052
2024-08-15 09:30:27,171700.0,1600,Sell,231707435
2024-08-15 09:30:27,171900.0,400,Sell,231707434
2024-08-15 09:30:54,171700.0,500,Sell,231707852
2024-08-15 09:31:15,171700.0,100,Sell,231708089
2024-08-15 09:31:15,171700.0,200,Sell,231708090
2024-08-15 09:32:20,171700.0,200,Sell,231709059
2024-08-15 09:32:20,171700.0,100,Sell,231709060
2024-08-15 09:32:21,171600.0,300,Sell,231709074
2024-08-15 09:32:21,171600.0,1100,Sell,231709075
2024-08-15 09:32:43,171700.0,100,Buy,231709408
2024-08-15 09:33:12,171600.0,100,Sell,231709688
2024-08-15 09:33:13,171600.0,400,Sell,231709698
2024-08-15 09:33:33,171600.0,700,Sell,231709936
2024-08-15 09:33:34,171600.0,400,Sell,231709947
2024-08-15 09:33:35,171700.0,100,Buy,231709955
2024-08-15 09:33:41,171600.0,100,Sell,231710045
2024-08-15 09:33:42,171600.0,200,Sell,231710057
2024-08-15 09:33:42,171600.0,100,Sell,231710058
2024-08-15 09:34:09,171600.0,200,Sell,231710605
2024-08-15 09:34:37,171500.0,100,Sell,231711000
2024-08-15 09:34:38,171500.0,400,Sell,231711010
2024-08-15 09:34:38,171500.0,300,Sell,231711011
2024-08-15 09:34:38,171500.0,100,Sell,231711012
2024-08-15 09:34:38,171500.0,100,Sell,231711013
2024-08-15 09:34:38,171500.0,200,Sell,231711014
2024-08-15 09:34:38,171500.0,300,Sell,231711015
2024-08-15 09:34:49,171500.0,100,Sell,231711212
2024-08-15 09:34:49,171500.0,100,Sell,231711213
2024-08-15 09:34:50,171500.0,100,Sell,231711238
2024-08-15 09:34:50,171500.0,100,Sell,231711237
2024-08-15 09:34:55,171500.0,100,Sell,231711362
2024-08-15 09:35:02,171500.0,100,Sell,231711483
2024-08-15 09:35:02,171500.0,100,Sell,231711484
2024-08-15 09:35:14,171500.0,100,Sell,231711682
2024-08-15 09:35:17,171500.0,200,Sell,231711771
2024-08-15 09:35:22,171400.0,100,Sell,231711839
2024-08-15 09:35:41,171400.0,100,Sell,231712100
2024-08-15 09:36:07,171400.0,100,Sell,231712716
2024-08-15 09:36:07,171300.0,100,Sell,231712721
2024-08-15 09:36:08,171300.0,100,Sell,231712738
2024-08-15 09:36:08,171300.0,400,Sell,231712739
2024-08-15 09:36:24,171300.0,200,Sell,231713052
2024-08-15 09:36:25,171300.0,700,Sell,231713076
2024-08-15 09:36:33,171200.0,100,Sell,231713231
2024-08-15 09:36:34,171300.0,100,Buy,231713247
2024-08-15 09:36:42,171200.0,300,Sell,231713411
2024-08-15 09:36:42,171300.0,200,Buy,231713423
2024-08-15 09:36:52,171200.0,100,Sell,231713594
2024-08-15 09:36:57,171300.0,500,Buy,231713692
2024-08-15 09:36:57,171300.0,300,Buy,231713693
2024-08-15 09:36:57,171300.0,300,Buy,231713694
2024-08-15 09:37:00,171300.0,100,Sell,231713724
2024-08-15 09:37:20,171300.0,200,Sell,231714069
2024-08-15 09:37:25,171300.0,300,Sell,231714141
2024-08-15 09:37:26,171300.0,100,Sell,231714160
2024-08-15 09:37:37,171200.0,100,Sell,231714335
2024-08-15 09:37:52,171200.0,100,Sell,231714624
2024-08-15 09:38:18,171200.0,100,Sell,231714997
2024-08-15 09:38:22,171200.0,100,Sell,231715088
2024-08-15 09:38:44,171300.0,100,Sell,231715545
2024-08-15 09:38:57,171300.0,100,Buy,231715835
2024-08-15 09:38:57,171300.0,100,Buy,231715846
2024-08-15 09:39:08,171200.0,100,Sell,231715979
2024-08-15 09:39:10,171200.0,100,Sell,231716021
2024-08-15 09:39:36,171400.0,100,Sell,231716615
2024-08-15 09:39:52,171400.0,100,Sell,231716909
2024-08-15 09:40:03,171300.0,100,Sell,231717094
2024-08-15 09:40:14,171300.0,100,Sell,231717365
2024-08-15 09:40:29,171200.0,100,Sell,231717624
2024-08-15 09:40:38,171200.0,100,Sell,231717749
2024-08-15 09:40:53,171200.0,1500,Sell,231718026
2024-08-15 09:40:53,171200.0,400,Sell,231718024
2024-08-15 09:40:53,171200.0,100,Sell,231718025
2024-08-15 09:40:57,171200.0,100,Sell,231718082
2024-08-15 09:41:22,171200.0,100,Sell,231718621
2024-08-15 09:41:23,171200.0,100,Sell,231718630
2024-08-15 09:41:27,171200.0,100,Sell,231718730
2024-08-15 09:41:34,171200.0,100,Sell,231718828
2024-08-15 09:41:34,171200.0,200,Sell,231718829
2024-08-15 09:41:34,171200.0,100,Sell,231718830
2024-08-15 09:41:34,171200.0,1900,Sell,231718831
2024-08-15 09:41:34,171200.0,100,Sell,231718827
2024-08-15 09:41:44,171200.0,400,Sell,231719065
2024-08-15 09:41:46,171200.0,100,Sell,231719166
2024-08-15 09:41:48,171200.0,100,Sell,231719202
2024-08-15 09:42:00,171200.0,100,Sell,231719390
2024-08-15 09:42:02,171200.0,400,Sell,231719419
2024-08-15 09:42:02,171200.0,500,Sell,231719420
2024-08-15 09:42:02,171200.0,100,Sell,231719421
2024-08-15 09:42:04,171200.0,200,Sell,231719464
2024-08-15 09:42:08,171200.0,100,Sell,231719541
2024-08-15 09:42:14,171200.0,100,Sell,231719622
2024-08-15 09:42:16,171200.0,100,Sell,231719653
2024-08-15 09:42:16,171200.0,100,Sell,231719654
2024-08-15 09:42:41,171300.0,100,Sell,231720080
2024-08-15 09:42:53,171200.0,100,Sell,231720326
2024-08-15 09:43:08,171200.0,100,Sell,231720603
2024-08-15 09:43:23,171200.0,300,Sell,231720803
2024-08-15 09:43:23,171200.0,700,Sell,231720804
2024-08-15 09:43:33,171200.0,100,Sell,231720972
2024-08-15 09:43:34,171200.0,500,Sell,231720974
2024-08-15 09:43:38,171200.0,100,Sell,231721032
2024-08-15 09:44:01,171300.0,100,Sell,231721329
2024-08-15 09:44:18,171300.0,400,Sell,231721552
2024-08-15 09:44:18,171300.0,100,Sell,231721551
2024-08-15 09:44:23,171300.0,100,Sell,231721632
2024-08-15 09:44:26,171300.0,100,Sell,231721689
2024-08-15 09:44:27,171300.0,200,Sell,231721700
2024-08-15 09:44:53,171300.0,100,Sell,231722162
2024-08-15 09:45:08,171300.0,100,Sell,231722401
2024-08-15 09:45:18,171200.0,100,Sell,231722516
2024-08-15 09:45:45,171300.0,100,Sell,231722866
2024-08-15 09:45:53,171300.0,100,Sell,231722999
2024-08-15 09:46:11,171300.0,100,Sell,231723289
2024-08-15 09:46:25,171300.0,100,Sell,231723466
2024-08-15 09:46:36,171300.0,100,Sell,231723699
2024-08-15 09:46:39,171300.0,100,Sell,231723741
2024-08-15 09:47:02,171300.0,100,Sell,231724103
2024-08-15 09:47:23,171300.0,100,Sell,231724397
2024-08-15 09:47:29,171300.0,100,Sell,231724445
2024-08-15 09:47:54,171300.0,100,Sell,231724831
2024-08-15 09:48:08,171300.0,100,Sell,231725050
2024-08-15 09:48:20,171300.0,100,Sell,231725254
2024-08-15 09:48:46,171300.0,100,Sell,231725719
2024-08-15 09:48:54,171400.0,100,Sell,231725905
2024-08-15 09:49:06,171300.0,500,Sell,231726143
2024-08-15 09:49:13,171400.0,100,Sell,231726289
2024-08-15 09:49:31,171400.0,500,Sell,231726645
2024-08-15 09:49:39,171400.0,100,Sell,231726780
2024-08-15 09:49:39,171400.0,100,Sell,231726786
2024-08-15 09:50:01,171500.0,100,Buy,231727203
2024-08-15 09:50:05,171500.0,100,Sell,231727294
2024-08-15 09:50:24,171500.0,100,Sell,231727599
2024-08-15 09:50:31,171300.0,100,Sell,231727703
2024-08-15 09:50:56,171300.0,100,Sell,231728276
2024-08-15 09:50:57,171300.0,100,Sell,231728283
2024-08-15 09:51:10,171300.0,100,Sell,231728525
2024-08-15 09:51:23,171300.0,100,Sell,231728742
2024-08-15 09:51:49,171300.0,100,Sell,231729350
2024-08-15 09:51:52,171300.0,100,Sell,231729395
2024-08-15 09:51:52,171300.0,100,Sell,231729396
2024-08-15 09:51:54,171300.0,100,Sell,231729418
2024-08-15 09:52:14,171400.0,100,Sell,231729793
2024-08-15 09:52:39,171300.0,100,Sell,231730097
2024-08-15 09:52:41,171400.0,100,Sell,231730130
2024-08-15 09:53:07,171400.0,100,Sell,231730616
2024-08-15 09:53:07,171300.0,100,Sell,231730617
2024-08-15 09:53:24,171300.0,100,Sell,231730894
2024-08-15 09:53:32,171300.0,100,Sell,231731004
2024-08-15 09:53:46,171300.0,100,Sell,231731173
2024-08-15 09:53:58,171300.0,100,Sell,231731339
2024-08-15 09:54:09,171300.0,100,Sell,231731504
2024-08-15 09:54:24,171300.0,100,Sell,231731670
2024-08-15 09:54:30,171300.0,100,Sell,231731741
2024-08-15 09:54:51,171300.0,100,Sell,231732065
2024-08-15 09:54:55,171300.0,100,Sell,231732124
2024-08-15 09:55:17,171300.0,100,Sell,231732506
2024-08-15 09:55:40,171300.0,100,Sell,231732833
2024-08-15 09:55:42,171300.0,100,Sell,231732870
2024-08-15 09:56:04,171300.0,300,Sell,231733181
2024-08-15 09:56:08,171300.0,100,Sell,231733230
2024-08-15 09:56:22,171300.0,100,Sell,231733386
2024-08-15 09:56:25,171300.0,100,Sell,231733420
2024-08-15 09:56:36,171300.0,100,Sell,231733553
2024-08-15 09:57:02,171300.0,100,Sell,231733952
2024-08-15 09:57:10,171400.0,100,Sell,231734102
2024-08-15 09:57:28,171400.0,100,Sell,231734547
2024-08-15 09:57:52,171400.0,200,Sell,231734854
2024-08-15 09:57:55,171400.0,100,Sell,231734878
2024-08-15 09:57:55,171400.0,100,Sell,231734886
2024-08-15 09:58:21,171400.0,100,Sell,231735328
2024-08-15 09:58:37,171500.0,300,Sell,231735615
2024-08-15 09:58:40,171500.0,100,Sell,231735666
2024-08-15 09:58:49,171500.0,100,Sell,231735772
2024-08-15 09:59:07,171500.0,500,Sell,231736027
2024-08-15 09:59:14,171500.0,100,Sell,231736106
2024-08-15 09:59:25,171500.0,100,Sell,231736222
2024-08-15 09:59:41,171500.0,100,Sell,231736537
2024-08-15 10:00:07,171500.0,100,Sell,231736851
2024-08-15 10:00:10,171500.0,100,Sell,231736899
2024-08-15 10:00:35,171500.0,100,Sell,231737218
2024-08-15 10:00:55,171500.0,100,Sell,231737441
2024-08-15 10:01:02,171500.0,100,Sell,231737522
2024-08-15 10:01:23,171500.0,100,Sell,231737822
2024-08-15 10:01:23,171500.0,300,Sell,231737823
2024-08-15 10:01:28,171500.0,100,Sell,231737907
2024-08-15 10:01:40,171500.0,100,Sell,231738079
2024-08-15 10:01:55,171500.0,100,Sell,231738259
2024-08-15 10:02:21,171600.0,100,Sell,231738579
2024-08-15 10:02:26,171600.0,100,Sell,231738654
2024-08-15 10:02:47,171600.0,100,Sell,231738978
2024-08-15 10:03:11,171600.0,100,Sell,231739491
2024-08-15 10:03:13,171600.0,100,Sell,231739550
2024-08-15 10:03:41,171600.0,100,Sell,231740074
2024-08-15 10:03:42,171500.0,1000,Sell,231740103
2024-08-15 10:03:42,171500.0,300,Sell,231740102
2024-08-15 10:03:42,171500.0,100,Sell,231740101
2024-08-15 10:03:42,171600.0,100,Sell,231740097
2024-08-15 10:03:42,171500.0,100,Sell,231740099
2024-08-15 10:03:42,171600.0,100,Sell,231740098
2024-08-15 10:03:42,171500.0,100,Sell,231740100
2024-08-15 10:03:49,171500.0,200,Buy,231740218
2024-08-15 10:03:56,171400.0,100,Sell,231740362
2024-08-15 10:04:02,171400.0,400,Sell,231740503
2024-08-15 10:04:07,171400.0,100,Sell,231740578
2024-08-15 10:04:34,171400.0,100,Sell,231740935
2024-08-15 10:04:41,171400.0,100,Sell,231741074
2024-08-15 10:05:00,171400.0,100,Sell,231741488
2024-08-15 10:05:26,171400.0,100,Sell,231741988
2024-08-15 10:05:26,171400.0,100,Sell,231741989
2024-08-15 10:05:52,171400.0,100,Sell,231742620
2024-08-15 10:06:11,171400.0,100,Sell,231742989
2024-08-15 10:06:18,171400.0,100,Sell,231743098
2024-08-15 10:06:25,171400.0,500,Sell,231743227
2024-08-15 10:06:28,171400.0,200,Sell,231743272
2024-08-15 10:06:45,171400.0,100,Sell,231743534
2024-08-15 10:06:56,171400.0,100,Sell,231743707
2024-08-15 10:07:11,171400.0,100,Sell,231743933
2024-08-15 10:07:13,171400.0,100,Sell,231743959
2024-08-15 10:07:37,171400.0,100,Sell,231744588
2024-08-15 10:07:41,171400.0,100,Sell,231744692
2024-08-15 10:07:48,171400.0,100,Sell,231744882
2024-08-15 10:08:03,171300.0,100,Sell,231745231
2024-08-15 10:08:27,171300.0,100,Sell,231745635
2024-08-15 10:08:29,171300.0,100,Sell,231745664
2024-08-15 10:08:41,171400.0,100,Buy,231745834
2024-08-15 10:08:56,171300.0,100,Sell,231746079
2024-08-15 10:09:12,171300.0,100,Sell,231746391
2024-08-15 10:09:18,171300.0,1000,Sell,231746461
2024-08-15 10:09:18,171300.0,2000,Sell,231746462
2024-08-15 10:09:22,171300.0,100,Sell,231746524
2024-08-15 10:09:42,171300.0,100,Sell,231746829
2024-08-15 10:09:47,171300.0,100,Sell,231746879
2024-08-15 10:09:57,171300.0,100,Sell,231747035
2024-08-15 10:10:13,171200.0,100,Sell,231747247
2024-08-15 10:10:39,171200.0,100,Sell,231747539
2024-08-15 10:10:42,171200.0,100,Sell,231747567
2024-08-15 10:11:05,171200.0,100,Sell,231747866
2024-08-15 10:11:15,171100.0,200,Sell,231748005
2024-08-15 10:11:15,171100.0,200,Sell,231747998
2024-08-15 10:11:15,171100.0,100,Sell,231747997
2024-08-15 10:11:15,171100.0,100,Sell,231747996
2024-08-15 10:11:15,171100.0,100,Sell,231747995
2024-08-15 10:11:15,171100.0,3000,Sell,231747994
2024-08-15 10:11:15,171100.0,3000,Sell,231747993
2024-08-15 10:11:15,171100.0,200,Sell,231747992
2024-08-15 10:11:15,171100.0,100,Sell,231747991
2024-08-15 10:11:15,171100.0,100,Sell,231747990
2024-08-15 10:11:15,171200.0,100,Sell,231747989
2024-08-15 10:11:15,171200.0,100,Sell,231747988
2024-08-15 10:11:15,171200.0,1000,Sell,231747987
2024-08-15 10:11:15,171200.0,100,Sell,231747986
2024-08-15 10:11:15,171200.0,1000,Sell,231747985
2024-08-15 10:11:15,171200.0,100,Sell,231747984
2024-08-15 10:11:15,171200.0,100,Sell,231747983
2024-08-15 10:11:15,171200.0,100,Sell,231747982
2024-08-15 10:11:15,171200.0,100,Sell,231747981
2024-08-15 10:11:15,171200.0,300,Sell,231747980
2024-08-15 10:11:15,171200.0,100,Sell,231747979
2024-08-15 10:11:15,171200.0,100,Sell,231747978
2024-08-15 10:11:15,171200.0,100,Sell,231747977
2024-08-15 10:11:15,171200.0,100,Sell,231747976
2024-08-15 10:11:15,171200.0,100,Sell,231747975
2024-08-15 10:11:15,171200.0,1000,Sell,231747974
2024-08-15 10:11:15,171200.0,100,Sell,231747973
2024-08-15 10:11:56,171100.0,100,Sell,231748552
2024-08-15 10:12:38,171100.0,100,Buy,231749193
2024-08-15 10:13:16,171400.0,100,Buy,231749754
2024-08-15 10:13:27,171100.0,100,Sell,231749920
2024-08-15 10:13:27,171000.0,200,Sell,231749921
2024-08-15 10:13:27,171100.0,200,Sell,231749919
2024-08-15 10:15:27,171100.0,100,Sell,231751643
2024-08-15 10:15:27,171100.0,100,Sell,231751644
2024-08-15 10:15:27,171100.0,100,Sell,231751645
2024-08-15 10:16:14,171200.0,100,Sell,231752562
2024-08-15 10:17:11,171200.0,100,Buy,231753483
2024-08-15 10:17:41,171200.0,100,Buy,231753942
2024-08-15 10:17:41,171200.0,100,Buy,231753943
2024-08-15 10:17:56,171200.0,100,Sell,231754194
2024-08-15 10:18:13,171200.0,100,Sell,231754448
2024-08-15 10:19:42,171200.0,200,Buy,231756115
2024-08-15 10:19:42,171200.0,100,Buy,231756113
2024-08-15 10:19:42,171200.0,200,Buy,231756114
2024-08-15 10:20:06,171100.0,100,Sell,231756579
2024-08-15 10:20:06,171100.0,500,Sell,231756580
2024-08-15 10:20:06,171100.0,400,Sell,231756581
2024-08-15 10:21:02,171100.0,100,Sell,231758017
2024-08-15 10:21:50,171100.0,100,Sell,231759071
2024-08-15 10:21:50,171100.0,400,Sell,231759072
2024-08-15 10:22:01,171100.0,1500,Sell,231759291
2024-08-15 10:22:56,171100.0,100,Sell,231760854
2024-08-15 10:22:56,171100.0,500,Sell,231760855
2024-08-15 10:23:24,171100.0,100,Sell,231761630
2024-08-15 10:25:09,171100.0,200,Buy,231764075
2024-08-15 10:25:17,171000.0,100,Sell,231764236
2024-08-15 10:25:35,171100.0,100,Buy,231764686
2024-08-15 10:27:15,171100.0,100,Buy,231766875
2024-08-15 10:28:29,171100.0,100,Buy,231768339
2024-08-15 10:28:36,171000.0,100,Sell,231768532
2024-08-15 10:28:36,171000.0,100,Sell,231768531
2024-08-15 10:28:36,171000.0,200,Sell,231768530
2024-08-15 10:28:36,171000.0,100,Sell,231768529
2024-08-15 10:28:36,171000.0,200,Sell,231768528
2024-08-15 10:28:36,171000.0,100,Sell,231768527
2024-08-15 10:28:36,171000.0,500,Sell,231768526
2024-08-15 10:28:36,171000.0,200,Sell,231768525
2024-08-15 10:28:36,171000.0,200,Sell,231768522
2024-08-15 10:28:36,171000.0,200,Sell,231768521
2024-08-15 10:28:36,171000.0,100,Sell,231768524
2024-08-15 10:28:36,171000.0,100,Sell,231768519
2024-08-15 10:28:36,171000.0,100,Sell,231768520
2024-08-15 10:28:36,171000.0,9700,Sell,231768510
2024-08-15 10:28:36,171000.0,100,Sell,231768511
2024-08-15 10:28:36,171000.0,100,Sell,231768512
2024-08-15 10:28:36,171000.0,300,Sell,231768513
2024-08-15 10:28:36,171000.0,100,Sell,231768523
2024-08-15 10:28:36,171000.0,100,Sell,231768515
2024-08-15 10:28:36,171000.0,100,Sell,231768518
2024-08-15 10:28:36,171000.0,100,Sell,231768514
2024-08-15 10:28:36,171000.0,200,Sell,231768516
2024-08-15 10:28:36,171000.0,100,Sell,231768517
2024-08-15 10:28:39,171000.0,100,Buy,231768592
2024-08-15 10:29:01,170900.0,100,Sell,231769108
2024-08-15 10:29:09,170900.0,100,Sell,231769314
2024-08-15 10:29:09,170900.0,100,Sell,231769315
2024-08-15 10:29:57,170900.0,200,Sell,231770178
2024-08-15 10:30:00,170900.0,100,Buy,231770228
2024-08-15 10:30:47,170800.0,100,Sell,231771097
2024-08-15 10:30:47,170800.0,100,Sell,231771098
2024-08-15 10:30:47,170800.0,100,Sell,231771099
2024-08-15 10:30:47,170800.0,100,Sell,231771100
2024-08-15 10:30:47,170800.0,100,Sell,231771101
2024-08-15 10:31:04,170700.0,1600,Sell,231771365
2024-08-15 10:31:04,170800.0,200,Sell,231771364
2024-08-15 10:31:37,170900.0,500,Sell,231771910
2024-08-15 10:31:37,170800.0,100,Sell,231771911
2024-08-15 10:31:37,170800.0,500,Sell,231771912
2024-08-15 10:31:37,170700.0,1400,Sell,231771913
2024-08-15 10:32:59,170800.0,200,Sell,231773369
2024-08-15 10:33:11,170900.0,100,Buy,231773569
2024-08-15 10:33:30,170900.0,100,Buy,231773867
2024-08-15 10:34:14,170900.0,100,Buy,231774497
2024-08-15 10:36:02,170900.0,100,Buy,231776289
2024-08-15 10:36:21,171000.0,500,Buy,231776544
2024-08-15 10:37:23,170900.0,100,Sell,231777373
2024-08-15 10:38:07,170900.0,200,Buy,231778028
2024-08-15 10:38:52,170900.0,100,Buy,231778638
2024-08-15 10:39:12,170900.0,100,Buy,231778865
2024-08-15 10:39:16,170900.0,500,Buy,231778894
2024-08-15 10:40:32,170900.0,100,Buy,231779833
2024-08-15 10:40:33,170900.0,100,Buy,231779873
2024-08-15 10:40:40,170900.0,300,Buy,231779960
2024-08-15 10:41:04,170900.0,300,Sell,231780276
2024-08-15 10:41:34,170900.0,300,Buy,231780689
2024-08-15 10:42:39,171000.0,1200,Buy,231781445
2024-08-15 10:44:12,171000.0,200,Buy,231782655
2024-08-15 10:44:32,170900.0,100,Sell,231782900
2024-08-15 10:44:43,170900.0,300,Sell,231783023
2024-08-15 10:46:34,171000.0,100,Buy,231784550
2024-08-15 10:46:59,171000.0,300,Buy,231784788
2024-08-15 10:46:59,171000.0,1300,Buy,231784786
2024-08-15 10:46:59,171000.0,100,Buy,231784787
2024-08-15 10:47:23,171000.0,100,Sell,231785003
2024-08-15 10:49:26,171100.0,500,Buy,231786379
2024-08-15 10:49:26,171100.0,1000,Buy,231786380
2024-08-15 10:57:13,171200.0,100,Sell,231792780
2024-08-15 10:57:15,171200.0,100,Sell,231792811
2024-08-15 10:57:15,171200.0,100,Sell,231792812
2024-08-15 11:00:34,171200.0,100,Buy,231795815
2024-08-15 11:01:10,171000.0,600,Sell,231796314
2024-08-15 11:01:10,171100.0,100,Sell,231796313
2024-08-15 11:01:10,171100.0,100,Sell,231796312
2024-08-15 11:01:10,171100.0,100,Sell,231796311
2024-08-15 11:01:10,171100.0,300,Sell,231796309
2024-08-15 11:01:10,171100.0,1000,Sell,231796308
2024-08-15 11:01:10,171100.0,100,Sell,231796310
2024-08-15 11:01:10,171100.0,1500,Sell,231796305
2024-08-15 11:01:10,171100.0,100,Sell,231796306
2024-08-15 11:01:10,171100.0,100,Sell,231796307
2024-08-15 11:02:18,171000.0,100,Sell,231797398
2024-08-15 11:03:34,171000.0,100,Sell,231798836
2024-08-15 11:03:37,171200.0,100,Buy,231798966
2024-08-15 11:04:53,171000.0,100,Sell,231800133
2024-08-15 11:05:37,171000.0,300,Sell,231801003
2024-08-15 11:05:50,171200.0,500,Buy,231801182
2024-08-15 11:06:04,171200.0,200,Sell,231801363
2024-08-15 11:06:04,171200.0,300,Sell,231801384
2024-08-15 11:06:08,171300.0,100,Buy,231801438
2024-08-15 11:06:17,171200.0,300,Sell,231801564
2024-08-15 11:06:30,171200.0,200,Sell,231801719
2024-08-15 11:06:30,171200.0,200,Sell,231801718
2024-08-15 11:06:56,171200.0,200,Sell,231802079
2024-08-15 11:06:57,171200.0,200,Sell,231802081
2024-08-15 11:07:02,171200.0,200,Sell,231802162
2024-08-15 11:07:22,171200.0,200,Sell,231802435
2024-08-15 11:07:24,171200.0,200,Sell,231802489
2024-08-15 11:07:47,171200.0,200,Sell,231802802
2024-08-15 11:07:49,171200.0,200,Sell,231802815
2024-08-15 11:07:50,171200.0,200,Sell,231802828
2024-08-15 11:08:14,171200.0,200,Sell,231803291
2024-08-15 11:08:16,171200.0,200,Sell,231803300
2024-08-15 11:08:32,171200.0,200,Sell,231803567
2024-08-15 11:08:34,171200.0,100,Sell,231803571
2024-08-15 11:08:41,171200.0,200,Sell,231803652
2024-08-15 11:08:41,171200.0,100,Sell,231803646
2024-08-15 11:08:42,171200.0,200,Sell,231803664
2024-08-15 11:09:07,171200.0,200,Sell,231804001
2024-08-15 11:09:09,171200.0,200,Sell,231804071
2024-08-15 11:09:18,171200.0,100,Sell,231804191
2024-08-15 11:09:30,171200.0,100,Buy,231804348
2024-08-15 11:09:32,171000.0,200,Sell,231804380
2024-08-15 11:09:59,171000.0,200,Sell,231804759
2024-08-15 11:10:26,171100.0,200,Sell,231805164
2024-08-15 11:10:52,171100.0,200,Sell,231805504
2024-08-15 11:11:18,171100.0,200,Sell,231805752
2024-08-15 11:11:44,171100.0,200,Sell,231806058
2024-08-15 11:12:10,171100.0,200,Sell,231806485
2024-08-15 11:12:36,171100.0,200,Sell,231806931
2024-08-15 11:13:03,171100.0,200,Sell,231807294
2024-08-15 11:13:27,171100.0,600,Sell,231807700
2024-08-15 11:13:28,171000.0,200,Sell,231807723
2024-08-15 11:13:54,171000.0,200,Sell,231808046
2024-08-15 11:14:21,171000.0,200,Sell,231808499
2024-08-15 11:14:47,171000.0,200,Sell,231808972
2024-08-15 11:15:13,171000.0,200,Sell,231809231
2024-08-15 11:15:39,171000.0,200,Sell,231809562
2024-08-15 11:15:49,171100.0,500,Buy,231809761
2024-08-15 11:16:05,171100.0,200,Sell,231809928
2024-08-15 11:16:13,171300.0,100,Buy,231810078
2024-08-15 11:16:13,171300.0,200,Buy,231810079
2024-08-15 11:16:13,171300.0,100,Buy,231810080
2024-08-15 11:16:13,171300.0,100,Buy,231810081
2024-08-15 11:16:31,171100.0,200,Sell,231810393
2024-08-15 11:16:57,171100.0,200,Sell,231810970
2024-08-15 11:17:23,171100.0,200,Sell,231811836
2024-08-15 11:17:49,171100.0,200,Sell,231812552
2024-08-15 11:18:16,171100.0,200,Sell,231812937
2024-08-15 11:18:42,171100.0,200,Sell,231813477
2024-08-15 11:19:09,171100.0,200,Sell,231813998
2024-08-15 11:19:19,171100.0,200,Sell,231814205
2024-08-15 11:19:34,171100.0,200,Sell,231814433
2024-08-15 11:20:02,171100.0,200,Sell,231815085
2024-08-15 11:20:27,171100.0,200,Sell,231815564
2024-08-15 11:20:53,171100.0,200,Sell,231815988
2024-08-15 11:20:56,171100.0,100,Sell,231816060
2024-08-15 11:21:08,171100.0,1500,Sell,231816491
2024-08-15 11:21:12,171100.0,300,Sell,231816558
2024-08-15 11:21:12,171100.0,100,Sell,231816559
2024-08-15 11:21:12,171100.0,300,Sell,231816560
2024-08-15 11:21:19,171000.0,200,Sell,231816662
2024-08-15 11:21:45,171000.0,200,Sell,231817138
2024-08-15 11:22:11,171000.0,200,Sell,231817649
2024-08-15 11:22:37,171000.0,100,Sell,231818294
2024-08-15 11:22:37,171000.0,100,Sell,231818295
2024-08-15 11:23:03,171000.0,100,Sell,231818797
2024-08-15 11:23:03,171000.0,100,Sell,231818798
2024-08-15 11:23:29,171000.0,200,Sell,231819260
2024-08-15 11:23:48,171000.0,100,Sell,231819594
2024-08-15 11:23:48,171000.0,200,Sell,231819595
2024-08-15 11:23:48,171000.0,200,Sell,231819596
2024-08-15 11:23:48,171000.0,100,Sell,231819597
2024-08-15 11:23:48,171000.0,2400,Sell,231819598
2024-08-15 11:23:55,171000.0,200,Sell,231819673
2024-08-15 11:24:20,171000.0,200,Sell,231820477
2024-08-15 11:24:27,171000.0,100,Sell,231820675
2024-08-15 11:24:27,171000.0,200,Sell,231820681
2024-08-15 11:24:27,171000.0,200,Sell,231820680
2024-08-15 11:24:27,171000.0,1000,Sell,231820679
2024-08-15 11:24:27,171000.0,200,Sell,231820674
2024-08-15 11:24:27,171000.0,100,Sell,231820677
2024-08-15 11:24:27,171000.0,100,Sell,231820676
2024-08-15 11:24:27,171000.0,100,Sell,231820678
2024-08-15 11:24:33,171000.0,800,Sell,231820775
2024-08-15 11:24:33,171000.0,200,Sell,231820776
2024-08-15 11:24:33,171000.0,100,Sell,231820777
2024-08-15 11:24:46,170900.0,100,Sell,231820995
2024-08-15 11:24:46,170900.0,100,Sell,231820996
2024-08-15 11:24:50,171000.0,500,Sell,231821043
2024-08-15 11:25:12,170900.0,200,Sell,231821573
2024-08-15 11:25:25,171000.0,100,Sell,231821815
2024-08-15 11:25:38,170900.0,200,Sell,231822071
2024-08-15 11:26:04,170900.0,200,Sell,231822511
2024-08-15 11:26:30,170900.0,200,Sell,231822889
2024-08-15 11:26:56,170900.0,200,Sell,231823375
2024-08-15 11:27:22,170900.0,200,Sell,231823967
2024-08-15 11:27:49,170900.0,200,Sell,231824453
2024-08-15 11:28:15,170900.0,200,Sell,231824835
2024-08-15 12:59:49,170900.0,100,Sell,231830127
2024-08-15 12:59:49,171000.0,200,Buy,231830145
2024-08-15 12:59:50,170900.0,300,Sell,231830161
2024-08-15 12:59:50,170900.0,200,Sell,231830160
2024-08-15 13:00:04,171000.0,100,Buy,231831208
2024-08-15 13:00:04,171000.0,100,Buy,231831207
2024-08-15 13:00:16,171000.0,200,Sell,231831662
2024-08-15 13:00:35,170900.0,400,Sell,231832237
2024-08-15 13:00:35,170800.0,600,Sell,231832249
2024-08-15 13:00:35,170800.0,100,Sell,231832248
2024-08-15 13:00:35,170900.0,200,Sell,231832247
2024-08-15 13:00:35,170900.0,200,Sell,231832246
2024-08-15 13:00:35,170900.0,100,Sell,231832245
2024-08-15 13:00:35,170900.0,300,Sell,231832244
2024-08-15 13:00:35,171000.0,300,Sell,231832236
2024-08-15 13:00:35,170900.0,200,Sell,231832242
2024-08-15 13:00:35,170900.0,100,Sell,231832241
2024-08-15 13:00:35,170900.0,100,Sell,231832240
2024-08-15 13:00:35,170900.0,100,Sell,231832239
2024-08-15 13:00:35,170900.0,300,Sell,231832238
2024-08-15 13:00:35,170900.0,500,Sell,231832243
2024-08-15 13:00:43,170800.0,100,Sell,231832563
2024-08-15 13:01:08,170800.0,200,Sell,231833305
2024-08-15 13:01:34,170800.0,200,Sell,231833990
2024-08-15 13:02:00,170800.0,200,Sell,231834811
2024-08-15 13:02:14,170800.0,100,Sell,231835201
2024-08-15 13:02:26,170800.0,200,Sell,231835559
2024-08-15 13:02:52,170800.0,200,Sell,231836287
2024-08-15 13:03:18,170800.0,200,Sell,231836977
2024-08-15 13:03:44,170800.0,100,Sell,231837699
2024-08-15 13:03:44,170800.0,100,Sell,231837700
2024-08-15 13:04:02,170800.0,100,Sell,231838232
2024-08-15 13:04:09,170800.0,100,Sell,231838365
2024-08-15 13:04:09,170800.0,100,Sell,231838364
2024-08-15 13:04:31,171000.0,100,Buy,231838960
2024-08-15 13:04:35,170800.0,200,Sell,231839075
2024-08-15 13:04:54,170800.0,1200,Sell,231839602
2024-08-15 13:04:54,170800.0,100,Sell,231839601
2024-08-15 13:04:54,170800.0,100,Sell,231839598
2024-08-15 13:04:54,170800.0,100,Sell,231839599
2024-08-15 13:04:54,170800.0,500,Sell,231839600
2024-08-15 13:05:01,170800.0,200,Sell,231839898
2024-08-15 13:05:27,170700.0,100,Sell,231840858
2024-08-15 13:05:27,170700.0,100,Sell,231840859
2024-08-15 13:05:51,170800.0,100,Sell,231841782
2024-08-15 13:05:54,170700.0,200,Sell,231841994
2024-08-15 13:06:20,170700.0,200,Sell,231842903
2024-08-15 13:06:45,170700.0,100,Sell,231843495
2024-08-15 13:06:45,170700.0,100,Sell,231843496
2024-08-15 13:07:12,170800.0,200,Sell,231844144
2024-08-15 13:07:37,170900.0,100,Sell,231844844
2024-08-15 13:07:37,170800.0,100,Sell,231844845
2024-08-15 13:07:39,170800.0,100,Sell,231844900
2024-08-15 13:08:05,170900.0,200,Sell,231845561
2024-08-15 13:08:31,170900.0,200,Sell,231846368
2024-08-15 13:08:58,170900.0,100,Sell,231847139
2024-08-15 13:08:58,170800.0,100,Sell,231847140
2024-08-15 13:09:23,170900.0,100,Sell,231847838
2024-08-15 13:09:23,170800.0,100,Sell,231847839
2024-08-15 13:09:29,170800.0,100,Sell,231847965
2024-08-15 13:09:50,170800.0,200,Sell,231848566
2024-08-15 13:10:16,170800.0,200,Sell,231849251
2024-08-15 13:10:28,170800.0,5000,Sell,231849588
2024-08-15 13:10:41,170800.0,100,Sell,231849908
2024-08-15 13:10:41,171000.0,100,Sell,231849907
2024-08-15 13:11:08,170800.0,200,Sell,231850798
2024-08-15 13:11:18,170800.0,100,Sell,231851088
2024-08-15 13:11:34,170800.0,200,Sell,231851657
2024-08-15 13:12:01,170800.0,300,Sell,231852496
2024-08-15 13:12:26,170800.0,300,Sell,231853154
2024-08-15 13:12:53,170800.0,300,Sell,231853945
2024-08-15 13:13:07,170800.0,100,Sell,231854302
2024-08-15 13:13:18,170800.0,300,Sell,231854544
2024-08-15 13:13:45,170800.0,300,Sell,231855166
2024-08-15 13:14:10,170800.0,300,Sell,231855751
2024-08-15 13:14:36,170800.0,300,Sell,231856351
2024-08-15 13:14:57,170900.0,100,Sell,231856830
2024-08-15 13:15:02,170900.0,300,Sell,231856982
2024-08-15 13:15:16,170900.0,100,Sell,231857346
2024-08-15 13:15:29,170800.0,100,Sell,231857825
2024-08-15 13:15:29,170800.0,200,Sell,231857826
2024-08-15 13:15:55,170800.0,100,Sell,231858622
2024-08-15 13:15:55,170900.0,100,Sell,231858620
2024-08-15 13:15:55,170800.0,100,Sell,231858621
2024-08-15 13:16:21,170800.0,300,Sell,231859294
2024-08-15 13:16:47,170800.0,300,Sell,231860031
2024-08-15 13:16:48,170800.0,100,Sell,231860059
2024-08-15 13:17:13,170800.0,300,Sell,231860651
2024-08-15 13:17:30,171000.0,500,Buy,231861012
2024-08-15 13:17:30,171000.0,100,Buy,231861013
2024-08-15 13:17:39,171000.0,300,Sell,231861191
2024-08-15 13:18:05,171000.0,100,Sell,231861810
2024-08-15 13:18:07,171000.0,300,Sell,231861825
2024-08-15 13:18:15,171200.0,100,Buy,231861970
2024-08-15 13:18:34,171000.0,300,Sell,231862401
2024-08-15 13:18:38,171000.0,100,Sell,231862484
2024-08-15 13:19:02,171000.0,300,Sell,231863003
2024-08-15 13:19:31,171000.0,200,Sell,231863626
2024-08-15 13:19:31,171000.0,100,Sell,231863627
2024-08-15 13:19:58,171000.0,300,Sell,231864165
2024-08-15 13:20:02,171200.0,200,Buy,231864255
2024-08-15 13:20:08,171200.0,300,Sell,231864391
2024-08-15 13:20:25,171000.0,300,Sell,231864723
2024-08-15 13:20:29,171000.0,100,Sell,231864808
2024-08-15 13:20:53,171000.0,300,Sell,231865318
2024-08-15 13:21:20,171200.0,300,Sell,231865835
2024-08-15 13:21:28,171200.0,100,Sell,231865981
2024-08-15 13:21:37,171200.0,1300,Sell,231866147
2024-08-15 13:21:38,171200.0,300,Sell,231866159
2024-08-15 13:21:47,171000.0,300,Sell,231866352
2024-08-15 13:22:10,171000.0,100,Sell,231866857
2024-08-15 13:22:15,171000.0,300,Sell,231866994
2024-08-15 13:22:17,171200.0,900,Buy,231867037
2024-08-15 13:22:20,171200.0,100,Sell,231867144
2024-08-15 13:22:23,171200.0,200,Sell,231867203
2024-08-15 13:22:23,171200.0,700,Sell,231867204
2024-08-15 13:22:43,171000.0,300,Sell,231867556
2024-08-15 13:23:10,171000.0,300,Sell,231868148
2024-08-15 13:23:37,171000.0,300,Sell,231868799
2024-08-15 13:24:05,171000.0,300,Sell,231869526
2024-08-15 13:24:12,171000.0,100,Sell,231869656
2024-08-15 13:24:27,171000.0,100,Sell,231869965
2024-08-15 13:24:31,171000.0,300,Sell,231870032
2024-08-15 13:24:59,171000.0,200,Sell,231870657
2024-08-15 13:24:59,171000.0,100,Sell,231870656
2024-08-15 13:25:19,171000.0,100,Sell,231871047
2024-08-15 13:25:26,171000.0,300,Sell,231871208
2024-08-15 13:25:31,171000.0,100,Sell,231871345
2024-08-15 13:25:44,171200.0,100,Buy,231871677
2024-08-15 13:25:54,171000.0,300,Sell,231871868
2024-08-15 13:25:59,171000.0,200,Sell,231871962
2024-08-15 13:26:04,171000.0,100,Sell,231872072
2024-08-15 13:26:22,171100.0,100,Sell,231872368
2024-08-15 13:26:22,171000.0,200,Sell,231872369
2024-08-15 13:26:49,171000.0,300,Sell,231872986
2024-08-15 13:26:52,171200.0,100,Buy,231873019
2024-08-15 13:27:17,171000.0,300,Sell,231873525
2024-08-15 13:27:30,171000.0,900,Sell,231873769
2024-08-15 13:27:30,171000.0,100,Sell,231873770
2024-08-15 13:27:45,171000.0,300,Sell,231874217
2024-08-15 13:27:49,171000.0,300,Sell,231874296
2024-08-15 13:27:49,171000.0,700,Sell,231874295
2024-08-15 13:27:57,170900.0,100,Sell,231874430
2024-08-15 13:28:12,170800.0,300,Sell,231874846
2024-08-15 13:28:40,170900.0,100,Sell,231875376
2024-08-15 13:28:40,170800.0,200,Sell,231875377
2024-08-15 13:29:07,170800.0,300,Sell,231875939
2024-08-15 13:29:34,170800.0,300,Sell,231876589
2024-08-15 13:29:49,170800.0,100,Sell,231876963
2024-08-15 13:30:02,170800.0,300,Sell,231877255
2024-08-15 13:30:29,170900.0,300,Sell,231877783
2024-08-15 13:30:57,170900.0,300,Sell,231878346
2024-08-15 13:31:24,170900.0,300,Sell,231878843
2024-08-15 13:31:42,170900.0,100,Sell,231879256
2024-08-15 13:31:52,170900.0,300,Sell,231879437
2024-08-15 13:31:58,170900.0,100,Sell,231879543
2024-08-15 13:32:18,170900.0,300,Sell,231879966
2024-08-15 13:32:39,170900.0,100,Sell,231880353
2024-08-15 13:32:44,171000.0,1200,Buy,231880491
2024-08-15 13:32:44,171000.0,500,Buy,231880492
2024-08-15 13:32:44,171000.0,100,Buy,231880493
2024-08-15 13:32:46,171000.0,200,Sell,231880522
2024-08-15 13:32:46,170900.0,100,Sell,231880523
2024-08-15 13:33:12,170900.0,600,Sell,231881084
2024-08-15 13:33:12,170900.0,200,Sell,231881085
2024-08-15 13:33:12,170900.0,100,Sell,231881086
2024-08-15 13:33:12,170900.0,100,Sell,231881087
2024-08-15 13:33:13,170900.0,300,Sell,231881096
2024-08-15 13:33:36,170900.0,100,Sell,231881518
2024-08-15 13:33:40,170900.0,200,Sell,231881567
2024-08-15 13:33:40,170900.0,100,Sell,231881566
2024-08-15 13:34:08,170900.0,300,Sell,231882122
2024-08-15 13:34:35,170900.0,300,Sell,231882897
2024-08-15 13:35:02,170900.0,200,Sell,231883394
2024-08-15 13:35:02,170900.0,100,Sell,231883395
2024-08-15 13:35:30,170900.0,100,Sell,231884008
2024-08-15 13:35:30,170900.0,200,Sell,231884009
2024-08-15 13:35:31,170900.0,100,Sell,231884031
2024-08-15 13:35:57,170900.0,300,Sell,231884951
2024-08-15 13:36:25,170900.0,300,Sell,231885725
2024-08-15 13:36:53,170900.0,300,Sell,231886377
2024-08-15 13:37:21,170900.0,300,Sell,231886853
2024-08-15 13:37:26,170900.0,100,Sell,231886976
2024-08-15 13:37:52,171000.0,300,Sell,231887655
2024-08-15 13:38:18,171000.0,300,Sell,231888256
2024-08-15 13:38:46,171000.0,300,Sell,231888932
2024-08-15 13:39:14,171000.0,300,Sell,231889606
2024-08-15 13:39:21,171000.0,100,Sell,231889715
2024-08-15 13:39:41,171000.0,300,Sell,231890175
2024-08-15 13:40:09,171100.0,300,Sell,231890818
2024-08-15 13:40:24,171200.0,100,Buy,231891133
2024-08-15 13:40:28,171200.0,100,Buy,231891209
2024-08-15 13:40:33,171200.0,200,Buy,231891309
2024-08-15 13:40:33,171300.0,400,Buy,231891310
2024-08-15 13:40:33,171300.0,400,Buy,231891311
2024-08-15 13:40:33,171300.0,200,Buy,231891312
2024-08-15 13:40:33,171300.0,100,Buy,231891313
2024-08-15 13:40:36,171100.0,300,Sell,231891416
2024-08-15 13:41:04,171100.0,300,Sell,231892136
2024-08-15 13:41:16,171100.0,100,Sell,231892407
2024-08-15 13:41:27,171100.0,100,Sell,231892649
2024-08-15 13:41:32,171000.0,300,Sell,231892808
2024-08-15 13:41:59,171000.0,300,Sell,231893454
2024-08-15 13:42:26,171000.0,300,Sell,231894062
2024-08-15 13:42:54,171000.0,300,Sell,231894645
2024-08-15 13:43:07,171000.0,100,Sell,231894898
2024-08-15 13:43:11,171100.0,100,Sell,231894974
2024-08-15 13:43:21,171100.0,300,Sell,231895170
2024-08-15 13:43:48,171100.0,300,Sell,231895792
2024-08-15 13:43:57,171200.0,1000,Buy,231896037
2024-08-15 13:44:07,171200.0,100,Buy,231896232
2024-08-15 13:44:08,171200.0,100,Buy,231896253
2024-08-15 13:44:15,171100.0,300,Sell,231896427
2024-08-15 13:44:16,171000.0,100,Sell,231896459
2024-08-15 13:44:16,171000.0,100,Sell,231896460
2024-08-15 13:44:16,171000.0,300,Sell,231896461
2024-08-15 13:44:43,171000.0,100,Sell,231897004
2024-08-15 13:44:43,171000.0,200,Sell,231897003
2024-08-15 13:45:08,171000.0,100,Sell,231897527
2024-08-15 13:45:10,171000.0,300,Sell,231897568
2024-08-15 13:45:37,171000.0,300,Sell,231898093
2024-08-15 13:46:05,171000.0,300,Sell,231898789
2024-08-15 13:46:31,171200.0,1000,Buy,231899285
2024-08-15 13:46:32,171100.0,300,Sell,231899296
2024-08-15 13:46:56,171200.0,100,Buy,231899841
2024-08-15 13:46:59,171100.0,300,Sell,231899909
2024-08-15 13:47:04,171200.0,900,Buy,231899993
2024-08-15 13:47:04,171200.0,100,Buy,231899994
2024-08-15 13:47:05,171100.0,100,Sell,231900017
2024-08-15 13:47:28,171100.0,300,Sell,231900508
2024-08-15 13:47:55,171100.0,300,Sell,231901086
2024-08-15 13:48:22,171100.0,300,Sell,231901580
2024-08-15 13:48:22,171100.0,300,Sell,231901579
2024-08-15 13:48:42,171100.0,200,Sell,231901946
2024-08-15 13:48:51,171100.0,300,Sell,231902146
2024-08-15 13:48:53,171100.0,100,Sell,231902188
2024-08-15 13:49:04,171100.0,100,Sell,231902385
2024-08-15 13:49:18,171100.0,400,Sell,231902738
2024-08-15 13:49:46,171100.0,400,Sell,231903285
2024-08-15 13:50:13,171100.0,400,Sell,231903821
2024-08-15 13:50:40,171100.0,400,Sell,231904439
2024-08-15 13:50:59,171100.0,500,Sell,231904798
2024-08-15 13:50:59,171000.0,500,Sell,231904799
2024-08-15 13:51:03,171000.0,100,Sell,231904838
2024-08-15 13:51:14,171000.0,100,Sell,231905090
2024-08-15 13:51:14,171000.0,300,Sell,231905089
2024-08-15 13:51:41,171000.0,300,Sell,231905672
2024-08-15 13:51:41,171000.0,100,Sell,231905673
2024-08-15 13:52:09,171000.0,400,Sell,231906289
2024-08-15 13:52:36,171100.0,400,Sell,231906854
2024-08-15 13:53:03,171100.0,100,Sell,231907349
2024-08-15 13:53:03,171100.0,100,Sell,231907359
2024-08-15 13:53:03,171100.0,300,Sell,231907360
2024-08-15 13:53:31,171100.0,400,Sell,231908021
2024-08-15 13:53:42,171100.0,200,Sell,231908278
2024-08-15 13:53:58,171100.0,400,Sell,231908612
2024-08-15 13:54:26,171100.0,400,Sell,231909237
2024-08-15 13:54:53,171100.0,400,Sell,231909979
2024-08-15 13:55:03,171100.0,100,Sell,231910278
2024-08-15 13:55:20,171100.0,400,Sell,231910812
2024-08-15 13:55:20,171200.0,100,Buy,231910813
2024-08-15 13:55:47,171100.0,400,Sell,231911372
2024-08-15 13:56:14,171100.0,400,Sell,231912299
2024-08-15 13:56:43,171000.0,400,Sell,231913160
2024-08-15 13:57:05,171000.0,100,Sell,231914020
2024-08-15 13:57:10,171000.0,500,Sell,231914237
2024-08-15 13:57:37,171000.0,500,Sell,231915183
2024-08-15 13:58:05,171000.0,600,Sell,231916298
2024-08-15 13:58:32,171000.0,600,Sell,231917168
2024-08-15 13:58:59,171000.0,600,Sell,231918195
2024-08-15 13:59:07,171000.0,100,Sell,231918380
2024-08-15 14:00:16,171000.0,2000,Sell,231920833
2024-08-15 14:00:36,171100.0,200,Sell,231921372
2024-08-15 14:00:50,171100.0,100,Sell,231921758
2024-08-15 14:01:11,171000.0,100,Sell,231922404
2024-08-15 14:01:37,171000.0,300,Sell,231923308
2024-08-15 14:02:48,171000.0,200,Sell,231926325
2024-08-15 14:02:53,171000.0,100,Sell,231926521
2024-08-15 14:03:14,171100.0,100,Sell,231927455
2024-08-15 14:04:29,171100.0,100,Buy,231931922
2024-08-15 14:04:29,171200.0,300,Buy,231931923
2024-08-15 14:04:29,171200.0,100,Buy,231931924
2024-08-15 14:05:13,171100.0,100,Sell,231934582
2024-08-15 14:05:13,171000.0,200,Sell,231934583
2024-08-15 14:05:18,171000.0,100,Sell,231934823
2024-08-15 14:05:56,171000.0,100,Sell,231936422
2024-08-15 14:06:03,171000.0,100,Sell,231936885
2024-08-15 14:06:03,171000.0,300,Sell,231936884
2024-08-15 14:06:03,171000.0,300,Sell,231936883
2024-08-15 14:06:03,171000.0,200,Sell,231936882
2024-08-15 14:06:03,171000.0,100,Sell,231936881
2024-08-15 14:06:03,171000.0,600,Sell,231936879
2024-08-15 14:06:03,171000.0,100,Sell,231936878
2024-08-15 14:06:03,171000.0,200,Sell,231936877
2024-08-15 14:06:03,171000.0,100,Sell,231936876
2024-08-15 14:06:03,171000.0,3000,Sell,231936880
2024-08-15 14:06:08,171000.0,200,Sell,231937139
2024-08-15 14:06:21,171000.0,700,Sell,231937741
2024-08-15 14:06:21,171000.0,500,Sell,231937742
2024-08-15 14:06:21,171000.0,100,Sell,231937743
2024-08-15 14:06:46,171000.0,1000,Buy,231938733
2024-08-15 14:06:53,171000.0,300,Buy,231938935
2024-08-15 14:07:25,170900.0,100,Sell,231940129
2024-08-15 14:07:35,171000.0,1000,Buy,231940530
2024-08-15 14:07:53,171000.0,1400,Buy,231941046
2024-08-15 14:07:53,171000.0,1200,Buy,231941047
2024-08-15 14:08:08,171000.0,100,Buy,231941409
2024-08-15 14:09:08,171000.0,1000,Buy,231943226
2024-08-15 14:09:17,171000.0,1000,Buy,231943403
2024-08-15 14:09:20,171000.0,500,Buy,231943508
2024-08-15 14:09:25,171000.0,1000,Buy,231943646
2024-08-15 14:09:27,171000.0,200,Buy,231943687
2024-08-15 14:09:27,171000.0,800,Buy,231943688
2024-08-15 14:09:29,171000.0,1000,Buy,231943775
2024-08-15 14:09:34,171000.0,100,Sell,231943910
2024-08-15 14:10:05,171100.0,100,Buy,231944684
2024-08-15 14:11:45,171100.0,100,Sell,231947452
2024-08-15 14:13:58,171100.0,100,Sell,231950906
2024-08-15 14:16:12,171100.0,100,Sell,231954856
2024-08-15 14:16:53,171100.0,500,Sell,231956163
2024-08-15 14:17:09,171200.0,200,Buy,231956642
2024-08-15 14:17:09,171200.0,100,Buy,231956639
2024-08-15 14:17:09,171200.0,100,Buy,231956640
2024-08-15 14:17:09,171200.0,100,Buy,231956641
2024-08-15 14:17:17,171200.0,200,Buy,231956929
2024-08-15 14:18:28,171200.0,100,Sell,231959026
2024-08-15 14:18:31,171200.0,100,Sell,231959110
2024-08-15 14:18:39,171300.0,200,Buy,231959424
2024-08-15 14:18:39,171400.0,200,Buy,231959425
2024-08-15 14:18:39,171400.0,500,Buy,231959426
2024-08-15 14:18:39,171400.0,100,Buy,231959427
2024-08-15 14:18:59,171400.0,100,Sell,231960035
2024-08-15 14:20:14,171500.0,100,Buy,231962451
2024-08-15 14:20:14,171500.0,100,Buy,231962466
2024-08-15 14:20:38,171500.0,100,Buy,231963163
2024-08-15 14:20:49,171500.0,100,Buy,231963580
2024-08-15 14:20:49,171500.0,100,Buy,231963579
2024-08-15 14:20:49,171500.0,100,Buy,231963578
2024-08-15 14:20:54,171500.0,100,Sell,231963701
2024-08-15 14:22:22,171600.0,1000,Buy,231966349
2024-08-15 14:22:22,171600.0,600,Buy,231966344
2024-08-15 14:22:50,171700.0,200,Buy,231967263
2024-08-15 14:23:22,171700.0,100,Sell,231968152
2024-08-15 14:23:24,171700.0,200,Sell,231968198
2024-08-15 14:23:32,171800.0,100,Buy,231968450
2024-08-15 14:23:32,171800.0,900,Buy,231968451
2024-08-15 14:23:37,171800.0,100,Buy,231968598
2024-08-15 14:23:40,171800.0,100,Buy,231968675
2024-08-15 14:23:44,171800.0,500,Buy,231968812
2024-08-15 14:23:51,171600.0,400,Sell,231969066
2024-08-15 14:23:54,171600.0,700,Buy,231969140
2024-08-15 14:24:19,171700.0,200,Buy,231969921
2024-08-15 14:24:25,171700.0,200,Buy,231970087
2024-08-15 14:24:36,171800.0,200,Buy,231970420
2024-08-15 14:24:42,171800.0,200,Buy,231970674
2024-08-15 14:24:43,171700.0,100,Sell,231970734
2024-08-15 14:24:47,171800.0,200,Buy,231970898
2024-08-15 14:24:53,171800.0,200,Buy,231971133
2024-08-15 14:24:58,171800.0,100,Buy,231971334
2024-08-15 14:24:59,171800.0,200,Buy,231971355
2024-08-15 14:25:05,171800.0,200,Buy,231971583
2024-08-15 14:25:06,171800.0,100,Buy,231971619
2024-08-15 14:25:10,171800.0,200,Buy,231971812
2024-08-15 14:25:16,171900.0,7100,Buy,231972036
2024-08-15 14:25:16,171800.0,1000,Buy,231972034
2024-08-15 14:25:16,171800.0,1800,Buy,231972033
2024-08-15 14:25:16,171900.0,100,Buy,231972035
2024-08-15 14:25:17,171800.0,100,Sell,231972089
2024-08-15 14:25:17,171800.0,200,Sell,231972088
2024-08-15 14:25:22,171900.0,200,Buy,231972255
2024-08-15 14:25:22,171900.0,100,Buy,231972256
2024-08-15 14:25:27,171900.0,200,Buy,231972429
2024-08-15 14:25:33,171900.0,200,Buy,231972684
2024-08-15 14:25:38,171900.0,300,Buy,231972909
2024-08-15 14:25:39,171900.0,200,Buy,231972939
2024-08-15 14:25:44,171900.0,200,Buy,231973131
2024-08-15 14:25:47,171900.0,1000,Buy,231973288
2024-08-15 14:25:50,172000.0,200,Buy,231973383
2024-08-15 14:25:56,172000.0,200,Buy,231973623
2024-08-15 14:26:01,172000.0,200,Buy,231973886
2024-08-15 14:26:07,172000.0,200,Buy,231974105
2024-08-15 14:26:11,172000.0,1000,Buy,231974245
2024-08-15 14:26:11,172000.0,200,Buy,231974246
2024-08-15 14:26:11,172000.0,600,Buy,231974247
2024-08-15 14:26:11,172000.0,200,Buy,231974244
2024-08-15 14:26:13,172000.0,200,Buy,231974339
2024-08-15 14:26:18,172000.0,200,Buy,231974534
2024-08-15 14:26:24,171900.0,200,Buy,231974750
2024-08-15 14:26:30,171900.0,200,Buy,231975000
2024-08-15 14:26:36,171900.0,200,Buy,231975248
2024-08-15 14:26:41,171900.0,200,Buy,231975471
2024-08-15 14:26:47,171900.0,200,Buy,231975702
2024-08-15 14:26:51,171900.0,100,Buy,231975858
2024-08-15 14:26:53,171900.0,200,Buy,231975917
2024-08-15 14:26:58,171900.0,200,Buy,231976106
2024-08-15 14:27:04,171900.0,200,Buy,231976464
2024-08-15 14:27:10,171900.0,200,Buy,231976777
2024-08-15 14:27:15,171900.0,100,Buy,231976933
2024-08-15 14:27:21,172000.0,200,Buy,231977174
2024-08-15 14:27:27,172000.0,100,Buy,231977405
2024-08-15 14:27:27,172000.0,100,Buy,231977406
2024-08-15 14:27:32,172000.0,100,Buy,231977608
2024-08-15 14:27:38,172200.0,200,Buy,231977844
2024-08-15 14:27:44,172200.0,300,Buy,231978062
2024-08-15 14:27:49,172200.0,200,Buy,231978263
2024-08-15 14:27:55,172200.0,200,Buy,231978483
2024-08-15 14:28:01,172200.0,200,Buy,231978692
2024-08-15 14:28:07,172100.0,100,Buy,231978920
2024-08-15 14:28:09,172100.0,100,Sell,231979025
2024-08-15 14:28:14,172100.0,200,Sell,231979204
2024-08-15 14:28:18,172200.0,100,Buy,231979368
2024-08-15 14:28:18,172200.0,100,Buy,231979367
2024-08-15 14:28:24,172200.0,200,Buy,231979616
2024-08-15 14:28:29,172200.0,100,Buy,231979815
2024-08-15 14:28:29,172200.0,100,Buy,231979816
2024-08-15 14:28:35,172200.0,200,Buy,231980059
2024-08-15 14:28:41,172200.0,200,Buy,231980460
2024-08-15 14:28:43,172100.0,100,Sell,231980652
2024-08-15 14:28:46,172100.0,100,Buy,231980822
2024-08-15 14:28:52,172200.0,200,Buy,231981150
2024-08-15 14:28:52,172200.0,100,Buy,231981151
2024-08-15 14:29:00,172200.0,100,Buy,231981663
2024-08-15 14:44:39,172300.0,91600,ATO/ATC,231984403
