time,price,volume,match_type,id
2024-08-27 09:14:38,40500.0,31900,ATO/ATC,234885265
2024-08-27 09:14:45,40500.0,700,Buy,234885615
2024-08-27 09:14:45,40500.0,100,Buy,234885616
2024-08-27 09:14:59,40500.0,100,Buy,234885804
2024-08-27 09:14:59,40500.0,100,Buy,234885805
2024-08-27 09:15:17,40500.0,100,Buy,234886023
2024-08-27 09:15:46,40500.0,400,Buy,234886563
2024-08-27 09:15:55,40500.0,100,Buy,234886725
2024-08-27 09:16:01,40450.0,500,Sell,234886825
2024-08-27 09:16:10,40450.0,1000,Sell,234886960
2024-08-27 09:16:11,40450.0,100,Sell,234886992
2024-08-27 09:16:21,40500.0,100,Buy,234887174
2024-08-27 09:16:21,40500.0,100,Buy,234887175
2024-08-27 09:16:21,40500.0,100,Buy,234887176
2024-08-27 09:16:21,40500.0,2000,Buy,234887177
2024-08-27 09:16:32,40450.0,100,Sell,234887433
2024-08-27 09:16:32,40450.0,1500,Sell,234887421
2024-08-27 09:16:37,40450.0,400,Sell,234887551
2024-08-27 09:16:40,40450.0,4000,Sell,234887597
2024-08-27 09:16:40,40450.0,6300,Sell,234887598
2024-08-27 09:16:40,40450.0,500,Sell,234887599
2024-08-27 09:16:40,40450.0,500,Sell,234887600
2024-08-27 09:16:40,40500.0,1100,Buy,234887609
2024-08-27 09:16:45,40350.0,1600,Sell,234887713
2024-08-27 09:16:45,40350.0,200,Sell,234887712
2024-08-27 09:16:45,40350.0,300,Sell,234887711
2024-08-27 09:16:45,40400.0,1000,Sell,234887710
2024-08-27 09:16:45,40400.0,100,Sell,234887708
2024-08-27 09:16:45,40400.0,200,Sell,234887707
2024-08-27 09:16:45,40400.0,200,Sell,234887706
2024-08-27 09:16:45,40400.0,300,Sell,234887709
2024-08-27 09:16:45,40400.0,1100,Sell,234887705
2024-08-27 09:16:46,40350.0,500,Sell,234887751
2024-08-27 09:16:51,40400.0,2000,Buy,234887829
2024-08-27 09:16:51,40450.0,1300,Buy,234887830
2024-08-27 09:16:51,40450.0,14400,Buy,234887831
2024-08-27 09:16:51,40450.0,700,Buy,234887832
2024-08-27 09:16:51,40450.0,1600,Buy,234887833
2024-08-27 09:17:00,40450.0,500,Buy,234888022
2024-08-27 09:17:16,40450.0,200,Buy,234888345
2024-08-27 09:17:27,40450.0,700,Buy,234888559
2024-08-27 09:17:27,40450.0,700,Buy,234888560
2024-08-27 09:17:27,40450.0,1000,Buy,234888558
2024-08-27 09:17:27,40450.0,100,Buy,234888562
2024-08-27 09:17:27,40450.0,200,Buy,234888563
2024-08-27 09:17:27,40450.0,4300,Buy,234888561
2024-08-27 09:17:27,40450.0,100,Buy,234888557
2024-08-27 09:17:27,40450.0,1000,Buy,234888556
2024-08-27 09:17:27,40450.0,200,Buy,234888555
2024-08-27 09:17:27,40450.0,1000,Buy,234888554
2024-08-27 09:17:27,40450.0,4300,Buy,234888553
2024-08-27 09:17:27,40450.0,700,Buy,234888552
2024-08-27 09:17:27,40450.0,2000,Buy,234888551
2024-08-27 09:17:27,40450.0,1000,Buy,234888550
2024-08-27 09:17:27,40450.0,2000,Buy,234888549
2024-08-27 09:17:28,40450.0,100,Sell,234888570
2024-08-27 09:17:28,40450.0,600,Sell,234888578
2024-08-27 09:17:28,40450.0,100,Buy,234888584
2024-08-27 09:17:32,40450.0,200,Buy,234888649
2024-08-27 09:17:35,40450.0,1000,Buy,234888710
2024-08-27 09:17:36,40450.0,100,Sell,234888742
2024-08-27 09:17:49,40450.0,100,Sell,234889064
2024-08-27 09:17:52,40450.0,200,Sell,234889109
2024-08-27 09:17:52,40450.0,1400,Sell,234889110
2024-08-27 09:17:53,40450.0,100,Sell,234889136
2024-08-27 09:17:59,40450.0,100,Sell,234889239
2024-08-27 09:18:00,40500.0,4000,Buy,234889262
2024-08-27 09:18:04,40450.0,100,Sell,234889382
2024-08-27 09:18:07,40500.0,2900,Buy,234889430
2024-08-27 09:18:07,40500.0,2900,Buy,234889428
2024-08-27 09:18:07,40500.0,700,Buy,234889429
2024-08-27 09:18:07,40450.0,200,Sell,234889420
2024-08-27 09:18:08,40450.0,5000,Sell,234889446
2024-08-27 09:18:09,40450.0,1000,Sell,234889477
2024-08-27 09:18:09,40450.0,500,Sell,234889479
2024-08-27 09:18:10,40450.0,100,Sell,234889509
2024-08-27 09:18:18,40500.0,100,Buy,234889742
2024-08-27 09:18:18,40500.0,1400,Buy,234889738
2024-08-27 09:18:18,40500.0,3100,Buy,234889739
2024-08-27 09:18:18,40500.0,1000,Buy,234889740
2024-08-27 09:18:18,40500.0,500,Buy,234889741
2024-08-27 09:18:18,40500.0,200,Buy,234889743
2024-08-27 09:18:18,40500.0,1000,Buy,234889744
2024-08-27 09:18:18,40500.0,1000,Buy,234889745
2024-08-27 09:18:19,40500.0,300,Buy,234889754
2024-08-27 09:18:19,40500.0,1000,Buy,234889753
2024-08-27 09:18:19,40500.0,300,Buy,234889758
2024-08-27 09:18:19,40500.0,1600,Buy,234889755
2024-08-27 09:18:19,40500.0,100,Buy,234889752
2024-08-27 09:18:19,40500.0,600,Buy,234889757
2024-08-27 09:18:19,40500.0,500,Buy,234889750
2024-08-27 09:18:19,40500.0,500,Buy,234889751
2024-08-27 09:18:19,40500.0,700,Buy,234889746
2024-08-27 09:18:19,40500.0,4300,Buy,234889747
2024-08-27 09:18:19,40500.0,400,Buy,234889756
2024-08-27 09:18:19,40500.0,200,Buy,234889748
2024-08-27 09:18:19,40500.0,1200,Buy,234889749
2024-08-27 09:18:23,40500.0,800,Buy,234889853
2024-08-27 09:18:23,40500.0,200,Buy,234889852
2024-08-27 09:18:32,40500.0,1000,Buy,234890003
2024-08-27 09:18:32,40500.0,400,Buy,234890002
2024-08-27 09:18:32,40500.0,900,Buy,234890001
2024-08-27 09:18:32,40500.0,100,Sell,234890005
2024-08-27 09:18:32,40500.0,100,Buy,234889999
2024-08-27 09:18:32,40500.0,200,Buy,234889998
2024-08-27 09:18:32,40500.0,900,Buy,234889997
2024-08-27 09:18:32,40500.0,3000,Buy,234890000
2024-08-27 09:18:33,40500.0,500,Sell,234890036
2024-08-27 09:18:34,40500.0,100,Sell,234890115
2024-08-27 09:18:49,40500.0,5000,Sell,234890379
2024-08-27 09:18:50,40550.0,100,Buy,234890385
2024-08-27 09:18:50,40550.0,100,Buy,234890386
2024-08-27 09:18:52,40550.0,300,Buy,234890450
2024-08-27 09:18:56,40550.0,200,Buy,234890529
2024-08-27 09:18:56,40550.0,200,Buy,234890526
2024-08-27 09:18:56,40550.0,1000,Buy,234890528
2024-08-27 09:18:56,40550.0,500,Buy,234890527
2024-08-27 09:18:56,40550.0,4300,Buy,234890524
2024-08-27 09:18:56,40550.0,400,Buy,234890523
2024-08-27 09:18:56,40550.0,300,Buy,234890525
2024-08-27 09:19:02,40550.0,500,Buy,234890631
2024-08-27 09:19:02,40550.0,500,Buy,234890632
2024-08-27 09:19:03,40550.0,300,Buy,234890666
2024-08-27 09:19:04,40550.0,100,Buy,234890673
2024-08-27 09:19:05,40550.0,100,Buy,234890686
2024-08-27 09:19:05,40500.0,100,Sell,234890696
2024-08-27 09:19:09,40500.0,13000,Sell,234890765
2024-08-27 09:19:09,40500.0,2000,Sell,234890764
2024-08-27 09:19:09,40550.0,600,Buy,234890755
2024-08-27 09:19:10,40500.0,200,Sell,234890771
2024-08-27 09:19:11,40500.0,1300,Sell,234890798
2024-08-27 09:19:12,40500.0,100,Sell,234890814
2024-08-27 09:19:13,40550.0,500,Buy,234890847
2024-08-27 09:19:20,40500.0,5000,Sell,234891067
2024-08-27 09:19:21,40500.0,500,Sell,234891082
2024-08-27 09:19:31,40500.0,500,Sell,234891333
2024-08-27 09:19:36,40550.0,300,Buy,234891457
2024-08-27 09:19:47,40500.0,5000,Sell,234891693
2024-08-27 09:19:48,40500.0,500,Sell,234891716
2024-08-27 09:19:56,40550.0,100,Buy,234891848
2024-08-27 09:19:56,40550.0,900,Buy,234891847
2024-08-27 09:19:56,40550.0,5000,Sell,234891873
2024-08-27 09:19:56,40550.0,100,Buy,234891861
2024-08-27 09:19:56,40550.0,1000,Buy,234891860
2024-08-27 09:19:56,40550.0,100,Buy,234891859
2024-08-27 09:19:56,40550.0,2000,Buy,234891858
2024-08-27 09:19:56,40550.0,500,Buy,234891857
2024-08-27 09:19:56,40550.0,500,Buy,234891849
2024-08-27 09:19:56,40550.0,100,Buy,234891855
2024-08-27 09:19:56,40550.0,600,Buy,234891850
2024-08-27 09:19:56,40550.0,100,Buy,234891851
2024-08-27 09:19:56,40550.0,1000,Buy,234891856
2024-08-27 09:19:56,40550.0,500,Buy,234891853
2024-08-27 09:19:56,40550.0,42800,Buy,234891854
2024-08-27 09:19:56,40550.0,100,Buy,234891852
2024-08-27 09:19:57,40550.0,400,Sell,234891914
2024-08-27 09:19:57,40650.0,2900,Buy,234891910
2024-08-27 09:19:57,40650.0,2000,Buy,234891909
2024-08-27 09:19:57,40600.0,400,Buy,234891900
2024-08-27 09:19:57,40650.0,100,Buy,234891907
2024-08-27 09:19:57,40650.0,200,Buy,234891906
2024-08-27 09:19:57,40600.0,1000,Buy,234891905
2024-08-27 09:19:57,40600.0,100,Buy,234891904
2024-08-27 09:19:57,40600.0,2000,Buy,234891903
2024-08-27 09:19:57,40600.0,500,Buy,234891902
2024-08-27 09:19:57,40600.0,1000,Buy,234891901
2024-08-27 09:19:57,40650.0,100,Buy,234891908
2024-08-27 09:19:57,40600.0,200,Buy,234891898
2024-08-27 09:19:57,40600.0,100,Buy,234891897
2024-08-27 09:19:57,40600.0,100,Buy,234891886
2024-08-27 09:19:57,40600.0,1000,Buy,234891887
2024-08-27 09:19:57,40600.0,100,Buy,234891888
2024-08-27 09:19:57,40600.0,300,Buy,234891899
2024-08-27 09:19:57,40600.0,200,Buy,234891890
2024-08-27 09:19:57,40600.0,3100,Buy,234891889
2024-08-27 09:19:57,40600.0,200,Buy,234891892
2024-08-27 09:19:57,40600.0,200,Buy,234891893
2024-08-27 09:19:57,40600.0,4300,Buy,234891895
2024-08-27 09:19:57,40600.0,1000,Buy,234891896
2024-08-27 09:19:57,40600.0,100,Buy,234891891
2024-08-27 09:19:57,40600.0,700,Buy,234891894
2024-08-27 09:20:04,40550.0,100,Buy,234892072
2024-08-27 09:20:04,40550.0,2200,Buy,234892073
2024-08-27 09:20:04,40550.0,700,Sell,234892075
2024-08-27 09:20:04,40550.0,100,Buy,234892087
2024-08-27 09:20:05,40550.0,100,Buy,234892103
2024-08-27 09:20:08,40550.0,200,Buy,234892139
2024-08-27 09:20:09,40550.0,600,Buy,234892159
2024-08-27 09:20:10,40500.0,100,Sell,234892178
2024-08-27 09:20:10,40550.0,500,Buy,234892180
2024-08-27 09:20:11,40550.0,200,Buy,234892216
2024-08-27 09:20:13,40550.0,1000,Buy,234892284
2024-08-27 09:20:13,40550.0,1600,Buy,234892285
2024-08-27 09:20:13,40550.0,300,Buy,234892286
2024-08-27 09:20:13,40550.0,100,Buy,234892287
2024-08-27 09:20:13,40500.0,200,Sell,234892283
2024-08-27 09:20:14,40550.0,100,Buy,234892293
2024-08-27 09:20:17,40550.0,800,Buy,234892360
2024-08-27 09:20:17,40550.0,300,Buy,234892362
2024-08-27 09:20:17,40600.0,18400,Buy,234892363
2024-08-27 09:20:17,40550.0,1000,Buy,234892361
2024-08-27 09:20:20,40600.0,1600,Buy,234892414
2024-08-27 09:20:20,40600.0,600,Buy,234892415
2024-08-27 09:20:24,40600.0,500,Buy,234892571
2024-08-27 09:20:24,40600.0,500,Buy,234892573
2024-08-27 09:20:29,40650.0,1400,Buy,234892640
2024-08-27 09:20:29,40600.0,100,Buy,234892639
2024-08-27 09:20:29,40600.0,500,Buy,234892638
2024-08-27 09:20:29,40600.0,200,Buy,234892636
2024-08-27 09:20:29,40600.0,400,Buy,234892635
2024-08-27 09:20:29,40600.0,100,Buy,234892637
2024-08-27 09:20:36,40650.0,13700,Buy,234892810
2024-08-27 09:20:36,40650.0,100,Buy,234892808
2024-08-27 09:20:36,40650.0,300,Buy,234892807
2024-08-27 09:20:36,40650.0,200,Buy,234892809
2024-08-27 09:20:36,40650.0,5000,Buy,234892805
2024-08-27 09:20:36,40650.0,1100,Buy,234892804
2024-08-27 09:20:36,40650.0,10000,Buy,234892803
2024-08-27 09:20:36,40650.0,700,Buy,234892802
2024-08-27 09:20:36,40650.0,200,Buy,234892806
2024-08-27 09:20:38,40650.0,5000,Buy,234892822
2024-08-27 09:20:42,40650.0,500,Buy,234892887
2024-08-27 09:20:44,40650.0,800,Buy,234892903
2024-08-27 09:20:44,40650.0,1000,Buy,234892904
2024-08-27 09:20:44,40650.0,1000,Buy,234892905
2024-08-27 09:20:44,40650.0,200,Buy,234892906
2024-08-27 09:20:44,40650.0,1600,Buy,234892907
2024-08-27 09:20:44,40650.0,400,Buy,234892908
2024-08-27 09:20:45,40650.0,500,Buy,234892933
2024-08-27 09:20:46,40650.0,500,Buy,234892955
2024-08-27 09:20:46,40650.0,500,Buy,234892956
2024-08-27 09:20:49,40600.0,100,Sell,234893016
2024-08-27 09:20:49,40650.0,300,Buy,234893008
2024-08-27 09:20:49,40650.0,5000,Buy,234893009
2024-08-27 09:20:52,40600.0,400,Sell,234893064
2024-08-27 09:20:52,40600.0,100,Sell,234893065
2024-08-27 09:20:55,40650.0,200,Buy,234893134
2024-08-27 09:20:55,40650.0,500,Buy,234893135
2024-08-27 09:20:55,40650.0,100,Buy,234893136
2024-08-27 09:20:55,40650.0,200,Buy,234893137
2024-08-27 09:21:02,40650.0,200,Buy,234893327
2024-08-27 09:21:08,40650.0,100,Buy,234893444
2024-08-27 09:21:08,40650.0,200,Sell,234893487
2024-08-27 09:21:08,40650.0,100,Buy,234893442
2024-08-27 09:21:08,40650.0,100,Buy,234893443
2024-08-27 09:21:21,40650.0,2400,Buy,234893835
2024-08-27 09:21:21,40650.0,1800,Buy,234893831
2024-08-27 09:21:21,40650.0,500,Buy,234893832
2024-08-27 09:21:21,40650.0,100,Buy,234893833
2024-08-27 09:21:21,40650.0,200,Buy,234893834
2024-08-27 09:21:24,40600.0,100,Sell,234893892
2024-08-27 09:21:24,40600.0,400,Sell,234893891
2024-08-27 09:21:27,40650.0,2600,Buy,234893963
2024-08-27 09:21:27,40650.0,400,Buy,234893964
2024-08-27 09:21:34,40650.0,100,Buy,234894101
2024-08-27 09:21:34,40650.0,300,Buy,234894102
2024-08-27 09:21:34,40650.0,100,Sell,234894108
2024-08-27 09:21:34,40700.0,100,Buy,234894109
2024-08-27 09:21:42,40700.0,5000,Buy,234894281
2024-08-27 09:21:42,40700.0,2000,Buy,234894282
2024-08-27 09:21:42,40700.0,500,Buy,234894283
2024-08-27 09:21:42,40700.0,100,Buy,234894284
2024-08-27 09:21:42,40700.0,1000,Buy,234894280
2024-08-27 09:21:42,40700.0,300,Buy,234894289
2024-08-27 09:21:42,40700.0,100,Buy,234894287
2024-08-27 09:21:42,40700.0,100,Buy,234894288
2024-08-27 09:21:42,40700.0,5000,Buy,234894290
2024-08-27 09:21:42,40700.0,1000,Buy,234894291
2024-08-27 09:21:42,40700.0,100,Buy,234894292
2024-08-27 09:21:42,40700.0,2000,Buy,234894286
2024-08-27 09:21:42,40700.0,10000,Buy,234894279
2024-08-27 09:21:42,40700.0,100,Buy,234894285
2024-08-27 09:21:42,40700.0,100,Buy,234894277
2024-08-27 09:21:42,40700.0,900,Buy,234894264
2024-08-27 09:21:42,40700.0,500,Buy,234894265
2024-08-27 09:21:42,40700.0,100,Buy,234894266
2024-08-27 09:21:42,40700.0,3100,Buy,234894267
2024-08-27 09:21:42,40700.0,100,Buy,234894268
2024-08-27 09:21:42,40700.0,200,Buy,234894269
2024-08-27 09:21:42,40700.0,300,Buy,234894278
2024-08-27 09:21:42,40700.0,200,Buy,234894271
2024-08-27 09:21:42,40700.0,2400,Buy,234894272
2024-08-27 09:21:42,40700.0,100,Buy,234894273
2024-08-27 09:21:42,40700.0,200,Buy,234894274
2024-08-27 09:21:42,40700.0,100,Buy,234894275
2024-08-27 09:21:42,40700.0,100,Buy,234894276
2024-08-27 09:21:42,40700.0,300,Buy,234894270
2024-08-27 09:21:44,40700.0,400,Buy,234894357
2024-08-27 09:21:44,40700.0,1600,Buy,234894358
2024-08-27 09:21:48,40750.0,2000,Buy,234894486
2024-08-27 09:21:48,40750.0,1000,Buy,234894487
2024-08-27 09:21:48,40750.0,12100,Buy,234894491
2024-08-27 09:21:48,40750.0,200,Buy,234894489
2024-08-27 09:21:48,40750.0,100,Buy,234894490
2024-08-27 09:21:48,40750.0,10000,Buy,234894484
2024-08-27 09:21:48,40750.0,500,Buy,234894488
2024-08-27 09:21:48,40750.0,100,Buy,234894483
2024-08-27 09:21:48,40750.0,500,Buy,234894485
2024-08-27 09:21:48,40750.0,500,Buy,234894481
2024-08-27 09:21:48,40750.0,100,Buy,234894480
2024-08-27 09:21:48,40750.0,100,Buy,234894479
2024-08-27 09:21:48,40750.0,200,Buy,234894478
2024-08-27 09:21:48,40750.0,1000,Buy,234894477
2024-08-27 09:21:48,40750.0,500,Buy,234894476
2024-08-27 09:21:48,40700.0,20000,Buy,234894475
2024-08-27 09:21:48,40700.0,900,Buy,234894474
2024-08-27 09:21:48,40750.0,200,Buy,234894482
2024-08-27 09:21:50,40700.0,100,Buy,234894513
2024-08-27 09:21:53,40700.0,500,Sell,234894594
2024-08-27 09:22:01,40750.0,100,Buy,234894842
2024-08-27 09:22:01,40700.0,300,Sell,234894821
2024-08-27 09:22:01,40750.0,4300,Buy,234894841
2024-08-27 09:22:04,40750.0,3500,Buy,234894900
2024-08-27 09:22:04,40750.0,100,Buy,234894901
2024-08-27 09:22:04,40750.0,100,Buy,234894902
2024-08-27 09:22:04,40750.0,500,Buy,234894903
2024-08-27 09:22:04,40750.0,100,Buy,234894904
2024-08-27 09:22:04,40750.0,20000,Buy,234894905
2024-08-27 09:22:04,40750.0,3500,Buy,234894906
2024-08-27 09:22:07,40750.0,300,Sell,234894981
2024-08-27 09:22:09,40800.0,300,Buy,234895019
2024-08-27 09:22:09,40800.0,500,Buy,234895018
2024-08-27 09:22:15,40800.0,200,Buy,234895162
2024-08-27 09:22:17,40750.0,1000,Sell,234895199
2024-08-27 09:22:17,40800.0,600,Buy,234895218
2024-08-27 09:22:17,40800.0,300,Buy,234895219
2024-08-27 09:22:17,40800.0,500,Buy,234895220
2024-08-27 09:22:17,40800.0,600,Buy,234895221
2024-08-27 09:22:18,40800.0,700,Buy,234895233
2024-08-27 09:22:18,40800.0,100,Buy,234895231
2024-08-27 09:22:18,40800.0,100,Buy,234895230
2024-08-27 09:22:18,40800.0,100,Buy,234895229
2024-08-27 09:22:18,40800.0,300,Buy,234895232
2024-08-27 09:22:18,40800.0,500,Buy,234895227
2024-08-27 09:22:18,40800.0,1000,Buy,234895226
2024-08-27 09:22:18,40800.0,200,Buy,234895225
2024-08-27 09:22:18,40800.0,100,Buy,234895228
2024-08-27 09:22:18,40800.0,1900,Buy,234895224
2024-08-27 09:22:19,40800.0,500,Buy,234895245
2024-08-27 09:22:20,40800.0,1000,Buy,234895290
2024-08-27 09:22:21,40800.0,500,Buy,234895316
2024-08-27 09:22:21,40800.0,4000,Buy,234895317
2024-08-27 09:22:22,40800.0,500,Buy,234895358
2024-08-27 09:22:22,40800.0,100,Buy,234895359
2024-08-27 09:22:22,40800.0,9200,Buy,234895363
2024-08-27 09:22:22,40800.0,1000,Buy,234895361
2024-08-27 09:22:22,40800.0,100,Buy,234895362
2024-08-27 09:22:22,40800.0,100,Buy,234895357
2024-08-27 09:22:22,40800.0,100,Buy,234895360
2024-08-27 09:22:22,40800.0,500,Buy,234895354
2024-08-27 09:22:22,40800.0,400,Buy,234895348
2024-08-27 09:22:22,40800.0,100,Buy,234895352
2024-08-27 09:22:22,40800.0,500,Buy,234895351
2024-08-27 09:22:22,40800.0,200,Buy,234895350
2024-08-27 09:22:22,40800.0,100,Buy,234895349
2024-08-27 09:22:22,40800.0,100,Buy,234895347
2024-08-27 09:22:22,40800.0,1000,Buy,234895346
2024-08-27 09:22:22,40800.0,900,Buy,234895345
2024-08-27 09:22:22,40800.0,2400,Buy,234895343
2024-08-27 09:22:22,40800.0,100,Buy,234895353
2024-08-27 09:22:23,40800.0,100,Buy,234895373
2024-08-27 09:22:27,40800.0,100,Buy,234895472
2024-08-27 09:22:27,40800.0,100,Buy,234895473
2024-08-27 09:22:27,40800.0,500,Buy,234895474
2024-08-27 09:22:27,40800.0,100,Buy,234895471
2024-08-27 09:22:27,40800.0,200,Buy,234895477
2024-08-27 09:22:27,40800.0,500,Buy,234895478
2024-08-27 09:22:27,40800.0,100,Buy,234895479
2024-08-27 09:22:27,40800.0,1000,Buy,234895476
2024-08-27 09:22:27,40800.0,500,Buy,234895470
2024-08-27 09:22:27,40800.0,100,Buy,234895475
2024-08-27 09:22:27,40800.0,300,Buy,234895468
2024-08-27 09:22:27,40800.0,200,Buy,234895460
2024-08-27 09:22:27,40800.0,1000,Buy,234895461
2024-08-27 09:22:27,40800.0,1000,Buy,234895462
2024-08-27 09:22:27,40800.0,2000,Buy,234895463
2024-08-27 09:22:27,40800.0,500,Buy,234895469
2024-08-27 09:22:27,40800.0,100,Buy,234895464
2024-08-27 09:22:27,40800.0,100,Buy,234895465
2024-08-27 09:22:27,40800.0,400,Buy,234895466
2024-08-27 09:22:27,40800.0,500,Buy,234895467
2024-08-27 09:22:27,40800.0,700,Buy,234895459
2024-08-27 09:22:28,40800.0,900,Buy,234895490
2024-08-27 09:22:28,40800.0,100,Buy,234895491
2024-08-27 09:22:30,40800.0,100,Buy,234895536
2024-08-27 09:22:30,40800.0,500,Buy,234895537
2024-08-27 09:22:33,40800.0,100,Sell,234895646
2024-08-27 09:22:34,40800.0,5000,Sell,234895703
2024-08-27 09:22:38,40850.0,500,Buy,234895781
2024-08-27 09:22:39,40850.0,100,Buy,234895791
2024-08-27 09:22:42,40800.0,100,Sell,234895852
2024-08-27 09:22:45,40850.0,100,Buy,234895907
2024-08-27 09:22:45,40800.0,100,Sell,234895913
2024-08-27 09:22:45,40850.0,300,Buy,234895905
2024-08-27 09:22:45,40850.0,300,Buy,234895906
2024-08-27 09:22:45,40850.0,200,Buy,234895903
2024-08-27 09:22:45,40850.0,5000,Buy,234895902
2024-08-27 09:22:45,40850.0,100,Buy,234895904
2024-08-27 09:22:45,40850.0,1900,Buy,234895898
2024-08-27 09:22:46,40800.0,2000,Sell,234895921
2024-08-27 09:22:50,40800.0,1000,Sell,234895971
2024-08-27 09:22:51,40850.0,100,Buy,234895988
2024-08-27 09:22:51,40850.0,500,Buy,234895997
2024-08-27 09:22:51,40850.0,1500,Buy,234895989
2024-08-27 09:22:51,40850.0,100,Buy,234895987
2024-08-27 09:22:51,40850.0,100,Buy,234895985
2024-08-27 09:22:51,40850.0,100,Buy,234895984
2024-08-27 09:22:51,40850.0,100,Buy,234895986
2024-08-27 09:22:55,40800.0,500,Sell,234896071
2024-08-27 09:22:58,40800.0,400,Sell,234896153
2024-08-27 09:22:58,40850.0,300,Buy,234896158
2024-08-27 09:23:00,40800.0,100,Sell,234896181
2024-08-27 09:23:00,40800.0,300,Sell,234896180
2024-08-27 09:23:00,40800.0,100,Sell,234896183
2024-08-27 09:23:00,40800.0,1000,Sell,234896179
2024-08-27 09:23:00,40800.0,100,Sell,234896182
2024-08-27 09:23:00,40800.0,1000,Sell,234896177
2024-08-27 09:23:00,40800.0,900,Sell,234896176
2024-08-27 09:23:00,40800.0,100,Sell,234896175
2024-08-27 09:23:00,40800.0,500,Sell,234896178
2024-08-27 09:23:00,40800.0,500,Sell,234896174
2024-08-27 09:23:00,40800.0,400,Sell,234896173
2024-08-27 09:23:02,40800.0,100,Sell,234896240
2024-08-27 09:23:02,40850.0,800,Buy,234896239
2024-08-27 09:23:02,40850.0,200,Buy,234896238
2024-08-27 09:23:07,40850.0,5000,Buy,234896397
2024-08-27 09:23:09,40850.0,4200,Buy,234896443
2024-08-27 09:23:10,40850.0,100,Buy,234896448
2024-08-27 09:23:10,40850.0,100,Buy,234896449
2024-08-27 09:23:10,40850.0,100,Buy,234896450
2024-08-27 09:23:10,40850.0,100,Buy,234896451
2024-08-27 09:23:10,40850.0,400,Buy,234896452
2024-08-27 09:23:10,40800.0,100,Sell,234896462
2024-08-27 09:23:10,40800.0,400,Sell,234896463
2024-08-27 09:23:15,40850.0,1100,Buy,234896645
2024-08-27 09:23:17,40850.0,100,Buy,234896686
2024-08-27 09:23:21,40850.0,2400,Buy,234896757
2024-08-27 09:23:21,40850.0,100,Buy,234896758
2024-08-27 09:23:21,40850.0,3500,Buy,234896759
2024-08-27 09:23:23,40850.0,3200,Buy,234896844
2024-08-27 09:23:23,40850.0,5000,Buy,234896851
2024-08-27 09:23:24,40850.0,1000,Buy,234896852
2024-08-27 09:23:25,40850.0,100,Buy,234896887
2024-08-27 09:23:29,40850.0,100,Buy,234896950
2024-08-27 09:23:29,40850.0,7200,Buy,234896949
2024-08-27 09:23:29,40850.0,1300,Buy,234896955
2024-08-27 09:23:29,40850.0,100,Buy,234896954
2024-08-27 09:23:29,40850.0,100,Buy,234896952
2024-08-27 09:23:29,40850.0,200,Buy,234896951
2024-08-27 09:23:29,40850.0,1000,Buy,234896953
2024-08-27 09:23:30,40850.0,900,Buy,234896982
2024-08-27 09:23:32,40850.0,2000,Buy,234897026
2024-08-27 09:23:32,40850.0,500,Sell,234897045
2024-08-27 09:23:32,40850.0,100,Buy,234897033
2024-08-27 09:23:32,40850.0,1000,Buy,234897032
2024-08-27 09:23:32,40850.0,1000,Buy,234897031
2024-08-27 09:23:32,40850.0,100,Buy,234897030
2024-08-27 09:23:32,40850.0,100,Buy,234897029
2024-08-27 09:23:32,40850.0,2000,Buy,234897028
2024-08-27 09:23:32,40850.0,100,Buy,234897024
2024-08-27 09:23:32,40850.0,100,Buy,234897025
2024-08-27 09:23:32,40850.0,100,Buy,234897023
2024-08-27 09:23:32,40850.0,100,Buy,234897022
2024-08-27 09:23:32,40850.0,1000,Buy,234897021
2024-08-27 09:23:32,40850.0,1000,Buy,234897020
2024-08-27 09:23:32,40850.0,2800,Buy,234897019
2024-08-27 09:23:32,40850.0,1000,Buy,234897027
2024-08-27 09:23:33,40850.0,5000,Sell,234897057
2024-08-27 09:23:34,40850.0,100,Sell,234897069
2024-08-27 09:23:35,40900.0,5000,Buy,234897104
2024-08-27 09:23:35,40900.0,1000,Buy,234897133
2024-08-27 09:23:35,40900.0,2000,Buy,234897134
2024-08-27 09:23:35,40900.0,1000,Buy,234897135
2024-08-27 09:23:35,40900.0,500,Buy,234897136
2024-08-27 09:23:35,40900.0,100,Buy,234897137
2024-08-27 09:23:35,40900.0,800,Buy,234897138
2024-08-27 09:23:35,40900.0,500,Buy,234897139
2024-08-27 09:23:35,40900.0,300,Buy,234897140
2024-08-27 09:23:35,40900.0,100,Buy,234897141
2024-08-27 09:23:35,40900.0,100,Buy,234897142
2024-08-27 09:23:35,40900.0,30700,Buy,234897143
2024-08-27 09:23:35,40900.0,500,Buy,234897144
2024-08-27 09:23:35,40900.0,200,Buy,234897145
2024-08-27 09:23:35,40900.0,1000,Buy,234897146
2024-08-27 09:23:35,40900.0,100,Buy,234897147
2024-08-27 09:23:35,40900.0,100,Buy,234897148
2024-08-27 09:23:35,40900.0,100,Buy,234897149
2024-08-27 09:23:35,40900.0,100,Buy,234897150
2024-08-27 09:23:35,40900.0,300,Buy,234897103
2024-08-27 09:23:35,40900.0,100,Buy,234897155
2024-08-27 09:23:35,40900.0,200,Buy,234897156
2024-08-27 09:23:35,40900.0,1800,Buy,234897157
2024-08-27 09:23:35,40850.0,100,Sell,234897162
2024-08-27 09:23:35,40900.0,100,Buy,234897132
2024-08-27 09:23:35,40900.0,500,Buy,234897131
2024-08-27 09:23:35,40900.0,100,Buy,234897154
2024-08-27 09:23:35,40900.0,100,Buy,234897129
2024-08-27 09:23:35,40900.0,15000,Buy,234897105
2024-08-27 09:23:35,40900.0,100,Buy,234897106
2024-08-27 09:23:35,40900.0,400,Buy,234897107
2024-08-27 09:23:35,40900.0,200,Buy,234897108
2024-08-27 09:23:35,40900.0,100,Buy,234897109
2024-08-27 09:23:35,40900.0,1000,Buy,234897110
2024-08-27 09:23:35,40900.0,2000,Buy,234897111
2024-08-27 09:23:35,40900.0,3000,Buy,234897112
2024-08-27 09:23:35,40900.0,1200,Buy,234897114
2024-08-27 09:23:35,40900.0,100,Buy,234897115
2024-08-27 09:23:35,40900.0,100,Buy,234897116
2024-08-27 09:23:35,40900.0,1000,Buy,234897113
2024-08-27 09:23:35,40900.0,300,Buy,234897118
2024-08-27 09:23:35,40900.0,100,Buy,234897128
2024-08-27 09:23:35,40900.0,1300,Buy,234897117
2024-08-27 09:23:35,40900.0,100,Buy,234897126
2024-08-27 09:23:35,40900.0,100,Buy,234897125
2024-08-27 09:23:35,40900.0,5000,Buy,234897124
2024-08-27 09:23:35,40900.0,7500,Buy,234897127
2024-08-27 09:23:35,40900.0,100,Buy,234897122
2024-08-27 09:23:35,40900.0,2000,Buy,234897121
2024-08-27 09:23:35,40900.0,10000,Buy,234897120
2024-08-27 09:23:35,40900.0,500,Buy,234897119
2024-08-27 09:23:35,40900.0,400,Buy,234897123
2024-08-27 09:23:35,40900.0,1000,Buy,234897130
2024-08-27 09:23:36,40850.0,600,Sell,234897171
2024-08-27 09:23:37,40850.0,500,Sell,234897183
2024-08-27 09:23:37,40850.0,400,Sell,234897184
2024-08-27 09:23:37,40850.0,100,Sell,234897192
2024-08-27 09:23:38,40850.0,500,Sell,234897215
2024-08-27 09:23:39,40850.0,1000,Sell,234897236
2024-08-27 09:23:40,40900.0,100,Buy,234897275
2024-08-27 09:23:40,40900.0,400,Buy,234897276
2024-08-27 09:23:40,40900.0,200,Buy,234897273
2024-08-27 09:23:40,40900.0,200,Buy,234897272
2024-08-27 09:23:40,40850.0,1000,Sell,234897264
2024-08-27 09:23:40,40900.0,100,Buy,234897274
2024-08-27 09:23:41,40900.0,200,Buy,234897294
2024-08-27 09:23:42,40900.0,400,Buy,234897334
2024-08-27 09:23:42,40900.0,100,Buy,234897335
2024-08-27 09:23:42,40900.0,100,Buy,234897336
2024-08-27 09:23:42,40900.0,100,Buy,234897337
2024-08-27 09:23:42,40900.0,100,Buy,234897338
2024-08-27 09:23:42,40900.0,3600,Buy,234897339
2024-08-27 09:23:42,40900.0,600,Buy,234897340
2024-08-27 09:23:43,40900.0,500,Buy,234897354
2024-08-27 09:23:45,40850.0,500,Sell,234897413
2024-08-27 09:23:49,40900.0,100,Buy,234897490
2024-08-27 09:23:50,40850.0,2000,Sell,234897510
2024-08-27 09:23:52,40900.0,4300,Buy,234897548
2024-08-27 09:23:52,40900.0,500,Buy,234897547
2024-08-27 09:23:52,40900.0,3800,Buy,234897545
2024-08-27 09:23:52,40900.0,1400,Buy,234897546
2024-08-27 09:23:54,40900.0,500,Buy,234897609
2024-08-27 09:23:56,40900.0,5500,Buy,234897637
2024-08-27 09:23:56,40900.0,500,Buy,234897649
2024-08-27 09:24:00,40850.0,400,Sell,234897720
2024-08-27 09:24:04,40900.0,1000,Buy,234897867
2024-08-27 09:24:06,40900.0,500,Buy,234897896
2024-08-27 09:24:08,40900.0,5000,Buy,234897954
2024-08-27 09:24:11,40900.0,500,Sell,234898039
2024-08-27 09:24:11,40900.0,5000,Buy,234898027
2024-08-27 09:24:11,40900.0,100,Buy,234898026
2024-08-27 09:24:11,40900.0,2000,Buy,234898025
2024-08-27 09:24:11,40900.0,300,Buy,234898024
2024-08-27 09:24:11,40900.0,500,Buy,234898023
2024-08-27 09:24:11,40900.0,100,Buy,234898022
2024-08-27 09:24:11,40900.0,100,Buy,234898019
2024-08-27 09:24:11,40900.0,500,Buy,234898020
2024-08-27 09:24:11,40900.0,2700,Buy,234898014
2024-08-27 09:24:11,40900.0,900,Buy,234898015
2024-08-27 09:24:11,40900.0,100,Buy,234898021
2024-08-27 09:24:11,40900.0,5000,Buy,234898017
2024-08-27 09:24:11,40900.0,5100,Buy,234898016
2024-08-27 09:24:11,40900.0,100,Buy,234898018
2024-08-27 09:24:12,40900.0,500,Sell,234898057
2024-08-27 09:24:20,40900.0,100,Sell,234898256
2024-08-27 09:24:20,40900.0,2000,Sell,234898278
2024-08-27 09:24:21,40900.0,100,Sell,234898294
2024-08-27 09:24:21,40900.0,1000,Sell,234898295
2024-08-27 09:24:22,40950.0,200,Buy,234898307
2024-08-27 09:24:22,40950.0,1300,Buy,234898308
2024-08-27 09:24:25,40900.0,10000,Sell,234898370
2024-08-27 09:24:28,40950.0,1200,Buy,234898434
2024-08-27 09:24:30,40900.0,5000,Sell,234898475
2024-08-27 09:24:32,40900.0,5000,Sell,234898524
2024-08-27 09:24:32,40950.0,1900,Buy,234898494
2024-08-27 09:24:36,40900.0,300,Sell,234898570
2024-08-27 09:24:36,40900.0,1000,Sell,234898571
2024-08-27 09:24:40,40900.0,2000,Sell,234898650
2024-08-27 09:24:40,40900.0,100,Sell,234898651
2024-08-27 09:24:40,40900.0,2900,Sell,234898652
2024-08-27 09:24:41,40950.0,300,Buy,234898702
2024-08-27 09:24:41,40950.0,2400,Buy,234898667
2024-08-27 09:24:41,40950.0,200,Buy,234898666
2024-08-27 09:24:41,40950.0,100,Buy,234898665
2024-08-27 09:24:41,40950.0,400,Buy,234898664
2024-08-27 09:24:41,40950.0,400,Buy,234898662
2024-08-27 09:24:41,40950.0,100,Buy,234898661
2024-08-27 09:24:41,40950.0,600,Buy,234898660
2024-08-27 09:24:41,40950.0,500,Buy,234898663
2024-08-27 09:24:45,40950.0,500,Buy,234898791
2024-08-27 09:24:50,40900.0,100,Sell,234898909
2024-08-27 09:24:51,40950.0,200,Buy,234898943
2024-08-27 09:24:51,40950.0,100,Buy,234898942
2024-08-27 09:24:51,40950.0,1000,Buy,234898944
2024-08-27 09:24:51,40950.0,1300,Buy,234898940
2024-08-27 09:24:51,40950.0,500,Buy,234898936
2024-08-27 09:24:51,40950.0,400,Buy,234898941
2024-08-27 09:24:52,40900.0,100,Sell,234898968
2024-08-27 09:24:53,40950.0,100,Buy,234898987
2024-08-27 09:24:53,40950.0,400,Buy,234898988
2024-08-27 09:24:57,40900.0,5000,Sell,234899077
2024-08-27 09:24:59,40900.0,200,Sell,234899122
2024-08-27 09:25:10,40900.0,3700,Sell,234899349
2024-08-27 09:25:10,40900.0,1300,Sell,234899350
2024-08-27 09:25:10,40900.0,100,Sell,234899353
2024-08-27 09:25:15,40900.0,200,Sell,234899456
2024-08-27 09:25:16,40900.0,100,Sell,234899480
2024-08-27 09:25:17,40950.0,7000,Buy,234899488
2024-08-27 09:25:18,40900.0,1000,Sell,234899507
2024-08-27 09:25:18,40900.0,1000,Sell,234899491
2024-08-27 09:25:18,40900.0,100,Sell,234899510
2024-08-27 09:25:20,40950.0,1000,Buy,234899539
2024-08-27 09:25:23,40900.0,100,Sell,234899636
2024-08-27 09:25:24,40900.0,100,Sell,234899652
2024-08-27 09:25:25,40900.0,100,Sell,234899660
2024-08-27 09:25:29,40950.0,100,Buy,234899764
2024-08-27 09:25:29,40900.0,100,Sell,234899771
2024-08-27 09:25:29,40900.0,200,Sell,234899778
2024-08-27 09:25:32,40900.0,100,Sell,234899824
2024-08-27 09:25:33,40900.0,300,Sell,234899850
2024-08-27 09:25:37,40900.0,500,Sell,234899917
2024-08-27 09:25:40,40900.0,3500,Sell,234899970
2024-08-27 09:25:41,40900.0,100,Sell,234899982
2024-08-27 09:25:41,40950.0,100,Buy,234899981
2024-08-27 09:25:42,40900.0,700,Sell,234899992
2024-08-27 09:25:42,40950.0,1400,Buy,234899998
2024-08-27 09:25:42,40950.0,600,Buy,234899999
2024-08-27 09:25:43,40900.0,100,Sell,234900043
2024-08-27 09:25:43,40900.0,100,Sell,234900045
2024-08-27 09:25:45,40900.0,200,Sell,234900057
2024-08-27 09:25:47,40900.0,100,Sell,234900096
2024-08-27 09:25:47,40900.0,500,Sell,234900097
2024-08-27 09:25:47,40900.0,500,Sell,234900103
2024-08-27 09:25:49,40900.0,2000,Sell,234900154
2024-08-27 09:25:51,40900.0,100,Sell,234900182
2024-08-27 09:25:51,40900.0,200,Sell,234900177
2024-08-27 09:25:52,40900.0,2000,Sell,234900213
2024-08-27 09:25:53,40900.0,1000,Sell,234900227
2024-08-27 09:25:56,40950.0,100,Buy,234900270
2024-08-27 09:25:57,40950.0,2000,Buy,234900274
2024-08-27 09:25:59,40950.0,500,Buy,234900339
2024-08-27 09:25:59,40950.0,10000,Buy,234900340
2024-08-27 09:25:59,40950.0,100,Buy,234900341
2024-08-27 09:25:59,40950.0,100,Buy,234900342
2024-08-27 09:25:59,40950.0,100,Buy,234900343
2024-08-27 09:25:59,40950.0,100,Buy,234900344
2024-08-27 09:25:59,40950.0,200,Buy,234900338
2024-08-27 09:25:59,40950.0,5000,Buy,234900345
2024-08-27 09:25:59,40950.0,100,Buy,234900348
2024-08-27 09:25:59,40950.0,100,Buy,234900347
2024-08-27 09:25:59,40950.0,100,Buy,234900349
2024-08-27 09:25:59,40950.0,100,Buy,234900350
2024-08-27 09:25:59,40950.0,100,Buy,234900351
2024-08-27 09:25:59,40950.0,1000,Buy,234900352
2024-08-27 09:25:59,40950.0,100,Buy,234900353
2024-08-27 09:25:59,40950.0,14300,Buy,234900354
2024-08-27 09:25:59,40950.0,100,Buy,234900346
2024-08-27 09:25:59,40950.0,2000,Buy,234900337
2024-08-27 09:25:59,40950.0,2000,Buy,234900327
2024-08-27 09:25:59,40950.0,100,Buy,234900335
2024-08-27 09:25:59,40950.0,500,Buy,234900336
2024-08-27 09:25:59,40950.0,2300,Buy,234900317
2024-08-27 09:25:59,40950.0,1000,Buy,234900318
2024-08-27 09:25:59,40950.0,100,Buy,234900319
2024-08-27 09:25:59,40950.0,500,Buy,234900320
2024-08-27 09:25:59,40950.0,100,Buy,234900321
2024-08-27 09:25:59,40950.0,1000,Buy,234900322
2024-08-27 09:25:59,40950.0,1000,Buy,234900324
2024-08-27 09:25:59,40950.0,100,Buy,234900323
2024-08-27 09:25:59,40950.0,100,Buy,234900326
2024-08-27 09:25:59,40950.0,400,Buy,234900328
2024-08-27 09:25:59,40950.0,100,Buy,234900329
2024-08-27 09:25:59,40950.0,3000,Buy,234900330
2024-08-27 09:25:59,40950.0,500,Buy,234900331
2024-08-27 09:25:59,40950.0,2000,Buy,234900332
2024-08-27 09:25:59,40950.0,500,Buy,234900333
2024-08-27 09:25:59,40950.0,500,Buy,234900334
2024-08-27 09:25:59,40950.0,100,Buy,234900325
2024-08-27 09:26:01,40900.0,100,Sell,234900381
2024-08-27 09:26:02,40900.0,100,Sell,234900402
2024-08-27 09:26:02,40900.0,100,Sell,234900404
2024-08-27 09:26:02,40900.0,600,Sell,234900403
2024-08-27 09:26:02,40900.0,1000,Sell,234900401
2024-08-27 09:26:02,40900.0,3100,Sell,234900393
2024-08-27 09:26:02,40900.0,500,Sell,234900399
2024-08-27 09:26:02,40900.0,500,Sell,234900398
2024-08-27 09:26:02,40900.0,400,Sell,234900394
2024-08-27 09:26:02,40900.0,700,Sell,234900400
2024-08-27 09:26:03,40900.0,2900,Sell,234900424
2024-08-27 09:26:03,40900.0,3500,Sell,234900425
2024-08-27 09:26:08,40950.0,500,Buy,234900548
2024-08-27 09:26:10,40950.0,2300,Buy,234900595
2024-08-27 09:26:16,40950.0,100,Buy,234900780
2024-08-27 09:26:16,40950.0,3600,Buy,234900778
2024-08-27 09:26:16,40950.0,100,Buy,234900777
2024-08-27 09:26:16,40950.0,100,Buy,234900776
2024-08-27 09:26:16,40950.0,500,Buy,234900774
2024-08-27 09:26:16,40950.0,100,Buy,234900773
2024-08-27 09:26:16,40950.0,1000,Buy,234900775
2024-08-27 09:26:16,40950.0,200,Buy,234900771
2024-08-27 09:26:16,40950.0,200,Buy,234900770
2024-08-27 09:26:16,40950.0,100,Buy,234900769
2024-08-27 09:26:16,40950.0,800,Buy,234900768
2024-08-27 09:26:16,40950.0,300,Buy,234900767
2024-08-27 09:26:16,40950.0,12900,Buy,234900766
2024-08-27 09:26:16,40950.0,100,Buy,234900772
2024-08-27 09:26:18,40950.0,500,Buy,234900816
2024-08-27 09:26:18,40950.0,200,Buy,234900821
2024-08-27 09:26:22,40950.0,7200,Buy,234900971
2024-08-27 09:26:22,40950.0,1000,Buy,234900970
2024-08-27 09:26:22,40950.0,1000,Buy,234900969
2024-08-27 09:26:22,40950.0,10000,Buy,234900967
2024-08-27 09:26:22,40950.0,5000,Buy,234900966
2024-08-27 09:26:22,40950.0,5600,Buy,234900965
2024-08-27 09:26:22,40950.0,200,Buy,234900968
2024-08-27 09:26:23,40950.0,100,Buy,234900995
2024-08-27 09:26:23,40950.0,2100,Buy,234901003
2024-08-27 09:26:23,40950.0,1500,Buy,234901002
2024-08-27 09:26:23,40950.0,500,Buy,234901001
2024-08-27 09:26:23,40950.0,100,Buy,234901000
2024-08-27 09:26:23,40950.0,300,Buy,234900999
2024-08-27 09:26:23,40950.0,100,Buy,234900998
2024-08-27 09:26:23,40950.0,100,Buy,234900997
2024-08-27 09:26:23,40950.0,200,Buy,234900996
2024-08-27 09:26:23,40950.0,200,Buy,234900993
2024-08-27 09:26:23,40950.0,200,Buy,234900987
2024-08-27 09:26:23,40950.0,1000,Buy,234900991
2024-08-27 09:26:23,40950.0,2800,Buy,234900981
2024-08-27 09:26:23,40950.0,3000,Buy,234900992
2024-08-27 09:26:23,40950.0,1000,Buy,234900983
2024-08-27 09:26:23,40950.0,500,Buy,234900984
2024-08-27 09:26:23,40950.0,2500,Buy,234900982
2024-08-27 09:26:23,40950.0,1000,Buy,234900986
2024-08-27 09:26:23,40950.0,200,Buy,234900988
2024-08-27 09:26:23,40950.0,100,Buy,234900989
2024-08-27 09:26:23,40950.0,500,Buy,234900990
2024-08-27 09:26:23,40950.0,5000,Buy,234900985
2024-08-27 09:26:24,40950.0,1400,Buy,234901030
2024-08-27 09:26:24,40950.0,800,Buy,234901031
2024-08-27 09:26:24,40950.0,100,Buy,234901032
2024-08-27 09:26:24,40950.0,700,Buy,234901033
2024-08-27 09:26:25,40900.0,1000,Sell,234901055
2024-08-27 09:26:25,40900.0,600,Sell,234901054
2024-08-27 09:26:25,40900.0,500,Sell,234901053
2024-08-27 09:26:25,40900.0,500,Sell,234901052
2024-08-27 09:26:25,40900.0,1000,Sell,234901051
2024-08-27 09:26:25,40900.0,500,Sell,234901050
2024-08-27 09:26:25,40950.0,300,Buy,234901038
2024-08-27 09:26:26,40950.0,100,Buy,234901059
2024-08-27 09:26:26,40900.0,200,Sell,234901068
2024-08-27 09:26:26,40950.0,100,Buy,234901074
2024-08-27 09:26:27,40950.0,1000,Buy,234901083
2024-08-27 09:26:28,40900.0,100,Sell,234901108
2024-08-27 09:26:28,40900.0,400,Sell,234901109
2024-08-27 09:26:28,40950.0,500,Buy,234901114
2024-08-27 09:26:30,40900.0,1000,Sell,234901160
2024-08-27 09:26:30,40900.0,500,Sell,234901159
2024-08-27 09:26:30,40900.0,1000,Sell,234901158
2024-08-27 09:26:30,40900.0,200,Sell,234901157
2024-08-27 09:26:30,40900.0,100,Sell,234901161
2024-08-27 09:26:30,40900.0,100,Sell,234901155
2024-08-27 09:26:30,40900.0,2000,Sell,234901154
2024-08-27 09:26:30,40900.0,100,Sell,234901153
2024-08-27 09:26:30,40900.0,900,Sell,234901156
2024-08-27 09:26:30,40900.0,2500,Sell,234901152
2024-08-27 09:26:34,40850.0,500,Sell,234901256
2024-08-27 09:26:37,40900.0,500,Buy,234901294
2024-08-27 09:26:40,40900.0,100,Buy,234901329
2024-08-27 09:26:40,40900.0,4800,Buy,234901330
2024-08-27 09:26:42,40900.0,1000,Buy,234901385
2024-08-27 09:26:45,40850.0,400,Sell,234901441
2024-08-27 09:26:50,40900.0,500,Buy,234901605
2024-08-27 09:26:51,40900.0,21500,Buy,234901622
2024-08-27 09:26:52,40850.0,500,Sell,234901651
2024-08-27 09:26:53,40900.0,2200,Buy,234901658
2024-08-27 09:26:53,40900.0,500,Buy,234901659
2024-08-27 09:26:53,40900.0,1900,Buy,234901660
2024-08-27 09:26:53,40900.0,10000,Buy,234901661
2024-08-27 09:26:53,40900.0,3600,Buy,234901662
2024-08-27 09:26:53,40900.0,11800,Buy,234901663
2024-08-27 09:27:00,40900.0,100,Buy,234901814
2024-08-27 09:27:05,40900.0,1000,Buy,234901871
2024-08-27 09:27:11,40900.0,1000,Buy,234902005
2024-08-27 09:27:12,40900.0,6000,Buy,234902025
2024-08-27 09:27:14,40900.0,300,Buy,234902080
2024-08-27 09:27:14,40900.0,100,Buy,234902079
2024-08-27 09:27:16,40900.0,400,Buy,234902194
2024-08-27 09:27:16,40900.0,100,Buy,234902189
2024-08-27 09:27:16,40900.0,300,Buy,234902193
2024-08-27 09:27:16,40900.0,200,Buy,234902192
2024-08-27 09:27:16,40900.0,100,Buy,234902191
2024-08-27 09:27:16,40900.0,200,Buy,234902190
2024-08-27 09:27:16,40900.0,1000,Buy,234902188
2024-08-27 09:27:16,40900.0,3200,Buy,234902181
2024-08-27 09:27:16,40900.0,100,Buy,234902186
2024-08-27 09:27:16,40900.0,100,Buy,234902185
2024-08-27 09:27:16,40900.0,3000,Buy,234902184
2024-08-27 09:27:16,40900.0,200,Buy,234902183
2024-08-27 09:27:16,40900.0,1000,Buy,234902182
2024-08-27 09:27:16,40900.0,1500,Buy,234902176
2024-08-27 09:27:16,40900.0,100,Buy,234902187
2024-08-27 09:27:18,40850.0,3400,Sell,234902218
2024-08-27 09:27:18,40850.0,200,Sell,234902219
2024-08-27 09:27:18,40850.0,2300,Sell,234902220
2024-08-27 09:27:21,40900.0,600,Buy,234902270
2024-08-27 09:27:21,40900.0,1000,Buy,234902271
2024-08-27 09:27:29,40950.0,300,Buy,234902457
2024-08-27 09:27:29,40950.0,200,Buy,234902456
2024-08-27 09:27:29,40950.0,1000,Buy,234902455
2024-08-27 09:27:29,40950.0,200,Buy,234902454
2024-08-27 09:27:29,40950.0,2000,Buy,234902451
2024-08-27 09:27:29,40950.0,100,Buy,234902452
2024-08-27 09:27:29,40950.0,100,Buy,234902450
2024-08-27 09:27:29,40950.0,1000,Buy,234902445
2024-08-27 09:27:29,40950.0,100,Buy,234902448
2024-08-27 09:27:29,40950.0,1000,Buy,234902447
2024-08-27 09:27:29,40950.0,500,Buy,234902446
2024-08-27 09:27:29,40950.0,500,Buy,234902444
2024-08-27 09:27:29,40950.0,100,Buy,234902443
2024-08-27 09:27:29,40950.0,1900,Buy,234902442
2024-08-27 09:27:29,40950.0,500,Buy,234902441
2024-08-27 09:27:29,40950.0,500,Buy,234902449
2024-08-27 09:27:30,40900.0,500,Sell,234902483
2024-08-27 09:27:33,40950.0,500,Buy,234902549
2024-08-27 09:27:33,40950.0,100,Buy,234902550
2024-08-27 09:27:33,40950.0,100,Buy,234902547
2024-08-27 09:27:33,40950.0,100,Buy,234902553
2024-08-27 09:27:33,40950.0,200,Buy,234902554
2024-08-27 09:27:33,40950.0,2000,Buy,234902551
2024-08-27 09:27:33,40950.0,1000,Buy,234902548
2024-08-27 09:27:33,40950.0,100,Buy,234902545
2024-08-27 09:27:33,40950.0,2000,Buy,234902546
2024-08-27 09:27:33,40950.0,500,Buy,234902544
2024-08-27 09:27:33,40950.0,500,Buy,234902543
2024-08-27 09:27:33,40950.0,100,Buy,234902542
2024-08-27 09:27:33,40950.0,1000,Buy,234902541
2024-08-27 09:27:33,40950.0,100,Buy,234902540
2024-08-27 09:27:33,40950.0,1700,Buy,234902539
2024-08-27 09:27:37,40950.0,3600,Buy,234902644
2024-08-27 09:27:37,40950.0,2000,Buy,234902643
2024-08-27 09:27:37,40950.0,200,Buy,234902642
2024-08-27 09:27:37,40950.0,200,Buy,234902641
2024-08-27 09:27:37,40950.0,500,Buy,234902637
2024-08-27 09:27:37,40950.0,100,Buy,234902636
2024-08-27 09:27:37,40950.0,400,Buy,234902635
2024-08-27 09:27:37,40950.0,100,Buy,234902634
2024-08-27 09:27:37,40950.0,800,Buy,234902633
2024-08-27 09:27:37,40950.0,100,Buy,234902638
2024-08-27 09:27:38,40950.0,500,Buy,234902662
2024-08-27 09:27:41,40950.0,400,Buy,234902712
2024-08-27 09:27:41,40950.0,2100,Buy,234902713
2024-08-27 09:27:41,40950.0,100,Buy,234902711
2024-08-27 09:27:41,40950.0,900,Buy,234902706
2024-08-27 09:27:41,40950.0,100,Buy,234902709
2024-08-27 09:27:41,40950.0,300,Buy,234902708
2024-08-27 09:27:41,40950.0,1000,Buy,234902707
2024-08-27 09:27:41,40950.0,100,Buy,234902710
2024-08-27 09:27:43,40900.0,1000,Sell,234902768
2024-08-27 09:27:45,40950.0,100,Buy,234902904
2024-08-27 09:27:45,40950.0,200,Buy,234902911
2024-08-27 09:27:45,40950.0,500,Buy,234902910
2024-08-27 09:27:45,40950.0,300,Buy,234902909
2024-08-27 09:27:45,40950.0,2000,Buy,234902908
2024-08-27 09:27:45,40950.0,200,Buy,234902906
2024-08-27 09:27:45,40950.0,600,Buy,234902905
2024-08-27 09:27:45,40950.0,1000,Buy,234902903
2024-08-27 09:27:45,40950.0,500,Buy,234902907
2024-08-27 09:27:45,40950.0,100,Buy,234902901
2024-08-27 09:27:45,40950.0,1900,Buy,234902894
2024-08-27 09:27:45,40950.0,100,Buy,234902895
2024-08-27 09:27:45,40950.0,100,Buy,234902896
2024-08-27 09:27:45,40950.0,500,Buy,234902897
2024-08-27 09:27:45,40950.0,300,Buy,234902902
2024-08-27 09:27:45,40950.0,1000,Buy,234902898
2024-08-27 09:27:45,40950.0,300,Buy,234902899
2024-08-27 09:27:45,40950.0,300,Buy,234902900
2024-08-27 09:27:45,40950.0,10000,Buy,234902893
2024-08-27 09:27:48,40950.0,2800,Buy,234902949
2024-08-27 09:27:48,40900.0,6900,Sell,234902959
2024-08-27 09:27:48,40900.0,2000,Sell,234902960
2024-08-27 09:27:48,40900.0,1000,Sell,234902961
2024-08-27 09:27:48,40900.0,100,Sell,234902962
2024-08-27 09:27:48,40950.0,7200,Buy,234902950
2024-08-27 09:27:49,40950.0,500,Buy,234903015
2024-08-27 09:27:49,41000.0,700,Buy,234903020
2024-08-27 09:27:49,40950.0,100,Buy,234903019
2024-08-27 09:27:49,40950.0,1000,Buy,234903018
2024-08-27 09:27:49,40950.0,200,Buy,234903017
2024-08-27 09:27:49,40950.0,500,Buy,234903016
2024-08-27 09:27:49,40950.0,500,Buy,234903014
2024-08-27 09:27:49,40950.0,3500,Buy,234903012
2024-08-27 09:27:49,40950.0,300,Buy,234903011
2024-08-27 09:27:49,40950.0,600,Buy,234903010
2024-08-27 09:27:49,40950.0,100,Buy,234903009
2024-08-27 09:27:49,40950.0,100,Buy,234903008
2024-08-27 09:27:49,40950.0,1800,Buy,234903007
2024-08-27 09:27:49,40950.0,100,Buy,234903013
2024-08-27 09:27:50,40950.0,100,Buy,234903025
2024-08-27 09:27:52,40950.0,100,Buy,234903078
2024-08-27 09:27:53,41000.0,200,Buy,234903121
2024-08-27 09:27:53,41000.0,500,Buy,234903120
2024-08-27 09:27:53,41000.0,100,Buy,234903119
2024-08-27 09:27:53,41000.0,2000,Buy,234903118
2024-08-27 09:27:53,41000.0,500,Buy,234903117
2024-08-27 09:27:53,41000.0,300,Buy,234903101
2024-08-27 09:27:53,41000.0,200,Buy,234903103
2024-08-27 09:27:53,41000.0,100,Buy,234903102
2024-08-27 09:27:53,41000.0,500,Buy,234903100
2024-08-27 09:27:53,41000.0,4300,Buy,234903099
2024-08-27 09:27:53,40950.0,800,Buy,234903098
2024-08-27 09:27:53,41000.0,500,Buy,234903104
2024-08-27 09:27:54,41000.0,700,Buy,234903146
2024-08-27 09:27:54,41000.0,100,Buy,234903147
2024-08-27 09:27:54,41000.0,100,Buy,234903145
2024-08-27 09:27:54,41000.0,100,Buy,234903149
2024-08-27 09:27:54,41000.0,1000,Buy,234903144
2024-08-27 09:27:54,41000.0,200,Buy,234903148
2024-08-27 09:27:54,41000.0,4000,Buy,234903143
2024-08-27 09:27:54,41000.0,100,Buy,234903138
2024-08-27 09:27:54,41000.0,100,Buy,234903141
2024-08-27 09:27:54,40900.0,100,Sell,234903135
2024-08-27 09:27:54,41000.0,500,Buy,234903140
2024-08-27 09:27:54,41000.0,100,Buy,234903139
2024-08-27 09:27:54,41000.0,800,Buy,234903136
2024-08-27 09:27:54,41000.0,400,Buy,234903137
2024-08-27 09:27:54,41000.0,800,Buy,234903142
2024-08-27 09:27:55,41000.0,200,Buy,234903165
2024-08-27 09:27:55,41000.0,100,Buy,234903166
2024-08-27 09:27:55,41000.0,100,Buy,234903167
2024-08-27 09:27:55,41000.0,1000,Buy,234903168
2024-08-27 09:27:55,41000.0,300,Buy,234903171
2024-08-27 09:27:55,41000.0,100,Buy,234903170
2024-08-27 09:27:55,41000.0,1000,Buy,234903164
2024-08-27 09:27:55,41000.0,5900,Buy,234903172
2024-08-27 09:27:55,41000.0,100,Buy,234903169
2024-08-27 09:27:55,41000.0,300,Buy,234903162
2024-08-27 09:27:55,41000.0,2000,Buy,234903163
2024-08-27 09:27:55,41000.0,100,Buy,234903152
2024-08-27 09:27:55,41000.0,100,Buy,234903160
2024-08-27 09:27:55,41000.0,200,Buy,234903159
2024-08-27 09:27:55,41000.0,1000,Buy,234903158
2024-08-27 09:27:55,41000.0,1000,Buy,234903157
2024-08-27 09:27:55,41000.0,100,Buy,234903156
2024-08-27 09:27:55,41000.0,5000,Buy,234903155
2024-08-27 09:27:55,41000.0,100,Buy,234903154
2024-08-27 09:27:55,41000.0,100,Buy,234903153
2024-08-27 09:27:55,41000.0,1000,Buy,234903161
2024-08-27 09:27:55,41000.0,200,Buy,234903151
2024-08-27 09:27:57,40950.0,500,Sell,234903278
2024-08-27 09:28:00,41000.0,200,Buy,234903354
2024-08-27 09:28:00,41000.0,200,Buy,234903355
2024-08-27 09:28:00,41000.0,100,Buy,234903356
2024-08-27 09:28:00,41000.0,100,Buy,234903353
2024-08-27 09:28:00,41000.0,300,Buy,234903358
2024-08-27 09:28:00,41000.0,100,Buy,234903359
2024-08-27 09:28:00,41000.0,100,Buy,234903357
2024-08-27 09:28:00,41000.0,1000,Buy,234903352
2024-08-27 09:28:00,40950.0,700,Sell,234903333
2024-08-27 09:28:00,41000.0,1000,Buy,234903350
2024-08-27 09:28:00,41000.0,500,Buy,234903349
2024-08-27 09:28:00,41000.0,500,Buy,234903348
2024-08-27 09:28:00,41000.0,500,Buy,234903347
2024-08-27 09:28:00,41000.0,100,Buy,234903346
2024-08-27 09:28:00,41000.0,800,Buy,234903345
2024-08-27 09:28:00,41000.0,300,Buy,234903344
2024-08-27 09:28:00,41000.0,4100,Buy,234903343
2024-08-27 09:28:00,41000.0,100,Buy,234903351
2024-08-27 09:28:07,40950.0,100,Sell,234903506
2024-08-27 09:28:10,41000.0,11000,Buy,234903560
2024-08-27 09:28:14,41000.0,100,Buy,234903643
2024-08-27 09:28:16,40950.0,100,Sell,234903689
2024-08-27 09:28:19,41000.0,500,Buy,234903738
2024-08-27 09:28:21,41000.0,100,Buy,234903804
2024-08-27 09:28:22,41000.0,2000,Buy,234903842
2024-08-27 09:28:27,41000.0,3000,Buy,234903966
2024-08-27 09:28:29,41000.0,2000,Buy,234904040
2024-08-27 09:28:29,41000.0,1700,Buy,234904041
2024-08-27 09:28:29,41000.0,1000,Buy,234904039
2024-08-27 09:28:29,41000.0,500,Buy,234904036
2024-08-27 09:28:29,41000.0,200,Buy,234904037
2024-08-27 09:28:29,41000.0,1300,Buy,234904034
2024-08-27 09:28:29,41000.0,1000,Buy,234904035
2024-08-27 09:28:29,41000.0,300,Buy,234904038
2024-08-27 09:28:31,41000.0,600,Buy,234904071
2024-08-27 09:28:31,41000.0,600,Buy,234904084
2024-08-27 09:28:32,41000.0,2100,Buy,234904089
2024-08-27 09:28:32,41000.0,2000,Buy,234904090
2024-08-27 09:28:32,41000.0,100,Buy,234904091
2024-08-27 09:28:32,41000.0,500,Buy,234904092
2024-08-27 09:28:32,41000.0,300,Buy,234904093
2024-08-27 09:28:33,40950.0,1000,Sell,234904121
2024-08-27 09:28:39,41000.0,10000,Buy,234904287
2024-08-27 09:28:40,41000.0,1300,Buy,234904308
2024-08-27 09:28:40,41000.0,100,Buy,234904307
2024-08-27 09:28:40,41000.0,2000,Buy,234904294
2024-08-27 09:28:40,41000.0,5100,Buy,234904299
2024-08-27 09:28:40,41000.0,2600,Buy,234904306
2024-08-27 09:28:41,41000.0,300,Buy,234904377
2024-08-27 09:28:41,41000.0,300,Buy,234904376
2024-08-27 09:28:41,41000.0,1000,Buy,234904375
2024-08-27 09:28:41,41000.0,500,Buy,234904374
2024-08-27 09:28:41,41000.0,100,Buy,234904373
2024-08-27 09:28:41,41000.0,100,Buy,234904378
2024-08-27 09:28:41,41000.0,100,Buy,234904372
2024-08-27 09:28:41,41000.0,100,Buy,234904365
2024-08-27 09:28:41,41000.0,200,Buy,234904370
2024-08-27 09:28:41,41000.0,200,Buy,234904369
2024-08-27 09:28:41,41000.0,300,Buy,234904368
2024-08-27 09:28:41,41000.0,200,Buy,234904367
2024-08-27 09:28:41,41000.0,100,Buy,234904366
2024-08-27 09:28:41,41000.0,5000,Buy,234904379
2024-08-27 09:28:41,41000.0,1000,Buy,234904364
2024-08-27 09:28:41,41000.0,1800,Buy,234904371
2024-08-27 09:28:41,41000.0,100,Buy,234904380
2024-08-27 09:28:41,41000.0,1000,Buy,234904389
2024-08-27 09:28:41,41000.0,500,Buy,234904382
2024-08-27 09:28:41,41000.0,100,Buy,234904363
2024-08-27 09:28:41,41000.0,100,Buy,234904398
2024-08-27 09:28:41,41000.0,500,Buy,234904397
2024-08-27 09:28:41,41000.0,500,Buy,234904396
2024-08-27 09:28:41,41000.0,1000,Buy,234904395
2024-08-27 09:28:41,41000.0,200,Buy,234904394
2024-08-27 09:28:41,41000.0,100,Buy,234904393
2024-08-27 09:28:41,41000.0,200,Buy,234904381
2024-08-27 09:28:41,41000.0,100,Buy,234904392
2024-08-27 09:28:41,41000.0,500,Buy,234904390
2024-08-27 09:28:41,41000.0,1000,Buy,234904388
2024-08-27 09:28:41,41000.0,100,Buy,234904387
2024-08-27 09:28:41,41000.0,200,Buy,234904386
2024-08-27 09:28:41,41000.0,100,Buy,234904385
2024-08-27 09:28:41,41000.0,500,Buy,234904384
2024-08-27 09:28:41,41000.0,1000,Buy,234904383
2024-08-27 09:28:41,41000.0,100,Buy,234904391
2024-08-27 09:28:41,41000.0,1600,Buy,234904362
2024-08-27 09:28:41,41000.0,500,Buy,234904329
2024-08-27 09:28:41,41000.0,5000,Buy,234904360
2024-08-27 09:28:41,41000.0,100,Buy,234904339
2024-08-27 09:28:41,41000.0,3000,Buy,234904338
2024-08-27 09:28:41,41000.0,1000,Buy,234904337
2024-08-27 09:28:41,41000.0,2000,Buy,234904361
2024-08-27 09:28:41,41000.0,200,Buy,234904335
2024-08-27 09:28:41,41000.0,500,Buy,234904334
2024-08-27 09:28:41,41000.0,100,Buy,234904333
2024-08-27 09:28:41,41000.0,200,Buy,234904332
2024-08-27 09:28:41,41000.0,1000,Buy,234904331
2024-08-27 09:28:41,41000.0,200,Buy,234904330
2024-08-27 09:28:41,41000.0,1000,Buy,234904328
2024-08-27 09:28:41,41000.0,100,Buy,234904327
2024-08-27 09:28:41,41000.0,500,Buy,234904326
2024-08-27 09:28:41,41000.0,100,Buy,234904325
2024-08-27 09:28:41,41000.0,1700,Buy,234904324
2024-08-27 09:28:41,41000.0,200,Buy,234904340
2024-08-27 09:28:41,41000.0,100,Buy,234904341
2024-08-27 09:28:41,41000.0,100,Buy,234904336
2024-08-27 09:28:41,41000.0,1000,Buy,234904343
2024-08-27 09:28:41,41000.0,1400,Buy,234904359
2024-08-27 09:28:41,41000.0,100,Buy,234904358
2024-08-27 09:28:41,41000.0,100,Buy,234904342
2024-08-27 09:28:41,41000.0,1000,Buy,234904356
2024-08-27 09:28:41,41000.0,1000,Buy,234904355
2024-08-27 09:28:41,41000.0,16700,Buy,234904354
2024-08-27 09:28:41,41000.0,1000,Buy,234904353
2024-08-27 09:28:41,41000.0,500,Buy,234904352
2024-08-27 09:28:41,41000.0,500,Buy,234904357
2024-08-27 09:28:41,41000.0,2000,Buy,234904350
2024-08-27 09:28:41,41000.0,100,Buy,234904349
2024-08-27 09:28:41,41000.0,500,Buy,234904348
2024-08-27 09:28:41,41000.0,500,Buy,234904347
2024-08-27 09:28:41,41000.0,1600,Buy,234904346
2024-08-27 09:28:41,41000.0,300,Buy,234904345
2024-08-27 09:28:41,41000.0,1000,Buy,234904344
2024-08-27 09:28:41,41000.0,5000,Buy,234904351
2024-08-27 09:28:42,41000.0,1000,Buy,234904439
2024-08-27 09:28:42,41000.0,200,Buy,234904438
2024-08-27 09:28:42,41000.0,500,Buy,234904437
2024-08-27 09:28:42,41000.0,200,Buy,234904435
2024-08-27 09:28:42,41000.0,100,Buy,234904429
2024-08-27 09:28:42,41000.0,1000,Buy,234904431
2024-08-27 09:28:42,41000.0,100,Buy,234904433
2024-08-27 09:28:42,41000.0,500,Buy,234904432
2024-08-27 09:28:42,41000.0,100,Buy,234904430
2024-08-27 09:28:42,41000.0,4000,Buy,234904440
2024-08-27 09:28:42,41000.0,1000,Buy,234904434
2024-08-27 09:28:42,41000.0,500,Buy,234904441
2024-08-27 09:28:42,41000.0,100,Buy,234904448
2024-08-27 09:28:42,41000.0,500,Buy,234904443
2024-08-27 09:28:42,41000.0,100,Buy,234904444
2024-08-27 09:28:42,41000.0,1000,Buy,234904445
2024-08-27 09:28:42,41000.0,100,Buy,234904446
2024-08-27 09:28:42,41000.0,100,Buy,234904447
2024-08-27 09:28:42,41000.0,100,Buy,234904449
2024-08-27 09:28:42,41000.0,500,Buy,234904450
2024-08-27 09:28:42,41000.0,100,Buy,234904451
2024-08-27 09:28:42,41000.0,7000,Buy,234904452
2024-08-27 09:28:42,41000.0,2000,Buy,234904453
2024-08-27 09:28:42,41000.0,200,Buy,234904428
2024-08-27 09:28:42,41000.0,100,Buy,234904442
2024-08-27 09:28:42,41000.0,1300,Buy,234904427
2024-08-27 09:28:42,41000.0,8000,Buy,234904436
2024-08-27 09:28:42,41000.0,5800,Buy,234904425
2024-08-27 09:28:42,41000.0,100,Buy,234904426
2024-08-27 09:28:42,41000.0,300,Buy,234904400
2024-08-27 09:28:42,41000.0,100,Buy,234904401
2024-08-27 09:28:42,41000.0,100,Buy,234904402
2024-08-27 09:28:42,41000.0,100,Buy,234904403
2024-08-27 09:28:42,41000.0,2200,Buy,234904404
2024-08-27 09:28:42,41000.0,200,Buy,234904405
2024-08-27 09:28:42,41000.0,9900,Buy,234904406
2024-08-27 09:28:42,41000.0,100,Buy,234904407
2024-08-27 09:28:42,41000.0,100,Buy,234904409
2024-08-27 09:28:42,41000.0,100,Buy,234904410
2024-08-27 09:28:42,41000.0,300,Buy,234904411
2024-08-27 09:28:42,41000.0,10600,Buy,234904412
2024-08-27 09:28:42,41000.0,5000,Buy,234904408
2024-08-27 09:28:42,41000.0,100,Buy,234904414
2024-08-27 09:28:42,41000.0,200,Buy,234904424
2024-08-27 09:28:42,41000.0,100,Buy,234904413
2024-08-27 09:28:42,41000.0,500,Buy,234904422
2024-08-27 09:28:42,41000.0,100,Buy,234904421
2024-08-27 09:28:42,41000.0,100,Buy,234904420
2024-08-27 09:28:42,41000.0,10000,Buy,234904419
2024-08-27 09:28:42,41000.0,100,Buy,234904423
2024-08-27 09:28:42,41000.0,100,Buy,234904417
2024-08-27 09:28:42,41000.0,300,Buy,234904399
2024-08-27 09:28:42,41000.0,100,Buy,234904416
2024-08-27 09:28:42,41000.0,100,Buy,234904415
2024-08-27 09:28:42,41000.0,100,Buy,234904418
2024-08-27 09:28:43,41000.0,100,Buy,234904562
2024-08-27 09:28:43,41000.0,100,Buy,234904571
2024-08-27 09:28:43,41000.0,1000,Buy,234904570
2024-08-27 09:28:43,41000.0,3000,Buy,234904569
2024-08-27 09:28:43,41000.0,100,Buy,234904568
2024-08-27 09:28:43,41000.0,500,Buy,234904567
2024-08-27 09:28:43,41000.0,1000,Buy,234904565
2024-08-27 09:28:43,41000.0,300,Buy,234904564
2024-08-27 09:28:43,41000.0,200,Buy,234904563
2024-08-27 09:28:43,41000.0,500,Buy,234904561
2024-08-27 09:28:43,41000.0,100,Buy,234904566
2024-08-27 09:28:43,41000.0,1000,Buy,234904559
2024-08-27 09:28:43,41000.0,300,Buy,234904560
2024-08-27 09:28:43,41000.0,500,Buy,234904546
2024-08-27 09:28:43,41000.0,100,Buy,234904548
2024-08-27 09:28:43,41000.0,500,Buy,234904549
2024-08-27 09:28:43,41000.0,100,Buy,234904550
2024-08-27 09:28:43,41000.0,500,Buy,234904547
2024-08-27 09:28:43,41000.0,500,Buy,234904551
2024-08-27 09:28:43,41000.0,200,Buy,234904552
2024-08-27 09:28:43,41000.0,100,Buy,234904556
2024-08-27 09:28:43,41000.0,600,Buy,234904557
2024-08-27 09:28:43,41000.0,500,Buy,234904545
2024-08-27 09:28:44,41000.0,100,Buy,234904605
2024-08-27 09:28:45,41000.0,1500,Buy,234904640
2024-08-27 09:28:45,41000.0,500,Buy,234904636
2024-08-27 09:28:45,41000.0,5000,Buy,234904637
2024-08-27 09:28:45,41000.0,100,Buy,234904638
2024-08-27 09:28:45,41000.0,100,Buy,234904639
2024-08-27 09:28:45,41000.0,200,Buy,234904641
2024-08-27 09:28:45,41000.0,3500,Buy,234904647
2024-08-27 09:28:45,41000.0,10000,Buy,234904643
2024-08-27 09:28:45,41000.0,200,Buy,234904644
2024-08-27 09:28:45,41000.0,2000,Buy,234904645
2024-08-27 09:28:45,41000.0,500,Buy,234904646
2024-08-27 09:28:45,41000.0,100,Buy,234904635
2024-08-27 09:28:45,41000.0,500,Buy,234904648
2024-08-27 09:28:45,41000.0,1000,Buy,234904642
2024-08-27 09:28:45,41000.0,2000,Buy,234904634
2024-08-27 09:28:45,41000.0,1000,Buy,234904631
2024-08-27 09:28:45,41000.0,100,Buy,234904632
2024-08-27 09:28:45,41000.0,4900,Buy,234904618
2024-08-27 09:28:45,41000.0,100,Buy,234904619
2024-08-27 09:28:45,41000.0,100,Buy,234904620
2024-08-27 09:28:45,41000.0,2400,Buy,234904633
2024-08-27 09:28:45,41000.0,100,Buy,234904622
2024-08-27 09:28:45,41000.0,5000,Buy,234904623
2024-08-27 09:28:45,41000.0,300,Buy,234904621
2024-08-27 09:28:45,41000.0,100,Buy,234904625
2024-08-27 09:28:45,41000.0,1000,Buy,234904626
2024-08-27 09:28:45,41000.0,100,Buy,234904627
2024-08-27 09:28:45,41000.0,500,Buy,234904628
2024-08-27 09:28:45,41000.0,500,Buy,234904629
2024-08-27 09:28:45,41000.0,300,Buy,234904630
2024-08-27 09:28:45,41000.0,100,Buy,234904624
2024-08-27 09:28:46,41000.0,2500,Sell,234904715
2024-08-27 09:28:47,41000.0,1000,Sell,234904768
2024-08-27 09:28:48,41050.0,500,Buy,234904785
2024-08-27 09:28:48,41050.0,100,Buy,234904788
2024-08-27 09:28:48,41050.0,100,Buy,234904787
2024-08-27 09:28:48,41050.0,200,Buy,234904786
2024-08-27 09:28:48,41050.0,2000,Buy,234904784
2024-08-27 09:28:48,41050.0,200,Buy,234904789
2024-08-27 09:28:48,41050.0,100,Buy,234904782
2024-08-27 09:28:48,41050.0,100,Buy,234904781
2024-08-27 09:28:48,41050.0,100,Buy,234904780
2024-08-27 09:28:48,41050.0,100,Buy,234904779
2024-08-27 09:28:48,41050.0,500,Buy,234904778
2024-08-27 09:28:48,41050.0,1000,Buy,234904783
2024-08-27 09:28:49,41050.0,4800,Buy,234904808
2024-08-27 09:28:49,41050.0,500,Buy,234904809
2024-08-27 09:28:49,41050.0,13700,Buy,234904810
2024-08-27 09:28:49,41050.0,100,Buy,234904818
2024-08-27 09:28:51,41050.0,100,Buy,234904871
2024-08-27 09:28:52,41000.0,100,Sell,234904891
2024-08-27 09:28:52,41000.0,100,Sell,234904894
2024-08-27 09:28:52,41000.0,100,Sell,234904895
2024-08-27 09:28:52,41050.0,5000,Buy,234904912
2024-08-27 09:28:53,41050.0,10000,Buy,234904934
2024-08-27 09:28:53,41050.0,100,Buy,234904920
2024-08-27 09:28:53,41000.0,300,Sell,234904919
2024-08-27 09:28:53,41050.0,2000,Buy,234904921
2024-08-27 09:28:55,41050.0,15000,Buy,234904952
2024-08-27 09:28:55,41050.0,400,Buy,234904960
2024-08-27 09:28:55,41050.0,2000,Buy,234904968
2024-08-27 09:28:56,41050.0,100,Buy,234904986
2024-08-27 09:28:56,41050.0,100,Buy,234904994
2024-08-27 09:28:56,41050.0,100,Buy,234904993
2024-08-27 09:28:56,41050.0,100,Buy,234904992
2024-08-27 09:28:56,41050.0,200,Buy,234904991
2024-08-27 09:28:56,41050.0,100,Buy,234904990
2024-08-27 09:28:56,41050.0,100,Buy,234904989
2024-08-27 09:28:56,41050.0,100,Buy,234904988
2024-08-27 09:28:56,41050.0,200,Buy,234904987
2024-08-27 09:28:56,41050.0,200,Buy,234904985
2024-08-27 09:28:56,41050.0,100,Buy,234904976
2024-08-27 09:28:56,41050.0,100,Buy,234904982
2024-08-27 09:28:56,41050.0,300,Buy,234904981
2024-08-27 09:28:56,41050.0,100,Buy,234904978
2024-08-27 09:28:56,41050.0,400,Buy,234904977
2024-08-27 09:28:56,41050.0,1600,Buy,234904971
2024-08-27 09:28:56,41050.0,100,Buy,234904975
2024-08-27 09:28:56,41050.0,200,Buy,234904974
2024-08-27 09:28:56,41050.0,100,Buy,234904973
2024-08-27 09:28:56,41050.0,100,Buy,234904972
2024-08-27 09:28:56,41050.0,500,Buy,234904983
2024-08-27 09:28:57,41100.0,100,Buy,234905019
2024-08-27 09:29:01,41100.0,3000,Buy,234905303
2024-08-27 09:29:02,41100.0,500,Buy,234905318
2024-08-27 09:29:04,41100.0,1100,Buy,234905381
2024-08-27 09:29:04,41100.0,100,Buy,234905380
2024-08-27 09:29:04,41100.0,2000,Buy,234905379
2024-08-27 09:29:04,41100.0,100,Buy,234905378
2024-08-27 09:29:04,41100.0,200,Buy,234905374
2024-08-27 09:29:04,41100.0,100,Buy,234905375
2024-08-27 09:29:04,41100.0,1000,Buy,234905373
2024-08-27 09:29:04,41100.0,100,Buy,234905368
2024-08-27 09:29:04,41100.0,100,Buy,234905371
2024-08-27 09:29:04,41100.0,1400,Buy,234905364
2024-08-27 09:29:04,41100.0,100,Buy,234905365
2024-08-27 09:29:04,41100.0,2000,Buy,234905366
2024-08-27 09:29:04,41100.0,300,Buy,234905372
2024-08-27 09:29:04,41100.0,200,Buy,234905369
2024-08-27 09:29:04,41100.0,100,Buy,234905370
2024-08-27 09:29:04,41100.0,100,Buy,234905367
2024-08-27 09:29:05,41100.0,2200,Buy,234905416
2024-08-27 09:29:05,41100.0,500,Buy,234905415
2024-08-27 09:29:05,41100.0,400,Buy,234905414
2024-08-27 09:29:05,41100.0,100,Buy,234905413
2024-08-27 09:29:05,41100.0,100,Buy,234905412
2024-08-27 09:29:05,41100.0,5100,Buy,234905411
2024-08-27 09:29:05,41100.0,1500,Buy,234905409
2024-08-27 09:29:05,41100.0,100,Buy,234905408
2024-08-27 09:29:05,41100.0,200,Buy,234905406
2024-08-27 09:29:05,41100.0,200,Buy,234905405
2024-08-27 09:29:05,41100.0,10000,Buy,234905404
2024-08-27 09:29:05,41100.0,4500,Buy,234905403
2024-08-27 09:29:05,41100.0,100,Buy,234905410
2024-08-27 09:29:05,41100.0,5000,Buy,234905407
2024-08-27 09:29:06,41100.0,100,Buy,234905447
2024-08-27 09:29:06,41050.0,4800,Sell,234905446
2024-08-27 09:29:06,41050.0,200,Sell,234905445
2024-08-27 09:29:07,41050.0,200,Sell,234905457
2024-08-27 09:29:07,41050.0,1000,Sell,234905458
2024-08-27 09:29:07,41050.0,300,Sell,234905459
2024-08-27 09:29:07,41100.0,6600,Buy,234905472
2024-08-27 09:29:08,41100.0,500,Buy,234905490
2024-08-27 09:29:08,41100.0,200,Buy,234905489
2024-08-27 09:29:08,41100.0,300,Buy,234905488
2024-08-27 09:29:08,41100.0,200,Buy,234905484
2024-08-27 09:29:08,41100.0,200,Buy,234905483
2024-08-27 09:29:08,41100.0,100,Buy,234905480
2024-08-27 09:29:08,41100.0,600,Buy,234905479
2024-08-27 09:29:08,41100.0,1000,Buy,234905478
2024-08-27 09:29:08,41100.0,500,Buy,234905477
2024-08-27 09:29:08,41100.0,800,Buy,234905476
2024-08-27 09:29:08,41100.0,400,Buy,234905482
2024-08-27 09:29:09,41050.0,500,Sell,234905494
2024-08-27 09:29:09,41100.0,100,Buy,234905496
2024-08-27 09:29:10,41100.0,200,Buy,234905526
2024-08-27 09:29:11,41100.0,1000,Buy,234905543
2024-08-27 09:29:11,41100.0,5600,Buy,234905544
2024-08-27 09:29:11,41100.0,500,Buy,234905542
2024-08-27 09:29:11,41100.0,400,Buy,234905538
2024-08-27 09:29:11,41100.0,200,Buy,234905540
2024-08-27 09:29:11,41100.0,100,Buy,234905541
2024-08-27 09:29:11,41100.0,200,Buy,234905539
2024-08-27 09:29:12,41100.0,4400,Buy,234905568
2024-08-27 09:29:12,41100.0,100,Buy,234905586
2024-08-27 09:29:12,41100.0,500,Buy,234905584
2024-08-27 09:29:12,41100.0,100,Buy,234905583
2024-08-27 09:29:12,41100.0,100,Buy,234905582
2024-08-27 09:29:12,41100.0,400,Buy,234905581
2024-08-27 09:29:12,41100.0,100,Buy,234905585
2024-08-27 09:29:12,41100.0,1000,Buy,234905579
2024-08-27 09:29:12,41100.0,2000,Buy,234905573
2024-08-27 09:29:12,41100.0,1000,Buy,234905572
2024-08-27 09:29:12,41050.0,100,Sell,234905571
2024-08-27 09:29:12,41100.0,100,Buy,234905570
2024-08-27 09:29:12,41100.0,1600,Buy,234905580
2024-08-27 09:29:12,41100.0,500,Buy,234905569
2024-08-27 09:29:13,41100.0,100,Sell,234905610
2024-08-27 09:29:14,41100.0,100,Sell,234905655
2024-08-27 09:29:15,41200.0,200,Buy,234905743
2024-08-27 09:29:15,41200.0,200,Buy,234905742
2024-08-27 09:29:15,41200.0,300,Buy,234905741
2024-08-27 09:29:15,41150.0,500,Buy,234905735
2024-08-27 09:29:15,41200.0,100,Buy,234905739
2024-08-27 09:29:15,41200.0,100,Buy,234905736
2024-08-27 09:29:15,41200.0,100,Buy,234905744
2024-08-27 09:29:15,41200.0,1000,Buy,234905740
2024-08-27 09:29:15,41200.0,100,Buy,234905745
2024-08-27 09:29:15,41200.0,100,Buy,234905753
2024-08-27 09:29:15,41200.0,1000,Buy,234905747
2024-08-27 09:29:15,41200.0,1000,Buy,234905748
2024-08-27 09:29:15,41200.0,1000,Buy,234905749
2024-08-27 09:29:15,41200.0,200,Buy,234905750
2024-08-27 09:29:15,41200.0,100,Buy,234905751
2024-08-27 09:29:15,41200.0,300,Buy,234905752
2024-08-27 09:29:15,41150.0,200,Buy,234905734
2024-08-27 09:29:15,41200.0,2000,Buy,234905754
2024-08-27 09:29:15,41200.0,1300,Buy,234905755
2024-08-27 09:29:15,41200.0,100,Buy,234905746
2024-08-27 09:29:15,41150.0,100,Buy,234905733
2024-08-27 09:29:15,41200.0,100,Buy,234905738
2024-08-27 09:29:15,41150.0,100,Buy,234905731
2024-08-27 09:29:15,41150.0,100,Buy,234905732
2024-08-27 09:29:15,41100.0,1000,Sell,234905706
2024-08-27 09:29:15,41100.0,500,Sell,234905710
2024-08-27 09:29:15,41150.0,100,Buy,234905712
2024-08-27 09:29:15,41150.0,100,Buy,234905713
2024-08-27 09:29:15,41150.0,5000,Buy,234905714
2024-08-27 09:29:15,41150.0,2000,Buy,234905715
2024-08-27 09:29:15,41150.0,500,Buy,234905716
2024-08-27 09:29:15,41150.0,200,Buy,234905717
2024-08-27 09:29:15,41150.0,100,Buy,234905718
2024-08-27 09:29:15,41150.0,5000,Buy,234905719
2024-08-27 09:29:15,41200.0,500,Buy,234905737
2024-08-27 09:29:15,41150.0,300,Buy,234905721
2024-08-27 09:29:15,41150.0,200,Buy,234905722
2024-08-27 09:29:15,41150.0,500,Buy,234905723
2024-08-27 09:29:15,41150.0,1000,Buy,234905724
2024-08-27 09:29:15,41150.0,100,Buy,234905725
2024-08-27 09:29:15,41150.0,1000,Buy,234905726
2024-08-27 09:29:15,41150.0,1000,Buy,234905727
2024-08-27 09:29:15,41150.0,200,Buy,234905720
2024-08-27 09:29:15,41150.0,100,Buy,234905728
2024-08-27 09:29:15,41150.0,1700,Buy,234905729
2024-08-27 09:29:15,41150.0,100,Buy,234905730
2024-08-27 09:29:20,41100.0,100,Sell,234905880
2024-08-27 09:29:20,41150.0,100,Buy,234905879
2024-08-27 09:29:22,41150.0,400,Buy,234905954
2024-08-27 09:29:23,41100.0,100,Sell,234905961
2024-08-27 09:29:25,41150.0,8000,Buy,234906012
2024-08-27 09:29:25,41150.0,300,Buy,234906010
2024-08-27 09:29:25,41150.0,1100,Buy,234906011
2024-08-27 09:29:25,41150.0,1000,Buy,234906008
2024-08-27 09:29:25,41150.0,100,Buy,234906007
2024-08-27 09:29:25,41150.0,1000,Buy,234906009
2024-08-27 09:29:26,41150.0,10000,Buy,234906075
2024-08-27 09:29:26,41150.0,1500,Buy,234906087
2024-08-27 09:29:27,41150.0,300,Buy,234906132
2024-08-27 09:29:28,41150.0,500,Buy,234906177
2024-08-27 09:29:30,41150.0,10000,Buy,234906214
2024-08-27 09:29:30,41150.0,1000,Buy,234906215
2024-08-27 09:29:30,41150.0,100,Buy,234906222
2024-08-27 09:29:31,41150.0,1000,Buy,234906240
2024-08-27 09:29:31,41150.0,1000,Buy,234906253
2024-08-27 09:29:32,41150.0,500,Buy,234906255
2024-08-27 09:29:33,41150.0,1500,Buy,234906331
2024-08-27 09:29:33,41100.0,5000,Sell,234906332
2024-08-27 09:29:33,41150.0,500,Buy,234906336
2024-08-27 09:29:34,41150.0,200,Buy,234906365
2024-08-27 09:29:34,41150.0,1000,Buy,234906373
2024-08-27 09:29:35,41150.0,500,Buy,234906384
2024-08-27 09:29:36,41150.0,200,Buy,234906395
2024-08-27 09:29:36,41150.0,500,Buy,234906385
2024-08-27 09:29:37,41150.0,2000,Buy,234906401
2024-08-27 09:29:38,41150.0,1100,Buy,234906435
2024-08-27 09:29:38,41150.0,300,Buy,234906430
2024-08-27 09:29:39,41150.0,700,Buy,234906449
2024-08-27 09:29:40,41150.0,100,Buy,234906508
2024-08-27 09:29:40,41150.0,2000,Buy,234906511
2024-08-27 09:29:41,41150.0,3000,Buy,234906519
2024-08-27 09:29:41,41150.0,1400,Buy,234906520
2024-08-27 09:29:41,41150.0,1600,Buy,234906521
2024-08-27 09:29:41,41150.0,2100,Buy,234906525
2024-08-27 09:29:41,41150.0,200,Buy,234906528
2024-08-27 09:29:42,41150.0,300,Buy,234906544
2024-08-27 09:29:42,41150.0,500,Buy,234906543
2024-08-27 09:29:42,41150.0,100,Buy,234906542
2024-08-27 09:29:42,41150.0,500,Buy,234906540
2024-08-27 09:29:42,41150.0,1100,Buy,234906538
2024-08-27 09:29:42,41150.0,500,Buy,234906541
2024-08-27 09:29:42,41150.0,2000,Buy,234906539
2024-08-27 09:29:43,41150.0,200,Buy,234906560
2024-08-27 09:29:43,41150.0,500,Buy,234906603
2024-08-27 09:29:43,41150.0,600,Buy,234906562
2024-08-27 09:29:43,41150.0,100,Buy,234906561
2024-08-27 09:29:43,41150.0,100,Buy,234906559
2024-08-27 09:29:43,41150.0,100,Buy,234906557
2024-08-27 09:29:43,41150.0,700,Buy,234906554
2024-08-27 09:29:43,41150.0,100,Buy,234906558
2024-08-27 09:29:43,41150.0,100,Buy,234906556
2024-08-27 09:29:43,41150.0,1000,Buy,234906555
2024-08-27 09:29:44,41150.0,100,Buy,234906632
2024-08-27 09:29:45,41100.0,1000,Sell,234906636
2024-08-27 09:29:46,41150.0,3100,Buy,234906657
2024-08-27 09:29:46,41150.0,100,Buy,234906655
2024-08-27 09:29:46,41150.0,100,Buy,234906727
2024-08-27 09:29:46,41150.0,500,Buy,234906653
2024-08-27 09:29:46,41150.0,100,Buy,234906652
2024-08-27 09:29:46,41150.0,1000,Buy,234906654
2024-08-27 09:29:46,41150.0,200,Buy,234906656
2024-08-27 09:29:48,41150.0,300,Buy,234906775
2024-08-27 09:29:48,41150.0,4700,Buy,234906776
2024-08-27 09:29:49,41150.0,300,Buy,234906780
2024-08-27 09:29:49,41150.0,100,Buy,234906781
2024-08-27 09:29:49,41150.0,200,Buy,234906782
2024-08-27 09:29:49,41150.0,900,Buy,234906823
2024-08-27 09:29:52,41150.0,200,Sell,234906902
2024-08-27 09:29:52,41150.0,500,Sell,234906903
2024-08-27 09:29:52,41150.0,500,Buy,234906892
2024-08-27 09:29:52,41150.0,1000,Buy,234906891
2024-08-27 09:29:52,41150.0,600,Sell,234906901
2024-08-27 09:29:52,41150.0,1900,Buy,234906890
2024-08-27 09:29:53,41150.0,100,Sell,234906909
2024-08-27 09:29:53,41150.0,100,Sell,234906929
2024-08-27 09:29:53,41200.0,100,Buy,234906952
2024-08-27 09:29:54,41150.0,1000,Sell,234906977
2024-08-27 09:29:54,41150.0,900,Sell,234906978
2024-08-27 09:29:56,41200.0,1500,Buy,234907065
2024-08-27 09:29:57,41200.0,20000,Buy,234907086
2024-08-27 09:29:57,41150.0,500,Sell,234907089
2024-08-27 09:29:58,41150.0,100,Sell,234907116
2024-08-27 09:29:59,41150.0,200,Sell,234907152
2024-08-27 09:29:59,41150.0,100,Sell,234907149
2024-08-27 09:30:01,41150.0,100,Sell,234907228
2024-08-27 09:30:01,41200.0,100,Buy,234907230
2024-08-27 09:30:03,41200.0,500,Buy,234907263
2024-08-27 09:30:03,41200.0,5000,Buy,234907282
2024-08-27 09:30:04,41150.0,100,Sell,234907323
2024-08-27 09:30:05,41200.0,1000,Buy,234907338
2024-08-27 09:30:08,41200.0,4500,Buy,234907393
2024-08-27 09:30:10,41200.0,2000,Buy,234907519
2024-08-27 09:30:11,41150.0,100,Sell,234907560
2024-08-27 09:30:12,41200.0,2000,Buy,234907578
2024-08-27 09:30:13,41200.0,100,Buy,234907649
2024-08-27 09:30:13,41200.0,200,Buy,234907648
2024-08-27 09:30:13,41200.0,200,Buy,234907647
2024-08-27 09:30:13,41200.0,1000,Buy,234907646
2024-08-27 09:30:13,41200.0,100,Buy,234907645
2024-08-27 09:30:13,41200.0,5000,Buy,234907644
2024-08-27 09:30:13,41200.0,1000,Buy,234907643
2024-08-27 09:30:13,41200.0,3500,Buy,234907642
2024-08-27 09:30:13,41200.0,10000,Buy,234907641
2024-08-27 09:30:13,41200.0,10000,Buy,234907640
2024-08-27 09:30:13,41200.0,200,Buy,234907638
2024-08-27 09:30:13,41200.0,100,Buy,234907637
2024-08-27 09:30:13,41200.0,100,Buy,234907636
2024-08-27 09:30:13,41200.0,100,Buy,234907635
2024-08-27 09:30:13,41200.0,2700,Buy,234907634
2024-08-27 09:30:13,41200.0,1000,Buy,234907633
2024-08-27 09:30:13,41200.0,100,Buy,234907632
2024-08-27 09:30:13,41200.0,200,Buy,234907631
2024-08-27 09:30:13,41200.0,1000,Buy,234907639
2024-08-27 09:30:13,41200.0,100,Buy,234907650
2024-08-27 09:30:13,41200.0,1000,Buy,234907630
2024-08-27 09:30:13,41200.0,100,Buy,234907652
2024-08-27 09:30:13,41200.0,100,Sell,234907707
2024-08-27 09:30:13,41200.0,200,Sell,234907688
2024-08-27 09:30:13,41200.0,500,Buy,234907669
2024-08-27 09:30:13,41200.0,100,Buy,234907668
2024-08-27 09:30:13,41200.0,100,Buy,234907667
2024-08-27 09:30:13,41200.0,100,Buy,234907666
2024-08-27 09:30:13,41200.0,200,Buy,234907665
2024-08-27 09:30:13,41200.0,5000,Buy,234907664
2024-08-27 09:30:13,41200.0,100,Buy,234907663
2024-08-27 09:30:13,41200.0,500,Buy,234907662
2024-08-27 09:30:13,41200.0,500,Buy,234907661
2024-08-27 09:30:13,41200.0,100,Buy,234907660
2024-08-27 09:30:13,41200.0,100,Buy,234907659
2024-08-27 09:30:13,41200.0,500,Buy,234907658
2024-08-27 09:30:13,41200.0,100,Buy,234907657
2024-08-27 09:30:13,41200.0,100,Buy,234907656
2024-08-27 09:30:13,41200.0,1000,Buy,234907655
2024-08-27 09:30:13,41200.0,100,Buy,234907654
2024-08-27 09:30:13,41200.0,100,Buy,234907653
2024-08-27 09:30:13,41200.0,500,Buy,234907651
2024-08-27 09:30:13,41200.0,100,Buy,234907629
2024-08-27 09:30:13,41200.0,100,Sell,234907689
2024-08-27 09:30:13,41200.0,500,Buy,234907627
2024-08-27 09:30:13,41200.0,100,Buy,234907603
2024-08-27 09:30:13,41200.0,1000,Buy,234907602
2024-08-27 09:30:13,41200.0,200,Buy,234907601
2024-08-27 09:30:13,41200.0,500,Buy,234907600
2024-08-27 09:30:13,41200.0,500,Buy,234907599
2024-08-27 09:30:13,41200.0,2000,Buy,234907598
2024-08-27 09:30:13,41200.0,200,Buy,234907597
2024-08-27 09:30:13,41200.0,500,Buy,234907596
2024-08-27 09:30:13,41200.0,10000,Buy,234907595
2024-08-27 09:30:13,41200.0,20000,Buy,234907594
2024-08-27 09:30:13,41200.0,2000,Buy,234907593
2024-08-27 09:30:13,41200.0,7000,Buy,234907592
2024-08-27 09:30:13,41200.0,1000,Buy,234907591
2024-08-27 09:30:13,41200.0,4000,Buy,234907590
2024-08-27 09:30:13,41200.0,200,Buy,234907589
2024-08-27 09:30:13,41200.0,1000,Buy,234907588
2024-08-27 09:30:13,41200.0,300,Buy,234907587
2024-08-27 09:30:13,41200.0,62000,Buy,234907585
2024-08-27 09:30:13,41200.0,500,Buy,234907586
2024-08-27 09:30:13,41200.0,100,Buy,234907604
2024-08-27 09:30:13,41200.0,200,Buy,234907605
2024-08-27 09:30:13,41200.0,2000,Buy,234907628
2024-08-27 09:30:13,41200.0,500,Buy,234907607
2024-08-27 09:30:13,41200.0,200,Buy,234907626
2024-08-27 09:30:13,41200.0,100,Buy,234907625
2024-08-27 09:30:13,41200.0,200,Buy,234907624
2024-08-27 09:30:13,41200.0,200,Buy,234907623
2024-08-27 09:30:13,41200.0,100,Buy,234907622
2024-08-27 09:30:13,41200.0,100,Buy,234907621
2024-08-27 09:30:13,41200.0,100,Buy,234907620
2024-08-27 09:30:13,41200.0,500,Buy,234907619
2024-08-27 09:30:13,41200.0,100,Buy,234907618
2024-08-27 09:30:13,41200.0,100,Buy,234907606
2024-08-27 09:30:13,41200.0,1000,Buy,234907616
2024-08-27 09:30:13,41200.0,1000,Buy,234907615
2024-08-27 09:30:13,41200.0,2000,Buy,234907614
2024-08-27 09:30:13,41200.0,100,Buy,234907613
2024-08-27 09:30:13,41200.0,100,Buy,234907612
2024-08-27 09:30:13,41200.0,200,Buy,234907611
2024-08-27 09:30:13,41200.0,500,Buy,234907610
2024-08-27 09:30:13,41200.0,5000,Buy,234907609
2024-08-27 09:30:13,41200.0,400,Buy,234907608
2024-08-27 09:30:13,41200.0,500,Buy,234907617
2024-08-27 09:30:15,41200.0,100,Sell,234907735
2024-08-27 09:30:16,41250.0,500,Buy,234907758
2024-08-27 09:30:16,41250.0,100,Buy,234907762
2024-08-27 09:30:16,41200.0,100,Sell,234907767
2024-08-27 09:30:17,41200.0,1000,Sell,234907768
2024-08-27 09:30:17,41200.0,2500,Sell,234907799
2024-08-27 09:30:20,41200.0,100,Sell,234907916
2024-08-27 09:30:20,41200.0,300,Sell,234907929
2024-08-27 09:30:22,41250.0,20000,Buy,234908049
2024-08-27 09:30:22,41250.0,6500,Buy,234908041
2024-08-27 09:30:22,41250.0,5000,Buy,234908040
2024-08-27 09:30:22,41250.0,100,Buy,234908039
2024-08-27 09:30:22,41250.0,2000,Buy,234908038
2024-08-27 09:30:22,41250.0,1000,Buy,234908037
2024-08-27 09:30:22,41250.0,100,Buy,234908036
2024-08-27 09:30:22,41250.0,300,Buy,234908035
2024-08-27 09:30:22,41250.0,1400,Buy,234908034
2024-08-27 09:30:22,41250.0,1000,Buy,234908031
2024-08-27 09:30:22,41250.0,500,Buy,234908033
2024-08-27 09:30:22,41250.0,100,Buy,234908032
2024-08-27 09:30:22,41250.0,100,Buy,234908030
2024-08-27 09:30:22,41250.0,100,Buy,234908025
2024-08-27 09:30:22,41250.0,100,Buy,234908028
2024-08-27 09:30:22,41200.0,2000,Sell,234908014
2024-08-27 09:30:22,41250.0,2000,Buy,234908029
2024-08-27 09:30:22,41250.0,500,Buy,234908018
2024-08-27 09:30:22,41250.0,200,Buy,234908019
2024-08-27 09:30:22,41250.0,500,Buy,234908021
2024-08-27 09:30:22,41250.0,100,Buy,234908017
2024-08-27 09:30:22,41250.0,200,Buy,234908023
2024-08-27 09:30:22,41250.0,2000,Buy,234908024
2024-08-27 09:30:22,41250.0,1000,Buy,234908026
2024-08-27 09:30:22,41250.0,2000,Buy,234908027
2024-08-27 09:30:22,41250.0,200,Buy,234908022
2024-08-27 09:30:22,41250.0,3000,Buy,234908020
2024-08-27 09:30:23,41200.0,100,Sell,234908056
2024-08-27 09:30:24,41250.0,100,Buy,234908097
2024-08-27 09:30:24,41250.0,100,Buy,234908098
2024-08-27 09:30:26,41250.0,200,Buy,234908190
2024-08-27 09:30:27,41200.0,300,Sell,234908212
2024-08-27 09:30:27,41250.0,300,Buy,234908213
2024-08-27 09:30:30,41250.0,300,Buy,234908287
2024-08-27 09:30:30,41250.0,500,Buy,234908280
2024-08-27 09:30:30,41250.0,300,Buy,234908281
2024-08-27 09:30:31,41200.0,100,Sell,234908332
2024-08-27 09:30:31,41250.0,200,Buy,234908320
2024-08-27 09:30:31,41200.0,500,Sell,234908323
2024-08-27 09:30:32,41250.0,500,Buy,234908339
2024-08-27 09:30:32,41250.0,500,Buy,234908418
2024-08-27 09:30:33,41200.0,100,Sell,234908427
2024-08-27 09:30:33,41250.0,600,Buy,234908428
2024-08-27 09:30:33,41250.0,12800,Buy,234908429
2024-08-27 09:30:34,41250.0,1000,Buy,234908449
2024-08-27 09:30:34,41200.0,100,Sell,234908450
2024-08-27 09:30:34,41250.0,2500,Buy,234908451
2024-08-27 09:30:35,41250.0,300,Buy,234908559
2024-08-27 09:30:35,41250.0,100,Buy,234908558
2024-08-27 09:30:35,41250.0,100,Buy,234908557
2024-08-27 09:30:35,41250.0,500,Buy,234908553
2024-08-27 09:30:35,41250.0,100,Buy,234908552
2024-08-27 09:30:35,41250.0,100,Buy,234908550
2024-08-27 09:30:35,41250.0,200,Buy,234908551
2024-08-27 09:30:35,41250.0,100,Buy,234908548
2024-08-27 09:30:35,41250.0,2000,Buy,234908549
2024-08-27 09:30:35,41200.0,1000,Sell,234908535
2024-08-27 09:30:35,41250.0,1000,Buy,234908534
2024-08-27 09:30:35,41250.0,1000,Buy,234908546
2024-08-27 09:30:35,41250.0,3000,Buy,234908547
2024-08-27 09:30:35,41250.0,2600,Buy,234908545
2024-08-27 09:30:36,41250.0,500,Buy,234908571
2024-08-27 09:30:36,41250.0,500,Buy,234908576
2024-08-27 09:30:39,41300.0,300,Buy,234908677
2024-08-27 09:30:39,41300.0,100,Buy,234908676
2024-08-27 09:30:39,41300.0,400,Buy,234908675
2024-08-27 09:30:39,41300.0,2800,Buy,234908674
2024-08-27 09:30:39,41300.0,1000,Buy,234908673
2024-08-27 09:30:39,41300.0,1000,Buy,234908672
2024-08-27 09:30:39,41300.0,100,Buy,234908671
2024-08-27 09:30:39,41300.0,4000,Buy,234908670
2024-08-27 09:30:39,41300.0,100,Buy,234908669
2024-08-27 09:30:39,41300.0,100,Buy,234908660
2024-08-27 09:30:39,41300.0,1000,Buy,234908667
2024-08-27 09:30:39,41300.0,100,Buy,234908666
2024-08-27 09:30:39,41300.0,100,Buy,234908665
2024-08-27 09:30:39,41300.0,100,Buy,234908664
2024-08-27 09:30:39,41300.0,200,Buy,234908663
2024-08-27 09:30:39,41300.0,200,Buy,234908662
2024-08-27 09:30:39,41300.0,100,Buy,234908661
2024-08-27 09:30:39,41300.0,100,Buy,234908678
2024-08-27 09:30:39,41300.0,100,Buy,234908668
2024-08-27 09:30:39,41300.0,500,Buy,234908679
2024-08-27 09:30:39,41300.0,500,Buy,234908693
2024-08-27 09:30:39,41300.0,5000,Buy,234908681
2024-08-27 09:30:39,41300.0,1500,Buy,234908700
2024-08-27 09:30:39,41300.0,3700,Buy,234908699
2024-08-27 09:30:39,41300.0,500,Buy,234908698
2024-08-27 09:30:39,41300.0,500,Buy,234908697
2024-08-27 09:30:39,41300.0,100,Buy,234908696
2024-08-27 09:30:39,41300.0,100,Buy,234908695
2024-08-27 09:30:39,41300.0,100,Buy,234908694
2024-08-27 09:30:39,41300.0,500,Buy,234908692
2024-08-27 09:30:39,41300.0,2000,Buy,234908680
2024-08-27 09:30:39,41300.0,600,Buy,234908691
2024-08-27 09:30:39,41300.0,100,Buy,234908689
2024-08-27 09:30:39,41300.0,100,Buy,234908688
2024-08-27 09:30:39,41300.0,300,Buy,234908687
2024-08-27 09:30:39,41300.0,1000,Buy,234908686
2024-08-27 09:30:39,41300.0,100,Buy,234908685
2024-08-27 09:30:39,41300.0,5000,Buy,234908684
2024-08-27 09:30:39,41300.0,1000,Buy,234908683
2024-08-27 09:30:39,41300.0,100,Buy,234908682
2024-08-27 09:30:39,41300.0,700,Buy,234908690
2024-08-27 09:30:39,41300.0,1000,Buy,234908659
2024-08-27 09:30:39,41300.0,1000,Buy,234908626
2024-08-27 09:30:39,41300.0,200,Buy,234908657
2024-08-27 09:30:39,41300.0,200,Buy,234908633
2024-08-27 09:30:39,41300.0,100,Buy,234908632
2024-08-27 09:30:39,41300.0,500,Buy,234908631
2024-08-27 09:30:39,41300.0,2000,Buy,234908630
2024-08-27 09:30:39,41300.0,200,Buy,234908629
2024-08-27 09:30:39,41300.0,100,Buy,234908628
2024-08-27 09:30:39,41300.0,500,Buy,234908627
2024-08-27 09:30:39,41300.0,5000,Buy,234908625
2024-08-27 09:30:39,41300.0,5000,Buy,234908634
2024-08-27 09:30:39,41300.0,100,Buy,234908624
2024-08-27 09:30:39,41300.0,10000,Buy,234908622
2024-08-27 09:30:39,41300.0,5000,Buy,234908621
2024-08-27 09:30:39,41250.0,100,Buy,234908620
2024-08-27 09:30:39,41250.0,2000,Buy,234908619
2024-08-27 09:30:39,41250.0,300,Buy,234908618
2024-08-27 09:30:39,41250.0,1700,Buy,234908617
2024-08-27 09:30:39,41250.0,200,Buy,234908616
2024-08-27 09:30:39,41250.0,700,Buy,234908615
2024-08-27 09:30:39,41300.0,500,Buy,234908658
2024-08-27 09:30:39,41300.0,5000,Buy,234908635
2024-08-27 09:30:39,41300.0,100,Buy,234908623
2024-08-27 09:30:39,41300.0,1000,Buy,234908637
2024-08-27 09:30:39,41300.0,200,Buy,234908655
2024-08-27 09:30:39,41300.0,5000,Buy,234908654
2024-08-27 09:30:39,41300.0,500,Buy,234908653
2024-08-27 09:30:39,41300.0,100,Buy,234908652
2024-08-27 09:30:39,41300.0,1000,Buy,234908651
2024-08-27 09:30:39,41300.0,3000,Buy,234908650
2024-08-27 09:30:39,41300.0,100,Buy,234908649
2024-08-27 09:30:39,41300.0,200,Buy,234908648
2024-08-27 09:30:39,41300.0,100,Buy,234908647
2024-08-27 09:30:39,41300.0,400,Buy,234908646
2024-08-27 09:30:39,41300.0,200,Buy,234908656
2024-08-27 09:30:39,41300.0,200,Buy,234908645
2024-08-27 09:30:39,41300.0,100,Buy,234908644
2024-08-27 09:30:39,41300.0,500,Buy,234908643
2024-08-27 09:30:39,41300.0,100,Buy,234908642
2024-08-27 09:30:39,41300.0,2000,Buy,234908641
2024-08-27 09:30:39,41300.0,100,Buy,234908640
2024-08-27 09:30:39,41300.0,300,Buy,234908639
2024-08-27 09:30:39,41300.0,100,Buy,234908638
2024-08-27 09:30:39,41300.0,10000,Buy,234908636
2024-08-27 09:30:40,41250.0,200,Buy,234908719
2024-08-27 09:30:40,41300.0,200,Buy,234908730
2024-08-27 09:30:40,41250.0,300,Buy,234908717
2024-08-27 09:30:40,41250.0,100,Buy,234908718
2024-08-27 09:30:41,41250.0,100,Sell,234908775
2024-08-27 09:30:43,41350.0,200,Buy,234908878
2024-08-27 09:30:43,41350.0,100,Buy,234908879
2024-08-27 09:30:43,41350.0,1000,Buy,234908880
2024-08-27 09:30:43,41350.0,1500,Buy,234908881
2024-08-27 09:30:43,41350.0,100,Buy,234908882
2024-08-27 09:30:43,41350.0,100,Buy,234908883
2024-08-27 09:30:43,41400.0,5000,Buy,234908884
2024-08-27 09:30:43,41400.0,500,Buy,234908885
2024-08-27 09:30:43,41400.0,500,Buy,234908886
2024-08-27 09:30:43,41350.0,1000,Buy,234908877
2024-08-27 09:30:43,41400.0,100,Buy,234908887
2024-08-27 09:30:43,41400.0,500,Buy,234908889
2024-08-27 09:30:43,41400.0,500,Buy,234908890
2024-08-27 09:30:43,41400.0,200,Buy,234908891
2024-08-27 09:30:43,41400.0,100,Buy,234908892
2024-08-27 09:30:43,41400.0,10000,Buy,234908893
2024-08-27 09:30:43,41400.0,200,Buy,234908894
2024-08-27 09:30:43,41400.0,100,Buy,234908895
2024-08-27 09:30:43,41400.0,100,Buy,234908896
2024-08-27 09:30:43,41400.0,1800,Buy,234908897
2024-08-27 09:30:43,41400.0,100,Buy,234908888
2024-08-27 09:30:43,41350.0,500,Buy,234908876
2024-08-27 09:30:43,41350.0,100,Buy,234908864
2024-08-27 09:30:43,41350.0,300,Buy,234908874
2024-08-27 09:30:43,41300.0,100,Buy,234908853
2024-08-27 09:30:43,41300.0,12700,Buy,234908854
2024-08-27 09:30:43,41300.0,100,Buy,234908855
2024-08-27 09:30:43,41300.0,100,Buy,234908856
2024-08-27 09:30:43,41300.0,30000,Buy,234908857
2024-08-27 09:30:43,41300.0,500,Buy,234908858
2024-08-27 09:30:43,41300.0,100,Buy,234908859
2024-08-27 09:30:43,41300.0,500,Buy,234908860
2024-08-27 09:30:43,41300.0,500,Buy,234908861
2024-08-27 09:30:43,41300.0,500,Buy,234908862
2024-08-27 09:30:43,41350.0,200,Buy,234908875
2024-08-27 09:30:43,41350.0,9000,Buy,234908865
2024-08-27 09:30:43,41350.0,100,Buy,234908866
2024-08-27 09:30:43,41350.0,300,Buy,234908867
2024-08-27 09:30:43,41350.0,100,Buy,234908868
2024-08-27 09:30:43,41350.0,15000,Buy,234908869
2024-08-27 09:30:43,41350.0,3000,Buy,234908870
2024-08-27 09:30:43,41350.0,1000,Buy,234908871
2024-08-27 09:30:43,41350.0,200,Buy,234908872
2024-08-27 09:30:43,41350.0,1000,Buy,234908873
2024-08-27 09:30:43,41350.0,500,Buy,234908863
2024-08-27 09:30:45,41300.0,200,Buy,234908941
2024-08-27 09:30:45,41400.0,5800,Buy,234908942
2024-08-27 09:30:46,41250.0,100,Sell,234908990
2024-08-27 09:30:46,41250.0,500,Sell,234908991
2024-08-27 09:30:47,41300.0,100,Buy,234909016
2024-08-27 09:30:47,41300.0,3500,Buy,234909015
2024-08-27 09:30:47,41300.0,200,Buy,234909014
2024-08-27 09:30:47,41250.0,100,Sell,234909013
2024-08-27 09:30:48,41300.0,100,Sell,234909025
2024-08-27 09:30:48,41400.0,1200,Buy,234909049
2024-08-27 09:30:49,41300.0,200,Sell,234909095
2024-08-27 09:30:51,41300.0,1000,Sell,234909146
2024-08-27 09:30:53,41300.0,100,Sell,234909179
2024-08-27 09:30:54,41350.0,300,Buy,234909276
2024-08-27 09:30:55,41300.0,100,Sell,234909297
2024-08-27 09:30:56,41300.0,200,Sell,234909349
2024-08-27 09:30:56,41300.0,3000,Sell,234909363
2024-08-27 09:30:57,41350.0,100,Buy,234909392
2024-08-27 09:30:58,41300.0,400,Sell,234909409
2024-08-27 09:30:58,41300.0,400,Sell,234909414
2024-08-27 09:30:58,41350.0,100,Buy,234909416
2024-08-27 09:30:58,41350.0,30900,Buy,234909417
2024-08-27 09:30:59,41350.0,400,Buy,234909443
2024-08-27 09:30:59,41300.0,100,Sell,234909426
2024-08-27 09:30:59,41300.0,500,Sell,234909427
2024-08-27 09:31:00,41300.0,300,Sell,234909444
2024-08-27 09:31:00,41300.0,1700,Sell,234909445
2024-08-27 09:31:00,41300.0,300,Sell,234909458
2024-08-27 09:31:00,41300.0,4200,Sell,234909459
2024-08-27 09:31:01,41350.0,8000,Buy,234909499
2024-08-27 09:31:01,41350.0,1900,Buy,234909517
2024-08-27 09:31:02,41300.0,5000,Sell,234909538
2024-08-27 09:31:03,41350.0,4000,Buy,234909564
2024-08-27 09:31:04,41350.0,500,Buy,234909601
2024-08-27 09:31:04,41250.0,1300,Sell,234909600
2024-08-27 09:31:04,41250.0,1400,Sell,234909599
2024-08-27 09:31:04,41250.0,200,Sell,234909598
2024-08-27 09:31:04,41300.0,2500,Sell,234909595
2024-08-27 09:31:04,41300.0,3000,Sell,234909596
2024-08-27 09:31:04,41300.0,500,Sell,234909594
2024-08-27 09:31:04,41300.0,800,Sell,234909593
2024-08-27 09:31:04,41350.0,500,Buy,234909587
2024-08-27 09:31:04,41300.0,300,Sell,234909597
2024-08-27 09:31:05,41350.0,200,Sell,234909622
2024-08-27 09:31:05,41350.0,100,Buy,234909618
2024-08-27 09:31:05,41350.0,200,Buy,234909617
2024-08-27 09:31:05,41350.0,2000,Buy,234909616
2024-08-27 09:31:05,41350.0,100,Buy,234909615
2024-08-27 09:31:05,41350.0,200,Buy,234909612
2024-08-27 09:31:05,41350.0,100,Buy,234909613
2024-08-27 09:31:05,41350.0,100,Buy,234909611
2024-08-27 09:31:05,41350.0,500,Buy,234909610
2024-08-27 09:31:05,41350.0,2000,Buy,234909609
2024-08-27 09:31:05,41350.0,3800,Buy,234909608
2024-08-27 09:31:05,41350.0,500,Buy,234909614
2024-08-27 09:31:06,41400.0,200,Buy,234909639
2024-08-27 09:31:06,41350.0,100,Sell,234909645
2024-08-27 09:31:06,41400.0,1000,Buy,234909652
2024-08-27 09:31:07,41400.0,800,Buy,234909667
2024-08-27 09:31:09,41400.0,400,Buy,234909817
2024-08-27 09:31:10,41400.0,3000,Buy,234909835
2024-08-27 09:31:11,41350.0,100,Sell,234909852
2024-08-27 09:31:12,41350.0,2000,Sell,234909878
2024-08-27 09:31:13,41400.0,100,Buy,234909889
2024-08-27 09:31:16,41400.0,200,Buy,234909969
2024-08-27 09:31:17,41350.0,5000,Sell,234910004
2024-08-27 09:31:17,41400.0,700,Buy,234909996
2024-08-27 09:31:17,41400.0,3000,Buy,234909995
2024-08-27 09:31:17,41400.0,100,Buy,234909994
2024-08-27 09:31:17,41400.0,2000,Buy,234909993
2024-08-27 09:31:17,41400.0,500,Buy,234909991
2024-08-27 09:31:17,41400.0,1000,Buy,234909990
2024-08-27 09:31:17,41400.0,2000,Buy,234909989
2024-08-27 09:31:17,41400.0,500,Buy,234909988
2024-08-27 09:31:17,41350.0,1000,Sell,234909980
2024-08-27 09:31:17,41400.0,200,Buy,234909992
2024-08-27 09:31:18,41400.0,500,Buy,234910011
2024-08-27 09:31:18,41400.0,800,Buy,234910034
2024-08-27 09:31:19,41350.0,500,Sell,234910061
2024-08-27 09:31:19,41400.0,1000,Buy,234910078
2024-08-27 09:31:20,41400.0,5900,Buy,234910110
2024-08-27 09:31:20,41400.0,2000,Buy,234910108
2024-08-27 09:31:20,41400.0,100,Buy,234910109
2024-08-27 09:31:21,41400.0,2000,Buy,234910132
2024-08-27 09:31:21,41350.0,1500,Sell,234910136
2024-08-27 09:31:21,41350.0,8500,Sell,234910137
2024-08-27 09:31:22,41400.0,300,Buy,234910148
2024-08-27 09:31:23,41400.0,100,Buy,234910160
2024-08-27 09:31:23,41400.0,400,Buy,234910159
2024-08-27 09:31:23,41350.0,200,Sell,234910184
2024-08-27 09:31:23,41400.0,200,Buy,234910157
2024-08-27 09:31:23,41400.0,1800,Buy,234910156
2024-08-27 09:31:23,41400.0,500,Buy,234910158
2024-08-27 09:31:24,41400.0,8900,Buy,234910194
2024-08-27 09:31:24,41400.0,200,Buy,234910195
2024-08-27 09:31:24,41400.0,900,Buy,234910196
2024-08-27 09:31:24,41400.0,1100,Buy,234910208
2024-08-27 09:31:24,41400.0,200,Buy,234910209
2024-08-27 09:31:24,41400.0,1000,Buy,234910210
2024-08-27 09:31:24,41400.0,2700,Buy,234910211
2024-08-27 09:31:25,41400.0,100,Buy,234910235
2024-08-27 09:31:25,41400.0,200,Buy,234910236
2024-08-27 09:31:25,41400.0,100,Buy,234910237
2024-08-27 09:31:25,41400.0,500,Buy,234910238
2024-08-27 09:31:25,41400.0,100,Buy,234910244
2024-08-27 09:31:25,41400.0,500,Buy,234910241
2024-08-27 09:31:25,41400.0,100,Buy,234910242
2024-08-27 09:31:25,41400.0,900,Buy,234910243
2024-08-27 09:31:25,41400.0,100,Buy,234910247
2024-08-27 09:31:25,41400.0,300,Buy,234910233
2024-08-27 09:31:25,41400.0,500,Buy,234910239
2024-08-27 09:31:25,41400.0,300,Buy,234910232
2024-08-27 09:31:25,41400.0,100,Buy,234910234
2024-08-27 09:31:25,41400.0,100,Buy,234910230
2024-08-27 09:31:25,41400.0,100,Buy,234910220
2024-08-27 09:31:25,41400.0,5000,Buy,234910221
2024-08-27 09:31:25,41400.0,100,Buy,234910222
2024-08-27 09:31:25,41400.0,100,Buy,234910223
2024-08-27 09:31:25,41400.0,100,Buy,234910224
2024-08-27 09:31:25,41400.0,2300,Buy,234910219
2024-08-27 09:31:25,41400.0,4700,Buy,234910226
2024-08-27 09:31:25,41400.0,100,Buy,234910227
2024-08-27 09:31:25,41400.0,300,Buy,234910228
2024-08-27 09:31:25,41400.0,1000,Buy,234910229
2024-08-27 09:31:25,41400.0,300,Buy,234910225
2024-08-27 09:31:25,41400.0,100,Buy,234910231
2024-08-27 09:31:26,41400.0,200,Buy,234910278
2024-08-27 09:31:26,41350.0,15000,Sell,234910255
2024-08-27 09:31:26,41350.0,100,Sell,234910270
2024-08-27 09:31:26,41400.0,300,Buy,234910271
2024-08-27 09:31:26,41400.0,100,Buy,234910272
2024-08-27 09:31:26,41400.0,100,Buy,234910273
2024-08-27 09:31:26,41400.0,1000,Buy,234910274
2024-08-27 09:31:26,41400.0,500,Buy,234910275
2024-08-27 09:31:26,41400.0,100,Buy,234910276
2024-08-27 09:31:26,41400.0,5400,Buy,234910277
2024-08-27 09:31:27,41350.0,100,Sell,234910328
2024-08-27 09:31:27,41350.0,1500,Sell,234910358
2024-08-27 09:31:28,41350.0,500,Sell,234910375
2024-08-27 09:31:29,41400.0,2000,Buy,234910433
2024-08-27 09:31:29,41400.0,100,Buy,234910434
2024-08-27 09:31:29,41400.0,100,Buy,234910435
2024-08-27 09:31:29,41400.0,500,Buy,234910436
2024-08-27 09:31:29,41400.0,100,Buy,234910437
2024-08-27 09:31:29,41400.0,800,Buy,234910438
2024-08-27 09:31:29,41350.0,4100,Sell,234910441
2024-08-27 09:31:29,41350.0,1500,Sell,234910442
2024-08-27 09:31:29,41350.0,2200,Sell,234910443
2024-08-27 09:31:29,41350.0,2500,Sell,234910444
2024-08-27 09:31:29,41300.0,100,Sell,234910446
2024-08-27 09:31:29,41250.0,700,Sell,234910447
2024-08-27 09:31:29,41250.0,100,Sell,234910448
2024-08-27 09:31:29,41250.0,1000,Sell,234910449
2024-08-27 09:31:29,41250.0,1800,Sell,234910450
2024-08-27 09:31:29,41250.0,600,Sell,234910451
2024-08-27 09:31:29,41250.0,1100,Sell,234910452
2024-08-27 09:31:29,41200.0,13800,Sell,234910453
2024-08-27 09:31:29,41300.0,500,Sell,234910445
2024-08-27 09:31:29,41400.0,100,Buy,234910432
2024-08-27 09:31:29,41400.0,4100,Buy,234910417
2024-08-27 09:31:29,41400.0,900,Buy,234910419
2024-08-27 09:31:29,41400.0,100,Buy,234910420
2024-08-27 09:31:29,41350.0,20000,Sell,234910384
2024-08-27 09:31:29,41400.0,4400,Buy,234910399
2024-08-27 09:31:29,41400.0,100,Buy,234910400
2024-08-27 09:31:29,41400.0,100,Buy,234910401
2024-08-27 09:31:29,41400.0,1000,Buy,234910402
2024-08-27 09:31:29,41400.0,1000,Buy,234910403
2024-08-27 09:31:29,41400.0,200,Buy,234910404
2024-08-27 09:31:29,41400.0,500,Buy,234910405
2024-08-27 09:31:29,41400.0,100,Buy,234910406
2024-08-27 09:31:29,41400.0,100,Buy,234910407
2024-08-27 09:31:29,41400.0,500,Buy,234910415
2024-08-27 09:31:29,41400.0,500,Buy,234910414
2024-08-27 09:31:29,41400.0,100,Buy,234910413
2024-08-27 09:31:29,41400.0,2000,Buy,234910412
2024-08-27 09:31:29,41400.0,2000,Buy,234910416
2024-08-27 09:31:29,41400.0,200,Buy,234910410
2024-08-27 09:31:29,41400.0,2000,Buy,234910408
2024-08-27 09:31:29,41400.0,1000,Buy,234910411
2024-08-27 09:31:29,41400.0,100,Buy,234910409
2024-08-27 09:31:30,41200.0,1100,Sell,234910461
2024-08-27 09:31:30,41200.0,500,Sell,234910462
2024-08-27 09:31:30,41200.0,4200,Sell,234910463
2024-08-27 09:31:30,41400.0,100,Buy,234910465
2024-08-27 09:31:32,41350.0,900,Buy,234910513
2024-08-27 09:31:38,41350.0,500,Buy,234910703
2024-08-27 09:31:39,41300.0,700,Sell,234910858
2024-08-27 09:31:39,41300.0,200,Sell,234910838
2024-08-27 09:31:39,41300.0,200,Sell,234910833
2024-08-27 09:31:39,41350.0,1000,Buy,234910834
2024-08-27 09:31:40,41250.0,600,Sell,234910868
2024-08-27 09:31:41,41300.0,200,Buy,234910908
2024-08-27 09:31:42,41300.0,300,Buy,234910935
2024-08-27 09:31:47,41300.0,100,Buy,234911094
2024-08-27 09:31:47,41300.0,700,Buy,234911101
2024-08-27 09:31:47,41300.0,1000,Buy,234911102
2024-08-27 09:31:47,41300.0,2100,Buy,234911103
2024-08-27 09:31:49,41300.0,100,Buy,234911148
2024-08-27 09:31:49,41300.0,100,Buy,234911152
2024-08-27 09:31:54,41300.0,4100,Buy,234911275
2024-08-27 09:31:54,41300.0,100,Buy,234911276
2024-08-27 09:31:54,41300.0,500,Buy,234911277
2024-08-27 09:31:54,41300.0,300,Buy,234911278
2024-08-27 09:31:55,41300.0,4700,Buy,234911307
2024-08-27 09:31:55,41300.0,100,Buy,234911308
2024-08-27 09:31:55,41300.0,5000,Buy,234911309
2024-08-27 09:31:55,41300.0,200,Buy,234911310
2024-08-27 09:31:58,41250.0,6600,Sell,234911405
2024-08-27 09:31:58,41250.0,1400,Sell,234911404
2024-08-27 09:31:59,41300.0,100,Buy,234911455
2024-08-27 09:31:59,41300.0,5000,Buy,234911456
2024-08-27 09:31:59,41300.0,500,Buy,234911457
2024-08-27 09:31:59,41300.0,2000,Buy,234911458
2024-08-27 09:31:59,41300.0,2400,Buy,234911459
2024-08-27 09:31:59,41300.0,100,Buy,234911460
2024-08-27 09:32:00,41300.0,100,Buy,234911479
2024-08-27 09:32:02,41250.0,5000,Sell,234911532
2024-08-27 09:32:02,41250.0,10000,Sell,234911531
2024-08-27 09:32:02,41250.0,31300,Sell,234911530
2024-08-27 09:32:03,41250.0,100,Buy,234911560
2024-08-27 09:32:03,41250.0,500,Buy,234911587
2024-08-27 09:32:03,41250.0,100,Buy,234911577
2024-08-27 09:32:03,41250.0,3500,Buy,234911585
2024-08-27 09:32:03,41250.0,1500,Buy,234911586
2024-08-27 09:32:06,41300.0,900,Buy,234911659
2024-08-27 09:32:06,41300.0,2000,Buy,234911671
2024-08-27 09:32:06,41300.0,200,Buy,234911670
2024-08-27 09:32:06,41250.0,600,Buy,234911658
2024-08-27 09:32:06,41300.0,500,Buy,234911667
2024-08-27 09:32:06,41300.0,100,Buy,234911669
2024-08-27 09:32:06,41300.0,300,Buy,234911663
2024-08-27 09:32:06,41300.0,2000,Buy,234911662
2024-08-27 09:32:06,41300.0,200,Buy,234911661
2024-08-27 09:32:06,41300.0,1000,Buy,234911660
2024-08-27 09:32:06,41300.0,700,Buy,234911666
2024-08-27 09:32:06,41300.0,2500,Buy,234911668
2024-08-27 09:32:08,41300.0,300,Buy,234911691
2024-08-27 09:32:10,41250.0,300,Sell,234911832
2024-08-27 09:32:15,41250.0,100,Buy,234912020
2024-08-27 09:32:16,41250.0,800,Buy,234912034
2024-08-27 09:32:16,41250.0,200,Buy,234912033
2024-08-27 09:32:17,41250.0,200,Buy,234912045
2024-08-27 09:32:17,41250.0,800,Buy,234912046
2024-08-27 09:32:20,41250.0,1200,Buy,234912135
2024-08-27 09:32:20,41250.0,1000,Buy,234912136
2024-08-27 09:32:20,41250.0,100,Buy,234912137
2024-08-27 09:32:20,41250.0,500,Buy,234912138
2024-08-27 09:32:20,41250.0,100,Buy,234912139
2024-08-27 09:32:20,41250.0,100,Buy,234912140
2024-08-27 09:32:20,41250.0,5000,Buy,234912141
2024-08-27 09:32:20,41250.0,1700,Buy,234912142
2024-08-27 09:32:20,41200.0,1700,Sell,234912150
2024-08-27 09:32:24,41250.0,300,Buy,234912233
2024-08-27 09:32:24,41250.0,3300,Buy,234912232
2024-08-27 09:32:25,41250.0,300,Buy,234912246
2024-08-27 09:32:25,41250.0,4400,Buy,234912251
2024-08-27 09:32:25,41250.0,100,Buy,234912252
2024-08-27 09:32:25,41250.0,1000,Buy,234912253
2024-08-27 09:32:25,41250.0,100,Buy,234912254
2024-08-27 09:32:25,41250.0,200,Buy,234912255
2024-08-27 09:32:25,41250.0,5000,Sell,234912265
2024-08-27 09:32:31,41250.0,200,Sell,234912385
2024-08-27 09:32:32,41250.0,5000,Sell,234912460
2024-08-27 09:32:33,41250.0,600,Sell,234912474
2024-08-27 09:32:35,41250.0,500,Sell,234912512
2024-08-27 09:32:36,41250.0,100,Sell,234912542
2024-08-27 09:32:36,41250.0,100,Sell,234912513
2024-08-27 09:32:37,41250.0,1000,Sell,234912597
2024-08-27 09:32:37,41250.0,100,Sell,234912606
2024-08-27 09:32:37,41200.0,8000,Sell,234912602
2024-08-27 09:32:37,41250.0,8900,Sell,234912601
2024-08-27 09:32:37,41250.0,1700,Sell,234912560
2024-08-27 09:32:37,41250.0,100,Sell,234912599
2024-08-27 09:32:37,41250.0,6000,Sell,234912598
2024-08-27 09:32:37,41250.0,1000,Sell,234912600
2024-08-27 09:32:38,41200.0,1400,Sell,234912629
2024-08-27 09:32:39,41250.0,1700,Sell,234912680
2024-08-27 09:32:39,41250.0,300,Buy,234912672
2024-08-27 09:32:39,41250.0,600,Buy,234912671
2024-08-27 09:32:39,41250.0,100,Buy,234912644
2024-08-27 09:32:39,41250.0,100,Buy,234912643
2024-08-27 09:32:40,41250.0,400,Sell,234912707
2024-08-27 09:32:41,41250.0,100,Sell,234912719
2024-08-27 09:32:43,41300.0,800,Buy,234912758
2024-08-27 09:32:43,41250.0,500,Sell,234912775
2024-08-27 09:32:44,41250.0,100,Sell,234912789
2024-08-27 09:32:45,41250.0,100,Sell,234912853
2024-08-27 09:32:46,41250.0,300,Sell,234912896
2024-08-27 09:32:46,41250.0,700,Sell,234912895
2024-08-27 09:32:46,41300.0,8500,Buy,234912878
2024-08-27 09:32:46,41300.0,1700,Buy,234912877
2024-08-27 09:32:46,41250.0,200,Sell,234912871
2024-08-27 09:32:46,41250.0,100,Sell,234912885
2024-08-27 09:32:47,41250.0,4700,Sell,234912928
2024-08-27 09:32:47,41250.0,300,Buy,234912940
2024-08-27 09:32:48,41250.0,2000,Buy,234912959
2024-08-27 09:32:49,41250.0,400,Buy,234912984
2024-08-27 09:32:54,41250.0,100,Buy,234913101
2024-08-27 09:32:56,41200.0,10000,Sell,234913159
2024-08-27 09:32:59,41250.0,1000,Buy,234913278
2024-08-27 09:32:59,41250.0,500,Buy,234913277
2024-08-27 09:32:59,41250.0,200,Buy,234913276
2024-08-27 09:32:59,41250.0,100,Buy,234913275
2024-08-27 09:32:59,41250.0,1000,Buy,234913274
2024-08-27 09:32:59,41250.0,300,Buy,234913279
2024-08-27 09:32:59,41250.0,100,Buy,234913272
2024-08-27 09:32:59,41250.0,200,Buy,234913271
2024-08-27 09:32:59,41250.0,1500,Buy,234913269
2024-08-27 09:32:59,41250.0,100,Buy,234913268
2024-08-27 09:32:59,41250.0,500,Buy,234913273
2024-08-27 09:32:59,41250.0,600,Buy,234913270
2024-08-27 09:33:02,41200.0,100,Sell,234913349
2024-08-27 09:33:05,41250.0,200,Buy,234913402
2024-08-27 09:33:09,41250.0,3000,Buy,234913505
2024-08-27 09:33:09,41300.0,24600,Buy,234913536
2024-08-27 09:33:09,41300.0,100,Buy,234913535
2024-08-27 09:33:09,41300.0,100,Buy,234913534
2024-08-27 09:33:09,41300.0,100,Buy,234913533
2024-08-27 09:33:09,41300.0,500,Buy,234913532
2024-08-27 09:33:09,41300.0,400,Buy,234913531
2024-08-27 09:33:09,41300.0,13500,Buy,234913530
2024-08-27 09:33:09,41300.0,500,Buy,234913529
2024-08-27 09:33:09,41300.0,100,Buy,234913527
2024-08-27 09:33:09,41300.0,300,Buy,234913526
2024-08-27 09:33:09,41300.0,5000,Buy,234913525
2024-08-27 09:33:09,41300.0,5000,Buy,234913524
2024-08-27 09:33:09,41300.0,20000,Buy,234913523
2024-08-27 09:33:09,41300.0,10000,Buy,234913522
2024-08-27 09:33:09,41300.0,500,Buy,234913528
2024-08-27 09:33:09,41300.0,100,Buy,234913520
2024-08-27 09:33:09,41300.0,100,Buy,234913521
2024-08-27 09:33:09,41250.0,200,Buy,234913507
2024-08-27 09:33:09,41250.0,500,Buy,234913508
2024-08-27 09:33:09,41250.0,5000,Buy,234913509
2024-08-27 09:33:09,41250.0,1000,Buy,234913510
2024-08-27 09:33:09,41250.0,1000,Buy,234913511
2024-08-27 09:33:09,41250.0,100,Buy,234913506
2024-08-27 09:33:09,41250.0,2000,Buy,234913513
2024-08-27 09:33:09,41250.0,1000,Buy,234913514
2024-08-27 09:33:09,41250.0,5000,Buy,234913515
2024-08-27 09:33:09,41250.0,1000,Buy,234913516
2024-08-27 09:33:09,41250.0,6800,Buy,234913517
2024-08-27 09:33:09,41300.0,41500,Buy,234913519
2024-08-27 09:33:09,41250.0,1000,Buy,234913512
2024-08-27 09:33:11,41200.0,100,Sell,234913570
2024-08-27 09:33:13,41250.0,200,Buy,234913630
2024-08-27 09:33:14,41250.0,1000,Sell,234913651
2024-08-27 09:33:16,41250.0,4900,Sell,234913719
2024-08-27 09:33:16,41250.0,100,Sell,234913720
2024-08-27 09:33:17,41250.0,100,Sell,234913737
2024-08-27 09:33:18,41250.0,300,Sell,234913756
2024-08-27 09:33:18,41250.0,700,Sell,234913757
2024-08-27 09:33:20,41250.0,1000,Sell,234913795
2024-08-27 09:33:21,41200.0,500,Sell,234913820
2024-08-27 09:33:22,41250.0,500,Sell,234913834
2024-08-27 09:33:23,41250.0,100,Sell,234913847
2024-08-27 09:33:25,41250.0,200,Sell,234913877
2024-08-27 09:33:26,41250.0,5000,Sell,234913925
2024-08-27 09:33:31,41300.0,2000,Buy,234914082
2024-08-27 09:33:34,41250.0,500,Sell,234914178
2024-08-27 09:33:34,41250.0,200,Sell,234914185
2024-08-27 09:33:35,41250.0,100,Sell,234914195
2024-08-27 09:33:37,41250.0,1000,Sell,234914234
2024-08-27 09:33:40,41300.0,400,Buy,234914293
2024-08-27 09:33:41,41300.0,1300,Buy,234914314
2024-08-27 09:33:41,41300.0,200,Buy,234914324
2024-08-27 09:33:42,41300.0,300,Buy,234914356
2024-08-27 09:33:42,41300.0,1000,Buy,234914355
2024-08-27 09:33:42,41300.0,100,Buy,234914354
2024-08-27 09:33:42,41300.0,1500,Buy,234914353
2024-08-27 09:33:42,41300.0,11200,Buy,234914352
2024-08-27 09:33:42,41300.0,1000,Buy,234914351
2024-08-27 09:33:42,41300.0,1000,Buy,234914348
2024-08-27 09:33:42,41300.0,100,Buy,234914349
2024-08-27 09:33:42,41300.0,400,Buy,234914347
2024-08-27 09:33:42,41300.0,100,Buy,234914346
2024-08-27 09:33:42,41300.0,1000,Buy,234914345
2024-08-27 09:33:42,41300.0,200,Buy,234914344
2024-08-27 09:33:42,41300.0,1500,Buy,234914342
2024-08-27 09:33:42,41300.0,600,Buy,234914350
2024-08-27 09:33:43,41250.0,100,Sell,234914374
2024-08-27 09:33:45,41300.0,100,Buy,234914487
2024-08-27 09:33:45,41300.0,200,Buy,234914488
2024-08-27 09:33:45,41300.0,300,Buy,234914486
2024-08-27 09:33:45,41300.0,200,Buy,234914478
2024-08-27 09:33:45,41300.0,100,Buy,234914479
2024-08-27 09:33:45,41300.0,200,Buy,234914477
2024-08-27 09:33:45,41300.0,400,Buy,234914485
2024-08-27 09:33:46,41250.0,5000,Sell,234914522
