time,price,volume,match_type,id
2024-08-19 09:14:36,38600.0,108900,ATO/ATC,232510221
2024-08-19 09:14:37,38650.0,500,Buy,232510354
2024-08-19 09:14:37,38650.0,100,Buy,232510355
2024-08-19 09:14:40,38700.0,100,Buy,232510639
2024-08-19 09:14:40,38700.0,100,Buy,232510638
2024-08-19 09:14:40,38700.0,1000,Buy,232510637
2024-08-19 09:14:40,38700.0,100,Buy,232510636
2024-08-19 09:14:40,38700.0,300,Buy,232510635
2024-08-19 09:14:40,38700.0,100,Buy,232510634
2024-08-19 09:14:40,38700.0,200,Buy,232510633
2024-08-19 09:14:40,38650.0,200,Buy,232510625
2024-08-19 09:14:40,38700.0,100,Buy,232510631
2024-08-19 09:14:40,38650.0,1000,Buy,232510626
2024-08-19 09:14:40,38650.0,100,Buy,232510627
2024-08-19 09:14:40,38700.0,100,Buy,232510632
2024-08-19 09:14:40,38650.0,100,Buy,232510629
2024-08-19 09:14:40,38650.0,500,Buy,232510628
2024-08-19 09:14:40,38650.0,1000,Buy,232510630
2024-08-19 09:14:48,38650.0,600,Sell,232510974
2024-08-19 09:14:48,38600.0,400,Sell,232510975
2024-08-19 09:14:53,38600.0,100,Sell,232511096
2024-08-19 09:15:05,38650.0,100,Buy,232511500
2024-08-19 09:15:09,38650.0,100,Buy,232511645
2024-08-19 09:15:32,38700.0,400,Buy,232512626
2024-08-19 09:15:32,38700.0,200,Buy,232512627
2024-08-19 09:15:32,38700.0,200,Buy,232512628
2024-08-19 09:15:32,38700.0,100,Buy,232512629
2024-08-19 09:15:32,38700.0,100,Buy,232512630
2024-08-19 09:15:32,38700.0,100,Buy,232512639
2024-08-19 09:15:32,38700.0,3900,Buy,232512640
2024-08-19 09:15:33,38650.0,100,Sell,232512669
2024-08-19 09:15:48,38700.0,1000,Buy,232513371
2024-08-19 09:15:52,38650.0,300,Sell,232513590
2024-08-19 09:15:56,38650.0,300,Sell,232513871
2024-08-19 09:15:56,38650.0,100,Sell,232513870
2024-08-19 09:15:56,38650.0,400,Sell,232513868
2024-08-19 09:15:56,38650.0,100,Sell,232513867
2024-08-19 09:15:56,38650.0,1000,Sell,232513869
2024-08-19 09:15:57,38650.0,1000,Buy,232513928
2024-08-19 09:15:59,38650.0,100,Buy,232513969
2024-08-19 09:16:02,38650.0,2000,Buy,232514147
2024-08-19 09:16:02,38650.0,5000,Buy,232514148
2024-08-19 09:16:02,38650.0,200,Buy,232514149
2024-08-19 09:16:02,38650.0,500,Buy,232514150
2024-08-19 09:16:02,38650.0,1800,Buy,232514151
2024-08-19 09:16:08,38700.0,100,Buy,232514480
2024-08-19 09:16:08,38700.0,8700,Buy,232514481
2024-08-19 09:16:08,38700.0,1300,Buy,232514482
2024-08-19 09:16:08,38700.0,100,Buy,232514483
2024-08-19 09:16:08,38700.0,100,Buy,232514484
2024-08-19 09:16:08,38700.0,300,Buy,232514485
2024-08-19 09:16:09,38700.0,100,Sell,232514529
2024-08-19 09:16:09,38700.0,100,Sell,232514504
2024-08-19 09:16:09,38700.0,3200,Sell,232514528
2024-08-19 09:16:10,38700.0,200,Sell,232514584
2024-08-19 09:16:11,38700.0,200,Sell,232514629
2024-08-19 09:16:13,38700.0,4100,Sell,232514816
2024-08-19 09:16:15,38700.0,100,Sell,232514962
2024-08-19 09:16:16,38700.0,200,Sell,232515010
2024-08-19 09:16:18,38700.0,200,Sell,232515111
2024-08-19 09:16:20,38700.0,100,Sell,232515218
2024-08-19 09:16:26,38700.0,1000,Sell,232515550
2024-08-19 09:16:26,38750.0,100,Buy,232515530
2024-08-19 09:16:26,38750.0,100,Buy,232515529
2024-08-19 09:16:26,38750.0,1000,Buy,232515528
2024-08-19 09:16:26,38750.0,900,Buy,232515531
2024-08-19 09:16:26,38750.0,1000,Buy,232515526
2024-08-19 09:16:26,38750.0,100,Buy,232515525
2024-08-19 09:16:26,38750.0,500,Buy,232515524
2024-08-19 09:16:26,38750.0,100,Buy,232515523
2024-08-19 09:16:26,38750.0,100,Buy,232515522
2024-08-19 09:16:26,38750.0,100,Buy,232515527
2024-08-19 09:16:27,38700.0,4800,Sell,232515620
2024-08-19 09:16:33,38700.0,100,Sell,232515884
2024-08-19 09:16:34,38750.0,2600,Buy,232515939
2024-08-19 09:16:34,38750.0,100,Buy,232515938
2024-08-19 09:16:34,38750.0,6500,Buy,232515937
2024-08-19 09:16:34,38750.0,100,Buy,232515936
2024-08-19 09:16:34,38750.0,100,Buy,232515934
2024-08-19 09:16:34,38750.0,5000,Buy,232515933
2024-08-19 09:16:34,38750.0,500,Buy,232515932
2024-08-19 09:16:34,38750.0,100,Buy,232515931
2024-08-19 09:16:34,38750.0,5000,Buy,232515935
2024-08-19 09:16:39,38750.0,2100,Buy,232516222
2024-08-19 09:16:40,38750.0,5300,Buy,232516279
2024-08-19 09:16:40,38750.0,100,Buy,232516280
2024-08-19 09:16:40,38750.0,2500,Buy,232516281
2024-08-19 09:16:40,38750.0,100,Sell,232516295
2024-08-19 09:16:41,38750.0,12000,Sell,232516312
2024-08-19 09:16:41,38800.0,100,Buy,232516311
2024-08-19 09:16:42,38700.0,2000,Sell,232516372
2024-08-19 09:16:44,38700.0,1700,Sell,232516559
2024-08-19 09:16:49,38750.0,100,Buy,232516860
2024-08-19 09:16:59,38700.0,4300,Sell,232517428
2024-08-19 09:17:00,38700.0,34300,Sell,232517462
2024-08-19 09:17:00,38750.0,600,Buy,232517485
2024-08-19 09:17:00,38750.0,200,Buy,232517486
2024-08-19 09:17:00,38750.0,500,Buy,232517487
2024-08-19 09:17:00,38750.0,500,Buy,232517488
2024-08-19 09:17:00,38750.0,100,Buy,232517489
2024-08-19 09:17:00,38750.0,700,Buy,232517490
2024-08-19 09:17:00,38750.0,400,Buy,232517491
2024-08-19 09:17:01,38750.0,300,Buy,232517522
2024-08-19 09:17:02,38750.0,300,Buy,232517578
2024-08-19 09:17:02,38750.0,100,Buy,232517579
2024-08-19 09:17:02,38750.0,3000,Buy,232517580
2024-08-19 09:17:02,38750.0,1600,Buy,232517581
2024-08-19 09:17:05,38750.0,500,Buy,232517728
2024-08-19 09:17:10,38700.0,3000,Sell,232518022
2024-08-19 09:17:12,38700.0,2200,Sell,232518118
2024-08-19 09:17:14,38700.0,1800,Sell,232518171
2024-08-19 09:17:15,38750.0,600,Buy,232518216
2024-08-19 09:17:17,38700.0,100,Sell,232518358
2024-08-19 09:17:18,38700.0,2000,Sell,232518412
2024-08-19 09:17:19,38700.0,3000,Sell,232518467
2024-08-19 09:17:19,38750.0,5000,Buy,232518480
2024-08-19 09:17:20,38700.0,2300,Sell,232518503
2024-08-19 09:17:20,38700.0,1700,Sell,232518511
2024-08-19 09:17:20,38700.0,1000,Sell,232518533
2024-08-19 09:17:20,38700.0,200,Sell,232518534
2024-08-19 09:17:21,38700.0,9000,Sell,232518584
2024-08-19 09:17:22,38700.0,100,Sell,232518620
2024-08-19 09:17:22,38700.0,300,Sell,232518619
2024-08-19 09:17:22,38700.0,2000,Sell,232518622
2024-08-19 09:17:22,38700.0,2700,Sell,232518617
2024-08-19 09:17:22,38700.0,700,Sell,232518618
2024-08-19 09:17:22,38700.0,500,Sell,232518621
2024-08-19 09:17:22,38700.0,200,Sell,232518612
2024-08-19 09:17:24,38700.0,2300,Buy,232518753
2024-08-19 09:17:24,38700.0,5000,Buy,232518776
2024-08-19 09:17:27,38700.0,2300,Buy,232518946
2024-08-19 09:17:29,38700.0,3000,Buy,232519043
2024-08-19 09:17:32,38700.0,500,Buy,232519166
2024-08-19 09:17:33,38700.0,200,Buy,232519220
2024-08-19 09:17:35,38650.0,100,Sell,232519270
2024-08-19 09:17:35,38650.0,800,Buy,232519281
2024-08-19 09:17:38,38650.0,100,Sell,232519454
2024-08-19 09:17:38,38650.0,200,Sell,232519455
2024-08-19 09:17:39,38650.0,100,Buy,232519506
2024-08-19 09:17:42,38650.0,100,Buy,232519646
2024-08-19 09:17:42,38650.0,2000,Buy,232519647
2024-08-19 09:17:42,38700.0,8900,Buy,232519648
2024-08-19 09:17:44,38650.0,1000,Sell,232519775
2024-08-19 09:17:52,38650.0,500,Buy,232520168
2024-08-19 09:17:52,38650.0,500,Buy,232520169
2024-08-19 09:17:53,38650.0,300,Buy,232520230
2024-08-19 09:17:53,38650.0,100,Buy,232520231
2024-08-19 09:17:53,38650.0,400,Buy,232520232
2024-08-19 09:17:55,38650.0,100,Sell,232520328
2024-08-19 09:17:55,38650.0,100,Sell,232520329
2024-08-19 09:17:55,38700.0,100,Buy,232520337
2024-08-19 09:18:07,38650.0,100,Sell,232520961
2024-08-19 09:18:09,38650.0,100,Sell,232521083
2024-08-19 09:18:23,38650.0,500,Sell,232521907
2024-08-19 09:18:27,38650.0,100,Sell,232522153
2024-08-19 09:18:28,38650.0,500,Sell,232522223
2024-08-19 09:18:28,38650.0,1000,Sell,232522224
2024-08-19 09:18:28,38650.0,3000,Sell,232522225
2024-08-19 09:18:30,38650.0,100,Sell,232522387
2024-08-19 09:18:32,38650.0,100,Sell,232522487
2024-08-19 09:18:32,38650.0,500,Sell,232522488
2024-08-19 09:18:32,38650.0,100,Sell,232522489
2024-08-19 09:18:36,38650.0,100,Sell,232522727
2024-08-19 09:18:36,38650.0,300,Buy,232522680
2024-08-19 09:18:36,38650.0,100,Sell,232522726
2024-08-19 09:18:37,38650.0,1000,Sell,232522774
2024-08-19 09:18:42,38650.0,500,Sell,232523043
2024-08-19 09:18:47,38650.0,3300,Sell,232523271
2024-08-19 09:18:51,38650.0,100,Sell,232523542
2024-08-19 09:18:54,38650.0,100,Sell,232523702
2024-08-19 09:18:58,38650.0,200,Sell,232523878
2024-08-19 09:19:00,38700.0,4700,Buy,232523966
2024-08-19 09:19:01,38700.0,100,Buy,232524023
2024-08-19 09:19:07,38700.0,1900,Buy,232524308
2024-08-19 09:19:11,38700.0,4000,Buy,232524492
2024-08-19 09:19:18,38700.0,2000,Buy,232524754
2024-08-19 09:19:19,38650.0,300,Sell,232524814
2024-08-19 09:19:19,38650.0,2700,Sell,232524815
2024-08-19 09:19:19,38650.0,2300,Sell,232524827
2024-08-19 09:19:19,38650.0,2700,Sell,232524828
2024-08-19 09:19:22,38650.0,300,Sell,232524965
2024-08-19 09:19:22,38650.0,300,Sell,232524964
2024-08-19 09:19:26,38700.0,1500,Buy,232525124
2024-08-19 09:19:32,38650.0,6000,Sell,232525363
2024-08-19 09:19:32,38650.0,1500,Sell,232525370
2024-08-19 09:19:32,38650.0,100,Sell,232525369
2024-08-19 09:19:32,38650.0,100,Sell,232525368
2024-08-19 09:19:32,38650.0,2700,Sell,232525359
2024-08-19 09:19:32,38650.0,200,Sell,232525366
2024-08-19 09:19:32,38650.0,5000,Sell,232525365
2024-08-19 09:19:32,38650.0,200,Sell,232525364
2024-08-19 09:19:32,38650.0,3000,Sell,232525367
2024-08-19 09:19:36,38700.0,300,Buy,232525561
2024-08-19 09:19:36,38650.0,1200,Buy,232525560
2024-08-19 09:19:37,38650.0,500,Buy,232525587
2024-08-19 09:19:37,38650.0,200,Buy,232525588
2024-08-19 09:19:37,38650.0,100,Sell,232525617
2024-08-19 09:19:39,38650.0,4000,Sell,232525698
2024-08-19 09:19:49,38650.0,100,Sell,232526149
2024-08-19 09:19:58,38650.0,500,Sell,232526524
2024-08-19 09:19:58,38650.0,500,Sell,232526523
2024-08-19 09:19:59,38650.0,1000,Sell,232526546
2024-08-19 09:19:59,38650.0,100,Sell,232526581
2024-08-19 09:20:02,38650.0,100,Sell,232526689
2024-08-19 09:20:04,38650.0,1000,Sell,232526776
2024-08-19 09:20:11,38650.0,1000,Sell,232527002
2024-08-19 09:20:12,38650.0,100,Sell,232527046
2024-08-19 09:20:12,38650.0,300,Sell,232527047
2024-08-19 09:20:12,38600.0,100,Sell,232527056
2024-08-19 09:20:12,38600.0,400,Sell,232527057
2024-08-19 09:20:20,38650.0,400,Buy,232527453
2024-08-19 09:20:24,38700.0,1100,Buy,232527665
2024-08-19 09:20:24,38650.0,100,Buy,232527664
2024-08-19 09:20:24,38650.0,200,Buy,232527662
2024-08-19 09:20:24,38650.0,500,Buy,232527663
2024-08-19 09:20:25,38700.0,600,Buy,232527707
2024-08-19 09:20:33,38700.0,500,Buy,232528089
2024-08-19 09:20:36,38650.0,500,Sell,232528223
2024-08-19 09:20:39,38650.0,500,Buy,232528329
2024-08-19 09:20:45,38650.0,500,Sell,232528558
2024-08-19 09:20:45,38650.0,100,Sell,232528559
2024-08-19 09:20:55,38650.0,200,Buy,232528892
2024-08-19 09:20:58,38650.0,1000,Buy,232529082
2024-08-19 09:20:58,38650.0,1000,Buy,232529083
2024-08-19 09:20:58,38650.0,200,Buy,232529081
2024-08-19 09:21:05,38600.0,100,Sell,232529375
2024-08-19 09:21:05,38600.0,1000,Sell,232529377
2024-08-19 09:21:05,38600.0,800,Sell,232529378
2024-08-19 09:21:09,38650.0,2600,Buy,232529569
2024-08-19 09:21:14,38650.0,100,Buy,232529754
2024-08-19 09:21:18,38600.0,400,Sell,232529962
2024-08-19 09:21:18,38600.0,1000,Sell,232529961
2024-08-19 09:21:18,38600.0,300,Sell,232529960
2024-08-19 09:21:18,38600.0,100,Sell,232529957
2024-08-19 09:21:18,38600.0,800,Sell,232529958
2024-08-19 09:21:18,38600.0,4200,Sell,232529956
2024-08-19 09:21:18,38600.0,100,Sell,232529959
2024-08-19 09:21:20,38650.0,200,Buy,232530090
2024-08-19 09:21:22,38650.0,400,Buy,232530194
2024-08-19 09:21:22,38600.0,200,Sell,232530192
2024-08-19 09:21:22,38650.0,1100,Buy,232530193
2024-08-19 09:21:24,38600.0,100,Sell,232530249
2024-08-19 09:21:26,38600.0,100,Sell,232530334
2024-08-19 09:21:34,38650.0,100,Buy,232530578
2024-08-19 09:21:34,38650.0,500,Buy,232530579
2024-08-19 09:21:34,38650.0,500,Buy,232530580
2024-08-19 09:21:34,38650.0,200,Buy,232530581
2024-08-19 09:21:34,38650.0,700,Buy,232530582
2024-08-19 09:21:41,38600.0,200,Sell,232530864
2024-08-19 09:21:41,38600.0,400,Sell,232530865
2024-08-19 09:21:41,38600.0,400,Sell,232530866
2024-08-19 09:21:42,38600.0,600,Sell,232530900
2024-08-19 09:21:42,38600.0,2000,Sell,232530899
2024-08-19 09:21:42,38600.0,3000,Sell,232530898
2024-08-19 09:21:42,38600.0,1600,Sell,232530901
2024-08-19 09:21:42,38600.0,1000,Sell,232530896
2024-08-19 09:21:42,38600.0,1600,Sell,232530895
2024-08-19 09:21:42,38600.0,200,Sell,232530897
2024-08-19 09:21:42,38650.0,500,Buy,232530894
2024-08-19 09:21:45,38600.0,5000,Sell,232530990
2024-08-19 09:21:47,38600.0,10000,Sell,232531072
2024-08-19 09:21:49,38650.0,100,Buy,232531152
2024-08-19 09:21:50,38600.0,500,Sell,232531185
2024-08-19 09:21:52,38600.0,2000,Sell,232531235
2024-08-19 09:21:53,38650.0,2000,Buy,232531261
2024-08-19 09:21:53,38650.0,2700,Buy,232531262
2024-08-19 09:21:53,38600.0,900,Sell,232531304
2024-08-19 09:21:53,38600.0,200,Sell,232531305
2024-08-19 09:21:53,38650.0,5300,Buy,232531263
2024-08-19 09:21:54,38600.0,100,Sell,232531331
2024-08-19 09:21:54,38600.0,1500,Sell,232531332
2024-08-19 09:21:54,38600.0,100,Sell,232531333
2024-08-19 09:21:55,38600.0,500,Buy,232531382
2024-08-19 09:22:07,38600.0,200,Buy,232531781
2024-08-19 09:22:11,38600.0,100,Buy,232531903
2024-08-19 09:22:21,38600.0,200,Buy,232532249
2024-08-19 09:22:22,38600.0,100,Buy,232532301
2024-08-19 09:22:23,38600.0,2000,Buy,232532340
2024-08-19 09:22:29,38550.0,100,Sell,232532505
2024-08-19 09:22:29,38550.0,300,Sell,232532506
2024-08-19 09:22:29,38550.0,1000,Sell,232532507
2024-08-19 09:22:29,38550.0,1000,Sell,232532508
2024-08-19 09:22:29,38550.0,100,Sell,232532509
2024-08-19 09:22:36,38550.0,300,Sell,232532727
2024-08-19 09:22:43,38550.0,100,Sell,232532983
2024-08-19 09:22:43,38550.0,300,Sell,232532984
2024-08-19 09:22:43,38550.0,500,Sell,232532985
2024-08-19 09:22:51,38600.0,200,Buy,232533280
2024-08-19 09:22:51,38600.0,1300,Buy,232533281
2024-08-19 09:22:52,38550.0,3700,Sell,232533301
2024-08-19 09:22:54,38550.0,300,Sell,232533408
2024-08-19 09:22:54,38550.0,1500,Sell,232533386
2024-08-19 09:22:54,38550.0,400,Sell,232533387
2024-08-19 09:22:54,38550.0,100,Sell,232533384
2024-08-19 09:22:54,38550.0,100,Sell,232533383
2024-08-19 09:22:54,38550.0,800,Sell,232533382
2024-08-19 09:22:54,38550.0,4200,Sell,232533385
2024-08-19 09:22:57,38550.0,1900,Sell,232533489
2024-08-19 09:23:00,38550.0,1000,Sell,232533655
2024-08-19 09:23:03,38550.0,1100,Sell,232533848
2024-08-19 09:23:03,38550.0,3200,Sell,232533849
2024-08-19 09:23:03,38550.0,3000,Sell,232533846
2024-08-19 09:23:03,38550.0,400,Sell,232533845
2024-08-19 09:23:03,38550.0,2300,Sell,232533847
2024-08-19 09:23:06,38550.0,200,Sell,232534004
2024-08-19 09:23:06,38550.0,100,Sell,232534005
2024-08-19 09:23:06,38550.0,500,Sell,232534006
2024-08-19 09:23:06,38550.0,500,Buy,232534009
2024-08-19 09:23:13,38550.0,5000,Buy,232534379
2024-08-19 09:23:26,38500.0,1000,Sell,232534839
2024-08-19 09:23:27,38550.0,100,Buy,232534873
2024-08-19 09:23:29,38500.0,11500,Sell,232534989
2024-08-19 09:23:31,38500.0,300,Sell,232535057
2024-08-19 09:23:38,38500.0,200,Sell,232535379
2024-08-19 09:23:41,38550.0,1000,Buy,232535498
2024-08-19 09:23:44,38500.0,300,Sell,232535605
2024-08-19 09:23:45,38500.0,2700,Sell,232535647
2024-08-19 09:23:45,38500.0,17300,Sell,232535657
2024-08-19 09:23:46,38500.0,1000,Sell,232535722
2024-08-19 09:23:49,38550.0,2400,Buy,232535802
2024-08-19 09:23:49,38550.0,2600,Buy,232535801
2024-08-19 09:23:50,38500.0,1000,Sell,232535838
2024-08-19 09:23:58,38500.0,15700,Sell,232536204
2024-08-19 09:23:58,38500.0,500,Sell,232536205
2024-08-19 09:23:58,38500.0,200,Sell,232536206
2024-08-19 09:23:58,38500.0,1000,Sell,232536207
2024-08-19 09:23:59,38500.0,100,Sell,232536215
2024-08-19 09:23:59,38500.0,500,Sell,232536216
2024-08-19 09:23:59,38500.0,1500,Sell,232536217
2024-08-19 09:23:59,38500.0,400,Sell,232536218
2024-08-19 09:23:59,38500.0,100,Sell,232536214
2024-08-19 09:24:01,38500.0,200,Sell,232536352
2024-08-19 09:24:01,38550.0,100,Buy,232536374
2024-08-19 09:24:02,38500.0,2000,Sell,232536447
2024-08-19 09:24:03,38500.0,2300,Sell,232536499
2024-08-19 09:24:03,38500.0,2400,Sell,232536498
2024-08-19 09:24:05,38500.0,100,Buy,232536553
2024-08-19 09:24:13,38500.0,1600,Buy,232536798
2024-08-19 09:24:20,38500.0,1900,Buy,232537062
2024-08-19 09:24:22,38450.0,100,Sell,232537121
2024-08-19 09:24:22,38450.0,200,Sell,232537122
2024-08-19 09:24:32,38450.0,100,Sell,232537520
2024-08-19 09:24:32,38450.0,100,Sell,232537521
2024-08-19 09:24:35,38450.0,200,Sell,232537605
2024-08-19 09:24:39,38450.0,400,Sell,232537721
2024-08-19 09:24:39,38450.0,10000,Sell,232537722
2024-08-19 09:24:39,38450.0,1000,Sell,232537723
2024-08-19 09:24:39,38450.0,100,Sell,232537724
2024-08-19 09:24:39,38450.0,2300,Sell,232537725
2024-08-19 09:24:39,38450.0,1200,Sell,232537720
2024-08-19 09:24:42,38450.0,100,Sell,232537827
2024-08-19 09:24:45,38450.0,100,Sell,232537961
2024-08-19 09:24:45,38450.0,1000,Sell,232537960
2024-08-19 09:24:45,38450.0,600,Sell,232537959
2024-08-19 09:24:46,38450.0,1300,Buy,232538017
2024-08-19 09:24:47,38450.0,300,Buy,232538031
2024-08-19 09:24:47,38450.0,200,Sell,232538030
2024-08-19 09:25:06,38400.0,200,Sell,232538856
2024-08-19 09:25:07,38450.0,1000,Buy,232538910
2024-08-19 09:25:19,38450.0,100,Buy,232539409
2024-08-19 09:25:19,38450.0,300,Buy,232539410
2024-08-19 09:25:19,38450.0,100,Buy,232539411
2024-08-19 09:25:28,38500.0,1700,Buy,232539731
2024-08-19 09:25:28,38500.0,2000,Buy,232539732
2024-08-19 09:25:28,38500.0,2000,Buy,232539733
2024-08-19 09:25:28,38500.0,200,Buy,232539734
2024-08-19 09:25:28,38500.0,500,Buy,232539735
2024-08-19 09:25:28,38500.0,2700,Buy,232539736
2024-08-19 09:25:28,38500.0,900,Buy,232539737
2024-08-19 09:25:39,38450.0,100,Buy,232540204
2024-08-19 09:25:39,38450.0,2500,Sell,232540200
2024-08-19 09:25:39,38450.0,900,Sell,232540201
2024-08-19 09:25:40,38450.0,100,Buy,232540237
2024-08-19 09:25:42,38450.0,100,Buy,232540307
2024-08-19 09:26:02,38450.0,300,Buy,232541106
2024-08-19 09:26:05,38450.0,100,Buy,232541270
2024-08-19 09:26:05,38450.0,400,Buy,232541289
2024-08-19 09:26:17,38450.0,500,Buy,232541763
2024-08-19 09:26:17,38450.0,1000,Buy,232541764
2024-08-19 09:26:22,38400.0,26200,Sell,232541927
2024-08-19 09:26:22,38400.0,200,Sell,232541925
2024-08-19 09:26:22,38400.0,1300,Sell,232541924
2024-08-19 09:26:22,38400.0,300,Sell,232541926
2024-08-19 09:26:26,38400.0,1900,Sell,232542031
2024-08-19 09:26:26,38400.0,2000,Sell,232542037
2024-08-19 09:26:33,38450.0,200,Buy,232542341
2024-08-19 09:26:41,38400.0,100,Sell,232542650
2024-08-19 09:26:43,38400.0,50000,Sell,232542787
2024-08-19 09:26:45,38400.0,500,Sell,232542845
2024-08-19 09:26:46,38400.0,1000,Sell,232542869
2024-08-19 09:26:46,38400.0,600,Sell,232542889
2024-08-19 09:26:51,38400.0,2000,Sell,232543150
2024-08-19 09:26:53,38400.0,100,Sell,232543276
2024-08-19 09:26:56,38400.0,100,Sell,232543374
2024-08-19 09:26:57,38400.0,100,Sell,232543472
2024-08-19 09:26:57,38400.0,3000,Sell,232543460
2024-08-19 09:26:57,38400.0,200,Sell,232543459
2024-08-19 09:26:57,38400.0,100,Sell,232543458
2024-08-19 09:26:57,38400.0,100,Sell,232543457
2024-08-19 09:26:57,38400.0,200,Sell,232543456
2024-08-19 09:26:57,38400.0,1000,Sell,232543450
2024-08-19 09:26:57,38400.0,300,Sell,232543449
2024-08-19 09:26:57,38400.0,100,Sell,232543448
2024-08-19 09:26:57,38400.0,100,Sell,232543452
2024-08-19 09:26:57,38400.0,2000,Sell,232543446
2024-08-19 09:26:57,38400.0,100,Sell,232543447
2024-08-19 09:26:57,38400.0,10900,Sell,232543438
2024-08-19 09:26:57,38400.0,100,Sell,232543439
2024-08-19 09:26:57,38400.0,100,Sell,232543440
2024-08-19 09:26:57,38400.0,500,Sell,232543441
2024-08-19 09:26:57,38400.0,34700,Sell,232543436
2024-08-19 09:26:57,38400.0,1000,Sell,232543443
2024-08-19 09:26:57,38400.0,400,Sell,232543444
2024-08-19 09:26:57,38400.0,2000,Sell,232543445
2024-08-19 09:26:57,38400.0,2000,Sell,232543442
2024-08-19 09:26:57,38400.0,100,Sell,232543451
2024-08-19 09:26:58,38400.0,500,Sell,232543504
2024-08-19 09:27:00,38400.0,1400,Sell,232543551
2024-08-19 09:27:00,38400.0,900,Sell,232543552
2024-08-19 09:27:00,38400.0,3000,Sell,232543553
2024-08-19 09:27:00,38400.0,100,Sell,232543554
2024-08-19 09:27:00,38400.0,100,Sell,232543555
2024-08-19 09:27:01,38400.0,200,Sell,232543643
2024-08-19 09:27:01,38400.0,200,Sell,232543647
2024-08-19 09:27:01,38400.0,500,Sell,232543645
2024-08-19 09:27:01,38400.0,1100,Sell,232543644
2024-08-19 09:27:01,38400.0,400,Sell,232543642
2024-08-19 09:27:01,38400.0,1000,Sell,232543640
2024-08-19 09:27:01,38400.0,2000,Sell,232543639
2024-08-19 09:27:01,38400.0,2400,Sell,232543638
2024-08-19 09:27:01,38400.0,600,Sell,232543637
2024-08-19 09:27:01,38400.0,300,Sell,232543618
2024-08-19 09:27:01,38400.0,1800,Sell,232543641
2024-08-19 09:27:02,38400.0,300,Sell,232543664
2024-08-19 09:27:02,38400.0,300,Sell,232543665
2024-08-19 09:27:02,38400.0,400,Sell,232543666
2024-08-19 09:27:03,38400.0,200,Sell,232543720
2024-08-19 09:27:03,38400.0,1000,Sell,232543719
2024-08-19 09:27:03,38400.0,500,Sell,232543718
2024-08-19 09:27:03,38400.0,200,Sell,232543702
2024-08-19 09:27:03,38400.0,200,Sell,232543716
2024-08-19 09:27:03,38400.0,2300,Sell,232543703
2024-08-19 09:27:03,38400.0,500,Sell,232543701
2024-08-19 09:27:03,38400.0,100,Sell,232543717
2024-08-19 09:27:04,38400.0,5000,Buy,232543730
2024-08-19 09:27:10,38350.0,100,Sell,232544024
2024-08-19 09:27:16,38350.0,200,Sell,232544272
2024-08-19 09:27:16,38350.0,100,Sell,232544270
2024-08-19 09:27:16,38350.0,100,Sell,232544271
2024-08-19 09:27:22,38350.0,300,Sell,232544477
2024-08-19 09:27:23,38350.0,1500,Sell,232544548
2024-08-19 09:27:25,38350.0,100,Sell,232544595
2024-08-19 09:27:28,38350.0,900,Sell,232544704
2024-08-19 09:27:28,38350.0,1000,Sell,232544705
2024-08-19 09:27:28,38350.0,100,Sell,232544706
2024-08-19 09:27:31,38350.0,100,Sell,232544862
2024-08-19 09:27:31,38350.0,100,Sell,232544861
2024-08-19 09:27:31,38350.0,100,Sell,232544859
2024-08-19 09:27:31,38350.0,200,Sell,232544858
2024-08-19 09:27:31,38350.0,4900,Sell,232544857
2024-08-19 09:27:31,38350.0,1000,Sell,232544860
2024-08-19 09:27:35,38350.0,1000,Buy,232545018
2024-08-19 09:27:40,38350.0,100,Buy,232545221
2024-08-19 09:27:41,38300.0,100,Sell,232545266
2024-08-19 09:27:41,38300.0,1000,Sell,232545265
2024-08-19 09:27:41,38300.0,600,Sell,232545261
2024-08-19 09:27:41,38300.0,100,Sell,232545263
2024-08-19 09:27:41,38300.0,300,Sell,232545264
2024-08-19 09:27:41,38300.0,3000,Sell,232545262
2024-08-19 09:27:48,38250.0,100,Sell,232545493
2024-08-19 09:27:48,38250.0,400,Sell,232545494
2024-08-19 09:27:51,38250.0,2000,Sell,232545617
2024-08-19 09:27:56,38250.0,200,Sell,232545807
2024-08-19 09:27:57,38250.0,100,Sell,232545833
2024-08-19 09:27:58,38250.0,1300,Sell,232545900
2024-08-19 09:27:58,38250.0,200,Sell,232545901
2024-08-19 09:27:58,38250.0,500,Sell,232545902
2024-08-19 09:27:58,38250.0,100,Sell,232545903
2024-08-19 09:27:58,38250.0,100,Sell,232545904
2024-08-19 09:27:58,38250.0,300,Sell,232545905
2024-08-19 09:27:58,38250.0,600,Sell,232545906
2024-08-19 09:27:58,38250.0,16800,Sell,232545907
2024-08-19 09:27:58,38250.0,2600,Sell,232545908
2024-08-19 09:28:00,38250.0,600,Sell,232545952
2024-08-19 09:28:00,38250.0,100,Sell,232545953
2024-08-19 09:28:00,38250.0,300,Sell,232545954
2024-08-19 09:28:02,38250.0,200,Buy,232546070
2024-08-19 09:28:02,38250.0,700,Sell,232546062
2024-08-19 09:28:03,38250.0,100,Buy,232546085
2024-08-19 09:28:04,38200.0,100,Sell,232546107
2024-08-19 09:28:06,38250.0,100,Buy,232546164
2024-08-19 09:28:08,38250.0,1000,Buy,232546234
2024-08-19 09:28:10,38200.0,400,Sell,232546323
2024-08-19 09:28:10,38200.0,200,Sell,232546324
2024-08-19 09:28:10,38200.0,4000,Sell,232546325
2024-08-19 09:28:10,38200.0,400,Sell,232546326
2024-08-19 09:28:11,38250.0,1000,Buy,232546383
2024-08-19 09:28:16,38250.0,1900,Buy,232546544
2024-08-19 09:28:16,38250.0,500,Buy,232546545
2024-08-19 09:28:18,38250.0,2600,Sell,232546665
2024-08-19 09:28:18,38250.0,2000,Sell,232546666
2024-08-19 09:28:18,38250.0,1000,Sell,232546667
2024-08-19 09:28:19,38250.0,100,Buy,232546721
2024-08-19 09:28:22,38250.0,500,Buy,232546793
2024-08-19 09:28:24,38250.0,100,Buy,232546867
2024-08-19 09:28:27,38250.0,100,Buy,232546968
2024-08-19 09:28:31,38250.0,500,Buy,232547149
2024-08-19 09:28:31,38250.0,100,Buy,232547139
2024-08-19 09:28:33,38200.0,1000,Sell,232547199
2024-08-19 09:28:33,38250.0,500,Buy,232547200
2024-08-19 09:28:33,38250.0,200,Buy,232547201
2024-08-19 09:28:34,38200.0,300,Sell,232547252
2024-08-19 09:28:34,38200.0,200,Sell,232547251
2024-08-19 09:28:34,38200.0,400,Sell,232547250
2024-08-19 09:28:34,38200.0,8000,Sell,232547249
2024-08-19 09:28:34,38200.0,100,Sell,232547248
2024-08-19 09:28:34,38200.0,1600,Sell,232547246
2024-08-19 09:28:34,38250.0,2000,Sell,232547245
2024-08-19 09:28:34,38250.0,100,Sell,232547244
2024-08-19 09:28:34,38250.0,1300,Sell,232547243
2024-08-19 09:28:34,38300.0,400,Buy,232547235
2024-08-19 09:28:34,38200.0,1000,Sell,232547247
2024-08-19 09:28:35,38300.0,1000,Buy,232547274
2024-08-19 09:28:35,38300.0,300,Buy,232547273
2024-08-19 09:28:35,38300.0,3000,Buy,232547270
2024-08-19 09:28:35,38300.0,200,Buy,232547271
2024-08-19 09:28:35,38300.0,1000,Buy,232547272
2024-08-19 09:28:35,38300.0,14500,Buy,232547269
2024-08-19 09:28:36,38250.0,100,Sell,232547347
2024-08-19 09:28:40,38200.0,1300,Sell,232547444
2024-08-19 09:28:40,38200.0,700,Sell,232547445
2024-08-19 09:28:41,38250.0,200,Buy,232547472
2024-08-19 09:29:00,38300.0,400,Buy,232548028
2024-08-19 09:29:00,38300.0,100,Buy,232548029
2024-08-19 09:29:00,38300.0,100,Buy,232548030
2024-08-19 09:29:01,38300.0,400,Sell,232548110
2024-08-19 09:29:04,38300.0,100,Buy,232548179
2024-08-19 09:29:05,38300.0,500,Buy,232548209
2024-08-19 09:29:20,38350.0,600,Buy,232548769
2024-08-19 09:29:20,38350.0,100,Buy,232548768
2024-08-19 09:29:20,38350.0,900,Buy,232548767
2024-08-19 09:29:30,38350.0,300,Sell,232549134
2024-08-19 09:29:35,38350.0,3400,Sell,232549323
2024-08-19 09:29:37,38350.0,100,Sell,232549410
2024-08-19 09:29:42,38400.0,40000,Buy,232549594
2024-08-19 09:29:43,38350.0,1000,Sell,232549606
2024-08-19 09:29:43,38350.0,1000,Sell,232549616
2024-08-19 09:29:45,38400.0,3000,Buy,232549709
2024-08-19 09:29:45,38400.0,100,Buy,232549710
2024-08-19 09:29:45,38400.0,600,Buy,232549712
2024-08-19 09:29:45,38400.0,300,Buy,232549711
2024-08-19 09:29:52,38350.0,500,Sell,232549970
2024-08-19 09:29:56,38400.0,400,Buy,232550104
2024-08-19 09:29:56,38400.0,2000,Buy,232550105
2024-08-19 09:29:56,38400.0,2300,Buy,232550106
2024-08-19 09:30:01,38400.0,200,Sell,232550271
2024-08-19 09:30:05,38400.0,900,Sell,232550391
2024-08-19 09:30:11,38400.0,500,Sell,232550521
2024-08-19 09:30:12,38400.0,200,Sell,232550631
2024-08-19 09:30:22,38400.0,5000,Sell,232551081
2024-08-19 09:30:23,38400.0,100,Sell,232551122
2024-08-19 09:30:24,38400.0,8700,Sell,232551160
2024-08-19 09:30:35,38400.0,6000,Sell,232551483
2024-08-19 09:30:37,38450.0,100,Buy,232551528
2024-08-19 09:30:39,38450.0,100,Buy,232551562
2024-08-19 09:30:41,38400.0,3700,Sell,232551635
2024-08-19 09:30:41,38400.0,1300,Sell,232551636
2024-08-19 09:30:45,38450.0,100,Buy,232551751
2024-08-19 09:30:49,38400.0,13300,Sell,232551924
2024-08-19 09:30:49,38400.0,4000,Sell,232551923
2024-08-19 09:30:49,38400.0,2700,Sell,232551922
2024-08-19 09:30:49,38450.0,300,Buy,232551907
2024-08-19 09:30:49,38450.0,100,Buy,232551906
2024-08-19 09:30:49,38450.0,8700,Buy,232551904
2024-08-19 09:30:49,38450.0,1300,Buy,232551905
2024-08-19 09:30:49,38450.0,100,Buy,232551902
2024-08-19 09:30:49,38450.0,200,Buy,232551901
2024-08-19 09:30:49,38450.0,100,Buy,232551900
2024-08-19 09:30:49,38450.0,500,Buy,232551899
2024-08-19 09:30:49,38450.0,3000,Buy,232551898
2024-08-19 09:30:49,38450.0,500,Buy,232551897
2024-08-19 09:30:49,38450.0,200,Buy,232551903
2024-08-19 09:30:56,38450.0,1600,Buy,232552256
2024-08-19 09:31:03,38450.0,100,Buy,232552526
2024-08-19 09:31:03,38450.0,200,Buy,232552527
2024-08-19 09:31:04,38400.0,100,Sell,232552568
2024-08-19 09:31:12,38450.0,100,Buy,232552917
2024-08-19 09:31:20,38450.0,100,Buy,232553153
2024-08-19 09:31:36,38450.0,2300,Buy,232553594
2024-08-19 09:31:36,38450.0,600,Buy,232553593
2024-08-19 09:31:36,38450.0,100,Buy,232553591
2024-08-19 09:31:36,38450.0,100,Buy,232553592
2024-08-19 09:31:36,38450.0,200,Buy,232553589
2024-08-19 09:31:36,38450.0,100,Buy,232553588
2024-08-19 09:31:36,38450.0,500,Buy,232553587
2024-08-19 09:31:36,38450.0,100,Buy,232553586
2024-08-19 09:31:36,38450.0,400,Buy,232553590
2024-08-19 09:31:37,38450.0,5600,Sell,232553621
2024-08-19 09:31:37,38400.0,4400,Sell,232553622
2024-08-19 09:31:49,38400.0,100,Sell,232553999
2024-08-19 09:31:53,38400.0,100,Sell,232554102
2024-08-19 09:31:53,38400.0,200,Sell,232554101
2024-08-19 09:31:53,38400.0,15000,Sell,232554100
2024-08-19 09:31:53,38400.0,100,Sell,232554098
2024-08-19 09:31:53,38400.0,5000,Sell,232554097
2024-08-19 09:31:53,38400.0,2100,Sell,232554096
2024-08-19 09:31:53,38400.0,200,Sell,232554099
2024-08-19 09:31:56,38400.0,500,Sell,232554202
2024-08-19 09:31:58,38400.0,100,Sell,232554247
2024-08-19 09:32:00,38400.0,300,Sell,232554311
2024-08-19 09:32:00,38400.0,100,Sell,232554312
2024-08-19 09:32:20,38400.0,200,Buy,232554973
2024-08-19 09:32:20,38400.0,200,Buy,232554972
2024-08-19 09:32:20,38400.0,600,Buy,232554971
2024-08-19 09:32:24,38400.0,400,Buy,232555109
2024-08-19 09:32:24,38400.0,400,Buy,232555110
2024-08-19 09:32:24,38400.0,200,Buy,232555111
2024-08-19 09:32:26,38400.0,100,Sell,232555143
2024-08-19 09:32:47,38400.0,500,Buy,232555829
2024-08-19 09:32:47,38400.0,500,Buy,232555832
2024-08-19 09:32:47,38400.0,2000,Buy,232555828
2024-08-19 09:32:47,38400.0,100,Buy,232555830
2024-08-19 09:32:47,38400.0,2300,Buy,232555831
2024-08-19 09:32:51,38400.0,100,Sell,232555967
2024-08-19 09:32:51,38400.0,3000,Sell,232555968
2024-08-19 09:33:10,38400.0,5000,Sell,232556675
2024-08-19 09:33:14,38400.0,100,Sell,232556746
2024-08-19 09:33:19,38400.0,4000,Sell,232556873
2024-08-19 09:33:19,38400.0,600,Sell,232556870
2024-08-19 09:33:21,38400.0,500,Sell,232556896
2024-08-19 09:33:23,38400.0,400,Sell,232556968
2024-08-19 09:33:31,38400.0,200,Sell,232557185
2024-08-19 09:33:31,38450.0,400,Buy,232557186
2024-08-19 09:33:36,38400.0,1300,Sell,232557296
2024-08-19 09:33:36,38400.0,700,Sell,232557294
2024-08-19 09:33:36,38400.0,8000,Sell,232557295
2024-08-19 09:33:45,38400.0,200,Sell,232557582
2024-08-19 09:33:48,38400.0,200,Sell,232557670
2024-08-19 09:33:56,38450.0,100,Buy,232557944
2024-08-19 09:33:56,38450.0,2400,Buy,232557945
2024-08-19 09:34:10,38450.0,300,Buy,232558408
2024-08-19 09:34:14,38400.0,200,Sell,232558493
2024-08-19 09:34:25,38450.0,1000,Buy,232558768
2024-08-19 09:34:47,38400.0,100,Sell,232559505
2024-08-19 09:34:47,38400.0,100,Sell,232559506
2024-08-19 09:34:53,38450.0,4000,Buy,232559704
2024-08-19 09:35:02,38450.0,1700,Buy,232559918
2024-08-19 09:35:08,38400.0,1000,Sell,232560032
2024-08-19 09:35:08,38450.0,10000,Buy,232560037
2024-08-19 09:35:11,38450.0,200,Buy,232560094
2024-08-19 09:35:14,38450.0,500,Buy,232560184
2024-08-19 09:35:14,38450.0,500,Buy,232560185
2024-08-19 09:35:14,38450.0,100,Buy,232560182
2024-08-19 09:35:14,38450.0,100,Buy,232560183
2024-08-19 09:35:14,38450.0,100,Buy,232560180
2024-08-19 09:35:14,38450.0,400,Buy,232560177
2024-08-19 09:35:14,38450.0,1000,Buy,232560179
2024-08-19 09:35:14,38450.0,200,Buy,232560178
2024-08-19 09:35:14,38450.0,2000,Buy,232560181
2024-08-19 09:35:48,38450.0,2000,Sell,232561180
2024-08-19 09:35:58,38450.0,500,Sell,232561524
2024-08-19 09:36:00,38500.0,400,Buy,232561599
2024-08-19 09:36:01,38450.0,500,Sell,232561657
2024-08-19 09:36:05,38450.0,100,Sell,232561776
2024-08-19 09:36:11,38450.0,2000,Sell,232562141
2024-08-19 09:36:37,38450.0,100,Sell,232563139
2024-08-19 09:36:37,38450.0,700,Sell,232563140
2024-08-19 09:36:41,38450.0,100,Sell,232563298
2024-08-19 09:36:53,38500.0,1000,Buy,232563675
2024-08-19 09:36:58,38450.0,200,Sell,232563866
2024-08-19 09:37:04,38500.0,10000,Buy,232564110
2024-08-19 09:37:12,38500.0,1200,Buy,232564474
2024-08-19 09:37:12,38500.0,200,Buy,232564473
2024-08-19 09:37:12,38500.0,400,Buy,232564472
2024-08-19 09:37:12,38500.0,100,Buy,232564471
2024-08-19 09:37:12,38500.0,1000,Buy,232564468
2024-08-19 09:37:12,38500.0,500,Buy,232564469
2024-08-19 09:37:12,38500.0,500,Buy,232564467
2024-08-19 09:37:12,38500.0,100,Buy,232564466
2024-08-19 09:37:12,38500.0,5000,Buy,232564465
2024-08-19 09:37:12,38500.0,1000,Buy,232564470
2024-08-19 09:37:14,38500.0,100,Buy,232564536
2024-08-19 09:37:14,38500.0,500,Buy,232564537
2024-08-19 09:37:14,38500.0,100,Buy,232564538
2024-08-19 09:37:14,38500.0,200,Buy,232564539
2024-08-19 09:37:14,38500.0,5000,Buy,232564540
2024-08-19 09:37:14,38500.0,5000,Buy,232564543
2024-08-19 09:37:14,38500.0,2000,Buy,232564542
2024-08-19 09:37:14,38500.0,700,Buy,232564544
2024-08-19 09:37:14,38500.0,100,Buy,232564545
2024-08-19 09:37:14,38500.0,2000,Buy,232564546
2024-08-19 09:37:14,38500.0,500,Buy,232564535
2024-08-19 09:37:14,38500.0,200,Buy,232564541
2024-08-19 09:37:14,38500.0,5000,Buy,232564533
2024-08-19 09:37:14,38500.0,500,Buy,232564534
2024-08-19 09:37:14,38500.0,1000,Buy,232564531
2024-08-19 09:37:14,38500.0,100,Buy,232564519
2024-08-19 09:37:14,38500.0,2600,Buy,232564520
2024-08-19 09:37:14,38500.0,100,Buy,232564521
2024-08-19 09:37:14,38500.0,400,Buy,232564522
2024-08-19 09:37:14,38500.0,100,Buy,232564524
2024-08-19 09:37:14,38500.0,2000,Buy,232564525
2024-08-19 09:37:14,38500.0,500,Buy,232564523
2024-08-19 09:37:14,38500.0,400,Buy,232564527
2024-08-19 09:37:14,38500.0,200,Buy,232564528
2024-08-19 09:37:14,38500.0,100,Buy,232564529
2024-08-19 09:37:14,38500.0,300,Buy,232564530
2024-08-19 09:37:14,38500.0,3800,Buy,232564518
2024-08-19 09:37:14,38500.0,500,Buy,232564526
2024-08-19 09:37:14,38500.0,2200,Buy,232564532
2024-08-19 09:37:29,38500.0,200,Sell,232565191
2024-08-19 09:37:37,38550.0,500,Buy,232565544
2024-08-19 09:37:42,38550.0,1000,Buy,232565783
2024-08-19 09:37:53,38550.0,200,Buy,232566156
2024-08-19 09:37:57,38550.0,1000,Buy,232566269
2024-08-19 09:37:58,38550.0,400,Buy,232566317
2024-08-19 09:37:58,38550.0,400,Buy,232566315
2024-08-19 09:38:11,38500.0,100,Sell,232566850
2024-08-19 09:38:15,38550.0,1000,Buy,232566986
2024-08-19 09:38:24,38550.0,3000,Buy,232567410
2024-08-19 09:38:29,38550.0,300,Buy,232567616
2024-08-19 09:38:34,38550.0,100,Buy,232567776
2024-08-19 09:38:35,38550.0,200,Buy,232567806
2024-08-19 09:38:39,38550.0,900,Buy,232568027
2024-08-19 09:38:39,38550.0,2000,Buy,232568028
2024-08-19 09:38:39,38550.0,200,Buy,232568029
2024-08-19 09:38:39,38550.0,1900,Buy,232568030
2024-08-19 09:38:41,38550.0,6600,Buy,232568073
2024-08-19 09:38:42,38550.0,500,Buy,232568105
2024-08-19 09:38:42,38550.0,200,Buy,232568104
2024-08-19 09:38:43,38550.0,5000,Buy,232568151
2024-08-19 09:38:43,38550.0,2300,Buy,232568150
2024-08-19 09:38:43,38550.0,1000,Buy,232568149
2024-08-19 09:38:43,38550.0,100,Buy,232568148
2024-08-19 09:38:43,38550.0,5000,Buy,232568147
2024-08-19 09:38:43,38550.0,2000,Buy,232568146
2024-08-19 09:38:43,38550.0,100,Buy,232568145
2024-08-19 09:38:43,38550.0,200,Buy,232568142
2024-08-19 09:38:43,38550.0,100,Buy,232568143
2024-08-19 09:38:43,38550.0,200,Buy,232568141
2024-08-19 09:38:43,38550.0,200,Buy,232568140
2024-08-19 09:38:43,38550.0,2000,Buy,232568139
2024-08-19 09:38:43,38550.0,300,Buy,232568138
2024-08-19 09:38:43,38550.0,100,Buy,232568137
2024-08-19 09:38:43,38550.0,800,Buy,232568136
2024-08-19 09:38:43,38550.0,100,Buy,232568144
2024-08-19 09:39:02,38600.0,100,Buy,232568972
2024-08-19 09:39:03,38600.0,300,Buy,232569042
2024-08-19 09:39:03,38600.0,500,Buy,232569041
2024-08-19 09:39:03,38600.0,200,Buy,232569040
2024-08-19 09:39:03,38600.0,200,Buy,232569039
2024-08-19 09:39:03,38600.0,300,Buy,232569038
2024-08-19 09:39:03,38600.0,1000,Buy,232569036
2024-08-19 09:39:03,38600.0,1000,Buy,232569035
2024-08-19 09:39:03,38600.0,100,Buy,232569037
2024-08-19 09:39:03,38600.0,1200,Buy,232569033
2024-08-19 09:39:03,38600.0,1600,Buy,232569032
2024-08-19 09:39:03,38600.0,1000,Buy,232569031
2024-08-19 09:39:03,38600.0,17300,Buy,232569030
2024-08-19 09:39:03,38600.0,2700,Buy,232569029
2024-08-19 09:39:03,38600.0,3000,Buy,232569028
2024-08-19 09:39:03,38600.0,600,Buy,232569027
2024-08-19 09:39:03,38600.0,2000,Buy,232569034
2024-08-19 09:39:04,38550.0,1000,Sell,232569092
2024-08-19 09:39:05,38600.0,100,Buy,232569118
2024-08-19 09:39:09,38600.0,100,Buy,232569294
2024-08-19 09:39:09,38600.0,1000,Buy,232569295
2024-08-19 09:39:09,38600.0,5000,Buy,232569296
2024-08-19 09:39:09,38600.0,100,Buy,232569297
2024-08-19 09:39:09,38600.0,100,Buy,232569301
2024-08-19 09:39:09,38600.0,600,Buy,232569298
2024-08-19 09:39:09,38600.0,100,Buy,232569299
2024-08-19 09:39:09,38600.0,500,Buy,232569300
2024-08-19 09:39:09,38600.0,3000,Buy,232569302
2024-08-19 09:39:09,38600.0,100,Buy,232569293
2024-08-19 09:39:09,38600.0,500,Buy,232569292
2024-08-19 09:39:09,38600.0,2000,Buy,232569280
2024-08-19 09:39:09,38600.0,100,Buy,232569286
2024-08-19 09:39:09,38600.0,1600,Buy,232569275
2024-08-19 09:39:09,38600.0,100,Buy,232569276
2024-08-19 09:39:09,38600.0,100,Buy,232569277
2024-08-19 09:39:09,38600.0,100,Buy,232569278
2024-08-19 09:39:09,38600.0,300,Buy,232569279
2024-08-19 09:39:09,38600.0,100,Buy,232569287
2024-08-19 09:39:09,38600.0,100,Buy,232569282
2024-08-19 09:39:09,38600.0,100,Buy,232569285
2024-08-19 09:39:09,38600.0,300,Buy,232569281
2024-08-19 09:39:09,38600.0,200,Buy,232569283
2024-08-19 09:39:09,38600.0,1000,Buy,232569284
2024-08-19 09:39:38,38600.0,100,Sell,232570416
2024-08-19 09:39:40,38650.0,1000,Buy,232570489
2024-08-19 09:39:42,38650.0,100,Buy,232570570
2024-08-19 09:39:42,38650.0,100,Buy,232570569
2024-08-19 09:39:42,38650.0,100,Buy,232570568
2024-08-19 09:39:42,38650.0,10000,Buy,232570567
2024-08-19 09:39:42,38650.0,2000,Buy,232570566
2024-08-19 09:39:42,38650.0,300,Buy,232570565
2024-08-19 09:39:42,38650.0,300,Buy,232570564
2024-08-19 09:39:42,38650.0,600,Buy,232570563
2024-08-19 09:39:42,38650.0,100,Buy,232570562
2024-08-19 09:39:42,38650.0,100,Buy,232570561
2024-08-19 09:39:42,38650.0,1000,Buy,232570559
2024-08-19 09:39:42,38650.0,100,Buy,232570571
2024-08-19 09:39:42,38650.0,1000,Buy,232570557
2024-08-19 09:39:42,38650.0,5000,Buy,232570556
2024-08-19 09:39:42,38650.0,1000,Buy,232570555
2024-08-19 09:39:42,38650.0,200,Buy,232570554
2024-08-19 09:39:42,38650.0,200,Buy,232570553
2024-08-19 09:39:42,38650.0,2000,Buy,232570552
2024-08-19 09:39:42,38650.0,9000,Buy,232570551
2024-08-19 09:39:42,38650.0,11000,Buy,232570550
2024-08-19 09:39:42,38650.0,200,Buy,232570560
2024-08-19 09:39:42,38650.0,600,Buy,232570558
2024-08-19 09:39:45,38650.0,100,Sell,232570686
2024-08-19 09:39:46,38600.0,100,Sell,232570789
2024-08-19 09:39:46,38650.0,4900,Sell,232570788
2024-08-19 09:39:50,38650.0,200,Buy,232570962
2024-08-19 09:39:51,38650.0,100,Sell,232571012
2024-08-19 09:39:58,38650.0,10000,Sell,232571228
2024-08-19 09:40:01,38650.0,500,Sell,232571365
2024-08-19 09:40:04,38650.0,1000,Sell,232571454
2024-08-19 09:40:05,38650.0,1000,Sell,232571494
2024-08-19 09:40:07,38650.0,2000,Sell,232571552
2024-08-19 09:40:09,38650.0,2000,Sell,232571625
2024-08-19 09:40:13,38650.0,1000,Sell,232571788
2024-08-19 09:40:22,38650.0,100,Sell,232572286
2024-08-19 09:40:25,38650.0,1000,Sell,232572422
2024-08-19 09:40:35,38650.0,1000,Sell,232572856
2024-08-19 09:40:37,38650.0,2500,Sell,232572921
2024-08-19 09:40:37,38650.0,3200,Sell,232572922
2024-08-19 09:40:37,38650.0,3000,Sell,232572923
2024-08-19 09:40:57,38600.0,100,Sell,232574060
2024-08-19 09:40:58,38650.0,400,Buy,232574123
2024-08-19 09:41:00,38600.0,400,Sell,232574239
2024-08-19 09:41:05,38650.0,100,Buy,232574392
2024-08-19 09:41:05,38650.0,900,Buy,232574391
2024-08-19 09:41:11,38650.0,200,Buy,232574580
2024-08-19 09:41:11,38650.0,100,Buy,232574581
2024-08-19 09:41:11,38650.0,200,Buy,232574582
2024-08-19 09:41:15,38600.0,800,Sell,232574789
2024-08-19 09:41:19,38650.0,200,Buy,232574901
2024-08-19 09:41:19,38650.0,200,Buy,232574902
2024-08-19 09:41:19,38650.0,100,Buy,232574903
2024-08-19 09:41:21,38650.0,400,Buy,232574967
2024-08-19 09:41:21,38650.0,100,Buy,232574968
2024-08-19 09:41:24,38650.0,100,Buy,232575102
2024-08-19 09:41:40,38650.0,4800,Buy,232575579
2024-08-19 09:41:40,38650.0,200,Buy,232575580
2024-08-19 09:41:45,38650.0,500,Buy,232575743
2024-08-19 09:42:12,38600.0,100,Sell,232576614
2024-08-19 09:42:21,38650.0,300,Buy,232576896
2024-08-19 09:42:34,38600.0,800,Sell,232577322
2024-08-19 09:42:34,38650.0,1000,Buy,232577320
2024-08-19 09:42:34,38600.0,1200,Sell,232577321
2024-08-19 09:42:36,38600.0,200,Sell,232577413
2024-08-19 09:42:36,38600.0,200,Sell,232577414
2024-08-19 09:42:36,38600.0,100,Sell,232577415
2024-08-19 09:42:39,38600.0,2000,Sell,232577488
2024-08-19 09:42:40,38650.0,1000,Buy,232577519
2024-08-19 09:42:42,38600.0,200,Sell,232577576
2024-08-19 09:42:42,38600.0,1000,Sell,232577577
2024-08-19 09:42:42,38600.0,1100,Sell,232577578
2024-08-19 09:42:42,38600.0,8900,Sell,232577584
2024-08-19 09:42:42,38600.0,300,Sell,232577585
2024-08-19 09:42:42,38600.0,5000,Sell,232577586
2024-08-19 09:42:43,38600.0,600,Buy,232577624
2024-08-19 09:42:43,38650.0,400,Buy,232577625
2024-08-19 09:42:57,38600.0,1000,Buy,232578108
2024-08-19 09:42:57,38600.0,1000,Sell,232578107
2024-08-19 09:43:10,38600.0,1000,Sell,232578709
2024-08-19 09:43:10,38600.0,200,Sell,232578710
2024-08-19 09:43:13,38600.0,100,Buy,232578810
2024-08-19 09:43:18,38600.0,1000,Buy,232579074
2024-08-19 09:43:26,38600.0,400,Buy,232579390
2024-08-19 09:43:28,38600.0,1000,Buy,232579485
2024-08-19 09:43:37,38550.0,3400,Sell,232579847
2024-08-19 09:43:43,38600.0,1300,Buy,232580067
2024-08-19 09:43:54,38550.0,100,Sell,232580485
2024-08-19 09:44:08,38550.0,500,Sell,232581052
2024-08-19 09:44:16,38550.0,900,Sell,232581280
2024-08-19 09:44:20,38600.0,1000,Buy,232581377
2024-08-19 09:44:22,38550.0,4600,Sell,232581437
2024-08-19 09:44:22,38550.0,100,Sell,232581438
2024-08-19 09:44:22,38550.0,100,Sell,232581439
2024-08-19 09:44:22,38550.0,200,Sell,232581440
2024-08-19 09:44:28,38600.0,500,Buy,232581641
2024-08-19 09:44:28,38600.0,400,Buy,232581640
2024-08-19 09:44:28,38600.0,100,Buy,232581639
2024-08-19 09:44:47,38600.0,100,Buy,232582235
2024-08-19 09:44:54,38550.0,800,Sell,232582510
2024-08-19 09:44:54,38550.0,500,Sell,232582511
2024-08-19 09:44:54,38550.0,1000,Sell,232582512
2024-08-19 09:44:54,38550.0,700,Sell,232582513
2024-08-19 09:44:54,38550.0,500,Sell,232582514
2024-08-19 09:44:54,38550.0,1000,Sell,232582515
2024-08-19 09:44:54,38550.0,2000,Sell,232582516
2024-08-19 09:44:54,38550.0,400,Sell,232582517
2024-08-19 09:45:07,38550.0,500,Sell,232583039
2024-08-19 09:45:07,38550.0,500,Sell,232583038
2024-08-19 09:45:08,38550.0,100,Sell,232583071
2024-08-19 09:45:09,38550.0,100,Sell,232583105
2024-08-19 09:45:19,38550.0,3900,Sell,232583369
2024-08-19 09:45:24,38550.0,1000,Sell,232583489
2024-08-19 09:45:29,38550.0,1000,Sell,232583626
2024-08-19 09:45:30,38550.0,300,Sell,232583684
2024-08-19 09:45:30,38550.0,1000,Sell,232583683
2024-08-19 09:45:30,38550.0,1000,Sell,232583682
2024-08-19 09:45:30,38550.0,1000,Sell,232583681
2024-08-19 09:45:30,38550.0,3400,Sell,232583675
2024-08-19 09:45:30,38550.0,200,Sell,232583679
2024-08-19 09:45:30,38550.0,100,Sell,232583678
2024-08-19 09:45:30,38550.0,600,Sell,232583677
2024-08-19 09:45:30,38550.0,100,Sell,232583676
2024-08-19 09:45:30,38550.0,1000,Sell,232583680
2024-08-19 09:45:31,38550.0,700,Sell,232583721
2024-08-19 09:45:31,38550.0,600,Sell,232583722
2024-08-19 09:45:46,38550.0,200,Sell,232584155
2024-08-19 09:45:47,38550.0,100,Sell,232584190
2024-08-19 09:45:55,38550.0,300,Sell,232584434
2024-08-19 09:45:55,38550.0,500,Sell,232584433
2024-08-19 09:45:55,38550.0,700,Sell,232584432
2024-08-19 09:45:55,38550.0,100,Sell,232584429
2024-08-19 09:45:55,38550.0,1000,Sell,232584430
2024-08-19 09:45:55,38550.0,100,Sell,232584431
2024-08-19 09:45:55,38600.0,400,Buy,232584416
2024-08-19 09:45:55,38550.0,100,Sell,232584428
2024-08-19 09:46:04,38550.0,1000,Buy,232584721
2024-08-19 09:46:15,38550.0,3000,Buy,232584942
2024-08-19 09:46:29,38550.0,400,Buy,232585400
2024-08-19 09:46:30,38550.0,2000,Buy,232585451
2024-08-19 09:46:33,38550.0,100,Buy,232585699
2024-08-19 09:46:49,38550.0,100,Buy,232586391
2024-08-19 09:46:49,38550.0,100,Buy,232586392
2024-08-19 09:46:49,38550.0,2000,Buy,232586393
2024-08-19 09:46:49,38550.0,100,Buy,232586394
2024-08-19 09:46:49,38550.0,1000,Buy,232586395
2024-08-19 09:46:49,38550.0,100,Buy,232586396
2024-08-19 09:46:49,38550.0,700,Buy,232586390
2024-08-19 09:46:49,38550.0,900,Buy,232586397
2024-08-19 09:46:52,38550.0,1300,Buy,232586707
2024-08-19 09:47:09,38550.0,100,Buy,232587193
2024-08-19 09:47:09,38550.0,100,Buy,232587194
2024-08-19 09:47:17,38550.0,1000,Buy,232587517
2024-08-19 09:47:23,38550.0,2000,Buy,232587797
2024-08-19 09:47:24,38550.0,500,Buy,232587828
2024-08-19 09:47:26,38550.0,500,Buy,232587922
2024-08-19 09:47:30,38550.0,200,Buy,232588048
2024-08-19 09:47:30,38550.0,2000,Buy,232588046
2024-08-19 09:47:30,38550.0,1000,Buy,232588047
2024-08-19 09:47:30,38550.0,5900,Buy,232588045
2024-08-19 09:47:52,38550.0,900,Sell,232588935
2024-08-19 09:47:52,38550.0,3600,Sell,232588936
2024-08-19 09:47:54,38600.0,1700,Buy,232589009
2024-08-19 09:47:54,38600.0,300,Buy,232589010
2024-08-19 09:47:54,38600.0,1000,Buy,232589023
2024-08-19 09:47:54,38550.0,1200,Sell,232589033
2024-08-19 09:48:08,38550.0,200,Sell,232589503
2024-08-19 09:48:12,38550.0,2000,Sell,232589608
2024-08-19 09:48:13,38550.0,200,Sell,232589639
2024-08-19 09:48:15,38550.0,100,Sell,232589699
2024-08-19 09:48:16,38550.0,200,Sell,232589705
2024-08-19 09:48:21,38550.0,1000,Sell,232589891
2024-08-19 09:48:24,38600.0,300,Buy,232589962
2024-08-19 09:48:33,38550.0,100,Sell,232590342
2024-08-19 09:48:53,38600.0,1000,Buy,232591093
2024-08-19 09:48:54,38550.0,100,Sell,232591163
2024-08-19 09:49:11,38550.0,1300,Sell,232591739
2024-08-19 09:49:11,38550.0,500,Sell,232591740
2024-08-19 09:49:11,38550.0,500,Sell,232591741
2024-08-19 09:49:11,38550.0,400,Sell,232591742
2024-08-19 09:49:11,38550.0,100,Sell,232591743
2024-08-19 09:49:11,38550.0,1000,Sell,232591744
2024-08-19 09:49:11,38550.0,200,Sell,232591745
2024-08-19 09:49:11,38550.0,3000,Sell,232591746
2024-08-19 09:49:11,38550.0,1000,Sell,232591747
2024-08-19 09:49:11,38550.0,12000,Sell,232591748
2024-08-19 09:49:18,38600.0,100,Buy,232592044
2024-08-19 09:49:18,38550.0,1000,Sell,232592051
2024-08-19 09:49:20,38550.0,100,Sell,232592114
2024-08-19 09:49:31,38550.0,600,Sell,232592519
2024-08-19 09:49:31,38600.0,10000,Buy,232592503
2024-08-19 09:49:33,38600.0,4600,Buy,232592589
2024-08-19 09:49:33,38600.0,100,Buy,232592590
2024-08-19 09:49:36,38600.0,2300,Buy,232592704
2024-08-19 09:49:36,38600.0,100,Buy,232592698
2024-08-19 09:49:36,38600.0,400,Buy,232592699
2024-08-19 09:49:36,38600.0,10000,Buy,232592700
2024-08-19 09:49:36,38600.0,500,Buy,232592701
2024-08-19 09:49:36,38600.0,500,Buy,232592702
2024-08-19 09:49:36,38600.0,100,Buy,232592703
2024-08-19 09:49:36,38600.0,500,Buy,232592705
2024-08-19 09:49:36,38600.0,2000,Buy,232592714
2024-08-19 09:49:36,38600.0,100,Buy,232592707
2024-08-19 09:49:36,38600.0,100,Buy,232592708
2024-08-19 09:49:36,38600.0,100,Buy,232592709
2024-08-19 09:49:36,38600.0,100,Buy,232592710
2024-08-19 09:49:36,38600.0,500,Buy,232592711
2024-08-19 09:49:36,38600.0,100,Buy,232592712
2024-08-19 09:49:36,38600.0,600,Buy,232592713
2024-08-19 09:49:36,38600.0,100,Buy,232592706
2024-08-19 09:49:36,38600.0,500,Buy,232592695
2024-08-19 09:49:36,38600.0,100,Buy,232592692
2024-08-19 09:49:36,38600.0,100,Buy,232592693
2024-08-19 09:49:36,38600.0,3000,Buy,232592694
2024-08-19 09:49:36,38600.0,900,Buy,232592675
2024-08-19 09:49:36,38600.0,300,Buy,232592676
2024-08-19 09:49:36,38600.0,100,Buy,232592677
2024-08-19 09:49:36,38600.0,2000,Buy,232592678
2024-08-19 09:49:36,38600.0,400,Buy,232592679
2024-08-19 09:49:36,38600.0,200,Buy,232592680
2024-08-19 09:49:36,38600.0,200,Buy,232592681
2024-08-19 09:49:36,38600.0,100,Buy,232592682
2024-08-19 09:49:36,38600.0,100,Buy,232592691
2024-08-19 09:49:36,38600.0,10000,Buy,232592684
2024-08-19 09:49:36,38600.0,500,Buy,232592685
2024-08-19 09:49:36,38600.0,1000,Buy,232592686
2024-08-19 09:49:36,38600.0,500,Buy,232592687
2024-08-19 09:49:36,38600.0,10000,Buy,232592688
2024-08-19 09:49:36,38600.0,500,Buy,232592689
2024-08-19 09:49:36,38600.0,2000,Buy,232592690
2024-08-19 09:49:36,38600.0,100,Buy,232592683
2024-08-19 09:49:40,38600.0,100,Sell,232592914
2024-08-19 09:49:42,38600.0,4000,Sell,232592987
2024-08-19 09:49:42,38600.0,14200,Sell,232592988
2024-08-19 09:50:01,38600.0,1000,Buy,232593571
2024-08-19 09:50:06,38600.0,10000,Buy,232593709
2024-08-19 09:50:09,38600.0,200,Buy,232593806
2024-08-19 09:50:09,38600.0,800,Buy,232593805
2024-08-19 09:50:15,38600.0,300,Buy,232594064
2024-08-19 09:50:15,38600.0,500,Buy,232594065
2024-08-19 09:50:15,38600.0,200,Buy,232594066
2024-08-19 09:50:20,38600.0,100,Buy,232594255
2024-08-19 09:50:22,38600.0,900,Buy,232594310
2024-08-19 09:50:22,38600.0,100,Buy,232594311
2024-08-19 09:50:41,38600.0,43400,Buy,232594849
2024-08-19 09:50:41,38600.0,6600,Buy,232594850
2024-08-19 09:50:48,38600.0,2000,Buy,232595082
2024-08-19 09:50:48,38600.0,1000,Buy,232595080
2024-08-19 09:50:48,38600.0,100,Buy,232595081
2024-08-19 09:50:48,38600.0,1000,Buy,232595079
2024-08-19 09:50:52,38600.0,1000,Sell,232595216
2024-08-19 09:50:53,38650.0,400,Buy,232595237
2024-08-19 09:51:06,38600.0,300,Sell,232595716
2024-08-19 09:51:16,38600.0,100,Sell,232596131
2024-08-19 09:51:30,38600.0,500,Sell,232596674
2024-08-19 09:51:40,38600.0,100,Sell,232597044
2024-08-19 09:51:48,38600.0,100,Sell,232597323
2024-08-19 09:51:48,38600.0,300,Sell,232597338
2024-08-19 09:52:19,38600.0,3500,Sell,232598457
2024-08-19 09:52:19,38600.0,30000,Sell,232598458
2024-08-19 09:52:19,38600.0,1000,Sell,232598459
2024-08-19 09:52:19,38600.0,1000,Sell,232598460
2024-08-19 09:52:19,38600.0,7900,Sell,232598461
2024-08-19 09:52:19,38600.0,6600,Sell,232598466
2024-08-19 09:52:21,38650.0,1000,Buy,232598505
2024-08-19 09:52:37,38600.0,3000,Sell,232599051
2024-08-19 09:52:38,38600.0,1000,Sell,232599146
2024-08-19 09:52:38,38600.0,1600,Sell,232599147
2024-08-19 09:52:38,38600.0,1000,Sell,232599148
2024-08-19 09:52:38,38550.0,800,Sell,232599149
2024-08-19 09:52:38,38600.0,2500,Sell,232599145
2024-08-19 09:53:22,38600.0,400,Buy,232600608
2024-08-19 09:53:34,38600.0,600,Buy,232601032
2024-08-19 09:53:34,38600.0,100,Buy,232601033
2024-08-19 09:53:34,38600.0,100,Buy,232601034
2024-08-19 09:53:34,38600.0,200,Buy,232601035
2024-08-19 09:53:38,38600.0,10000,Buy,232601138
2024-08-19 09:53:39,38600.0,800,Buy,232601166
2024-08-19 09:53:47,38600.0,200,Buy,232601450
2024-08-19 09:54:00,38600.0,6200,Buy,232601822
2024-08-19 09:54:00,38600.0,2600,Buy,232601828
2024-08-19 09:54:15,38600.0,1000,Buy,232602408
2024-08-19 09:54:25,38550.0,21000,Sell,232602782
2024-08-19 09:54:46,38550.0,1000,Sell,232603445
2024-08-19 09:55:00,38550.0,500,Sell,232603805
2024-08-19 09:55:06,38550.0,10000,Sell,232603964
2024-08-19 09:55:07,38600.0,1700,Buy,232603986
2024-08-19 09:55:07,38600.0,6000,Buy,232603987
2024-08-19 09:55:09,38550.0,1000,Sell,232604072
2024-08-19 09:55:27,38550.0,500,Sell,232604651
2024-08-19 09:55:28,38550.0,1000,Sell,232604675
2024-08-19 09:55:39,38550.0,200,Sell,232605133
2024-08-19 09:55:39,38550.0,300,Sell,232605138
2024-08-19 09:55:39,38550.0,200,Sell,232605139
2024-08-19 09:55:40,38550.0,4800,Sell,232605169
2024-08-19 09:55:40,38550.0,200,Sell,232605170
2024-08-19 09:55:46,38550.0,200,Sell,232605351
2024-08-19 09:55:50,38600.0,300,Buy,232605474
2024-08-19 09:56:05,38650.0,100,Buy,232605879
2024-08-19 09:56:05,38600.0,700,Buy,232605873
2024-08-19 09:56:05,38600.0,100,Buy,232605874
2024-08-19 09:56:05,38600.0,900,Buy,232605875
2024-08-19 09:56:05,38650.0,5200,Buy,232605876
2024-08-19 09:56:05,38650.0,100,Buy,232605877
2024-08-19 09:56:05,38650.0,10000,Buy,232605878
2024-08-19 09:56:05,38650.0,4400,Buy,232605880
2024-08-19 09:56:05,38650.0,100,Buy,232605888
2024-08-19 09:56:05,38650.0,1000,Buy,232605882
2024-08-19 09:56:05,38650.0,1000,Buy,232605883
2024-08-19 09:56:05,38650.0,200,Buy,232605884
2024-08-19 09:56:05,38650.0,2000,Buy,232605885
2024-08-19 09:56:05,38600.0,100,Buy,232605870
2024-08-19 09:56:05,38650.0,100,Buy,232605889
2024-08-19 09:56:05,38650.0,4000,Buy,232605890
2024-08-19 09:56:05,38650.0,11100,Buy,232605891
2024-08-19 09:56:05,38650.0,100,Buy,232605881
2024-08-19 09:56:05,38600.0,100,Buy,232605869
2024-08-19 09:56:05,38600.0,2600,Buy,232605872
2024-08-19 09:56:05,38600.0,100,Buy,232605867
2024-08-19 09:56:05,38600.0,11000,Buy,232605848
2024-08-19 09:56:05,38600.0,1000,Buy,232605868
2024-08-19 09:56:05,38600.0,3000,Buy,232605850
2024-08-19 09:56:05,38600.0,100,Buy,232605851
2024-08-19 09:56:05,38600.0,200,Buy,232605852
2024-08-19 09:56:05,38600.0,100,Buy,232605853
2024-08-19 09:56:05,38600.0,1000,Buy,232605854
2024-08-19 09:56:05,38600.0,10000,Buy,232605855
2024-08-19 09:56:05,38600.0,5000,Buy,232605856
2024-08-19 09:56:05,38600.0,3000,Buy,232605857
2024-08-19 09:56:05,38600.0,100,Buy,232605849
2024-08-19 09:56:05,38600.0,500,Buy,232605859
2024-08-19 09:56:05,38600.0,1100,Buy,232605858
2024-08-19 09:56:05,38600.0,100,Buy,232605866
2024-08-19 09:56:05,38600.0,300,Buy,232605865
2024-08-19 09:56:05,38600.0,1000,Buy,232605864
2024-08-19 09:56:05,38600.0,100,Buy,232605871
2024-08-19 09:56:05,38600.0,1000,Buy,232605862
2024-08-19 09:56:05,38600.0,15900,Buy,232605863
2024-08-19 09:56:05,38600.0,1000,Buy,232605861
2024-08-19 09:56:05,38600.0,500,Buy,232605860
2024-08-19 09:56:14,38600.0,100,Buy,232606193
2024-08-19 09:56:14,38600.0,200,Buy,232606194
2024-08-19 09:56:14,38600.0,1700,Buy,232606195
2024-08-19 09:56:20,38600.0,100,Buy,232606357
2024-08-19 09:56:23,38600.0,10000,Buy,232606520
2024-08-19 09:56:52,38600.0,10000,Buy,232607375
2024-08-19 09:57:29,38600.0,400,Buy,232608691
2024-08-19 09:57:48,38600.0,1000,Buy,232609131
2024-08-19 09:57:56,38600.0,100,Buy,232609453
2024-08-19 09:58:07,38550.0,100,Sell,232609773
2024-08-19 09:58:15,38550.0,500,Sell,232609950
2024-08-19 09:58:15,38550.0,1500,Sell,232609951
2024-08-19 09:58:19,38600.0,400,Buy,232610062
2024-08-19 09:58:25,38600.0,200,Buy,232610334
2024-08-19 09:58:36,38550.0,200,Sell,232610644
2024-08-19 09:58:36,38550.0,100,Sell,232610649
2024-08-19 09:58:39,38600.0,500,Buy,232610733
2024-08-19 09:58:40,38550.0,1000,Sell,232610758
2024-08-19 09:58:43,38550.0,100,Sell,232610839
2024-08-19 09:58:45,38550.0,2000,Sell,232610868
2024-08-19 09:58:47,38600.0,5200,Buy,232610939
2024-08-19 09:58:58,38600.0,400,Buy,232611223
2024-08-19 09:58:58,38600.0,100,Buy,232611224
2024-08-19 09:59:03,38600.0,1400,Buy,232611352
2024-08-19 09:59:05,38550.0,1000,Sell,232611406
2024-08-19 09:59:07,38550.0,100,Sell,232611484
2024-08-19 09:59:15,38550.0,200,Sell,232611671
2024-08-19 09:59:20,38550.0,8800,Sell,232611827
2024-08-19 09:59:20,38550.0,100,Sell,232611826
2024-08-19 09:59:20,38550.0,1000,Sell,232611824
2024-08-19 09:59:20,38550.0,1100,Sell,232611823
2024-08-19 09:59:20,38550.0,13800,Sell,232611822
2024-08-19 09:59:20,38550.0,5200,Sell,232611825
2024-08-19 09:59:24,38550.0,1200,Sell,232611966
2024-08-19 09:59:24,38550.0,800,Sell,232611967
2024-08-19 09:59:26,38550.0,600,Sell,232612080
2024-08-19 09:59:27,38550.0,2000,Sell,232612103
2024-08-19 09:59:30,38550.0,500,Sell,232612243
2024-08-19 09:59:30,38550.0,100,Sell,232612242
2024-08-19 09:59:30,38550.0,1000,Sell,232612239
2024-08-19 09:59:30,38550.0,1000,Sell,232612240
2024-08-19 09:59:30,38550.0,1600,Sell,232612238
2024-08-19 09:59:30,38550.0,100,Sell,232612241
2024-08-19 09:59:43,38550.0,100,Buy,232612627
2024-08-19 10:00:11,38550.0,100,Buy,232613562
2024-08-19 10:00:13,38500.0,13500,Sell,232613603
2024-08-19 10:00:13,38500.0,1500,Sell,232613604
2024-08-19 10:00:20,38550.0,400,Buy,232613814
2024-08-19 10:00:24,38550.0,900,Buy,232613902
2024-08-19 10:00:24,38550.0,1000,Buy,232613901
2024-08-19 10:00:24,38550.0,100,Buy,232613900
2024-08-19 10:00:39,38550.0,200,Buy,232614436
2024-08-19 10:00:48,38550.0,100,Buy,232614673
2024-08-19 10:00:48,38550.0,300,Buy,232614674
2024-08-19 10:00:48,38550.0,100,Buy,232614686
2024-08-19 10:00:55,38550.0,500,Buy,232614882
2024-08-19 10:00:55,38550.0,5000,Buy,232614881
2024-08-19 10:00:55,38550.0,2000,Buy,232614878
2024-08-19 10:00:55,38550.0,1000,Buy,232614879
2024-08-19 10:00:55,38550.0,900,Buy,232614880
2024-08-19 10:00:55,38550.0,600,Buy,232614877
2024-08-19 10:01:01,38500.0,200,Sell,232615032
2024-08-19 10:01:13,38500.0,1000,Sell,232615307
2024-08-19 10:01:13,38500.0,200,Sell,232615314
2024-08-19 10:01:24,38500.0,1000,Sell,232615612
2024-08-19 10:01:40,38500.0,2000,Sell,232616053
2024-08-19 10:01:45,38500.0,100,Sell,232616147
2024-08-19 10:01:52,38500.0,200,Sell,232616287
2024-08-19 10:01:52,38500.0,600,Sell,232616288
2024-08-19 10:01:52,38500.0,200,Sell,232616289
2024-08-19 10:01:52,38500.0,800,Sell,232616290
2024-08-19 10:01:52,38500.0,400,Sell,232616291
2024-08-19 10:01:52,38500.0,4000,Sell,232616286
2024-08-19 10:01:59,38500.0,200,Sell,232616422
2024-08-19 10:02:07,38500.0,100,Sell,232616561
2024-08-19 10:02:09,38500.0,100,Sell,232616603
2024-08-19 10:02:16,38550.0,2000,Buy,232616726
2024-08-19 10:02:22,38500.0,20000,Sell,232616915
2024-08-19 10:02:25,38550.0,200,Buy,232617009
2024-08-19 10:02:28,38550.0,200,Buy,232617100
2024-08-19 10:02:32,38550.0,2000,Buy,232617182
2024-08-19 10:02:39,38550.0,100,Buy,232617464
2024-08-19 10:02:39,38550.0,900,Buy,232617465
2024-08-19 10:02:45,38500.0,13000,Sell,232617625
2024-08-19 10:02:46,38500.0,100,Sell,232617679
2024-08-19 10:02:58,38550.0,2000,Buy,232617913
2024-08-19 10:03:04,38550.0,100,Buy,232618040
2024-08-19 10:03:17,38550.0,300,Buy,232618234
2024-08-19 10:03:26,38550.0,1700,Buy,232618409
2024-08-19 10:03:26,38550.0,300,Buy,232618410
2024-08-19 10:03:27,38500.0,500,Sell,232618419
2024-08-19 10:04:09,38550.0,3700,Buy,232619513
2024-08-19 10:04:09,38550.0,100,Buy,232619512
2024-08-19 10:04:09,38550.0,1200,Buy,232619511
2024-08-19 10:04:15,38500.0,100,Sell,232619750
2024-08-19 10:04:23,38500.0,100,Sell,232619869
2024-08-19 10:04:29,38550.0,100,Buy,232620002
2024-08-19 10:04:29,38550.0,5000,Buy,232620003
2024-08-19 10:04:29,38550.0,3000,Buy,232620004
2024-08-19 10:04:29,38550.0,1000,Buy,232620005
2024-08-19 10:04:29,38600.0,15900,Buy,232620006
2024-08-19 10:04:29,38600.0,2600,Buy,232620007
2024-08-19 10:04:29,38600.0,300,Buy,232620008
2024-08-19 10:04:29,38550.0,5000,Buy,232620001
2024-08-19 10:04:29,38600.0,100,Buy,232620009
2024-08-19 10:04:29,38600.0,200,Buy,232620011
2024-08-19 10:04:29,38600.0,9900,Buy,232620012
2024-08-19 10:04:29,38600.0,5000,Buy,232620013
2024-08-19 10:04:29,38600.0,1000,Buy,232620014
2024-08-19 10:04:29,38600.0,2000,Buy,232620015
2024-08-19 10:04:29,38600.0,300,Buy,232620016
2024-08-19 10:04:29,38600.0,600,Buy,232620017
2024-08-19 10:04:29,38600.0,5000,Buy,232620010
2024-08-19 10:04:29,38550.0,100,Buy,232620000
2024-08-19 10:04:29,38550.0,13700,Buy,232619980
2024-08-19 10:04:29,38550.0,100,Buy,232619998
2024-08-19 10:04:29,38550.0,2600,Buy,232619981
2024-08-19 10:04:29,38550.0,900,Buy,232619982
2024-08-19 10:04:29,38550.0,2000,Buy,232619983
2024-08-19 10:04:29,38550.0,300,Buy,232619984
2024-08-19 10:04:29,38550.0,5000,Buy,232619985
2024-08-19 10:04:29,38550.0,500,Buy,232619986
2024-08-19 10:04:29,38550.0,1000,Buy,232619987
2024-08-19 10:04:29,38550.0,500,Buy,232619988
2024-08-19 10:04:29,38550.0,5000,Buy,232619999
2024-08-19 10:04:29,38550.0,100,Buy,232619990
2024-08-19 10:04:29,38550.0,100,Buy,232619997
2024-08-19 10:04:29,38550.0,500,Buy,232619996
2024-08-19 10:04:29,38550.0,1000,Buy,232619995
2024-08-19 10:04:29,38550.0,1000,Buy,232619989
2024-08-19 10:04:29,38550.0,100,Buy,232619993
2024-08-19 10:04:29,38550.0,3000,Buy,232619992
2024-08-19 10:04:29,38550.0,500,Buy,232619991
2024-08-19 10:04:29,38550.0,5000,Buy,232619994
2024-08-19 10:04:47,38550.0,200,Sell,232620518
2024-08-19 10:05:08,38550.0,1800,Sell,232621019
2024-08-19 10:05:08,38550.0,3000,Sell,232621020
2024-08-19 10:05:08,38550.0,100,Sell,232621021
2024-08-19 10:05:08,38550.0,100,Sell,232621022
2024-08-19 10:05:16,38550.0,100,Buy,232621156
2024-08-19 10:05:16,38550.0,200,Buy,232621157
2024-08-19 10:05:45,38550.0,400,Buy,232621828
2024-08-19 10:05:46,38500.0,5000,Sell,232621845
2024-08-19 10:05:53,38550.0,400,Buy,232621982
2024-08-19 10:05:53,38500.0,200,Sell,232621981
2024-08-19 10:05:53,38550.0,300,Buy,232621985
2024-08-19 10:05:53,38550.0,2000,Buy,232621983
2024-08-19 10:05:53,38550.0,100,Buy,232621984
2024-08-19 10:06:14,38550.0,100,Sell,232622413
2024-08-19 10:06:24,38550.0,100,Sell,232622594
2024-08-19 10:06:35,38550.0,500,Buy,232622824
2024-08-19 10:06:51,38550.0,1400,Buy,232623210
2024-08-19 10:06:51,38550.0,1600,Buy,232623211
2024-08-19 10:06:52,38550.0,100,Buy,232623222
2024-08-19 10:06:56,38550.0,200,Buy,232623298
2024-08-19 10:07:12,38550.0,100,Buy,232623591
2024-08-19 10:07:31,38550.0,600,Buy,232623998
2024-08-19 10:07:31,38550.0,1000,Buy,232623996
2024-08-19 10:07:31,38550.0,400,Buy,232623997
2024-08-19 10:08:06,38550.0,100,Sell,232624697
2024-08-19 10:08:14,38600.0,400,Buy,232624964
2024-08-19 10:08:18,38550.0,100,Sell,232625010
2024-08-19 10:08:18,38550.0,900,Sell,232625011
2024-08-19 10:08:20,38550.0,100,Sell,232625044
2024-08-19 10:08:31,38550.0,1000,Sell,232625207
2024-08-19 10:08:39,38550.0,300,Sell,232625370
2024-08-19 10:08:39,38550.0,1000,Sell,232625371
2024-08-19 10:08:39,38550.0,500,Sell,232625372
2024-08-19 10:08:39,38550.0,100,Sell,232625373
2024-08-19 10:08:41,38550.0,100,Buy,232625436
2024-08-19 10:08:45,38550.0,500,Sell,232625535
2024-08-19 10:09:00,38550.0,900,Sell,232625891
2024-08-19 10:09:04,38550.0,100,Sell,232625947
2024-08-19 10:09:21,38600.0,600,Buy,232626269
2024-08-19 10:09:44,38550.0,4000,Sell,232626682
2024-08-19 10:09:44,38550.0,21900,Sell,232626683
2024-08-19 10:09:44,38550.0,2000,Sell,232626684
2024-08-19 10:09:44,38550.0,2100,Sell,232626685
2024-08-19 10:09:48,38550.0,500,Sell,232626734
2024-08-19 10:09:51,38550.0,500,Sell,232626809
2024-08-19 10:09:55,38550.0,300,Sell,232626880
2024-08-19 10:09:55,38550.0,1900,Sell,232626879
2024-08-19 10:09:55,38550.0,1000,Sell,232626881
2024-08-19 10:10:04,38550.0,200,Buy,232627029
2024-08-19 10:10:06,38550.0,1200,Buy,232627057
2024-08-19 10:10:14,38550.0,12800,Buy,232627188
2024-08-19 10:10:14,38550.0,2600,Buy,232627189
2024-08-19 10:10:14,38550.0,300,Buy,232627190
2024-08-19 10:10:14,38550.0,100,Buy,232627191
2024-08-19 10:10:23,38550.0,300,Sell,232627363
2024-08-19 10:10:32,38550.0,100,Sell,232627496
2024-08-19 10:10:33,38550.0,100,Sell,232627532
2024-08-19 10:10:41,38550.0,100,Sell,232627745
2024-08-19 10:10:41,38550.0,500,Sell,232627749
2024-08-19 10:10:43,38600.0,400,Buy,232627780
2024-08-19 10:10:49,38550.0,500,Sell,232627905
2024-08-19 10:10:51,38550.0,500,Sell,232627923
2024-08-19 10:11:12,38550.0,300,Sell,232628302
2024-08-19 10:11:16,38550.0,6800,Sell,232628362
2024-08-19 10:11:16,38550.0,2000,Sell,232628363
2024-08-19 10:11:16,38550.0,10000,Sell,232628364
2024-08-19 10:11:48,38550.0,5000,Buy,232628997
2024-08-19 10:11:53,38550.0,2000,Buy,232629064
2024-08-19 10:11:55,38500.0,100,Sell,232629095
2024-08-19 10:12:02,38550.0,2000,Buy,232629259
2024-08-19 10:12:13,38550.0,500,Buy,232629385
2024-08-19 10:12:18,38550.0,400,Buy,232629475
2024-08-19 10:12:28,38550.0,2000,Buy,232629679
2024-08-19 10:12:28,38550.0,500,Buy,232629678
2024-08-19 10:12:28,38550.0,10000,Buy,232629677
2024-08-19 10:12:28,38550.0,200,Buy,232629676
2024-08-19 10:12:28,38550.0,100,Buy,232629674
2024-08-19 10:12:28,38550.0,1000,Buy,232629675
2024-08-19 10:12:28,38550.0,1300,Buy,232629671
2024-08-19 10:12:28,38550.0,5000,Buy,232629672
2024-08-19 10:12:28,38550.0,100,Buy,232629673
2024-08-19 10:12:33,38550.0,500,Sell,232629761
2024-08-19 10:12:39,38550.0,400,Sell,232629858
2024-08-19 10:12:54,38550.0,100,Sell,232630120
2024-08-19 10:12:55,38550.0,100,Sell,232630140
2024-08-19 10:13:12,38600.0,100,Buy,232630359
2024-08-19 10:13:12,38600.0,200,Buy,232630360
2024-08-19 10:13:23,38550.0,2000,Sell,232630530
2024-08-19 10:13:32,38600.0,300,Buy,232630703
2024-08-19 10:13:32,38600.0,1700,Buy,232630704
2024-08-19 10:13:41,38550.0,1000,Sell,232630824
2024-08-19 10:13:41,38550.0,500,Sell,232630825
2024-08-19 10:13:41,38550.0,2300,Sell,232630822
2024-08-19 10:13:41,38550.0,2300,Sell,232630821
2024-08-19 10:13:41,38550.0,1600,Sell,232630820
2024-08-19 10:13:41,38550.0,100,Sell,232630823
2024-08-19 10:14:25,38500.0,200,Sell,232631545
2024-08-19 10:14:39,38500.0,100,Sell,232631824
2024-08-19 10:14:49,38500.0,100,Sell,232632005
2024-08-19 10:14:57,38500.0,5000,Sell,232632179
2024-08-19 10:14:58,38500.0,200,Sell,232632185
2024-08-19 10:15:27,38500.0,100,Sell,232632805
2024-08-19 10:15:37,38500.0,100,Sell,232633047
2024-08-19 10:15:41,38550.0,400,Buy,232633102
2024-08-19 10:16:35,38500.0,1000,Sell,232634098
2024-08-19 10:16:46,38500.0,100,Sell,232634301
2024-08-19 10:16:49,38500.0,1000,Sell,232634345
2024-08-19 10:16:50,38550.0,2000,Buy,232634358
2024-08-19 10:16:59,38500.0,1900,Sell,232634471
2024-08-19 10:16:59,38500.0,2200,Sell,232634469
2024-08-19 10:16:59,38500.0,900,Sell,232634470
2024-08-19 10:17:14,38500.0,1000,Sell,232634812
2024-08-19 10:17:14,38500.0,5900,Sell,232634813
2024-08-19 10:17:14,38500.0,8100,Sell,232634811
2024-08-19 10:17:21,38500.0,400,Sell,232634896
2024-08-19 10:17:55,38500.0,2000,Sell,232635488
2024-08-19 10:17:58,38500.0,800,Sell,232635522
2024-08-19 10:18:00,38500.0,100,Sell,232635592
2024-08-19 10:18:00,38500.0,6600,Sell,232635591
2024-08-19 10:18:00,38500.0,100,Sell,232635590
2024-08-19 10:18:00,38500.0,1000,Sell,232635589
2024-08-19 10:18:00,38500.0,6700,Sell,232635588
2024-08-19 10:18:00,38500.0,400,Sell,232635593
2024-08-19 10:18:00,38500.0,500,Sell,232635586
2024-08-19 10:18:00,38500.0,600,Sell,232635585
2024-08-19 10:18:00,38500.0,100,Sell,232635584
2024-08-19 10:18:00,38500.0,2000,Sell,232635583
2024-08-19 10:18:00,38500.0,900,Sell,232635582
2024-08-19 10:18:00,38500.0,1000,Sell,232635587
2024-08-19 10:18:09,38550.0,400,Buy,232636040
2024-08-19 10:18:11,38500.0,6200,Sell,232636068
2024-08-19 10:18:11,38500.0,3800,Sell,232636069
2024-08-19 10:18:13,38500.0,200,Sell,232636097
2024-08-19 10:18:24,38500.0,2000,Sell,232636309
2024-08-19 10:18:24,38500.0,200,Sell,232636310
2024-08-19 10:18:24,38500.0,100,Sell,232636311
2024-08-19 10:18:24,38500.0,100,Sell,232636312
2024-08-19 10:18:24,38500.0,200,Sell,232636317
2024-08-19 10:18:24,38500.0,2300,Sell,232636314
2024-08-19 10:18:24,38500.0,200,Sell,232636315
2024-08-19 10:18:24,38500.0,200,Sell,232636316
2024-08-19 10:18:24,38500.0,20000,Sell,232636318
2024-08-19 10:18:24,38500.0,2000,Sell,232636313
2024-08-19 10:18:24,38500.0,6600,Sell,232636306
2024-08-19 10:18:24,38500.0,6600,Sell,232636308
2024-08-19 10:18:24,38500.0,1000,Sell,232636304
2024-08-19 10:18:24,38500.0,6600,Sell,232636305
2024-08-19 10:18:24,38500.0,2600,Sell,232636293
2024-08-19 10:18:24,38500.0,4000,Sell,232636294
2024-08-19 10:18:24,38500.0,6600,Sell,232636295
2024-08-19 10:18:24,38500.0,6600,Sell,232636296
2024-08-19 10:18:24,38500.0,100,Sell,232636297
2024-08-19 10:18:24,38500.0,1000,Sell,232636307
2024-08-19 10:18:24,38500.0,6600,Sell,232636299
2024-08-19 10:18:24,38500.0,100,Sell,232636300
2024-08-19 10:18:24,38500.0,8900,Sell,232636301
2024-08-19 10:18:24,38500.0,6600,Sell,232636302
2024-08-19 10:18:24,38500.0,6600,Sell,232636303
2024-08-19 10:18:24,38500.0,200,Sell,232636298
2024-08-19 10:18:25,38500.0,2000,Buy,232636333
2024-08-19 10:18:28,38500.0,500,Sell,232636374
2024-08-19 10:18:32,38500.0,4000,Sell,232636483
2024-08-19 10:18:46,38450.0,500,Sell,232636782
2024-08-19 10:18:46,38450.0,1000,Sell,232636783
2024-08-19 10:18:46,38450.0,8500,Sell,232636784
2024-08-19 10:19:18,38500.0,200,Buy,232637548
2024-08-19 10:19:18,38500.0,200,Buy,232637549
2024-08-19 10:19:18,38500.0,100,Buy,232637546
2024-08-19 10:19:18,38500.0,500,Buy,232637547
2024-08-19 10:19:18,38500.0,1000,Buy,232637545
2024-08-19 10:19:33,38500.0,500,Buy,232637856
2024-08-19 10:19:33,38500.0,500,Buy,232637857
2024-08-19 10:19:33,38500.0,4600,Buy,232637858
2024-08-19 10:19:33,38500.0,800,Buy,232637855
2024-08-19 10:19:48,38450.0,1500,Sell,232638122
2024-08-19 10:19:48,38450.0,100,Sell,232638123
2024-08-19 10:19:48,38450.0,8400,Sell,232638124
2024-08-19 10:20:10,38450.0,5000,Sell,232638669
2024-08-19 10:20:10,38450.0,13300,Sell,232638676
2024-08-19 10:20:10,38450.0,1000,Sell,232638675
2024-08-19 10:20:10,38450.0,100,Sell,232638674
2024-08-19 10:20:10,38450.0,5000,Sell,232638673
2024-08-19 10:20:10,38450.0,1000,Sell,232638672
2024-08-19 10:20:10,38450.0,200,Sell,232638671
2024-08-19 10:20:10,38450.0,1000,Sell,232638670
2024-08-19 10:20:10,38450.0,1000,Sell,232638668
2024-08-19 10:20:10,38450.0,300,Sell,232638666
2024-08-19 10:20:10,38450.0,1600,Sell,232638660
2024-08-19 10:20:10,38450.0,5000,Sell,232638661
2024-08-19 10:20:10,38450.0,100,Sell,232638662
2024-08-19 10:20:10,38450.0,100,Sell,232638667
2024-08-19 10:20:10,38450.0,100,Sell,232638664
2024-08-19 10:20:10,38450.0,200,Sell,232638663
2024-08-19 10:20:10,38450.0,5000,Sell,232638665
2024-08-19 10:20:22,38450.0,300,Sell,232638869
2024-08-19 10:20:32,38450.0,1500,Sell,232639061
2024-08-19 10:20:38,38500.0,300,Buy,232639166
2024-08-19 10:20:41,38450.0,2700,Sell,232639201
2024-08-19 10:20:41,38500.0,5100,Buy,232639202
2024-08-19 10:20:41,38500.0,700,Buy,232639203
2024-08-19 10:20:41,38500.0,100,Buy,232639204
2024-08-19 10:20:41,38500.0,4100,Buy,232639205
2024-08-19 10:20:43,38500.0,100,Buy,232639229
2024-08-19 10:20:43,38500.0,200,Buy,232639228
2024-08-19 10:20:43,38500.0,4100,Buy,232639231
2024-08-19 10:20:43,38500.0,1000,Buy,232639226
2024-08-19 10:20:43,38500.0,100,Buy,232639227
2024-08-19 10:20:43,38500.0,100,Buy,232639230
2024-08-19 10:20:43,38500.0,900,Buy,232639225
2024-08-19 10:20:45,38500.0,300,Buy,232639257
2024-08-19 10:20:47,38450.0,300,Sell,232639291
2024-08-19 10:20:50,38450.0,100,Sell,232639337
2024-08-19 10:21:19,38500.0,600,Buy,232639903
2024-08-19 10:21:19,38500.0,500,Buy,232639904
2024-08-19 10:21:19,38500.0,1000,Buy,232639906
2024-08-19 10:21:19,38500.0,100,Buy,232639907
2024-08-19 10:21:19,38500.0,100,Buy,232639908
2024-08-19 10:21:19,38500.0,500,Buy,232639905
2024-08-19 10:21:21,38500.0,100,Sell,232639945
2024-08-19 10:21:26,38500.0,3600,Sell,232640088
2024-08-19 10:21:50,38500.0,100,Buy,232640705
2024-08-19 10:21:50,38500.0,6400,Buy,232640703
2024-08-19 10:22:08,38450.0,100,Sell,232641063
2024-08-19 10:22:45,38450.0,1000,Sell,232641817
2024-08-19 10:22:49,38450.0,700,Sell,232641925
2024-08-19 10:22:49,38450.0,300,Sell,232641928
2024-08-19 10:22:49,38450.0,2000,Sell,232641926
2024-08-19 10:22:49,38450.0,2000,Sell,232641927
2024-08-19 10:23:01,38450.0,200,Sell,232642384
2024-08-19 10:23:01,38450.0,300,Sell,232642385
2024-08-19 10:23:01,38450.0,1000,Sell,232642386
2024-08-19 10:23:07,38500.0,400,Buy,232642558
2024-08-19 10:23:17,38450.0,100,Sell,232642749
2024-08-19 10:23:58,38450.0,900,Sell,232643733
2024-08-19 10:23:58,38450.0,1400,Sell,232643734
2024-08-19 10:24:05,38450.0,200,Sell,232644012
2024-08-19 10:24:50,38450.0,200,Sell,232644978
2024-08-19 10:24:50,38450.0,200,Sell,232644979
2024-08-19 10:24:50,38450.0,100,Sell,232644980
2024-08-19 10:25:11,38450.0,2000,Sell,232645503
2024-08-19 10:25:17,38450.0,1000,Sell,232645647
2024-08-19 10:25:22,38450.0,1900,Sell,232645771
2024-08-19 10:25:22,38450.0,1100,Sell,232645772
2024-08-19 10:25:36,38500.0,400,Buy,232646064
2024-08-19 10:25:43,38450.0,300,Sell,232646192
2024-08-19 10:25:43,38450.0,100,Sell,232646194
2024-08-19 10:26:01,38450.0,100,Sell,232646506
2024-08-19 10:26:11,38450.0,500,Sell,232646737
2024-08-19 10:26:16,38450.0,100,Sell,232646827
2024-08-19 10:26:21,38500.0,100,Buy,232646870
2024-08-19 10:26:21,38500.0,1900,Buy,232646871
2024-08-19 10:26:21,38450.0,100,Sell,232646872
2024-08-19 10:26:21,38450.0,100,Sell,232646873
2024-08-19 10:26:21,38450.0,300,Sell,232646874
2024-08-19 10:26:22,38500.0,1100,Buy,232646890
2024-08-19 10:26:22,38500.0,300,Buy,232646891
2024-08-19 10:26:22,38500.0,2600,Buy,232646892
2024-08-19 10:26:24,38500.0,6400,Buy,232646928
2024-08-19 10:26:25,38500.0,500,Buy,232646942
2024-08-19 10:26:25,38500.0,100,Buy,232646941
2024-08-19 10:26:25,38500.0,1000,Buy,232646938
2024-08-19 10:26:25,38500.0,300,Buy,232646939
2024-08-19 10:26:25,38500.0,100,Buy,232646940
2024-08-19 10:26:25,38450.0,7000,Sell,232646930
2024-08-19 10:26:29,38450.0,500,Sell,232647023
2024-08-19 10:26:37,38450.0,300,Sell,232647227
2024-08-19 10:27:25,38450.0,1000,Sell,232648301
2024-08-19 10:27:37,38450.0,100,Sell,232648503
2024-08-19 10:27:40,38450.0,1400,Sell,232648562
2024-08-19 10:27:40,38450.0,100,Sell,232648561
2024-08-19 10:27:40,38450.0,2300,Sell,232648560
2024-08-19 10:27:40,38450.0,500,Sell,232648559
2024-08-19 10:27:40,38450.0,100,Sell,232648557
2024-08-19 10:27:40,38450.0,2000,Sell,232648555
2024-08-19 10:27:40,38450.0,6400,Sell,232648554
2024-08-19 10:27:40,38450.0,800,Sell,232648552
2024-08-19 10:27:40,38450.0,6400,Sell,232648558
2024-08-19 10:27:40,38450.0,10000,Sell,232648556
2024-08-19 10:27:50,38450.0,100,Sell,232648753
2024-08-19 10:27:58,38500.0,2300,Buy,232648906
2024-08-19 10:28:02,38450.0,1500,Sell,232649073
2024-08-19 10:28:04,38500.0,400,Buy,232649108
2024-08-19 10:28:10,38500.0,1800,Buy,232649219
2024-08-19 10:28:10,38500.0,200,Buy,232649220
2024-08-19 10:28:18,38450.0,1000,Sell,232649367
2024-08-19 10:28:28,38450.0,1000,Sell,232649589
2024-08-19 10:28:29,38450.0,1300,Sell,232649661
2024-08-19 10:28:29,38450.0,3200,Sell,232649656
2024-08-19 10:28:29,38450.0,2300,Sell,232649655
2024-08-19 10:28:29,38450.0,300,Sell,232649653
2024-08-19 10:28:29,38450.0,500,Sell,232649652
2024-08-19 10:28:29,38450.0,1400,Sell,232649651
2024-08-19 10:28:29,38450.0,1000,Sell,232649654
2024-08-19 10:28:44,38450.0,300,Sell,232649989
2024-08-19 10:29:12,38500.0,300,Buy,232650627
2024-08-19 10:29:49,38500.0,900,Buy,232651298
2024-08-19 10:29:49,38500.0,100,Buy,232651299
2024-08-19 10:29:49,38500.0,500,Buy,232651297
2024-08-19 10:29:49,38500.0,100,Buy,232651293
2024-08-19 10:29:49,38500.0,100,Buy,232651295
2024-08-19 10:29:49,38500.0,4500,Buy,232651294
2024-08-19 10:29:49,38500.0,200,Buy,232651296
2024-08-19 10:29:58,38450.0,100,Sell,232651459
2024-08-19 10:30:24,38450.0,300,Sell,232651982
2024-08-19 10:30:28,38450.0,1200,Sell,232652041
2024-08-19 10:30:28,38450.0,5000,Sell,232652042
2024-08-19 10:30:28,38450.0,100,Sell,232652043
2024-08-19 10:30:28,38450.0,15700,Sell,232652044
2024-08-19 10:30:33,38500.0,100,Buy,232652122
2024-08-19 10:30:33,38500.0,100,Buy,232652120
2024-08-19 10:30:33,38500.0,100,Buy,232652121
2024-08-19 10:30:37,38500.0,1900,Buy,232652179
2024-08-19 10:30:37,38500.0,100,Buy,232652180
2024-08-19 10:30:43,38450.0,2500,Sell,232652263
2024-08-19 10:31:02,38500.0,400,Buy,232652609
2024-08-19 10:31:02,38500.0,100,Buy,232652610
2024-08-19 10:31:02,38500.0,500,Buy,232652608
2024-08-19 10:31:02,38500.0,900,Buy,232652604
2024-08-19 10:31:02,38500.0,200,Buy,232652606
2024-08-19 10:31:02,38500.0,100,Buy,232652605
2024-08-19 10:31:02,38500.0,100,Buy,232652607
2024-08-19 10:31:13,38450.0,700,Sell,232652859
2024-08-19 10:31:26,38450.0,5000,Sell,232653069
2024-08-19 10:31:27,38500.0,900,Buy,232653089
2024-08-19 10:31:27,38500.0,100,Buy,232653090
2024-08-19 10:31:27,38500.0,1000,Buy,232653091
2024-08-19 10:31:34,38450.0,500,Sell,232653235
2024-08-19 10:31:34,38450.0,2000,Sell,232653234
2024-08-19 10:31:34,38450.0,6400,Sell,232653236
2024-08-19 10:31:34,38450.0,6500,Sell,232653232
2024-08-19 10:31:34,38450.0,600,Sell,232653231
2024-08-19 10:31:34,38450.0,26100,Sell,232653230
2024-08-19 10:31:34,38450.0,300,Sell,232653233
2024-08-19 10:32:06,38450.0,6400,Buy,232653953
2024-08-19 10:32:33,38450.0,100,Buy,232654377
2024-08-19 10:33:02,38450.0,400,Buy,232654853
2024-08-19 10:33:14,38400.0,100,Sell,232655000
2024-08-19 10:33:14,38400.0,600,Sell,232655001
2024-08-19 10:33:14,38400.0,1000,Sell,232655002
2024-08-19 10:33:14,38400.0,300,Sell,232655003
2024-08-19 10:33:27,38400.0,700,Sell,232655236
2024-08-19 10:33:27,38400.0,300,Sell,232655237
2024-08-19 10:33:38,38400.0,1100,Sell,232655373
2024-08-19 10:33:38,38400.0,1000,Sell,232655374
2024-08-19 10:33:42,38400.0,1400,Sell,232655444
2024-08-19 10:33:48,38400.0,2000,Sell,232655548
2024-08-19 10:34:37,38400.0,1000,Sell,232656584
2024-08-19 10:34:37,38400.0,300,Sell,232656583
2024-08-19 10:34:37,38400.0,2000,Sell,232656582
2024-08-19 10:34:37,38400.0,200,Sell,232656581
2024-08-19 10:34:37,38400.0,100,Sell,232656580
2024-08-19 10:34:37,38400.0,2000,Sell,232656579
2024-08-19 10:34:37,38400.0,5000,Sell,232656578
2024-08-19 10:34:37,38400.0,200,Sell,232656577
2024-08-19 10:34:37,38400.0,100,Sell,232656576
2024-08-19 10:34:37,38400.0,1300,Sell,232656575
2024-08-19 10:34:37,38400.0,1000,Sell,232656574
2024-08-19 10:34:37,38400.0,300,Sell,232656571
2024-08-19 10:34:37,38400.0,100,Sell,232656572
2024-08-19 10:34:37,38400.0,1100,Sell,232656585
2024-08-19 10:34:37,38400.0,3400,Sell,232656570
2024-08-19 10:34:37,38400.0,100,Sell,232656573
2024-08-19 10:34:37,38400.0,1000,Sell,232656568
2024-08-19 10:34:37,38400.0,15600,Sell,232656551
2024-08-19 10:34:37,38400.0,100,Sell,232656552
2024-08-19 10:34:37,38400.0,3300,Sell,232656553
2024-08-19 10:34:37,38400.0,3000,Sell,232656554
2024-08-19 10:34:37,38400.0,1000,Sell,232656555
2024-08-19 10:34:37,38400.0,300,Sell,232656557
2024-08-19 10:34:37,38400.0,1000,Sell,232656558
2024-08-19 10:34:37,38400.0,200,Sell,232656556
2024-08-19 10:34:37,38400.0,1000,Sell,232656560
2024-08-19 10:34:37,38400.0,1000,Sell,232656561
2024-08-19 10:34:37,38400.0,100,Sell,232656564
2024-08-19 10:34:37,38400.0,200,Sell,232656565
2024-08-19 10:34:37,38400.0,10000,Sell,232656566
2024-08-19 10:34:37,38400.0,5000,Sell,232656567
2024-08-19 10:34:37,38400.0,500,Sell,232656559
2024-08-19 10:34:37,38400.0,200,Sell,232656569
2024-08-19 10:34:40,38400.0,100,Sell,232656618
2024-08-19 10:34:45,38400.0,500,Sell,232656718
2024-08-19 10:34:46,38400.0,100,Sell,232656726
2024-08-19 10:34:46,38400.0,2200,Sell,232656727
2024-08-19 10:34:46,38400.0,200,Sell,232656725
2024-08-19 10:34:46,38400.0,300,Sell,232656720
2024-08-19 10:34:46,38400.0,200,Sell,232656724
2024-08-19 10:34:49,38400.0,2000,Sell,232656797
2024-08-19 10:34:52,38400.0,5800,Sell,232656825
2024-08-19 10:34:52,38400.0,3200,Sell,232656826
2024-08-19 10:34:52,38450.0,700,Buy,232656827
2024-08-19 10:34:52,38450.0,300,Buy,232656828
2024-08-19 10:34:54,38400.0,1000,Sell,232656867
2024-08-19 10:34:58,38400.0,800,Sell,232656906
2024-08-19 10:34:58,38400.0,1400,Sell,232656907
2024-08-19 10:35:08,38400.0,5500,Sell,232657103
2024-08-19 10:35:24,38400.0,100,Sell,232657360
2024-08-19 10:35:27,38400.0,3000,Sell,232657429
2024-08-19 10:35:27,38400.0,7000,Sell,232657430
2024-08-19 10:35:29,38400.0,300,Sell,232657471
2024-08-19 10:35:29,38400.0,4600,Sell,232657474
2024-08-19 10:35:29,38400.0,200,Sell,232657473
2024-08-19 10:35:29,38400.0,6400,Sell,232657472
2024-08-19 10:35:29,38400.0,1500,Sell,232657470
2024-08-19 10:35:29,38400.0,1900,Sell,232657475
2024-08-19 10:35:29,38400.0,500,Sell,232657468
2024-08-19 10:35:29,38400.0,2700,Sell,232657464
2024-08-19 10:35:29,38400.0,300,Sell,232657465
2024-08-19 10:35:29,38400.0,500,Sell,232657469
2024-08-19 10:35:29,38400.0,100,Sell,232657467
2024-08-19 10:35:29,38400.0,1000,Sell,232657466
2024-08-19 10:35:31,38450.0,400,Buy,232657521
2024-08-19 10:35:31,38400.0,100,Sell,232657522
2024-08-19 10:35:31,38450.0,300,Buy,232657540
2024-08-19 10:35:31,38450.0,6000,Buy,232657541
2024-08-19 10:35:35,38400.0,3000,Sell,232657597
2024-08-19 10:35:43,38400.0,1400,Sell,232657735
2024-08-19 10:35:43,38400.0,1300,Sell,232657736
2024-08-19 10:35:43,38400.0,1700,Sell,232657737
2024-08-19 10:35:43,38400.0,200,Sell,232657738
2024-08-19 10:35:43,38400.0,2300,Sell,232657739
2024-08-19 10:35:43,38400.0,2000,Sell,232657740
2024-08-19 10:36:01,38400.0,500,Buy,232658028
2024-08-19 10:36:07,38400.0,500,Buy,232658094
2024-08-19 10:36:39,38400.0,6400,Buy,232658607
2024-08-19 10:36:46,38400.0,1000,Buy,232658721
2024-08-19 10:36:50,38400.0,1000,Buy,232658830
2024-08-19 10:36:52,38350.0,200,Sell,232658873
2024-08-19 10:37:25,38350.0,1000,Sell,232659473
2024-08-19 10:37:59,38400.0,300,Buy,232660125
2024-08-19 10:38:00,38400.0,1400,Buy,232660151
2024-08-19 10:38:00,38400.0,3600,Buy,232660152
2024-08-19 10:38:10,38400.0,5000,Buy,232660366
2024-08-19 10:38:11,38400.0,1000,Buy,232660468
2024-08-19 10:38:13,38400.0,300,Buy,232660508
2024-08-19 10:38:13,38400.0,10000,Buy,232660507
2024-08-19 10:38:13,38400.0,2600,Buy,232660504
2024-08-19 10:38:13,38400.0,700,Buy,232660505
2024-08-19 10:38:13,38400.0,7800,Buy,232660503
2024-08-19 10:38:13,38400.0,100,Buy,232660506
2024-08-19 10:38:43,38400.0,100,Sell,232661213
2024-08-19 10:39:00,38400.0,8400,Sell,232661585
2024-08-19 10:39:00,38400.0,100,Sell,232661586
2024-08-19 10:39:00,38400.0,1500,Sell,232661587
2024-08-19 10:39:06,38400.0,1000,Sell,232661699
2024-08-19 10:39:08,38400.0,100,Sell,232661749
2024-08-19 10:39:25,38400.0,7400,Sell,232662074
2024-08-19 10:39:25,38400.0,2600,Sell,232662075
2024-08-19 10:39:26,38400.0,100,Sell,232662080
2024-08-19 10:39:27,38400.0,200,Sell,232662121
2024-08-19 10:39:37,38400.0,3500,Sell,232662280
2024-08-19 10:39:37,38400.0,3000,Sell,232662281
2024-08-19 10:39:37,38400.0,3500,Sell,232662282
2024-08-19 10:40:05,38400.0,100,Sell,232662833
2024-08-19 10:40:20,38400.0,100,Sell,232663197
2024-08-19 10:40:28,38450.0,400,Buy,232663324
2024-08-19 10:40:44,38400.0,200,Sell,232663564
2024-08-19 10:40:44,38400.0,500,Sell,232663565
2024-08-19 10:40:44,38400.0,4600,Sell,232663566
2024-08-19 10:40:44,38400.0,2100,Sell,232663567
2024-08-19 10:40:44,38400.0,1300,Sell,232663568
2024-08-19 10:40:44,38400.0,1300,Sell,232663563
2024-08-19 10:40:48,38400.0,12000,Sell,232663639
2024-08-19 10:41:22,38400.0,200,Sell,232664314
2024-08-19 10:42:14,38400.0,300,Sell,232665511
2024-08-19 10:42:22,38450.0,1000,Buy,232665646
2024-08-19 10:42:44,38450.0,300,Buy,232666019
2024-08-19 10:42:57,38450.0,400,Buy,232666261
2024-08-19 10:43:01,38450.0,300,Buy,232666361
2024-08-19 10:43:30,38450.0,300,Buy,232666834
2024-08-19 10:43:30,38450.0,6400,Buy,232666846
2024-08-19 10:43:47,38450.0,1000,Buy,232667164
2024-08-19 10:43:59,38450.0,1000,Buy,232667344
2024-08-19 10:43:59,38450.0,4000,Buy,232667345
2024-08-19 10:44:10,38450.0,300,Buy,232667516
2024-08-19 10:44:12,38400.0,2100,Sell,232667544
2024-08-19 10:44:46,38450.0,1000,Buy,232668120
2024-08-19 10:44:49,38450.0,1200,Buy,232668192
2024-08-19 10:44:49,38450.0,1000,Buy,232668191
2024-08-19 10:44:49,38450.0,500,Buy,232668190
2024-08-19 10:44:49,38450.0,100,Buy,232668189
2024-08-19 10:44:49,38450.0,200,Buy,232668188
2024-08-19 10:44:49,38450.0,2000,Buy,232668187
2024-08-19 10:44:49,38450.0,100,Buy,232668185
2024-08-19 10:44:49,38450.0,1300,Buy,232668184
2024-08-19 10:44:49,38450.0,8700,Buy,232668183
2024-08-19 10:44:49,38450.0,44700,Buy,232668182
2024-08-19 10:44:49,38400.0,500,Sell,232668180
2024-08-19 10:44:49,38400.0,100,Sell,232668176
2024-08-19 10:44:49,38450.0,200,Buy,232668186
2024-08-19 10:44:53,38450.0,1000,Buy,232668254
2024-08-19 10:45:08,38450.0,6500,Buy,232668479
2024-08-19 10:45:08,38450.0,1300,Buy,232668480
2024-08-19 10:45:08,38450.0,500,Buy,232668481
2024-08-19 10:45:08,38450.0,100,Buy,232668482
2024-08-19 10:45:26,38500.0,400,Buy,232668839
2024-08-19 10:45:47,38500.0,6300,Buy,232669265
2024-08-19 10:46:25,38450.0,500,Sell,232670011
2024-08-19 10:46:25,38450.0,500,Sell,232670012
2024-08-19 10:46:25,38450.0,1000,Sell,232670009
2024-08-19 10:46:25,38450.0,11600,Sell,232670008
2024-08-19 10:46:25,38450.0,1000,Sell,232670010
2024-08-19 10:46:45,38450.0,1000,Buy,232670400
2024-08-19 10:46:47,38450.0,400,Buy,232670417
2024-08-19 10:46:49,38450.0,1000,Buy,232670481
2024-08-19 10:46:56,38450.0,6400,Buy,232670582
2024-08-19 10:47:55,38450.0,300,Buy,232671521
2024-08-19 10:48:00,38450.0,5000,Buy,232671631
2024-08-19 10:48:03,38450.0,200,Buy,232671678
2024-08-19 10:48:04,38450.0,6400,Buy,232671687
2024-08-19 10:48:07,38450.0,700,Buy,232671725
2024-08-19 10:48:07,38450.0,8000,Buy,232671726
2024-08-19 10:48:07,38450.0,200,Buy,232671727
2024-08-19 10:48:07,38450.0,600,Buy,232671728
2024-08-19 10:48:12,38500.0,100,Buy,232671826
2024-08-19 10:48:12,38500.0,100,Buy,232671827
2024-08-19 10:48:12,38500.0,100,Buy,232671825
2024-08-19 10:48:12,38500.0,1200,Buy,232671828
2024-08-19 10:48:12,38500.0,300,Buy,232671823
2024-08-19 10:48:12,38500.0,1000,Buy,232671817
2024-08-19 10:48:12,38500.0,500,Buy,232671824
2024-08-19 10:48:12,38500.0,1300,Buy,232671822
2024-08-19 10:48:40,38450.0,100,Sell,232672423
2024-08-19 10:48:48,38450.0,100,Sell,232672612
2024-08-19 10:48:55,38450.0,1300,Sell,232672797
2024-08-19 10:48:55,38450.0,700,Sell,232672798
2024-08-19 10:49:15,38450.0,200,Sell,232673201
2024-08-19 10:49:33,38450.0,100,Sell,232673513
2024-08-19 10:49:33,38450.0,100,Sell,232673512
2024-08-19 10:49:51,38450.0,900,Sell,232673868
2024-08-19 10:49:51,38450.0,1000,Sell,232673870
2024-08-19 10:49:51,38450.0,4600,Sell,232673871
2024-08-19 10:49:51,38450.0,2100,Sell,232673872
2024-08-19 10:49:51,38450.0,1300,Sell,232673875
2024-08-19 10:49:51,38450.0,100,Sell,232673869
2024-08-19 10:49:52,38450.0,100,Sell,232673943
2024-08-19 10:50:21,38500.0,1000,Buy,232674680
2024-08-19 10:50:23,38500.0,400,Buy,232674712
2024-08-19 10:51:00,38500.0,1000,Buy,232675496
2024-08-19 10:51:21,38450.0,100,Sell,232675955
2024-08-19 10:51:27,38550.0,4100,Buy,232676262
2024-08-19 10:51:27,38500.0,1000,Buy,232676245
2024-08-19 10:51:27,38500.0,100,Buy,232676246
2024-08-19 10:51:27,38500.0,5000,Buy,232676247
2024-08-19 10:51:27,38500.0,100,Buy,232676248
2024-08-19 10:51:27,38500.0,400,Buy,232676249
2024-08-19 10:51:27,38500.0,100,Buy,232676250
2024-08-19 10:51:27,38500.0,5500,Buy,232676251
2024-08-19 10:51:27,38500.0,2000,Buy,232676244
2024-08-19 10:51:27,38500.0,8700,Buy,232676255
2024-08-19 10:51:27,38500.0,1300,Buy,232676256
2024-08-19 10:51:27,38550.0,9400,Buy,232676257
2024-08-19 10:51:27,38550.0,300,Buy,232676258
2024-08-19 10:51:27,38550.0,4000,Buy,232676259
2024-08-19 10:51:27,38550.0,26000,Buy,232676260
2024-08-19 10:51:27,38550.0,100,Buy,232676261
2024-08-19 10:51:27,38500.0,1800,Buy,232676254
2024-08-19 10:51:27,38500.0,1300,Buy,232676243
2024-08-19 10:51:27,38500.0,5000,Buy,232676253
2024-08-19 10:51:27,38500.0,500,Buy,232676241
2024-08-19 10:51:27,38500.0,8700,Buy,232676242
2024-08-19 10:51:27,38500.0,2000,Buy,232676223
2024-08-19 10:51:27,38500.0,100,Buy,232676224
2024-08-19 10:51:27,38500.0,200,Buy,232676225
2024-08-19 10:51:27,38500.0,100,Buy,232676226
2024-08-19 10:51:27,38500.0,200,Buy,232676227
2024-08-19 10:51:27,38500.0,1500,Buy,232676228
2024-08-19 10:51:27,38500.0,300,Buy,232676229
2024-08-19 10:51:27,38500.0,3000,Buy,232676230
2024-08-19 10:51:27,38500.0,300,Buy,232676231
2024-08-19 10:51:27,38500.0,1300,Buy,232676252
2024-08-19 10:51:27,38500.0,100,Buy,232676232
2024-08-19 10:51:27,38500.0,100,Buy,232676239
2024-08-19 10:51:27,38500.0,1000,Buy,232676238
2024-08-19 10:51:27,38500.0,100,Buy,232676237
2024-08-19 10:51:27,38500.0,100,Buy,232676240
2024-08-19 10:51:27,38500.0,2000,Buy,232676235
2024-08-19 10:51:27,38500.0,1100,Buy,232676233
2024-08-19 10:51:27,38500.0,1000,Buy,232676236
2024-08-19 10:51:27,38500.0,100,Buy,232676234
2024-08-19 10:51:51,38500.0,100,Sell,232676857
2024-08-19 10:52:28,38500.0,300,Sell,232677517
2024-08-19 10:52:30,38500.0,5000,Sell,232677554
2024-08-19 10:52:33,38500.0,200,Sell,232677630
2024-08-19 10:52:39,38550.0,900,Buy,232677709
2024-08-19 10:52:39,38550.0,100,Buy,232677710
2024-08-19 10:52:40,38500.0,700,Sell,232677724
2024-08-19 10:52:40,38500.0,1000,Sell,232677725
2024-08-19 10:52:40,38500.0,800,Sell,232677726
2024-08-19 10:52:52,38550.0,100,Buy,232678052
2024-08-19 10:52:52,38550.0,100,Buy,232678053
2024-08-19 10:52:52,38550.0,100,Buy,232678054
2024-08-19 10:52:52,38550.0,100,Buy,232678055
2024-08-19 10:52:53,38550.0,2800,Buy,232678134
2024-08-19 10:52:53,38550.0,1000,Buy,232678133
2024-08-19 10:52:53,38550.0,100,Buy,232678132
2024-08-19 10:52:53,38550.0,100,Buy,232678131
2024-08-19 10:52:54,38500.0,100,Sell,232678163
2024-08-19 10:53:50,38550.0,2200,Buy,232679107
2024-08-19 10:53:50,38550.0,100,Buy,232679108
2024-08-19 10:54:06,38500.0,4100,Sell,232679382
2024-08-19 10:54:06,38500.0,900,Sell,232679383
2024-08-19 10:54:07,38500.0,100,Sell,232679410
2024-08-19 10:54:42,38500.0,100,Sell,232679976
2024-08-19 10:54:57,38550.0,100,Buy,232680214
2024-08-19 10:54:57,38550.0,800,Buy,232680215
2024-08-19 10:54:57,38550.0,100,Buy,232680216
2024-08-19 10:55:01,38550.0,1100,Buy,232680261
2024-08-19 10:55:01,38550.0,200,Buy,232680259
2024-08-19 10:55:01,38550.0,200,Buy,232680260
2024-08-19 10:55:21,38550.0,300,Buy,232680574
2024-08-19 10:55:51,38550.0,100,Buy,232681058
2024-08-19 10:55:51,38550.0,900,Buy,232681057
2024-08-19 10:56:06,38550.0,400,Buy,232681337
2024-08-19 10:56:06,38550.0,500,Buy,232681336
2024-08-19 10:56:06,38550.0,5000,Buy,232681335
2024-08-19 10:56:06,38550.0,5000,Buy,232681332
2024-08-19 10:56:06,38550.0,5000,Buy,232681331
2024-08-19 10:56:06,38550.0,200,Buy,232681330
2024-08-19 10:56:06,38550.0,3200,Buy,232681329
2024-08-19 10:56:06,38550.0,1000,Buy,232681328
2024-08-19 10:56:06,38550.0,5000,Buy,232681327
2024-08-19 10:56:06,38550.0,1000,Buy,232681326
2024-08-19 10:56:06,38550.0,200,Buy,232681324
2024-08-19 10:56:06,38550.0,500,Buy,232681323
2024-08-19 10:56:06,38550.0,7000,Buy,232681322
2024-08-19 10:56:06,38550.0,100,Buy,232681325
2024-08-19 10:56:06,38550.0,1000,Buy,232681320
2024-08-19 10:56:06,38550.0,1000,Buy,232681309
2024-08-19 10:56:06,38550.0,100,Buy,232681321
2024-08-19 10:56:06,38550.0,3000,Buy,232681311
2024-08-19 10:56:06,38550.0,100,Buy,232681312
2024-08-19 10:56:06,38550.0,100,Buy,232681313
2024-08-19 10:56:06,38550.0,100,Buy,232681310
2024-08-19 10:56:06,38550.0,100,Buy,232681315
2024-08-19 10:56:06,38550.0,500,Buy,232681316
2024-08-19 10:56:06,38550.0,100,Buy,232681317
2024-08-19 10:56:06,38550.0,500,Buy,232681318
2024-08-19 10:56:06,38550.0,2000,Buy,232681319
2024-08-19 10:56:06,38550.0,1900,Buy,232681314
2024-08-19 10:56:06,38550.0,100,Buy,232681308
2024-08-19 10:56:20,38550.0,5300,Sell,232681565
2024-08-19 10:56:38,38550.0,100,Buy,232682024
2024-08-19 10:56:42,38550.0,100,Buy,232682081
2024-08-19 10:56:47,38550.0,1000,Buy,232682156
2024-08-19 10:57:20,38550.0,200,Buy,232682876
2024-08-19 10:57:48,38550.0,1700,Buy,232683377
2024-08-19 10:57:50,38550.0,100,Buy,232683475
2024-08-19 10:57:50,38550.0,300,Buy,232683474
2024-08-19 10:59:32,38550.0,400,Buy,232685049
2024-08-19 10:59:59,38500.0,1400,Sell,232685543
2024-08-19 11:00:18,38550.0,400,Buy,232685801
2024-08-19 11:00:41,38500.0,400,Sell,232686245
2024-08-19 11:00:52,38500.0,5000,Sell,232686381
2024-08-19 11:01:18,38500.0,5000,Sell,232686793
2024-08-19 11:01:22,38500.0,1000,Sell,232686860
2024-08-19 11:01:41,38500.0,100,Sell,232687130
2024-08-19 11:02:21,38550.0,400,Buy,232687795
2024-08-19 11:02:21,38550.0,1000,Buy,232687796
2024-08-19 11:02:21,38550.0,5000,Buy,232687797
2024-08-19 11:02:21,38550.0,900,Buy,232687798
2024-08-19 11:02:21,38550.0,500,Buy,232687799
2024-08-19 11:02:21,38550.0,1500,Buy,232687800
2024-08-19 11:02:21,38550.0,700,Buy,232687801
2024-08-19 11:02:23,38500.0,300,Sell,232687824
2024-08-19 11:02:23,38500.0,200,Sell,232687823
2024-08-19 11:02:23,38500.0,6300,Sell,232687822
2024-08-19 11:02:23,38500.0,6400,Sell,232687821
2024-08-19 11:02:23,38500.0,2000,Sell,232687820
2024-08-19 11:02:23,38500.0,11000,Sell,232687818
2024-08-19 11:02:23,38500.0,5000,Sell,232687817
2024-08-19 11:02:23,38500.0,6400,Sell,232687816
2024-08-19 11:02:23,38500.0,6000,Sell,232687815
2024-08-19 11:02:23,38500.0,6400,Sell,232687819
2024-08-19 11:02:24,38550.0,300,Buy,232687868
2024-08-19 11:02:36,38500.0,2000,Sell,232688097
2024-08-19 11:02:42,38500.0,3900,Sell,232688195
2024-08-19 11:02:42,38500.0,4100,Sell,232688193
2024-08-19 11:02:42,38500.0,2000,Sell,232688194
2024-08-19 11:02:47,38550.0,300,Buy,232688272
2024-08-19 11:02:52,38550.0,4700,Buy,232688361
2024-08-19 11:02:52,38550.0,100,Buy,232688362
2024-08-19 11:02:52,38550.0,500,Buy,232688363
2024-08-19 11:02:52,38550.0,8700,Buy,232688364
2024-08-19 11:02:52,38550.0,1300,Buy,232688365
2024-08-19 11:02:52,38550.0,4000,Buy,232688366
2024-08-19 11:02:52,38550.0,700,Buy,232688367
2024-08-19 11:02:59,38500.0,1000,Sell,232688464
2024-08-19 11:03:01,38500.0,100,Sell,232688495
2024-08-19 11:03:12,38500.0,3600,Sell,232688642
2024-08-19 11:03:12,38500.0,1400,Sell,232688641
2024-08-19 11:03:43,38500.0,5000,Sell,232689243
2024-08-19 11:03:43,38500.0,2300,Sell,232689244
2024-08-19 11:03:43,38500.0,6400,Sell,232689245
2024-08-19 11:03:43,38500.0,1500,Sell,232689246
2024-08-19 11:03:43,38500.0,500,Sell,232689247
2024-08-19 11:03:43,38500.0,6400,Sell,232689248
2024-08-19 11:03:43,38500.0,2700,Sell,232689242
2024-08-19 11:03:43,38500.0,5200,Sell,232689249
2024-08-19 11:03:57,38500.0,500,Sell,232689535
2024-08-19 11:03:59,38500.0,600,Sell,232689570
2024-08-19 11:03:59,38500.0,10000,Sell,232689571
2024-08-19 11:04:00,38500.0,6400,Buy,232689590
2024-08-19 11:04:30,38500.0,400,Buy,232690153
2024-08-19 11:05:09,38500.0,3800,Buy,232690722
2024-08-19 11:05:09,38500.0,2600,Buy,232690721
2024-08-19 11:05:16,38500.0,400,Buy,232690871
2024-08-19 11:05:16,38500.0,1200,Buy,232690869
2024-08-19 11:05:16,38500.0,1900,Buy,232690870
2024-08-19 11:05:32,38500.0,300,Buy,232691140
2024-08-19 11:06:17,38500.0,3700,Buy,232691664
2024-08-19 11:06:17,38500.0,2700,Buy,232691665
2024-08-19 11:07:08,38450.0,100,Sell,232692292
2024-08-19 11:07:10,38450.0,100,Sell,232692315
2024-08-19 11:07:39,38500.0,2300,Buy,232692762
2024-08-19 11:07:45,38500.0,400,Buy,232692865
2024-08-19 11:08:11,38500.0,200,Buy,232693279
2024-08-19 11:08:35,38500.0,6400,Buy,232693659
2024-08-19 11:08:44,38500.0,100,Buy,232693782
2024-08-19 11:08:44,38500.0,1000,Buy,232693781
2024-08-19 11:08:44,38500.0,100,Buy,232693780
2024-08-19 11:08:44,38500.0,400,Buy,232693779
2024-08-19 11:08:44,38500.0,28000,Buy,232693778
2024-08-19 11:08:44,38500.0,100,Buy,232693777
2024-08-19 11:08:44,38500.0,500,Buy,232693776
2024-08-19 11:08:44,38500.0,300,Buy,232693775
2024-08-19 11:08:44,38500.0,100,Buy,232693771
2024-08-19 11:08:44,38500.0,300,Buy,232693773
2024-08-19 11:08:44,38500.0,500,Buy,232693767
2024-08-19 11:08:44,38500.0,500,Buy,232693768
2024-08-19 11:08:44,38500.0,100,Buy,232693769
2024-08-19 11:08:44,38500.0,1000,Buy,232693774
2024-08-19 11:08:44,38500.0,8000,Buy,232693766
2024-08-19 11:08:44,38500.0,200,Buy,232693770
2024-08-19 11:08:44,38500.0,500,Buy,232693772
2024-08-19 11:09:01,38500.0,200,Sell,232693980
2024-08-19 11:09:02,38500.0,1500,Sell,232694001
2024-08-19 11:09:19,38500.0,500,Sell,232694254
2024-08-19 11:09:25,38500.0,1000,Sell,232694358
2024-08-19 11:10:14,38550.0,400,Buy,232695033
2024-08-19 11:12:13,38500.0,800,Sell,232696575
2024-08-19 11:12:40,38500.0,1000,Sell,232697021
2024-08-19 11:12:40,38500.0,1000,Sell,232697022
2024-08-19 11:12:41,38500.0,1000,Sell,232697039
2024-08-19 11:12:42,38550.0,300,Buy,232697055
2024-08-19 11:12:45,38500.0,1000,Sell,232697088
2024-08-19 11:12:50,38500.0,800,Sell,232697160
2024-08-19 11:12:50,38500.0,100,Sell,232697151
2024-08-19 11:12:50,38500.0,200,Sell,232697159
2024-08-19 11:13:16,38500.0,1500,Sell,232697475
2024-08-19 11:13:16,38500.0,500,Sell,232697476
2024-08-19 11:13:33,38500.0,300,Sell,232697744
2024-08-19 11:13:34,38500.0,1000,Sell,232697770
2024-08-19 11:13:39,38500.0,5100,Sell,232697844
2024-08-19 11:13:39,38500.0,700,Sell,232697845
2024-08-19 11:13:40,38500.0,100,Sell,232697853
2024-08-19 11:13:45,38500.0,300,Sell,232697921
2024-08-19 11:13:50,38500.0,300,Sell,232697986
2024-08-19 11:13:53,38500.0,5000,Sell,232698017
2024-08-19 11:13:53,38500.0,200,Sell,232698018
2024-08-19 11:13:53,38500.0,3200,Sell,232698019
2024-08-19 11:13:53,38500.0,300,Sell,232698020
2024-08-19 11:13:53,38500.0,1300,Sell,232698023
2024-08-19 11:13:54,38500.0,1000,Sell,232698040
2024-08-19 11:14:02,38500.0,500,Sell,232698117
2024-08-19 11:14:06,38500.0,100,Sell,232698155
2024-08-19 11:14:09,38500.0,100,Sell,232698175
2024-08-19 11:14:15,38500.0,1200,Sell,232698263
2024-08-19 11:14:32,38500.0,100,Sell,232698546
2024-08-19 11:14:32,38500.0,6400,Sell,232698547
2024-08-19 11:14:32,38500.0,1000,Sell,232698548
2024-08-19 11:14:32,38500.0,6400,Sell,232698549
2024-08-19 11:14:32,38500.0,1000,Sell,232698550
2024-08-19 11:14:32,38500.0,3300,Sell,232698551
2024-08-19 11:14:32,38500.0,1800,Sell,232698545
2024-08-19 11:14:38,38500.0,500,Sell,232698613
2024-08-19 11:14:52,38500.0,6200,Sell,232698812
2024-08-19 11:14:52,38500.0,3800,Sell,232698813
2024-08-19 11:14:58,38500.0,1000,Sell,232698875
2024-08-19 11:15:01,38500.0,300,Sell,232698907
2024-08-19 11:15:11,38550.0,400,Buy,232699070
2024-08-19 11:15:13,38500.0,600,Sell,232699108
2024-08-19 11:15:13,38500.0,1200,Sell,232699106
2024-08-19 11:15:13,38500.0,200,Sell,232699107
2024-08-19 11:15:24,38500.0,6400,Buy,232699263
2024-08-19 11:16:33,38500.0,1600,Buy,232700277
2024-08-19 11:16:33,38500.0,1000,Buy,232700278
2024-08-19 11:16:33,38500.0,100,Buy,232700279
2024-08-19 11:16:33,38500.0,3700,Buy,232700280
2024-08-19 11:16:54,38450.0,100,Sell,232700565
2024-08-19 11:17:23,38500.0,200,Buy,232700864
2024-08-19 11:17:27,38500.0,100,Buy,232700910
2024-08-19 11:17:40,38500.0,400,Buy,232701030
2024-08-19 11:17:40,38500.0,3000,Buy,232701031
2024-08-19 11:17:41,38500.0,2600,Buy,232701045
2024-08-19 11:17:41,38500.0,100,Buy,232701046
2024-08-19 11:17:41,38500.0,2000,Buy,232701047
2024-08-19 11:17:41,38500.0,1700,Buy,232701048
2024-08-19 11:17:48,38500.0,6900,Buy,232701139
2024-08-19 11:17:57,38450.0,500,Sell,232701274
2024-08-19 11:17:57,38500.0,1600,Buy,232701273
2024-08-19 11:17:57,38500.0,2000,Buy,232701272
2024-08-19 11:17:57,38500.0,100,Buy,232701270
2024-08-19 11:17:57,38500.0,1300,Buy,232701271
2024-08-19 11:18:09,38500.0,2300,Buy,232701412
2024-08-19 11:18:27,38500.0,300,Buy,232701635
2024-08-19 11:18:34,38500.0,1000,Buy,232701743
2024-08-19 11:18:45,38500.0,2000,Buy,232701838
2024-08-19 11:18:50,38500.0,6300,Buy,232701906
2024-08-19 11:19:47,38500.0,2100,Buy,232702766
2024-08-19 11:19:47,38500.0,400,Buy,232702763
2024-08-19 11:19:47,38500.0,100,Buy,232702762
2024-08-19 11:19:47,38500.0,1300,Buy,232702761
2024-08-19 11:19:47,38500.0,8700,Buy,232702760
2024-08-19 11:19:47,38500.0,2000,Buy,232702759
2024-08-19 11:19:47,38500.0,100,Buy,232702765
2024-08-19 11:19:47,38500.0,1600,Buy,232702757
2024-08-19 11:19:47,38500.0,1000,Buy,232702758
2024-08-19 11:19:47,38500.0,3000,Buy,232702752
2024-08-19 11:19:47,38500.0,3000,Buy,232702753
2024-08-19 11:19:47,38500.0,600,Buy,232702764
2024-08-19 11:19:47,38500.0,500,Buy,232702754
2024-08-19 11:19:47,38500.0,100,Buy,232702755
2024-08-19 11:19:47,38500.0,500,Buy,232702756
2024-08-19 11:19:52,38500.0,2300,Buy,232702809
2024-08-19 11:19:55,38500.0,5600,Buy,232702836
2024-08-19 11:20:09,38550.0,300,Buy,232703008
2024-08-19 11:20:12,38500.0,100,Sell,232703063
2024-08-19 11:20:16,38500.0,100,Sell,232703114
2024-08-19 11:20:23,38500.0,100,Sell,232703177
2024-08-19 11:20:44,38550.0,2300,Buy,232703480
2024-08-19 11:20:55,38500.0,2200,Sell,232703609
2024-08-19 11:22:37,38550.0,400,Buy,232704864
2024-08-19 11:22:52,38500.0,900,Sell,232705051
2024-08-19 11:23:00,38550.0,500,Buy,232705136
2024-08-19 11:23:03,38500.0,2000,Sell,232705166
2024-08-19 11:23:32,38550.0,400,Buy,232705480
2024-08-19 11:24:00,38500.0,3000,Sell,232705820
2024-08-19 11:24:16,38500.0,200,Sell,232705977
2024-08-19 11:24:48,38500.0,500,Sell,232706329
2024-08-19 11:25:04,38550.0,5000,Buy,232706586
2024-08-19 11:25:06,38550.0,300,Buy,232706594
2024-08-19 11:25:11,38500.0,5200,Sell,232706632
2024-08-19 11:25:32,38500.0,5100,Sell,232706900
2024-08-19 11:25:32,38500.0,300,Sell,232706901
2024-08-19 11:25:40,38500.0,100,Sell,232707035
2024-08-19 11:25:59,38500.0,2500,Sell,232707328
2024-08-19 11:26:04,38500.0,3500,Sell,232707417
2024-08-19 11:26:04,38500.0,10000,Sell,232707418
2024-08-19 11:26:04,38500.0,4000,Sell,232707420
2024-08-19 11:26:04,38500.0,7500,Sell,232707419
2024-08-19 11:26:13,38500.0,100,Sell,232707542
2024-08-19 11:26:15,38500.0,2300,Sell,232707562
2024-08-19 11:26:15,38500.0,4100,Sell,232707563
2024-08-19 11:26:15,38500.0,4000,Sell,232707564
2024-08-19 11:26:15,38500.0,100,Sell,232707565
2024-08-19 11:26:15,38500.0,1000,Sell,232707566
2024-08-19 11:26:21,38500.0,1300,Sell,232707682
2024-08-19 11:26:21,38500.0,500,Sell,232707680
2024-08-19 11:26:21,38500.0,5300,Sell,232707679
2024-08-19 11:26:21,38500.0,2900,Sell,232707681
2024-08-19 11:26:29,38500.0,100,Sell,232707813
2024-08-19 11:26:29,38500.0,1000,Sell,232707816
2024-08-19 11:26:30,38500.0,1000,Sell,232707820
2024-08-19 11:26:31,38500.0,100,Sell,232707836
