time,price,volume,match_type,id
2024-08-29 09:14:58,40850.0,12400,ATO/ATC,235599585
2024-08-29 09:14:59,40800.0,100,Sell,235599730
2024-08-29 09:15:12,40800.0,200,Sell,235599914
2024-08-29 09:15:13,40800.0,25000,Sell,235599932
2024-08-29 09:15:44,40850.0,10000,Buy,235600326
2024-08-29 09:15:44,40850.0,4800,Buy,235600328
2024-08-29 09:15:44,40850.0,7700,Buy,235600325
2024-08-29 09:15:44,40850.0,200,Buy,235600327
2024-08-29 09:15:59,40850.0,100,Buy,235600581
2024-08-29 09:16:17,40900.0,200,Buy,235600859
2024-08-29 09:16:17,40900.0,200,Buy,235600865
2024-08-29 09:16:17,40900.0,500,Buy,235600864
2024-08-29 09:16:17,40900.0,1500,Buy,235600863
2024-08-29 09:16:17,40900.0,100,Buy,235600858
2024-08-29 09:16:17,40900.0,100,Buy,235600861
2024-08-29 09:16:17,40900.0,200,Buy,235600862
2024-08-29 09:16:17,40900.0,200,Buy,235600860
2024-08-29 09:16:41,40900.0,200,Buy,235601297
2024-08-29 09:17:05,40950.0,2000,Buy,235601682
2024-08-29 09:17:21,40950.0,4000,Buy,235602012
2024-08-29 09:17:24,40950.0,4000,Buy,235602073
2024-08-29 09:17:24,40950.0,10000,Buy,235602074
2024-08-29 09:17:24,40950.0,100,Buy,235602075
2024-08-29 09:17:24,40950.0,300,Buy,235602076
2024-08-29 09:17:24,40950.0,100,Buy,235602077
2024-08-29 09:17:57,40950.0,1000,Sell,235602722
2024-08-29 09:17:58,40900.0,1400,Sell,235602759
2024-08-29 09:17:58,40900.0,500,Sell,235602758
2024-08-29 09:17:58,40900.0,100,Sell,235602757
2024-08-29 09:17:58,40900.0,2000,Sell,235602756
2024-08-29 09:17:58,40900.0,200,Sell,235602755
2024-08-29 09:17:58,40900.0,1000,Sell,235602754
2024-08-29 09:17:58,40900.0,100,Sell,235602753
2024-08-29 09:17:58,40950.0,1000,Sell,235602751
2024-08-29 09:17:58,40950.0,3000,Sell,235602750
2024-08-29 09:17:58,40950.0,1000,Sell,235602749
2024-08-29 09:17:58,40950.0,100,Sell,235602748
2024-08-29 09:17:58,40950.0,2500,Sell,235602747
2024-08-29 09:17:58,40950.0,500,Sell,235602752
2024-08-29 09:18:21,40900.0,100,Sell,235603167
2024-08-29 09:18:33,40950.0,100,Buy,235603432
2024-08-29 09:18:33,40950.0,2000,Buy,235603433
2024-08-29 09:18:33,40950.0,100,Buy,235603434
2024-08-29 09:18:48,40950.0,100,Sell,235603718
2024-08-29 09:19:22,41000.0,100,Buy,235604449
2024-08-29 09:19:28,41000.0,1200,Buy,235604582
2024-08-29 09:19:28,41000.0,200,Buy,235604580
2024-08-29 09:19:28,41000.0,500,Buy,235604581
2024-08-29 09:19:32,41000.0,1200,Buy,235604654
2024-08-29 09:19:32,41000.0,1600,Buy,235604669
2024-08-29 09:19:32,41000.0,100,Buy,235604646
2024-08-29 09:19:32,41000.0,1000,Buy,235604666
2024-08-29 09:19:32,41000.0,1000,Buy,235604665
2024-08-29 09:19:32,41000.0,100,Buy,235604664
2024-08-29 09:19:32,41000.0,2000,Buy,235604663
2024-08-29 09:19:32,41000.0,700,Buy,235604662
2024-08-29 09:19:32,41000.0,200,Buy,235604668
2024-08-29 09:19:32,41000.0,300,Buy,235604660
2024-08-29 09:19:32,41000.0,1000,Buy,235604661
2024-08-29 09:19:32,41000.0,100,Buy,235604655
2024-08-29 09:19:32,41000.0,100,Buy,235604656
2024-08-29 09:19:32,41000.0,100,Buy,235604667
2024-08-29 09:19:32,41000.0,300,Buy,235604657
2024-08-29 09:19:32,41000.0,200,Buy,235604658
2024-08-29 09:19:32,41000.0,100,Buy,235604659
2024-08-29 09:19:33,41000.0,8400,Buy,235604689
2024-08-29 09:19:33,41000.0,500,Buy,235604690
2024-08-29 09:19:33,41000.0,100,Buy,235604691
2024-08-29 09:19:33,41000.0,400,Buy,235604693
2024-08-29 09:19:33,41000.0,100,Buy,235604694
2024-08-29 09:19:33,41000.0,100,Buy,235604695
2024-08-29 09:19:33,41000.0,3400,Buy,235604696
2024-08-29 09:19:33,41000.0,1000,Buy,235604692
2024-08-29 09:19:35,41000.0,1600,Buy,235604724
2024-08-29 09:19:35,41000.0,400,Buy,235604725
2024-08-29 09:19:38,41000.0,500,Buy,235604830
2024-08-29 09:19:40,41000.0,100,Buy,235604858
2024-08-29 09:19:42,41000.0,100,Buy,235604958
2024-08-29 09:19:54,41000.0,300,Sell,235605174
2024-08-29 09:19:55,41000.0,100,Sell,235605230
2024-08-29 09:20:04,41050.0,10000,Buy,235605444
2024-08-29 09:20:04,41050.0,10000,Buy,235605445
2024-08-29 09:20:14,41050.0,200,Buy,235605685
2024-08-29 09:20:14,41050.0,100,Buy,235605688
2024-08-29 09:20:14,41050.0,100,Buy,235605684
2024-08-29 09:20:14,41050.0,300,Buy,235605686
2024-08-29 09:20:14,41050.0,100,Buy,235605687
2024-08-29 09:20:33,41050.0,600,Sell,235606114
2024-08-29 09:20:36,41100.0,300,Buy,235606178
2024-08-29 09:20:36,41100.0,200,Buy,235606179
2024-08-29 09:20:36,41100.0,100,Buy,235606180
2024-08-29 09:20:36,41100.0,500,Buy,235606181
2024-08-29 09:20:36,41100.0,100,Buy,235606182
2024-08-29 09:20:36,41100.0,800,Buy,235606183
2024-08-29 09:20:37,41050.0,10000,Sell,235606198
2024-08-29 09:20:39,41050.0,2900,Sell,235606224
2024-08-29 09:20:43,41100.0,400,Buy,235606332
2024-08-29 09:20:43,41100.0,5000,Buy,235606331
2024-08-29 09:20:43,41100.0,100,Buy,235606329
2024-08-29 09:20:43,41100.0,200,Buy,235606328
2024-08-29 09:20:43,41100.0,2000,Buy,235606330
2024-08-29 09:20:46,41100.0,100,Buy,235606400
2024-08-29 09:20:46,41100.0,100,Buy,235606401
2024-08-29 09:20:46,41100.0,100,Buy,235606402
2024-08-29 09:20:46,41100.0,100,Buy,235606403
2024-08-29 09:20:46,41100.0,1600,Buy,235606404
2024-08-29 09:20:46,41100.0,1000,Buy,235606405
2024-08-29 09:20:47,41100.0,7000,Buy,235606418
2024-08-29 09:20:48,41100.0,400,Buy,235606451
2024-08-29 09:20:50,41100.0,600,Sell,235606481
2024-08-29 09:21:03,41100.0,300,Buy,235606750
2024-08-29 09:21:05,41100.0,200,Buy,235606803
2024-08-29 09:21:13,41100.0,100,Buy,235606931
2024-08-29 09:21:23,41050.0,800,Sell,235607121
2024-08-29 09:21:34,41050.0,200,Sell,235607386
2024-08-29 09:21:40,41050.0,100,Sell,235607501
2024-08-29 09:21:43,41050.0,3000,Sell,235607591
2024-08-29 09:21:43,41050.0,100,Sell,235607592
2024-08-29 09:21:43,41050.0,100,Sell,235607593
2024-08-29 09:21:43,41050.0,4600,Sell,235607590
2024-08-29 09:21:56,41050.0,200,Buy,235607823
2024-08-29 09:21:56,41050.0,100,Buy,235607845
2024-08-29 09:22:22,41000.0,100,Sell,235608430
2024-08-29 09:22:27,41000.0,1000,Sell,235608554
2024-08-29 09:22:29,41000.0,3900,Sell,235608601
2024-08-29 09:22:29,41000.0,500,Sell,235608602
2024-08-29 09:22:29,41000.0,1000,Sell,235608603
2024-08-29 09:22:29,41000.0,1500,Sell,235608604
2024-08-29 09:22:33,41000.0,2000,Sell,235608738
2024-08-29 09:22:33,41000.0,5000,Sell,235608740
2024-08-29 09:22:33,41000.0,100,Sell,235608739
2024-08-29 09:22:33,41000.0,7000,Sell,235608736
2024-08-29 09:22:33,41000.0,2000,Sell,235608735
2024-08-29 09:22:33,41000.0,100,Sell,235608734
2024-08-29 09:22:33,41000.0,500,Sell,235608733
2024-08-29 09:22:33,41000.0,100,Sell,235608737
2024-08-29 09:22:34,41000.0,300,Sell,235608760
2024-08-29 09:22:34,41000.0,100,Sell,235608761
2024-08-29 09:22:34,41000.0,500,Sell,235608762
2024-08-29 09:22:34,41000.0,100,Sell,235608763
2024-08-29 09:22:49,41000.0,100,Sell,235609036
2024-08-29 09:22:58,40950.0,200,Sell,235609365
2024-08-29 09:22:58,40950.0,800,Sell,235609366
2024-08-29 09:23:15,40950.0,200,Sell,235609784
2024-08-29 09:23:15,40950.0,1000,Sell,235609785
2024-08-29 09:23:15,40950.0,200,Sell,235609786
2024-08-29 09:23:15,40950.0,500,Sell,235609787
2024-08-29 09:23:17,40950.0,100,Buy,235609851
2024-08-29 09:23:20,40900.0,100,Sell,235609931
2024-08-29 09:23:46,40950.0,100,Buy,235610549
2024-08-29 09:24:00,40950.0,500,Buy,235610921
2024-08-29 09:24:07,40900.0,400,Sell,235611141
2024-08-29 09:24:07,40900.0,300,Sell,235611142
2024-08-29 09:24:07,40900.0,500,Sell,235611143
2024-08-29 09:24:07,40900.0,1100,Sell,235611144
2024-08-29 09:24:07,40900.0,1000,Sell,235611145
2024-08-29 09:24:07,40900.0,700,Sell,235611146
2024-08-29 09:24:14,40900.0,1300,Sell,235611428
2024-08-29 09:24:14,40900.0,5600,Sell,235611429
2024-08-29 09:24:27,40900.0,500,Sell,235611773
2024-08-29 09:24:38,40900.0,900,Sell,235612149
2024-08-29 09:24:38,40900.0,100,Sell,235612150
2024-08-29 09:24:38,40900.0,1000,Sell,235612151
2024-08-29 09:24:38,40900.0,2000,Sell,235612152
2024-08-29 09:24:38,40900.0,100,Sell,235612153
2024-08-29 09:24:38,40900.0,700,Sell,235612154
2024-08-29 09:24:53,40900.0,100,Buy,235612615
2024-08-29 09:24:57,40900.0,500,Buy,235612756
2024-08-29 09:25:02,40900.0,200,Buy,235613029
2024-08-29 09:25:17,40900.0,200,Buy,235613463
2024-08-29 09:25:32,40900.0,1100,Buy,235613856
2024-08-29 09:25:32,40900.0,100,Buy,235613857
2024-08-29 09:25:32,40900.0,1000,Buy,235613858
2024-08-29 09:25:32,40900.0,6900,Buy,235613859
2024-08-29 09:25:32,40900.0,900,Buy,235613860
2024-08-29 09:25:36,40900.0,4100,Buy,235613962
2024-08-29 09:25:36,40900.0,700,Buy,235613963
2024-08-29 09:25:36,40950.0,100,Buy,235613964
2024-08-29 09:25:48,40900.0,100,Sell,235614396
2024-08-29 09:26:03,40900.0,1700,Sell,235614798
2024-08-29 09:26:03,40900.0,3000,Sell,235614796
2024-08-29 09:26:03,40900.0,500,Sell,235614797
2024-08-29 09:26:03,40900.0,100,Sell,235614794
2024-08-29 09:26:03,40900.0,3900,Sell,235614793
2024-08-29 09:26:03,40900.0,800,Sell,235614795
2024-08-29 09:26:15,40900.0,1000,Sell,235615116
2024-08-29 09:26:23,40900.0,2300,Sell,235615362
2024-08-29 09:26:23,40900.0,500,Sell,235615363
2024-08-29 09:26:24,40900.0,1000,Buy,235615395
2024-08-29 09:26:38,40900.0,2000,Buy,235615835
2024-08-29 09:26:48,40850.0,6900,Sell,235616094
2024-08-29 09:26:48,40850.0,100,Sell,235616095
2024-08-29 09:26:48,40850.0,200,Sell,235616096
2024-08-29 09:26:48,40850.0,100,Sell,235616097
2024-08-29 09:26:48,40850.0,1000,Sell,235616098
2024-08-29 09:27:12,40850.0,5200,Sell,235616585
2024-08-29 09:27:13,40850.0,500,Sell,235616614
2024-08-29 09:27:13,40850.0,100,Sell,235616613
2024-08-29 09:27:13,40850.0,5000,Sell,235616611
2024-08-29 09:27:13,40850.0,800,Sell,235616610
2024-08-29 09:27:13,40850.0,1000,Sell,235616612
2024-08-29 09:27:31,40850.0,100,Buy,235617018
2024-08-29 09:27:31,40850.0,100,Buy,235617025
2024-08-29 09:28:30,40850.0,11900,Buy,235618384
2024-08-29 09:28:30,40850.0,3100,Buy,235618385
2024-08-29 09:28:36,40850.0,1000,Buy,235618580
2024-08-29 09:28:37,40850.0,100,Buy,235618613
2024-08-29 09:28:41,40800.0,500,Sell,235618759
2024-08-29 09:28:43,40800.0,31100,Sell,235618813
2024-08-29 09:28:53,40800.0,1700,Sell,235619001
2024-08-29 09:28:54,40800.0,2700,Sell,235619022
2024-08-29 09:28:54,40800.0,200,Sell,235619021
2024-08-29 09:28:54,40800.0,500,Sell,235619020
2024-08-29 09:28:54,40800.0,1900,Sell,235619019
2024-08-29 09:28:54,40800.0,10000,Sell,235619016
2024-08-29 09:28:54,40800.0,2000,Sell,235619018
2024-08-29 09:28:54,40800.0,1000,Sell,235619014
2024-08-29 09:28:54,40800.0,100,Sell,235619015
2024-08-29 09:28:54,40800.0,9400,Sell,235619009
2024-08-29 09:28:54,40800.0,1000,Sell,235619010
2024-08-29 09:28:54,40800.0,1000,Sell,235619017
2024-08-29 09:28:54,40800.0,100,Sell,235619012
2024-08-29 09:28:54,40800.0,200,Sell,235619011
2024-08-29 09:28:54,40800.0,1000,Sell,235619013
2024-08-29 09:28:56,40800.0,100,Sell,235619055
2024-08-29 09:29:10,40800.0,100,Sell,235619317
2024-08-29 09:29:16,40800.0,100,Sell,235619523
2024-08-29 09:29:16,40800.0,6800,Sell,235619524
2024-08-29 09:29:21,40850.0,200,Buy,235619649
2024-08-29 09:29:28,40800.0,100,Sell,235619867
2024-08-29 09:29:31,40800.0,2100,Sell,235619929
2024-08-29 09:29:34,40800.0,500,Sell,235619993
2024-08-29 09:29:35,40800.0,500,Sell,235620009
2024-08-29 09:29:35,40800.0,200,Sell,235620023
2024-08-29 09:29:42,40800.0,1000,Sell,235620182
2024-08-29 09:29:43,40800.0,300,Sell,235620186
2024-08-29 09:30:13,40750.0,400,Sell,235620735
2024-08-29 09:30:13,40750.0,200,Sell,235620734
2024-08-29 09:30:13,40750.0,1000,Sell,235620732
2024-08-29 09:30:13,40750.0,100,Sell,235620733
2024-08-29 09:30:31,40750.0,1600,Sell,235621051
2024-08-29 09:30:31,40750.0,3400,Sell,235621052
2024-08-29 09:30:39,40750.0,2000,Sell,235621188
2024-08-29 09:30:41,40750.0,200,Sell,235621217
2024-08-29 09:30:42,40750.0,1400,Sell,235621224
2024-08-29 09:30:42,40750.0,200,Sell,235621225
2024-08-29 09:30:42,40750.0,100,Sell,235621226
2024-08-29 09:30:42,40750.0,100,Sell,235621227
2024-08-29 09:30:42,40750.0,700,Sell,235621228
2024-08-29 09:30:43,40750.0,300,Buy,235621246
2024-08-29 09:31:05,40700.0,200,Sell,235621902
2024-08-29 09:31:05,40700.0,400,Sell,235621903
2024-08-29 09:31:30,40700.0,100,Sell,235622541
2024-08-29 09:31:39,40700.0,1000,Sell,235622842
2024-08-29 09:31:40,40700.0,3500,Sell,235622868
2024-08-29 09:31:40,40700.0,6500,Sell,235622869
2024-08-29 09:31:46,40700.0,1000,Sell,235623042
2024-08-29 09:31:50,40750.0,4100,Buy,235623140
2024-08-29 09:31:59,40750.0,1000,Buy,235623334
2024-08-29 09:32:10,40750.0,200,Buy,235623648
2024-08-29 09:32:31,40750.0,500,Buy,235624145
2024-08-29 09:32:39,40750.0,200,Buy,235624363
2024-08-29 09:32:48,40700.0,500,Sell,235624592
2024-08-29 09:32:52,40750.0,500,Buy,235624673
2024-08-29 09:32:52,40750.0,500,Buy,235624661
2024-08-29 09:32:57,40750.0,600,Buy,235624764
2024-08-29 09:33:05,40700.0,15200,Sell,235625100
2024-08-29 09:33:05,40700.0,500,Sell,235625099
2024-08-29 09:33:05,40700.0,100,Sell,235625098
2024-08-29 09:33:05,40700.0,100,Sell,235625097
2024-08-29 09:33:05,40700.0,200,Sell,235625096
2024-08-29 09:33:05,40700.0,500,Sell,235625094
2024-08-29 09:33:05,40700.0,100,Sell,235625093
2024-08-29 09:33:05,40700.0,200,Sell,235625092
2024-08-29 09:33:05,40700.0,1000,Sell,235625091
2024-08-29 09:33:05,40700.0,2000,Sell,235625090
2024-08-29 09:33:05,40700.0,100,Sell,235625095
2024-08-29 09:33:07,40750.0,200,Buy,235625116
2024-08-29 09:33:07,40700.0,1000,Sell,235625122
2024-08-29 09:33:13,40750.0,100,Buy,235625301
2024-08-29 09:33:14,40700.0,2100,Sell,235625315
2024-08-29 09:33:16,40700.0,100,Sell,235625342
2024-08-29 09:33:28,40700.0,100,Sell,235625536
2024-08-29 09:33:29,40750.0,200,Buy,235625569
2024-08-29 09:33:30,40700.0,1000,Sell,235625592
2024-08-29 09:33:46,40750.0,100,Buy,235625955
2024-08-29 09:34:01,40700.0,500,Sell,235626283
2024-08-29 09:34:02,40750.0,300,Buy,235626327
2024-08-29 09:34:02,40750.0,1000,Buy,235626326
2024-08-29 09:34:02,40750.0,1700,Buy,235626325
2024-08-29 09:34:20,40700.0,200,Sell,235626763
2024-08-29 09:34:30,40750.0,300,Buy,235626976
2024-08-29 09:34:33,40700.0,1000,Sell,235627030
2024-08-29 09:34:33,40700.0,100,Sell,235627034
2024-08-29 09:34:48,40700.0,1200,Sell,235627396
2024-08-29 09:34:49,40700.0,400,Sell,235627467
2024-08-29 09:34:55,40700.0,7100,Sell,235627587
2024-08-29 09:34:55,40700.0,200,Sell,235627588
2024-08-29 09:34:55,40700.0,5000,Sell,235627589
2024-08-29 09:34:55,40700.0,2000,Sell,235627590
2024-08-29 09:34:55,40700.0,500,Sell,235627591
2024-08-29 09:34:55,40700.0,100,Sell,235627592
2024-08-29 09:34:55,40700.0,500,Sell,235627593
2024-08-29 09:34:55,40700.0,200,Sell,235627594
2024-08-29 09:34:55,40700.0,100,Sell,235627595
2024-08-29 09:34:55,40700.0,1000,Sell,235627596
2024-08-29 09:35:04,40700.0,1000,Buy,235627865
2024-08-29 09:35:05,40700.0,100,Buy,235627879
2024-08-29 09:35:12,40700.0,2200,Buy,235628027
2024-08-29 09:35:12,40700.0,1000,Buy,235628028
2024-08-29 09:35:13,40700.0,800,Sell,235628041
2024-08-29 09:35:18,40700.0,200,Buy,235628147
2024-08-29 09:35:19,40700.0,500,Sell,235628177
2024-08-29 09:35:19,40700.0,5800,Sell,235628182
2024-08-29 09:35:21,40700.0,3500,Sell,235628276
2024-08-29 09:35:35,40700.0,1700,Sell,235628584
2024-08-29 09:35:50,40750.0,500,Buy,235628917
2024-08-29 09:36:09,40750.0,100,Buy,235629313
2024-08-29 09:36:12,40750.0,4200,Buy,235629438
2024-08-29 09:36:12,40750.0,1800,Buy,235629437
2024-08-29 09:36:12,40750.0,3700,Buy,235629439
2024-08-29 09:36:12,40750.0,100,Buy,235629435
2024-08-29 09:36:12,40750.0,10000,Buy,235629434
2024-08-29 09:36:12,40750.0,100,Buy,235629436
2024-08-29 09:36:12,40750.0,100,Buy,235629433
2024-08-29 09:36:17,40750.0,10000,Buy,235629547
2024-08-29 09:36:26,40750.0,1000,Buy,235629698
2024-08-29 09:36:26,40750.0,1300,Buy,235629696
2024-08-29 09:36:26,40750.0,1400,Buy,235629697
2024-08-29 09:36:32,40750.0,6300,Sell,235629796
2024-08-29 09:36:32,40700.0,13700,Sell,235629797
2024-08-29 09:36:55,40800.0,700,Buy,235630351
2024-08-29 09:36:57,40800.0,100,Buy,235630376
2024-08-29 09:37:10,40750.0,200,Sell,235630670
2024-08-29 09:37:10,40750.0,5000,Sell,235630671
2024-08-29 09:37:10,40750.0,500,Sell,235630672
2024-08-29 09:37:10,40750.0,1000,Sell,235630673
2024-08-29 09:37:10,40750.0,3300,Sell,235630674
2024-08-29 09:37:13,40750.0,200,Sell,235630727
2024-08-29 09:37:24,40750.0,1000,Sell,235630938
2024-08-29 09:37:26,40750.0,100,Sell,235631008
2024-08-29 09:37:32,40750.0,400,Sell,235631163
2024-08-29 09:37:35,40750.0,100,Sell,235631235
2024-08-29 09:37:35,40750.0,6000,Sell,235631234
2024-08-29 09:37:35,40750.0,2500,Buy,235631239
2024-08-29 09:37:39,40700.0,100,Sell,235631282
2024-08-29 09:37:51,40750.0,2000,Buy,235631504
2024-08-29 09:38:05,40750.0,1000,Buy,235631782
2024-08-29 09:38:15,40750.0,8400,Buy,235631975
2024-08-29 09:38:28,40750.0,200,Sell,235632145
2024-08-29 09:38:35,40750.0,100,Sell,235632291
2024-08-29 09:38:41,40750.0,100,Sell,235632398
2024-08-29 09:38:56,40750.0,1200,Sell,235632708
2024-08-29 09:38:56,40750.0,100,Sell,235632709
2024-08-29 09:38:56,40750.0,600,Sell,235632710
2024-08-29 09:38:56,40750.0,100,Sell,235632711
2024-08-29 09:38:56,40750.0,400,Sell,235632712
2024-08-29 09:38:56,40750.0,200,Sell,235632713
2024-08-29 09:38:56,40750.0,300,Sell,235632714
2024-08-29 09:38:57,40700.0,4200,Sell,235632779
2024-08-29 09:39:13,40700.0,200,Sell,235633108
2024-08-29 09:39:31,40750.0,5000,Buy,235633430
2024-08-29 09:39:34,40750.0,10000,Buy,235633511
2024-08-29 09:39:44,40750.0,2100,Buy,235633720
2024-08-29 09:40:04,40800.0,1500,Buy,235634131
2024-08-29 09:40:07,40750.0,1000,Sell,235634200
2024-08-29 09:40:09,40750.0,2500,Sell,235634248
2024-08-29 09:40:44,40800.0,500,Buy,235635267
2024-08-29 09:40:44,40800.0,500,Buy,235635266
2024-08-29 09:40:44,40800.0,1000,Buy,235635265
2024-08-29 09:40:44,40800.0,500,Buy,235635264
2024-08-29 09:40:44,40800.0,100,Buy,235635263
2024-08-29 09:40:44,40800.0,800,Buy,235635262
2024-08-29 09:40:44,40800.0,24500,Buy,235635268
2024-08-29 09:40:44,40800.0,10000,Buy,235635260
2024-08-29 09:40:44,40800.0,100,Buy,235635259
2024-08-29 09:40:44,40800.0,100,Buy,235635258
2024-08-29 09:40:44,40800.0,10000,Buy,235635257
2024-08-29 09:40:44,40800.0,500,Buy,235635256
2024-08-29 09:40:44,40800.0,400,Buy,235635255
2024-08-29 09:40:44,40800.0,1000,Buy,235635261
2024-08-29 09:40:51,40800.0,500,Buy,235635411
2024-08-29 09:42:01,40800.0,500,Sell,235637229
2024-08-29 09:42:01,40800.0,100,Sell,235637230
2024-08-29 09:42:01,40800.0,100,Sell,235637227
2024-08-29 09:42:01,40800.0,500,Sell,235637226
2024-08-29 09:42:01,40800.0,600,Sell,235637228
2024-08-29 09:42:18,40800.0,500,Buy,235637515
2024-08-29 09:42:20,40800.0,700,Buy,235637559
2024-08-29 09:42:28,40800.0,100,Sell,235637775
2024-08-29 09:42:34,40900.0,3200,Buy,235637910
2024-08-29 09:42:34,40900.0,1500,Buy,235637909
2024-08-29 09:42:34,40900.0,6900,Buy,235637908
2024-08-29 09:42:34,40900.0,4200,Buy,235637907
2024-08-29 09:42:34,40850.0,700,Buy,235637906
2024-08-29 09:42:34,40850.0,2700,Buy,235637905
2024-08-29 09:42:34,40850.0,1000,Buy,235637904
2024-08-29 09:42:34,40850.0,100,Buy,235637903
2024-08-29 09:42:34,40850.0,100,Buy,235637900
2024-08-29 09:42:34,40850.0,1000,Buy,235637901
2024-08-29 09:42:34,40850.0,200,Buy,235637899
2024-08-29 09:42:34,40850.0,6900,Buy,235637898
2024-08-29 09:42:34,40850.0,2300,Buy,235637897
2024-08-29 09:42:34,40850.0,2300,Buy,235637896
2024-08-29 09:42:34,40850.0,2300,Buy,235637895
2024-08-29 09:42:34,40850.0,2300,Buy,235637894
2024-08-29 09:42:34,40850.0,2300,Buy,235637893
2024-08-29 09:42:34,40850.0,10000,Buy,235637902
2024-08-29 09:42:38,40900.0,1000,Buy,235638045
2024-08-29 09:42:38,40900.0,5000,Buy,235638044
2024-08-29 09:42:38,40900.0,1500,Buy,235638043
2024-08-29 09:42:38,40900.0,1000,Buy,235638042
2024-08-29 09:42:38,40900.0,5000,Buy,235638041
2024-08-29 09:42:38,40900.0,10000,Buy,235638039
2024-08-29 09:42:38,40900.0,1000,Buy,235638040
2024-08-29 09:42:38,40900.0,10000,Buy,235638037
2024-08-29 09:42:38,40900.0,1000,Buy,235638036
2024-08-29 09:42:38,40900.0,600,Buy,235638035
2024-08-29 09:42:38,40900.0,500,Buy,235638034
2024-08-29 09:42:38,40900.0,300,Buy,235638033
2024-08-29 09:42:38,40900.0,3700,Buy,235638032
2024-08-29 09:42:38,40900.0,1000,Buy,235638038
2024-08-29 09:42:48,40900.0,5000,Sell,235638286
2024-08-29 09:42:50,40900.0,100,Sell,235638392
2024-08-29 09:42:58,40950.0,5800,Buy,235638963
2024-08-29 09:42:58,40950.0,4200,Buy,235638961
2024-08-29 09:42:58,40950.0,10000,Buy,235638962
2024-08-29 09:43:09,40950.0,4200,Buy,235639317
2024-08-29 09:43:17,40900.0,100,Sell,235639540
2024-08-29 09:43:55,40950.0,300,Buy,235640911
2024-08-29 09:44:05,40900.0,500,Sell,235641201
2024-08-29 09:44:05,40900.0,100,Sell,235641200
2024-08-29 09:44:05,40900.0,100,Sell,235641198
2024-08-29 09:44:05,40900.0,3200,Sell,235641197
2024-08-29 09:44:05,40900.0,100,Sell,235641199
2024-08-29 09:44:09,40950.0,300,Buy,235641304
2024-08-29 09:44:12,40950.0,100,Buy,235641385
2024-08-29 09:44:18,40900.0,100,Sell,235641525
2024-08-29 09:44:22,40900.0,100,Sell,235641681
2024-08-29 09:44:40,40900.0,300,Sell,235642125
2024-08-29 09:44:48,40950.0,9300,Buy,235642406
2024-08-29 09:44:48,40950.0,6900,Buy,235642407
2024-08-29 09:44:48,40950.0,1000,Buy,235642408
2024-08-29 09:44:48,40950.0,8800,Buy,235642409
2024-08-29 09:44:50,40950.0,200,Buy,235642463
2024-08-29 09:45:02,40950.0,1000,Buy,235642898
2024-08-29 09:45:02,40950.0,100,Buy,235642899
2024-08-29 09:45:02,40950.0,900,Buy,235642900
2024-08-29 09:45:04,40950.0,100,Buy,235642934
2024-08-29 09:45:04,40950.0,100,Buy,235642933
2024-08-29 09:45:04,40950.0,100,Buy,235642932
2024-08-29 09:45:04,40950.0,100,Buy,235642930
2024-08-29 09:45:04,40950.0,100,Buy,235642929
2024-08-29 09:45:04,40950.0,1000,Buy,235642931
2024-08-29 09:45:08,40950.0,100,Buy,235643034
2024-08-29 09:45:10,41000.0,1400,Buy,235643126
2024-08-29 09:45:10,41000.0,500,Buy,235643125
2024-08-29 09:45:10,41000.0,200,Buy,235643124
2024-08-29 09:45:10,41000.0,500,Buy,235643123
2024-08-29 09:45:10,41000.0,200,Buy,235643122
2024-08-29 09:45:10,41000.0,200,Buy,235643121
2024-08-29 09:45:10,41000.0,2700,Buy,235643120
2024-08-29 09:45:10,41000.0,11000,Buy,235643119
2024-08-29 09:45:10,41000.0,500,Buy,235643118
2024-08-29 09:45:10,41000.0,1000,Buy,235643117
2024-08-29 09:45:10,41000.0,3400,Buy,235643114
2024-08-29 09:45:10,41000.0,100,Buy,235643116
2024-08-29 09:45:10,41000.0,1000,Buy,235643115
2024-08-29 09:45:10,40950.0,200,Sell,235643078
2024-08-29 09:45:10,40900.0,1000,Sell,235643079
2024-08-29 09:45:10,40900.0,100,Sell,235643080
2024-08-29 09:45:10,41000.0,6800,Buy,235643106
2024-08-29 09:45:10,41000.0,100,Buy,235643107
2024-08-29 09:45:10,40900.0,11500,Sell,235643081
2024-08-29 09:45:10,41000.0,500,Buy,235643109
2024-08-29 09:45:10,41000.0,100,Buy,235643110
2024-08-29 09:45:10,41000.0,100,Buy,235643111
2024-08-29 09:45:10,41000.0,2000,Buy,235643112
2024-08-29 09:45:10,41000.0,400,Buy,235643108
2024-08-29 09:45:10,41000.0,2000,Buy,235643113
2024-08-29 09:45:20,40950.0,1800,Sell,235643370
2024-08-29 09:45:26,40950.0,300,Buy,235643553
2024-08-29 09:45:34,40950.0,3500,Buy,235643785
2024-08-29 09:45:52,40950.0,3500,Sell,235644294
2024-08-29 09:45:52,40950.0,6500,Sell,235644293
2024-08-29 09:45:53,40950.0,1500,Sell,235644335
2024-08-29 09:45:53,40950.0,700,Sell,235644336
2024-08-29 09:45:54,40950.0,4300,Sell,235644340
2024-08-29 09:45:54,40950.0,100,Sell,235644341
2024-08-29 09:45:58,40950.0,100,Buy,235644464
2024-08-29 09:45:59,40950.0,100,Buy,235644513
2024-08-29 09:46:00,40950.0,1500,Buy,235644517
2024-08-29 09:46:04,40950.0,800,Buy,235644628
2024-08-29 09:46:04,40950.0,200,Buy,235644632
2024-08-29 09:46:30,40950.0,100,Buy,235645288
2024-08-29 09:46:31,40950.0,6800,Buy,235645308
2024-08-29 09:46:31,40950.0,200,Buy,235645309
2024-08-29 09:46:50,41000.0,400,Buy,235645738
2024-08-29 09:46:50,41000.0,100,Buy,235645737
2024-08-29 09:46:50,41000.0,900,Buy,235645736
2024-08-29 09:46:50,41000.0,800,Buy,235645735
2024-08-29 09:46:50,41000.0,1500,Buy,235645734
2024-08-29 09:46:50,41000.0,100,Buy,235645733
2024-08-29 09:46:50,41000.0,200,Buy,235645732
2024-08-29 09:46:50,41000.0,10000,Buy,235645730
2024-08-29 09:46:50,40950.0,5000,Buy,235645726
2024-08-29 09:46:50,41000.0,600,Buy,235645727
2024-08-29 09:46:50,41000.0,100,Buy,235645731
2024-08-29 09:46:50,41000.0,100,Buy,235645729
2024-08-29 09:46:50,41000.0,200,Buy,235645728
2024-08-29 09:47:06,41000.0,600,Buy,235646012
2024-08-29 09:47:06,41000.0,5000,Buy,235646013
2024-08-29 09:47:06,41000.0,6500,Buy,235646014
2024-08-29 09:47:06,41000.0,1500,Buy,235646015
2024-08-29 09:47:06,41000.0,700,Buy,235646016
2024-08-29 09:47:06,41000.0,700,Buy,235646017
2024-08-29 09:47:06,40950.0,100,Sell,235646026
2024-08-29 09:47:06,40900.0,400,Sell,235646027
2024-08-29 09:47:13,41000.0,300,Buy,235646228
2024-08-29 09:47:13,41000.0,4700,Buy,235646229
2024-08-29 09:47:20,41000.0,100,Buy,235646394
2024-08-29 09:47:20,41000.0,200,Buy,235646395
2024-08-29 09:47:20,41000.0,100,Buy,235646392
2024-08-29 09:47:20,41000.0,300,Buy,235646393
2024-08-29 09:47:20,41000.0,300,Buy,235646391
2024-08-29 09:47:28,41000.0,1000,Buy,235646553
2024-08-29 09:47:28,41000.0,2000,Buy,235646554
2024-08-29 09:47:28,41000.0,200,Buy,235646555
2024-08-29 09:47:31,41000.0,500,Sell,235646648
2024-08-29 09:47:37,41050.0,5000,Buy,235646782
2024-08-29 09:47:37,41050.0,200,Buy,235646783
2024-08-29 09:47:37,41050.0,500,Buy,235646785
2024-08-29 09:47:37,41050.0,100,Buy,235646786
2024-08-29 09:47:37,41050.0,100,Buy,235646787
2024-08-29 09:47:37,41050.0,1000,Buy,235646788
2024-08-29 09:47:37,41050.0,8200,Buy,235646789
2024-08-29 09:47:37,41050.0,5000,Buy,235646784
2024-08-29 09:47:43,41000.0,2700,Sell,235646939
2024-08-29 09:47:43,41000.0,2300,Sell,235646938
2024-08-29 09:47:46,41000.0,200,Sell,235647005
2024-08-29 09:47:49,41050.0,1000,Buy,235647048
2024-08-29 09:47:49,41050.0,100,Buy,235647049
2024-08-29 09:47:49,41050.0,400,Buy,235647050
2024-08-29 09:47:49,41050.0,100,Buy,235647051
2024-08-29 09:47:49,41050.0,1000,Buy,235647052
2024-08-29 09:47:49,41050.0,100,Buy,235647053
2024-08-29 09:47:49,41050.0,100,Buy,235647054
2024-08-29 09:47:49,41050.0,7100,Buy,235647055
2024-08-29 09:47:49,41050.0,1800,Buy,235647047
2024-08-29 09:48:00,41100.0,4700,Buy,235647296
2024-08-29 09:48:00,41100.0,1000,Buy,235647295
2024-08-29 09:48:00,41100.0,1000,Buy,235647294
2024-08-29 09:48:00,41100.0,100,Buy,235647293
2024-08-29 09:48:00,41100.0,1000,Buy,235647291
2024-08-29 09:48:00,41100.0,10000,Buy,235647292
2024-08-29 09:48:00,41100.0,1000,Buy,235647289
2024-08-29 09:48:00,41100.0,100,Buy,235647288
2024-08-29 09:48:00,41100.0,100,Buy,235647287
2024-08-29 09:48:00,41100.0,2000,Buy,235647286
2024-08-29 09:48:00,41100.0,100,Buy,235647285
2024-08-29 09:48:00,41100.0,8800,Buy,235647284
2024-08-29 09:48:00,41100.0,100,Buy,235647290
2024-08-29 09:48:01,41050.0,5000,Sell,235647330
2024-08-29 09:48:08,41050.0,1100,Sell,235647470
2024-08-29 09:48:16,41050.0,3300,Sell,235647658
2024-08-29 09:48:26,41050.0,5800,Sell,235647860
2024-08-29 09:48:27,41050.0,600,Sell,235647890
2024-08-29 09:48:39,41050.0,5000,Sell,235648213
2024-08-29 09:48:41,41050.0,300,Buy,235648253
2024-08-29 09:48:45,41050.0,600,Buy,235648412
2024-08-29 09:49:05,41000.0,600,Sell,235648836
2024-08-29 09:49:05,41000.0,500,Sell,235648835
2024-08-29 09:49:05,41000.0,1000,Sell,235648834
2024-08-29 09:49:05,41000.0,100,Sell,235648833
2024-08-29 09:49:05,41000.0,500,Sell,235648831
2024-08-29 09:49:05,41000.0,1000,Sell,235648832
2024-08-29 09:49:05,41000.0,2100,Sell,235648830
2024-08-29 09:49:11,41000.0,100,Sell,235648977
2024-08-29 09:49:20,41000.0,100,Sell,235649242
2024-08-29 09:49:20,41000.0,1000,Sell,235649243
2024-08-29 09:49:20,41000.0,500,Sell,235649244
2024-08-29 09:49:20,41000.0,100,Sell,235649245
2024-08-29 09:49:20,41000.0,300,Sell,235649241
2024-08-29 09:49:22,41000.0,100,Sell,235649285
2024-08-29 09:49:34,41000.0,100,Sell,235649568
2024-08-29 09:49:34,41000.0,1200,Sell,235649569
2024-08-29 09:49:34,41000.0,100,Sell,235649570
2024-08-29 09:49:34,41000.0,200,Sell,235649571
2024-08-29 09:49:34,41000.0,200,Sell,235649572
2024-08-29 09:49:34,41000.0,200,Sell,235649573
2024-08-29 09:50:07,40950.0,2000,Sell,235650341
2024-08-29 09:50:07,40950.0,200,Sell,235650342
2024-08-29 09:50:07,40950.0,400,Sell,235650343
2024-08-29 09:50:09,40950.0,13400,Sell,235650390
2024-08-29 09:50:17,40950.0,100,Sell,235650614
2024-08-29 09:50:31,40950.0,6100,Sell,235650949
2024-08-29 09:50:31,40950.0,100,Sell,235650950
2024-08-29 09:50:31,40950.0,500,Sell,235650951
2024-08-29 09:50:32,40950.0,1000,Sell,235650996
2024-08-29 09:50:33,40950.0,100,Sell,235651028
2024-08-29 09:50:41,40950.0,100,Buy,235651240
2024-08-29 09:50:43,40950.0,100,Buy,235651276
2024-08-29 09:50:55,40900.0,1500,Sell,235651509
2024-08-29 09:50:56,40900.0,2000,Sell,235651523
2024-08-29 09:50:56,40900.0,1000,Sell,235651525
2024-08-29 09:50:56,40900.0,200,Sell,235651524
2024-08-29 09:50:56,40900.0,700,Sell,235651522
2024-08-29 09:50:56,40900.0,300,Buy,235651531
2024-08-29 09:50:56,40900.0,3000,Sell,235651520
2024-08-29 09:50:56,40900.0,16600,Sell,235651516
2024-08-29 09:50:56,40900.0,100,Sell,235651517
2024-08-29 09:50:56,40900.0,1000,Sell,235651521
2024-08-29 09:50:56,40900.0,100,Sell,235651519
2024-08-29 09:50:56,40900.0,300,Sell,235651518
2024-08-29 09:51:03,40900.0,500,Sell,235651639
2024-08-29 09:51:13,40900.0,100,Sell,235651832
2024-08-29 09:51:38,40900.0,100,Sell,235652345
2024-08-29 09:51:43,40900.0,300,Sell,235652429
2024-08-29 09:51:43,40900.0,300,Sell,235652431
2024-08-29 09:51:43,40900.0,200,Sell,235652432
2024-08-29 09:51:43,40900.0,200,Sell,235652430
2024-08-29 09:51:51,40900.0,1500,Sell,235652602
2024-08-29 09:51:53,40900.0,5000,Sell,235652669
2024-08-29 09:52:01,40900.0,2000,Sell,235652778
2024-08-29 09:52:15,40900.0,1000,Sell,235653071
2024-08-29 09:52:18,40900.0,1800,Sell,235653150
2024-08-29 09:52:18,40900.0,100,Buy,235653159
2024-08-29 09:52:49,40900.0,100,Buy,235653738
2024-08-29 09:53:19,40850.0,200,Sell,235654473
2024-08-29 09:53:47,40850.0,200,Sell,235655084
2024-08-29 09:53:52,40900.0,100,Buy,235655162
2024-08-29 09:54:01,40850.0,2600,Sell,235655393
2024-08-29 09:54:15,40850.0,100,Buy,235655632
2024-08-29 09:55:18,40800.0,100,Sell,235657056
2024-08-29 09:55:18,40800.0,500,Sell,235657057
2024-08-29 09:55:18,40800.0,1400,Sell,235657058
2024-08-29 09:55:25,40850.0,3000,Buy,235657169
2024-08-29 09:55:25,40850.0,100,Buy,235657168
2024-08-29 09:55:25,40850.0,7700,Buy,235657166
2024-08-29 09:55:25,40850.0,600,Buy,235657165
2024-08-29 09:55:25,40850.0,300,Buy,235657164
2024-08-29 09:55:25,40850.0,100,Buy,235657167
2024-08-29 09:55:27,40900.0,100,Buy,235657220
2024-08-29 09:56:08,40900.0,2000,Buy,235658006
2024-08-29 09:56:08,40900.0,7900,Buy,235658009
2024-08-29 09:56:08,40900.0,7200,Buy,235658007
2024-08-29 09:56:08,40900.0,200,Buy,235658005
2024-08-29 09:56:08,40900.0,700,Buy,235658008
2024-08-29 09:56:08,40900.0,200,Buy,235658003
2024-08-29 09:56:08,40900.0,100,Buy,235658001
2024-08-29 09:56:08,40900.0,100,Buy,235658004
2024-08-29 09:56:08,40900.0,200,Buy,235658002
2024-08-29 09:56:08,40900.0,1300,Buy,235658000
2024-08-29 09:56:10,40900.0,6400,Sell,235658048
2024-08-29 09:56:12,40900.0,100,Sell,235658114
2024-08-29 09:56:13,40900.0,13400,Sell,235658141
2024-08-29 09:57:01,40950.0,100,Buy,235658974
2024-08-29 09:57:27,40950.0,200,Buy,235659496
2024-08-29 09:57:27,40950.0,300,Buy,235659497
2024-08-29 09:57:27,40900.0,100,Sell,235659505
2024-08-29 09:57:34,40900.0,2000,Sell,235659610
2024-08-29 09:57:35,40900.0,8100,Sell,235659619
2024-08-29 09:57:35,40900.0,5000,Sell,235659620
2024-08-29 09:57:35,40900.0,100,Sell,235659621
2024-08-29 09:57:35,40900.0,200,Sell,235659622
2024-08-29 09:58:09,40900.0,300,Sell,235660166
2024-08-29 09:58:09,40900.0,1700,Sell,235660167
2024-08-29 09:58:33,40950.0,700,Buy,235660549
2024-08-29 09:58:33,40950.0,6600,Buy,235660548
2024-08-29 09:58:36,40950.0,100,Buy,235660646
2024-08-29 09:58:41,40900.0,500,Sell,235660692
2024-08-29 09:58:46,40950.0,2000,Buy,235660795
2024-08-29 09:59:08,40950.0,1000,Buy,235661137
2024-08-29 09:59:35,40950.0,100,Buy,235661576
2024-08-29 09:59:52,40950.0,100,Buy,235661931
2024-08-29 09:59:52,40950.0,300,Buy,235661932
2024-08-29 09:59:52,40950.0,700,Buy,235661933
2024-08-29 09:59:52,40950.0,1000,Buy,235661935
2024-08-29 09:59:52,40950.0,900,Buy,235661936
2024-08-29 09:59:52,40950.0,2000,Buy,235661934
2024-08-29 10:00:11,40950.0,100,Buy,235662262
2024-08-29 10:00:15,40950.0,1000,Buy,235662319
2024-08-29 10:00:25,40950.0,3000,Buy,235662477
2024-08-29 10:00:25,40950.0,2000,Buy,235662478
2024-08-29 10:00:30,40950.0,200,Buy,235662561
2024-08-29 10:00:30,40950.0,300,Buy,235662560
2024-08-29 10:00:30,40950.0,600,Buy,235662558
2024-08-29 10:00:30,40950.0,5000,Buy,235662559
2024-08-29 10:00:54,40950.0,100,Sell,235662946
2024-08-29 10:00:58,40950.0,1500,Sell,235663012
2024-08-29 10:00:58,40950.0,100,Sell,235663013
2024-08-29 10:01:06,40950.0,100,Sell,235663133
2024-08-29 10:01:22,40950.0,400,Sell,235663370
2024-08-29 10:01:45,41000.0,100,Buy,235663761
2024-08-29 10:01:54,40950.0,100,Sell,235663875
2024-08-29 10:02:25,40950.0,3100,Sell,235664416
2024-08-29 10:02:25,40950.0,100,Sell,235664415
2024-08-29 10:02:25,40950.0,1600,Sell,235664412
2024-08-29 10:02:25,40950.0,100,Sell,235664413
2024-08-29 10:02:25,40950.0,100,Sell,235664414
2024-08-29 10:02:42,40950.0,1000,Sell,235664746
2024-08-29 10:02:46,40950.0,2000,Sell,235664824
2024-08-29 10:02:59,40950.0,500,Sell,235665013
2024-08-29 10:02:59,40950.0,1100,Sell,235665014
2024-08-29 10:02:59,40950.0,3900,Sell,235665011
2024-08-29 10:02:59,40950.0,300,Sell,235665012
2024-08-29 10:03:01,40950.0,8900,Sell,235665038
2024-08-29 10:03:01,40950.0,100,Sell,235665039
2024-08-29 10:03:02,40950.0,1000,Buy,235665071
2024-08-29 10:03:20,41000.0,100,Buy,235665282
2024-08-29 10:03:32,41000.0,600,Buy,235665478
2024-08-29 10:04:52,40950.0,1400,Sell,235667015
2024-08-29 10:04:55,41000.0,100,Buy,235667081
2024-08-29 10:05:08,41000.0,3000,Buy,235667375
2024-08-29 10:05:08,41000.0,100,Buy,235667376
2024-08-29 10:05:08,41000.0,500,Buy,235667377
2024-08-29 10:05:08,41000.0,100,Buy,235667378
2024-08-29 10:05:08,41000.0,900,Buy,235667381
2024-08-29 10:05:08,41000.0,1000,Buy,235667379
2024-08-29 10:05:08,41000.0,100,Buy,235667380
2024-08-29 10:05:08,41000.0,900,Buy,235667382
2024-08-29 10:05:08,41000.0,500,Buy,235667374
2024-08-29 10:05:08,41000.0,3000,Buy,235667373
2024-08-29 10:05:08,41000.0,900,Buy,235667364
2024-08-29 10:05:08,41000.0,200,Buy,235667370
2024-08-29 10:05:08,41000.0,1000,Buy,235667372
2024-08-29 10:05:08,41000.0,2100,Buy,235667360
2024-08-29 10:05:08,41000.0,20000,Buy,235667361
2024-08-29 10:05:08,41000.0,5000,Buy,235667362
2024-08-29 10:05:08,41000.0,200,Buy,235667363
2024-08-29 10:05:08,41000.0,200,Buy,235667369
2024-08-29 10:05:08,41000.0,5000,Buy,235667368
2024-08-29 10:05:08,41000.0,100,Buy,235667365
2024-08-29 10:05:08,41000.0,5000,Buy,235667366
2024-08-29 10:05:08,41000.0,200,Buy,235667367
2024-08-29 10:05:14,41000.0,2800,Buy,235667486
2024-08-29 10:05:14,41000.0,2400,Buy,235667487
2024-08-29 10:05:14,41000.0,500,Buy,235667488
2024-08-29 10:05:14,41000.0,2500,Buy,235667489
2024-08-29 10:05:14,41000.0,500,Buy,235667490
2024-08-29 10:05:14,41000.0,100,Buy,235667491
2024-08-29 10:05:14,41000.0,500,Buy,235667492
2024-08-29 10:05:14,41000.0,500,Buy,235667493
2024-08-29 10:05:14,41000.0,200,Buy,235667494
2024-08-29 10:05:15,40950.0,4000,Sell,235667508
2024-08-29 10:05:18,41000.0,1000,Buy,235667551
2024-08-29 10:05:18,41000.0,100,Buy,235667568
2024-08-29 10:05:23,41000.0,600,Buy,235667761
2024-08-29 10:05:32,41000.0,400,Buy,235667946
2024-08-29 10:05:32,41000.0,100,Buy,235667947
2024-08-29 10:05:32,41000.0,100,Buy,235667948
2024-08-29 10:05:32,41000.0,100,Buy,235667949
2024-08-29 10:05:32,41000.0,100,Buy,235667950
2024-08-29 10:05:39,41000.0,300,Sell,235668051
2024-08-29 10:05:47,41000.0,400,Sell,235668161
2024-08-29 10:05:47,41000.0,100,Sell,235668162
2024-08-29 10:05:47,41000.0,100,Sell,235668163
2024-08-29 10:05:59,41000.0,400,Buy,235668395
2024-08-29 10:05:59,41000.0,100,Buy,235668396
2024-08-29 10:06:02,41000.0,300,Buy,235668451
2024-08-29 10:06:05,41000.0,100,Buy,235668535
2024-08-29 10:06:29,41000.0,100,Buy,235668978
2024-08-29 10:06:38,41000.0,200,Buy,235669290
2024-08-29 10:06:45,41000.0,200,Buy,235669521
2024-08-29 10:06:45,41000.0,200,Buy,235669519
2024-08-29 10:06:45,41000.0,100,Buy,235669520
2024-08-29 10:06:49,41000.0,100,Buy,235669583
2024-08-29 10:06:49,41000.0,900,Buy,235669584
2024-08-29 10:07:06,41000.0,100,Buy,235669957
2024-08-29 10:07:06,41000.0,300,Buy,235669958
2024-08-29 10:07:06,41000.0,200,Buy,235669959
2024-08-29 10:07:06,41000.0,1000,Buy,235669960
2024-08-29 10:07:06,41000.0,5000,Buy,235669961
2024-08-29 10:07:06,41000.0,100,Buy,235669962
2024-08-29 10:07:06,41000.0,3300,Buy,235669963
2024-08-29 10:07:06,41000.0,1000,Buy,235669964
2024-08-29 10:07:12,41000.0,10000,Buy,235670065
2024-08-29 10:07:51,41000.0,3500,Buy,235670726
2024-08-29 10:07:51,41000.0,500,Buy,235670724
2024-08-29 10:07:51,41000.0,1000,Buy,235670725
2024-08-29 10:07:56,41000.0,400,Buy,235670839
2024-08-29 10:08:04,41000.0,100,Buy,235671014
2024-08-29 10:08:14,41000.0,100,Buy,235671241
2024-08-29 10:08:24,41000.0,2800,Buy,235671392
2024-08-29 10:08:24,41000.0,300,Buy,235671393
2024-08-29 10:08:24,41000.0,1000,Buy,235671394
2024-08-29 10:08:24,41000.0,500,Buy,235671395
2024-08-29 10:08:24,41000.0,1000,Buy,235671396
2024-08-29 10:08:36,41000.0,1000,Sell,235671552
2024-08-29 10:08:42,41000.0,3000,Sell,235671633
2024-08-29 10:08:42,41000.0,200,Sell,235671632
2024-08-29 10:08:42,41000.0,400,Sell,235671631
2024-08-29 10:08:47,41000.0,2000,Buy,235671730
2024-08-29 10:09:03,40950.0,2000,Sell,235672080
2024-08-29 10:09:03,40950.0,4600,Sell,235672081
2024-08-29 10:09:03,40950.0,100,Sell,235672079
2024-08-29 10:09:03,40950.0,4600,Sell,235672074
2024-08-29 10:09:03,40950.0,1000,Sell,235672077
2024-08-29 10:09:03,40950.0,1000,Sell,235672078
2024-08-29 10:09:03,40950.0,100,Sell,235672076
2024-08-29 10:09:37,41000.0,24400,Buy,235672777
2024-08-29 10:09:37,41000.0,100,Buy,235672788
2024-08-29 10:09:37,41000.0,500,Buy,235672787
2024-08-29 10:09:37,41000.0,300,Buy,235672786
2024-08-29 10:09:37,41000.0,1000,Buy,235672785
2024-08-29 10:09:37,41000.0,5000,Buy,235672784
2024-08-29 10:09:37,41000.0,1000,Sell,235672819
2024-08-29 10:09:37,41000.0,5000,Buy,235672782
2024-08-29 10:09:37,41000.0,30000,Buy,235672781
2024-08-29 10:09:37,41000.0,100,Buy,235672780
2024-08-29 10:09:37,41000.0,1000,Buy,235672779
2024-08-29 10:09:37,41000.0,2000,Buy,235672783
2024-08-29 10:09:37,41000.0,8700,Buy,235672778
2024-08-29 10:09:41,41000.0,500,Sell,235672891
2024-08-29 10:09:41,41000.0,4600,Sell,235672927
2024-08-29 10:09:46,41000.0,15800,Sell,235673010
2024-08-29 10:09:46,41000.0,100,Sell,235673011
2024-08-29 10:09:48,41000.0,100,Buy,235673029
2024-08-29 10:09:54,41000.0,2300,Buy,235673174
2024-08-29 10:10:08,41000.0,1700,Buy,235673558
2024-08-29 10:10:08,41000.0,100,Buy,235673559
2024-08-29 10:10:08,41000.0,1000,Buy,235673560
2024-08-29 10:10:08,41000.0,600,Buy,235673561
2024-08-29 10:10:08,41000.0,1000,Buy,235673562
2024-08-29 10:10:19,41000.0,600,Sell,235673886
2024-08-29 10:10:19,40950.0,3800,Sell,235673887
2024-08-29 10:10:26,40950.0,2700,Sell,235674075
2024-08-29 10:10:26,40950.0,300,Sell,235674074
2024-08-29 10:10:26,40950.0,1600,Sell,235674073
2024-08-29 10:10:28,41000.0,100,Buy,235674107
2024-08-29 10:10:35,41000.0,100,Sell,235674358
2024-08-29 10:10:36,41000.0,30000,Sell,235674397
2024-08-29 10:10:37,41000.0,1000,Sell,235674412
2024-08-29 10:10:45,41000.0,100,Sell,235674539
2024-08-29 10:10:59,41000.0,2300,Sell,235674835
2024-08-29 10:11:04,41000.0,200,Sell,235675121
2024-08-29 10:11:06,41050.0,400,Buy,235675152
2024-08-29 10:11:15,41000.0,200,Sell,235675296
2024-08-29 10:11:37,41050.0,100,Buy,235675656
2024-08-29 10:11:43,41000.0,100,Sell,235675744
2024-08-29 10:11:44,41050.0,100,Buy,235675783
2024-08-29 10:11:52,41050.0,100,Buy,235675923
2024-08-29 10:11:52,41050.0,500,Buy,235675922
2024-08-29 10:11:52,41050.0,400,Buy,235675921
2024-08-29 10:12:00,41050.0,200,Buy,235676102
2024-08-29 10:12:00,41050.0,100,Buy,235676103
2024-08-29 10:12:00,41050.0,100,Buy,235676104
2024-08-29 10:12:00,41050.0,800,Buy,235676105
2024-08-29 10:12:00,41050.0,100,Buy,235676106
2024-08-29 10:12:00,41050.0,100,Buy,235676107
2024-08-29 10:12:00,41050.0,100,Buy,235676108
2024-08-29 10:12:00,41050.0,200,Buy,235676109
2024-08-29 10:12:00,41050.0,100,Buy,235676110
2024-08-29 10:12:00,41050.0,100,Buy,235676111
2024-08-29 10:12:00,41050.0,100,Buy,235676112
2024-08-29 10:12:05,41050.0,1300,Buy,235676199
2024-08-29 10:12:05,41050.0,500,Buy,235676198
2024-08-29 10:12:05,41050.0,1000,Buy,235676197
2024-08-29 10:12:05,41050.0,2800,Buy,235676194
2024-08-29 10:12:05,41050.0,400,Buy,235676196
2024-08-29 10:12:05,41050.0,1000,Buy,235676195
2024-08-29 10:12:16,41050.0,1000,Buy,235676492
2024-08-29 10:12:26,41000.0,1000,Sell,235676664
2024-08-29 10:12:27,41000.0,1000,Sell,235676682
2024-08-29 10:12:45,41000.0,2300,Sell,235677001
2024-08-29 10:12:59,41000.0,20000,Sell,235677292
2024-08-29 10:13:00,41000.0,28800,Sell,235677301
2024-08-29 10:13:08,41000.0,100,Sell,235677402
2024-08-29 10:13:14,41000.0,700,Sell,235677488
2024-08-29 10:13:15,41000.0,5000,Sell,235677532
2024-08-29 10:13:15,41000.0,100,Sell,235677531
2024-08-29 10:13:15,41000.0,2000,Sell,235677530
2024-08-29 10:13:15,41000.0,1000,Sell,235677529
2024-08-29 10:13:15,41000.0,500,Sell,235677528
2024-08-29 10:13:15,41000.0,3000,Sell,235677527
2024-08-29 10:13:15,41000.0,100,Sell,235677526
2024-08-29 10:13:15,41000.0,1000,Sell,235677525
2024-08-29 10:13:15,41000.0,2000,Sell,235677524
2024-08-29 10:13:15,41000.0,100,Sell,235677523
2024-08-29 10:13:15,41000.0,2000,Sell,235677522
2024-08-29 10:13:15,41000.0,12000,Sell,235677521
2024-08-29 10:13:17,41000.0,5000,Sell,235677646
2024-08-29 10:13:23,41000.0,100,Buy,235677735
2024-08-29 10:13:46,40950.0,200,Sell,235678156
2024-08-29 10:14:13,40950.0,100,Sell,235678555
2024-08-29 10:14:13,40950.0,200,Sell,235678556
2024-08-29 10:14:19,41000.0,5000,Buy,235678667
2024-08-29 10:14:19,41000.0,1700,Buy,235678666
2024-08-29 10:14:19,41000.0,500,Buy,235678665
2024-08-29 10:14:19,41000.0,400,Buy,235678669
2024-08-29 10:14:19,41000.0,7100,Buy,235678663
2024-08-29 10:14:19,41000.0,6000,Buy,235678664
2024-08-29 10:14:19,41000.0,900,Buy,235678661
2024-08-29 10:14:19,41000.0,1000,Buy,235678668
2024-08-29 10:14:19,41000.0,2000,Buy,235678662
2024-08-29 10:14:20,41000.0,10700,Sell,235678684
2024-08-29 10:14:33,41000.0,200,Sell,235678910
2024-08-29 10:14:35,41000.0,200,Sell,235678929
2024-08-29 10:14:42,41000.0,1000,Sell,235679062
2024-08-29 10:14:43,41000.0,100,Sell,235679084
2024-08-29 10:14:53,41000.0,2100,Sell,235679249
2024-08-29 10:15:00,41000.0,600,Sell,235679354
2024-08-29 10:15:13,41000.0,100,Sell,235679559
2024-08-29 10:15:23,41000.0,100,Sell,235679726
2024-08-29 10:15:41,41000.0,1000,Sell,235679998
2024-08-29 10:15:45,41000.0,1000,Sell,235680057
2024-08-29 10:15:53,41050.0,200,Buy,235680160
2024-08-29 10:15:59,41050.0,1100,Buy,235680273
2024-08-29 10:16:03,41050.0,2000,Buy,235680344
2024-08-29 10:16:06,41000.0,200,Sell,235680370
2024-08-29 10:16:12,41000.0,700,Sell,235680525
2024-08-29 10:16:24,41000.0,100,Sell,235680690
2024-08-29 10:16:32,41000.0,100,Sell,235680811
2024-08-29 10:16:44,41000.0,200,Sell,235680946
2024-08-29 10:16:44,41000.0,30000,Sell,235680955
2024-08-29 10:16:51,41000.0,100,Sell,235681043
2024-08-29 10:16:57,41050.0,100,Buy,235681178
2024-08-29 10:17:46,41050.0,100,Buy,235681915
2024-08-29 10:17:58,41050.0,900,Buy,235682166
2024-08-29 10:17:58,41050.0,500,Buy,235682165
2024-08-29 10:17:58,41050.0,4200,Buy,235682164
2024-08-29 10:18:19,41000.0,100,Sell,235682531
2024-08-29 10:18:23,41000.0,700,Sell,235682604
2024-08-29 10:18:26,41000.0,2000,Sell,235682649
2024-08-29 10:18:33,41000.0,500,Sell,235682781
2024-08-29 10:18:33,41000.0,1000,Sell,235682782
2024-08-29 10:18:51,41000.0,1000,Sell,235683095
2024-08-29 10:18:53,41000.0,200,Sell,235683139
2024-08-29 10:18:57,41000.0,2900,Sell,235683233
2024-08-29 10:18:57,41000.0,1000,Sell,235683234
2024-08-29 10:19:03,41000.0,5000,Sell,235683328
2024-08-29 10:19:06,41000.0,300,Sell,235683436
2024-08-29 10:19:06,41000.0,100,Sell,235683426
2024-08-29 10:19:07,41000.0,1000,Sell,235683449
2024-08-29 10:19:16,41000.0,100,Sell,235683603
2024-08-29 10:19:17,41000.0,11000,Sell,235683619
2024-08-29 10:19:17,41000.0,100,Sell,235683620
2024-08-29 10:19:17,41000.0,100,Sell,235683621
2024-08-29 10:19:17,41000.0,300,Sell,235683622
2024-08-29 10:19:17,41000.0,600,Sell,235683623
2024-08-29 10:19:17,41000.0,100,Sell,235683624
2024-08-29 10:19:17,41000.0,100,Sell,235683625
2024-08-29 10:19:17,41000.0,11500,Sell,235683626
2024-08-29 10:19:17,41000.0,10000,Sell,235683627
2024-08-29 10:19:19,41000.0,6900,Sell,235683662
2024-08-29 10:19:19,41000.0,100,Sell,235683661
2024-08-29 10:19:19,41000.0,1200,Sell,235683660
2024-08-29 10:19:19,41000.0,200,Sell,235683658
2024-08-29 10:19:19,41000.0,1500,Sell,235683657
2024-08-29 10:19:19,41000.0,100,Sell,235683659
2024-08-29 10:19:20,41000.0,100,Sell,235683693
2024-08-29 10:19:21,41000.0,500,Sell,235683701
2024-08-29 10:19:24,41000.0,500,Sell,235683747
2024-08-29 10:19:25,41000.0,700,Sell,235683768
2024-08-29 10:19:25,41000.0,200,Sell,235683767
2024-08-29 10:19:25,41000.0,2000,Sell,235683765
2024-08-29 10:19:25,41000.0,100,Sell,235683766
2024-08-29 10:19:26,41000.0,100,Sell,235683775
2024-08-29 10:19:26,41000.0,900,Sell,235683782
2024-08-29 10:19:26,41000.0,100,Sell,235683783
2024-08-29 10:19:26,41000.0,500,Sell,235683784
2024-08-29 10:19:48,40950.0,800,Sell,235684098
2024-08-29 10:19:48,40950.0,200,Sell,235684099
2024-08-29 10:20:28,40950.0,800,Sell,235684744
2024-08-29 10:20:36,41000.0,600,Buy,235684901
2024-08-29 10:20:41,41000.0,100,Buy,235685013
2024-08-29 10:20:58,41000.0,1300,Buy,235685351
2024-08-29 10:20:58,41000.0,100,Buy,235685375
2024-08-29 10:20:58,41000.0,1000,Buy,235685374
2024-08-29 10:20:58,41000.0,100,Buy,235685373
2024-08-29 10:20:58,41000.0,100,Buy,235685372
2024-08-29 10:20:58,41000.0,100,Buy,235685371
2024-08-29 10:20:58,41000.0,3000,Buy,235685370
2024-08-29 10:20:58,41000.0,500,Buy,235685369
2024-08-29 10:20:58,41000.0,400,Buy,235685368
2024-08-29 10:20:58,41000.0,500,Buy,235685366
2024-08-29 10:20:58,41000.0,5000,Buy,235685365
2024-08-29 10:20:58,41000.0,1000,Buy,235685364
2024-08-29 10:20:58,41000.0,2000,Buy,235685367
2024-08-29 10:20:58,41000.0,4100,Buy,235685362
2024-08-29 10:20:58,41000.0,1000,Buy,235685352
2024-08-29 10:20:58,41000.0,100,Buy,235685363
2024-08-29 10:20:58,41000.0,2000,Buy,235685354
2024-08-29 10:20:58,41000.0,100,Buy,235685355
2024-08-29 10:20:58,41000.0,100,Buy,235685356
2024-08-29 10:20:58,41000.0,200,Buy,235685353
2024-08-29 10:20:58,41000.0,1000,Buy,235685358
2024-08-29 10:20:58,41000.0,500,Buy,235685359
2024-08-29 10:20:58,41000.0,500,Buy,235685360
2024-08-29 10:20:58,41000.0,500,Buy,235685361
2024-08-29 10:20:58,41000.0,1000,Buy,235685357
2024-08-29 10:20:59,41000.0,300,Buy,235685377
2024-08-29 10:20:59,41000.0,100,Buy,235685378
2024-08-29 10:20:59,41000.0,100,Buy,235685379
2024-08-29 10:20:59,41000.0,100,Buy,235685380
2024-08-29 10:21:05,41000.0,500,Sell,235685527
2024-08-29 10:21:15,41050.0,200,Buy,235685684
2024-08-29 10:21:17,41050.0,1000,Buy,235685731
2024-08-29 10:21:17,41050.0,800,Buy,235685732
2024-08-29 10:21:17,41050.0,1100,Buy,235685729
2024-08-29 10:21:17,41050.0,100,Buy,235685730
2024-08-29 10:21:19,41050.0,100,Buy,235685748
2024-08-29 10:21:19,41050.0,200,Buy,235685747
2024-08-29 10:21:20,41050.0,2000,Buy,235685759
2024-08-29 10:21:25,41050.0,2000,Buy,235685823
2024-08-29 10:21:25,41050.0,100,Buy,235685824
2024-08-29 10:21:25,41050.0,6300,Buy,235685825
2024-08-29 10:21:25,41050.0,100,Buy,235685826
2024-08-29 10:21:25,41050.0,3000,Buy,235685827
2024-08-29 10:21:25,41050.0,3000,Buy,235685828
2024-08-29 10:21:25,41050.0,100,Buy,235685830
2024-08-29 10:21:25,41050.0,500,Buy,235685822
2024-08-29 10:21:25,41050.0,3000,Buy,235685831
2024-08-29 10:21:25,41050.0,100,Buy,235685832
2024-08-29 10:21:25,41100.0,100,Buy,235685833
2024-08-29 10:21:25,41100.0,100,Buy,235685834
2024-08-29 10:21:25,41100.0,43600,Buy,235685837
2024-08-29 10:21:25,41050.0,1000,Buy,235685829
2024-08-29 10:21:25,41050.0,400,Buy,235685821
2024-08-29 10:21:25,41100.0,10000,Buy,235685836
2024-08-29 10:21:25,41050.0,100,Buy,235685819
2024-08-29 10:21:25,41050.0,600,Buy,235685820
2024-08-29 10:21:25,41050.0,2900,Buy,235685804
2024-08-29 10:21:25,41050.0,1500,Buy,235685805
2024-08-29 10:21:25,41050.0,1000,Buy,235685806
2024-08-29 10:21:25,41050.0,500,Buy,235685807
2024-08-29 10:21:25,41050.0,100,Buy,235685808
2024-08-29 10:21:25,41050.0,2000,Buy,235685809
2024-08-29 10:21:25,41050.0,500,Buy,235685810
2024-08-29 10:21:25,41100.0,5000,Buy,235685835
2024-08-29 10:21:25,41050.0,1000,Buy,235685812
2024-08-29 10:21:25,41050.0,200,Buy,235685813
2024-08-29 10:21:25,41050.0,300,Buy,235685814
2024-08-29 10:21:25,41050.0,500,Buy,235685815
2024-08-29 10:21:25,41050.0,200,Buy,235685816
2024-08-29 10:21:25,41050.0,100,Buy,235685817
2024-08-29 10:21:25,41050.0,10000,Buy,235685811
2024-08-29 10:21:25,41050.0,100,Buy,235685818
2024-08-29 10:21:27,41050.0,1000,Sell,235685862
2024-08-29 10:21:36,41100.0,3000,Buy,235686037
2024-08-29 10:21:36,41100.0,1000,Buy,235686038
2024-08-29 10:21:36,41100.0,100,Buy,235686039
2024-08-29 10:21:36,41100.0,5000,Buy,235686040
2024-08-29 10:21:36,41100.0,500,Buy,235686041
2024-08-29 10:21:36,41100.0,100,Buy,235686046
2024-08-29 10:21:36,41100.0,500,Buy,235686044
2024-08-29 10:21:36,41100.0,1000,Buy,235686045
2024-08-29 10:21:36,41100.0,10000,Buy,235686036
2024-08-29 10:21:36,41100.0,200,Buy,235686047
2024-08-29 10:21:36,41100.0,4000,Buy,235686048
2024-08-29 10:21:36,41100.0,100,Buy,235686049
2024-08-29 10:21:36,41100.0,5000,Buy,235686050
2024-08-29 10:21:36,41100.0,100,Buy,235686042
2024-08-29 10:21:36,41100.0,100,Buy,235686035
2024-08-29 10:21:36,41100.0,700,Buy,235686031
2024-08-29 10:21:36,41100.0,500,Buy,235686033
2024-08-29 10:21:36,41100.0,100,Buy,235686032
2024-08-29 10:21:36,41100.0,500,Buy,235686030
2024-08-29 10:21:36,41100.0,2000,Buy,235686029
2024-08-29 10:21:36,41100.0,100,Buy,235686027
2024-08-29 10:21:36,41100.0,100,Buy,235686026
2024-08-29 10:21:36,41100.0,100,Buy,235686024
2024-08-29 10:21:36,41100.0,5000,Buy,235686023
2024-08-29 10:21:36,41100.0,500,Buy,235686022
2024-08-29 10:21:36,41100.0,1000,Buy,235686021
2024-08-29 10:21:36,41100.0,200,Buy,235686020
2024-08-29 10:21:36,41100.0,100,Buy,235686019
2024-08-29 10:21:36,41100.0,2300,Buy,235686018
2024-08-29 10:21:36,41100.0,800,Buy,235686051
2024-08-29 10:21:36,41100.0,5000,Buy,235686034
2024-08-29 10:21:36,41100.0,300,Buy,235686025
2024-08-29 10:21:43,41050.0,800,Sell,235686178
2024-08-29 10:21:45,41050.0,1000,Sell,235686218
2024-08-29 10:22:00,41100.0,400,Buy,235686456
2024-08-29 10:22:00,41100.0,200,Buy,235686454
2024-08-29 10:22:00,41100.0,500,Buy,235686455
2024-08-29 10:22:01,41100.0,100,Buy,235686477
2024-08-29 10:22:18,41050.0,200,Sell,235686708
2024-08-29 10:22:19,41100.0,500,Buy,235686726
2024-08-29 10:22:19,41100.0,3000,Buy,235686727
2024-08-29 10:22:19,41100.0,100,Buy,235686728
2024-08-29 10:22:19,41100.0,1000,Buy,235686730
2024-08-29 10:22:19,41100.0,40000,Buy,235686731
2024-08-29 10:22:19,41100.0,1000,Buy,235686729
2024-08-29 10:22:33,41100.0,100,Sell,235687015
2024-08-29 10:22:34,41150.0,100,Buy,235687036
2024-08-29 10:22:34,41150.0,900,Buy,235687040
2024-08-29 10:22:34,41150.0,1000,Buy,235687039
2024-08-29 10:22:34,41150.0,500,Buy,235687038
2024-08-29 10:22:34,41150.0,500,Buy,235687037
2024-08-29 10:22:34,41150.0,100,Buy,235687034
2024-08-29 10:22:34,41150.0,400,Buy,235687033
2024-08-29 10:22:34,41150.0,100,Buy,235687032
2024-08-29 10:22:34,41150.0,1000,Buy,235687031
2024-08-29 10:22:34,41150.0,100,Buy,235687030
2024-08-29 10:22:34,41150.0,100,Buy,235687029
2024-08-29 10:22:34,41150.0,200,Buy,235687035
2024-08-29 10:22:41,41150.0,100,Buy,235687151
2024-08-29 10:22:41,41150.0,900,Buy,235687152
2024-08-29 10:22:53,41100.0,1600,Sell,235687377
2024-08-29 10:23:12,41100.0,100,Sell,235687752
2024-08-29 10:23:15,41100.0,100,Sell,235687791
2024-08-29 10:23:22,41100.0,2500,Sell,235687888
2024-08-29 10:23:22,41100.0,500,Sell,235687889
2024-08-29 10:23:23,41150.0,100,Buy,235687919
2024-08-29 10:23:24,41150.0,900,Buy,235687926
2024-08-29 10:23:27,41150.0,300,Buy,235687968
2024-08-29 10:23:27,41150.0,100,Buy,235687967
2024-08-29 10:23:27,41150.0,100,Buy,235687964
2024-08-29 10:23:27,41150.0,9200,Buy,235687965
2024-08-29 10:23:27,41150.0,200,Buy,235687966
2024-08-29 10:23:27,41150.0,100,Buy,235687963
2024-08-29 10:23:35,41100.0,14500,Sell,235688045
2024-08-29 10:23:35,41100.0,2300,Sell,235688046
2024-08-29 10:23:35,41100.0,500,Sell,235688047
2024-08-29 10:23:41,41100.0,9700,Buy,235688116
2024-08-29 10:23:54,41150.0,500,Buy,235688259
2024-08-29 10:23:54,41150.0,1500,Buy,235688260
2024-08-29 10:23:54,41150.0,100,Buy,235688266
2024-08-29 10:23:54,41150.0,700,Buy,235688267
2024-08-29 10:23:54,41150.0,100,Buy,235688268
2024-08-29 10:23:54,41150.0,300,Buy,235688269
2024-08-29 10:23:54,41150.0,15300,Buy,235688270
2024-08-29 10:23:54,41150.0,3500,Buy,235688265
2024-08-29 10:23:58,41150.0,500,Buy,235688317
2024-08-29 10:24:01,41150.0,1000,Buy,235688333
2024-08-29 10:24:03,41150.0,1000,Buy,235688359
2024-08-29 10:24:05,41150.0,20000,Buy,235688377
2024-08-29 10:24:07,41150.0,12200,Buy,235688404
2024-08-29 10:24:07,41150.0,100,Buy,235688405
2024-08-29 10:24:07,41150.0,2000,Buy,235688406
2024-08-29 10:24:07,41150.0,100,Buy,235688407
2024-08-29 10:24:07,41150.0,100,Buy,235688408
2024-08-29 10:24:07,41150.0,1000,Buy,235688409
2024-08-29 10:24:07,41150.0,500,Buy,235688410
2024-08-29 10:24:07,41150.0,200,Buy,235688411
2024-08-29 10:24:21,41150.0,100,Sell,235688629
2024-08-29 10:24:36,41200.0,100,Buy,235688939
2024-08-29 10:24:36,41200.0,500,Buy,235688940
2024-08-29 10:24:36,41200.0,100,Buy,235688941
2024-08-29 10:24:36,41200.0,4300,Buy,235688942
2024-08-29 10:24:38,41200.0,1000,Buy,235688960
2024-08-29 10:24:39,41150.0,1300,Sell,235689018
2024-08-29 10:24:48,41200.0,200,Buy,235689113
2024-08-29 10:25:03,41200.0,1400,Buy,235689337
2024-08-29 10:25:08,41200.0,100,Buy,235689414
2024-08-29 10:25:08,41200.0,900,Buy,235689413
2024-08-29 10:25:10,41200.0,100,Buy,235689431
2024-08-29 10:25:14,41150.0,100,Sell,235689499
2024-08-29 10:25:16,41200.0,500,Buy,235689519
2024-08-29 10:25:18,41200.0,100,Buy,235689550
2024-08-29 10:25:18,41200.0,500,Buy,235689546
2024-08-29 10:25:18,41200.0,500,Buy,235689545
2024-08-29 10:25:18,41200.0,1400,Buy,235689541
2024-08-29 10:25:18,41200.0,400,Buy,235689543
2024-08-29 10:25:18,41200.0,100,Buy,235689542
2024-08-29 10:25:18,41200.0,100,Buy,235689544
2024-08-29 10:25:43,41200.0,400,Buy,235689929
2024-08-29 10:25:43,41200.0,600,Buy,235689930
2024-08-29 10:25:47,41200.0,400,Buy,235689965
2024-08-29 10:25:54,41200.0,100,Buy,235690096
2024-08-29 10:25:54,41200.0,400,Buy,235690097
2024-08-29 10:25:54,41200.0,1400,Buy,235690102
2024-08-29 10:25:59,41200.0,2000,Buy,235690156
2024-08-29 10:26:02,41200.0,1000,Buy,235690191
2024-08-29 10:26:02,41200.0,100,Buy,235690192
2024-08-29 10:26:02,41200.0,400,Buy,235690193
2024-08-29 10:26:02,41200.0,300,Buy,235690194
2024-08-29 10:26:02,41200.0,1200,Buy,235690190
2024-08-29 10:26:04,41200.0,100,Buy,235690219
2024-08-29 10:26:04,41200.0,1400,Buy,235690220
2024-08-29 10:26:04,41200.0,500,Buy,235690218
2024-08-29 10:26:04,41200.0,1500,Buy,235690217
2024-08-29 10:26:04,41200.0,200,Buy,235690215
2024-08-29 10:26:04,41200.0,1000,Buy,235690214
2024-08-29 10:26:04,41200.0,100,Buy,235690213
2024-08-29 10:26:04,41200.0,100,Buy,235690216
2024-08-29 10:26:04,41200.0,700,Buy,235690209
2024-08-29 10:26:05,41200.0,100,Buy,235690254
2024-08-29 10:26:07,41200.0,500,Buy,235690308
2024-08-29 10:26:07,41200.0,300,Buy,235690309
2024-08-29 10:26:07,41200.0,200,Buy,235690310
2024-08-29 10:26:13,41200.0,500,Buy,235690389
2024-08-29 10:26:13,41200.0,10000,Buy,235690390
2024-08-29 10:26:13,41200.0,1000,Buy,235690391
2024-08-29 10:26:13,41200.0,200,Buy,235690392
2024-08-29 10:26:13,41200.0,100,Buy,235690393
2024-08-29 10:26:13,41200.0,100,Buy,235690397
2024-08-29 10:26:13,41200.0,100,Buy,235690395
2024-08-29 10:26:13,41200.0,100,Buy,235690396
2024-08-29 10:26:13,41200.0,3500,Buy,235690398
2024-08-29 10:26:13,41200.0,100,Buy,235690394
2024-08-29 10:26:13,41200.0,100,Buy,235690388
2024-08-29 10:26:13,41200.0,100,Buy,235690380
2024-08-29 10:26:13,41200.0,2000,Buy,235690386
2024-08-29 10:26:13,41200.0,100,Buy,235690387
2024-08-29 10:26:13,41200.0,4800,Buy,235690376
2024-08-29 10:26:13,41200.0,3000,Buy,235690378
2024-08-29 10:26:13,41200.0,1000,Buy,235690379
2024-08-29 10:26:13,41200.0,100,Buy,235690377
2024-08-29 10:26:13,41200.0,100,Buy,235690382
2024-08-29 10:26:13,41200.0,5000,Buy,235690383
2024-08-29 10:26:13,41200.0,1300,Buy,235690381
2024-08-29 10:26:13,41200.0,100,Buy,235690384
2024-08-29 10:26:13,41200.0,500,Buy,235690385
2024-08-29 10:26:24,41200.0,500,Sell,235690605
2024-08-29 10:26:28,41200.0,1000,Sell,235690694
2024-08-29 10:26:29,41200.0,100,Sell,235690712
2024-08-29 10:26:40,41250.0,100,Buy,235690835
2024-08-29 10:26:47,41250.0,500,Buy,235690936
2024-08-29 10:26:47,41250.0,100,Buy,235690937
2024-08-29 10:26:47,41250.0,400,Buy,235690935
2024-08-29 10:26:58,41200.0,100,Sell,235691052
2024-08-29 10:27:01,41250.0,300,Buy,235691105
2024-08-29 10:27:01,41250.0,100,Buy,235691106
2024-08-29 10:27:01,41250.0,600,Buy,235691107
2024-08-29 10:27:06,41250.0,100,Buy,235691192
2024-08-29 10:27:12,41250.0,100,Buy,235691301
2024-08-29 10:27:16,41250.0,500,Buy,235691363
2024-08-29 10:27:16,41250.0,1400,Buy,235691357
2024-08-29 10:27:16,41250.0,100,Buy,235691364
2024-08-29 10:27:18,41250.0,300,Buy,235691394
2024-08-29 10:27:21,41250.0,100,Buy,235691456
2024-08-29 10:27:24,41200.0,500,Sell,235691491
2024-08-29 10:27:25,41250.0,100,Buy,235691508
2024-08-29 10:27:25,41250.0,100,Buy,235691509
2024-08-29 10:27:25,41250.0,100,Buy,235691510
2024-08-29 10:27:25,41250.0,1000,Buy,235691511
2024-08-29 10:27:25,41250.0,100,Buy,235691512
2024-08-29 10:27:25,41250.0,2000,Buy,235691513
2024-08-29 10:27:25,41250.0,200,Buy,235691514
2024-08-29 10:27:27,41250.0,100,Sell,235691576
2024-08-29 10:27:29,41250.0,200,Sell,235691615
2024-08-29 10:27:30,41250.0,100,Sell,235691631
2024-08-29 10:27:32,41250.0,100,Sell,235691641
2024-08-29 10:27:34,41250.0,100,Sell,235691702
2024-08-29 10:27:35,41250.0,200,Sell,235691728
2024-08-29 10:27:37,41300.0,100,Buy,235691760
2024-08-29 10:27:38,41250.0,1000,Sell,235691779
2024-08-29 10:27:43,41300.0,100,Buy,235691836
2024-08-29 10:27:48,41250.0,100,Sell,235691911
2024-08-29 10:27:50,41300.0,100,Buy,235691929
2024-08-29 10:27:50,41300.0,100,Buy,235691930
2024-08-29 10:27:50,41300.0,100,Buy,235691931
2024-08-29 10:27:50,41300.0,100,Buy,235691932
2024-08-29 10:27:50,41300.0,100,Buy,235691933
2024-08-29 10:27:51,41300.0,100,Buy,235691949
2024-08-29 10:27:51,41300.0,400,Buy,235691950
2024-08-29 10:27:56,41300.0,100,Buy,235692042
2024-08-29 10:28:01,41300.0,2300,Buy,235692160
2024-08-29 10:28:01,41300.0,100,Buy,235692159
2024-08-29 10:28:01,41300.0,500,Buy,235692158
2024-08-29 10:28:01,41300.0,300,Buy,235692157
2024-08-29 10:28:01,41300.0,2000,Buy,235692155
2024-08-29 10:28:01,41300.0,200,Buy,235692154
2024-08-29 10:28:01,41300.0,500,Buy,235692153
2024-08-29 10:28:01,41300.0,1000,Buy,235692156
2024-08-29 10:28:09,41300.0,200,Buy,235692257
2024-08-29 10:28:13,41300.0,200,Buy,235692330
2024-08-29 10:28:18,41250.0,1500,Sell,235692382
2024-08-29 10:28:27,41300.0,100,Buy,235692499
2024-08-29 10:28:32,41250.0,1000,Sell,235692554
2024-08-29 10:28:34,41300.0,200,Buy,235692587
2024-08-29 10:28:53,41300.0,2000,Buy,235692800
2024-08-29 10:28:57,41250.0,300,Sell,235692844
2024-08-29 10:28:58,41300.0,500,Buy,235692862
2024-08-29 10:28:58,41300.0,200,Buy,235692861
2024-08-29 10:28:58,41300.0,100,Buy,235692860
2024-08-29 10:28:58,41300.0,500,Buy,235692859
2024-08-29 10:28:58,41300.0,1000,Buy,235692857
2024-08-29 10:28:58,41300.0,100,Buy,235692856
2024-08-29 10:28:58,41300.0,200,Buy,235692855
2024-08-29 10:28:58,41300.0,100,Buy,235692854
2024-08-29 10:28:58,41300.0,2000,Buy,235692858
2024-08-29 10:28:59,41300.0,100,Buy,235692873
2024-08-29 10:28:59,41300.0,100,Buy,235692874
2024-08-29 10:28:59,41300.0,100,Buy,235692875
2024-08-29 10:28:59,41300.0,400,Buy,235692876
2024-08-29 10:29:00,41300.0,500,Buy,235692894
2024-08-29 10:29:01,41300.0,500,Buy,235692901
2024-08-29 10:29:02,41300.0,200,Buy,235692913
2024-08-29 10:29:02,41300.0,1000,Buy,235692921
2024-08-29 10:29:05,41300.0,800,Buy,235692951
2024-08-29 10:29:07,41300.0,300,Buy,235692973
2024-08-29 10:29:10,41300.0,1000,Buy,235693018
2024-08-29 10:29:13,41300.0,300,Buy,235693054
2024-08-29 10:29:18,41300.0,1900,Buy,235693121
2024-08-29 10:29:21,41300.0,2000,Buy,235693159
2024-08-29 10:29:27,41300.0,900,Buy,235693265
2024-08-29 10:29:27,41300.0,1100,Buy,235693264
2024-08-29 10:29:29,41300.0,500,Buy,235693308
2024-08-29 10:29:34,41300.0,1000,Buy,235693365
2024-08-29 10:29:35,41300.0,2600,Buy,235693366
2024-08-29 10:29:35,41300.0,500,Buy,235693367
2024-08-29 10:29:35,41300.0,100,Buy,235693368
2024-08-29 10:29:35,41300.0,100,Buy,235693369
2024-08-29 10:29:35,41300.0,2300,Buy,235693370
2024-08-29 10:29:36,41300.0,200,Buy,235693379
2024-08-29 10:29:40,41300.0,600,Buy,235693471
2024-08-29 10:29:41,41250.0,200,Sell,235693487
2024-08-29 10:29:45,41300.0,800,Buy,235693552
2024-08-29 10:29:47,41300.0,500,Buy,235693579
2024-08-29 10:29:47,41300.0,500,Buy,235693568
2024-08-29 10:29:48,41300.0,2400,Buy,235693600
2024-08-29 10:29:48,41300.0,100,Buy,235693599
2024-08-29 10:29:48,41300.0,400,Buy,235693598
2024-08-29 10:29:48,41300.0,100,Buy,235693597
2024-08-29 10:29:48,41300.0,100,Buy,235693596
2024-08-29 10:29:48,41300.0,100,Buy,235693595
2024-08-29 10:29:48,41300.0,100,Buy,235693590
2024-08-29 10:29:48,41300.0,100,Buy,235693591
2024-08-29 10:29:48,41300.0,100,Buy,235693588
2024-08-29 10:29:48,41300.0,300,Buy,235693587
2024-08-29 10:29:48,41300.0,100,Buy,235693586
2024-08-29 10:29:48,41300.0,900,Buy,235693594
2024-08-29 10:29:48,41300.0,500,Buy,235693589
2024-08-29 10:29:50,41300.0,1000,Buy,235693619
2024-08-29 10:29:50,41250.0,200,Sell,235693620
2024-08-29 10:29:54,41300.0,1000,Buy,235693663
2024-08-29 10:29:55,41250.0,100,Sell,235693670
2024-08-29 10:29:57,41300.0,100,Buy,235693702
2024-08-29 10:29:59,41300.0,1000,Buy,235693742
2024-08-29 10:29:59,41300.0,100,Buy,235693743
2024-08-29 10:29:59,41300.0,1000,Buy,235693741
2024-08-29 10:29:59,41300.0,2700,Buy,235693739
2024-08-29 10:29:59,41300.0,200,Buy,235693740
2024-08-29 10:30:00,41300.0,100,Buy,235693768
2024-08-29 10:30:00,41300.0,100,Buy,235693766
2024-08-29 10:30:00,41300.0,1000,Buy,235693765
2024-08-29 10:30:00,41300.0,1000,Buy,235693764
2024-08-29 10:30:00,41300.0,1000,Buy,235693767
2024-08-29 10:30:00,41300.0,1000,Buy,235693762
2024-08-29 10:30:00,41300.0,100,Buy,235693761
2024-08-29 10:30:00,41300.0,100,Buy,235693760
2024-08-29 10:30:00,41300.0,900,Buy,235693759
2024-08-29 10:30:00,41300.0,800,Buy,235693763
2024-08-29 10:30:12,41300.0,100,Sell,235693899
2024-08-29 10:30:19,41350.0,200,Buy,235693976
2024-08-29 10:30:21,41350.0,200,Buy,235694089
2024-08-29 10:30:21,41350.0,2500,Buy,235694092
2024-08-29 10:30:21,41350.0,100,Buy,235694091
2024-08-29 10:30:21,41350.0,100,Buy,235694090
2024-08-29 10:30:21,41350.0,5000,Buy,235694088
2024-08-29 10:30:21,41350.0,500,Buy,235694084
2024-08-29 10:30:21,41350.0,100,Buy,235694086
2024-08-29 10:30:21,41350.0,100,Buy,235694085
2024-08-29 10:30:21,41350.0,100,Buy,235694083
2024-08-29 10:30:21,41350.0,300,Buy,235694082
2024-08-29 10:30:21,41350.0,3800,Buy,235694081
2024-08-29 10:30:21,41350.0,200,Buy,235694087
2024-08-29 10:30:24,41300.0,2000,Sell,235694125
2024-08-29 10:30:29,41300.0,100,Sell,235694183
2024-08-29 10:30:30,41350.0,1100,Buy,235694207
2024-08-29 10:30:30,41350.0,5900,Buy,235694206
2024-08-29 10:30:30,41350.0,4100,Buy,235694203
2024-08-29 10:30:30,41350.0,100,Buy,235694202
2024-08-29 10:30:30,41350.0,400,Buy,235694201
2024-08-29 10:30:30,41350.0,1000,Buy,235694200
2024-08-29 10:30:30,41350.0,100,Buy,235694197
2024-08-29 10:30:30,41350.0,100,Buy,235694198
2024-08-29 10:30:30,41350.0,7500,Buy,235694192
2024-08-29 10:30:30,41350.0,1000,Buy,235694193
2024-08-29 10:30:30,41350.0,100,Buy,235694199
2024-08-29 10:30:30,41350.0,5000,Buy,235694195
2024-08-29 10:30:30,41350.0,100,Buy,235694196
2024-08-29 10:30:30,41350.0,500,Buy,235694194
2024-08-29 10:30:31,41350.0,900,Buy,235694215
2024-08-29 10:30:31,41350.0,100,Buy,235694216
2024-08-29 10:30:31,41350.0,500,Buy,235694217
2024-08-29 10:30:31,41350.0,100,Buy,235694218
2024-08-29 10:30:31,41350.0,500,Buy,235694219
2024-08-29 10:30:31,41350.0,1300,Buy,235694220
2024-08-29 10:30:31,41350.0,1200,Buy,235694221
2024-08-29 10:30:34,41350.0,2100,Buy,235694251
2024-08-29 10:30:36,41350.0,1000,Buy,235694276
2024-08-29 10:30:37,41350.0,200,Buy,235694311
2024-08-29 10:30:37,41350.0,100,Buy,235694310
2024-08-29 10:30:37,41350.0,700,Buy,235694309
2024-08-29 10:30:38,41350.0,800,Buy,235694336
2024-08-29 10:30:39,41350.0,1000,Buy,235694346
2024-08-29 10:30:39,41350.0,100,Buy,235694347
2024-08-29 10:30:39,41350.0,100,Buy,235694348
2024-08-29 10:30:39,41350.0,1000,Buy,235694349
2024-08-29 10:30:39,41350.0,100,Buy,235694350
2024-08-29 10:30:40,41400.0,3000,Buy,235694385
2024-08-29 10:30:48,41400.0,200,Buy,235694509
2024-08-29 10:30:52,41400.0,1800,Buy,235694534
2024-08-29 10:30:52,41400.0,100,Buy,235694535
2024-08-29 10:30:52,41400.0,200,Buy,235694536
2024-08-29 10:30:52,41400.0,500,Buy,235694537
2024-08-29 10:30:52,41400.0,400,Buy,235694538
2024-08-29 10:31:00,41400.0,100,Buy,235694605
2024-08-29 10:31:05,41350.0,1500,Sell,235694651
2024-08-29 10:31:10,41400.0,2000,Buy,235694736
2024-08-29 10:31:11,41400.0,300,Buy,235694763
2024-08-29 10:31:16,41400.0,7200,Buy,235694814
2024-08-29 10:31:16,41400.0,100,Buy,235694815
2024-08-29 10:31:16,41400.0,100,Buy,235694816
2024-08-29 10:31:16,41400.0,100,Buy,235694817
2024-08-29 10:31:16,41400.0,400,Buy,235694818
2024-08-29 10:31:16,41400.0,100,Buy,235694819
2024-08-29 10:31:16,41400.0,6400,Buy,235694820
2024-08-29 10:31:20,41400.0,50000,Buy,235694868
2024-08-29 10:31:31,41350.0,100,Sell,235695007
2024-08-29 10:31:34,41400.0,500,Buy,235695037
2024-08-29 10:31:38,41400.0,800,Buy,235695096
2024-08-29 10:31:41,41350.0,1700,Sell,235695132
2024-08-29 10:31:44,41400.0,200,Buy,235695164
2024-08-29 10:31:44,41350.0,500,Sell,235695165
2024-08-29 10:31:59,41400.0,8100,Buy,235695412
2024-08-29 10:32:03,41350.0,1000,Sell,235695443
2024-08-29 10:32:03,41400.0,2500,Buy,235695445
2024-08-29 10:32:10,41350.0,200,Sell,235695523
2024-08-29 10:32:13,41400.0,10000,Buy,235695614
2024-08-29 10:32:16,41400.0,3000,Buy,235695637
2024-08-29 10:32:16,41400.0,1500,Buy,235695655
2024-08-29 10:32:16,41400.0,200,Buy,235695656
2024-08-29 10:32:19,41400.0,10000,Buy,235695673
2024-08-29 10:32:21,41350.0,300,Sell,235695712
2024-08-29 10:32:26,41400.0,500,Buy,235695781
2024-08-29 10:32:27,41400.0,200,Buy,235695790
2024-08-29 10:32:27,41400.0,1000,Buy,235695803
2024-08-29 10:32:32,41400.0,1000,Buy,235695878
2024-08-29 10:32:32,41400.0,2200,Buy,235695875
2024-08-29 10:32:32,41400.0,100,Buy,235695872
2024-08-29 10:32:32,41400.0,5000,Buy,235695871
2024-08-29 10:32:32,41400.0,100,Buy,235695874
2024-08-29 10:32:32,41400.0,1000,Buy,235695869
2024-08-29 10:32:32,41400.0,100,Buy,235695870
2024-08-29 10:32:32,41400.0,5100,Buy,235695865
2024-08-29 10:32:32,41400.0,100,Buy,235695866
2024-08-29 10:32:32,41400.0,100,Buy,235695873
2024-08-29 10:32:32,41400.0,1100,Buy,235695868
2024-08-29 10:32:32,41400.0,100,Buy,235695867
2024-08-29 10:32:35,41400.0,100,Buy,235695903
2024-08-29 10:32:35,41400.0,100,Buy,235695905
2024-08-29 10:32:35,41400.0,500,Buy,235695902
2024-08-29 10:32:35,41400.0,100,Buy,235695904
2024-08-29 10:32:44,41400.0,400,Buy,235696049
2024-08-29 10:32:44,41400.0,100,Buy,235696050
2024-08-29 10:32:44,41400.0,100,Buy,235696051
2024-08-29 10:32:44,41400.0,100,Buy,235696052
2024-08-29 10:32:44,41400.0,100,Buy,235696053
2024-08-29 10:32:44,41400.0,1000,Buy,235696054
2024-08-29 10:32:44,41400.0,100,Buy,235696055
2024-08-29 10:32:44,41400.0,100,Buy,235696056
2024-08-29 10:32:44,41400.0,100,Buy,235696057
2024-08-29 10:32:44,41400.0,200,Buy,235696058
2024-08-29 10:32:44,41400.0,2100,Buy,235696059
2024-08-29 10:32:47,41400.0,1000,Buy,235696110
2024-08-29 10:32:49,41400.0,500,Buy,235696140
2024-08-29 10:32:54,41400.0,500,Buy,235696219
2024-08-29 10:33:00,41400.0,1000,Buy,235696311
2024-08-29 10:33:00,41400.0,100,Buy,235696312
2024-08-29 10:33:00,41400.0,900,Buy,235696310
2024-08-29 10:33:04,41400.0,400,Buy,235696378
2024-08-29 10:33:04,41400.0,100,Buy,235696379
2024-08-29 10:33:04,41400.0,500,Buy,235696380
2024-08-29 10:33:05,41400.0,3000,Buy,235696401
2024-08-29 10:33:06,41400.0,1000,Sell,235696428
2024-08-29 10:33:11,41400.0,1000,Sell,235696496
2024-08-29 10:33:17,41400.0,1000,Sell,235696576
2024-08-29 10:33:18,41450.0,100,Buy,235696591
2024-08-29 10:33:18,41450.0,100,Buy,235696592
2024-08-29 10:33:22,41400.0,2000,Sell,235696638
2024-08-29 10:33:26,41400.0,100,Sell,235696667
2024-08-29 10:33:27,41400.0,100,Sell,235696692
2024-08-29 10:33:27,41400.0,4900,Sell,235696691
2024-08-29 10:33:29,41400.0,100,Sell,235696728
2024-08-29 10:33:30,41400.0,600,Sell,235696760
2024-08-29 10:33:30,41400.0,1800,Sell,235696759
2024-08-29 10:33:31,41400.0,900,Sell,235696766
2024-08-29 10:33:31,41400.0,1000,Sell,235696767
2024-08-29 10:33:31,41400.0,5200,Sell,235696768
2024-08-29 10:33:32,41400.0,200,Buy,235696787
2024-08-29 10:33:39,41400.0,100,Buy,235696899
2024-08-29 10:33:39,41400.0,5000,Buy,235696900
2024-08-29 10:33:39,41400.0,14900,Buy,235696901
2024-08-29 10:33:40,41400.0,100,Buy,235696920
2024-08-29 10:33:43,41350.0,400,Sell,235696964
2024-08-29 10:34:10,41400.0,100,Buy,235697258
2024-08-29 10:34:10,41400.0,900,Buy,235697259
2024-08-29 10:34:26,41350.0,2000,Sell,235697455
2024-08-29 10:34:26,41350.0,500,Sell,235697456
2024-08-29 10:34:26,41350.0,11100,Sell,235697457
2024-08-29 10:34:31,41350.0,900,Sell,235697508
2024-08-29 10:34:32,41350.0,1000,Sell,235697529
2024-08-29 10:34:32,41350.0,3600,Sell,235697530
2024-08-29 10:34:32,41350.0,1000,Sell,235697531
2024-08-29 10:34:32,41350.0,8000,Sell,235697532
2024-08-29 10:34:32,41350.0,500,Sell,235697533
2024-08-29 10:34:32,41350.0,1000,Sell,235697534
2024-08-29 10:34:32,41350.0,500,Sell,235697535
2024-08-29 10:34:32,41350.0,2000,Sell,235697536
2024-08-29 10:34:32,41350.0,5000,Sell,235697537
2024-08-29 10:34:32,41350.0,300,Sell,235697538
2024-08-29 10:34:32,41350.0,1000,Sell,235697539
2024-08-29 10:34:32,41350.0,1200,Sell,235697540
2024-08-29 10:34:32,41350.0,100,Sell,235697545
2024-08-29 10:34:32,41350.0,2300,Sell,235697546
2024-08-29 10:34:32,41350.0,100,Sell,235697547
2024-08-29 10:34:32,41350.0,8000,Sell,235697528
2024-08-29 10:34:45,41350.0,100,Buy,235697673
2024-08-29 10:34:45,41350.0,100,Buy,235697674
2024-08-29 10:34:47,41300.0,1700,Sell,235697684
2024-08-29 10:34:47,41300.0,2200,Sell,235697685
2024-08-29 10:34:53,41350.0,100,Buy,235697772
2024-08-29 10:34:56,41300.0,7800,Sell,235697808
2024-08-29 10:34:56,41300.0,500,Sell,235697809
2024-08-29 10:34:56,41300.0,700,Sell,235697810
2024-08-29 10:34:58,41300.0,100,Sell,235697838
2024-08-29 10:35:00,41300.0,20000,Sell,235697864
2024-08-29 10:35:00,41300.0,18000,Sell,235697863
2024-08-29 10:35:00,41300.0,5000,Sell,235697862
2024-08-29 10:35:00,41300.0,1000,Sell,235697861
2024-08-29 10:35:00,41300.0,30000,Sell,235697865
2024-08-29 10:35:00,41300.0,30000,Sell,235697859
2024-08-29 10:35:00,41300.0,500,Sell,235697858
2024-08-29 10:35:00,41300.0,1200,Sell,235697857
2024-08-29 10:35:00,41300.0,1000,Sell,235697860
2024-08-29 10:35:00,41350.0,2000,Buy,235697848
2024-08-29 10:35:07,41350.0,400,Buy,235697943
2024-08-29 10:35:17,41350.0,500,Buy,235698066
2024-08-29 10:35:17,41350.0,400,Buy,235698068
2024-08-29 10:35:17,41350.0,700,Buy,235698064
2024-08-29 10:35:18,41350.0,2000,Buy,235698074
2024-08-29 10:35:18,41350.0,800,Buy,235698077
2024-08-29 10:35:18,41350.0,100,Buy,235698085
2024-08-29 10:35:18,41350.0,3500,Buy,235698083
2024-08-29 10:35:19,41300.0,1000,Sell,235698092
2024-08-29 10:35:19,41300.0,3500,Sell,235698093
2024-08-29 10:35:20,41300.0,700,Sell,235698103
2024-08-29 10:35:21,41300.0,1000,Sell,235698108
2024-08-29 10:35:25,41350.0,100,Buy,235698152
2024-08-29 10:35:27,41300.0,500,Sell,235698161
2024-08-29 10:35:28,41300.0,2000,Sell,235698183
2024-08-29 10:35:30,41300.0,2000,Sell,235698219
2024-08-29 10:35:31,41300.0,200,Sell,235698227
2024-08-29 10:35:37,41300.0,200,Sell,235698277
2024-08-29 10:35:37,41300.0,300,Sell,235698278
2024-08-29 10:35:37,41300.0,1600,Sell,235698276
2024-08-29 10:35:39,41300.0,1000,Buy,235698307
2024-08-29 10:35:41,41300.0,200,Buy,235698331
2024-08-29 10:35:47,41300.0,500,Buy,235698426
2024-08-29 10:35:54,41300.0,1600,Buy,235698521
2024-08-29 10:35:54,41300.0,300,Buy,235698519
2024-08-29 10:35:54,41300.0,100,Buy,235698520
2024-08-29 10:35:54,41300.0,500,Buy,235698511
2024-08-29 10:35:54,41300.0,700,Buy,235698507
2024-08-29 10:35:54,41300.0,400,Buy,235698513
2024-08-29 10:35:55,41300.0,800,Buy,235698535
2024-08-29 10:35:55,41300.0,3500,Buy,235698537
2024-08-29 10:35:55,41300.0,100,Buy,235698540
2024-08-29 10:36:28,41300.0,100,Buy,235698841
2024-08-29 10:36:30,41250.0,100,Sell,235698848
2024-08-29 10:36:38,41250.0,300,Sell,235698936
2024-08-29 10:36:38,41250.0,500,Sell,235698935
2024-08-29 10:36:38,41250.0,100,Sell,235698931
2024-08-29 10:36:38,41250.0,1600,Sell,235698933
2024-08-29 10:36:38,41250.0,500,Sell,235698932
2024-08-29 10:36:38,41250.0,7000,Sell,235698934
2024-08-29 10:36:40,41250.0,100,Sell,235698956
2024-08-29 10:37:07,41250.0,200,Sell,235699213
2024-08-29 10:37:10,41250.0,400,Sell,235699244
2024-08-29 10:37:10,41250.0,600,Sell,235699245
2024-08-29 10:37:10,41250.0,1000,Sell,235699246
2024-08-29 10:37:20,41250.0,100,Sell,235699336
2024-08-29 10:37:27,41250.0,200,Sell,235699434
2024-08-29 10:38:02,41250.0,100,Buy,235699772
2024-08-29 10:38:16,41250.0,200,Buy,235699979
2024-08-29 10:38:22,41200.0,200,Sell,235700027
2024-08-29 10:38:31,41200.0,1000,Sell,235700130
2024-08-29 10:38:45,41200.0,100,Sell,235700260
2024-08-29 10:38:45,41200.0,700,Sell,235700261
2024-08-29 10:38:45,41200.0,1200,Sell,235700259
2024-08-29 10:38:45,41200.0,100,Sell,235700257
2024-08-29 10:38:45,41200.0,800,Sell,235700256
2024-08-29 10:38:45,41200.0,2000,Sell,235700258
2024-08-29 10:38:45,41200.0,12700,Sell,235700255
2024-08-29 10:39:01,41150.0,100,Sell,235700470
2024-08-29 10:39:01,41150.0,18000,Sell,235700458
2024-08-29 10:39:01,41150.0,10500,Sell,235700457
2024-08-29 10:39:01,41150.0,100,Sell,235700456
2024-08-29 10:39:01,41150.0,1300,Sell,235700451
2024-08-29 10:39:01,41150.0,4800,Sell,235700454
2024-08-29 10:39:01,41150.0,100,Sell,235700453
2024-08-29 10:39:01,41150.0,2000,Sell,235700452
2024-08-29 10:39:01,41150.0,500,Sell,235700455
2024-08-29 10:39:18,41150.0,2000,Buy,235700686
2024-08-29 10:39:25,41150.0,7200,Buy,235700769
2024-08-29 10:39:34,41150.0,2800,Buy,235700861
2024-08-29 10:39:37,41150.0,100,Buy,235700910
2024-08-29 10:39:42,41100.0,100,Sell,235700956
2024-08-29 10:39:58,41100.0,400,Sell,235701168
2024-08-29 10:39:58,41100.0,1000,Sell,235701166
2024-08-29 10:39:58,41100.0,2000,Sell,235701167
2024-08-29 10:39:58,41100.0,400,Sell,235701163
2024-08-29 10:39:58,41100.0,1000,Sell,235701165
2024-08-29 10:39:58,41100.0,200,Sell,235701164
2024-08-29 10:40:02,41100.0,100,Sell,235701197
2024-08-29 10:40:10,41100.0,1500,Sell,235701604
2024-08-29 10:40:10,41100.0,500,Sell,235701605
2024-08-29 10:40:27,41100.0,200,Sell,235701750
2024-08-29 10:40:27,41100.0,300,Sell,235701751
2024-08-29 10:40:37,41150.0,500,Buy,235701920
2024-08-29 10:40:37,41150.0,1900,Buy,235701921
2024-08-29 10:40:39,41100.0,1100,Sell,235701943
2024-08-29 10:40:39,41100.0,200,Sell,235701941
2024-08-29 10:40:39,41100.0,400,Sell,235701942
2024-08-29 10:41:03,41150.0,200,Buy,235702234
2024-08-29 10:41:03,41150.0,1000,Buy,235702233
2024-08-29 10:41:03,41150.0,2000,Buy,235702232
2024-08-29 10:41:03,41150.0,400,Buy,235702231
2024-08-29 10:41:11,41200.0,100,Buy,235702313
2024-08-29 10:41:13,41200.0,800,Buy,235702324
2024-08-29 10:42:06,41150.0,300,Sell,235702967
2024-08-29 10:42:12,41150.0,100,Sell,235703039
2024-08-29 10:42:12,41150.0,500,Sell,235703040
2024-08-29 10:42:26,41150.0,100,Buy,235703168
2024-08-29 10:42:31,41200.0,1200,Buy,235703215
2024-08-29 10:42:31,41150.0,300,Buy,235703214
2024-08-29 10:42:46,41150.0,100,Buy,235703389
2024-08-29 10:42:47,41150.0,300,Buy,235703395
2024-08-29 10:42:56,41150.0,200,Buy,235703472
2024-08-29 10:43:34,41150.0,100,Sell,235703938
2024-08-29 10:43:34,41150.0,900,Sell,235703939
2024-08-29 10:43:54,41150.0,1400,Sell,235704167
2024-08-29 10:44:05,41150.0,100,Buy,235704267
2024-08-29 10:44:17,41150.0,1100,Buy,235704422
2024-08-29 10:44:21,41150.0,200,Buy,235704491
2024-08-29 10:44:23,41150.0,3200,Buy,235704509
2024-08-29 10:44:23,41150.0,1000,Buy,235704510
2024-08-29 10:44:23,41150.0,100,Buy,235704511
2024-08-29 10:44:32,41150.0,300,Sell,235704625
2024-08-29 10:45:01,41150.0,100,Sell,235704903
2024-08-29 10:45:09,41150.0,400,Sell,235705030
2024-08-29 10:45:12,41150.0,700,Sell,235705048
2024-08-29 10:45:37,41150.0,1000,Sell,235705317
2024-08-29 10:45:52,41150.0,100,Sell,235705487
2024-08-29 10:45:55,41200.0,100,Buy,235705526
2024-08-29 10:46:29,41200.0,200,Buy,235705879
2024-08-29 10:46:57,41150.0,3100,Sell,235706121
2024-08-29 10:46:57,41150.0,200,Sell,235706122
2024-08-29 10:46:57,41150.0,500,Sell,235706123
2024-08-29 10:46:57,41150.0,2000,Sell,235706124
2024-08-29 10:46:57,41150.0,200,Sell,235706125
2024-08-29 10:47:03,41200.0,200,Buy,235706180
2024-08-29 10:47:12,41150.0,1000,Sell,235706304
2024-08-29 10:47:30,41200.0,100,Buy,235706508
2024-08-29 10:47:36,41150.0,3000,Sell,235706569
2024-08-29 10:47:46,41150.0,200,Sell,235706670
2024-08-29 10:47:46,41150.0,200,Sell,235706671
2024-08-29 10:47:47,41150.0,100,Buy,235706675
2024-08-29 10:47:53,41150.0,500,Buy,235706735
2024-08-29 10:48:12,41150.0,500,Sell,235706935
2024-08-29 10:49:05,41200.0,100,Buy,235707762
2024-08-29 10:49:13,41150.0,300,Sell,235707933
2024-08-29 10:50:02,41150.0,100,Sell,235708630
2024-08-29 10:50:02,41150.0,400,Sell,235708629
2024-08-29 10:50:02,41150.0,200,Sell,235708628
2024-08-29 10:50:02,41150.0,600,Sell,235708632
2024-08-29 10:50:02,41150.0,300,Sell,235708626
2024-08-29 10:50:02,41150.0,5000,Sell,235708627
2024-08-29 10:50:02,41150.0,5700,Sell,235708624
2024-08-29 10:50:02,41150.0,17400,Sell,235708631
2024-08-29 10:50:02,41150.0,300,Sell,235708625
2024-08-29 10:50:29,41200.0,600,Buy,235708993
2024-08-29 10:50:29,41200.0,100,Buy,235708994
2024-08-29 10:50:29,41200.0,1600,Buy,235708995
2024-08-29 10:50:29,41200.0,1400,Buy,235709022
2024-08-29 10:50:29,41200.0,500,Buy,235709023
2024-08-29 10:50:29,41200.0,100,Buy,235709025
2024-08-29 10:50:29,41200.0,200,Buy,235709026
2024-08-29 10:50:29,41200.0,100,Buy,235709024
2024-08-29 10:50:31,41150.0,100,Sell,235709074
2024-08-29 10:50:39,41200.0,100,Buy,235709249
2024-08-29 10:50:56,41200.0,700,Buy,235709461
2024-08-29 10:50:56,41200.0,1600,Buy,235709462
2024-08-29 10:51:13,41150.0,500,Sell,235709691
2024-08-29 10:51:15,41200.0,9200,Buy,235709728
2024-08-29 10:51:15,41200.0,1000,Buy,235709727
2024-08-29 10:51:15,41200.0,100,Buy,235709726
2024-08-29 10:51:15,41200.0,8400,Buy,235709724
2024-08-29 10:51:15,41200.0,100,Buy,235709725
2024-08-29 10:51:24,41200.0,400,Buy,235709858
2024-08-29 10:52:14,41200.0,100,Buy,235710624
2024-08-29 10:52:19,41150.0,500,Sell,235710707
2024-08-29 10:52:26,41200.0,100,Buy,235710830
2024-08-29 10:52:26,41200.0,100,Buy,235710829
2024-08-29 10:52:26,41200.0,1000,Buy,235710828
2024-08-29 10:52:26,41200.0,1000,Buy,235710827
2024-08-29 10:52:26,41200.0,200,Buy,235710826
2024-08-29 10:52:26,41200.0,2000,Buy,235710824
2024-08-29 10:52:26,41200.0,900,Buy,235710823
2024-08-29 10:52:26,41200.0,10000,Buy,235710822
2024-08-29 10:52:26,41200.0,100,Buy,235710825
2024-08-29 10:52:26,41200.0,100,Buy,235710820
2024-08-29 10:52:26,41200.0,100,Buy,235710819
2024-08-29 10:52:26,41200.0,100,Buy,235710818
2024-08-29 10:52:26,41200.0,200,Buy,235710817
2024-08-29 10:52:26,41200.0,1000,Buy,235710816
2024-08-29 10:52:26,41200.0,100,Buy,235710815
2024-08-29 10:52:26,41200.0,500,Buy,235710814
2024-08-29 10:52:26,41200.0,10300,Buy,235710813
2024-08-29 10:52:26,41200.0,10000,Buy,235710821
2024-08-29 10:52:36,41200.0,400,Buy,235710981
2024-08-29 10:52:36,41200.0,100,Buy,235710980
2024-08-29 10:52:51,41200.0,100,Buy,235711158
2024-08-29 10:52:51,41200.0,100,Buy,235711159
2024-08-29 10:53:11,41150.0,3300,Sell,235711414
2024-08-29 10:53:11,41150.0,5000,Sell,235711415
2024-08-29 10:53:11,41150.0,1000,Sell,235711416
2024-08-29 10:53:11,41150.0,700,Sell,235711417
2024-08-29 10:53:40,41150.0,500,Sell,235711824
2024-08-29 10:53:40,41150.0,7000,Sell,235711823
2024-08-29 10:53:40,41150.0,100,Sell,235711821
2024-08-29 10:53:40,41150.0,900,Sell,235711820
2024-08-29 10:53:40,41150.0,1000,Sell,235711822
2024-08-29 10:53:40,41150.0,300,Sell,235711819
2024-08-29 10:53:49,41150.0,100,Buy,235711938
2024-08-29 10:53:52,41150.0,100,Buy,235711966
2024-08-29 10:53:54,41150.0,5000,Buy,235711987
2024-08-29 10:54:42,41100.0,100,Sell,235712706
2024-08-29 10:54:45,41100.0,200,Sell,235712740
2024-08-29 10:54:57,41150.0,5000,Buy,235712876
2024-08-29 10:55:02,41100.0,1000,Sell,235712932
2024-08-29 10:55:02,41100.0,100,Sell,235712931
2024-08-29 10:55:02,41100.0,1000,Sell,235712930
2024-08-29 10:55:02,41100.0,500,Sell,235712929
2024-08-29 10:55:02,41100.0,13500,Sell,235712928
2024-08-29 10:55:02,41100.0,1000,Sell,235712927
2024-08-29 10:55:02,41100.0,200,Sell,235712926
2024-08-29 10:55:02,41100.0,100,Sell,235712925
2024-08-29 10:55:02,41100.0,10000,Sell,235712924
2024-08-29 10:55:02,41100.0,100,Sell,235712923
2024-08-29 10:55:02,41100.0,1000,Sell,235712922
2024-08-29 10:55:02,41100.0,50000,Sell,235712921
2024-08-29 10:55:02,41100.0,2400,Sell,235712919
2024-08-29 10:55:02,41100.0,500,Sell,235712918
2024-08-29 10:55:02,41100.0,300,Sell,235712917
2024-08-29 10:55:02,41100.0,100,Sell,235712916
2024-08-29 10:55:02,41100.0,100,Sell,235712915
2024-08-29 10:55:02,41100.0,100,Sell,235712914
2024-08-29 10:55:02,41100.0,100,Sell,235712913
2024-08-29 10:55:02,41100.0,3500,Sell,235712912
2024-08-29 10:55:02,41100.0,6000,Sell,235712911
2024-08-29 10:55:02,41100.0,800,Sell,235712910
2024-08-29 10:55:02,41100.0,600,Sell,235712909
2024-08-29 10:55:02,41100.0,3000,Sell,235712920
2024-08-29 10:55:08,41100.0,4000,Buy,235712989
2024-08-29 10:55:23,41100.0,100,Buy,235713194
2024-08-29 10:55:25,41150.0,1000,Buy,235713210
2024-08-29 10:55:36,41150.0,600,Buy,235713350
2024-08-29 10:55:56,41100.0,500,Sell,235713651
2024-08-29 10:55:56,41100.0,100,Sell,235713650
2024-08-29 10:56:11,41100.0,300,Buy,235713846
2024-08-29 10:56:18,41100.0,2800,Buy,235713920
2024-08-29 10:56:18,41100.0,100,Buy,235713921
2024-08-29 10:56:18,41100.0,1000,Buy,235713922
2024-08-29 10:56:29,41100.0,100,Sell,235714013
2024-08-29 10:56:29,41100.0,30000,Sell,235714015
2024-08-29 10:56:53,41100.0,8000,Sell,235714219
2024-08-29 10:56:53,41100.0,100,Sell,235714220
2024-08-29 10:56:53,41100.0,5000,Sell,235714221
2024-08-29 10:56:55,41100.0,200,Buy,235714229
2024-08-29 10:56:58,41100.0,100,Buy,235714273
2024-08-29 10:57:25,41100.0,1500,Buy,235714762
2024-08-29 10:57:46,41100.0,5000,Buy,235714955
2024-08-29 10:58:02,41050.0,2000,Sell,235715121
2024-08-29 10:58:02,41050.0,9000,Sell,235715120
2024-08-29 10:58:02,41050.0,100,Sell,235715119
2024-08-29 10:58:02,41050.0,100,Sell,235715118
2024-08-29 10:58:02,41050.0,100,Sell,235715117
2024-08-29 10:58:02,41050.0,100,Sell,235715114
2024-08-29 10:58:02,41050.0,700,Sell,235715115
2024-08-29 10:58:02,41050.0,100,Sell,235715112
2024-08-29 10:58:02,41050.0,7000,Sell,235715111
2024-08-29 10:58:02,41050.0,300,Sell,235715116
2024-08-29 10:58:02,41050.0,500,Sell,235715113
2024-08-29 10:58:08,41100.0,100,Buy,235715219
2024-08-29 10:58:08,41100.0,900,Buy,235715220
2024-08-29 10:58:16,41050.0,1000,Sell,235715275
2024-08-29 10:58:16,41000.0,13600,Sell,235715276
2024-08-29 10:58:21,41100.0,100,Buy,235715313
2024-08-29 10:58:21,41100.0,300,Buy,235715314
2024-08-29 10:58:22,41000.0,50000,Sell,235715330
2024-08-29 10:58:25,41000.0,100,Sell,235715352
2024-08-29 10:58:31,41000.0,101000,Sell,235715396
2024-08-29 10:58:31,41000.0,9000,Sell,235715395
2024-08-29 10:58:32,41100.0,100,Buy,235715411
2024-08-29 10:58:38,41000.0,50000,Sell,235715541
2024-08-29 10:58:46,41000.0,49000,Sell,235715651
2024-08-29 10:58:46,41000.0,1000,Sell,235715654
2024-08-29 10:58:48,41000.0,1000,Sell,235715675
2024-08-29 10:58:48,41000.0,800,Sell,235715676
2024-08-29 10:58:48,41000.0,100,Sell,235715677
2024-08-29 10:58:51,41000.0,400,Sell,235715724
2024-08-29 10:58:51,41000.0,4600,Sell,235715725
2024-08-29 10:58:53,41000.0,30000,Sell,235715743
2024-08-29 10:58:55,41000.0,1000,Sell,235715763
2024-08-29 10:59:00,41000.0,100,Sell,235715823
2024-08-29 10:59:00,41000.0,500,Sell,235715824
2024-08-29 10:59:00,41000.0,14400,Sell,235715821
2024-08-29 10:59:00,41000.0,5000,Sell,235715822
2024-08-29 10:59:07,41000.0,1000,Sell,235715949
2024-08-29 10:59:12,41100.0,300,Buy,235716007
2024-08-29 10:59:12,41100.0,4700,Buy,235716008
2024-08-29 10:59:14,41000.0,3500,Sell,235716042
2024-08-29 10:59:14,41000.0,2000,Sell,235716052
2024-08-29 10:59:14,41000.0,1000,Sell,235716051
2024-08-29 10:59:14,41000.0,4500,Sell,235716050
2024-08-29 10:59:14,41000.0,100,Sell,235716049
2024-08-29 10:59:14,41000.0,5000,Sell,235716048
2024-08-29 10:59:14,41000.0,100,Sell,235716047
2024-08-29 10:59:14,41000.0,1000,Sell,235716046
2024-08-29 10:59:14,41000.0,700,Sell,235716043
2024-08-29 10:59:14,41000.0,100,Sell,235716041
2024-08-29 10:59:14,41000.0,100,Sell,235716045
2024-08-29 10:59:14,41000.0,1000,Sell,235716039
2024-08-29 10:59:14,41000.0,5000,Sell,235716040
2024-08-29 10:59:14,41000.0,5500,Sell,235716029
2024-08-29 10:59:14,41000.0,100,Sell,235716030
2024-08-29 10:59:14,41000.0,2000,Sell,235716031
2024-08-29 10:59:14,41000.0,1000,Sell,235716032
2024-08-29 10:59:14,41000.0,1000,Sell,235716033
2024-08-29 10:59:14,41000.0,5000,Sell,235716044
2024-08-29 10:59:14,41000.0,500,Sell,235716035
2024-08-29 10:59:14,41000.0,100,Sell,235716036
2024-08-29 10:59:14,41000.0,100000,Sell,235716034
2024-08-29 10:59:14,41000.0,100,Sell,235716037
2024-08-29 10:59:14,41000.0,300,Sell,235716038
2024-08-29 10:59:17,41000.0,100,Buy,235716127
2024-08-29 10:59:28,40950.0,100,Sell,235716263
2024-08-29 10:59:28,41000.0,2400,Buy,235716264
2024-08-29 10:59:50,41000.0,300,Buy,235716694
2024-08-29 10:59:57,41000.0,15500,Buy,235716779
2024-08-29 10:59:57,41000.0,4000,Buy,235716780
2024-08-29 11:00:07,41000.0,100,Buy,235716926
2024-08-29 11:00:27,41000.0,1000,Buy,235717157
2024-08-29 11:00:31,41000.0,5000,Buy,235717183
2024-08-29 11:00:34,41000.0,100,Buy,235717205
2024-08-29 11:00:59,41000.0,2500,Buy,235717483
2024-08-29 11:01:08,41000.0,3600,Buy,235717643
2024-08-29 11:01:10,41000.0,1000,Buy,235717663
2024-08-29 11:01:11,41000.0,100,Buy,235717678
2024-08-29 11:01:15,41000.0,5000,Buy,235717710
2024-08-29 11:01:19,41000.0,19600,Buy,235717757
2024-08-29 11:01:19,41000.0,500,Buy,235717759
2024-08-29 11:01:19,41000.0,1000,Buy,235717760
2024-08-29 11:01:19,41000.0,3400,Buy,235717761
2024-08-29 11:01:19,41000.0,200,Buy,235717762
2024-08-29 11:01:19,41000.0,500,Buy,235717758
2024-08-29 11:01:22,41000.0,1000,Sell,235717785
2024-08-29 11:01:27,41000.0,8700,Sell,235717853
2024-08-29 11:01:29,41000.0,100,Sell,235717869
2024-08-29 11:01:42,41100.0,100,Buy,235717999
2024-08-29 11:01:59,41100.0,5000,Buy,235718159
2024-08-29 11:02:41,41000.0,100,Sell,235718653
2024-08-29 11:02:48,41100.0,200,Buy,235718741
2024-08-29 11:02:48,41100.0,100,Buy,235718742
2024-08-29 11:02:48,41100.0,400,Buy,235718743
2024-08-29 11:02:48,41100.0,200,Buy,235718744
2024-08-29 11:02:48,41100.0,500,Buy,235718745
2024-08-29 11:02:48,41100.0,200,Buy,235718746
2024-08-29 11:02:48,41100.0,1400,Buy,235718747
2024-08-29 11:02:50,41100.0,200,Buy,235718772
2024-08-29 11:03:05,41000.0,100,Sell,235719012
2024-08-29 11:03:16,41100.0,100,Buy,235719143
2024-08-29 11:03:22,41100.0,900,Buy,235719208
2024-08-29 11:03:29,41100.0,200,Buy,235719279
2024-08-29 11:03:32,41100.0,1200,Buy,235719307
2024-08-29 11:04:51,41100.0,200,Buy,235720158
2024-08-29 11:05:08,41100.0,1000,Buy,235720399
2024-08-29 11:05:08,41100.0,200,Buy,235720400
2024-08-29 11:05:08,41100.0,1200,Buy,235720397
2024-08-29 11:05:08,41100.0,2600,Buy,235720398
2024-08-29 11:05:12,41100.0,300,Buy,235720432
2024-08-29 11:05:17,41050.0,100,Sell,235720536
2024-08-29 11:05:20,41100.0,100,Buy,235720597
2024-08-29 11:05:28,41100.0,600,Buy,235720672
2024-08-29 11:05:28,41100.0,100,Buy,235720673
2024-08-29 11:05:32,41100.0,1000,Sell,235720726
2024-08-29 11:06:16,41100.0,500,Sell,235721229
2024-08-29 11:06:19,41100.0,600,Sell,235721260
2024-08-29 11:06:19,41100.0,400,Sell,235721259
2024-08-29 11:06:21,41100.0,900,Sell,235721288
2024-08-29 11:06:26,41150.0,100,Buy,235721371
2024-08-29 11:08:00,41150.0,100,Buy,235722434
2024-08-29 11:08:01,41100.0,400,Sell,235722442
2024-08-29 11:08:18,41100.0,100,Sell,235722659
2024-08-29 11:09:00,41100.0,12800,Sell,235723126
2024-08-29 11:09:00,41100.0,4400,Sell,235723127
2024-08-29 11:09:26,41100.0,1600,Sell,235723410
2024-08-29 11:09:26,41100.0,500,Sell,235723409
2024-08-29 11:09:26,41100.0,100,Sell,235723408
2024-08-29 11:09:26,41100.0,2600,Sell,235723407
2024-08-29 11:09:32,41150.0,2000,Buy,235723468
2024-08-29 11:09:32,41150.0,300,Buy,235723467
2024-08-29 11:09:35,41150.0,100,Buy,235723549
2024-08-29 11:10:00,41100.0,100,Sell,235723962
2024-08-29 11:10:10,41100.0,5000,Sell,235724067
2024-08-29 11:10:19,41150.0,1600,Buy,235724148
2024-08-29 11:10:19,41150.0,700,Buy,235724149
2024-08-29 11:10:25,41100.0,1000,Sell,235724246
2024-08-29 11:10:38,41100.0,500,Sell,235724554
2024-08-29 11:11:03,41100.0,200,Sell,235724870
2024-08-29 11:11:03,41100.0,300,Sell,235724882
2024-08-29 11:11:04,41150.0,100,Buy,235724889
2024-08-29 11:11:10,41150.0,100,Buy,235724971
2024-08-29 11:11:14,41100.0,400,Sell,235725035
2024-08-29 11:11:16,41150.0,2000,Buy,235725061
2024-08-29 11:11:36,41100.0,100,Sell,235725276
2024-08-29 11:11:40,41150.0,200,Buy,235725328
2024-08-29 11:12:43,41150.0,2000,Buy,235726001
2024-08-29 11:12:44,41150.0,100,Buy,235726008
2024-08-29 11:13:31,41150.0,300,Buy,235726655
2024-08-29 11:13:35,41150.0,100,Buy,235726688
2024-08-29 11:13:45,41150.0,400,Buy,235726840
2024-08-29 11:13:45,41150.0,2000,Buy,235726841
2024-08-29 11:13:45,41150.0,7600,Buy,235726842
2024-08-29 11:13:53,41150.0,800,Buy,235726962
2024-08-29 11:13:53,41150.0,400,Buy,235726961
2024-08-29 11:13:53,41150.0,200,Buy,235726959
2024-08-29 11:13:53,41150.0,1000,Buy,235726958
2024-08-29 11:13:53,41150.0,7400,Buy,235726957
2024-08-29 11:13:53,41150.0,200,Buy,235726960
2024-08-29 11:13:54,41150.0,100,Buy,235726977
2024-08-29 11:13:54,41150.0,500,Buy,235726979
2024-08-29 11:13:54,41150.0,100,Buy,235726978
2024-08-29 11:13:54,41150.0,1000,Buy,235726976
2024-08-29 11:13:54,41150.0,200,Buy,235726970
2024-08-29 11:13:54,41150.0,200,Buy,235726974
2024-08-29 11:13:54,41150.0,100,Buy,235726971
2024-08-29 11:13:54,41150.0,300,Buy,235726975
2024-08-29 11:13:54,41150.0,100,Buy,235726973
2024-08-29 11:13:54,41150.0,100,Buy,235726972
2024-08-29 11:13:59,41200.0,500,Buy,235727048
2024-08-29 11:13:59,41200.0,100,Buy,235727047
2024-08-29 11:13:59,41200.0,100,Buy,235727045
2024-08-29 11:13:59,41200.0,100,Buy,235727044
2024-08-29 11:13:59,41200.0,1000,Buy,235727046
2024-08-29 11:13:59,41200.0,100,Buy,235727042
2024-08-29 11:13:59,41200.0,1000,Buy,235727041
2024-08-29 11:13:59,41200.0,500,Buy,235727040
2024-08-29 11:13:59,41200.0,400,Buy,235727039
2024-08-29 11:13:59,41200.0,100,Buy,235727043
2024-08-29 11:14:03,41150.0,200,Sell,235727078
2024-08-29 11:14:15,41200.0,500,Buy,235727223
2024-08-29 11:14:15,41200.0,400,Buy,235727225
2024-08-29 11:14:15,41200.0,1000,Buy,235727224
2024-08-29 11:14:15,41200.0,1000,Buy,235727222
2024-08-29 11:14:15,41200.0,100,Buy,235727218
2024-08-29 11:14:15,41200.0,10000,Buy,235727220
2024-08-29 11:14:15,41200.0,1000,Buy,235727219
2024-08-29 11:14:15,41200.0,5000,Buy,235727217
2024-08-29 11:14:15,41200.0,500,Buy,235727221
2024-08-29 11:14:15,41200.0,500,Buy,235727216
2024-08-29 11:14:19,41200.0,100,Buy,235727267
2024-08-29 11:14:36,41200.0,800,Buy,235727433
2024-08-29 11:14:36,41200.0,100,Buy,235727429
2024-08-29 11:14:36,41200.0,100,Buy,235727430
2024-08-29 11:14:36,41200.0,100,Buy,235727431
2024-08-29 11:14:36,41200.0,200,Buy,235727432
2024-08-29 11:14:48,41200.0,200,Buy,235727620
2024-08-29 11:14:48,41200.0,200,Buy,235727621
2024-08-29 11:15:13,41200.0,300,Buy,235728014
2024-08-29 11:15:13,41200.0,700,Buy,235728015
2024-08-29 11:15:23,41200.0,100,Buy,235728241
2024-08-29 11:15:54,41200.0,100,Buy,235728688
2024-08-29 11:15:57,41150.0,300,Sell,235728717
2024-08-29 11:16:05,41150.0,100,Sell,235728886
2024-08-29 11:16:07,41150.0,600,Sell,235728916
2024-08-29 11:16:12,41200.0,100,Buy,235728983
2024-08-29 11:16:30,41200.0,700,Buy,235729229
2024-08-29 11:16:49,41150.0,500,Sell,235729582
2024-08-29 11:16:58,41150.0,100,Sell,235729684
2024-08-29 11:17:28,41200.0,100,Buy,235730058
2024-08-29 11:17:32,41200.0,300,Buy,235730108
2024-08-29 11:17:32,41200.0,1000,Buy,235730107
2024-08-29 11:17:32,41200.0,300,Buy,235730106
2024-08-29 11:17:32,41200.0,500,Buy,235730104
2024-08-29 11:17:32,41200.0,1000,Buy,235730105
2024-08-29 11:17:32,41200.0,200,Buy,235730103
2024-08-29 11:17:32,41200.0,100,Buy,235730099
2024-08-29 11:17:32,41200.0,200,Buy,235730101
2024-08-29 11:17:32,41200.0,1000,Buy,235730100
2024-08-29 11:17:32,41200.0,100,Buy,235730098
2024-08-29 11:17:32,41200.0,1000,Buy,235730097
2024-08-29 11:17:32,41200.0,1200,Buy,235730096
2024-08-29 11:17:32,41200.0,100,Buy,235730102
2024-08-29 11:17:35,41150.0,100,Sell,235730129
2024-08-29 11:17:42,41200.0,100,Buy,235730197
2024-08-29 11:17:42,41200.0,1000,Buy,235730194
2024-08-29 11:17:42,41200.0,1000,Buy,235730195
2024-08-29 11:17:42,41200.0,100,Buy,235730193
2024-08-29 11:17:42,41200.0,100,Buy,235730196
2024-08-29 11:17:42,41200.0,500,Buy,235730191
2024-08-29 11:17:42,41200.0,900,Buy,235730187
2024-08-29 11:17:42,41200.0,100,Buy,235730188
2024-08-29 11:17:42,41200.0,2000,Buy,235730192
2024-08-29 11:17:42,41200.0,1000,Buy,235730190
2024-08-29 11:17:42,41200.0,200,Buy,235730189
2024-08-29 11:17:45,41200.0,400,Sell,235730339
2024-08-29 11:17:45,41200.0,100,Sell,235730340
2024-08-29 11:18:04,41200.0,200,Sell,235730761
2024-08-29 11:18:07,41200.0,100,Sell,235730821
2024-08-29 11:18:15,41250.0,100,Buy,235730924
2024-08-29 11:18:15,41250.0,100,Buy,235730925
2024-08-29 11:18:15,41250.0,100,Buy,235730926
2024-08-29 11:18:25,41250.0,100,Buy,235731287
2024-08-29 11:18:25,41250.0,100,Buy,235731288
2024-08-29 11:18:25,41250.0,300,Buy,235731289
2024-08-29 11:18:25,41250.0,2000,Buy,235731290
2024-08-29 11:18:25,41250.0,100,Buy,235731294
2024-08-29 11:18:25,41250.0,100,Buy,235731292
2024-08-29 11:18:25,41250.0,200,Buy,235731293
2024-08-29 11:18:25,41250.0,2000,Buy,235731286
2024-08-29 11:18:25,41250.0,100,Buy,235731295
2024-08-29 11:18:25,41250.0,100,Buy,235731291
2024-08-29 11:18:25,41250.0,500,Buy,235731285
2024-08-29 11:18:25,41250.0,6300,Buy,235731281
2024-08-29 11:18:25,41250.0,100,Buy,235731283
2024-08-29 11:18:25,41250.0,200,Buy,235731282
2024-08-29 11:18:25,41250.0,300,Buy,235731280
2024-08-29 11:18:25,41250.0,500,Buy,235731279
2024-08-29 11:18:25,41250.0,1000,Buy,235731278
2024-08-29 11:18:25,41250.0,1000,Buy,235731277
2024-08-29 11:18:25,41250.0,2000,Buy,235731276
2024-08-29 11:18:25,41250.0,100,Buy,235731275
2024-08-29 11:18:25,41250.0,200,Buy,235731274
2024-08-29 11:18:25,41250.0,500,Buy,235731273
2024-08-29 11:18:25,41250.0,100,Buy,235731272
2024-08-29 11:18:25,41250.0,500,Buy,235731284
2024-08-29 11:18:35,41250.0,100,Sell,235731403
2024-08-29 11:18:54,41250.0,100,Sell,235731748
2024-08-29 11:18:54,41300.0,100,Buy,235731738
2024-08-29 11:18:54,41300.0,200,Buy,235731737
2024-08-29 11:19:03,41300.0,100,Buy,235731892
2024-08-29 11:19:11,41300.0,100,Buy,235731962
2024-08-29 11:19:15,41300.0,100,Buy,235732054
2024-08-29 11:19:26,41300.0,900,Buy,235732261
2024-08-29 11:19:26,41300.0,1000,Buy,235732262
2024-08-29 11:19:26,41300.0,100,Buy,235732263
2024-08-29 11:19:26,41300.0,1000,Buy,235732264
2024-08-29 11:19:26,41300.0,3000,Buy,235732265
2024-08-29 11:19:26,41300.0,100,Buy,235732266
2024-08-29 11:19:26,41300.0,100,Buy,235732267
2024-08-29 11:19:26,41300.0,100,Buy,235732268
2024-08-29 11:19:26,41300.0,100,Buy,235732269
2024-08-29 11:19:26,41300.0,5000,Buy,235732270
2024-08-29 11:19:26,41300.0,100,Buy,235732271
2024-08-29 11:19:26,41300.0,1000,Buy,235732272
2024-08-29 11:19:26,41300.0,500,Buy,235732273
2024-08-29 11:19:26,41300.0,400,Buy,235732274
2024-08-29 11:19:45,41300.0,3500,Buy,235732713
2024-08-29 11:19:45,41300.0,500,Buy,235732711
2024-08-29 11:19:45,41300.0,1000,Buy,235732712
2024-08-29 11:19:49,41300.0,6000,Buy,235732852
2024-08-29 11:19:52,41300.0,1000,Buy,235732928
2024-08-29 11:20:00,41300.0,2000,Buy,235733318
2024-08-29 11:20:06,41300.0,1000,Buy,235733464
2024-08-29 11:20:09,41300.0,500,Buy,235733603
2024-08-29 11:20:09,41300.0,100,Buy,235733602
2024-08-29 11:20:09,41300.0,100,Buy,235733601
2024-08-29 11:20:09,41300.0,200,Buy,235733555
2024-08-29 11:20:09,41300.0,500,Buy,235733554
2024-08-29 11:20:09,41300.0,1500,Buy,235733553
2024-08-29 11:20:09,41300.0,100,Buy,235733556
2024-08-29 11:20:09,41300.0,900,Buy,235733600
2024-08-29 11:20:13,41300.0,700,Buy,235733736
2024-08-29 11:20:13,41300.0,1500,Buy,235733724
2024-08-29 11:20:13,41300.0,500,Buy,235733725
2024-08-29 11:20:13,41300.0,200,Buy,235733734
2024-08-29 11:20:13,41300.0,100,Buy,235733735
2024-08-29 11:20:18,41300.0,2000,Buy,235733801
2024-08-29 11:20:24,41300.0,100,Buy,235733936
2024-08-29 11:20:24,41300.0,100,Buy,235733937
2024-08-29 11:20:24,41300.0,500,Buy,235733938
2024-08-29 11:20:24,41300.0,1000,Buy,235733939
2024-08-29 11:20:24,41300.0,9000,Buy,235733940
2024-08-29 11:20:24,41300.0,2300,Buy,235733935
2024-08-29 11:20:37,41300.0,100,Buy,235734088
2024-08-29 11:20:38,41300.0,2100,Buy,235734104
2024-08-29 11:20:38,41300.0,1500,Buy,235734103
2024-08-29 11:20:38,41300.0,100,Buy,235734102
2024-08-29 11:20:38,41300.0,5000,Buy,235734100
2024-08-29 11:20:38,41300.0,300,Buy,235734099
2024-08-29 11:20:38,41300.0,900,Buy,235734098
2024-08-29 11:20:38,41300.0,100,Buy,235734101
2024-08-29 11:20:39,41300.0,500,Buy,235734126
2024-08-29 11:20:39,41300.0,2500,Buy,235734128
2024-08-29 11:20:39,41300.0,100,Buy,235734127
2024-08-29 11:20:39,41300.0,500,Buy,235734124
2024-08-29 11:20:39,41300.0,500,Buy,235734125
2024-08-29 11:20:39,41300.0,1000,Buy,235734122
2024-08-29 11:20:39,41300.0,100,Buy,235734121
2024-08-29 11:20:39,41300.0,1800,Buy,235734120
2024-08-29 11:20:39,41300.0,500,Buy,235734119
2024-08-29 11:20:39,41300.0,2900,Buy,235734118
2024-08-29 11:20:39,41300.0,3000,Buy,235734123
2024-08-29 11:21:01,41300.0,5000,Sell,235734479
2024-08-29 11:21:02,41300.0,200,Sell,235734562
2024-08-29 11:21:06,41300.0,500,Sell,235734684
2024-08-29 11:21:08,41300.0,300,Sell,235734751
2024-08-29 11:21:11,41350.0,100,Buy,235734848
2024-08-29 11:21:11,41350.0,100,Buy,235734849
2024-08-29 11:21:11,41350.0,1500,Buy,235734850
2024-08-29 11:21:11,41350.0,1000,Buy,235734851
2024-08-29 11:21:11,41350.0,100,Buy,235734852
2024-08-29 11:21:11,41350.0,100,Buy,235734856
2024-08-29 11:21:11,41350.0,100,Buy,235734854
2024-08-29 11:21:11,41350.0,500,Buy,235734855
2024-08-29 11:21:11,41350.0,200,Buy,235734857
2024-08-29 11:21:11,41350.0,1900,Buy,235734858
2024-08-29 11:21:11,41350.0,100,Buy,235734847
2024-08-29 11:21:11,41350.0,100,Buy,235734853
2024-08-29 11:21:11,41350.0,18000,Buy,235734846
2024-08-29 11:21:11,41350.0,100,Buy,235734842
2024-08-29 11:21:11,41350.0,100,Buy,235734844
2024-08-29 11:21:11,41350.0,2000,Buy,235734843
2024-08-29 11:21:11,41350.0,1000,Buy,235734841
2024-08-29 11:21:11,41350.0,300,Buy,235734840
2024-08-29 11:21:11,41350.0,100,Buy,235734839
2024-08-29 11:21:11,41350.0,10000,Buy,235734838
2024-08-29 11:21:11,41350.0,600,Buy,235734837
2024-08-29 11:21:11,41350.0,1000,Buy,235734836
2024-08-29 11:21:11,41350.0,2000,Buy,235734835
2024-08-29 11:21:11,41350.0,100,Buy,235734834
2024-08-29 11:21:11,41350.0,10000,Buy,235734833
2024-08-29 11:21:11,41350.0,2000,Buy,235734832
2024-08-29 11:21:11,41350.0,500,Buy,235734845
2024-08-29 11:21:12,41300.0,600,Sell,235734882
2024-08-29 11:21:13,41350.0,5000,Buy,235734889
2024-08-29 11:21:15,41350.0,100,Buy,235735082
2024-08-29 11:21:15,41350.0,100,Buy,235735081
2024-08-29 11:21:15,41350.0,13100,Buy,235735079
