time,price,volume,match_type,id
2024-08-16 09:14:37,38200.0,118900,ATO/ATC,231987755
2024-08-16 09:14:45,38200.0,1000,Buy,231987969
2024-08-16 09:15:07,38000.0,100,Sell,231988254
2024-08-16 09:15:09,38150.0,100,Buy,231988286
2024-08-16 09:15:09,38150.0,1400,Buy,231988287
2024-08-16 09:15:17,38100.0,100,Buy,231988398
2024-08-16 09:15:23,38150.0,100,Buy,231988522
2024-08-16 09:15:25,38150.0,3500,Buy,231988535
2024-08-16 09:15:25,38150.0,900,Buy,231988536
2024-08-16 09:15:45,38150.0,2000,Buy,231988891
2024-08-16 09:15:49,38100.0,200,Sell,231988959
2024-08-16 09:15:49,38100.0,800,Sell,231988956
2024-08-16 09:15:49,38100.0,900,Sell,231988960
2024-08-16 09:15:52,38150.0,1000,Buy,231989014
2024-08-16 09:15:53,38150.0,400,Buy,231989046
2024-08-16 09:15:53,38150.0,100,Buy,231989045
2024-08-16 09:15:54,38150.0,100,Buy,231989069
2024-08-16 09:15:54,38150.0,100,Buy,231989070
2024-08-16 09:15:54,38150.0,100,Buy,231989071
2024-08-16 09:15:54,38150.0,300,Buy,231989072
2024-08-16 09:15:54,38150.0,1500,Buy,231989073
2024-08-16 09:16:07,38100.0,100,Sell,231989322
2024-08-16 09:16:09,38150.0,200,Buy,231989376
2024-08-16 09:16:09,38150.0,100,Buy,231989377
2024-08-16 09:16:11,38150.0,700,Buy,231989425
2024-08-16 09:16:15,38100.0,100,Sell,231989487
2024-08-16 09:16:22,38100.0,100,Sell,231989596
2024-08-16 09:16:23,38150.0,100,Buy,231989621
2024-08-16 09:16:25,38100.0,4800,Sell,231989660
2024-08-16 09:16:25,38100.0,200,Sell,231989661
2024-08-16 09:16:26,38150.0,100,Buy,231989682
2024-08-16 09:16:32,38150.0,1200,Buy,231989834
2024-08-16 09:16:34,38150.0,100,Buy,231989897
2024-08-16 09:16:36,38150.0,100,Buy,231989967
2024-08-16 09:16:36,38150.0,1000,Buy,231989966
2024-08-16 09:16:36,38150.0,1000,Buy,231989965
2024-08-16 09:16:36,38150.0,100,Buy,231989964
2024-08-16 09:16:36,38150.0,100,Buy,231989963
2024-08-16 09:16:36,38150.0,500,Buy,231989961
2024-08-16 09:16:36,38150.0,2700,Buy,231989957
2024-08-16 09:16:36,38150.0,600,Buy,231989958
2024-08-16 09:16:36,38150.0,100,Buy,231989962
2024-08-16 09:16:36,38150.0,1200,Buy,231989960
2024-08-16 09:16:36,38150.0,100,Buy,231989959
2024-08-16 09:16:39,38200.0,200,Buy,231990028
2024-08-16 09:16:46,38150.0,100,Sell,231990174
2024-08-16 09:16:48,38150.0,100,Sell,231990220
2024-08-16 09:16:50,38150.0,2300,Sell,231990273
2024-08-16 09:16:50,38150.0,2700,Sell,231990274
2024-08-16 09:16:57,38150.0,200,Sell,231990460
2024-08-16 09:16:59,38150.0,1100,Sell,231990494
2024-08-16 09:16:59,38150.0,900,Sell,231990495
2024-08-16 09:17:02,38150.0,6700,Sell,231990585
2024-08-16 09:17:04,38150.0,1000,Sell,231990621
2024-08-16 09:17:04,38150.0,700,Sell,231990622
2024-08-16 09:17:04,38150.0,300,Sell,231990623
2024-08-16 09:17:04,38150.0,400,Sell,231990624
2024-08-16 09:17:04,38150.0,2400,Sell,231990619
2024-08-16 09:17:04,38150.0,200,Sell,231990620
2024-08-16 09:17:06,38200.0,200,Buy,231990654
2024-08-16 09:17:07,38150.0,1600,Sell,231990662
2024-08-16 09:17:07,38150.0,300,Sell,231990663
2024-08-16 09:17:07,38150.0,100,Sell,231990664
2024-08-16 09:17:07,38150.0,1100,Sell,231990665
2024-08-16 09:17:07,38150.0,100,Sell,231990666
2024-08-16 09:17:10,38150.0,1700,Buy,231990712
2024-08-16 09:17:12,38150.0,2400,Buy,231990753
2024-08-16 09:17:12,38150.0,100,Buy,231990752
2024-08-16 09:17:13,38150.0,200,Buy,231990758
2024-08-16 09:17:14,38150.0,1000,Buy,231990789
2024-08-16 09:17:17,38150.0,100,Buy,231990825
2024-08-16 09:17:23,38150.0,1300,Buy,231990974
2024-08-16 09:17:23,38150.0,300,Buy,231990975
2024-08-16 09:17:23,38150.0,1800,Buy,231990976
2024-08-16 09:17:23,38150.0,2400,Buy,231990977
2024-08-16 09:17:24,38150.0,1000,Sell,231990988
2024-08-16 09:17:27,38150.0,100,Buy,231991062
2024-08-16 09:17:27,38150.0,1000,Buy,231991063
2024-08-16 09:17:27,38150.0,1200,Sell,231991052
2024-08-16 09:17:27,38150.0,200,Sell,231991053
2024-08-16 09:17:28,38150.0,2700,Buy,231991071
2024-08-16 09:17:29,38150.0,3000,Buy,231991087
2024-08-16 09:17:40,38150.0,1600,Buy,231991399
2024-08-16 09:17:41,38200.0,100,Buy,231991442
2024-08-16 09:17:41,38200.0,200,Buy,231991438
2024-08-16 09:17:41,38200.0,100,Buy,231991439
2024-08-16 09:17:41,38200.0,100,Buy,231991440
2024-08-16 09:17:41,38200.0,100,Buy,231991441
2024-08-16 09:17:41,38200.0,100,Buy,231991445
2024-08-16 09:17:41,38200.0,3800,Buy,231991452
2024-08-16 09:17:41,38200.0,1000,Buy,231991447
2024-08-16 09:17:41,38200.0,1700,Buy,231991448
2024-08-16 09:17:41,38200.0,200,Buy,231991449
2024-08-16 09:17:41,38200.0,800,Buy,231991450
2024-08-16 09:17:41,38200.0,100,Buy,231991451
2024-08-16 09:17:41,38200.0,1000,Buy,231991437
2024-08-16 09:17:41,38200.0,17400,Buy,231991453
2024-08-16 09:17:41,38200.0,500,Buy,231991446
2024-08-16 09:17:41,38200.0,100,Buy,231991436
2024-08-16 09:17:41,38200.0,100,Buy,231991432
2024-08-16 09:17:41,38200.0,500,Buy,231991434
2024-08-16 09:17:41,38150.0,200,Buy,231991419
2024-08-16 09:17:41,38150.0,2000,Buy,231991420
2024-08-16 09:17:41,38150.0,100,Buy,231991421
2024-08-16 09:17:41,38200.0,100,Buy,231991435
2024-08-16 09:17:41,38200.0,9800,Buy,231991423
2024-08-16 09:17:41,38200.0,100,Buy,231991424
2024-08-16 09:17:41,38200.0,500,Buy,231991425
2024-08-16 09:17:41,38150.0,100,Buy,231991422
2024-08-16 09:17:41,38200.0,2000,Buy,231991427
2024-08-16 09:17:41,38200.0,500,Buy,231991428
2024-08-16 09:17:41,38200.0,100,Buy,231991429
2024-08-16 09:17:41,38200.0,1000,Buy,231991430
2024-08-16 09:17:41,38200.0,200,Buy,231991433
2024-08-16 09:17:41,38200.0,5000,Buy,231991426
2024-08-16 09:17:41,38200.0,400,Buy,231991431
2024-08-16 09:17:43,38150.0,100,Sell,231991513
2024-08-16 09:17:47,38150.0,500,Buy,231991634
2024-08-16 09:17:49,38150.0,1000,Buy,231991685
2024-08-16 09:17:56,38150.0,1300,Buy,231991874
2024-08-16 09:17:57,38150.0,3700,Sell,231991914
2024-08-16 09:17:57,38150.0,1000,Sell,231991915
2024-08-16 09:17:58,38150.0,300,Buy,231991928
2024-08-16 09:17:59,38150.0,1000,Sell,231991943
2024-08-16 09:18:03,38150.0,2000,Sell,231992029
2024-08-16 09:18:03,38150.0,300,Sell,231992032
2024-08-16 09:18:03,38150.0,3700,Sell,231992028
2024-08-16 09:18:03,38150.0,2000,Sell,231992030
2024-08-16 09:18:03,38150.0,500,Sell,231992031
2024-08-16 09:18:14,38150.0,3800,Buy,231992247
2024-08-16 09:18:14,38150.0,16800,Buy,231992246
2024-08-16 09:18:14,38150.0,5600,Buy,231992248
2024-08-16 09:18:20,38150.0,700,Buy,231992386
2024-08-16 09:18:20,38150.0,400,Buy,231992391
2024-08-16 09:18:25,38150.0,700,Buy,231992501
2024-08-16 09:18:29,38150.0,200,Buy,231992549
2024-08-16 09:18:33,38100.0,100,Sell,231992657
2024-08-16 09:18:33,38100.0,1000,Sell,231992658
2024-08-16 09:18:40,38150.0,200,Buy,231992797
2024-08-16 09:18:42,38150.0,800,Buy,231992853
2024-08-16 09:18:54,38100.0,100,Sell,231993084
2024-08-16 09:18:58,38100.0,100,Sell,231993127
2024-08-16 09:18:58,38100.0,1900,Sell,231993126
2024-08-16 09:19:03,38150.0,200,Buy,231993190
2024-08-16 09:19:06,38150.0,16500,Buy,231993267
2024-08-16 09:19:06,38150.0,1500,Buy,231993269
2024-08-16 09:19:12,38100.0,300,Sell,231993355
2024-08-16 09:19:22,38150.0,500,Buy,231993557
2024-08-16 09:19:25,38150.0,1000,Buy,231993593
2024-08-16 09:19:35,38150.0,800,Buy,231993797
2024-08-16 09:19:35,38150.0,200,Buy,231993798
2024-08-16 09:19:35,38150.0,100,Buy,231993799
2024-08-16 09:19:35,38150.0,900,Buy,231993800
2024-08-16 09:19:46,38150.0,300,Buy,231993996
2024-08-16 09:19:48,38150.0,100,Buy,231994035
2024-08-16 09:19:59,38150.0,100,Buy,231994365
2024-08-16 09:20:06,38150.0,300,Buy,231994514
2024-08-16 09:20:26,38150.0,200,Buy,231994964
2024-08-16 09:20:27,38150.0,200,Buy,231994991
2024-08-16 09:20:29,38150.0,1700,Buy,231995034
2024-08-16 09:20:29,38150.0,300,Buy,231995035
2024-08-16 09:20:30,38150.0,2400,Buy,231995041
2024-08-16 09:20:32,38100.0,100,Sell,231995074
2024-08-16 09:20:46,38150.0,100,Buy,231995370
2024-08-16 09:20:46,38100.0,100,Sell,231995371
2024-08-16 09:20:46,38100.0,100,Sell,231995376
2024-08-16 09:20:52,38100.0,2000,Sell,231995481
2024-08-16 09:21:01,38150.0,10000,Buy,231995662
2024-08-16 09:21:02,38100.0,3500,Sell,231995690
2024-08-16 09:21:02,38100.0,5000,Sell,231995689
2024-08-16 09:21:02,38100.0,1500,Sell,231995688
2024-08-16 09:21:02,38100.0,7500,Sell,231995683
2024-08-16 09:21:02,38100.0,100,Sell,231995682
2024-08-16 09:21:02,38100.0,3000,Sell,231995677
2024-08-16 09:21:02,38100.0,1200,Sell,231995680
2024-08-16 09:21:02,38100.0,5000,Sell,231995679
2024-08-16 09:21:02,38100.0,100,Sell,231995678
2024-08-16 09:21:02,38100.0,800,Sell,231995681
2024-08-16 09:21:02,38100.0,2300,Sell,231995676
2024-08-16 09:21:05,38100.0,700,Sell,231995747
2024-08-16 09:21:06,38100.0,500,Sell,231995749
2024-08-16 09:21:07,38150.0,1800,Buy,231995769
2024-08-16 09:21:07,38100.0,300,Sell,231995767
2024-08-16 09:21:07,38100.0,200,Sell,231995768
2024-08-16 09:21:22,38100.0,5000,Sell,231996052
2024-08-16 09:21:22,38100.0,4800,Sell,231996051
2024-08-16 09:21:22,38100.0,3300,Sell,231996053
2024-08-16 09:21:28,38150.0,10700,Buy,231996164
2024-08-16 09:21:28,38150.0,1100,Buy,231996165
2024-08-16 09:21:31,38100.0,200,Sell,231996198
2024-08-16 09:21:42,38100.0,200,Sell,231996394
2024-08-16 09:21:49,38150.0,900,Buy,231996518
2024-08-16 09:21:49,38150.0,300,Buy,231996519
2024-08-16 09:21:49,38150.0,700,Buy,231996520
2024-08-16 09:21:50,38100.0,200,Sell,231996552
2024-08-16 09:21:52,38100.0,1000,Sell,231996585
2024-08-16 09:21:52,38100.0,1500,Sell,231996581
2024-08-16 09:21:52,38100.0,300,Sell,231996580
2024-08-16 09:21:52,38100.0,10000,Sell,231996578
2024-08-16 09:21:52,38100.0,2000,Sell,231996577
2024-08-16 09:21:52,38100.0,1100,Sell,231996576
2024-08-16 09:21:52,38100.0,100,Sell,231996579
2024-08-16 09:21:54,38100.0,100,Sell,231996609
2024-08-16 09:21:59,38100.0,100,Sell,231996785
2024-08-16 09:22:04,38100.0,500,Sell,231996845
2024-08-16 09:22:09,38100.0,600,Sell,231996948
2024-08-16 09:22:14,38100.0,300,Sell,231997013
2024-08-16 09:22:21,38100.0,1000,Sell,231997115
2024-08-16 09:22:24,38150.0,300,Buy,231997140
2024-08-16 09:22:24,38150.0,500,Buy,231997141
2024-08-16 09:22:24,38150.0,200,Buy,231997142
2024-08-16 09:22:26,38100.0,100,Sell,231997200
2024-08-16 09:22:27,38100.0,4000,Sell,231997206
2024-08-16 09:22:28,38100.0,1400,Sell,231997217
2024-08-16 09:22:28,38100.0,200,Sell,231997216
2024-08-16 09:22:28,38100.0,800,Sell,231997213
2024-08-16 09:22:28,38100.0,100,Sell,231997214
2024-08-16 09:22:28,38100.0,500,Sell,231997215
2024-08-16 09:22:30,38100.0,100,Sell,231997249
2024-08-16 09:22:30,38100.0,3400,Sell,231997250
2024-08-16 09:22:30,38100.0,5100,Sell,231997251
2024-08-16 09:22:30,38100.0,600,Sell,231997252
2024-08-16 09:22:30,38100.0,200,Sell,231997253
2024-08-16 09:22:30,38100.0,10000,Sell,231997254
2024-08-16 09:22:30,38100.0,6800,Sell,231997255
2024-08-16 09:22:32,38100.0,10000,Sell,231997285
2024-08-16 09:22:32,38100.0,500,Sell,231997286
2024-08-16 09:22:32,38100.0,3200,Sell,231997283
2024-08-16 09:22:32,38100.0,200,Sell,231997284
2024-08-16 09:22:41,38100.0,500,Buy,231997407
2024-08-16 09:22:47,38100.0,500,Buy,231997496
2024-08-16 09:22:47,38100.0,2300,Buy,231997502
2024-08-16 09:22:49,38050.0,1000,Sell,231997528
2024-08-16 09:23:03,38050.0,4000,Sell,231997716
2024-08-16 09:23:03,38050.0,1000,Sell,231997717
2024-08-16 09:23:04,38100.0,1000,Buy,231997719
2024-08-16 09:23:22,38100.0,100,Buy,231998011
2024-08-16 09:23:26,38050.0,500,Sell,231998070
2024-08-16 09:23:28,38100.0,1000,Buy,231998102
2024-08-16 09:23:35,38100.0,1500,Buy,231998229
2024-08-16 09:23:43,38050.0,5000,Sell,231998432
2024-08-16 09:23:43,38050.0,3500,Sell,231998431
2024-08-16 09:23:43,38050.0,1500,Sell,231998433
2024-08-16 09:23:49,38050.0,3000,Sell,231998541
2024-08-16 09:23:53,38100.0,1000,Buy,231998630
2024-08-16 09:23:54,38100.0,900,Buy,231998659
2024-08-16 09:23:54,38100.0,1100,Buy,231998660
2024-08-16 09:23:59,38050.0,500,Sell,231998775
2024-08-16 09:24:01,38050.0,300,Sell,231998807
2024-08-16 09:24:02,38100.0,500,Buy,231998832
2024-08-16 09:24:08,38100.0,300,Buy,231998923
2024-08-16 09:24:13,38050.0,2000,Sell,231999006
2024-08-16 09:24:13,38100.0,100,Buy,231999010
2024-08-16 09:24:43,38100.0,1000,Buy,231999611
2024-08-16 09:24:59,38050.0,2700,Sell,231999870
2024-08-16 09:24:59,38050.0,2300,Sell,231999871
2024-08-16 09:25:07,38050.0,100,Sell,232000008
2024-08-16 09:25:08,38050.0,300,Sell,232000033
2024-08-16 09:25:08,38050.0,1000,Sell,232000014
2024-08-16 09:25:09,38050.0,1000,Sell,232000053
2024-08-16 09:25:14,38050.0,300,Sell,232000125
2024-08-16 09:25:14,38050.0,5000,Sell,232000126
2024-08-16 09:25:14,38050.0,4700,Sell,232000127
2024-08-16 09:25:16,38050.0,300,Sell,232000162
2024-08-16 09:25:16,38050.0,700,Sell,232000163
2024-08-16 09:25:17,38050.0,100,Sell,232000205
2024-08-16 09:25:18,38050.0,100,Sell,232000234
2024-08-16 09:25:18,38050.0,100,Sell,232000236
2024-08-16 09:25:18,38050.0,300,Sell,232000233
2024-08-16 09:25:18,38050.0,500,Sell,232000235
2024-08-16 09:25:18,38050.0,1700,Sell,232000231
2024-08-16 09:25:18,38050.0,10000,Sell,232000230
2024-08-16 09:25:18,38050.0,4200,Sell,232000228
2024-08-16 09:25:18,38050.0,100,Sell,232000229
2024-08-16 09:25:18,38050.0,700,Sell,232000232
2024-08-16 09:25:34,38050.0,1000,Buy,232000471
2024-08-16 09:25:41,38000.0,1300,Sell,232000576
2024-08-16 09:25:41,38000.0,1000,Sell,232000575
2024-08-16 09:25:41,38000.0,1700,Sell,232000570
2024-08-16 09:25:41,38000.0,300,Sell,232000563
2024-08-16 09:25:41,38000.0,2000,Sell,232000561
2024-08-16 09:25:41,38000.0,1700,Sell,232000560
2024-08-16 09:25:41,38000.0,1000,Sell,232000562
2024-08-16 09:25:55,38000.0,1000,Sell,232000805
2024-08-16 09:26:00,38000.0,500,Sell,232000877
2024-08-16 09:26:03,38000.0,800,Sell,232000938
2024-08-16 09:26:11,38000.0,300,Sell,232001077
2024-08-16 09:26:21,38050.0,2400,Buy,232001227
2024-08-16 09:26:21,38050.0,4000,Buy,232001224
2024-08-16 09:26:21,38050.0,3400,Buy,232001225
2024-08-16 09:26:21,38050.0,200,Buy,232001226
2024-08-16 09:26:25,38050.0,1000,Buy,232001320
2024-08-16 09:26:26,38000.0,100,Sell,232001345
2024-08-16 09:26:28,38050.0,10000,Buy,232001397
2024-08-16 09:26:33,38050.0,11000,Buy,232001461
2024-08-16 09:26:35,38000.0,500,Sell,232001481
2024-08-16 09:26:35,38000.0,200,Sell,232001485
2024-08-16 09:26:42,38050.0,500,Buy,232001631
2024-08-16 09:26:43,38050.0,100,Buy,232001654
2024-08-16 09:26:43,38050.0,100,Buy,232001650
2024-08-16 09:26:43,38050.0,100,Buy,232001653
2024-08-16 09:26:43,38050.0,200,Buy,232001652
2024-08-16 09:26:43,38050.0,1700,Buy,232001651
2024-08-16 09:26:43,38050.0,1100,Buy,232001649
2024-08-16 09:26:43,38050.0,1000,Buy,232001642
2024-08-16 09:26:43,38050.0,500,Buy,232001647
2024-08-16 09:26:43,38050.0,100,Buy,232001648
2024-08-16 09:26:43,38050.0,200,Buy,232001643
2024-08-16 09:26:43,38050.0,1200,Buy,232001641
2024-08-16 09:26:43,38050.0,100,Buy,232001645
2024-08-16 09:26:43,38050.0,1000,Buy,232001646
2024-08-16 09:26:43,38050.0,500,Buy,232001644
2024-08-16 09:26:45,38050.0,1000,Sell,232001676
2024-08-16 09:26:49,38050.0,300,Sell,232001739
2024-08-16 09:26:54,38050.0,100,Sell,232001812
2024-08-16 09:26:55,38050.0,100,Sell,232001823
2024-08-16 09:27:09,38050.0,100,Sell,232002017
2024-08-16 09:27:09,38100.0,100,Buy,232002026
2024-08-16 09:27:14,38100.0,200,Buy,232002080
2024-08-16 09:27:14,38100.0,300,Buy,232002078
2024-08-16 09:27:14,38100.0,500,Buy,232002079
2024-08-16 09:27:16,38050.0,200,Sell,232002104
2024-08-16 09:27:17,38050.0,300,Sell,232002142
2024-08-16 09:27:17,38050.0,200,Sell,232002143
2024-08-16 09:27:17,38050.0,1500,Sell,232002144
2024-08-16 09:27:23,38050.0,1000,Sell,232002237
2024-08-16 09:27:27,38050.0,1900,Sell,232002296
2024-08-16 09:28:03,38050.0,100,Sell,232002956
2024-08-16 09:28:04,38100.0,300,Buy,232002986
2024-08-16 09:28:04,38100.0,700,Buy,232002987
2024-08-16 09:28:12,38050.0,4400,Sell,232003135
2024-08-16 09:28:12,38050.0,100,Sell,232003134
2024-08-16 09:28:12,38050.0,5500,Sell,232003133
2024-08-16 09:28:17,38100.0,300,Buy,232003207
2024-08-16 09:28:17,38100.0,4700,Buy,232003208
2024-08-16 09:28:17,38100.0,4000,Buy,232003221
2024-08-16 09:28:20,38050.0,2000,Sell,232003271
2024-08-16 09:28:21,38050.0,3000,Sell,232003295
2024-08-16 09:28:24,38050.0,100,Sell,232003365
2024-08-16 09:28:27,38050.0,500,Sell,232003480
2024-08-16 09:28:27,38050.0,500,Sell,232003481
2024-08-16 09:28:40,38050.0,5000,Sell,232003655
2024-08-16 09:28:40,38050.0,5000,Sell,232003656
2024-08-16 09:28:40,38050.0,2500,Sell,232003653
2024-08-16 09:28:40,38050.0,2000,Sell,232003654
2024-08-16 09:28:54,38050.0,1000,Buy,232003976
2024-08-16 09:28:54,38050.0,300,Buy,232003977
2024-08-16 09:29:07,38050.0,100,Buy,232004146
2024-08-16 09:29:08,38050.0,5000,Buy,232004162
2024-08-16 09:29:09,38000.0,400,Sell,232004180
2024-08-16 09:29:18,38050.0,1800,Buy,232004349
2024-08-16 09:29:18,38050.0,3400,Buy,232004350
2024-08-16 09:29:18,38050.0,500,Buy,232004351
2024-08-16 09:29:18,38050.0,700,Buy,232004352
2024-08-16 09:29:24,38050.0,300,Buy,232004460
2024-08-16 09:29:24,38050.0,9700,Buy,232004461
2024-08-16 09:29:26,38050.0,100,Buy,232004490
2024-08-16 09:29:35,38050.0,500,Buy,232004668
2024-08-16 09:29:35,38050.0,200,Buy,232004667
2024-08-16 09:29:37,38050.0,100,Buy,232004708
2024-08-16 09:29:37,38050.0,200,Buy,232004711
2024-08-16 09:29:37,38050.0,400,Buy,232004707
2024-08-16 09:29:37,38050.0,1000,Buy,232004709
2024-08-16 09:29:37,38050.0,300,Buy,232004710
2024-08-16 09:29:40,38050.0,300,Buy,232004745
2024-08-16 09:29:43,38050.0,800,Buy,232004792
2024-08-16 09:29:43,38050.0,200,Buy,232004793
2024-08-16 09:29:44,38050.0,1000,Buy,232004831
2024-08-16 09:29:58,38050.0,200,Buy,232005039
2024-08-16 09:30:10,38050.0,100,Buy,232005245
2024-08-16 09:30:18,38050.0,5000,Buy,232005346
2024-08-16 09:30:20,38050.0,1500,Buy,232005378
2024-08-16 09:30:20,38050.0,3500,Buy,232005377
2024-08-16 09:30:33,38050.0,3000,Buy,232005570
2024-08-16 09:30:33,38050.0,500,Buy,232005598
2024-08-16 09:30:34,38050.0,300,Buy,232005610
2024-08-16 09:30:34,38050.0,100,Buy,232005611
2024-08-16 09:30:34,38050.0,100,Buy,232005612
2024-08-16 09:30:34,38050.0,500,Buy,232005613
2024-08-16 09:30:34,38050.0,500,Buy,232005624
2024-08-16 09:30:34,38050.0,500,Buy,232005625
2024-08-16 09:30:46,38050.0,300,Buy,232005789
2024-08-16 09:30:46,38050.0,100,Buy,232005790
2024-08-16 09:30:46,38050.0,100,Buy,232005791
2024-08-16 09:30:46,38050.0,100,Buy,232005792
2024-08-16 09:30:59,38050.0,200,Buy,232005978
2024-08-16 09:30:59,38050.0,400,Buy,232005976
2024-08-16 09:30:59,38050.0,200,Buy,232005977
2024-08-16 09:31:06,38050.0,100,Sell,232006089
2024-08-16 09:31:17,38100.0,4000,Buy,232006239
2024-08-16 09:31:25,38100.0,1000,Buy,232006361
2024-08-16 09:31:28,38050.0,500,Sell,232006397
2024-08-16 09:31:30,38050.0,200,Sell,232006426
2024-08-16 09:31:31,38050.0,3400,Sell,232006448
2024-08-16 09:31:31,38050.0,1600,Sell,232006449
2024-08-16 09:31:39,38050.0,800,Sell,232006577
2024-08-16 09:31:49,38050.0,200,Sell,232006729
2024-08-16 09:32:15,38100.0,1000,Buy,232007073
2024-08-16 09:32:17,38050.0,100,Sell,232007084
2024-08-16 09:32:24,38100.0,1000,Buy,232007390
2024-08-16 09:32:25,38050.0,500,Sell,232007396
2024-08-16 09:32:38,38050.0,1000,Sell,232007572
2024-08-16 09:32:52,38050.0,500,Sell,232007873
2024-08-16 09:32:53,38050.0,1000,Sell,232007925
2024-08-16 09:33:00,38100.0,600,Buy,232008042
2024-08-16 09:33:05,38100.0,1000,Buy,232008168
2024-08-16 09:33:08,38050.0,300,Sell,232008216
2024-08-16 09:33:09,38100.0,1000,Buy,232008242
2024-08-16 09:33:19,38050.0,1200,Sell,232008405
2024-08-16 09:33:31,38100.0,100,Buy,232008713
2024-08-16 09:33:55,38100.0,100,Buy,232009079
2024-08-16 09:33:55,38100.0,1000,Buy,232009080
2024-08-16 09:34:00,38050.0,100,Sell,232009173
2024-08-16 09:34:01,38050.0,100,Sell,232009180
2024-08-16 09:34:05,38100.0,1800,Buy,232009282
2024-08-16 09:34:05,38100.0,3200,Buy,232009281
2024-08-16 09:34:08,38050.0,1600,Sell,232009466
2024-08-16 09:34:08,38050.0,4000,Sell,232009467
2024-08-16 09:34:08,38050.0,800,Sell,232009468
2024-08-16 09:34:10,38050.0,100,Sell,232009485
2024-08-16 09:34:10,38100.0,1600,Buy,232009486
2024-08-16 09:34:10,38100.0,500,Buy,232009487
2024-08-16 09:34:10,38100.0,100,Buy,232009488
2024-08-16 09:34:10,38100.0,1000,Buy,232009489
2024-08-16 09:34:10,38100.0,1800,Buy,232009490
2024-08-16 09:34:13,38100.0,100,Buy,232009538
2024-08-16 09:34:18,38050.0,100,Sell,232009661
2024-08-16 09:34:33,38100.0,2100,Buy,232009982
2024-08-16 09:34:33,38100.0,2900,Buy,232009983
2024-08-16 09:34:34,38050.0,300,Sell,232009988
2024-08-16 09:34:45,38100.0,1000,Buy,232010278
2024-08-16 09:35:35,38100.0,1000,Buy,232011456
2024-08-16 09:35:50,38100.0,3800,Buy,232011766
2024-08-16 09:35:50,38100.0,1000,Buy,232011765
2024-08-16 09:35:50,38100.0,100,Buy,232011763
2024-08-16 09:35:50,38100.0,500,Buy,232011762
2024-08-16 09:35:50,38100.0,500,Buy,232011759
2024-08-16 09:35:50,38100.0,1000,Buy,232011760
2024-08-16 09:35:50,38100.0,100,Buy,232011758
2024-08-16 09:35:50,38100.0,100,Buy,232011761
2024-08-16 09:35:50,38100.0,100,Buy,232011756
2024-08-16 09:35:50,38100.0,100,Buy,232011755
2024-08-16 09:35:50,38100.0,100,Buy,232011754
2024-08-16 09:35:50,38100.0,300,Buy,232011753
2024-08-16 09:35:50,38100.0,100,Buy,232011752
2024-08-16 09:35:50,38100.0,1000,Buy,232011751
2024-08-16 09:35:50,38100.0,1000,Buy,232011750
2024-08-16 09:35:50,38100.0,5100,Buy,232011749
2024-08-16 09:35:50,38100.0,100,Buy,232011757
2024-08-16 09:35:53,38100.0,200,Buy,232011843
2024-08-16 09:35:53,38100.0,100,Buy,232011844
2024-08-16 09:35:53,38100.0,400,Buy,232011845
2024-08-16 09:35:53,38100.0,400,Buy,232011849
2024-08-16 09:35:53,38100.0,1000,Buy,232011847
2024-08-16 09:35:53,38100.0,500,Buy,232011848
2024-08-16 09:35:53,38100.0,100,Buy,232011846
2024-08-16 09:35:53,38100.0,100,Buy,232011842
2024-08-16 09:35:53,38100.0,100,Buy,232011839
2024-08-16 09:35:53,38100.0,1000,Buy,232011840
2024-08-16 09:35:53,38100.0,100,Buy,232011838
2024-08-16 09:35:53,38100.0,1000,Buy,232011837
2024-08-16 09:35:53,38100.0,1000,Buy,232011836
2024-08-16 09:35:53,38100.0,100,Buy,232011835
2024-08-16 09:35:53,38100.0,200,Buy,232011834
2024-08-16 09:35:53,38100.0,500,Buy,232011833
2024-08-16 09:35:53,38100.0,1200,Buy,232011832
2024-08-16 09:35:53,38100.0,2000,Buy,232011841
2024-08-16 09:35:57,38050.0,100,Sell,232011978
2024-08-16 09:36:02,38100.0,100,Buy,232012121
2024-08-16 09:36:08,38100.0,15700,Buy,232012261
2024-08-16 09:36:08,38100.0,3400,Buy,232012260
2024-08-16 09:36:08,38100.0,2000,Buy,232012259
2024-08-16 09:36:08,38100.0,600,Buy,232012256
2024-08-16 09:36:08,38100.0,1000,Buy,232012257
2024-08-16 09:36:08,38100.0,1800,Buy,232012258
2024-08-16 09:36:08,38100.0,500,Buy,232012255
2024-08-16 09:36:09,38100.0,200,Buy,232012313
2024-08-16 09:36:09,38050.0,200,Sell,232012319
2024-08-16 09:36:09,38100.0,1200,Buy,232012318
2024-08-16 09:36:09,38100.0,800,Buy,232012317
2024-08-16 09:36:09,38100.0,7000,Buy,232012312
2024-08-16 09:36:09,38100.0,200,Buy,232012315
2024-08-16 09:36:09,38100.0,100,Buy,232012314
2024-08-16 09:36:09,38100.0,500,Buy,232012316
2024-08-16 09:36:10,38050.0,200,Sell,232012326
2024-08-16 09:36:25,38100.0,500,Buy,232012701
2024-08-16 09:36:25,38100.0,500,Buy,232012702
2024-08-16 09:36:27,38050.0,500,Sell,232012759
2024-08-16 09:36:32,38100.0,300,Buy,232012865
2024-08-16 09:36:32,38100.0,500,Buy,232012864
2024-08-16 09:36:32,38100.0,500,Buy,232012863
2024-08-16 09:36:32,38100.0,300,Buy,232012862
2024-08-16 09:36:32,38100.0,600,Buy,232012861
2024-08-16 09:36:32,38100.0,100,Buy,232012860
2024-08-16 09:36:32,38100.0,100,Buy,232012858
2024-08-16 09:36:32,38100.0,2000,Buy,232012857
2024-08-16 09:36:32,38100.0,200,Buy,232012856
2024-08-16 09:36:32,38100.0,100,Buy,232012855
2024-08-16 09:36:32,38100.0,100,Buy,232012854
2024-08-16 09:36:32,38100.0,4500,Buy,232012853
2024-08-16 09:36:32,38100.0,700,Buy,232012859
2024-08-16 09:36:49,38100.0,100,Buy,232013279
2024-08-16 09:36:49,38100.0,600,Buy,232013288
2024-08-16 09:36:49,38100.0,2000,Buy,232013287
2024-08-16 09:36:49,38100.0,100,Buy,232013286
2024-08-16 09:36:49,38100.0,5000,Buy,232013285
2024-08-16 09:36:49,38100.0,2300,Buy,232013284
2024-08-16 09:36:49,38100.0,700,Buy,232013280
2024-08-16 09:36:49,38100.0,100,Buy,232013278
2024-08-16 09:36:49,38100.0,200,Buy,232013273
2024-08-16 09:36:49,38100.0,100,Buy,232013276
2024-08-16 09:36:49,38100.0,100,Buy,232013275
2024-08-16 09:36:49,38100.0,100,Buy,232013274
2024-08-16 09:36:49,38100.0,100,Buy,232013272
2024-08-16 09:36:49,38100.0,100,Buy,232013271
2024-08-16 09:36:49,38100.0,100,Buy,232013270
2024-08-16 09:36:49,38100.0,500,Buy,232013269
2024-08-16 09:36:49,38100.0,2700,Buy,232013268
2024-08-16 09:36:49,38100.0,100,Buy,232013277
2024-08-16 09:36:52,38100.0,2800,Buy,232013372
2024-08-16 09:36:52,38100.0,2200,Buy,232013373
2024-08-16 09:36:55,38100.0,2000,Buy,232013440
2024-08-16 09:36:58,38100.0,200,Buy,232013512
2024-08-16 09:37:02,38100.0,1300,Buy,232013633
2024-08-16 09:37:11,38100.0,15000,Buy,232013903
2024-08-16 09:37:13,38100.0,2000,Buy,232013971
2024-08-16 09:37:13,38100.0,1000,Buy,232013972
2024-08-16 09:37:16,38150.0,400,Buy,232014074
2024-08-16 09:37:16,38150.0,600,Buy,232014075
2024-08-16 09:37:27,38100.0,200,Sell,232014388
2024-08-16 09:37:32,38150.0,100,Buy,232014516
2024-08-16 09:37:32,38150.0,4100,Buy,232014517
2024-08-16 09:37:32,38150.0,300,Buy,232014514
2024-08-16 09:37:32,38150.0,100,Buy,232014515
2024-08-16 09:37:32,38150.0,400,Buy,232014513
2024-08-16 09:37:36,38150.0,100,Buy,232014638
2024-08-16 09:37:58,38150.0,100,Buy,232015373
2024-08-16 09:37:58,38150.0,100,Buy,232015374
2024-08-16 09:37:58,38150.0,100,Buy,232015375
2024-08-16 09:37:58,38150.0,4400,Buy,232015376
2024-08-16 09:37:59,38100.0,21800,Sell,232015380
2024-08-16 09:37:59,38100.0,900,Sell,232015381
2024-08-16 09:37:59,38100.0,100,Sell,232015382
2024-08-16 09:37:59,38100.0,3300,Buy,232015400
2024-08-16 09:38:06,38150.0,1000,Buy,232015638
2024-08-16 09:38:07,38100.0,3400,Sell,232015644
2024-08-16 09:38:07,38100.0,7000,Sell,232015643
2024-08-16 09:38:07,38100.0,5000,Sell,232015642
2024-08-16 09:38:07,38100.0,700,Sell,232015640
2024-08-16 09:38:07,38100.0,10000,Sell,232015641
2024-08-16 09:38:13,38100.0,1100,Sell,232015782
2024-08-16 09:38:14,38100.0,300,Sell,232015845
2024-08-16 09:38:16,38100.0,8200,Sell,232015917
2024-08-16 09:38:16,38100.0,600,Sell,232015918
2024-08-16 09:38:17,38100.0,1600,Buy,232015943
2024-08-16 09:38:23,38100.0,1000,Buy,232016128
2024-08-16 09:38:23,38100.0,100,Buy,232016130
2024-08-16 09:38:42,38100.0,100,Buy,232016757
2024-08-16 09:38:42,38100.0,100,Buy,232016760
2024-08-16 09:38:43,38100.0,4000,Buy,232016789
2024-08-16 09:38:44,38100.0,2000,Buy,232016820
2024-08-16 09:38:46,38100.0,100,Buy,232016901
2024-08-16 09:38:47,38100.0,4900,Buy,232016958
2024-08-16 09:38:47,38100.0,3400,Buy,232016959
2024-08-16 09:38:47,38100.0,1000,Buy,232016960
2024-08-16 09:38:47,38100.0,500,Buy,232016961
2024-08-16 09:38:47,38100.0,100,Buy,232016962
2024-08-16 09:38:47,38100.0,100,Buy,232016963
2024-08-16 09:38:53,38100.0,100,Sell,232017199
2024-08-16 09:38:56,38150.0,100,Buy,232017291
2024-08-16 09:38:56,38150.0,100,Buy,232017289
2024-08-16 09:38:56,38150.0,100,Buy,232017290
2024-08-16 09:38:56,38150.0,600,Buy,232017287
2024-08-16 09:38:56,38100.0,100,Sell,232017282
2024-08-16 09:38:56,38150.0,100,Buy,232017288
2024-08-16 09:38:58,38100.0,5900,Sell,232017327
2024-08-16 09:39:02,38100.0,200,Sell,232017524
2024-08-16 09:39:02,38100.0,2600,Sell,232017525
2024-08-16 09:39:02,38100.0,5000,Sell,232017526
2024-08-16 09:39:02,38100.0,100,Sell,232017527
2024-08-16 09:39:02,38100.0,10000,Sell,232017528
2024-08-16 09:39:02,38100.0,5000,Sell,232017529
2024-08-16 09:39:02,38100.0,3400,Sell,232017530
2024-08-16 09:39:07,38100.0,200,Sell,232017687
2024-08-16 09:39:19,38100.0,1200,Sell,232018131
2024-08-16 09:39:19,38100.0,9200,Sell,232018132
2024-08-16 09:39:25,38100.0,200,Sell,232018468
2024-08-16 09:39:40,38100.0,100,Sell,232019216
2024-08-16 09:39:47,38150.0,1000,Buy,232019704
2024-08-16 09:39:53,38100.0,500,Sell,232020021
2024-08-16 09:40:06,38150.0,100,Buy,232020567
2024-08-16 09:40:07,38150.0,4400,Buy,232020638
2024-08-16 09:40:07,38150.0,200,Buy,232020637
2024-08-16 09:40:07,38150.0,400,Buy,232020636
2024-08-16 09:40:07,38150.0,500,Buy,232020634
2024-08-16 09:40:07,38150.0,500,Buy,232020633
2024-08-16 09:40:07,38150.0,1000,Buy,232020632
2024-08-16 09:40:07,38150.0,5000,Buy,232020631
2024-08-16 09:40:07,38150.0,1000,Buy,232020629
2024-08-16 09:40:07,38150.0,100,Buy,232020628
2024-08-16 09:40:07,38150.0,100,Buy,232020630
2024-08-16 09:40:07,38150.0,200,Buy,232020626
2024-08-16 09:40:07,38150.0,25200,Buy,232020618
2024-08-16 09:40:07,38150.0,3000,Buy,232020627
2024-08-16 09:40:07,38150.0,200,Buy,232020620
2024-08-16 09:40:07,38150.0,100,Buy,232020621
2024-08-16 09:40:07,38150.0,3800,Buy,232020619
2024-08-16 09:40:07,38150.0,100,Buy,232020623
2024-08-16 09:40:07,38150.0,100,Buy,232020624
2024-08-16 09:40:07,38150.0,10000,Buy,232020625
2024-08-16 09:40:07,38150.0,900,Buy,232020622
2024-08-16 09:40:23,38150.0,600,Buy,232021398
2024-08-16 09:40:24,38150.0,11900,Buy,232021533
2024-08-16 09:40:25,38150.0,1600,Buy,232021595
2024-08-16 09:40:25,38150.0,100,Buy,232021594
2024-08-16 09:40:25,38150.0,100,Buy,232021591
2024-08-16 09:40:25,38150.0,100,Buy,232021593
2024-08-16 09:40:25,38150.0,1000,Buy,232021592
2024-08-16 09:40:25,38150.0,200,Buy,232021590
2024-08-16 09:40:25,38150.0,100,Buy,232021584
2024-08-16 09:40:25,38150.0,2000,Buy,232021588
2024-08-16 09:40:25,38150.0,400,Buy,232021587
2024-08-16 09:40:25,38150.0,200,Buy,232021586
2024-08-16 09:40:25,38150.0,500,Buy,232021585
2024-08-16 09:40:25,38150.0,3400,Buy,232021583
2024-08-16 09:40:25,38150.0,5800,Buy,232021582
2024-08-16 09:40:25,38150.0,1000,Buy,232021589
2024-08-16 09:40:26,38100.0,100,Sell,232021612
2024-08-16 09:40:37,38150.0,1000,Buy,232022140
2024-08-16 09:40:40,38150.0,8900,Buy,232022292
2024-08-16 09:40:40,38150.0,100,Buy,232022291
2024-08-16 09:40:40,38150.0,200,Buy,232022290
2024-08-16 09:40:40,38150.0,200,Buy,232022289
2024-08-16 09:40:40,38150.0,100,Buy,232022287
2024-08-16 09:40:40,38150.0,400,Buy,232022286
2024-08-16 09:40:40,38150.0,100,Buy,232022288
2024-08-16 09:40:42,38150.0,1100,Buy,232022395
2024-08-16 09:40:42,38150.0,500,Buy,232022396
2024-08-16 09:40:42,38150.0,200,Buy,232022397
2024-08-16 09:40:42,38150.0,900,Buy,232022398
2024-08-16 09:40:42,38150.0,100,Buy,232022399
2024-08-16 09:40:42,38150.0,200,Buy,232022400
2024-08-16 09:40:44,38150.0,500,Buy,232022537
2024-08-16 09:40:44,38150.0,300,Buy,232022534
2024-08-16 09:40:44,38150.0,100,Buy,232022535
2024-08-16 09:40:44,38150.0,100,Buy,232022536
2024-08-16 09:40:46,38150.0,100,Buy,232022624
2024-08-16 09:40:46,38150.0,200,Buy,232022625
2024-08-16 09:40:46,38150.0,100,Buy,232022626
2024-08-16 09:40:46,38150.0,500,Buy,232022627
2024-08-16 09:40:46,38150.0,400,Buy,232022628
2024-08-16 09:40:46,38150.0,100,Buy,232022629
2024-08-16 09:40:46,38150.0,100,Buy,232022630
2024-08-16 09:40:46,38150.0,500,Buy,232022623
2024-08-16 09:40:52,38200.0,200,Buy,232022963
2024-08-16 09:40:52,38200.0,700,Buy,232022965
2024-08-16 09:40:52,38200.0,7900,Buy,232022961
2024-08-16 09:40:52,38200.0,100,Buy,232022962
2024-08-16 09:40:52,38200.0,100,Buy,232022964
2024-08-16 09:41:01,38150.0,100,Sell,232023390
2024-08-16 09:41:21,38200.0,100,Buy,232024227
2024-08-16 09:41:21,38200.0,700,Buy,232024228
2024-08-16 09:41:27,38200.0,100,Buy,232024439
2024-08-16 09:41:27,38200.0,100,Buy,232024413
2024-08-16 09:41:27,38200.0,100,Buy,232024414
2024-08-16 09:41:27,38200.0,200,Buy,232024415
2024-08-16 09:41:27,38200.0,100,Buy,232024416
2024-08-16 09:41:27,38200.0,500,Buy,232024417
2024-08-16 09:41:27,38200.0,500,Buy,232024435
2024-08-16 09:41:27,38200.0,100,Buy,232024438
2024-08-16 09:41:28,38200.0,300,Buy,232024473
2024-08-16 09:41:40,38200.0,900,Buy,232024995
2024-08-16 09:41:43,38200.0,2300,Buy,232025108
2024-08-16 09:41:43,38200.0,1000,Buy,232025109
2024-08-16 09:41:43,38200.0,500,Buy,232025110
2024-08-16 09:41:43,38200.0,2000,Buy,232025111
2024-08-16 09:41:43,38200.0,100,Buy,232025112
2024-08-16 09:41:43,38200.0,800,Buy,232025113
2024-08-16 09:41:54,38200.0,1100,Buy,232025544
2024-08-16 09:42:05,38200.0,200,Buy,232026069
2024-08-16 09:42:05,38200.0,100,Buy,232026070
2024-08-16 09:42:05,38200.0,300,Buy,232026071
2024-08-16 09:42:05,38200.0,1000,Buy,232026072
2024-08-16 09:42:05,38200.0,1000,Buy,232026073
2024-08-16 09:42:05,38200.0,100,Buy,232026068
2024-08-16 09:42:05,38200.0,100,Buy,232026076
2024-08-16 09:42:05,38200.0,100,Buy,232026080
2024-08-16 09:42:05,38200.0,100,Buy,232026078
2024-08-16 09:42:05,38200.0,1000,Buy,232026079
2024-08-16 09:42:05,38200.0,100,Buy,232026081
2024-08-16 09:42:05,38200.0,5000,Buy,232026082
2024-08-16 09:42:05,38200.0,1000,Buy,232026083
2024-08-16 09:42:05,38200.0,2000,Buy,232026084
2024-08-16 09:42:05,38200.0,1800,Buy,232026085
2024-08-16 09:42:05,38200.0,100,Buy,232026077
2024-08-16 09:42:05,38200.0,100,Buy,232026067
2024-08-16 09:42:05,38200.0,100,Buy,232026075
2024-08-16 09:42:05,38200.0,100,Buy,232026065
2024-08-16 09:42:05,38200.0,100,Buy,232026066
2024-08-16 09:42:05,38200.0,5200,Buy,232026046
2024-08-16 09:42:05,38200.0,600,Buy,232026047
2024-08-16 09:42:05,38200.0,300,Buy,232026048
2024-08-16 09:42:05,38200.0,5000,Buy,232026049
2024-08-16 09:42:05,38200.0,2000,Buy,232026050
2024-08-16 09:42:05,38200.0,100,Buy,232026051
2024-08-16 09:42:05,38200.0,200,Buy,232026052
2024-08-16 09:42:05,38200.0,300,Buy,232026056
2024-08-16 09:42:05,38200.0,100,Buy,232026074
2024-08-16 09:42:05,38200.0,200,Buy,232026058
2024-08-16 09:42:05,38200.0,100,Buy,232026059
2024-08-16 09:42:05,38200.0,100,Buy,232026057
2024-08-16 09:42:05,38200.0,100,Buy,232026060
2024-08-16 09:42:05,38200.0,100,Buy,232026061
2024-08-16 09:42:05,38200.0,1000,Buy,232026062
2024-08-16 09:42:05,38200.0,100,Buy,232026063
2024-08-16 09:42:05,38200.0,100,Buy,232026064
2024-08-16 09:42:06,38200.0,100,Buy,232026103
2024-08-16 09:42:06,38200.0,5000,Buy,232026102
2024-08-16 09:42:11,38200.0,700,Buy,232026356
2024-08-16 09:42:11,38200.0,1000,Buy,232026355
2024-08-16 09:42:11,38200.0,600,Buy,232026354
2024-08-16 09:42:11,38200.0,500,Buy,232026352
2024-08-16 09:42:11,38200.0,100,Buy,232026351
2024-08-16 09:42:11,38200.0,1000,Buy,232026350
2024-08-16 09:42:11,38200.0,5300,Buy,232026349
2024-08-16 09:42:11,38200.0,200,Buy,232026348
2024-08-16 09:42:11,38200.0,100,Buy,232026353
2024-08-16 09:42:11,38200.0,100,Buy,232026346
2024-08-16 09:42:11,38200.0,20000,Buy,232026345
2024-08-16 09:42:11,38200.0,500,Buy,232026344
2024-08-16 09:42:11,38200.0,100,Buy,232026343
2024-08-16 09:42:11,38200.0,300,Buy,232026347
2024-08-16 09:42:11,38200.0,200,Buy,232026342
2024-08-16 09:42:11,38200.0,100,Buy,232026341
2024-08-16 09:42:11,38200.0,3400,Buy,232026340
2024-08-16 09:42:11,38200.0,15800,Buy,232026339
2024-08-16 09:42:13,38200.0,400,Buy,232026429
2024-08-16 09:42:17,38200.0,200,Buy,232026682
2024-08-16 09:42:17,38150.0,100,Sell,232026632
2024-08-16 09:42:17,38200.0,600,Buy,232026680
2024-08-16 09:42:17,38200.0,200,Buy,232026681
2024-08-16 09:42:20,38200.0,500,Buy,232026806
2024-08-16 09:42:20,38200.0,100,Buy,232026802
2024-08-16 09:42:20,38200.0,1000,Buy,232026803
2024-08-16 09:42:20,38200.0,100,Buy,232026804
2024-08-16 09:42:20,38200.0,100,Buy,232026805
2024-08-16 09:42:20,38200.0,1000,Buy,232026807
2024-08-16 09:42:20,38200.0,200,Buy,232026814
2024-08-16 09:42:20,38200.0,100,Buy,232026809
2024-08-16 09:42:20,38200.0,200,Buy,232026810
2024-08-16 09:42:20,38200.0,300,Buy,232026811
2024-08-16 09:42:20,38200.0,100,Buy,232026812
2024-08-16 09:42:20,38200.0,100,Buy,232026813
2024-08-16 09:42:20,38200.0,200,Buy,232026801
2024-08-16 09:42:20,38200.0,100,Buy,232026808
2024-08-16 09:42:20,38200.0,400,Buy,232026799
2024-08-16 09:42:20,38200.0,700,Buy,232026800
2024-08-16 09:42:20,38200.0,100,Buy,232026775
2024-08-16 09:42:20,38200.0,600,Buy,232026761
2024-08-16 09:42:20,38200.0,100,Buy,232026762
2024-08-16 09:42:20,38200.0,100,Buy,232026764
2024-08-16 09:42:20,38200.0,1000,Buy,232026765
2024-08-16 09:42:20,38200.0,200,Buy,232026766
2024-08-16 09:42:20,38200.0,300,Buy,232026767
2024-08-16 09:42:20,38200.0,1000,Buy,232026768
2024-08-16 09:42:20,38200.0,300,Buy,232026763
2024-08-16 09:42:20,38200.0,1000,Buy,232026770
2024-08-16 09:42:20,38200.0,500,Buy,232026769
2024-08-16 09:42:20,38200.0,100,Buy,232026760
2024-08-16 09:42:20,38200.0,100,Buy,232026774
2024-08-16 09:42:20,38200.0,100,Buy,232026776
2024-08-16 09:42:20,38200.0,100,Buy,232026773
2024-08-16 09:42:20,38200.0,100,Buy,232026772
2024-08-16 09:42:20,38200.0,100,Buy,232026771
2024-08-16 09:42:26,38200.0,200,Sell,232027108
2024-08-16 09:42:27,38250.0,10000,Buy,232027139
2024-08-16 09:42:29,38250.0,600,Buy,232027315
2024-08-16 09:42:32,38250.0,500,Buy,232027409
2024-08-16 09:42:34,38200.0,14600,Sell,232027476
2024-08-16 09:42:34,38200.0,2000,Sell,232027477
2024-08-16 09:42:34,38200.0,3000,Sell,232027478
2024-08-16 09:42:34,38200.0,3100,Sell,232027479
2024-08-16 09:42:34,38200.0,1900,Sell,232027492
2024-08-16 09:42:34,38200.0,1500,Sell,232027493
2024-08-16 09:42:36,38250.0,100,Buy,232027577
2024-08-16 09:42:40,38200.0,100,Sell,232027758
2024-08-16 09:42:40,38200.0,500,Sell,232027759
2024-08-16 09:42:40,38200.0,400,Sell,232027757
2024-08-16 09:42:41,38200.0,10000,Buy,232027817
2024-08-16 09:42:43,38200.0,100,Buy,232027878
2024-08-16 09:42:46,38200.0,100,Buy,232027952
2024-08-16 09:42:47,38200.0,300,Buy,232028029
2024-08-16 09:42:49,38200.0,200,Buy,232028156
2024-08-16 09:42:49,38200.0,11000,Buy,232028157
2024-08-16 09:42:49,38200.0,3400,Buy,232028158
2024-08-16 09:42:49,38200.0,100,Buy,232028159
2024-08-16 09:42:54,38250.0,900,Buy,232028330
2024-08-16 09:42:59,38250.0,400,Buy,232028529
2024-08-16 09:43:01,38200.0,100,Sell,232028580
2024-08-16 09:43:08,38250.0,1000,Buy,232028848
2024-08-16 09:43:09,38250.0,5000,Buy,232028874
2024-08-16 09:43:13,38250.0,1000,Buy,232029050
2024-08-16 09:43:14,38250.0,4100,Buy,232029091
2024-08-16 09:43:14,38250.0,200,Buy,232029090
2024-08-16 09:43:14,38250.0,1000,Buy,232029089
2024-08-16 09:43:14,38250.0,1000,Buy,232029088
2024-08-16 09:43:14,38250.0,300,Buy,232029084
2024-08-16 09:43:14,38250.0,100,Buy,232029086
2024-08-16 09:43:14,38250.0,100,Buy,232029085
2024-08-16 09:43:14,38250.0,100,Buy,232029083
2024-08-16 09:43:14,38250.0,1500,Buy,232029087
2024-08-16 09:43:14,38250.0,100,Buy,232029081
2024-08-16 09:43:14,38250.0,1000,Buy,232029080
2024-08-16 09:43:14,38250.0,1000,Buy,232029079
2024-08-16 09:43:14,38250.0,100,Buy,232029078
2024-08-16 09:43:14,38250.0,300,Buy,232029077
2024-08-16 09:43:14,38250.0,500,Buy,232029076
2024-08-16 09:43:14,38250.0,300,Buy,232029075
2024-08-16 09:43:14,38250.0,100,Buy,232029074
2024-08-16 09:43:14,38250.0,6500,Buy,232029073
2024-08-16 09:43:14,38250.0,100,Buy,232029082
2024-08-16 09:43:16,38250.0,900,Buy,232029148
2024-08-16 09:43:16,38250.0,100,Buy,232029149
2024-08-16 09:43:23,38250.0,100,Buy,232029468
2024-08-16 09:43:23,38250.0,100,Buy,232029469
2024-08-16 09:43:23,38250.0,300,Buy,232029470
2024-08-16 09:43:24,38250.0,100,Buy,232029481
2024-08-16 09:43:24,38250.0,200,Buy,232029482
2024-08-16 09:43:25,38250.0,200,Buy,232029526
2024-08-16 09:43:28,38250.0,400,Buy,232029658
2024-08-16 09:43:30,38250.0,800,Buy,232029761
2024-08-16 09:43:30,38250.0,100,Buy,232029762
2024-08-16 09:43:30,38250.0,100,Buy,232029763
2024-08-16 09:43:30,38250.0,1000,Buy,232029768
2024-08-16 09:43:30,38250.0,200,Buy,232029766
2024-08-16 09:43:30,38250.0,300,Buy,232029767
2024-08-16 09:43:30,38250.0,100,Buy,232029760
2024-08-16 09:43:30,38250.0,1000,Buy,232029765
2024-08-16 09:43:30,38250.0,100,Buy,232029759
2024-08-16 09:43:30,38250.0,1000,Buy,232029764
2024-08-16 09:43:30,38250.0,1000,Buy,232029757
2024-08-16 09:43:30,38250.0,300,Buy,232029758
2024-08-16 09:43:30,38250.0,200,Buy,232029749
2024-08-16 09:43:30,38250.0,1000,Buy,232029751
2024-08-16 09:43:30,38250.0,100,Buy,232029752
2024-08-16 09:43:30,38250.0,600,Buy,232029750
2024-08-16 09:43:30,38250.0,600,Buy,232029753
2024-08-16 09:43:30,38250.0,100,Buy,232029754
2024-08-16 09:43:30,38250.0,200,Buy,232029755
2024-08-16 09:43:30,38250.0,1000,Buy,232029756
2024-08-16 09:43:30,38250.0,200,Buy,232029748
2024-08-16 09:43:31,38250.0,200,Buy,232029817
2024-08-16 09:43:33,38250.0,300,Buy,232029888
2024-08-16 09:43:34,38250.0,100,Buy,232029954
2024-08-16 09:43:34,38250.0,4000,Buy,232029956
2024-08-16 09:43:34,38250.0,200,Buy,232029955
2024-08-16 09:43:34,38250.0,1000,Buy,232029953
2024-08-16 09:43:34,38250.0,1000,Buy,232029950
2024-08-16 09:43:34,38250.0,2300,Buy,232029951
2024-08-16 09:43:34,38250.0,100,Buy,232029949
2024-08-16 09:43:34,38250.0,500,Buy,232029948
2024-08-16 09:43:34,38250.0,800,Buy,232029952
2024-08-16 09:43:38,38250.0,7400,Buy,232030168
2024-08-16 09:43:38,38250.0,1400,Buy,232030161
2024-08-16 09:43:38,38250.0,300,Buy,232030166
2024-08-16 09:43:38,38250.0,100,Buy,232030165
2024-08-16 09:43:38,38250.0,6000,Buy,232030164
2024-08-16 09:43:38,38250.0,100,Buy,232030163
2024-08-16 09:43:38,38250.0,200,Buy,232030160
2024-08-16 09:43:38,38250.0,100,Buy,232030167
2024-08-16 09:43:38,38250.0,500,Buy,232030158
2024-08-16 09:43:38,38250.0,500,Buy,232030159
2024-08-16 09:43:38,38250.0,18700,Buy,232030151
2024-08-16 09:43:38,38250.0,3400,Buy,232030152
2024-08-16 09:43:38,38250.0,3400,Buy,232030153
2024-08-16 09:43:38,38250.0,100,Buy,232030162
2024-08-16 09:43:38,38250.0,200,Buy,232030155
2024-08-16 09:43:38,38250.0,22700,Buy,232030154
2024-08-16 09:43:38,38250.0,800,Buy,232030157
2024-08-16 09:43:38,38250.0,100,Buy,232030156
2024-08-16 09:43:39,38250.0,800,Buy,232030176
2024-08-16 09:43:43,38250.0,200,Buy,232030374
2024-08-16 09:43:44,38200.0,200,Sell,232030429
2024-08-16 09:43:44,38200.0,5000,Sell,232030427
2024-08-16 09:43:44,38200.0,7000,Sell,232030426
2024-08-16 09:43:44,38200.0,14600,Sell,232030430
2024-08-16 09:43:44,38200.0,3000,Sell,232030424
2024-08-16 09:43:44,38200.0,1000,Sell,232030423
2024-08-16 09:43:44,38200.0,35400,Sell,232030422
2024-08-16 09:43:44,38200.0,5000,Sell,232030425
2024-08-16 09:43:44,38200.0,3800,Sell,232030428
2024-08-16 09:43:52,38200.0,4000,Buy,232030740
2024-08-16 09:43:52,38200.0,9000,Buy,232030750
2024-08-16 09:43:54,38200.0,10000,Buy,232030826
2024-08-16 09:43:57,38200.0,100,Buy,232030940
2024-08-16 09:43:58,38200.0,1000,Buy,232030964
2024-08-16 09:44:04,38200.0,100,Buy,232031166
2024-08-16 09:44:15,38200.0,200,Buy,232031536
2024-08-16 09:44:33,38200.0,100,Buy,232032231
2024-08-16 09:44:40,38200.0,500,Buy,232032485
2024-08-16 09:44:46,38200.0,100,Buy,232032710
2024-08-16 09:44:46,38150.0,1500,Sell,232032689
2024-08-16 09:44:46,38200.0,200,Buy,232032709
2024-08-16 09:44:48,38200.0,900,Buy,232032739
2024-08-16 09:44:48,38200.0,100,Buy,232032740
2024-08-16 09:44:51,38200.0,500,Buy,232032834
2024-08-16 09:44:53,38200.0,100,Buy,232032861
2024-08-16 09:44:53,38200.0,500,Buy,232032862
2024-08-16 09:44:53,38150.0,100,Sell,232032880
2024-08-16 09:44:53,38200.0,400,Buy,232032860
2024-08-16 09:45:01,38200.0,1500,Buy,232033102
2024-08-16 09:45:01,38200.0,4900,Sell,232033128
2024-08-16 09:45:06,38200.0,200,Buy,232033271
2024-08-16 09:45:06,38200.0,100,Buy,232033279
2024-08-16 09:45:19,38200.0,500,Sell,232033726
2024-08-16 09:45:19,38200.0,100,Buy,232033725
2024-08-16 09:45:19,38200.0,200,Buy,232033724
2024-08-16 09:45:19,38200.0,5000,Buy,232033722
2024-08-16 09:45:19,38200.0,1000,Buy,232033723
2024-08-16 09:45:19,38200.0,300,Buy,232033720
2024-08-16 09:45:19,38200.0,800,Buy,232033719
2024-08-16 09:45:19,38200.0,200,Buy,232033717
2024-08-16 09:45:19,38200.0,4800,Buy,232033716
2024-08-16 09:45:19,38200.0,500,Buy,232033721
2024-08-16 09:45:33,38200.0,1600,Sell,232034076
2024-08-16 09:45:33,38200.0,400,Sell,232034077
2024-08-16 09:45:37,38250.0,1000,Buy,232034195
2024-08-16 09:45:49,38200.0,900,Sell,232034525
2024-08-16 09:45:49,38200.0,100,Sell,232034526
2024-08-16 09:45:51,38250.0,600,Buy,232034568
2024-08-16 09:45:51,38250.0,100,Buy,232034569
2024-08-16 09:46:06,38250.0,600,Buy,232034933
2024-08-16 09:46:06,38250.0,100,Buy,232034932
2024-08-16 09:46:06,38250.0,10000,Buy,232034931
2024-08-16 09:46:06,38250.0,2000,Buy,232034930
2024-08-16 09:46:06,38250.0,100,Buy,232034928
2024-08-16 09:46:06,38250.0,100,Buy,232034925
2024-08-16 09:46:06,38250.0,1000,Buy,232034929
2024-08-16 09:46:06,38250.0,2000,Buy,232034927
2024-08-16 09:46:06,38250.0,100,Buy,232034926
2024-08-16 09:46:11,38250.0,500,Buy,232035033
2024-08-16 09:46:21,38250.0,100,Buy,232035288
2024-08-16 09:46:21,38250.0,1000,Buy,232035287
2024-08-16 09:46:21,38250.0,900,Buy,232035283
2024-08-16 09:46:21,38250.0,1000,Buy,232035285
2024-08-16 09:46:21,38250.0,1000,Buy,232035286
2024-08-16 09:46:21,38250.0,1000,Buy,232035284
2024-08-16 09:46:28,38250.0,1000,Buy,232035460
2024-08-16 09:46:31,38250.0,200,Buy,232035589
2024-08-16 09:46:31,38250.0,100,Buy,232035590
2024-08-16 09:46:31,38250.0,100,Buy,232035591
2024-08-16 09:46:31,38250.0,19600,Buy,232035592
2024-08-16 09:46:37,38250.0,3100,Buy,232035739
2024-08-16 09:46:37,38250.0,1900,Buy,232035740
2024-08-16 09:46:37,38250.0,1500,Buy,232035741
2024-08-16 09:46:37,38250.0,1500,Buy,232035742
2024-08-16 09:46:43,38250.0,5000,Buy,232035911
2024-08-16 09:46:52,38250.0,800,Buy,232036155
2024-08-16 09:46:52,38250.0,10000,Buy,232036150
2024-08-16 09:47:09,38250.0,300,Buy,232036566
2024-08-16 09:47:09,38250.0,3000,Buy,232036572
2024-08-16 09:47:13,38250.0,2100,Buy,232036678
2024-08-16 09:47:13,38250.0,3400,Buy,232036679
2024-08-16 09:47:13,38250.0,500,Buy,232036680
2024-08-16 09:47:13,38250.0,1000,Buy,232036681
2024-08-16 09:47:13,38250.0,2000,Buy,232036682
2024-08-16 09:47:13,38250.0,1000,Buy,232036683
2024-08-16 09:47:14,38250.0,100,Buy,232036693
2024-08-16 09:47:14,38250.0,500,Buy,232036692
2024-08-16 09:47:14,38250.0,400,Buy,232036691
2024-08-16 09:47:14,38250.0,100,Buy,232036689
2024-08-16 09:47:14,38250.0,100,Buy,232036688
2024-08-16 09:47:14,38250.0,300,Buy,232036687
2024-08-16 09:47:14,38250.0,1000,Buy,232036686
2024-08-16 09:47:14,38250.0,100,Buy,232036690
2024-08-16 09:47:15,38250.0,1000,Buy,232036723
2024-08-16 09:47:17,38250.0,900,Buy,232036772
2024-08-16 09:47:17,38250.0,100,Buy,232036773
2024-08-16 09:47:18,38250.0,1000,Buy,232036791
2024-08-16 09:47:19,38250.0,1000,Buy,232036794
2024-08-16 09:47:21,38250.0,100,Buy,232036841
2024-08-16 09:47:21,38250.0,100,Buy,232036842
2024-08-16 09:47:21,38250.0,700,Buy,232036839
2024-08-16 09:47:21,38250.0,100,Buy,232036840
2024-08-16 09:47:22,38250.0,1000,Buy,232036876
2024-08-16 09:47:36,38250.0,100,Buy,232037210
2024-08-16 09:47:45,38250.0,100,Buy,232037431
2024-08-16 09:47:48,38250.0,3900,Buy,232037526
2024-08-16 09:47:52,38250.0,2700,Buy,232037638
2024-08-16 09:47:55,38250.0,2200,Buy,232037684
2024-08-16 09:47:55,38250.0,100,Buy,232037685
2024-08-16 09:47:55,38250.0,3800,Buy,232037686
2024-08-16 09:47:55,38250.0,3700,Buy,232037687
2024-08-16 09:47:58,38250.0,1000,Buy,232037735
2024-08-16 09:48:02,38250.0,500,Buy,232037869
2024-08-16 09:48:02,38250.0,300,Buy,232037870
2024-08-16 09:48:02,38250.0,200,Buy,232037868
2024-08-16 09:48:02,38250.0,300,Buy,232037865
2024-08-16 09:48:02,38250.0,500,Buy,232037867
2024-08-16 09:48:02,38250.0,200,Buy,232037866
2024-08-16 09:48:06,38250.0,100,Buy,232037982
2024-08-16 09:48:07,38250.0,100,Buy,232038005
2024-08-16 09:48:07,38250.0,100,Buy,232038006
2024-08-16 09:48:08,38300.0,100,Buy,232038023
2024-08-16 09:48:08,38300.0,500,Buy,232038024
2024-08-16 09:48:08,38300.0,400,Buy,232038025
2024-08-16 09:48:09,38250.0,100,Sell,232038027
2024-08-16 09:48:15,38250.0,22700,Sell,232038174
2024-08-16 09:48:15,38250.0,3400,Sell,232038176
2024-08-16 09:48:19,38250.0,100,Sell,232038258
2024-08-16 09:48:20,38300.0,3200,Buy,232038269
2024-08-16 09:48:20,38300.0,100,Buy,232038268
2024-08-16 09:48:20,38300.0,500,Buy,232038267
2024-08-16 09:48:20,38300.0,100,Buy,232038266
2024-08-16 09:48:20,38300.0,100,Buy,232038263
2024-08-16 09:48:20,38300.0,100,Buy,232038264
2024-08-16 09:48:20,38300.0,700,Buy,232038261
2024-08-16 09:48:20,38300.0,100,Buy,232038265
2024-08-16 09:48:20,38300.0,100,Buy,232038262
2024-08-16 09:48:22,38250.0,11500,Sell,232038305
2024-08-16 09:48:22,38250.0,100,Sell,232038306
2024-08-16 09:48:22,38250.0,4000,Sell,232038307
2024-08-16 09:48:22,38250.0,400,Sell,232038308
2024-08-16 09:48:23,38250.0,700,Buy,232038340
2024-08-16 09:48:25,38250.0,4000,Buy,232038402
2024-08-16 09:48:37,38250.0,2000,Buy,232038663
2024-08-16 09:48:37,38250.0,3000,Buy,232038664
2024-08-16 09:48:52,38250.0,400,Buy,232039052
2024-08-16 09:48:52,38250.0,100,Buy,232039053
2024-08-16 09:48:52,38250.0,300,Buy,232039054
2024-08-16 09:48:53,38250.0,100,Sell,232039093
2024-08-16 09:48:53,38250.0,3100,Sell,232039095
2024-08-16 09:48:58,38250.0,1000,Buy,232039209
2024-08-16 09:49:04,38250.0,700,Buy,232039313
2024-08-16 09:49:07,38250.0,1000,Buy,232039397
2024-08-16 09:49:48,38250.0,1000,Buy,232040499
2024-08-16 09:49:54,38250.0,3000,Buy,232040640
2024-08-16 09:50:02,38250.0,200,Buy,232040792
2024-08-16 09:50:02,38250.0,300,Buy,232040793
2024-08-16 09:50:04,38250.0,100,Buy,232040857
2024-08-16 09:50:04,38250.0,2300,Buy,232040850
2024-08-16 09:50:04,38250.0,1100,Buy,232040852
2024-08-16 09:50:04,38250.0,100,Buy,232040851
2024-08-16 09:50:04,38250.0,200,Buy,232040849
2024-08-16 09:50:04,38250.0,1000,Buy,232040843
2024-08-16 09:50:04,38250.0,200,Buy,232040847
2024-08-16 09:50:04,38250.0,200,Buy,232040846
2024-08-16 09:50:04,38250.0,1000,Buy,232040845
2024-08-16 09:50:04,38250.0,500,Buy,232040844
2024-08-16 09:50:04,38250.0,1000,Buy,232040842
2024-08-16 09:50:04,38250.0,100,Buy,232040848
2024-08-16 09:50:06,38250.0,100,Buy,232040918
2024-08-16 09:50:28,38250.0,300,Buy,232041509
2024-08-16 09:50:38,38250.0,1000,Buy,232041727
2024-08-16 09:50:55,38200.0,100,Sell,232042108
2024-08-16 09:51:08,38200.0,4200,Sell,232042451
2024-08-16 09:51:08,38200.0,800,Sell,232042450
2024-08-16 09:51:28,38200.0,200,Sell,232042883
2024-08-16 09:51:29,38250.0,1000,Buy,232042887
2024-08-16 09:51:33,38200.0,100,Sell,232042964
2024-08-16 09:51:36,38200.0,500,Sell,232043045
2024-08-16 09:51:41,38200.0,1000,Sell,232043177
2024-08-16 09:51:41,38200.0,100,Sell,232043176
2024-08-16 09:51:41,38200.0,1000,Sell,232043175
2024-08-16 09:51:41,38200.0,200,Sell,232043178
2024-08-16 09:51:41,38200.0,300,Sell,232043173
2024-08-16 09:51:41,38200.0,200,Sell,232043172
2024-08-16 09:51:41,38200.0,2000,Sell,232043171
2024-08-16 09:51:41,38200.0,3000,Sell,232043165
2024-08-16 09:51:41,38200.0,200,Sell,232043174
2024-08-16 09:51:46,38200.0,200,Sell,232043278
2024-08-16 09:51:46,38200.0,800,Sell,232043277
2024-08-16 09:51:55,38200.0,300,Sell,232043470
2024-08-16 09:52:09,38200.0,300,Sell,232043835
2024-08-16 09:52:09,38200.0,1000,Sell,232043836
2024-08-16 09:52:09,38200.0,200,Sell,232043837
2024-08-16 09:52:09,38200.0,1300,Sell,232043838
2024-08-16 09:52:09,38200.0,500,Sell,232043839
2024-08-16 09:52:09,38200.0,1700,Sell,232043840
2024-08-16 09:52:10,38250.0,2700,Buy,232043860
2024-08-16 09:52:10,38250.0,2300,Buy,232043861
2024-08-16 09:52:10,38250.0,100,Buy,232043859
2024-08-16 09:52:10,38250.0,100,Buy,232043858
2024-08-16 09:52:10,38250.0,100,Buy,232043856
2024-08-16 09:52:10,38250.0,200,Buy,232043855
2024-08-16 09:52:10,38250.0,1400,Buy,232043854
2024-08-16 09:52:10,38250.0,100,Buy,232043857
2024-08-16 09:52:14,38200.0,400,Sell,232043936
2024-08-16 09:52:18,38200.0,100,Sell,232044015
2024-08-16 09:52:18,38250.0,1000,Buy,232044018
2024-08-16 09:52:23,38200.0,500,Sell,232044111
2024-08-16 09:52:23,38200.0,100,Sell,232044139
2024-08-16 09:52:27,38200.0,800,Sell,232044290
2024-08-16 09:52:33,38200.0,100,Sell,232044436
2024-08-16 09:52:36,38250.0,100,Buy,232044521
2024-08-16 09:52:46,38250.0,100,Buy,232044823
2024-08-16 09:52:50,38250.0,4900,Buy,232044920
2024-08-16 09:52:50,38250.0,1300,Buy,232044918
2024-08-16 09:52:50,38250.0,2000,Buy,232044917
2024-08-16 09:52:50,38250.0,500,Buy,232044919
2024-08-16 09:52:52,38200.0,100,Sell,232044953
2024-08-16 09:53:01,38200.0,500,Sell,232045237
2024-08-16 09:53:09,38250.0,1000,Buy,232045425
2024-08-16 09:53:10,38200.0,500,Sell,232045432
2024-08-16 09:53:13,38250.0,100,Buy,232045491
2024-08-16 09:53:22,38200.0,100,Sell,232045712
2024-08-16 09:53:27,38200.0,3400,Sell,232045868
2024-08-16 09:53:27,38200.0,3800,Sell,232045866
2024-08-16 09:53:27,38200.0,500,Sell,232045865
2024-08-16 09:53:27,38200.0,200,Sell,232045864
2024-08-16 09:53:27,38200.0,500,Sell,232045863
2024-08-16 09:53:27,38200.0,700,Sell,232045862
2024-08-16 09:53:27,38200.0,700,Sell,232045860
2024-08-16 09:53:27,38200.0,5100,Sell,232045856
2024-08-16 09:53:27,38200.0,8000,Sell,232045857
2024-08-16 09:53:27,38200.0,100,Sell,232045861
2024-08-16 09:53:27,38200.0,100,Sell,232045859
2024-08-16 09:53:27,38200.0,3000,Sell,232045858
2024-08-16 09:53:29,38200.0,3400,Sell,232045926
2024-08-16 09:53:29,38200.0,9400,Sell,232045927
2024-08-16 09:53:29,38200.0,1000,Sell,232045928
2024-08-16 09:53:29,38200.0,500,Sell,232045929
2024-08-16 09:53:29,38200.0,10000,Sell,232045930
2024-08-16 09:53:36,38200.0,1400,Buy,232046148
2024-08-16 09:53:36,38200.0,400,Buy,232046160
2024-08-16 09:53:36,38200.0,200,Buy,232046161
2024-08-16 09:53:38,38200.0,16400,Sell,232046184
2024-08-16 09:53:38,38200.0,300,Buy,232046185
2024-08-16 09:53:48,38200.0,3400,Buy,232046409
2024-08-16 09:53:48,38200.0,100,Buy,232046410
2024-08-16 09:53:48,38200.0,5000,Buy,232046411
2024-08-16 09:53:48,38200.0,1700,Buy,232046412
2024-08-16 09:53:48,38200.0,100,Sell,232046413
2024-08-16 09:53:48,38200.0,500,Sell,232046419
2024-08-16 09:53:48,38200.0,6000,Buy,232046408
2024-08-16 09:53:49,38200.0,6000,Sell,232046449
2024-08-16 09:53:51,38200.0,5000,Sell,232046501
2024-08-16 09:53:57,38200.0,200,Sell,232046636
2024-08-16 09:53:59,38250.0,1000,Buy,232046737
2024-08-16 09:54:11,38200.0,22700,Sell,232047068
2024-08-16 09:54:12,38200.0,3400,Sell,232047077
2024-08-16 09:54:13,38200.0,500,Sell,232047148
2024-08-16 09:54:19,38200.0,200,Sell,232047238
2024-08-16 09:54:19,38250.0,300,Buy,232047242
2024-08-16 09:54:27,38200.0,100,Sell,232047460
2024-08-16 09:54:45,38250.0,2700,Buy,232047909
2024-08-16 09:54:45,38250.0,100,Buy,232047910
2024-08-16 09:54:45,38250.0,1200,Buy,232047911
2024-08-16 09:54:46,38250.0,3500,Buy,232047922
2024-08-16 09:54:49,38250.0,300,Buy,232048013
2024-08-16 09:54:49,38250.0,100,Buy,232048014
2024-08-16 09:54:49,38250.0,100,Buy,232048015
2024-08-16 09:54:49,38250.0,500,Buy,232048016
2024-08-16 09:55:00,38200.0,1000,Sell,232048349
2024-08-16 09:55:00,38250.0,2600,Buy,232048331
2024-08-16 09:55:00,38250.0,100,Buy,232048330
2024-08-16 09:55:00,38250.0,100,Buy,232048327
2024-08-16 09:55:00,38250.0,1000,Buy,232048328
2024-08-16 09:55:00,38250.0,100,Buy,232048326
2024-08-16 09:55:00,38250.0,100,Buy,232048325
2024-08-16 09:55:00,38250.0,1000,Buy,232048329
2024-08-16 09:55:02,38250.0,5000,Buy,232048364
2024-08-16 09:55:03,38200.0,10000,Sell,232048372
2024-08-16 09:55:03,38200.0,800,Sell,232048386
2024-08-16 09:55:05,38200.0,800,Sell,232048467
2024-08-16 09:55:07,38250.0,100,Buy,232048477
2024-08-16 09:55:07,38200.0,100,Sell,232048485
2024-08-16 09:55:09,38250.0,200,Buy,232048551
2024-08-16 09:55:09,38250.0,200,Buy,232048553
2024-08-16 09:55:09,38250.0,100,Buy,232048552
2024-08-16 09:55:09,38250.0,2300,Buy,232048549
2024-08-16 09:55:09,38250.0,200,Buy,232048550
2024-08-16 09:55:14,38200.0,100,Sell,232048702
2024-08-16 09:55:15,38250.0,200,Buy,232048709
2024-08-16 09:55:15,38250.0,200,Buy,232048710
2024-08-16 09:55:22,38250.0,2900,Buy,232048865
2024-08-16 09:55:31,38250.0,100,Buy,232049057
2024-08-16 09:55:34,38200.0,200,Sell,232049113
2024-08-16 09:55:38,38250.0,6800,Buy,232049174
2024-08-16 09:55:38,38250.0,100,Buy,232049175
2024-08-16 09:55:38,38250.0,100,Buy,232049176
2024-08-16 09:55:38,38250.0,500,Buy,232049177
2024-08-16 09:55:38,38250.0,100,Buy,232049178
2024-08-16 09:55:38,38250.0,4400,Buy,232049179
2024-08-16 09:55:39,38250.0,200,Buy,232049200
2024-08-16 09:55:39,38250.0,200,Buy,232049199
2024-08-16 09:55:39,38250.0,600,Buy,232049198
2024-08-16 09:55:43,38200.0,500,Sell,232049269
2024-08-16 09:55:46,38250.0,200,Buy,232049331
2024-08-16 09:56:08,38200.0,20000,Sell,232049657
2024-08-16 09:56:17,38250.0,600,Buy,232049796
2024-08-16 09:56:17,38250.0,1600,Buy,232049792
2024-08-16 09:56:17,38250.0,100,Buy,232049793
2024-08-16 09:56:17,38250.0,200,Buy,232049794
2024-08-16 09:56:17,38250.0,100,Buy,232049795
2024-08-16 09:56:17,38250.0,10800,Buy,232049797
2024-08-16 09:56:27,38250.0,1000,Buy,232050008
2024-08-16 09:56:29,38250.0,1000,Buy,232050056
2024-08-16 09:56:40,38250.0,1200,Buy,232050244
2024-08-16 09:56:41,38250.0,500,Buy,232050246
2024-08-16 09:56:52,38200.0,3400,Sell,232050441
2024-08-16 09:56:52,38250.0,100,Buy,232050452
2024-08-16 09:56:52,38200.0,1700,Sell,232050440
2024-08-16 09:56:52,38200.0,11600,Sell,232050436
2024-08-16 09:56:52,38200.0,400,Sell,232050438
2024-08-16 09:56:52,38200.0,5000,Sell,232050437
2024-08-16 09:56:52,38200.0,4000,Sell,232050439
2024-08-16 09:57:07,38200.0,1200,Sell,232050793
2024-08-16 09:57:09,38200.0,100,Sell,232050824
2024-08-16 09:57:14,38250.0,700,Buy,232050896
2024-08-16 09:57:16,38250.0,3000,Buy,232050930
2024-08-16 09:57:18,38200.0,200,Sell,232050955
2024-08-16 09:57:20,38250.0,1000,Buy,232050993
2024-08-16 09:57:27,38200.0,500,Sell,232051178
2024-08-16 09:57:28,38250.0,300,Buy,232051195
2024-08-16 09:57:36,38250.0,100,Buy,232051367
2024-08-16 09:57:38,38250.0,500,Buy,232051398
2024-08-16 09:57:38,38250.0,300,Buy,232051397
2024-08-16 09:57:49,38250.0,100,Buy,232051583
2024-08-16 09:57:52,38250.0,1700,Buy,232051627
2024-08-16 09:57:53,38250.0,200,Buy,232051635
2024-08-16 09:58:05,38250.0,1500,Buy,232051832
2024-08-16 09:58:09,38250.0,1000,Buy,232051892
2024-08-16 09:58:11,38250.0,10000,Buy,232051920
2024-08-16 09:58:12,38250.0,300,Buy,232051937
2024-08-16 09:58:24,38200.0,100,Sell,232052187
2024-08-16 09:58:38,38200.0,100,Sell,232052436
2024-08-16 09:58:43,38250.0,1000,Buy,232052621
2024-08-16 09:58:46,38200.0,5000,Sell,232052642
2024-08-16 09:58:47,38250.0,200,Buy,232052668
2024-08-16 09:58:47,38250.0,6400,Buy,232052666
2024-08-16 09:58:47,38250.0,3400,Buy,232052667
2024-08-16 09:58:49,38200.0,100,Sell,232052697
2024-08-16 09:58:55,38200.0,100,Sell,232052764
2024-08-16 09:58:56,38250.0,300,Buy,232052785
2024-08-16 09:58:56,38250.0,400,Buy,232052786
2024-08-16 09:58:58,38250.0,600,Buy,232052838
2024-08-16 09:58:58,38250.0,900,Buy,232052839
2024-08-16 09:59:00,38250.0,100,Buy,232052880
2024-08-16 09:59:00,38250.0,200,Buy,232052881
2024-08-16 09:59:00,38250.0,100,Buy,232052882
2024-08-16 09:59:00,38250.0,600,Buy,232052883
2024-08-16 09:59:17,38250.0,5000,Buy,232053190
2024-08-16 09:59:17,38250.0,100,Buy,232053189
2024-08-16 09:59:17,38250.0,200,Buy,232053188
2024-08-16 09:59:17,38250.0,13200,Buy,232053191
2024-08-16 09:59:17,38250.0,1000,Buy,232053186
2024-08-16 09:59:17,38250.0,100,Buy,232053185
2024-08-16 09:59:17,38250.0,9400,Buy,232053184
2024-08-16 09:59:17,38250.0,1000,Buy,232053187
2024-08-16 09:59:18,38250.0,100,Buy,232053206
2024-08-16 09:59:41,38250.0,1300,Buy,232053817
2024-08-16 09:59:44,38250.0,5000,Buy,232053859
2024-08-16 09:59:50,38250.0,1000,Buy,232053990
2024-08-16 09:59:55,38250.0,2100,Buy,232054079
2024-08-16 09:59:55,38250.0,2900,Buy,232054080
2024-08-16 10:00:03,38250.0,500,Buy,232054254
2024-08-16 10:00:03,38250.0,1500,Buy,232054255
2024-08-16 10:00:06,38250.0,100,Buy,232054319
2024-08-16 10:00:12,38250.0,3700,Buy,232054483
2024-08-16 10:00:12,38250.0,100,Buy,232054478
2024-08-16 10:00:12,38250.0,1000,Buy,232054482
2024-08-16 10:00:12,38250.0,100,Buy,232054481
2024-08-16 10:00:12,38250.0,100,Buy,232054480
2024-08-16 10:00:12,38250.0,100,Buy,232054479
2024-08-16 10:00:12,38250.0,200,Buy,232054477
2024-08-16 10:00:12,38250.0,300,Buy,232054470
2024-08-16 10:00:12,38250.0,500,Buy,232054475
2024-08-16 10:00:12,38250.0,100,Buy,232054474
2024-08-16 10:00:12,38250.0,1000,Buy,232054473
2024-08-16 10:00:12,38250.0,200,Buy,232054472
2024-08-16 10:00:12,38250.0,200,Buy,232054471
2024-08-16 10:00:12,38250.0,1400,Buy,232054469
2024-08-16 10:00:12,38250.0,1000,Buy,232054476
2024-08-16 10:00:13,38250.0,100,Buy,232054522
2024-08-16 10:00:17,38200.0,6000,Sell,232054627
2024-08-16 10:00:38,38200.0,200,Sell,232055141
2024-08-16 10:00:40,38250.0,1000,Buy,232055180
2024-08-16 10:00:47,38250.0,100,Buy,232055338
2024-08-16 10:00:47,38250.0,100,Buy,232055337
2024-08-16 10:00:47,38250.0,200,Buy,232055334
2024-08-16 10:00:47,38250.0,100,Buy,232055335
2024-08-16 10:00:47,38250.0,500,Buy,232055336
2024-08-16 10:00:52,38200.0,200,Sell,232055506
2024-08-16 10:01:05,38250.0,100,Buy,232055771
2024-08-16 10:01:05,38250.0,3900,Buy,232055772
2024-08-16 10:01:06,38250.0,1000,Buy,232055839
2024-08-16 10:01:06,38250.0,1000,Buy,232055838
2024-08-16 10:01:06,38250.0,600,Buy,232055834
2024-08-16 10:01:06,38250.0,1200,Buy,232055836
2024-08-16 10:01:06,38250.0,100,Buy,232055837
2024-08-16 10:01:06,38250.0,100,Buy,232055835
2024-08-16 10:01:22,38200.0,100,Sell,232056183
2024-08-16 10:01:30,38250.0,1000,Buy,232056360
2024-08-16 10:01:43,38250.0,3000,Buy,232056533
2024-08-16 10:01:43,38250.0,1000,Buy,232056534
2024-08-16 10:01:43,38250.0,500,Buy,232056535
2024-08-16 10:01:43,38250.0,100,Buy,232056536
2024-08-16 10:01:43,38250.0,3400,Buy,232056537
2024-08-16 10:01:43,38250.0,200,Buy,232056538
2024-08-16 10:01:43,38250.0,500,Buy,232056539
2024-08-16 10:01:43,38250.0,200,Buy,232056540
2024-08-16 10:01:43,38250.0,600,Buy,232056541
2024-08-16 10:02:01,38250.0,100,Buy,232056916
2024-08-16 10:02:13,38250.0,100,Buy,232057416
2024-08-16 10:02:13,38250.0,300,Buy,232057415
2024-08-16 10:02:21,38250.0,100,Buy,232057592
2024-08-16 10:02:21,38250.0,100,Buy,232057593
2024-08-16 10:02:21,38250.0,500,Buy,232057594
2024-08-16 10:02:21,38250.0,300,Buy,232057591
2024-08-16 10:02:25,38250.0,700,Buy,232057796
2024-08-16 10:02:26,38250.0,100,Buy,232057822
2024-08-16 10:02:36,38250.0,100,Buy,232058267
2024-08-16 10:02:39,38200.0,300,Sell,232058319
2024-08-16 10:02:43,38250.0,2600,Buy,232058421
2024-08-16 10:02:43,38250.0,1000,Buy,232058422
2024-08-16 10:02:43,38250.0,100,Buy,232058423
2024-08-16 10:02:46,38250.0,1000,Buy,232058482
2024-08-16 10:02:47,38200.0,200,Sell,232058520
2024-08-16 10:02:55,38200.0,100,Sell,232058692
2024-08-16 10:02:57,38200.0,100,Sell,232058737
2024-08-16 10:03:07,38250.0,100,Buy,232058952
2024-08-16 10:03:10,38250.0,1000,Buy,232059022
2024-08-16 10:03:21,38200.0,100,Sell,232059224
2024-08-16 10:03:24,38200.0,200,Sell,232059292
2024-08-16 10:03:32,38200.0,200,Sell,232059459
2024-08-16 10:03:37,38250.0,1000,Buy,232059587
2024-08-16 10:03:38,38200.0,3000,Sell,232059596
2024-08-16 10:03:43,38200.0,200,Sell,232059651
2024-08-16 10:03:48,38200.0,300,Sell,232059723
2024-08-16 10:03:51,38200.0,1000,Sell,232059805
2024-08-16 10:04:01,38250.0,700,Buy,232060036
2024-08-16 10:04:01,38250.0,300,Buy,232060037
2024-08-16 10:04:10,38250.0,200,Buy,232060271
2024-08-16 10:04:10,38250.0,100,Buy,232060270
2024-08-16 10:04:10,38250.0,700,Buy,232060269
2024-08-16 10:04:16,38200.0,200,Sell,232060408
2024-08-16 10:04:29,38250.0,200,Buy,232060735
2024-08-16 10:04:29,38250.0,800,Buy,232060736
2024-08-16 10:04:51,38250.0,1000,Buy,232061587
2024-08-16 10:04:52,38200.0,5100,Sell,232061599
2024-08-16 10:04:52,38200.0,100,Sell,232061600
2024-08-16 10:04:52,38200.0,700,Sell,232061601
2024-08-16 10:04:52,38200.0,2000,Sell,232061602
2024-08-16 10:04:52,38200.0,1000,Sell,232061603
2024-08-16 10:04:52,38200.0,5100,Sell,232061604
2024-08-16 10:05:06,38250.0,100,Buy,232061971
2024-08-16 10:05:14,38200.0,1000,Sell,232062111
2024-08-16 10:05:16,38200.0,100,Sell,232062133
2024-08-16 10:05:20,38250.0,1000,Buy,232062198
2024-08-16 10:05:35,38250.0,5000,Buy,232062566
2024-08-16 10:05:39,38250.0,5000,Buy,232062647
2024-08-16 10:05:41,38250.0,1000,Buy,232062716
2024-08-16 10:05:55,38200.0,500,Sell,232063013
2024-08-16 10:06:05,38200.0,3300,Sell,232063253
2024-08-16 10:06:11,38250.0,4000,Buy,232063363
2024-08-16 10:06:12,38250.0,1000,Buy,232063393
2024-08-16 10:06:25,38200.0,1000,Sell,232063694
2024-08-16 10:06:26,38250.0,3800,Buy,232063723
2024-08-16 10:06:26,38250.0,1500,Buy,232063724
2024-08-16 10:06:28,38200.0,10000,Sell,232063758
2024-08-16 10:06:31,38250.0,1000,Buy,232063836
2024-08-16 10:06:46,38200.0,500,Sell,232064230
2024-08-16 10:06:59,38200.0,13300,Sell,232064576
2024-08-16 10:07:03,38250.0,900,Buy,232064653
2024-08-16 10:07:03,38250.0,100,Buy,232064654
2024-08-16 10:07:18,38200.0,100,Sell,232064923
2024-08-16 10:07:22,38250.0,900,Buy,232065007
2024-08-16 10:07:22,38250.0,100,Buy,232065008
2024-08-16 10:07:25,38250.0,1100,Buy,232065137
2024-08-16 10:07:26,38200.0,3400,Sell,232065186
2024-08-16 10:07:26,38200.0,3100,Sell,232065184
2024-08-16 10:07:26,38200.0,500,Sell,232065183
2024-08-16 10:07:26,38200.0,200,Sell,232065182
2024-08-16 10:07:26,38200.0,500,Sell,232065178
2024-08-16 10:07:26,38200.0,200,Sell,232065177
2024-08-16 10:07:26,38200.0,500,Sell,232065175
2024-08-16 10:07:26,38200.0,1000,Sell,232065174
2024-08-16 10:07:26,38200.0,200,Sell,232065173
2024-08-16 10:07:26,38200.0,800,Sell,232065172
2024-08-16 10:07:26,38200.0,100,Sell,232065171
2024-08-16 10:07:26,38200.0,15100,Sell,232065170
2024-08-16 10:07:26,38200.0,500,Sell,232065176
2024-08-16 10:07:28,38200.0,3400,Sell,232065287
2024-08-16 10:07:28,38200.0,13600,Sell,232065278
2024-08-16 10:07:28,38200.0,2000,Sell,232065276
2024-08-16 10:07:28,38200.0,300,Sell,232065275
2024-08-16 10:07:28,38200.0,100,Sell,232065277
2024-08-16 10:07:28,38200.0,100,Sell,232065273
2024-08-16 10:07:28,38200.0,3800,Sell,232065272
2024-08-16 10:07:28,38200.0,2500,Sell,232065271
2024-08-16 10:07:28,38200.0,1000,Sell,232065236
2024-08-16 10:07:28,38200.0,300,Sell,232065274
2024-08-16 10:07:30,38200.0,500,Sell,232065332
2024-08-16 10:07:34,38200.0,2000,Sell,232065454
2024-08-16 10:07:36,38250.0,100,Buy,232065489
2024-08-16 10:07:37,38250.0,10000,Buy,232065507
2024-08-16 10:07:38,38200.0,100,Sell,232065538
2024-08-16 10:07:41,38200.0,5000,Sell,232065607
2024-08-16 10:07:43,38200.0,600,Sell,232065664
2024-08-16 10:07:46,38200.0,100,Sell,232065791
2024-08-16 10:07:50,38200.0,200,Sell,232065866
2024-08-16 10:07:53,38200.0,200,Sell,232065944
2024-08-16 10:07:54,38250.0,1000,Buy,232065980
2024-08-16 10:07:54,38200.0,600,Sell,232065979
2024-08-16 10:07:55,38200.0,2000,Sell,232066010
2024-08-16 10:07:58,38200.0,2400,Sell,232066214
2024-08-16 10:07:58,38200.0,1700,Sell,232066212
2024-08-16 10:07:58,38200.0,100,Sell,232066213
2024-08-16 10:08:05,38250.0,300,Buy,232066384
2024-08-16 10:08:06,38200.0,600,Sell,232066389
2024-08-16 10:08:07,38200.0,3500,Sell,232066433
2024-08-16 10:08:07,38200.0,800,Sell,232066432
2024-08-16 10:08:07,38200.0,9000,Sell,232066429
2024-08-16 10:08:07,38200.0,100,Sell,232066430
2024-08-16 10:08:07,38200.0,100,Sell,232066431
2024-08-16 10:08:11,38200.0,1000,Buy,232066530
2024-08-16 10:08:46,38200.0,1000,Buy,232067376
2024-08-16 10:08:55,38150.0,1500,Sell,232067612
2024-08-16 10:09:01,38200.0,1000,Buy,232067799
2024-08-16 10:09:07,38200.0,1700,Buy,232068038
2024-08-16 10:09:07,38200.0,1700,Buy,232068036
2024-08-16 10:09:07,38200.0,100,Buy,232068037
2024-08-16 10:09:07,38200.0,1000,Buy,232068034
2024-08-16 10:09:07,38200.0,200,Buy,232068033
2024-08-16 10:09:07,38200.0,2100,Buy,232068032
2024-08-16 10:09:07,38200.0,1000,Buy,232068035
2024-08-16 10:09:10,38200.0,100,Buy,232068130
2024-08-16 10:09:10,38200.0,100,Buy,232068131
2024-08-16 10:09:14,38200.0,200,Buy,232068446
2024-08-16 10:09:14,38200.0,100,Buy,232068447
2024-08-16 10:09:14,38200.0,3700,Buy,232068448
2024-08-16 10:09:37,38200.0,1000,Buy,232069033
2024-08-16 10:09:52,38200.0,300,Buy,232069518
2024-08-16 10:09:52,38200.0,700,Buy,232069519
2024-08-16 10:09:57,38200.0,100,Buy,232069788
2024-08-16 10:09:57,38200.0,300,Buy,232069786
2024-08-16 10:09:57,38200.0,100,Buy,232069787
2024-08-16 10:10:04,38200.0,100,Buy,232069957
2024-08-16 10:10:04,38200.0,2500,Buy,232069958
2024-08-16 10:10:06,38200.0,500,Buy,232070024
2024-08-16 10:10:06,38200.0,100,Buy,232070025
2024-08-16 10:10:08,38200.0,300,Buy,232070053
2024-08-16 10:10:08,38200.0,4700,Buy,232070054
2024-08-16 10:10:09,38200.0,500,Buy,232070068
2024-08-16 10:10:11,38200.0,5000,Buy,232070115
2024-08-16 10:10:23,38200.0,12000,Buy,232070468
2024-08-16 10:10:27,38200.0,100,Buy,232070626
2024-08-16 10:10:27,38200.0,300,Buy,232070625
2024-08-16 10:10:27,38200.0,800,Buy,232070624
2024-08-16 10:10:27,38200.0,900,Buy,232070623
2024-08-16 10:10:27,38200.0,3400,Buy,232070621
2024-08-16 10:10:27,38200.0,22700,Buy,232070620
2024-08-16 10:10:27,38200.0,100,Buy,232070619
2024-08-16 10:10:27,38200.0,500,Buy,232070618
2024-08-16 10:10:27,38200.0,500,Buy,232070622
2024-08-16 10:10:28,38200.0,100,Sell,232070658
2024-08-16 10:10:29,38250.0,1000,Buy,232070679
2024-08-16 10:10:42,38200.0,2600,Sell,232071121
2024-08-16 10:10:42,38250.0,1000,Buy,232071155
2024-08-16 10:10:56,38250.0,700,Buy,232071621
2024-08-16 10:10:57,38250.0,1000,Buy,232071650
2024-08-16 10:11:01,38200.0,1000,Sell,232071798
2024-08-16 10:11:01,38200.0,5000,Sell,232071800
2024-08-16 10:11:01,38200.0,900,Sell,232071799
2024-08-16 10:11:01,38200.0,100,Sell,232071797
2024-08-16 10:11:01,38200.0,3000,Sell,232071796
2024-08-16 10:11:05,38200.0,100,Sell,232071879
2024-08-16 10:11:16,38200.0,100,Sell,232072221
2024-08-16 10:11:20,38250.0,1000,Buy,232072418
2024-08-16 10:11:21,38200.0,500,Sell,232072435
2024-08-16 10:11:23,38200.0,1200,Sell,232072486
2024-08-16 10:11:28,38250.0,400,Buy,232072635
2024-08-16 10:11:32,38250.0,1000,Buy,232072778
2024-08-16 10:11:46,38200.0,2600,Sell,232073347
2024-08-16 10:11:46,38200.0,1000,Sell,232073354
2024-08-16 10:12:00,38200.0,2000,Sell,232073944
2024-08-16 10:12:01,38200.0,500,Sell,232073963
2024-08-16 10:12:04,38200.0,1000,Sell,232074019
2024-08-16 10:12:09,38200.0,300,Sell,232074192
2024-08-16 10:12:12,38250.0,1000,Buy,232074270
2024-08-16 10:12:22,38250.0,1000,Buy,232074582
2024-08-16 10:12:37,38250.0,100,Buy,232074969
2024-08-16 10:12:37,38200.0,5800,Sell,232074973
2024-08-16 10:12:37,38200.0,100,Sell,232074974
2024-08-16 10:12:37,38200.0,25000,Sell,232074975
2024-08-16 10:12:37,38200.0,5000,Sell,232074976
2024-08-16 10:12:37,38200.0,4000,Sell,232074977
2024-08-16 10:12:37,38200.0,100,Sell,232074978
2024-08-16 10:12:44,38200.0,200,Sell,232075171
2024-08-16 10:12:47,38200.0,1000,Sell,232075232
2024-08-16 10:12:54,38200.0,100,Sell,232075492
2024-08-16 10:12:59,38200.0,100,Sell,232075680
2024-08-16 10:13:00,38200.0,200,Sell,232075703
2024-08-16 10:13:03,38250.0,1000,Buy,232075813
2024-08-16 10:13:10,38200.0,2800,Sell,232076014
2024-08-16 10:13:10,38200.0,19900,Sell,232076015
2024-08-16 10:13:11,38200.0,100,Sell,232076017
2024-08-16 10:13:11,38200.0,200,Sell,232076018
2024-08-16 10:13:11,38200.0,200,Sell,232076019
2024-08-16 10:13:11,38200.0,2300,Sell,232076020
2024-08-16 10:13:11,38200.0,600,Sell,232076021
2024-08-16 10:13:12,38250.0,1000,Buy,232076075
2024-08-16 10:13:21,38200.0,1400,Sell,232076473
2024-08-16 10:13:24,38200.0,5000,Buy,232076588
2024-08-16 10:13:46,38200.0,6700,Buy,232077672
2024-08-16 10:13:46,38200.0,1200,Buy,232077673
2024-08-16 10:13:46,38200.0,2100,Buy,232077674
2024-08-16 10:13:54,38200.0,1000,Buy,232077979
2024-08-16 10:14:01,38200.0,4300,Buy,232078205
2024-08-16 10:14:03,38200.0,1000,Buy,232078279
2024-08-16 10:14:07,38200.0,14300,Buy,232078523
2024-08-16 10:14:07,38200.0,700,Buy,232078524
2024-08-16 10:14:09,38200.0,2700,Buy,232078569
2024-08-16 10:14:09,38200.0,5100,Buy,232078570
2024-08-16 10:14:09,38200.0,100,Buy,232078571
2024-08-16 10:14:09,38200.0,200,Buy,232078572
2024-08-16 10:14:09,38200.0,1000,Buy,232078573
2024-08-16 10:14:09,38200.0,700,Buy,232078574
2024-08-16 10:14:09,38200.0,5000,Buy,232078575
2024-08-16 10:14:31,38250.0,2000,Buy,232079593
2024-08-16 10:14:46,38250.0,1000,Buy,232080253
2024-08-16 10:14:50,38250.0,300,Buy,232080441
2024-08-16 10:14:50,38250.0,2200,Buy,232080443
2024-08-16 10:14:50,38250.0,400,Buy,232080440
2024-08-16 10:14:50,38250.0,100,Buy,232080442
2024-08-16 10:14:53,38250.0,800,Buy,232080695
2024-08-16 10:14:53,38250.0,200,Buy,232080696
2024-08-16 10:15:06,38250.0,100,Buy,232081436
2024-08-16 10:15:19,38250.0,2300,Buy,232082059
2024-08-16 10:15:29,38200.0,10200,Sell,232082624
2024-08-16 10:15:29,38200.0,1000,Sell,232082625
2024-08-16 10:15:29,38200.0,500,Sell,232082626
2024-08-16 10:15:29,38200.0,1000,Sell,232082627
2024-08-16 10:15:29,38200.0,2000,Sell,232082628
2024-08-16 10:15:29,38200.0,8000,Sell,232082629
2024-08-16 10:15:29,38200.0,3400,Sell,232082640
2024-08-16 10:15:37,38250.0,1000,Buy,232082968
2024-08-16 10:15:43,38250.0,1000,Buy,232083378
2024-08-16 10:15:43,38200.0,500,Sell,232083340
2024-08-16 10:15:47,38250.0,200,Buy,232083539
2024-08-16 10:16:09,38250.0,200,Buy,232084659
2024-08-16 10:16:09,38250.0,100,Buy,232084660
2024-08-16 10:16:13,38250.0,1000,Buy,232084895
2024-08-16 10:16:13,38250.0,100,Buy,232084896
2024-08-16 10:16:13,38250.0,100,Buy,232084897
2024-08-16 10:16:13,38250.0,1000,Buy,232084898
2024-08-16 10:16:13,38250.0,5400,Buy,232084899
2024-08-16 10:16:23,38200.0,14000,Sell,232085476
2024-08-16 10:16:29,38250.0,1000,Buy,232085763
2024-08-16 10:16:33,38250.0,1000,Buy,232086045
2024-08-16 10:16:38,38250.0,400,Buy,232086383
2024-08-16 10:16:38,38250.0,2600,Buy,232086382
2024-08-16 10:16:46,38250.0,1900,Buy,232086736
2024-08-16 10:16:46,38250.0,100,Buy,232086735
2024-08-16 10:16:46,38250.0,600,Buy,232086734
2024-08-16 10:16:46,38250.0,4000,Buy,232086733
2024-08-16 10:16:46,38250.0,2000,Buy,232086732
2024-08-16 10:16:46,38250.0,100,Buy,232086722
2024-08-16 10:16:46,38250.0,500,Buy,232086730
2024-08-16 10:16:46,38250.0,2000,Buy,232086729
2024-08-16 10:16:46,38250.0,300,Buy,232086728
2024-08-16 10:16:46,38250.0,100,Buy,232086727
2024-08-16 10:16:46,38250.0,200,Buy,232086726
2024-08-16 10:16:46,38250.0,100,Buy,232086731
2024-08-16 10:16:50,38250.0,100,Buy,232086928
2024-08-16 10:17:03,38250.0,100,Buy,232087760
2024-08-16 10:17:15,38250.0,500,Buy,232088414
2024-08-16 10:17:15,38250.0,100,Buy,232088416
2024-08-16 10:17:15,38250.0,1000,Buy,232088417
2024-08-16 10:17:15,38250.0,400,Buy,232088418
2024-08-16 10:17:15,38250.0,200,Buy,232088413
2024-08-16 10:17:15,38250.0,100,Buy,232088415
2024-08-16 10:17:20,38250.0,600,Buy,232088739
2024-08-16 10:17:20,38250.0,100,Buy,232088740
2024-08-16 10:17:20,38250.0,200,Buy,232088741
2024-08-16 10:17:20,38250.0,100,Buy,232088742
2024-08-16 10:17:23,38250.0,900,Buy,232088913
2024-08-16 10:17:23,38250.0,100,Buy,232088912
2024-08-16 10:17:26,38250.0,900,Buy,232089066
2024-08-16 10:17:32,38200.0,400,Sell,232089465
2024-08-16 10:17:33,38250.0,4200,Buy,232089482
2024-08-16 10:17:33,38250.0,100,Buy,232089483
2024-08-16 10:17:33,38250.0,700,Buy,232089484
2024-08-16 10:17:35,38200.0,2600,Sell,232089696
2024-08-16 10:17:36,38250.0,100,Buy,232089775
2024-08-16 10:17:39,38250.0,200,Buy,232090002
2024-08-16 10:17:39,38250.0,200,Buy,232090003
2024-08-16 10:17:39,38200.0,100,Sell,232090006
2024-08-16 10:17:43,38250.0,100,Buy,232090186
2024-08-16 10:17:46,38250.0,3000,Buy,232090375
2024-08-16 10:17:55,38200.0,2600,Sell,232090854
2024-08-16 10:17:58,38200.0,100,Sell,232090994
2024-08-16 10:18:01,38250.0,100,Buy,232091180
2024-08-16 10:18:01,38250.0,1700,Buy,232091178
2024-08-16 10:18:01,38250.0,100,Buy,232091179
2024-08-16 10:18:04,38250.0,500,Buy,232091313
2024-08-16 10:18:04,38250.0,3500,Buy,232091314
2024-08-16 10:18:06,38200.0,1000,Sell,232091457
2024-08-16 10:18:08,38250.0,100,Buy,232091728
2024-08-16 10:18:11,38250.0,1000,Buy,232091904
2024-08-16 10:18:13,38250.0,400,Buy,232092062
2024-08-16 10:18:13,38250.0,100,Buy,232092063
2024-08-16 10:18:13,38250.0,500,Buy,232092064
2024-08-16 10:18:15,38200.0,2600,Sell,232092246
2024-08-16 10:18:22,38250.0,500,Buy,232092782
2024-08-16 10:18:22,38250.0,300,Buy,232092783
2024-08-16 10:18:22,38250.0,500,Buy,232092780
2024-08-16 10:18:22,38250.0,100,Buy,232092781
2024-08-16 10:18:23,38200.0,200,Sell,232092841
2024-08-16 10:18:33,38250.0,400,Buy,232093370
2024-08-16 10:18:34,38200.0,100,Sell,232093409
2024-08-16 10:18:51,38200.0,100,Sell,232094745
2024-08-16 10:18:53,38200.0,2600,Sell,232094898
2024-08-16 10:18:54,38250.0,4000,Buy,232094969
2024-08-16 10:19:03,38250.0,500,Buy,232095502
2024-08-16 10:19:03,38250.0,1000,Buy,232095507
2024-08-16 10:19:03,38250.0,1000,Buy,232095517
2024-08-16 10:19:09,38200.0,1000,Sell,232095774
2024-08-16 10:19:12,38250.0,100,Buy,232096034
2024-08-16 10:19:13,38200.0,2600,Sell,232096125
2024-08-16 10:19:40,38250.0,800,Buy,232097778
2024-08-16 10:19:40,38200.0,900,Sell,232097719
2024-08-16 10:19:42,38250.0,1000,Buy,232097883
2024-08-16 10:19:43,38250.0,5000,Buy,232097926
2024-08-16 10:19:45,38250.0,5000,Buy,232098197
2024-08-16 10:19:51,38200.0,100,Sell,232098674
2024-08-16 10:19:52,38200.0,300,Sell,232098707
2024-08-16 10:19:53,38250.0,1000,Buy,232098810
2024-08-16 10:19:54,38250.0,1000,Buy,232098840
2024-08-16 10:19:59,38250.0,1000,Buy,232099162
2024-08-16 10:20:17,38250.0,300,Buy,232100475
2024-08-16 10:20:19,38250.0,300,Buy,232100571
2024-08-16 10:20:19,38250.0,700,Buy,232100572
2024-08-16 10:20:25,38250.0,2000,Buy,232100980
2024-08-16 10:20:25,38200.0,2600,Sell,232101032
2024-08-16 10:20:26,38200.0,100,Sell,232101080
2024-08-16 10:20:41,38200.0,1500,Sell,232101988
2024-08-16 10:20:44,38250.0,300,Buy,232102270
2024-08-16 10:20:44,38200.0,2600,Sell,232102238
2024-08-16 10:20:44,38250.0,700,Buy,232102269
2024-08-16 10:20:46,38200.0,200,Sell,232102373
2024-08-16 10:20:46,38250.0,400,Buy,232102396
2024-08-16 10:20:46,38250.0,100,Buy,232102397
2024-08-16 10:20:46,38250.0,200,Buy,232102398
2024-08-16 10:20:46,38250.0,100,Buy,232102399
2024-08-16 10:20:46,38250.0,200,Buy,232102400
2024-08-16 10:21:06,38200.0,100,Sell,232103884
2024-08-16 10:21:31,38200.0,700,Sell,232105730
2024-08-16 10:21:31,38200.0,6200,Sell,232105731
2024-08-16 10:21:32,38200.0,500,Sell,232105804
2024-08-16 10:21:34,38250.0,1000,Buy,232105947
2024-08-16 10:21:37,38250.0,1000,Buy,232106118
2024-08-16 10:21:43,38200.0,100,Sell,232106493
2024-08-16 10:21:59,38250.0,4200,Buy,232107732
2024-08-16 10:21:59,38250.0,100,Buy,232107731
2024-08-16 10:21:59,38250.0,1300,Buy,232107729
2024-08-16 10:21:59,38250.0,100,Buy,232107730
2024-08-16 10:21:59,38250.0,1000,Buy,232107728
2024-08-16 10:22:02,38200.0,1000,Sell,232107986
2024-08-16 10:22:13,38200.0,100,Sell,232108934
2024-08-16 10:22:14,38250.0,9300,Buy,232108945
2024-08-16 10:22:14,38250.0,100,Buy,232108946
2024-08-16 10:22:14,38250.0,100,Buy,232108947
2024-08-16 10:22:14,38250.0,500,Buy,232108948
2024-08-16 10:22:22,38250.0,300,Buy,232109459
2024-08-16 10:22:22,38250.0,100,Buy,232109460
2024-08-16 10:22:22,38250.0,100,Buy,232109461
2024-08-16 10:22:24,38250.0,900,Buy,232109645
2024-08-16 10:22:24,38250.0,100,Buy,232109646
2024-08-16 10:22:29,38250.0,1000,Buy,232109987
2024-08-16 10:22:47,38250.0,300,Buy,232111154
2024-08-16 10:22:47,38250.0,100,Buy,232111153
2024-08-16 10:22:47,38250.0,100,Buy,232111151
2024-08-16 10:22:47,38250.0,4000,Buy,232111150
2024-08-16 10:22:47,38250.0,500,Buy,232111152
2024-08-16 10:22:51,38250.0,100,Buy,232111448
2024-08-16 10:22:52,38250.0,500,Buy,232111504
2024-08-16 10:22:57,38250.0,100,Buy,232111926
2024-08-16 10:22:57,38250.0,100,Buy,232111927
2024-08-16 10:22:57,38250.0,100,Buy,232111928
2024-08-16 10:23:06,38200.0,2600,Sell,232112514
2024-08-16 10:23:11,38250.0,100,Buy,232112987
2024-08-16 10:23:11,38250.0,1900,Buy,232112988
2024-08-16 10:23:14,38250.0,1000,Buy,232113367
2024-08-16 10:23:17,38250.0,100,Buy,232113653
2024-08-16 10:23:19,38200.0,500,Sell,232113792
2024-08-16 10:23:20,38250.0,1000,Buy,232113868
2024-08-16 10:23:21,38200.0,2000,Sell,232113946
2024-08-16 10:23:28,38200.0,100,Sell,232114400
2024-08-16 10:23:31,38250.0,200,Buy,232114644
2024-08-16 10:23:31,38250.0,100,Buy,232114645
2024-08-16 10:23:31,38250.0,2600,Buy,232114646
2024-08-16 10:23:31,38250.0,100,Buy,232114647
2024-08-16 10:23:31,38250.0,1000,Buy,232114643
2024-08-16 10:23:36,38250.0,100,Buy,232114936
2024-08-16 10:23:36,38250.0,200,Buy,232114935
2024-08-16 10:23:36,38250.0,2000,Buy,232114937
2024-08-16 10:23:36,38250.0,500,Buy,232114934
2024-08-16 10:23:36,38250.0,500,Buy,232114939
2024-08-16 10:23:36,38250.0,2700,Buy,232114940
2024-08-16 10:23:36,38250.0,100,Buy,232114938
2024-08-16 10:23:36,38250.0,100,Buy,232114933
2024-08-16 10:23:36,38250.0,600,Buy,232114924
2024-08-16 10:23:36,38250.0,300,Buy,232114931
2024-08-16 10:23:36,38250.0,900,Buy,232114925
2024-08-16 10:23:36,38250.0,400,Buy,232114926
2024-08-16 10:23:36,38250.0,500,Buy,232114927
2024-08-16 10:23:36,38250.0,100,Buy,232114932
2024-08-16 10:23:36,38250.0,400,Buy,232114929
2024-08-16 10:23:36,38250.0,500,Buy,232114930
2024-08-16 10:23:36,38250.0,100,Buy,232114928
2024-08-16 10:23:41,38250.0,300,Buy,232115313
2024-08-16 10:23:42,38250.0,3100,Buy,232115341
2024-08-16 10:23:49,38250.0,1000,Buy,232115799
2024-08-16 10:23:50,38200.0,800,Sell,232115920
2024-08-16 10:23:50,38200.0,100,Sell,232115919
2024-08-16 10:23:50,38200.0,4600,Sell,232115916
2024-08-16 10:23:50,38200.0,200,Sell,232115918
2024-08-16 10:23:50,38200.0,400,Sell,232115917
2024-08-16 10:23:57,38250.0,10000,Buy,232116463
2024-08-16 10:24:02,38250.0,700,Buy,232116735
2024-08-16 10:24:02,38250.0,5600,Buy,232116730
2024-08-16 10:24:02,38250.0,3400,Buy,232116731
2024-08-16 10:24:02,38250.0,100,Buy,232116732
2024-08-16 10:24:02,38250.0,100,Buy,232116733
2024-08-16 10:24:02,38250.0,100,Buy,232116734
2024-08-16 10:24:04,38250.0,500,Buy,232116913
2024-08-16 10:24:04,38250.0,500,Buy,232116914
2024-08-16 10:24:07,38250.0,20000,Buy,232117042
2024-08-16 10:24:11,38250.0,5000,Buy,232117284
2024-08-16 10:24:11,38250.0,1000,Buy,232117312
2024-08-16 10:24:12,38250.0,100,Buy,232117361
2024-08-16 10:24:14,38250.0,7000,Buy,232117472
2024-08-16 10:24:17,38250.0,2000,Buy,232117706
2024-08-16 10:24:17,38250.0,100,Buy,232117707
2024-08-16 10:24:17,38250.0,900,Buy,232117708
2024-08-16 10:24:17,38250.0,200,Buy,232117709
2024-08-16 10:24:17,38250.0,100,Buy,232117710
2024-08-16 10:24:17,38250.0,200,Buy,232117711
2024-08-16 10:24:17,38250.0,500,Buy,232117712
2024-08-16 10:24:17,38250.0,100,Buy,232117715
2024-08-16 10:24:17,38250.0,400,Buy,232117714
2024-08-16 10:24:17,38250.0,1000,Buy,232117716
2024-08-16 10:24:17,38250.0,5800,Buy,232117717
2024-08-16 10:24:17,38250.0,100,Buy,232117718
2024-08-16 10:24:17,38250.0,100,Buy,232117719
2024-08-16 10:24:17,38250.0,300,Buy,232117720
2024-08-16 10:24:17,38250.0,2000,Buy,232117713
2024-08-16 10:24:17,38250.0,200,Buy,232117703
2024-08-16 10:24:17,38250.0,10000,Buy,232117705
2024-08-16 10:24:17,38250.0,500,Buy,232117701
2024-08-16 10:24:17,38250.0,10000,Buy,232117702
2024-08-16 10:24:17,38250.0,200,Buy,232117669
2024-08-16 10:24:17,38250.0,100,Buy,232117670
2024-08-16 10:24:17,38250.0,30100,Buy,232117687
2024-08-16 10:24:17,38250.0,1000,Buy,232117688
2024-08-16 10:24:17,38250.0,500,Buy,232117689
2024-08-16 10:24:17,38250.0,200,Buy,232117690
2024-08-16 10:24:17,38250.0,100,Buy,232117691
2024-08-16 10:24:17,38250.0,200,Buy,232117692
2024-08-16 10:24:17,38250.0,100,Buy,232117704
2024-08-16 10:24:17,38250.0,200,Buy,232117694
2024-08-16 10:24:17,38250.0,100,Buy,232117695
2024-08-16 10:24:17,38250.0,1000,Buy,232117696
2024-08-16 10:24:17,38250.0,300,Buy,232117697
2024-08-16 10:24:17,38250.0,2000,Buy,232117698
2024-08-16 10:24:17,38250.0,2000,Buy,232117699
2024-08-16 10:24:17,38250.0,200,Buy,232117700
2024-08-16 10:24:17,38250.0,200,Buy,232117693
2024-08-16 10:24:18,38300.0,5000,Buy,232117745
2024-08-16 10:24:18,38250.0,300,Sell,232117746
2024-08-16 10:24:18,38250.0,3400,Sell,232117747
2024-08-16 10:24:19,38250.0,500,Buy,232117861
2024-08-16 10:24:20,38250.0,15000,Buy,232117866
2024-08-16 10:24:26,38250.0,1000,Buy,232118231
2024-08-16 10:24:32,38250.0,3400,Buy,232118598
2024-08-16 10:24:32,38250.0,10100,Buy,232118599
2024-08-16 10:24:32,38250.0,2500,Buy,232118597
2024-08-16 10:24:36,38200.0,2600,Sell,232118919
2024-08-16 10:24:37,38250.0,5000,Buy,232119006
2024-08-16 10:24:38,38250.0,5000,Buy,232119089
2024-08-16 10:24:39,38250.0,300,Buy,232119139
2024-08-16 10:24:40,38200.0,200,Sell,232119163
2024-08-16 10:24:42,38250.0,2600,Buy,232119369
2024-08-16 10:24:42,38250.0,100,Buy,232119370
2024-08-16 10:24:42,38250.0,1000,Buy,232119368
2024-08-16 10:24:42,38250.0,3400,Buy,232119365
2024-08-16 10:24:42,38250.0,22700,Buy,232119366
2024-08-16 10:24:42,38250.0,2300,Buy,232119364
2024-08-16 10:24:42,38250.0,3400,Buy,232119367
2024-08-16 10:24:43,38250.0,1900,Sell,232119443
2024-08-16 10:24:43,38250.0,200,Sell,232119444
2024-08-16 10:24:45,38250.0,100,Buy,232119590
2024-08-16 10:24:46,38250.0,800,Buy,232119677
2024-08-16 10:24:48,38250.0,900,Sell,232119771
2024-08-16 10:24:54,38300.0,1000,Buy,232120252
2024-08-16 10:24:55,38250.0,2000,Sell,232120322
2024-08-16 10:24:55,38250.0,2200,Sell,232120321
2024-08-16 10:24:55,38250.0,3300,Sell,232120320
2024-08-16 10:25:03,38250.0,1000,Buy,232121058
2024-08-16 10:25:09,38250.0,1000,Buy,232121468
2024-08-16 10:25:32,38250.0,400,Buy,232123248
2024-08-16 10:25:32,38250.0,600,Buy,232123249
2024-08-16 10:25:34,38250.0,100,Buy,232123367
2024-08-16 10:25:34,38250.0,100,Buy,232123368
2024-08-16 10:25:36,38250.0,1000,Buy,232123449
2024-08-16 10:25:36,38250.0,100,Buy,232123447
2024-08-16 10:25:36,38250.0,1000,Buy,232123448
2024-08-16 10:25:36,38250.0,1000,Buy,232123445
2024-08-16 10:25:36,38250.0,900,Buy,232123444
2024-08-16 10:25:36,38250.0,1000,Buy,232123446
2024-08-16 10:25:40,38250.0,200,Buy,232123846
2024-08-16 10:25:40,38250.0,700,Buy,232123864
2024-08-16 10:25:45,38250.0,1000,Buy,232124451
2024-08-16 10:25:50,38250.0,200,Buy,232124852
2024-08-16 10:25:54,38250.0,300,Buy,232125205
2024-08-16 10:25:54,38250.0,700,Buy,232125206
2024-08-16 10:25:56,38250.0,200,Buy,232125416
2024-08-16 10:25:58,38250.0,5000,Buy,232125555
2024-08-16 10:26:05,38250.0,1000,Buy,232125983
2024-08-16 10:26:05,38250.0,200,Buy,232125984
2024-08-16 10:26:07,38250.0,300,Buy,232126154
2024-08-16 10:26:20,38200.0,1400,Sell,232127260
2024-08-16 10:26:20,38200.0,900,Sell,232127261
2024-08-16 10:26:23,38250.0,2900,Buy,232127472
2024-08-16 10:26:23,38250.0,100,Buy,232127473
2024-08-16 10:26:28,38200.0,4200,Sell,232127838
2024-08-16 10:26:33,38200.0,4900,Sell,232128259
2024-08-16 10:26:33,38200.0,1000,Sell,232128260
2024-08-16 10:26:33,38200.0,1000,Sell,232128261
2024-08-16 10:26:34,38250.0,5000,Buy,232128395
2024-08-16 10:26:35,38250.0,1000,Buy,232128470
2024-08-16 10:26:46,38250.0,6000,Buy,232129100
2024-08-16 10:26:46,38250.0,1000,Buy,232129129
2024-08-16 10:26:47,38250.0,300,Buy,232129198
2024-08-16 10:26:55,38250.0,200,Buy,232129615
2024-08-16 10:26:59,38250.0,9100,Buy,232129869
2024-08-16 10:26:59,38250.0,900,Buy,232129870
2024-08-16 10:27:05,38200.0,3000,Sell,232130268
2024-08-16 10:27:05,38200.0,100,Sell,232130267
2024-08-16 10:27:05,38200.0,1000,Sell,232130264
2024-08-16 10:27:05,38200.0,200,Sell,232130265
2024-08-16 10:27:05,38200.0,100,Sell,232130266
2024-08-16 10:27:06,38200.0,1000,Sell,232130334
2024-08-16 10:27:06,38200.0,2000,Sell,232130335
2024-08-16 10:27:06,38200.0,400,Sell,232130336
2024-08-16 10:27:06,38200.0,100,Sell,232130337
2024-08-16 10:27:06,38200.0,5200,Sell,232130338
2024-08-16 10:27:16,38250.0,4100,Buy,232131080
2024-08-16 10:27:16,38250.0,100,Buy,232131081
2024-08-16 10:27:16,38250.0,5800,Buy,232131082
2024-08-16 10:27:21,38250.0,1100,Buy,232131386
2024-08-16 10:27:21,38250.0,3900,Buy,232131387
2024-08-16 10:27:22,38200.0,100,Sell,232131440
2024-08-16 10:27:24,38250.0,5000,Buy,232131584
2024-08-16 10:27:24,38250.0,10200,Buy,232131590
2024-08-16 10:27:26,38250.0,1000,Buy,232131694
2024-08-16 10:27:31,38250.0,15500,Buy,232131980
2024-08-16 10:27:37,38250.0,1000,Buy,232132410
2024-08-16 10:27:39,38250.0,100,Buy,232132479
2024-08-16 10:27:42,38250.0,200,Buy,232132650
2024-08-16 10:27:46,38200.0,4200,Sell,232132901
2024-08-16 10:27:47,38250.0,2000,Buy,232132923
2024-08-16 10:27:55,38250.0,300,Buy,232133688
2024-08-16 10:27:58,38250.0,1000,Buy,232133790
2024-08-16 10:28:00,38200.0,2600,Sell,232133868
2024-08-16 10:28:05,38200.0,4600,Sell,232134379
2024-08-16 10:28:09,38250.0,2000,Buy,232134753
2024-08-16 10:28:15,38250.0,1000,Buy,232135201
2024-08-16 10:28:16,38250.0,1000,Buy,232135216
2024-08-16 10:28:19,38250.0,1000,Buy,232135384
2024-08-16 10:28:21,38250.0,500,Buy,232135526
2024-08-16 10:28:21,38250.0,300,Buy,232135524
2024-08-16 10:28:21,38250.0,200,Buy,232135525
2024-08-16 10:28:28,38250.0,400,Buy,232135927
2024-08-16 10:28:28,38250.0,600,Buy,232135928
2024-08-16 10:28:34,38250.0,2000,Buy,232136250
2024-08-16 10:28:41,38200.0,1000,Sell,232136645
2024-08-16 10:28:42,38250.0,100,Buy,232136647
2024-08-16 10:28:42,38250.0,3000,Buy,232136653
2024-08-16 10:28:43,38250.0,6400,Buy,232136734
2024-08-16 10:28:49,38250.0,4000,Buy,232137015
2024-08-16 10:28:49,38250.0,500,Buy,232137020
2024-08-16 10:29:00,38250.0,100,Buy,232137678
2024-08-16 10:29:05,38250.0,1000,Buy,232137930
2024-08-16 10:29:10,38250.0,500,Buy,232138138
2024-08-16 10:29:13,38250.0,500,Buy,232138332
2024-08-16 10:29:15,38250.0,400,Buy,232138453
2024-08-16 10:29:18,38250.0,500,Buy,232138590
2024-08-16 10:29:20,38250.0,400,Buy,232138712
2024-08-16 10:29:20,38250.0,100,Buy,232138713
2024-08-16 10:29:20,38250.0,500,Buy,232138714
2024-08-16 10:29:22,38250.0,1000,Buy,232138822
2024-08-16 10:29:23,38250.0,500,Buy,232138907
2024-08-16 10:29:35,38250.0,300,Buy,232139517
2024-08-16 10:29:35,38250.0,700,Buy,232139518
2024-08-16 10:29:53,38250.0,300,Buy,232140488
2024-08-16 10:29:55,38250.0,100,Buy,232140629
2024-08-16 10:29:55,38250.0,900,Buy,232140630
2024-08-16 10:29:55,38250.0,100,Buy,232140617
2024-08-16 10:29:56,38250.0,500,Buy,232140650
2024-08-16 10:29:56,38250.0,200,Buy,232140649
2024-08-16 10:29:56,38250.0,700,Buy,232140648
2024-08-16 10:29:56,38250.0,6900,Buy,232140651
2024-08-16 10:29:56,38250.0,500,Buy,232140646
2024-08-16 10:29:56,38250.0,2000,Buy,232140645
2024-08-16 10:29:56,38250.0,6900,Buy,232140644
2024-08-16 10:29:56,38250.0,2100,Buy,232140643
2024-08-16 10:29:56,38250.0,200,Buy,232140647
2024-08-16 10:30:02,38200.0,1000,Sell,232140961
2024-08-16 10:30:11,38250.0,100,Buy,232141429
2024-08-16 10:30:11,38250.0,900,Buy,232141430
2024-08-16 10:30:29,38250.0,100,Buy,232142535
2024-08-16 10:30:29,38250.0,100,Buy,232142536
2024-08-16 10:30:33,38200.0,100,Sell,232142690
2024-08-16 10:30:46,38250.0,300,Buy,232143449
2024-08-16 10:30:46,38250.0,1000,Buy,232143450
2024-08-16 10:30:56,38200.0,200,Sell,232144039
2024-08-16 10:30:56,38200.0,400,Sell,232144040
2024-08-16 10:30:56,38200.0,3000,Sell,232144037
2024-08-16 10:30:56,38200.0,1200,Sell,232144036
2024-08-16 10:30:56,38200.0,200,Sell,232144038
2024-08-16 10:30:57,38200.0,500,Sell,232144135
2024-08-16 10:30:57,38200.0,5000,Sell,232144134
2024-08-16 10:30:57,38200.0,1000,Sell,232144133
2024-08-16 10:30:57,38200.0,2500,Sell,232144132
2024-08-16 10:30:57,38200.0,500,Sell,232144131
2024-08-16 10:30:57,38200.0,700,Sell,232144130
2024-08-16 10:30:57,38200.0,100,Sell,232144129
2024-08-16 10:30:57,38200.0,100,Sell,232144128
2024-08-16 10:30:57,38200.0,1000,Sell,232144126
2024-08-16 10:30:57,38200.0,300,Sell,232144127
2024-08-16 10:30:57,38200.0,20000,Sell,232144124
2024-08-16 10:30:57,38200.0,100,Sell,232144123
2024-08-16 10:30:57,38200.0,4000,Sell,232144122
2024-08-16 10:30:57,38200.0,100,Sell,232144121
2024-08-16 10:30:57,38200.0,200,Sell,232144120
2024-08-16 10:30:57,38200.0,400,Sell,232144119
2024-08-16 10:30:57,38200.0,100,Sell,232144118
2024-08-16 10:30:57,38200.0,1300,Sell,232144117
2024-08-16 10:30:57,38200.0,1600,Sell,232144116
2024-08-16 10:30:57,38200.0,500,Sell,232144125
2024-08-16 10:31:03,38250.0,1000,Buy,232144457
2024-08-16 10:31:10,38200.0,7500,Sell,232145021
2024-08-16 10:31:10,38200.0,3400,Sell,232145023
2024-08-16 10:31:10,38200.0,10000,Sell,232145022
2024-08-16 10:31:10,38200.0,1000,Sell,232145020
2024-08-16 10:31:10,38200.0,600,Sell,232145015
2024-08-16 10:31:10,38200.0,1100,Sell,232145018
2024-08-16 10:31:10,38200.0,6000,Sell,232145017
2024-08-16 10:31:10,38200.0,2500,Sell,232145016
2024-08-16 10:31:10,38200.0,3900,Sell,232145014
2024-08-16 10:31:10,38200.0,4000,Sell,232145019
2024-08-16 10:31:16,38200.0,600,Sell,232145421
2024-08-16 10:31:18,38200.0,100,Sell,232145505
2024-08-16 10:31:27,38250.0,2000,Buy,232146050
2024-08-16 10:31:36,38200.0,1900,Sell,232146670
2024-08-16 10:31:36,38250.0,1000,Buy,232146689
2024-08-16 10:31:39,38250.0,21600,Buy,232146857
2024-08-16 10:31:39,38250.0,2000,Buy,232146858
2024-08-16 10:31:39,38250.0,100,Buy,232146859
2024-08-16 10:31:39,38250.0,100,Buy,232146860
2024-08-16 10:31:39,38250.0,100,Buy,232146866
2024-08-16 10:31:39,38250.0,100,Buy,232146862
2024-08-16 10:31:39,38250.0,2000,Buy,232146863
2024-08-16 10:31:39,38250.0,300,Buy,232146865
2024-08-16 10:31:39,38250.0,6900,Buy,232146856
2024-08-16 10:31:39,38250.0,500,Buy,232146861
2024-08-16 10:31:39,38250.0,100,Buy,232146855
2024-08-16 10:31:39,38250.0,1000,Buy,232146864
2024-08-16 10:31:39,38250.0,200,Buy,232146853
2024-08-16 10:31:39,38250.0,600,Buy,232146844
2024-08-16 10:31:39,38250.0,6900,Buy,232146845
2024-08-16 10:31:39,38250.0,1500,Buy,232146843
2024-08-16 10:31:39,38250.0,100,Buy,232146846
2024-08-16 10:31:39,38250.0,3000,Buy,232146847
2024-08-16 10:31:39,38250.0,100,Buy,232146854
2024-08-16 10:31:39,38250.0,800,Buy,232146849
2024-08-16 10:31:39,38250.0,200,Buy,232146852
2024-08-16 10:31:39,38250.0,700,Buy,232146848
2024-08-16 10:31:39,38250.0,100,Buy,232146850
2024-08-16 10:31:39,38250.0,1000,Buy,232146851
2024-08-16 10:31:44,38250.0,500,Buy,232147077
2024-08-16 10:31:52,38250.0,18700,Buy,232147612
2024-08-16 10:31:54,38250.0,1000,Buy,232147829
2024-08-16 10:31:57,38250.0,5000,Buy,232147970
2024-08-16 10:32:05,38250.0,500,Buy,232148326
2024-08-16 10:32:08,38250.0,1700,Buy,232148462
2024-08-16 10:32:10,38250.0,700,Buy,232148571
2024-08-16 10:32:26,38250.0,1000,Buy,232149437
2024-08-16 10:32:28,38250.0,5000,Buy,232149550
2024-08-16 10:32:32,38250.0,1000,Buy,232149744
2024-08-16 10:32:45,38200.0,300,Sell,232150253
2024-08-16 10:32:45,38250.0,1000,Buy,232150273
2024-08-16 10:32:49,38200.0,2000,Sell,232150416
2024-08-16 10:33:00,38250.0,100,Buy,232150930
2024-08-16 10:33:02,38250.0,200,Buy,232151044
2024-08-16 10:33:11,38200.0,200,Sell,232151545
2024-08-16 10:33:16,38250.0,1000,Buy,232151735
2024-08-16 10:33:16,38250.0,800,Buy,232151717
2024-08-16 10:33:29,38200.0,100,Sell,232152443
2024-08-16 10:33:33,38250.0,5000,Buy,232152586
2024-08-16 10:33:37,38250.0,1000,Buy,232152715
2024-08-16 10:33:40,38250.0,1300,Buy,232152825
2024-08-16 10:33:44,38250.0,1000,Buy,232153073
2024-08-16 10:33:46,38200.0,41400,Sell,232153156
2024-08-16 10:33:46,38200.0,9000,Sell,232153166
2024-08-16 10:33:46,38200.0,9000,Sell,232153164
2024-08-16 10:33:46,38200.0,500,Sell,232153163
2024-08-16 10:33:46,38200.0,3100,Sell,232153162
2024-08-16 10:33:46,38200.0,5500,Sell,232153167
2024-08-16 10:33:46,38200.0,20000,Sell,232153160
2024-08-16 10:33:46,38200.0,5000,Sell,232153161
2024-08-16 10:33:46,38200.0,5000,Sell,232153157
2024-08-16 10:33:46,38200.0,400,Sell,232153165
2024-08-16 10:33:46,38200.0,600,Sell,232153159
2024-08-16 10:33:46,38200.0,500,Sell,232153158
2024-08-16 10:33:53,38200.0,800,Sell,232153447
2024-08-16 10:33:53,38200.0,5000,Sell,232153448
2024-08-16 10:33:53,38200.0,1100,Sell,232153449
2024-08-16 10:33:56,38250.0,100,Buy,232153629
2024-08-16 10:33:56,38250.0,100,Buy,232153630
2024-08-16 10:33:56,38250.0,1000,Buy,232153631
2024-08-16 10:33:56,38250.0,500,Buy,232153632
2024-08-16 10:33:56,38250.0,2400,Buy,232153633
2024-08-16 10:33:56,38250.0,5900,Buy,232153624
2024-08-16 10:33:59,38200.0,100,Sell,232153747
2024-08-16 10:33:59,38200.0,1900,Sell,232153746
2024-08-16 10:34:06,38250.0,800,Buy,232154062
2024-08-16 10:34:06,38250.0,200,Buy,232154063
2024-08-16 10:34:07,38200.0,1000,Sell,232154089
2024-08-16 10:34:10,38200.0,400,Sell,232154198
2024-08-16 10:34:10,38200.0,300,Sell,232154199
2024-08-16 10:34:10,38200.0,500,Sell,232154200
2024-08-16 10:34:28,38150.0,100,Sell,232155082
2024-08-16 10:34:28,38200.0,800,Buy,232155087
2024-08-16 10:34:28,38200.0,200,Buy,232155088
2024-08-16 10:34:34,38150.0,6900,Sell,232155403
2024-08-16 10:34:34,38200.0,1000,Buy,232155478
2024-08-16 10:34:45,38200.0,500,Buy,232155924
2024-08-16 10:34:56,38200.0,1000,Buy,232156451
2024-08-16 10:35:01,38150.0,100,Sell,232156614
2024-08-16 10:35:03,38200.0,500,Buy,232156688
2024-08-16 10:35:13,38150.0,100,Sell,232157119
2024-08-16 10:35:19,38150.0,200,Sell,232157338
2024-08-16 10:35:20,38200.0,1000,Buy,232157381
2024-08-16 10:35:31,38200.0,100,Buy,232157772
2024-08-16 10:35:34,38150.0,100,Sell,232157876
2024-08-16 10:35:46,38200.0,1000,Buy,232158314
2024-08-16 10:35:47,38200.0,4000,Buy,232158341
2024-08-16 10:35:48,38150.0,400,Sell,232158357
2024-08-16 10:35:50,38200.0,7900,Buy,232158415
2024-08-16 10:35:50,38200.0,1000,Buy,232158414
2024-08-16 10:35:50,38200.0,100,Buy,232158413
2024-08-16 10:35:50,38200.0,200,Buy,232158411
2024-08-16 10:35:50,38200.0,1000,Buy,232158412
2024-08-16 10:35:50,38200.0,6900,Buy,232158409
2024-08-16 10:35:50,38200.0,100,Buy,232158408
2024-08-16 10:35:50,38200.0,2000,Buy,232158407
2024-08-16 10:35:50,38200.0,10700,Buy,232158406
2024-08-16 10:35:50,38200.0,100,Buy,232158410
2024-08-16 10:35:52,38200.0,37600,Buy,232158488
2024-08-16 10:35:52,38200.0,6900,Buy,232158489
2024-08-16 10:35:52,38200.0,3300,Buy,232158490
2024-08-16 10:35:52,38200.0,2200,Buy,232158491
2024-08-16 10:36:10,38150.0,500,Sell,232159113
2024-08-16 10:36:11,38200.0,1000,Buy,232159195
2024-08-16 10:36:24,38200.0,500,Buy,232159632
2024-08-16 10:36:30,38200.0,200,Buy,232159816
2024-08-16 10:36:36,38150.0,5000,Sell,232160041
2024-08-16 10:36:36,38100.0,900,Sell,232160042
2024-08-16 10:36:36,38100.0,1000,Sell,232160046
2024-08-16 10:36:36,38100.0,4000,Sell,232160043
2024-08-16 10:36:36,38100.0,200,Sell,232160044
2024-08-16 10:36:36,38100.0,500,Sell,232160045
2024-08-16 10:36:36,38100.0,5000,Sell,232160047
2024-08-16 10:36:36,38100.0,2100,Sell,232160054
2024-08-16 10:36:36,38100.0,100,Sell,232160049
2024-08-16 10:36:36,38100.0,700,Sell,232160050
2024-08-16 10:36:36,38100.0,400,Sell,232160052
2024-08-16 10:36:36,38100.0,1000,Sell,232160053
2024-08-16 10:36:36,38100.0,23800,Sell,232160055
2024-08-16 10:36:36,38150.0,100,Sell,232160040
2024-08-16 10:36:36,38100.0,100,Sell,232160048
2024-08-16 10:36:36,38150.0,10000,Sell,232160039
2024-08-16 10:36:36,38100.0,1000,Sell,232160051
2024-08-16 10:36:36,38150.0,500,Sell,232160037
2024-08-16 10:36:36,38150.0,1000,Sell,232160022
2024-08-16 10:36:36,38150.0,10000,Sell,232160023
2024-08-16 10:36:36,38150.0,10000,Sell,232160024
2024-08-16 10:36:36,38150.0,1000,Sell,232160025
2024-08-16 10:36:36,38150.0,1300,Sell,232160021
2024-08-16 10:36:36,38150.0,300,Sell,232160026
2024-08-16 10:36:36,38150.0,6000,Sell,232160027
2024-08-16 10:36:36,38150.0,1000,Sell,232160028
2024-08-16 10:36:36,38150.0,1000,Sell,232160038
2024-08-16 10:36:36,38150.0,200,Sell,232160030
2024-08-16 10:36:36,38150.0,3800,Sell,232160036
2024-08-16 10:36:36,38150.0,3000,Sell,232160035
2024-08-16 10:36:36,38150.0,1000,Sell,232160034
2024-08-16 10:36:36,38150.0,2200,Sell,232160029
2024-08-16 10:36:36,38150.0,200,Sell,232160032
2024-08-16 10:36:36,38150.0,600,Sell,232160031
2024-08-16 10:36:36,38150.0,1000,Sell,232160033
2024-08-16 10:36:37,38200.0,1000,Buy,232160096
2024-08-16 10:37:03,38200.0,1000,Buy,232161022
2024-08-16 10:37:13,38150.0,100,Sell,232161316
2024-08-16 10:37:26,38100.0,5500,Sell,232161689
2024-08-16 10:37:26,38150.0,900,Sell,232161687
2024-08-16 10:37:26,38150.0,500,Sell,232161688
2024-08-16 10:37:27,38200.0,1000,Buy,232161823
2024-08-16 10:37:54,38200.0,1000,Buy,232162733
2024-08-16 10:37:59,38150.0,3000,Sell,232162883
2024-08-16 10:38:17,38200.0,1000,Buy,232163463
2024-08-16 10:38:22,38150.0,12000,Sell,232163608
2024-08-16 10:38:22,38150.0,25000,Sell,232163609
2024-08-16 10:38:22,38150.0,200,Sell,232163610
2024-08-16 10:38:32,38100.0,500,Sell,232163863
2024-08-16 10:38:44,38100.0,300,Sell,232164232
2024-08-16 10:38:45,38150.0,1000,Buy,232164273
2024-08-16 10:38:45,38100.0,100,Sell,232164247
2024-08-16 10:38:48,38100.0,3900,Sell,232164346
2024-08-16 10:39:06,38100.0,1400,Sell,232164870
2024-08-16 10:39:07,38150.0,1000,Buy,232164909
2024-08-16 10:39:09,38100.0,1300,Sell,232164941
2024-08-16 10:39:28,38100.0,700,Sell,232165498
2024-08-16 10:39:33,38100.0,6900,Sell,232165648
2024-08-16 10:39:34,38100.0,5000,Sell,232165725
2024-08-16 10:39:36,38100.0,100,Sell,232165795
2024-08-16 10:39:37,38150.0,1000,Buy,232165822
2024-08-16 10:39:39,38100.0,500,Sell,232165873
2024-08-16 10:39:39,38100.0,500,Sell,232165874
2024-08-16 10:39:49,38100.0,1000,Sell,232166131
2024-08-16 10:39:50,38100.0,6200,Sell,232166187
2024-08-16 10:39:50,38100.0,100,Sell,232166185
2024-08-16 10:39:50,38100.0,500,Sell,232166184
