time,price,volume,match_type,id
2024-08-20 09:14:39,38600.0,69600,ATO/ATC,232874106
2024-08-20 09:14:42,38650.0,100,Buy,232874224
2024-08-20 09:15:08,38600.0,20000,Sell,232874703
2024-08-20 09:15:16,38600.0,1400,Sell,232874802
2024-08-20 09:15:56,38600.0,600,Sell,232875758
2024-08-20 09:15:58,38600.0,300,Sell,232875794
2024-08-20 09:16:02,38650.0,200,Buy,232875860
2024-08-20 09:16:02,38650.0,200,Buy,232875859
2024-08-20 09:16:02,38650.0,2100,Buy,232875861
2024-08-20 09:16:05,38600.0,10100,Sell,232875909
2024-08-20 09:16:21,38600.0,100,Sell,232876292
2024-08-20 09:16:21,38600.0,2500,Sell,232876291
2024-08-20 09:16:21,38600.0,2000,Sell,232876290
2024-08-20 09:16:21,38600.0,1000,Sell,232876289
2024-08-20 09:16:21,38600.0,11400,Sell,232876293
2024-08-20 09:16:21,38600.0,3000,Sell,232876287
2024-08-20 09:16:21,38600.0,100,Sell,232876286
2024-08-20 09:16:21,38600.0,600,Sell,232876285
2024-08-20 09:16:21,38600.0,28700,Sell,232876284
2024-08-20 09:16:21,38600.0,100,Sell,232876288
2024-08-20 09:16:22,38600.0,400,Sell,232876304
2024-08-20 09:16:30,38650.0,100,Buy,232876464
2024-08-20 09:16:38,38600.0,8700,Sell,232876630
2024-08-20 09:16:38,38600.0,1300,Sell,232876642
2024-08-20 09:16:41,38600.0,5000,Sell,232876689
2024-08-20 09:16:50,38650.0,500,Buy,232876920
2024-08-20 09:16:50,38650.0,500,Buy,232876921
2024-08-20 09:16:51,38600.0,15000,Sell,232876941
2024-08-20 09:16:52,38600.0,100,Sell,232877003
2024-08-20 09:16:52,38600.0,18200,Sell,232877000
2024-08-20 09:16:52,38600.0,2500,Sell,232877001
2024-08-20 09:16:52,38600.0,100,Sell,232877002
2024-08-20 09:16:57,38600.0,500,Sell,232877139
2024-08-20 09:16:57,38600.0,500,Sell,232877138
2024-08-20 09:16:57,38600.0,100,Sell,232877137
2024-08-20 09:16:57,38600.0,8800,Sell,232877140
2024-08-20 09:16:57,38600.0,1600,Sell,232877135
2024-08-20 09:16:57,38600.0,7800,Sell,232877134
2024-08-20 09:16:57,38600.0,700,Sell,232877133
2024-08-20 09:16:57,38600.0,10000,Sell,232877136
2024-08-20 09:16:58,38600.0,100,Buy,232877169
2024-08-20 09:17:00,38550.0,200,Sell,232877226
2024-08-20 09:17:00,38550.0,400,Sell,232877227
2024-08-20 09:17:31,38650.0,5600,Buy,232877987
2024-08-20 09:17:31,38600.0,200,Buy,232877985
2024-08-20 09:17:31,38600.0,3000,Buy,232877986
2024-08-20 09:17:31,38600.0,17300,Buy,232877984
2024-08-20 09:17:31,38600.0,900,Buy,232877980
2024-08-20 09:17:31,38600.0,100,Buy,232877982
2024-08-20 09:17:31,38600.0,2700,Buy,232877983
2024-08-20 09:17:31,38600.0,19900,Buy,232877979
2024-08-20 09:17:31,38600.0,300,Buy,232877981
2024-08-20 09:17:43,38600.0,200,Buy,232878276
2024-08-20 09:17:44,38600.0,1000,Buy,232878285
2024-08-20 09:17:44,38600.0,2700,Buy,232878286
2024-08-20 09:17:44,38600.0,6100,Buy,232878287
2024-08-20 09:17:50,38600.0,800,Buy,232878446
2024-08-20 09:17:50,38600.0,1600,Buy,232878447
2024-08-20 09:17:50,38600.0,7800,Buy,232878448
2024-08-20 09:18:13,38550.0,6900,Sell,232878951
2024-08-20 09:18:31,38600.0,100,Buy,232879415
2024-08-20 09:18:37,38600.0,300,Buy,232879545
2024-08-20 09:18:50,38600.0,500,Buy,232879912
2024-08-20 09:18:54,38600.0,500,Buy,232880018
2024-08-20 09:18:54,38600.0,1300,Buy,232880019
2024-08-20 09:18:54,38600.0,100,Buy,232880016
2024-08-20 09:18:54,38600.0,100,Buy,232880017
2024-08-20 09:19:12,38600.0,1000,Buy,232880541
2024-08-20 09:19:13,38600.0,2900,Buy,232880555
2024-08-20 09:19:14,38550.0,100,Sell,232880589
2024-08-20 09:20:10,38600.0,100,Buy,232882111
2024-08-20 09:20:12,38550.0,5600,Sell,232882146
2024-08-20 09:20:17,38550.0,100,Sell,232882280
2024-08-20 09:20:27,38600.0,100,Buy,232882489
2024-08-20 09:20:28,38550.0,200,Sell,232882508
2024-08-20 09:20:29,38550.0,20000,Sell,232882527
2024-08-20 09:20:30,38550.0,100,Sell,232882538
2024-08-20 09:20:32,38550.0,200,Sell,232882582
2024-08-20 09:20:32,38550.0,25000,Sell,232882584
2024-08-20 09:20:33,38550.0,500,Sell,232882640
2024-08-20 09:20:34,38600.0,100,Buy,232882669
2024-08-20 09:20:35,38550.0,25000,Sell,232882673
2024-08-20 09:20:38,38550.0,2500,Sell,232882769
2024-08-20 09:20:39,38550.0,5000,Sell,232882782
2024-08-20 09:20:39,38550.0,1000,Sell,232882783
2024-08-20 09:20:39,38550.0,100,Sell,232882784
2024-08-20 09:20:39,38550.0,100,Sell,232882785
2024-08-20 09:20:39,38550.0,13800,Sell,232882781
2024-08-20 09:20:40,38550.0,4900,Sell,232882821
2024-08-20 09:20:40,38550.0,200,Sell,232882822
2024-08-20 09:20:40,38550.0,100,Sell,232882824
2024-08-20 09:20:40,38550.0,2000,Sell,232882825
2024-08-20 09:20:40,38550.0,200,Sell,232882826
2024-08-20 09:20:40,38550.0,1400,Sell,232882823
2024-08-20 09:20:56,38500.0,400,Sell,232883186
2024-08-20 09:20:56,38500.0,1600,Sell,232883187
2024-08-20 09:20:57,38500.0,300,Sell,232883203
2024-08-20 09:21:13,38500.0,900,Sell,232883614
2024-08-20 09:21:13,38500.0,300,Sell,232883613
2024-08-20 09:21:13,38500.0,200,Sell,232883611
2024-08-20 09:21:13,38500.0,600,Sell,232883610
2024-08-20 09:21:13,38500.0,200,Sell,232883612
2024-08-20 09:21:19,38500.0,2000,Sell,232883752
2024-08-20 09:21:28,38500.0,17400,Sell,232884011
2024-08-20 09:21:29,38500.0,2600,Sell,232884015
2024-08-20 09:21:31,38500.0,3000,Sell,232884101
2024-08-20 09:21:39,38550.0,1000,Buy,232884296
2024-08-20 09:21:56,38500.0,100,Sell,232884769
2024-08-20 09:21:56,38500.0,300,Sell,232884779
2024-08-20 09:22:01,38550.0,100,Buy,232884894
2024-08-20 09:22:26,38500.0,2600,Sell,232885606
2024-08-20 09:22:31,38550.0,28900,Buy,232885705
2024-08-20 09:22:31,38550.0,1100,Buy,232885706
2024-08-20 09:22:41,38550.0,3900,Buy,232885958
2024-08-20 09:22:41,38550.0,2700,Buy,232885959
2024-08-20 09:22:41,38550.0,3400,Buy,232885960
2024-08-20 09:22:54,38550.0,200,Buy,232886370
2024-08-20 09:23:00,38550.0,300,Buy,232886463
2024-08-20 09:23:00,38550.0,9000,Buy,232886461
2024-08-20 09:23:00,38550.0,4700,Buy,232886462
2024-08-20 09:23:02,38550.0,100,Buy,232886498
2024-08-20 09:23:02,38550.0,1600,Buy,232886499
2024-08-20 09:23:02,38550.0,100,Buy,232886500
2024-08-20 09:23:02,38550.0,200,Buy,232886501
2024-08-20 09:23:02,38550.0,1000,Buy,232886502
2024-08-20 09:23:02,38550.0,900,Buy,232886503
2024-08-20 09:23:02,38550.0,200,Buy,232886504
2024-08-20 09:23:02,38550.0,100,Buy,232886505
2024-08-20 09:23:09,38550.0,800,Sell,232886687
2024-08-20 09:23:12,38550.0,1000,Buy,232886738
2024-08-20 09:23:12,38550.0,2200,Buy,232886737
2024-08-20 09:23:16,38550.0,100,Sell,232886827
2024-08-20 09:23:17,38550.0,1000,Sell,232886851
2024-08-20 09:23:21,38550.0,200,Sell,232886976
2024-08-20 09:23:25,38550.0,4000,Sell,232887158
2024-08-20 09:23:25,38500.0,2900,Sell,232887159
2024-08-20 09:23:34,38550.0,1000,Sell,232887452
2024-08-20 09:23:34,38550.0,1000,Sell,232887437
2024-08-20 09:23:34,38550.0,200,Sell,232887445
2024-08-20 09:23:39,38550.0,7800,Sell,232887602
2024-08-20 09:23:52,38550.0,100,Buy,232888039
2024-08-20 09:23:55,38500.0,5000,Sell,232888109
2024-08-20 09:24:30,38550.0,200,Buy,232888943
2024-08-20 09:24:34,38500.0,2000,Sell,232889036
2024-08-20 09:24:39,38500.0,400,Sell,232889173
2024-08-20 09:24:58,38500.0,1500,Sell,232889628
2024-08-20 09:25:02,38500.0,200,Sell,232889740
2024-08-20 09:25:11,38550.0,100,Buy,232889967
2024-08-20 09:25:16,38500.0,1300,Sell,232890109
2024-08-20 09:25:19,38500.0,6900,Sell,232890236
2024-08-20 09:25:25,38500.0,1000,Sell,232890455
2024-08-20 09:25:25,38500.0,4100,Sell,232890456
2024-08-20 09:25:25,38500.0,400,Sell,232890454
2024-08-20 09:25:25,38500.0,900,Sell,232890450
2024-08-20 09:25:25,38500.0,300,Sell,232890452
2024-08-20 09:25:25,38500.0,100,Sell,232890451
2024-08-20 09:25:25,38500.0,100,Sell,232890453
2024-08-20 09:25:30,38550.0,100,Buy,232890736
2024-08-20 09:25:35,38500.0,900,Sell,232890861
2024-08-20 09:25:35,38500.0,100,Sell,232890862
2024-08-20 09:25:43,38550.0,100,Buy,232891080
2024-08-20 09:25:44,38500.0,100,Sell,232891103
2024-08-20 09:25:46,38500.0,3300,Sell,232891149
2024-08-20 09:25:46,38500.0,100,Sell,232891150
2024-08-20 09:25:46,38500.0,16600,Sell,232891151
2024-08-20 09:25:57,38500.0,500,Sell,232891409
2024-08-20 09:25:58,38550.0,300,Buy,232891420
2024-08-20 09:26:06,38500.0,100,Sell,232891602
2024-08-20 09:26:11,38500.0,800,Sell,232891736
2024-08-20 09:26:16,38500.0,400,Sell,232891861
2024-08-20 09:26:24,38500.0,100,Sell,232892055
2024-08-20 09:26:25,38500.0,900,Sell,232892083
2024-08-20 09:26:27,38550.0,100,Buy,232892137
2024-08-20 09:26:48,38500.0,600,Sell,232892742
2024-08-20 09:26:48,38500.0,100,Sell,232892743
2024-08-20 09:26:48,38500.0,100,Sell,232892744
2024-08-20 09:26:48,38500.0,200,Sell,232892745
2024-08-20 09:27:03,38500.0,300,Sell,232893173
2024-08-20 09:27:05,38500.0,200,Sell,232893227
2024-08-20 09:27:05,38500.0,2800,Sell,232893228
2024-08-20 09:27:07,38500.0,500,Sell,232893314
2024-08-20 09:27:13,38500.0,100,Sell,232893457
2024-08-20 09:27:13,38500.0,400,Sell,232893456
2024-08-20 09:27:13,38500.0,3100,Sell,232893458
2024-08-20 09:27:13,38500.0,200,Sell,232893454
2024-08-20 09:27:13,38500.0,100,Sell,232893453
2024-08-20 09:27:13,38500.0,1700,Sell,232893452
2024-08-20 09:27:13,38500.0,100,Sell,232893455
2024-08-20 09:27:15,38500.0,100,Sell,232893506
2024-08-20 09:27:18,38500.0,600,Sell,232893584
2024-08-20 09:27:19,38550.0,200,Buy,232893588
2024-08-20 09:27:21,38500.0,1600,Sell,232893653
2024-08-20 09:27:29,38500.0,300,Sell,232893827
2024-08-20 09:27:34,38550.0,100,Buy,232893968
2024-08-20 09:27:45,38500.0,500,Sell,232894229
2024-08-20 09:27:47,38500.0,1800,Sell,232894300
2024-08-20 09:27:50,38550.0,6200,Buy,232894376
2024-08-20 09:27:50,38550.0,300,Buy,232894374
2024-08-20 09:27:50,38550.0,8000,Buy,232894373
2024-08-20 09:27:50,38550.0,2300,Buy,232894375
2024-08-20 09:27:50,38550.0,100,Buy,232894371
2024-08-20 09:27:50,38550.0,200,Buy,232894370
2024-08-20 09:27:50,38550.0,900,Buy,232894369
2024-08-20 09:27:50,38550.0,1500,Buy,232894372
2024-08-20 09:28:01,38550.0,100,Buy,232894730
2024-08-20 09:28:09,38500.0,100,Sell,232894892
2024-08-20 09:28:24,38500.0,2400,Sell,232895242
2024-08-20 09:28:24,38500.0,100,Sell,232895241
2024-08-20 09:28:24,38500.0,400,Sell,232895240
2024-08-20 09:28:24,38500.0,100,Sell,232895238
2024-08-20 09:28:24,38500.0,1000,Sell,232895237
2024-08-20 09:28:24,38500.0,1900,Sell,232895236
2024-08-20 09:28:24,38500.0,1000,Sell,232895239
2024-08-20 09:28:28,38500.0,100,Sell,232895362
2024-08-20 09:28:30,38550.0,100,Buy,232895407
2024-08-20 09:28:36,38550.0,1500,Buy,232895609
2024-08-20 09:28:38,38550.0,800,Buy,232895676
2024-08-20 09:28:38,38550.0,200,Buy,232895673
2024-08-20 09:28:38,38550.0,500,Buy,232895674
2024-08-20 09:28:38,38550.0,1200,Buy,232895672
2024-08-20 09:28:38,38550.0,400,Buy,232895675
2024-08-20 09:28:38,38550.0,3000,Buy,232895670
2024-08-20 09:28:38,38550.0,800,Buy,232895667
2024-08-20 09:28:38,38550.0,5500,Buy,232895671
2024-08-20 09:28:38,38550.0,1300,Buy,232895669
2024-08-20 09:28:38,38550.0,1300,Buy,232895668
2024-08-20 09:28:43,38500.0,100,Sell,232895818
2024-08-20 09:28:48,38550.0,1000,Buy,232895945
2024-08-20 09:29:14,38550.0,500,Buy,232896647
2024-08-20 09:29:14,38550.0,300,Buy,232896648
2024-08-20 09:29:25,38550.0,100,Buy,232896934
2024-08-20 09:29:27,38550.0,500,Buy,232896966
2024-08-20 09:29:30,38550.0,200,Buy,232897023
2024-08-20 09:29:50,38500.0,100,Sell,232897466
2024-08-20 09:30:08,38500.0,300,Sell,232897868
2024-08-20 09:30:38,38550.0,300,Buy,232898613
2024-08-20 09:30:42,38500.0,100,Sell,232898742
2024-08-20 09:30:51,38500.0,1000,Sell,232898980
2024-08-20 09:31:12,38500.0,1000,Sell,232899546
2024-08-20 09:31:16,38550.0,100,Buy,232899631
2024-08-20 09:31:17,38500.0,500,Sell,232899646
2024-08-20 09:31:18,38500.0,200,Sell,232899661
2024-08-20 09:31:21,38500.0,6900,Sell,232899727
2024-08-20 09:31:29,38500.0,500,Sell,232899952
2024-08-20 09:31:34,38500.0,1000,Sell,232900058
2024-08-20 09:31:34,38500.0,5800,Sell,232900066
2024-08-20 09:31:34,38500.0,200,Sell,232900067
2024-08-20 09:31:34,38500.0,100,Sell,232900068
2024-08-20 09:31:34,38500.0,2200,Sell,232900069
2024-08-20 09:31:43,38500.0,200,Sell,232900335
2024-08-20 09:31:43,38500.0,500,Sell,232900336
2024-08-20 09:31:43,38500.0,1300,Sell,232900337
2024-08-20 09:31:59,38500.0,600,Sell,232900863
2024-08-20 09:32:08,38500.0,2000,Sell,232901035
2024-08-20 09:32:09,38500.0,1000,Sell,232901056
2024-08-20 09:32:15,38500.0,100,Sell,232901183
2024-08-20 09:32:26,38500.0,5000,Sell,232901469
2024-08-20 09:32:27,38550.0,5300,Buy,232901507
2024-08-20 09:32:27,38550.0,500,Buy,232901503
2024-08-20 09:32:27,38550.0,700,Buy,232901506
2024-08-20 09:32:27,38550.0,1700,Buy,232901505
2024-08-20 09:32:27,38550.0,200,Buy,232901504
2024-08-20 09:32:27,38550.0,200,Buy,232901502
2024-08-20 09:32:27,38550.0,1300,Buy,232901495
2024-08-20 09:32:27,38550.0,200,Buy,232901500
2024-08-20 09:32:27,38550.0,200,Buy,232901499
2024-08-20 09:32:27,38550.0,100,Buy,232901498
2024-08-20 09:32:27,38550.0,1000,Buy,232901497
2024-08-20 09:32:27,38550.0,1000,Buy,232901496
2024-08-20 09:32:27,38550.0,7200,Buy,232901494
2024-08-20 09:32:27,38550.0,400,Buy,232901501
2024-08-20 09:32:31,38550.0,5000,Buy,232901652
2024-08-20 09:32:33,38550.0,1900,Buy,232901724
2024-08-20 09:32:33,38550.0,2600,Buy,232901725
2024-08-20 09:32:46,38500.0,2100,Sell,232902120
2024-08-20 09:32:46,38500.0,1000,Sell,232902142
2024-08-20 09:33:07,38550.0,100,Buy,232902673
2024-08-20 09:33:11,38550.0,300,Buy,232902811
2024-08-20 09:33:11,38550.0,700,Buy,232902812
2024-08-20 09:33:22,38500.0,500,Sell,232903043
2024-08-20 09:33:46,38550.0,1500,Buy,232903637
2024-08-20 09:33:50,38500.0,1400,Sell,232903720
2024-08-20 09:33:50,38500.0,500,Sell,232903721
2024-08-20 09:33:50,38500.0,100,Sell,232903722
2024-08-20 09:33:50,38500.0,1000,Sell,232903723
2024-08-20 09:33:52,38500.0,2000,Sell,232903782
2024-08-20 09:33:52,38500.0,100,Sell,232903783
2024-08-20 09:33:52,38500.0,100,Sell,232903784
2024-08-20 09:33:52,38500.0,1800,Sell,232903785
2024-08-20 09:34:01,38500.0,100,Sell,232904041
2024-08-20 09:34:09,38500.0,2400,Sell,232904311
2024-08-20 09:34:17,38500.0,200,Sell,232904514
2024-08-20 09:34:25,38500.0,2000,Sell,232904703
2024-08-20 09:34:30,38550.0,12600,Buy,232904903
2024-08-20 09:34:30,38550.0,4700,Buy,232904901
2024-08-20 09:34:30,38550.0,2700,Buy,232904902
2024-08-20 09:34:33,38550.0,1800,Buy,232904975
2024-08-20 09:34:33,38550.0,5000,Buy,232904974
2024-08-20 09:34:33,38550.0,4000,Buy,232904973
2024-08-20 09:34:33,38550.0,1000,Buy,232904972
2024-08-20 09:34:33,38500.0,2100,Sell,232904942
2024-08-20 09:34:33,38550.0,2000,Buy,232904970
2024-08-20 09:34:33,38500.0,3000,Sell,232904943
2024-08-20 09:34:33,38550.0,300,Buy,232904971
2024-08-20 09:34:33,38550.0,400,Buy,232904969
2024-08-20 09:34:33,38550.0,4700,Buy,232904968
2024-08-20 09:34:37,38600.0,900,Buy,232905117
2024-08-20 09:34:56,38600.0,900,Buy,232905641
2024-08-20 09:34:57,38550.0,5000,Sell,232905675
2024-08-20 09:34:58,38600.0,100,Buy,232905704
2024-08-20 09:35:04,38600.0,2000,Buy,232905886
2024-08-20 09:35:17,38600.0,600,Buy,232906197
2024-08-20 09:35:17,38600.0,100,Buy,232906198
2024-08-20 09:35:17,38600.0,100,Buy,232906200
2024-08-20 09:35:17,38600.0,100,Buy,232906199
2024-08-20 09:35:18,38550.0,75800,Sell,232906224
2024-08-20 09:35:18,38550.0,1000,Sell,232906225
2024-08-20 09:35:18,38550.0,1000,Sell,232906226
2024-08-20 09:35:18,38550.0,9600,Sell,232906227
2024-08-20 09:35:22,38550.0,300,Sell,232906346
2024-08-20 09:35:24,38600.0,200,Buy,232906390
2024-08-20 09:35:26,38550.0,100,Sell,232906441
2024-08-20 09:35:26,38550.0,100,Sell,232906442
2024-08-20 09:35:36,38550.0,100,Sell,232906657
2024-08-20 09:35:36,38550.0,500,Sell,232906658
2024-08-20 09:35:36,38550.0,300,Sell,232906659
2024-08-20 09:35:37,38600.0,900,Buy,232906682
2024-08-20 09:35:37,38550.0,200,Sell,232906683
2024-08-20 09:35:39,38550.0,800,Buy,232906788
2024-08-20 09:35:44,38550.0,1000,Sell,232906864
2024-08-20 09:35:44,38550.0,200,Sell,232906865
2024-08-20 09:35:44,38550.0,1300,Sell,232906866
2024-08-20 09:35:44,38550.0,500,Sell,232906867
2024-08-20 09:35:50,38550.0,300,Buy,232907040
2024-08-20 09:35:53,38600.0,1800,Buy,232907128
2024-08-20 09:35:53,38600.0,100,Buy,232907127
2024-08-20 09:35:53,38600.0,1300,Buy,232907126
2024-08-20 09:35:53,38550.0,2000,Buy,232907122
2024-08-20 09:35:53,38600.0,8900,Buy,232907124
2024-08-20 09:35:53,38600.0,8700,Buy,232907125
2024-08-20 09:35:53,38550.0,700,Buy,232907121
2024-08-20 09:35:53,38550.0,500,Buy,232907123
2024-08-20 09:35:57,38600.0,200,Buy,232907213
2024-08-20 09:35:57,38600.0,700,Buy,232907214
2024-08-20 09:35:59,38550.0,1000,Sell,232907243
2024-08-20 09:36:17,38600.0,900,Buy,232907897
2024-08-20 09:36:27,38600.0,100,Buy,232908150
2024-08-20 09:36:38,38600.0,900,Buy,232908462
2024-08-20 09:36:38,38550.0,500,Sell,232908490
2024-08-20 09:36:49,38600.0,100,Buy,232908727
2024-08-20 09:36:58,38600.0,900,Buy,232908929
2024-08-20 09:37:18,38600.0,900,Buy,232909504
2024-08-20 09:37:27,38600.0,400,Buy,232909826
2024-08-20 09:37:32,38600.0,700,Buy,232909985
2024-08-20 09:37:38,38600.0,100,Buy,232910152
2024-08-20 09:37:38,38600.0,700,Buy,232910153
2024-08-20 09:37:38,38600.0,100,Buy,232910151
2024-08-20 09:37:52,38600.0,8100,Buy,232910726
2024-08-20 09:37:58,38600.0,900,Buy,232910908
2024-08-20 09:38:02,38600.0,500,Buy,232911089
2024-08-20 09:38:19,38600.0,900,Buy,232911601
2024-08-20 09:38:20,38600.0,300,Buy,232911672
2024-08-20 09:38:36,38600.0,200,Buy,232912219
2024-08-20 09:38:39,38600.0,900,Buy,232912301
2024-08-20 09:38:40,38600.0,100,Buy,232912389
2024-08-20 09:38:49,38600.0,5000,Buy,232912660
2024-08-20 09:38:56,38600.0,200,Buy,232912866
2024-08-20 09:38:59,38600.0,900,Buy,232913032
2024-08-20 09:39:08,38600.0,200,Buy,232913447
2024-08-20 09:39:13,38550.0,100,Sell,232913605
2024-08-20 09:39:16,38600.0,200,Buy,232913677
2024-08-20 09:39:21,38600.0,900,Buy,232913791
2024-08-20 09:39:36,38600.0,200,Buy,232914184
2024-08-20 09:39:39,38600.0,900,Buy,232914286
2024-08-20 09:39:42,38600.0,900,Buy,232914442
2024-08-20 09:39:50,38550.0,2500,Sell,232914657
2024-08-20 09:39:51,38600.0,1000,Buy,232914663
2024-08-20 09:39:51,38600.0,200,Buy,232914664
2024-08-20 09:39:55,38600.0,100,Buy,232914795
2024-08-20 09:39:55,38600.0,1000,Buy,232914794
2024-08-20 09:39:55,38600.0,200,Buy,232914793
2024-08-20 09:39:55,38600.0,100,Buy,232914792
2024-08-20 09:39:55,38600.0,1000,Buy,232914789
2024-08-20 09:39:55,38600.0,200,Buy,232914790
2024-08-20 09:39:55,38600.0,200,Buy,232914788
2024-08-20 09:39:55,38600.0,500,Buy,232914787
2024-08-20 09:39:55,38600.0,1300,Buy,232914786
2024-08-20 09:39:55,38600.0,400,Buy,232914791
2024-08-20 09:39:56,38600.0,100,Buy,232914835
2024-08-20 09:39:56,38600.0,100,Buy,232914836
2024-08-20 09:39:59,38600.0,900,Buy,232914909
2024-08-20 09:40:01,38600.0,1700,Buy,232914927
2024-08-20 09:40:01,38600.0,1000,Buy,232914925
2024-08-20 09:40:01,38600.0,3000,Buy,232914926
2024-08-20 09:40:07,38600.0,8300,Buy,232915107
2024-08-20 09:40:07,38600.0,500,Buy,232915108
2024-08-20 09:40:07,38600.0,1200,Buy,232915109
2024-08-20 09:40:12,38600.0,100,Buy,232915206
2024-08-20 09:40:13,38600.0,100,Buy,232915241
2024-08-20 09:40:14,38600.0,2700,Buy,232915263
2024-08-20 09:40:14,38600.0,2300,Buy,232915264
2024-08-20 09:40:14,38600.0,100,Buy,232915265
2024-08-20 09:40:14,38600.0,400,Buy,232915266
2024-08-20 09:40:14,38600.0,100,Buy,232915267
2024-08-20 09:40:14,38600.0,1000,Buy,232915269
2024-08-20 09:40:14,38600.0,200,Buy,232915262
2024-08-20 09:40:14,38600.0,1000,Buy,232915270
2024-08-20 09:40:14,38600.0,500,Buy,232915271
2024-08-20 09:40:14,38600.0,2300,Buy,232915272
2024-08-20 09:40:14,38600.0,100,Buy,232915273
2024-08-20 09:40:14,38600.0,100,Buy,232915268
2024-08-20 09:40:14,38600.0,100,Buy,232915261
2024-08-20 09:40:14,38600.0,1000,Buy,232915252
2024-08-20 09:40:14,38600.0,1200,Buy,232915259
2024-08-20 09:40:14,38600.0,2000,Buy,232915260
2024-08-20 09:40:14,38600.0,7000,Buy,232915248
2024-08-20 09:40:14,38600.0,500,Buy,232915249
2024-08-20 09:40:14,38600.0,300,Buy,232915251
2024-08-20 09:40:14,38600.0,200,Buy,232915253
2024-08-20 09:40:14,38600.0,3000,Buy,232915247
2024-08-20 09:40:14,38600.0,100,Buy,232915255
2024-08-20 09:40:14,38600.0,100,Buy,232915254
2024-08-20 09:40:14,38600.0,500,Buy,232915258
2024-08-20 09:40:14,38600.0,100,Buy,232915250
2024-08-20 09:40:14,38600.0,2700,Buy,232915256
2024-08-20 09:40:14,38600.0,17300,Buy,232915257
2024-08-20 09:40:15,38600.0,100,Buy,232915300
2024-08-20 09:40:15,38600.0,200,Buy,232915301
2024-08-20 09:40:15,38600.0,200,Sell,232915308
2024-08-20 09:40:17,38600.0,100,Buy,232915381
2024-08-20 09:40:17,38600.0,500,Buy,232915382
2024-08-20 09:40:17,38600.0,200,Buy,232915351
2024-08-20 09:40:18,38600.0,1700,Buy,232915402
2024-08-20 09:40:18,38600.0,17300,Buy,232915403
2024-08-20 09:40:31,38650.0,100,Buy,232915703
2024-08-20 09:40:44,38600.0,100,Sell,232916030
2024-08-20 09:40:53,38650.0,200,Buy,232916252
2024-08-20 09:41:08,38650.0,5000,Buy,232916657
2024-08-20 09:41:18,38650.0,5000,Buy,232916913
2024-08-20 09:41:31,38650.0,100,Buy,232917328
2024-08-20 09:41:47,38650.0,100,Buy,232917668
2024-08-20 09:41:47,38650.0,100,Buy,232917669
2024-08-20 09:41:47,38650.0,200,Buy,232917670
2024-08-20 09:41:47,38650.0,1000,Buy,232917671
2024-08-20 09:41:47,38650.0,100,Buy,232917672
2024-08-20 09:41:47,38650.0,100,Buy,232917673
2024-08-20 09:41:47,38650.0,100,Buy,232917674
2024-08-20 09:41:47,38650.0,1000,Buy,232917675
2024-08-20 09:41:47,38650.0,500,Buy,232917676
2024-08-20 09:41:47,38650.0,1000,Buy,232917677
2024-08-20 09:41:47,38650.0,200,Buy,232917678
2024-08-20 09:41:47,38650.0,100,Buy,232917679
2024-08-20 09:41:47,38650.0,100,Buy,232917680
2024-08-20 09:41:47,38650.0,11600,Buy,232917681
2024-08-20 09:41:47,38650.0,1000,Buy,232917667
2024-08-20 09:41:47,38650.0,900,Buy,232917665
2024-08-20 09:41:47,38650.0,1000,Buy,232917666
2024-08-20 09:41:47,38650.0,100,Buy,232917651
2024-08-20 09:41:47,38650.0,100,Buy,232917646
2024-08-20 09:41:47,38650.0,100,Buy,232917647
2024-08-20 09:41:47,38650.0,100,Buy,232917648
2024-08-20 09:41:47,38650.0,700,Buy,232917649
2024-08-20 09:41:47,38650.0,300,Buy,232917650
2024-08-20 09:41:47,38650.0,100,Buy,232917664
2024-08-20 09:41:47,38650.0,1600,Buy,232917645
2024-08-20 09:41:47,38650.0,200,Buy,232917652
2024-08-20 09:41:47,38650.0,200,Buy,232917654
2024-08-20 09:41:47,38650.0,800,Buy,232917655
2024-08-20 09:41:47,38650.0,9200,Buy,232917660
2024-08-20 09:41:47,38650.0,100,Buy,232917661
2024-08-20 09:41:47,38650.0,100,Buy,232917662
2024-08-20 09:41:47,38650.0,100,Buy,232917663
2024-08-20 09:41:47,38650.0,4300,Buy,232917653
2024-08-20 09:41:47,38650.0,800,Buy,232917644
2024-08-20 09:41:51,38650.0,500,Buy,232917815
2024-08-20 09:41:51,38650.0,10000,Buy,232917816
2024-08-20 09:41:51,38650.0,100,Buy,232917812
2024-08-20 09:41:51,38650.0,2600,Buy,232917809
2024-08-20 09:41:51,38650.0,500,Buy,232917810
2024-08-20 09:41:51,38650.0,5800,Buy,232917808
2024-08-20 09:41:51,38650.0,6900,Buy,232917811
2024-08-20 09:42:04,38650.0,300,Sell,232918155
2024-08-20 09:42:05,38650.0,3200,Sell,232918200
2024-08-20 09:42:05,38650.0,100,Sell,232918208
2024-08-20 09:42:05,38650.0,100,Sell,232918209
2024-08-20 09:42:06,38650.0,4000,Sell,232918273
2024-08-20 09:42:06,38650.0,5900,Sell,232918275
2024-08-20 09:42:06,38650.0,20100,Sell,232918276
2024-08-20 09:42:11,38650.0,200,Sell,232918396
2024-08-20 09:42:12,38700.0,1900,Buy,232918407
2024-08-20 09:42:12,38700.0,400,Buy,232918405
2024-08-20 09:42:12,38700.0,200,Buy,232918406
2024-08-20 09:42:13,38650.0,100,Sell,232918416
2024-08-20 09:42:13,38650.0,100,Sell,232918417
2024-08-20 09:42:18,38700.0,200,Buy,232918518
2024-08-20 09:42:21,38700.0,100,Buy,232918688
2024-08-20 09:42:21,38700.0,9700,Buy,232918691
2024-08-20 09:42:21,38700.0,500,Buy,232918690
2024-08-20 09:42:21,38700.0,100,Buy,232918689
2024-08-20 09:42:21,38700.0,100,Buy,232918687
2024-08-20 09:42:21,38700.0,6600,Buy,232918681
2024-08-20 09:42:21,38700.0,100,Buy,232918685
2024-08-20 09:42:21,38700.0,400,Buy,232918684
2024-08-20 09:42:21,38700.0,1000,Buy,232918683
2024-08-20 09:42:21,38700.0,1300,Buy,232918682
2024-08-20 09:42:21,38700.0,100,Buy,232918686
2024-08-20 09:42:25,38700.0,100,Buy,232918791
2024-08-20 09:42:38,38700.0,600,Buy,232919188
2024-08-20 09:42:38,38700.0,200,Buy,232919187
2024-08-20 09:42:38,38700.0,100,Buy,232919186
2024-08-20 09:42:38,38700.0,100,Buy,232919185
2024-08-20 09:42:38,38700.0,100,Buy,232919182
2024-08-20 09:42:38,38700.0,200,Buy,232919183
2024-08-20 09:42:38,38700.0,200,Buy,232919181
2024-08-20 09:42:38,38700.0,200,Buy,232919180
2024-08-20 09:42:38,38700.0,200,Buy,232919184
2024-08-20 09:42:50,38700.0,2400,Buy,232919509
2024-08-20 09:42:50,38700.0,600,Buy,232919510
2024-08-20 09:42:50,38700.0,2000,Buy,232919511
2024-08-20 09:42:52,38700.0,500,Buy,232919553
2024-08-20 09:42:58,38700.0,1500,Buy,232919787
2024-08-20 09:42:58,38700.0,200,Buy,232919786
2024-08-20 09:42:58,38700.0,300,Buy,232919785
2024-08-20 09:42:58,38700.0,100,Buy,232919784
2024-08-20 09:42:58,38700.0,1000,Buy,232919783
2024-08-20 09:42:58,38700.0,100,Buy,232919781
2024-08-20 09:42:58,38700.0,300,Buy,232919782
2024-08-20 09:42:58,38700.0,500,Buy,232919779
2024-08-20 09:42:58,38700.0,1000,Buy,232919778
2024-08-20 09:42:58,38700.0,100,Buy,232919777
2024-08-20 09:42:58,38700.0,2000,Buy,232919776
2024-08-20 09:42:58,38700.0,200,Buy,232919775
2024-08-20 09:42:58,38700.0,1900,Buy,232919774
2024-08-20 09:42:58,38700.0,800,Buy,232919780
2024-08-20 09:43:04,38700.0,2000,Buy,232919919
2024-08-20 09:43:11,38700.0,1000,Buy,232920131
2024-08-20 09:43:11,38700.0,200,Buy,232920130
2024-08-20 09:43:11,38700.0,100,Buy,232920129
2024-08-20 09:43:11,38700.0,300,Buy,232920128
2024-08-20 09:43:11,38700.0,100,Buy,232920124
2024-08-20 09:43:11,38700.0,100,Buy,232920123
2024-08-20 09:43:11,38700.0,1000,Buy,232920122
2024-08-20 09:43:11,38700.0,100,Buy,232920120
2024-08-20 09:43:11,38700.0,200,Buy,232920121
2024-08-20 09:43:11,38700.0,500,Buy,232920118
2024-08-20 09:43:11,38700.0,300,Buy,232920111
2024-08-20 09:43:11,38700.0,100,Buy,232920112
2024-08-20 09:43:11,38700.0,500,Buy,232920113
2024-08-20 09:43:11,38700.0,10700,Buy,232920110
2024-08-20 09:43:11,38700.0,4000,Buy,232920115
2024-08-20 09:43:11,38700.0,500,Buy,232920116
2024-08-20 09:43:11,38700.0,100,Buy,232920117
2024-08-20 09:43:11,38700.0,100,Buy,232920114
2024-08-20 09:43:11,38700.0,100,Buy,232920119
2024-08-20 09:43:17,38700.0,1000,Sell,232920386
2024-08-20 09:43:31,38700.0,100,Sell,232920987
2024-08-20 09:43:48,38700.0,1000,Sell,232921877
2024-08-20 09:43:56,38700.0,400,Sell,232922100
2024-08-20 09:43:59,38700.0,100,Sell,232922174
2024-08-20 09:44:01,38700.0,100,Sell,232922194
2024-08-20 09:44:09,38700.0,1000,Sell,232922425
2024-08-20 09:44:10,38700.0,500,Sell,232922447
2024-08-20 09:44:12,38700.0,100,Sell,232922462
2024-08-20 09:44:13,38750.0,100,Buy,232922490
2024-08-20 09:44:13,38700.0,400,Sell,232922489
2024-08-20 09:44:14,38750.0,100,Buy,232922521
2024-08-20 09:44:14,38750.0,200,Buy,232922522
2024-08-20 09:44:20,38750.0,200,Buy,232922685
2024-08-20 09:44:25,38700.0,500,Sell,232922773
2024-08-20 09:44:30,38750.0,100,Buy,232922908
2024-08-20 09:44:32,38750.0,100,Buy,232922946
2024-08-20 09:44:34,38750.0,8100,Buy,232922974
2024-08-20 09:44:34,38750.0,1300,Buy,232922975
2024-08-20 09:44:34,38750.0,100,Buy,232922976
2024-08-20 09:44:34,38750.0,500,Buy,232922977
2024-08-20 09:44:36,38750.0,500,Buy,232923033
2024-08-20 09:44:39,38750.0,100,Buy,232923084
2024-08-20 09:44:39,38750.0,100,Buy,232923085
2024-08-20 09:44:39,38750.0,2000,Buy,232923083
2024-08-20 09:44:39,38750.0,6400,Buy,232923086
2024-08-20 09:44:39,38750.0,600,Buy,232923081
2024-08-20 09:44:39,38750.0,100,Buy,232923080
2024-08-20 09:44:39,38750.0,100,Buy,232923082
2024-08-20 09:44:39,38750.0,600,Buy,232923079
2024-08-20 09:44:43,38750.0,500,Buy,232923231
2024-08-20 09:45:00,38700.0,100,Sell,232923835
2024-08-20 09:45:01,38750.0,1800,Buy,232923875
2024-08-20 09:45:01,38750.0,800,Buy,232923876
2024-08-20 09:45:05,38750.0,500,Buy,232923959
2024-08-20 09:45:05,38750.0,2500,Buy,232923984
2024-08-20 09:45:05,38750.0,2000,Buy,232923983
2024-08-20 09:45:05,38750.0,500,Buy,232923982
2024-08-20 09:45:05,38750.0,100,Buy,232923979
2024-08-20 09:45:05,38750.0,100,Buy,232923978
2024-08-20 09:45:05,38750.0,10000,Buy,232923977
2024-08-20 09:45:05,38750.0,1000,Buy,232923976
2024-08-20 09:45:05,38750.0,3000,Buy,232923975
2024-08-20 09:45:05,38750.0,500,Buy,232923974
2024-08-20 09:45:05,38750.0,100,Buy,232923981
2024-08-20 09:45:05,38750.0,1000,Buy,232923972
2024-08-20 09:45:05,38750.0,1000,Buy,232923973
2024-08-20 09:45:05,38750.0,100,Buy,232923960
2024-08-20 09:45:05,38750.0,1000,Buy,232923961
2024-08-20 09:45:05,38750.0,100,Buy,232923962
2024-08-20 09:45:05,38750.0,1000,Buy,232923963
2024-08-20 09:45:05,38750.0,100,Buy,232923980
2024-08-20 09:45:05,38750.0,600,Buy,232923964
2024-08-20 09:45:05,38750.0,200,Buy,232923965
2024-08-20 09:45:05,38750.0,4000,Buy,232923966
2024-08-20 09:45:05,38750.0,17900,Buy,232923967
2024-08-20 09:45:05,38750.0,8100,Buy,232923971
2024-08-20 09:45:07,38750.0,100,Buy,232924007
2024-08-20 09:45:07,38750.0,100,Buy,232924006
2024-08-20 09:45:07,38750.0,100,Buy,232924004
2024-08-20 09:45:07,38750.0,1000,Buy,232924003
2024-08-20 09:45:07,38750.0,2500,Buy,232924002
2024-08-20 09:45:07,38750.0,100,Buy,232924005
2024-08-20 09:45:15,38750.0,100,Sell,232924188
2024-08-20 09:45:16,38750.0,200,Sell,232924234
2024-08-20 09:45:19,38750.0,100,Sell,232924274
2024-08-20 09:45:21,38750.0,700,Sell,232924310
2024-08-20 09:45:22,38750.0,300,Buy,232924337
2024-08-20 09:45:22,38750.0,100,Sell,232924338
2024-08-20 09:45:22,38800.0,1400,Buy,232924350
2024-08-20 09:45:24,38750.0,500,Sell,232924382
2024-08-20 09:45:24,38750.0,100,Sell,232924383
2024-08-20 09:45:26,38750.0,1000,Sell,232924423
2024-08-20 09:45:28,38750.0,1000,Sell,232924473
2024-08-20 09:45:41,38750.0,1400,Sell,232924774
2024-08-20 09:45:41,38750.0,700,Sell,232924775
2024-08-20 09:45:41,38750.0,100,Sell,232924773
2024-08-20 09:45:42,38750.0,2800,Buy,232924800
2024-08-20 09:45:44,38750.0,100,Sell,232924847
2024-08-20 09:45:48,38750.0,100,Sell,232924925
2024-08-20 09:45:52,38750.0,2000,Sell,232925040
2024-08-20 09:45:55,38750.0,100,Sell,232925078
2024-08-20 09:45:56,38800.0,500,Buy,232925125
2024-08-20 09:46:00,38750.0,100,Sell,232925202
2024-08-20 09:46:01,38800.0,500,Buy,232925264
2024-08-20 09:46:05,38800.0,800,Buy,232925412
2024-08-20 09:46:13,38800.0,1400,Buy,232925592
2024-08-20 09:46:15,38800.0,100,Buy,232925628
2024-08-20 09:46:17,38750.0,100,Sell,232925679
2024-08-20 09:46:20,38800.0,100,Buy,232925779
2024-08-20 09:46:20,38800.0,700,Buy,232925780
2024-08-20 09:46:20,38800.0,100,Buy,232925781
2024-08-20 09:46:20,38800.0,800,Buy,232925782
2024-08-20 09:46:20,38800.0,20000,Buy,232925783
2024-08-20 09:46:20,38800.0,3400,Buy,232925788
2024-08-20 09:46:20,38800.0,600,Buy,232925784
2024-08-20 09:46:20,38800.0,100,Buy,232925785
2024-08-20 09:46:20,38800.0,500,Buy,232925786
2024-08-20 09:46:20,38800.0,2000,Buy,232925787
2024-08-20 09:46:20,38800.0,300,Buy,232925778
2024-08-20 09:46:20,38800.0,500,Buy,232925789
2024-08-20 09:46:20,38800.0,500,Buy,232925796
2024-08-20 09:46:20,38800.0,1000,Buy,232925791
2024-08-20 09:46:20,38800.0,5000,Buy,232925792
2024-08-20 09:46:20,38800.0,2000,Buy,232925793
2024-08-20 09:46:20,38800.0,2000,Buy,232925794
2024-08-20 09:46:20,38800.0,100,Buy,232925795
2024-08-20 09:46:20,38800.0,500,Buy,232925797
2024-08-20 09:46:20,38800.0,200,Buy,232925798
2024-08-20 09:46:20,38800.0,1000,Buy,232925799
2024-08-20 09:46:20,38800.0,500,Buy,232925800
2024-08-20 09:46:20,38800.0,900,Buy,232925801
2024-08-20 09:46:20,38800.0,4900,Buy,232925777
2024-08-20 09:46:20,38800.0,100,Buy,232925790
2024-08-20 09:46:20,38800.0,4000,Buy,232925776
2024-08-20 09:46:20,38800.0,400,Buy,232925758
2024-08-20 09:46:20,38800.0,200,Buy,232925774
2024-08-20 09:46:20,38800.0,300,Buy,232925748
2024-08-20 09:46:20,38800.0,5000,Buy,232925775
2024-08-20 09:46:20,38800.0,100,Buy,232925750
2024-08-20 09:46:20,38800.0,100,Buy,232925751
2024-08-20 09:46:20,38800.0,200,Buy,232925752
2024-08-20 09:46:20,38800.0,100,Buy,232925753
2024-08-20 09:46:20,38800.0,100,Buy,232925754
2024-08-20 09:46:20,38800.0,100,Buy,232925755
2024-08-20 09:46:20,38800.0,100,Buy,232925756
2024-08-20 09:46:20,38800.0,300,Buy,232925757
2024-08-20 09:46:20,38800.0,100,Buy,232925759
2024-08-20 09:46:20,38800.0,13300,Buy,232925760
2024-08-20 09:46:20,38800.0,100,Buy,232925749
2024-08-20 09:46:20,38800.0,8700,Buy,232925762
2024-08-20 09:46:20,38800.0,5200,Buy,232925761
2024-08-20 09:46:20,38800.0,100,Buy,232925772
2024-08-20 09:46:20,38800.0,500,Buy,232925771
2024-08-20 09:46:20,38800.0,100,Buy,232925770
2024-08-20 09:46:20,38800.0,300,Buy,232925769
2024-08-20 09:46:20,38800.0,400,Buy,232925768
2024-08-20 09:46:20,38800.0,200,Buy,232925773
2024-08-20 09:46:20,38800.0,6800,Buy,232925766
2024-08-20 09:46:20,38800.0,100,Buy,232925765
2024-08-20 09:46:20,38800.0,1000,Buy,232925764
2024-08-20 09:46:20,38800.0,3000,Buy,232925767
2024-08-20 09:46:20,38800.0,1300,Buy,232925763
2024-08-20 09:46:25,38800.0,1400,Buy,232925905
2024-08-20 09:46:27,38800.0,1400,Buy,232925955
2024-08-20 09:46:27,38800.0,100,Buy,232925956
2024-08-20 09:46:27,38800.0,300,Buy,232925957
2024-08-20 09:46:27,38800.0,200,Buy,232925958
2024-08-20 09:46:30,38800.0,100,Buy,232926066
2024-08-20 09:46:32,38800.0,1000,Buy,232926153
2024-08-20 09:46:32,38800.0,1000,Buy,232926154
2024-08-20 09:46:32,38800.0,100,Buy,232926156
2024-08-20 09:46:32,38800.0,1000,Buy,232926152
2024-08-20 09:46:32,38800.0,100,Buy,232926157
2024-08-20 09:46:32,38800.0,10000,Buy,232926158
2024-08-20 09:46:32,38800.0,100,Buy,232926159
2024-08-20 09:46:32,38800.0,600,Buy,232926160
2024-08-20 09:46:32,38800.0,500,Buy,232926165
2024-08-20 09:46:32,38800.0,500,Buy,232926162
2024-08-20 09:46:32,38800.0,17400,Buy,232926163
2024-08-20 09:46:32,38800.0,2600,Buy,232926164
2024-08-20 09:46:32,38800.0,1000,Buy,232926166
2024-08-20 09:46:32,38800.0,100,Buy,232926167
2024-08-20 09:46:32,38800.0,300,Buy,232926168
2024-08-20 09:46:32,38800.0,2000,Buy,232926151
2024-08-20 09:46:32,38800.0,100,Buy,232926161
2024-08-20 09:46:32,38800.0,1500,Buy,232926150
2024-08-20 09:46:32,38800.0,100,Buy,232926155
2024-08-20 09:46:32,38800.0,1000,Buy,232926148
2024-08-20 09:46:32,38800.0,200,Buy,232926132
2024-08-20 09:46:32,38800.0,1000,Buy,232926133
2024-08-20 09:46:32,38800.0,200,Buy,232926134
2024-08-20 09:46:32,38800.0,1000,Buy,232926135
2024-08-20 09:46:32,38800.0,500,Buy,232926136
2024-08-20 09:46:32,38800.0,100,Buy,232926137
2024-08-20 09:46:32,38800.0,1500,Buy,232926138
2024-08-20 09:46:32,38800.0,500,Buy,232926139
2024-08-20 09:46:32,38800.0,1000,Buy,232926140
2024-08-20 09:46:32,38800.0,100,Buy,232926141
2024-08-20 09:46:32,38800.0,1000,Buy,232926142
2024-08-20 09:46:32,38800.0,100,Buy,232926143
2024-08-20 09:46:32,38800.0,500,Buy,232926144
2024-08-20 09:46:32,38800.0,800,Buy,232926131
2024-08-20 09:46:32,38800.0,100,Buy,232926145
2024-08-20 09:46:32,38800.0,200,Buy,232926146
2024-08-20 09:46:32,38800.0,100,Buy,232926147
2024-08-20 09:46:32,38800.0,100,Buy,232926149
2024-08-20 09:46:34,38800.0,600,Buy,232926217
2024-08-20 09:46:34,38800.0,100,Buy,232926214
2024-08-20 09:46:34,38800.0,200,Buy,232926215
2024-08-20 09:46:34,38800.0,100,Buy,232926216
2024-08-20 09:46:35,38800.0,1400,Buy,232926242
2024-08-20 09:46:37,38800.0,200,Sell,232926305
2024-08-20 09:46:38,38800.0,100,Sell,232926395
2024-08-20 09:46:43,38800.0,100,Sell,232926497
2024-08-20 09:46:44,38800.0,10000,Sell,232926545
2024-08-20 09:46:44,38800.0,8200,Sell,232926559
2024-08-20 09:46:44,38800.0,1400,Sell,232926560
2024-08-20 09:46:44,38800.0,3000,Sell,232926561
2024-08-20 09:46:44,38800.0,500,Sell,232926562
2024-08-20 09:46:44,38800.0,2000,Sell,232926563
2024-08-20 09:46:46,38800.0,1500,Buy,232926577
2024-08-20 09:46:46,38800.0,1400,Buy,232926578
2024-08-20 09:46:48,38800.0,5600,Buy,232926639
2024-08-20 09:46:50,38800.0,100,Buy,232926687
2024-08-20 09:46:50,38800.0,26400,Buy,232926684
2024-08-20 09:46:50,38800.0,300,Buy,232926685
2024-08-20 09:46:50,38800.0,100,Buy,232926686
2024-08-20 09:46:51,38800.0,3500,Sell,232926725
2024-08-20 09:46:52,38800.0,1000,Sell,232926736
2024-08-20 09:46:52,38850.0,500,Buy,232926743
2024-08-20 09:47:00,38850.0,38800,Buy,232926938
2024-08-20 09:47:00,38850.0,1000,Buy,232926937
2024-08-20 09:47:00,38850.0,1000,Buy,232926936
2024-08-20 09:47:00,38850.0,200,Buy,232926935
2024-08-20 09:47:00,38850.0,200,Buy,232926927
2024-08-20 09:47:00,38850.0,200,Buy,232926933
2024-08-20 09:47:00,38850.0,200,Buy,232926932
2024-08-20 09:47:00,38850.0,100,Buy,232926931
2024-08-20 09:47:00,38850.0,100,Buy,232926930
2024-08-20 09:47:00,38850.0,500,Buy,232926929
2024-08-20 09:47:00,38850.0,200,Buy,232926928
2024-08-20 09:47:00,38850.0,100,Buy,232926934
2024-08-20 09:47:00,38850.0,100,Buy,232926926
2024-08-20 09:47:00,38850.0,100,Buy,232926924
2024-08-20 09:47:00,38850.0,2000,Buy,232926923
2024-08-20 09:47:00,38850.0,1500,Buy,232926922
2024-08-20 09:47:00,38850.0,200,Buy,232926921
2024-08-20 09:47:00,38850.0,500,Buy,232926920
2024-08-20 09:47:00,38850.0,600,Buy,232926919
2024-08-20 09:47:00,38850.0,1000,Buy,232926918
2024-08-20 09:47:00,38850.0,500,Buy,232926917
2024-08-20 09:47:00,38850.0,100,Buy,232926916
2024-08-20 09:47:00,38850.0,500,Buy,232926915
2024-08-20 09:47:00,38850.0,200,Buy,232926914
2024-08-20 09:47:00,38850.0,100,Buy,232926925
2024-08-20 09:47:02,38850.0,100,Buy,232926972
2024-08-20 09:47:02,38850.0,100,Buy,232926971
2024-08-20 09:47:02,38850.0,100,Buy,232926970
2024-08-20 09:47:02,38850.0,400,Buy,232926968
2024-08-20 09:47:02,38850.0,100,Buy,232926969
2024-08-20 09:47:02,38850.0,100,Buy,232926966
2024-08-20 09:47:02,38850.0,4600,Buy,232926963
2024-08-20 09:47:02,38850.0,500,Buy,232926967
2024-08-20 09:47:02,38850.0,2000,Buy,232926965
2024-08-20 09:47:02,38850.0,6600,Buy,232926964
2024-08-20 09:47:04,38850.0,400,Sell,232927034
2024-08-20 09:47:07,38900.0,300,Buy,232927104
2024-08-20 09:47:07,38900.0,4900,Buy,232927105
2024-08-20 09:47:07,38900.0,1000,Buy,232927106
2024-08-20 09:47:07,38900.0,10000,Buy,232927107
2024-08-20 09:47:07,38900.0,1900,Buy,232927108
2024-08-20 09:47:07,38900.0,200,Buy,232927109
2024-08-20 09:47:07,38900.0,5900,Buy,232927110
2024-08-20 09:47:08,38900.0,200,Buy,232927144
2024-08-20 09:47:08,38850.0,200,Sell,232927170
2024-08-20 09:47:09,38900.0,30000,Buy,232927184
2024-08-20 09:47:11,38900.0,300,Buy,232927204
2024-08-20 09:47:12,38850.0,2000,Buy,232927302
2024-08-20 09:47:12,38850.0,16000,Sell,232927250
2024-08-20 09:47:12,38850.0,19400,Sell,232927248
2024-08-20 09:47:12,38850.0,800,Sell,232927249
2024-08-20 09:47:15,38850.0,200,Buy,232927369
2024-08-20 09:47:16,38850.0,5000,Buy,232927403
2024-08-20 09:47:17,38850.0,6600,Buy,232927426
2024-08-20 09:47:17,38900.0,1400,Buy,232927427
2024-08-20 09:47:20,38850.0,100,Sell,232927529
2024-08-20 09:47:23,38850.0,500,Sell,232927585
2024-08-20 09:47:27,38850.0,100,Sell,232927664
2024-08-20 09:47:27,38900.0,5000,Buy,232927678
2024-08-20 09:47:29,38900.0,2800,Buy,232927733
2024-08-20 09:47:29,38900.0,500,Buy,232927732
2024-08-20 09:47:29,38900.0,500,Buy,232927731
2024-08-20 09:47:29,38900.0,7500,Buy,232927730
2024-08-20 09:47:29,38900.0,100,Buy,232927729
2024-08-20 09:47:29,38900.0,100,Buy,232927728
2024-08-20 09:47:29,38900.0,600,Buy,232927727
2024-08-20 09:47:29,38900.0,1000,Buy,232927725
2024-08-20 09:47:29,38900.0,100,Buy,232927724
2024-08-20 09:47:29,38900.0,100,Buy,232927723
2024-08-20 09:47:29,38900.0,300,Buy,232927722
2024-08-20 09:47:29,38900.0,100,Buy,232927721
2024-08-20 09:47:29,38900.0,16200,Buy,232927720
2024-08-20 09:47:29,38900.0,1000,Buy,232927706
2024-08-20 09:47:29,38900.0,100,Buy,232927726
2024-08-20 09:47:30,38850.0,100,Sell,232927748
2024-08-20 09:47:30,38850.0,1000,Sell,232927749
2024-08-20 09:47:30,38850.0,400,Sell,232927750
2024-08-20 09:47:30,38850.0,500,Sell,232927751
2024-08-20 09:47:31,38900.0,100,Buy,232927882
2024-08-20 09:47:31,38900.0,100,Buy,232927881
2024-08-20 09:47:31,38900.0,1000,Buy,232927880
2024-08-20 09:47:31,38900.0,200,Buy,232927879
2024-08-20 09:47:31,38900.0,500,Buy,232927873
2024-08-20 09:47:31,38900.0,1000,Buy,232927877
2024-08-20 09:47:31,38900.0,300,Buy,232927876
2024-08-20 09:47:31,38900.0,2500,Buy,232927875
2024-08-20 09:47:31,38900.0,300,Buy,232927864
2024-08-20 09:47:31,38900.0,500,Buy,232927883
2024-08-20 09:47:31,38900.0,2000,Buy,232927878
2024-08-20 09:47:31,38900.0,200,Buy,232927884
2024-08-20 09:47:31,38900.0,500,Buy,232927890
2024-08-20 09:47:31,38900.0,200,Buy,232927886
2024-08-20 09:47:31,38900.0,100,Buy,232927887
2024-08-20 09:47:31,38900.0,100,Buy,232927888
2024-08-20 09:47:31,38900.0,100,Buy,232927889
2024-08-20 09:47:31,38900.0,2000,Buy,232927891
2024-08-20 09:47:31,38900.0,4600,Buy,232927892
2024-08-20 09:47:31,38900.0,3000,Buy,232927893
2024-08-20 09:47:31,38900.0,2000,Buy,232927894
2024-08-20 09:47:31,38900.0,700,Buy,232927895
2024-08-20 09:47:31,38900.0,100,Buy,232927896
2024-08-20 09:47:31,38900.0,8100,Buy,232927897
2024-08-20 09:47:31,38900.0,100,Buy,232927885
2024-08-20 09:47:31,38900.0,1000,Buy,232927862
2024-08-20 09:47:31,38900.0,300,Buy,232927874
2024-08-20 09:47:31,38900.0,300,Buy,232927863
2024-08-20 09:47:31,38900.0,500,Buy,232927835
2024-08-20 09:47:31,38900.0,500,Buy,232927836
2024-08-20 09:47:31,38900.0,100,Buy,232927837
2024-08-20 09:47:31,38900.0,100,Buy,232927838
2024-08-20 09:47:31,38900.0,1000,Buy,232927839
2024-08-20 09:47:31,38900.0,200,Buy,232927840
2024-08-20 09:47:31,38900.0,100,Buy,232927841
2024-08-20 09:47:31,38900.0,100,Buy,232927842
2024-08-20 09:47:31,38900.0,100,Buy,232927843
2024-08-20 09:47:31,38900.0,100,Buy,232927844
2024-08-20 09:47:31,38900.0,100,Buy,232927845
2024-08-20 09:47:31,38900.0,1000,Buy,232927846
2024-08-20 09:47:31,38900.0,100,Buy,232927847
2024-08-20 09:47:31,38900.0,100,Buy,232927861
2024-08-20 09:47:31,38900.0,5000,Buy,232927849
2024-08-20 09:47:31,38900.0,400,Buy,232927850
2024-08-20 09:47:31,38900.0,200,Buy,232927851
2024-08-20 09:47:31,38900.0,800,Buy,232927852
2024-08-20 09:47:31,38900.0,100,Buy,232927853
2024-08-20 09:47:31,38900.0,500,Buy,232927854
2024-08-20 09:47:31,38900.0,300,Buy,232927855
2024-08-20 09:47:31,38900.0,3300,Buy,232927856
2024-08-20 09:47:31,38900.0,200,Buy,232927857
2024-08-20 09:47:31,38900.0,6400,Buy,232927858
2024-08-20 09:47:31,38900.0,100,Buy,232927859
2024-08-20 09:47:31,38900.0,300,Buy,232927860
2024-08-20 09:47:31,38900.0,400,Buy,232927848
2024-08-20 09:47:32,38850.0,100,Sell,232927927
2024-08-20 09:47:37,38900.0,1000,Buy,232928028
2024-08-20 09:47:41,38900.0,7000,Buy,232928081
2024-08-20 09:47:42,38900.0,10000,Buy,232928097
2024-08-20 09:47:44,38900.0,1000,Buy,232928124
2024-08-20 09:47:47,38900.0,1000,Buy,232928235
2024-08-20 09:47:49,38900.0,1000,Buy,232928354
2024-08-20 09:47:49,38900.0,3000,Buy,232928359
2024-08-20 09:47:49,38900.0,100,Buy,232928358
2024-08-20 09:47:49,38900.0,100,Buy,232928356
2024-08-20 09:47:49,38900.0,1000,Buy,232928355
2024-08-20 09:47:49,38900.0,100,Buy,232928353
2024-08-20 09:47:49,38900.0,200,Buy,232928357
2024-08-20 09:47:49,38900.0,100,Buy,232928349
2024-08-20 09:47:49,38900.0,3400,Buy,232928344
2024-08-20 09:47:49,38900.0,1900,Buy,232928345
2024-08-20 09:47:49,38900.0,6600,Buy,232928343
2024-08-20 09:47:49,38900.0,2000,Buy,232928352
2024-08-20 09:47:49,38900.0,100,Buy,232928347
2024-08-20 09:47:49,38900.0,500,Buy,232928348
2024-08-20 09:47:49,38900.0,2000,Buy,232928346
2024-08-20 09:47:52,38900.0,200,Sell,232928492
2024-08-20 09:47:55,38950.0,100,Buy,232928567
2024-08-20 09:47:56,38900.0,2000,Sell,232928574
2024-08-20 09:48:00,38900.0,4200,Sell,232928625
2024-08-20 09:48:00,38900.0,100,Sell,232928636
2024-08-20 09:48:01,38950.0,100,Buy,232928640
2024-08-20 09:48:01,38900.0,400,Sell,232928647
2024-08-20 09:48:04,38900.0,1200,Sell,232928750
2024-08-20 09:48:04,38900.0,1400,Sell,232928751
2024-08-20 09:48:04,38900.0,2400,Sell,232928749
2024-08-20 09:48:04,38900.0,1000,Sell,232928747
2024-08-20 09:48:04,38900.0,31000,Sell,232928746
2024-08-20 09:48:04,38900.0,200,Sell,232928748
2024-08-20 09:48:05,38900.0,5000,Buy,232928771
2024-08-20 09:48:10,38900.0,200,Buy,232928865
2024-08-20 09:48:12,38900.0,500,Buy,232928922
2024-08-20 09:48:13,38900.0,5100,Buy,232928973
2024-08-20 09:48:13,38900.0,500,Buy,232928974
2024-08-20 09:48:13,38900.0,400,Buy,232928975
2024-08-20 09:48:14,38900.0,400,Buy,232928988
2024-08-20 09:48:14,38900.0,200,Buy,232928993
2024-08-20 09:48:16,38900.0,1000,Buy,232929020
2024-08-20 09:48:21,38900.0,100,Buy,232929133
2024-08-20 09:48:23,38900.0,1400,Buy,232929178
2024-08-20 09:48:30,38900.0,100,Buy,232929462
2024-08-20 09:48:30,38900.0,5200,Buy,232929463
2024-08-20 09:48:30,38900.0,2000,Buy,232929461
2024-08-20 09:48:30,38900.0,300,Buy,232929449
2024-08-20 09:48:30,38900.0,100,Buy,232929459
2024-08-20 09:48:30,38900.0,500,Buy,232929458
2024-08-20 09:48:30,38900.0,6200,Buy,232929457
2024-08-20 09:48:30,38900.0,500,Buy,232929460
2024-08-20 09:48:32,38900.0,2000,Buy,232929490
2024-08-20 09:48:35,38900.0,100,Buy,232929652
2024-08-20 09:48:49,38900.0,1000,Buy,232930031
2024-08-20 09:49:00,38900.0,100,Buy,232930214
2024-08-20 09:49:03,38900.0,200,Buy,232930345
2024-08-20 09:49:15,38850.0,300,Sell,232930629
2024-08-20 09:49:20,38850.0,100,Sell,232930796
2024-08-20 09:49:24,38850.0,100,Sell,232930884
2024-08-20 09:49:29,38900.0,1500,Buy,232931011
2024-08-20 09:49:30,38850.0,100,Sell,232931023
2024-08-20 09:49:34,38900.0,500,Buy,232931247
2024-08-20 09:49:39,38900.0,10000,Buy,232931543
2024-08-20 09:49:46,38900.0,100,Buy,232931731
2024-08-20 09:49:52,38850.0,100,Sell,232931877
2024-08-20 09:49:54,38900.0,4900,Buy,232931925
2024-08-20 09:50:11,38900.0,1000,Buy,232932569
2024-08-20 09:50:15,38850.0,200,Sell,232932778
2024-08-20 09:50:15,38900.0,300,Buy,232932797
2024-08-20 09:50:21,38900.0,1400,Buy,232932973
2024-08-20 09:50:22,38900.0,500,Buy,232933054
2024-08-20 09:50:22,38900.0,1000,Buy,232933066
2024-08-20 09:50:27,38900.0,100,Buy,232933166
2024-08-20 09:50:32,38850.0,1000,Sell,232933322
2024-08-20 09:50:51,38900.0,100,Buy,232933957
2024-08-20 09:50:53,38850.0,600,Sell,232934018
2024-08-20 09:50:58,38850.0,100,Sell,232934168
2024-08-20 09:51:03,38900.0,1000,Buy,232934374
2024-08-20 09:51:03,38900.0,200,Buy,232934375
2024-08-20 09:51:03,38900.0,100,Buy,232934376
2024-08-20 09:51:03,38900.0,2000,Buy,232934377
2024-08-20 09:51:03,38900.0,100,Buy,232934378
2024-08-20 09:51:03,38900.0,200,Buy,232934379
2024-08-20 09:51:03,38900.0,100,Buy,232934380
2024-08-20 09:51:03,38900.0,100,Buy,232934373
2024-08-20 09:51:03,38900.0,100,Buy,232934382
2024-08-20 09:51:03,38900.0,100,Buy,232934383
2024-08-20 09:51:03,38900.0,100,Buy,232934384
2024-08-20 09:51:03,38900.0,100,Buy,232934385
2024-08-20 09:51:03,38900.0,2000,Buy,232934386
2024-08-20 09:51:03,38900.0,100,Buy,232934387
2024-08-20 09:51:03,38900.0,800,Buy,232934388
2024-08-20 09:51:03,38900.0,4000,Buy,232934381
2024-08-20 09:51:03,38900.0,600,Buy,232934372
2024-08-20 09:51:03,38900.0,100,Buy,232934358
2024-08-20 09:51:03,38900.0,1000,Buy,232934370
2024-08-20 09:51:03,38900.0,4700,Buy,232934351
2024-08-20 09:51:03,38900.0,5300,Buy,232934352
2024-08-20 09:51:03,38900.0,100,Buy,232934353
2024-08-20 09:51:03,38900.0,100,Buy,232934354
2024-08-20 09:51:03,38900.0,200,Buy,232934355
2024-08-20 09:51:03,38900.0,1000,Buy,232934371
2024-08-20 09:51:03,38900.0,3000,Buy,232934359
2024-08-20 09:51:03,38900.0,100,Buy,232934357
2024-08-20 09:51:03,38900.0,100,Buy,232934361
2024-08-20 09:51:03,38900.0,100,Buy,232934362
2024-08-20 09:51:03,38900.0,3000,Buy,232934363
2024-08-20 09:51:03,38900.0,3000,Buy,232934364
2024-08-20 09:51:03,38900.0,500,Buy,232934365
2024-08-20 09:51:03,38900.0,400,Buy,232934366
2024-08-20 09:51:03,38900.0,300,Buy,232934369
2024-08-20 09:51:03,38900.0,300,Buy,232934360
2024-08-20 09:51:03,38900.0,5000,Buy,232934356
2024-08-20 09:51:09,38900.0,600,Buy,232934732
2024-08-20 09:51:16,38850.0,1200,Sell,232934919
2024-08-20 09:51:16,38850.0,26800,Sell,232934918
2024-08-20 09:51:18,38900.0,1400,Buy,232934953
2024-08-20 09:51:19,38900.0,700,Buy,232934970
2024-08-20 09:51:20,38900.0,100,Buy,232934999
2024-08-20 09:51:28,38900.0,1400,Buy,232935281
2024-08-20 09:51:28,38900.0,2000,Buy,232935282
2024-08-20 09:51:28,38900.0,2100,Buy,232935283
2024-08-20 09:51:28,38900.0,500,Buy,232935284
2024-08-20 09:51:28,38900.0,100,Buy,232935285
2024-08-20 09:51:28,38900.0,200,Buy,232935286
2024-08-20 09:51:28,38900.0,3700,Buy,232935287
2024-08-20 09:51:34,38900.0,300,Buy,232935408
2024-08-20 09:51:34,38900.0,700,Buy,232935409
2024-08-20 09:51:37,38900.0,2000,Buy,232935472
2024-08-20 09:51:38,38900.0,100,Buy,232935484
2024-08-20 09:51:39,38850.0,100,Sell,232935533
2024-08-20 09:51:41,38900.0,500,Buy,232935604
2024-08-20 09:51:41,38900.0,500,Buy,232935603
2024-08-20 09:51:41,38900.0,500,Buy,232935602
2024-08-20 09:51:41,38900.0,1400,Buy,232935595
2024-08-20 09:51:41,38900.0,6500,Buy,232935594
2024-08-20 09:51:41,38900.0,100,Buy,232935593
2024-08-20 09:51:41,38900.0,100,Buy,232935591
2024-08-20 09:51:41,38900.0,300,Buy,232935590
2024-08-20 09:51:41,38900.0,5000,Buy,232935589
2024-08-20 09:51:41,38900.0,400,Buy,232935588
2024-08-20 09:51:41,38900.0,600,Buy,232935587
2024-08-20 09:51:41,38900.0,1000,Buy,232935586
2024-08-20 09:51:41,38900.0,100,Buy,232935592
2024-08-20 09:51:41,38900.0,100,Buy,232935584
2024-08-20 09:51:41,38900.0,100,Buy,232935574
2024-08-20 09:51:41,38900.0,400,Buy,232935575
2024-08-20 09:51:41,38900.0,2000,Buy,232935576
2024-08-20 09:51:41,38900.0,100,Buy,232935585
2024-08-20 09:51:41,38900.0,1200,Buy,232935578
2024-08-20 09:51:41,38900.0,100,Buy,232935577
2024-08-20 09:51:41,38900.0,23200,Buy,232935572
2024-08-20 09:51:41,38900.0,200,Buy,232935580
2024-08-20 09:51:41,38900.0,100,Buy,232935581
2024-08-20 09:51:41,38900.0,1500,Buy,232935582
2024-08-20 09:51:41,38900.0,1000,Buy,232935583
2024-08-20 09:51:41,38900.0,3000,Buy,232935579
2024-08-20 09:51:43,38900.0,200,Buy,232935682
2024-08-20 09:51:43,38900.0,200,Buy,232935681
2024-08-20 09:51:43,38900.0,100,Buy,232935680
2024-08-20 09:51:43,38900.0,100,Buy,232935679
2024-08-20 09:51:43,38900.0,500,Buy,232935677
2024-08-20 09:51:43,38900.0,100,Buy,232935678
2024-08-20 09:51:43,38900.0,200,Buy,232935675
2024-08-20 09:51:43,38900.0,100,Buy,232935674
2024-08-20 09:51:43,38900.0,300,Buy,232935671
2024-08-20 09:51:43,38900.0,300,Buy,232935670
2024-08-20 09:51:43,38900.0,200,Buy,232935643
2024-08-20 09:51:43,38900.0,100,Buy,232935676
2024-08-20 09:51:46,38900.0,1000,Buy,232935752
2024-08-20 09:51:51,38900.0,500,Buy,232935908
2024-08-20 09:52:02,38900.0,2300,Buy,232936337
2024-08-20 09:52:02,38900.0,300,Buy,232936338
2024-08-20 09:52:10,38850.0,2000,Sell,232936572
2024-08-20 09:52:11,38900.0,5000,Buy,232936592
2024-08-20 09:52:12,38900.0,1300,Buy,232936612
2024-08-20 09:52:12,38900.0,10600,Buy,232936617
2024-08-20 09:52:19,38900.0,200,Buy,232936789
2024-08-20 09:52:19,38900.0,100,Buy,232936784
2024-08-20 09:52:19,38900.0,3000,Buy,232936787
2024-08-20 09:52:19,38900.0,100,Buy,232936786
2024-08-20 09:52:19,38900.0,200,Buy,232936785
2024-08-20 09:52:19,38900.0,2600,Buy,232936783
2024-08-20 09:52:19,38900.0,500,Buy,232936788
2024-08-20 09:52:19,38900.0,17400,Buy,232936781
2024-08-20 09:52:19,38900.0,8800,Buy,232936775
2024-08-20 09:52:19,38900.0,1000,Buy,232936776
2024-08-20 09:52:19,38900.0,100,Buy,232936777
2024-08-20 09:52:19,38900.0,100,Buy,232936782
2024-08-20 09:52:19,38900.0,2000,Buy,232936779
2024-08-20 09:52:19,38900.0,1000,Buy,232936780
2024-08-20 09:52:19,38900.0,2900,Buy,232936778
2024-08-20 09:52:21,38900.0,2800,Buy,232936855
2024-08-20 09:52:21,38900.0,1000,Buy,232936856
2024-08-20 09:52:21,38900.0,500,Buy,232936857
2024-08-20 09:52:21,38900.0,100,Buy,232936858
2024-08-20 09:52:21,38900.0,500,Buy,232936859
2024-08-20 09:52:21,38900.0,100,Buy,232936860
2024-08-20 09:52:21,38900.0,100,Sell,232936885
2024-08-20 09:52:21,38900.0,200,Sell,232936886
2024-08-20 09:52:22,38900.0,200,Sell,232936922
2024-08-20 09:52:22,38900.0,1200,Sell,232936923
2024-08-20 09:52:24,38900.0,3300,Sell,232936952
2024-08-20 09:52:25,38900.0,1300,Buy,232936982
2024-08-20 09:52:30,38900.0,1400,Buy,232937162
2024-08-20 09:52:30,38900.0,10000,Buy,232937177
2024-08-20 09:52:31,38900.0,3400,Buy,232937192
2024-08-20 09:52:31,38900.0,1600,Buy,232937193
2024-08-20 09:52:32,38900.0,500,Buy,232937219
2024-08-20 09:52:34,38900.0,500,Buy,232937319
2024-08-20 09:52:35,38900.0,1700,Buy,232937341
2024-08-20 09:52:39,38900.0,900,Buy,232937436
2024-08-20 09:52:43,38900.0,2500,Buy,232937573
2024-08-20 09:52:45,38900.0,100,Buy,232937634
2024-08-20 09:52:47,38900.0,1400,Buy,232937829
2024-08-20 09:52:48,38900.0,300,Buy,232937839
2024-08-20 09:52:48,38900.0,100,Buy,232937840
2024-08-20 09:52:48,38900.0,600,Buy,232937841
2024-08-20 09:52:48,38900.0,500,Buy,232937836
2024-08-20 09:52:54,38900.0,700,Buy,232938058
2024-08-20 09:52:55,38900.0,2200,Buy,232938100
2024-08-20 09:52:58,38900.0,600,Buy,232938174
2024-08-20 09:52:59,38900.0,5000,Buy,232938190
2024-08-20 09:53:00,38900.0,100,Buy,232938234
2024-08-20 09:53:02,38900.0,100,Buy,232938270
2024-08-20 09:53:06,38900.0,1000,Buy,232938384
2024-08-20 09:53:15,38900.0,2800,Buy,232938628
2024-08-20 09:53:19,38900.0,400,Buy,232938816
2024-08-20 09:53:20,38900.0,29900,Buy,232938859
2024-08-20 09:53:20,38900.0,100,Buy,232938860
2024-08-20 09:53:28,38900.0,100,Buy,232939092
2024-08-20 09:53:42,38900.0,300,Buy,232939487
2024-08-20 09:53:42,38900.0,300,Buy,232939488
2024-08-20 09:53:42,38900.0,200,Buy,232939489
2024-08-20 09:53:42,38900.0,200,Buy,232939490
2024-08-20 09:53:42,38900.0,200,Buy,232939491
2024-08-20 09:53:42,38900.0,500,Buy,232939495
2024-08-20 09:53:42,38900.0,100,Buy,232939493
2024-08-20 09:53:42,38900.0,100,Buy,232939494
2024-08-20 09:53:42,38900.0,100,Buy,232939496
2024-08-20 09:53:42,38900.0,100,Buy,232939497
2024-08-20 09:53:42,38900.0,500,Buy,232939498
2024-08-20 09:53:42,38900.0,3000,Buy,232939492
2024-08-20 09:53:42,38900.0,100,Buy,232939486
2024-08-20 09:53:42,38900.0,1000,Buy,232939484
2024-08-20 09:53:42,38900.0,1000,Buy,232939483
2024-08-20 09:53:42,38900.0,6400,Buy,232939466
2024-08-20 09:53:42,38900.0,100,Buy,232939473
2024-08-20 09:53:42,38900.0,900,Buy,232939474
2024-08-20 09:53:42,38900.0,100,Buy,232939485
2024-08-20 09:53:42,38900.0,300,Buy,232939476
2024-08-20 09:53:42,38900.0,100,Buy,232939475
2024-08-20 09:53:42,38900.0,800,Buy,232939478
2024-08-20 09:53:42,38900.0,200,Buy,232939479
2024-08-20 09:53:42,38900.0,100,Buy,232939480
2024-08-20 09:53:42,38900.0,100,Buy,232939481
2024-08-20 09:53:42,38900.0,1000,Buy,232939482
2024-08-20 09:53:42,38900.0,100,Buy,232939477
2024-08-20 09:53:44,38900.0,500,Sell,232939580
2024-08-20 09:53:46,38900.0,100,Sell,232939668
2024-08-20 09:53:47,38900.0,1000,Sell,232939697
2024-08-20 09:53:55,38900.0,1500,Sell,232939954
2024-08-20 09:53:55,38900.0,100,Sell,232939953
2024-08-20 09:53:55,38900.0,500,Sell,232939951
2024-08-20 09:53:55,38900.0,2900,Sell,232939952
2024-08-20 09:54:00,38900.0,2000,Sell,232940039
2024-08-20 09:54:03,38900.0,100,Sell,232940106
2024-08-20 09:54:04,38900.0,100,Sell,232940147
2024-08-20 09:54:06,38900.0,100,Sell,232940167
2024-08-20 09:54:08,38900.0,100,Sell,232940201
2024-08-20 09:54:11,38950.0,500,Buy,232940251
2024-08-20 09:54:16,38900.0,500,Sell,232940385
2024-08-20 09:54:17,38900.0,3000,Sell,232940437
2024-08-20 09:54:18,38950.0,500,Buy,232940457
2024-08-20 09:54:22,38900.0,3000,Sell,232940553
2024-08-20 09:54:23,38900.0,300,Sell,232940582
2024-08-20 09:54:23,38900.0,100,Sell,232940579
2024-08-20 09:54:24,38900.0,1000,Sell,232940681
2024-08-20 09:54:26,38900.0,1000,Sell,232940835
2024-08-20 09:54:27,38950.0,1000,Buy,232940848
2024-08-20 09:54:27,38900.0,100,Sell,232940849
2024-08-20 09:54:31,38900.0,100,Sell,232940966
2024-08-20 09:54:32,38900.0,400,Sell,232940990
2024-08-20 09:54:34,38900.0,500,Sell,232941041
2024-08-20 09:54:36,38900.0,1000,Sell,232941068
2024-08-20 09:54:38,38900.0,2400,Sell,232941114
2024-08-20 09:54:38,38900.0,100,Sell,232941113
2024-08-20 09:54:44,38900.0,100,Sell,232941261
2024-08-20 09:54:45,38900.0,100,Sell,232941291
2024-08-20 09:54:45,38900.0,300,Sell,232941292
2024-08-20 09:54:47,38850.0,100,Sell,232941331
2024-08-20 09:54:47,38900.0,100,Buy,232941333
2024-08-20 09:54:51,38900.0,500,Buy,232941406
2024-08-20 09:54:53,38900.0,1000,Buy,232941442
2024-08-20 09:54:57,38950.0,100,Buy,232941572
2024-08-20 09:54:57,38900.0,200,Buy,232941571
2024-08-20 09:54:57,38900.0,100,Buy,232941570
2024-08-20 09:54:57,38900.0,900,Buy,232941568
2024-08-20 09:54:57,38900.0,100,Buy,232941569
2024-08-20 09:54:59,38900.0,200,Sell,232941600
2024-08-20 09:55:00,38900.0,200,Sell,232941619
2024-08-20 09:55:05,38900.0,4600,Sell,232941739
2024-08-20 09:55:12,38900.0,100,Buy,232941899
2024-08-20 09:55:17,38900.0,100,Buy,232942004
2024-08-20 09:55:19,38900.0,100,Buy,232942058
2024-08-20 09:55:23,38900.0,3400,Buy,232942140
2024-08-20 09:55:23,38900.0,500,Buy,232942139
2024-08-20 09:55:23,38900.0,100,Buy,232942136
2024-08-20 09:55:23,38900.0,300,Buy,232942137
2024-08-20 09:55:23,38900.0,700,Buy,232942138
2024-08-20 09:55:24,38850.0,500,Sell,232942141
2024-08-20 09:55:24,38900.0,300,Buy,232942142
2024-08-20 09:55:40,38850.0,1000,Sell,232942612
2024-08-20 09:55:46,38900.0,1300,Buy,232942756
2024-08-20 09:55:46,38900.0,300,Buy,232942757
2024-08-20 09:55:46,38900.0,100,Buy,232942758
2024-08-20 09:55:46,38900.0,2700,Buy,232942759
2024-08-20 09:55:46,38900.0,2600,Buy,232942760
2024-08-20 09:55:49,38900.0,200,Buy,232942846
2024-08-20 09:55:53,38900.0,5000,Buy,232943066
2024-08-20 09:55:55,38900.0,4000,Buy,232943093
2024-08-20 09:56:02,38900.0,100,Buy,232943351
2024-08-20 09:56:02,38900.0,100,Buy,232943350
2024-08-20 09:56:02,38900.0,100,Buy,232943349
2024-08-20 09:56:02,38900.0,2500,Buy,232943348
2024-08-20 09:56:02,38900.0,1000,Buy,232943347
2024-08-20 09:56:02,38900.0,500,Buy,232943346
2024-08-20 09:56:02,38900.0,10000,Buy,232943345
2024-08-20 09:56:02,38900.0,1000,Buy,232943344
2024-08-20 09:56:02,38900.0,4500,Buy,232943343
2024-08-20 09:56:02,38900.0,1000,Buy,232943340
2024-08-20 09:56:02,38900.0,100,Buy,232943341
2024-08-20 09:56:02,38900.0,100,Buy,232943342
2024-08-20 09:56:02,38900.0,300,Buy,232943333
2024-08-20 09:56:02,38900.0,900,Buy,232943334
2024-08-20 09:56:02,38900.0,500,Buy,232943335
2024-08-20 09:56:02,38900.0,5500,Buy,232943332
2024-08-20 09:56:02,38900.0,100,Buy,232943337
2024-08-20 09:56:02,38900.0,100,Buy,232943338
2024-08-20 09:56:02,38900.0,1000,Buy,232943336
2024-08-20 09:56:02,38900.0,200,Buy,232943339
2024-08-20 09:56:03,38900.0,100,Sell,232943382
2024-08-20 09:56:03,38900.0,1000,Sell,232943383
2024-08-20 09:56:05,38900.0,500,Sell,232943414
2024-08-20 09:56:14,38900.0,100,Sell,232943672
2024-08-20 09:56:15,38900.0,100,Sell,232943699
2024-08-20 09:56:22,38900.0,600,Sell,232943840
2024-08-20 09:56:28,38900.0,1000,Sell,232944082
2024-08-20 09:56:30,38900.0,1300,Sell,232944117
2024-08-20 09:56:33,38950.0,400,Buy,232944213
2024-08-20 09:56:33,38950.0,300,Buy,232944211
2024-08-20 09:56:33,38950.0,100,Buy,232944212
2024-08-20 09:56:33,38950.0,1000,Buy,232944209
2024-08-20 09:56:33,38950.0,2700,Buy,232944208
2024-08-20 09:56:33,38950.0,500,Buy,232944210
2024-08-20 09:56:37,38900.0,1000,Sell,232944341
2024-08-20 09:56:42,38900.0,3000,Sell,232944442
2024-08-20 09:56:44,38950.0,100,Buy,232944533
2024-08-20 09:56:51,38950.0,100,Buy,232944684
2024-08-20 09:56:56,38900.0,1700,Sell,232944812
2024-08-20 09:56:56,38900.0,2300,Sell,232944813
2024-08-20 09:56:59,38950.0,200,Buy,232944854
2024-08-20 09:57:06,38900.0,100,Sell,232945050
2024-08-20 09:57:10,38950.0,100,Buy,232945262
2024-08-20 09:57:18,38950.0,100,Buy,232945455
2024-08-20 09:57:18,38950.0,400,Buy,232945456
2024-08-20 09:57:26,38950.0,300,Buy,232945626
2024-08-20 09:57:27,38900.0,1000,Sell,232945664
2024-08-20 09:57:29,38950.0,900,Buy,232945789
2024-08-20 09:57:29,38950.0,100,Buy,232945788
2024-08-20 09:57:29,38950.0,100,Buy,232945786
2024-08-20 09:57:29,38950.0,300,Buy,232945785
2024-08-20 09:57:29,38950.0,500,Buy,232945787
2024-08-20 09:57:33,38950.0,600,Buy,232945850
2024-08-20 09:57:36,38900.0,500,Sell,232945900
2024-08-20 09:57:37,38950.0,500,Buy,232945991
2024-08-20 09:57:37,38950.0,400,Buy,232945992
2024-08-20 09:57:37,38950.0,100,Buy,232945993
2024-08-20 09:57:37,38950.0,600,Buy,232945995
2024-08-20 09:57:37,38950.0,1700,Buy,232945994
2024-08-20 09:57:37,38950.0,500,Buy,232945996
2024-08-20 09:57:37,38950.0,200,Buy,232945973
2024-08-20 09:57:37,38950.0,100,Buy,232945998
2024-08-20 09:57:37,38950.0,500,Buy,232945999
2024-08-20 09:57:37,38950.0,3000,Buy,232946000
2024-08-20 09:57:37,38950.0,100,Buy,232946001
2024-08-20 09:57:37,38950.0,100,Buy,232946002
2024-08-20 09:57:37,38950.0,100,Buy,232945990
2024-08-20 09:57:37,38950.0,10000,Buy,232945997
2024-08-20 09:57:37,38950.0,100,Buy,232945989
2024-08-20 09:57:37,38950.0,100,Buy,232945978
2024-08-20 09:57:37,38950.0,200,Buy,232945987
2024-08-20 09:57:37,38950.0,500,Buy,232945986
2024-08-20 09:57:37,38950.0,100,Buy,232945985
2024-08-20 09:57:37,38950.0,2300,Buy,232945984
2024-08-20 09:57:37,38950.0,200,Buy,232945983
2024-08-20 09:57:37,38950.0,100,Buy,232945982
2024-08-20 09:57:37,38950.0,100,Buy,232945981
2024-08-20 09:57:37,38950.0,100,Buy,232945980
2024-08-20 09:57:37,38950.0,5000,Buy,232945979
2024-08-20 09:57:37,38950.0,100,Buy,232946003
2024-08-20 09:57:37,38950.0,100,Buy,232945977
2024-08-20 09:57:37,38950.0,1000,Buy,232945976
2024-08-20 09:57:37,38950.0,5000,Buy,232945975
2024-08-20 09:57:37,38950.0,100,Buy,232945974
2024-08-20 09:57:37,38950.0,1000,Buy,232945988
2024-08-20 09:57:37,38950.0,500,Buy,232946004
2024-08-20 09:57:37,39000.0,5000,Buy,232946016
2024-08-20 09:57:37,38950.0,100,Buy,232946006
2024-08-20 09:57:37,39000.0,16000,Buy,232946036
2024-08-20 09:57:37,39000.0,100,Buy,232946035
2024-08-20 09:57:37,39000.0,100,Buy,232946034
2024-08-20 09:57:37,39000.0,200,Buy,232946033
2024-08-20 09:57:37,39000.0,100,Buy,232946032
2024-08-20 09:57:37,39000.0,100,Buy,232946031
2024-08-20 09:57:37,39000.0,100,Buy,232946030
2024-08-20 09:57:37,39000.0,100,Buy,232946029
2024-08-20 09:57:37,39000.0,200,Buy,232946028
2024-08-20 09:57:37,39000.0,100,Buy,232946027
2024-08-20 09:57:37,39000.0,1000,Buy,232946026
2024-08-20 09:57:37,39000.0,300,Buy,232946025
2024-08-20 09:57:37,39000.0,100,Buy,232946024
2024-08-20 09:57:37,39000.0,100,Buy,232946023
2024-08-20 09:57:37,39000.0,1000,Buy,232946022
2024-08-20 09:57:37,39000.0,200,Buy,232946021
2024-08-20 09:57:37,39000.0,500,Buy,232946020
2024-08-20 09:57:37,39000.0,100,Buy,232946019
2024-08-20 09:57:37,39000.0,2000,Buy,232946018
2024-08-20 09:57:37,39000.0,1000,Buy,232946017
2024-08-20 09:57:37,38950.0,1400,Buy,232946015
2024-08-20 09:57:37,38950.0,1000,Buy,232946014
2024-08-20 09:57:37,38950.0,2300,Buy,232946013
2024-08-20 09:57:37,38950.0,1000,Buy,232946012
2024-08-20 09:57:37,38950.0,200,Buy,232946011
2024-08-20 09:57:37,38950.0,100,Buy,232946010
2024-08-20 09:57:37,38950.0,6900,Buy,232946009
2024-08-20 09:57:37,38950.0,5000,Buy,232946008
2024-08-20 09:57:37,38950.0,1000,Buy,232946007
2024-08-20 09:57:37,38950.0,300,Buy,232946005
2024-08-20 09:57:37,38950.0,100,Buy,232945972
2024-08-20 09:57:37,38950.0,500,Buy,232945928
2024-08-20 09:57:37,38950.0,1000,Buy,232945970
2024-08-20 09:57:37,38950.0,200,Buy,232945934
2024-08-20 09:57:37,38950.0,200,Buy,232945933
2024-08-20 09:57:37,38950.0,200,Buy,232945932
2024-08-20 09:57:37,38950.0,100,Buy,232945931
2024-08-20 09:57:37,38950.0,2000,Buy,232945930
2024-08-20 09:57:37,38950.0,2000,Buy,232945929
2024-08-20 09:57:37,38950.0,1000,Buy,232945927
2024-08-20 09:57:37,38950.0,100,Buy,232945926
2024-08-20 09:57:37,38950.0,100,Buy,232945971
2024-08-20 09:57:37,38950.0,2000,Buy,232945924
2024-08-20 09:57:37,38950.0,1500,Buy,232945923
2024-08-20 09:57:37,38950.0,100,Buy,232945922
2024-08-20 09:57:37,38950.0,100,Buy,232945921
2024-08-20 09:57:37,38950.0,500,Buy,232945920
2024-08-20 09:57:37,38950.0,5000,Buy,232945919
2024-08-20 09:57:37,38950.0,100,Buy,232945918
2024-08-20 09:57:37,38950.0,500,Buy,232945917
2024-08-20 09:57:37,38950.0,100,Buy,232945916
2024-08-20 09:57:37,38950.0,100,Buy,232945915
2024-08-20 09:57:37,38950.0,100,Buy,232945914
2024-08-20 09:57:37,38950.0,10000,Buy,232945913
2024-08-20 09:57:37,38950.0,2000,Buy,232945912
2024-08-20 09:57:37,38950.0,1000,Buy,232945911
2024-08-20 09:57:37,38950.0,100,Buy,232945910
2024-08-20 09:57:37,38950.0,5000,Buy,232945909
2024-08-20 09:57:37,38950.0,500,Buy,232945908
2024-08-20 09:57:37,38950.0,500,Buy,232945907
2024-08-20 09:57:37,38950.0,100,Buy,232945906
2024-08-20 09:57:37,38950.0,7500,Buy,232945905
2024-08-20 09:57:37,38950.0,4500,Buy,232945935
2024-08-20 09:57:37,38950.0,15400,Buy,232945936
2024-08-20 09:57:37,38950.0,500,Buy,232945925
2024-08-20 09:57:37,38950.0,200,Buy,232945938
2024-08-20 09:57:37,38950.0,500,Buy,232945969
2024-08-20 09:57:37,38950.0,1000,Buy,232945968
2024-08-20 09:57:37,38950.0,100,Buy,232945967
2024-08-20 09:57:37,38950.0,300,Buy,232945966
2024-08-20 09:57:37,38950.0,500,Buy,232945937
2024-08-20 09:57:37,38950.0,2000,Buy,232945964
2024-08-20 09:57:37,38950.0,100,Buy,232945963
2024-08-20 09:57:37,38950.0,5000,Buy,232945962
2024-08-20 09:57:37,38950.0,100,Buy,232945961
2024-08-20 09:57:37,38950.0,500,Buy,232945960
2024-08-20 09:57:37,38950.0,100,Buy,232945959
2024-08-20 09:57:37,38950.0,500,Buy,232945958
2024-08-20 09:57:37,38950.0,1000,Buy,232945957
2024-08-20 09:57:37,38950.0,100,Buy,232945956
2024-08-20 09:57:37,38950.0,200,Buy,232945955
2024-08-20 09:57:37,38950.0,300,Buy,232945965
2024-08-20 09:57:37,38950.0,100,Buy,232945953
2024-08-20 09:57:37,38950.0,100,Buy,232945954
2024-08-20 09:57:37,38950.0,100,Buy,232945939
2024-08-20 09:57:37,38950.0,500,Buy,232945941
2024-08-20 09:57:37,38950.0,100,Buy,232945943
2024-08-20 09:57:37,38950.0,100,Buy,232945944
2024-08-20 09:57:37,38950.0,1000,Buy,232945945
2024-08-20 09:57:37,38950.0,300,Buy,232945946
2024-08-20 09:57:37,38950.0,100,Buy,232945940
2024-08-20 09:57:37,38950.0,6100,Buy,232945947
2024-08-20 09:57:37,38950.0,100,Buy,232945952
2024-08-20 09:57:37,38950.0,4000,Buy,232945950
2024-08-20 09:57:37,38950.0,26000,Buy,232945951
2024-08-20 09:57:37,38950.0,1000,Buy,232945948
2024-08-20 09:57:37,38950.0,1000,Buy,232945949
2024-08-20 09:57:39,38950.0,200,Sell,232946141
2024-08-20 09:57:39,38950.0,9800,Sell,232946142
2024-08-20 09:57:45,38950.0,2500,Buy,232946304
2024-08-20 09:57:45,38950.0,500,Sell,232946305
2024-08-20 09:57:52,39000.0,500,Buy,232946479
2024-08-20 09:57:52,39000.0,200,Buy,232946472
2024-08-20 09:57:52,39000.0,500,Buy,232946473
2024-08-20 09:57:52,39000.0,500,Buy,232946474
2024-08-20 09:57:52,39000.0,3000,Buy,232946475
2024-08-20 09:57:52,39000.0,500,Buy,232946476
2024-08-20 09:57:52,39000.0,1900,Buy,232946477
2024-08-20 09:57:52,39000.0,1000,Buy,232946478
2024-08-20 09:57:52,39000.0,100,Buy,232946480
2024-08-20 09:57:52,39000.0,5800,Buy,232946490
2024-08-20 09:57:52,39000.0,100,Buy,232946482
2024-08-20 09:57:52,39000.0,500,Buy,232946483
2024-08-20 09:57:52,39000.0,100,Buy,232946484
2024-08-20 09:57:52,39000.0,400,Buy,232946485
2024-08-20 09:57:52,39000.0,500,Buy,232946486
2024-08-20 09:57:52,39000.0,1000,Buy,232946487
2024-08-20 09:57:52,39000.0,200,Buy,232946489
2024-08-20 09:57:52,39000.0,300,Buy,232946471
2024-08-20 09:57:52,39000.0,1000,Buy,232946481
2024-08-20 09:57:52,39000.0,900,Buy,232946470
2024-08-20 09:57:52,39000.0,500,Buy,232946488
2024-08-20 09:57:52,39000.0,100,Buy,232946468
2024-08-20 09:57:52,39000.0,200,Buy,232946450
2024-08-20 09:57:52,39000.0,15000,Buy,232946451
2024-08-20 09:57:52,39000.0,4000,Buy,232946449
2024-08-20 09:57:52,39000.0,200,Buy,232946452
2024-08-20 09:57:52,39000.0,200,Buy,232946453
2024-08-20 09:57:52,39000.0,500,Buy,232946454
2024-08-20 09:57:52,39000.0,400,Buy,232946455
2024-08-20 09:57:52,39000.0,100,Buy,232946456
2024-08-20 09:57:52,39000.0,2000,Buy,232946457
2024-08-20 09:57:52,39000.0,100,Buy,232946458
2024-08-20 09:57:52,39000.0,100,Buy,232946459
2024-08-20 09:57:52,39000.0,100,Buy,232946460
2024-08-20 09:57:52,39000.0,100,Buy,232946461
2024-08-20 09:57:52,39000.0,100,Buy,232946462
2024-08-20 09:57:52,39000.0,500,Buy,232946463
2024-08-20 09:57:52,39000.0,500,Buy,232946464
2024-08-20 09:57:52,39000.0,100,Buy,232946465
2024-08-20 09:57:52,39000.0,100,Buy,232946466
2024-08-20 09:57:52,39000.0,1000,Buy,232946467
2024-08-20 09:57:52,39000.0,1200,Buy,232946469
2024-08-20 09:57:54,38950.0,100,Sell,232946543
2024-08-20 09:57:59,39000.0,300,Buy,232946642
2024-08-20 09:58:02,39000.0,5100,Buy,232946817
2024-08-20 09:58:03,38950.0,200,Sell,232946850
2024-08-20 09:58:09,39000.0,100,Buy,232947041
2024-08-20 09:58:09,39000.0,500,Buy,232947042
2024-08-20 09:58:09,39000.0,1500,Buy,232947043
2024-08-20 09:58:09,39000.0,2000,Buy,232947044
2024-08-20 09:58:09,39000.0,500,Buy,232947045
2024-08-20 09:58:09,39000.0,100,Buy,232947046
2024-08-20 09:58:09,39000.0,5000,Buy,232947047
2024-08-20 09:58:09,39000.0,200,Buy,232947048
2024-08-20 09:58:09,39000.0,500,Buy,232947049
2024-08-20 09:58:09,39000.0,1000,Buy,232947051
2024-08-20 09:58:09,39000.0,500,Buy,232947052
2024-08-20 09:58:09,39000.0,1000,Buy,232947053
2024-08-20 09:58:09,39000.0,500,Buy,232947054
2024-08-20 09:58:09,39000.0,300,Buy,232947055
2024-08-20 09:58:09,39000.0,500,Buy,232947056
2024-08-20 09:58:09,39000.0,11600,Buy,232947057
2024-08-20 09:58:09,39000.0,2300,Buy,232947040
2024-08-20 09:58:09,39000.0,200,Buy,232947050
2024-08-20 09:58:09,39000.0,1000,Buy,232947039
2024-08-20 09:58:09,39000.0,200,Buy,232947034
2024-08-20 09:58:09,39000.0,100,Buy,232947037
2024-08-20 09:58:09,39000.0,18800,Buy,232947019
2024-08-20 09:58:09,39000.0,600,Buy,232947020
2024-08-20 09:58:09,39000.0,100,Buy,232947038
2024-08-20 09:58:09,39000.0,1000,Buy,232947022
2024-08-20 09:58:09,39000.0,3000,Buy,232947023
2024-08-20 09:58:09,39000.0,100,Buy,232947024
2024-08-20 09:58:09,39000.0,1000,Buy,232947025
2024-08-20 09:58:09,39000.0,7600,Buy,232947026
2024-08-20 09:58:09,39000.0,100,Buy,232947027
2024-08-20 09:58:09,39000.0,400,Buy,232947021
2024-08-20 09:58:09,39000.0,1000,Buy,232947029
2024-08-20 09:58:09,39000.0,1000,Buy,232947030
2024-08-20 09:58:09,39000.0,1000,Buy,232947031
2024-08-20 09:58:09,39000.0,100,Buy,232947032
2024-08-20 09:58:09,39000.0,2000,Buy,232947033
2024-08-20 09:58:09,39000.0,100,Buy,232947035
2024-08-20 09:58:09,39000.0,100,Buy,232947036
2024-08-20 09:58:09,39000.0,1000,Buy,232947028
2024-08-20 09:58:10,39000.0,2100,Buy,232947094
2024-08-20 09:58:10,39000.0,200,Buy,232947095
2024-08-20 09:58:10,39000.0,200,Buy,232947096
2024-08-20 09:58:10,39000.0,100,Buy,232947097
2024-08-20 09:58:10,39000.0,2000,Buy,232947098
2024-08-20 09:58:10,39000.0,400,Buy,232947099
2024-08-20 09:58:10,39000.0,100,Buy,232947103
2024-08-20 09:58:10,39000.0,100,Buy,232947101
2024-08-20 09:58:10,39000.0,1000,Buy,232947102
2024-08-20 09:58:10,39000.0,100,Buy,232947104
2024-08-20 09:58:10,39000.0,100,Buy,232947105
2024-08-20 09:58:10,39000.0,600,Buy,232947106
2024-08-20 09:58:10,39000.0,1000,Buy,232947093
2024-08-20 09:58:10,39000.0,600,Buy,232947100
2024-08-20 09:58:10,39000.0,100,Buy,232947092
2024-08-20 09:58:10,39000.0,1000,Buy,232947077
2024-08-20 09:58:10,39000.0,100,Buy,232947090
2024-08-20 09:58:10,39000.0,100,Buy,232947091
2024-08-20 09:58:10,39000.0,1000,Buy,232947076
2024-08-20 09:58:10,39000.0,8400,Buy,232947075
2024-08-20 09:58:10,39000.0,500,Buy,232947078
2024-08-20 09:58:10,39000.0,900,Buy,232947080
2024-08-20 09:58:10,39000.0,500,Buy,232947081
2024-08-20 09:58:10,39000.0,800,Buy,232947079
2024-08-20 09:58:10,39000.0,300,Buy,232947083
2024-08-20 09:58:10,39000.0,600,Buy,232947084
2024-08-20 09:58:10,39000.0,300,Buy,232947085
2024-08-20 09:58:10,39000.0,1300,Buy,232947087
2024-08-20 09:58:10,39000.0,200,Buy,232947088
2024-08-20 09:58:10,39000.0,100,Buy,232947089
2024-08-20 09:58:10,39000.0,200,Buy,232947082
2024-08-20 09:58:12,39000.0,200,Buy,232947160
2024-08-20 09:58:12,39000.0,1000,Buy,232947166
2024-08-20 09:58:12,39000.0,100,Buy,232947165
2024-08-20 09:58:12,39000.0,400,Buy,232947164
2024-08-20 09:58:12,39000.0,100,Buy,232947163
2024-08-20 09:58:12,39000.0,100,Buy,232947161
2024-08-20 09:58:12,39000.0,2600,Buy,232947159
2024-08-20 09:58:12,39000.0,500,Buy,232947162
2024-08-20 09:58:12,39000.0,900,Buy,232947144
2024-08-20 09:58:12,39000.0,100,Buy,232947143
2024-08-20 09:58:12,39000.0,100,Buy,232947142
2024-08-20 09:58:12,39000.0,4000,Buy,232947141
2024-08-20 09:58:12,39000.0,1000,Buy,232947140
2024-08-20 09:58:12,39000.0,1000,Buy,232947139
2024-08-20 09:58:12,39000.0,1400,Buy,232947138
2024-08-20 09:58:12,39000.0,1500,Buy,232947156
2024-08-20 09:58:13,39000.0,300,Buy,232947208
2024-08-20 09:58:13,39000.0,200,Buy,232947207
2024-08-20 09:58:13,39000.0,100,Buy,232947206
2024-08-20 09:58:13,39000.0,1000,Buy,232947202
2024-08-20 09:58:13,39000.0,1000,Buy,232947203
2024-08-20 09:58:13,39000.0,100,Buy,232947209
2024-08-20 09:58:13,39000.0,300,Buy,232947201
2024-08-20 09:58:13,39000.0,100,Buy,232947204
2024-08-20 09:58:13,39000.0,100,Buy,232947210
2024-08-20 09:58:13,39000.0,100,Buy,232947214
2024-08-20 09:58:13,39000.0,100,Buy,232947212
2024-08-20 09:58:13,39000.0,100,Buy,232947213
2024-08-20 09:58:13,39000.0,100,Buy,232947215
2024-08-20 09:58:13,39000.0,300,Buy,232947216
2024-08-20 09:58:13,39000.0,200,Buy,232947217
2024-08-20 09:58:13,39000.0,100,Buy,232947200
2024-08-20 09:58:13,39000.0,26000,Buy,232947219
2024-08-20 09:58:13,39000.0,100,Buy,232947220
2024-08-20 09:58:13,39000.0,9700,Buy,232947221
2024-08-20 09:58:13,39000.0,100,Buy,232947211
2024-08-20 09:58:13,39000.0,600,Buy,232947199
2024-08-20 09:58:13,39000.0,200,Buy,232947218
2024-08-20 09:58:13,39000.0,34700,Buy,232947197
2024-08-20 09:58:13,39000.0,5300,Buy,232947198
2024-08-20 09:58:13,39000.0,2000,Buy,232947175
2024-08-20 09:58:13,39000.0,1500,Buy,232947176
2024-08-20 09:58:13,39000.0,500,Buy,232947177
2024-08-20 09:58:13,39000.0,200,Buy,232947178
2024-08-20 09:58:13,39000.0,500,Buy,232947180
2024-08-20 09:58:13,39000.0,300,Buy,232947181
2024-08-20 09:58:13,39000.0,1500,Buy,232947184
2024-08-20 09:58:13,39000.0,100,Buy,232947185
2024-08-20 09:58:13,39000.0,200,Buy,232947186
2024-08-20 09:58:13,39000.0,100,Buy,232947179
2024-08-20 09:58:13,39000.0,500,Buy,232947188
2024-08-20 09:58:13,39000.0,2000,Buy,232947189
2024-08-20 09:58:13,39000.0,300,Buy,232947190
2024-08-20 09:58:13,39000.0,2000,Buy,232947191
2024-08-20 09:58:13,39000.0,1000,Buy,232947192
2024-08-20 09:58:13,39000.0,500,Buy,232947193
2024-08-20 09:58:13,39000.0,100,Buy,232947194
2024-08-20 09:58:13,39000.0,500,Buy,232947195
2024-08-20 09:58:13,39000.0,200,Buy,232947196
2024-08-20 09:58:13,39000.0,100,Buy,232947187
2024-08-20 09:58:14,39000.0,300,Buy,232947277
2024-08-20 09:58:14,39000.0,600,Buy,232947276
2024-08-20 09:58:14,39000.0,11900,Buy,232947275
2024-08-20 09:58:14,39000.0,2500,Buy,232947274
2024-08-20 09:58:14,39000.0,100,Buy,232947273
2024-08-20 09:58:14,39000.0,100,Buy,232947268
2024-08-20 09:58:14,39000.0,200,Buy,232947271
2024-08-20 09:58:14,39000.0,200,Buy,232947270
2024-08-20 09:58:14,39000.0,1000,Buy,232947269
2024-08-20 09:58:14,39000.0,300,Buy,232947278
2024-08-20 09:58:14,39000.0,500,Buy,232947272
2024-08-20 09:58:14,39000.0,10000,Buy,232947279
2024-08-20 09:58:14,39000.0,5000,Buy,232947290
2024-08-20 09:58:14,39000.0,200,Buy,232947281
2024-08-20 09:58:14,39000.0,500,Buy,232947282
2024-08-20 09:58:14,39000.0,200,Buy,232947283
2024-08-20 09:58:14,39000.0,500,Buy,232947284
2024-08-20 09:58:14,39000.0,1000,Buy,232947285
2024-08-20 09:58:14,39000.0,3000,Buy,232947286
2024-08-20 09:58:14,39000.0,100,Buy,232947287
2024-08-20 09:58:14,39000.0,1000,Buy,232947288
2024-08-20 09:58:14,39000.0,400,Buy,232947289
2024-08-20 09:58:14,39000.0,100,Buy,232947267
2024-08-20 09:58:14,39000.0,5000,Buy,232947291
2024-08-20 09:58:14,39000.0,12300,Buy,232947292
2024-08-20 09:58:14,39000.0,200,Buy,232947280
2024-08-20 09:58:14,39000.0,7900,Buy,232947266
2024-08-20 09:58:14,39000.0,100,Buy,232947256
2024-08-20 09:58:14,39000.0,1000,Buy,232947264
2024-08-20 09:58:14,39000.0,300,Buy,232947237
2024-08-20 09:58:14,39000.0,100,Buy,232947238
2024-08-20 09:58:14,39000.0,300,Buy,232947239
2024-08-20 09:58:14,39000.0,300,Buy,232947240
2024-08-20 09:58:14,39000.0,200,Buy,232947241
2024-08-20 09:58:14,39000.0,5000,Buy,232947242
2024-08-20 09:58:14,39000.0,3600,Buy,232947243
2024-08-20 09:58:14,39000.0,300,Buy,232947244
2024-08-20 09:58:14,39000.0,100,Buy,232947245
2024-08-20 09:58:14,39000.0,1500,Buy,232947246
2024-08-20 09:58:14,39000.0,100,Buy,232947247
2024-08-20 09:58:14,39000.0,100,Buy,232947248
2024-08-20 09:58:14,39000.0,2000,Buy,232947265
2024-08-20 09:58:14,39000.0,100,Buy,232947249
2024-08-20 09:58:14,39000.0,200,Buy,232947251
2024-08-20 09:58:14,39000.0,100,Buy,232947263
2024-08-20 09:58:14,39000.0,500,Buy,232947262
2024-08-20 09:58:14,39000.0,15000,Buy,232947261
2024-08-20 09:58:14,39000.0,100,Buy,232947260
2024-08-20 09:58:14,39000.0,200,Buy,232947250
2024-08-20 09:58:14,39000.0,100,Buy,232947258
2024-08-20 09:58:14,39000.0,100,Buy,232947259
2024-08-20 09:58:14,39000.0,700,Buy,232947255
2024-08-20 09:58:14,39000.0,2500,Buy,232947254
2024-08-20 09:58:14,39000.0,100,Buy,232947253
2024-08-20 09:58:14,39000.0,100,Buy,232947252
2024-08-20 09:58:14,39000.0,100,Buy,232947257
2024-08-20 09:58:16,39000.0,100,Buy,232947365
2024-08-20 09:58:16,39000.0,100,Buy,232947368
2024-08-20 09:58:16,39000.0,100,Buy,232947367
2024-08-20 09:58:16,39000.0,100,Buy,232947364
2024-08-20 09:58:16,39000.0,100,Buy,232947366
2024-08-20 09:58:16,39000.0,500,Buy,232947362
2024-08-20 09:58:16,39000.0,5300,Buy,232947361
2024-08-20 09:58:16,39000.0,21400,Buy,232947360
2024-08-20 09:58:16,39000.0,1000,Buy,232947357
2024-08-20 09:58:16,39000.0,100,Buy,232947363
2024-08-20 09:58:21,39050.0,1600,Buy,232947471
2024-08-20 09:58:21,39000.0,100,Sell,232947511
2024-08-20 09:58:26,39050.0,1000,Buy,232947661
2024-08-20 09:58:26,39050.0,1000,Buy,232947662
2024-08-20 09:58:26,39050.0,100,Buy,232947663
2024-08-20 09:58:26,39050.0,600,Buy,232947664
2024-08-20 09:58:26,39050.0,500,Buy,232947665
2024-08-20 09:58:26,39050.0,300,Buy,232947666
2024-08-20 09:58:26,39050.0,34700,Buy,232947670
2024-08-20 09:58:26,39050.0,500,Buy,232947668
2024-08-20 09:58:26,39050.0,1000,Buy,232947669
2024-08-20 09:58:26,39050.0,5300,Buy,232947671
2024-08-20 09:58:26,39050.0,100,Buy,232947672
2024-08-20 09:58:26,39050.0,100,Buy,232947673
2024-08-20 09:58:26,39050.0,14600,Buy,232947674
2024-08-20 09:58:26,39050.0,1000,Buy,232947667
2024-08-20 09:58:26,39050.0,200,Buy,232947660
2024-08-20 09:58:26,39050.0,100,Buy,232947656
2024-08-20 09:58:26,39050.0,10000,Buy,232947655
2024-08-20 09:58:26,39050.0,3400,Buy,232947642
2024-08-20 09:58:26,39050.0,500,Buy,232947643
2024-08-20 09:58:26,39050.0,500,Buy,232947644
2024-08-20 09:58:26,39050.0,500,Buy,232947645
2024-08-20 09:58:26,39050.0,1000,Buy,232947646
2024-08-20 09:58:26,39050.0,100,Buy,232947657
2024-08-20 09:58:26,39050.0,500,Buy,232947647
2024-08-20 09:58:26,39050.0,100,Buy,232947649
2024-08-20 09:58:26,39050.0,100,Buy,232947650
2024-08-20 09:58:26,39050.0,10000,Buy,232947651
2024-08-20 09:58:26,39050.0,1600,Buy,232947652
2024-08-20 09:58:26,39050.0,500,Buy,232947653
2024-08-20 09:58:26,39050.0,10000,Buy,232947654
2024-08-20 09:58:26,39050.0,100,Buy,232947648
2024-08-20 09:58:27,39050.0,5000,Buy,232947700
2024-08-20 09:58:27,39000.0,6900,Sell,232947705
2024-08-20 09:58:28,39050.0,5300,Buy,232947767
2024-08-20 09:58:28,39050.0,100,Buy,232947768
2024-08-20 09:58:28,39050.0,8000,Buy,232947730
2024-08-20 09:58:28,39050.0,7100,Buy,232947766
2024-08-20 09:58:29,39050.0,100,Sell,232947779
2024-08-20 09:58:30,39050.0,100,Sell,232947801
2024-08-20 09:58:35,39100.0,100,Buy,232947893
2024-08-20 09:58:35,39100.0,500,Buy,232947910
2024-08-20 09:58:35,39050.0,100,Sell,232947911
2024-08-20 09:58:35,39050.0,3700,Sell,232947912
2024-08-20 09:58:37,39100.0,4000,Buy,232947950
2024-08-20 09:58:37,39050.0,200,Sell,232947951
2024-08-20 09:58:38,39050.0,100,Sell,232947955
2024-08-20 09:58:41,39050.0,100,Sell,232948012
2024-08-20 09:58:51,39100.0,5000,Buy,232948378
2024-08-20 09:58:52,39050.0,100,Sell,232948384
2024-08-20 09:58:52,39100.0,400,Buy,232948400
2024-08-20 09:58:52,39100.0,100,Buy,232948401
2024-08-20 09:58:53,39100.0,100,Buy,232948444
2024-08-20 09:58:53,39100.0,100,Buy,232948442
2024-08-20 09:58:53,39100.0,600,Buy,232948441
2024-08-20 09:58:53,39100.0,500,Buy,232948443
2024-08-20 09:58:53,39100.0,1000,Buy,232948439
2024-08-20 09:58:53,39100.0,200,Buy,232948438
2024-08-20 09:58:53,39050.0,500,Sell,232948437
2024-08-20 09:58:53,39100.0,500,Buy,232948440
2024-08-20 09:58:54,39100.0,200,Buy,232948489
2024-08-20 09:58:54,39100.0,200,Buy,232948490
2024-08-20 09:58:54,39100.0,100,Buy,232948491
2024-08-20 09:58:54,39100.0,10000,Buy,232948492
2024-08-20 09:58:54,39100.0,500,Buy,232948493
2024-08-20 09:58:54,39100.0,500,Buy,232948488
2024-08-20 09:58:54,39100.0,100,Buy,232948496
2024-08-20 09:58:54,39100.0,2000,Buy,232948497
2024-08-20 09:58:54,39100.0,100,Buy,232948498
2024-08-20 09:58:54,39100.0,500,Buy,232948500
2024-08-20 09:58:54,39100.0,2000,Buy,232948501
2024-08-20 09:58:54,39100.0,500,Buy,232948505
2024-08-20 09:58:54,39100.0,100,Buy,232948506
2024-08-20 09:58:54,39100.0,34700,Buy,232948507
2024-08-20 09:58:54,39100.0,5300,Buy,232948508
2024-08-20 09:58:54,39100.0,500,Buy,232948509
2024-08-20 09:58:54,39100.0,100,Buy,232948510
2024-08-20 09:58:54,39100.0,1100,Buy,232948511
2024-08-20 09:58:54,39100.0,500,Buy,232948499
2024-08-20 09:58:54,39100.0,5000,Buy,232948487
2024-08-20 09:58:54,39100.0,400,Buy,232948495
2024-08-20 09:58:54,39100.0,1000,Buy,232948485
2024-08-20 09:58:54,39100.0,100,Buy,232948486
2024-08-20 09:58:54,39100.0,10300,Buy,232948465
2024-08-20 09:58:54,39100.0,1000,Buy,232948466
2024-08-20 09:58:54,39100.0,500,Buy,232948467
2024-08-20 09:58:54,39100.0,1000,Buy,232948468
2024-08-20 09:58:54,39100.0,100,Buy,232948469
2024-08-20 09:58:54,39100.0,5000,Buy,232948470
2024-08-20 09:58:54,39100.0,1000,Buy,232948471
2024-08-20 09:58:54,39100.0,100,Buy,232948472
2024-08-20 09:58:54,39100.0,1000,Buy,232948473
2024-08-20 09:58:54,39100.0,1000,Buy,232948474
2024-08-20 09:58:54,39100.0,2000,Buy,232948494
2024-08-20 09:58:54,39100.0,100,Buy,232948476
2024-08-20 09:58:54,39100.0,5000,Buy,232948483
2024-08-20 09:58:54,39100.0,500,Buy,232948482
2024-08-20 09:58:54,39100.0,200,Buy,232948481
2024-08-20 09:58:54,39100.0,500,Buy,232948480
2024-08-20 09:58:54,39100.0,100,Buy,232948484
2024-08-20 09:58:54,39100.0,100,Buy,232948475
2024-08-20 09:58:54,39100.0,2000,Buy,232948478
2024-08-20 09:58:54,39100.0,2000,Buy,232948477
2024-08-20 09:58:54,39100.0,1000,Buy,232948479
2024-08-20 09:58:57,39100.0,1400,Buy,232948556
2024-08-20 09:58:57,39100.0,100,Buy,232948557
2024-08-20 09:58:57,39100.0,2000,Buy,232948558
2024-08-20 09:58:57,39100.0,500,Buy,232948559
2024-08-20 09:58:57,39100.0,200,Buy,232948560
2024-08-20 09:58:57,39100.0,100,Buy,232948561
2024-08-20 09:58:59,39150.0,200,Buy,232948701
2024-08-20 09:59:00,39100.0,100,Sell,232948726
2024-08-20 09:59:01,39150.0,100,Buy,232948741
2024-08-20 09:59:04,39100.0,100,Sell,232948831
2024-08-20 09:59:04,39100.0,500,Sell,232948825
2024-08-20 09:59:04,39150.0,100,Buy,232948824
2024-08-20 09:59:04,39100.0,100,Sell,232948823
2024-08-20 09:59:04,39100.0,1000,Sell,232948818
2024-08-20 09:59:07,39150.0,22000,Buy,232948910
2024-08-20 09:59:07,39150.0,5300,Buy,232948909
2024-08-20 09:59:07,39150.0,26000,Buy,232948908
2024-08-20 09:59:07,39150.0,4000,Buy,232948907
2024-08-20 09:59:07,39150.0,100,Buy,232948906
2024-08-20 09:59:07,39150.0,100,Buy,232948905
2024-08-20 09:59:07,39150.0,100,Buy,232948904
2024-08-20 09:59:07,39150.0,1000,Buy,232948903
2024-08-20 09:59:07,39150.0,400,Buy,232948900
2024-08-20 09:59:07,39150.0,2000,Buy,232948899
2024-08-20 09:59:07,39150.0,100,Buy,232948898
2024-08-20 09:59:07,39150.0,100,Buy,232948897
2024-08-20 09:59:07,39150.0,2000,Buy,232948901
2024-08-20 09:59:07,39150.0,1000,Buy,232948895
2024-08-20 09:59:07,39150.0,3100,Buy,232948896
2024-08-20 09:59:07,39150.0,100,Buy,232948883
2024-08-20 09:59:07,39150.0,500,Buy,232948885
2024-08-20 09:59:07,39150.0,500,Buy,232948886
2024-08-20 09:59:07,39150.0,1000,Buy,232948887
2024-08-20 09:59:07,39150.0,200,Buy,232948888
2024-08-20 09:59:07,39150.0,3000,Buy,232948884
2024-08-20 09:59:07,39150.0,2500,Buy,232948890
2024-08-20 09:59:07,39150.0,500,Buy,232948891
2024-08-20 09:59:07,39150.0,500,Buy,232948892
2024-08-20 09:59:07,39150.0,800,Buy,232948893
2024-08-20 09:59:07,39150.0,3000,Buy,232948894
2024-08-20 09:59:07,39150.0,100,Buy,232948889
2024-08-20 09:59:08,39200.0,1000,Buy,232949037
2024-08-20 09:59:08,39200.0,200,Buy,232949036
2024-08-20 09:59:08,39200.0,10000,Buy,232949035
2024-08-20 09:59:08,39200.0,800,Buy,232949034
2024-08-20 09:59:08,39200.0,2000,Buy,232949031
2024-08-20 09:59:08,39200.0,100,Buy,232949032
2024-08-20 09:59:08,39200.0,100,Buy,232949030
2024-08-20 09:59:08,39200.0,1000,Buy,232949029
2024-08-20 09:59:08,39200.0,500,Buy,232949038
2024-08-20 09:59:08,39200.0,100,Buy,232949028
2024-08-20 09:59:08,39200.0,1000,Buy,232949033
2024-08-20 09:59:08,39200.0,1000,Buy,232949039
2024-08-20 09:59:08,39200.0,100,Buy,232949046
2024-08-20 09:59:08,39200.0,200,Buy,232949041
2024-08-20 09:59:08,39200.0,500,Buy,232949042
2024-08-20 09:59:08,39200.0,100,Buy,232949043
2024-08-20 09:59:08,39200.0,300,Buy,232949044
2024-08-20 09:59:08,39200.0,100,Buy,232949045
2024-08-20 09:59:08,39200.0,100,Buy,232949047
2024-08-20 09:59:08,39200.0,500,Buy,232949048
2024-08-20 09:59:08,39200.0,500,Buy,232949049
2024-08-20 09:59:08,39200.0,1100,Buy,232949050
2024-08-20 09:59:08,39200.0,5000,Buy,232949051
2024-08-20 09:59:08,39200.0,200,Buy,232949052
2024-08-20 09:59:08,39200.0,100,Buy,232949027
2024-08-20 09:59:08,39200.0,100,Buy,232949040
2024-08-20 09:59:08,39200.0,100,Buy,232949026
2024-08-20 09:59:08,39200.0,100,Buy,232949016
2024-08-20 09:59:08,39200.0,1000,Buy,232949024
2024-08-20 09:59:08,39150.0,100,Buy,232948999
2024-08-20 09:59:08,39150.0,500,Buy,232949000
2024-08-20 09:59:08,39150.0,300,Buy,232949001
2024-08-20 09:59:08,39150.0,100,Buy,232949002
2024-08-20 09:59:08,39150.0,100,Buy,232949003
2024-08-20 09:59:08,39200.0,100,Buy,232949004
2024-08-20 09:59:08,39200.0,100,Buy,232949005
2024-08-20 09:59:08,39200.0,200,Buy,232949006
2024-08-20 09:59:08,39200.0,100,Buy,232949007
2024-08-20 09:59:08,39200.0,100,Buy,232949008
2024-08-20 09:59:08,39200.0,200,Buy,232949009
2024-08-20 09:59:08,39200.0,100,Buy,232949010
2024-08-20 09:59:08,39200.0,100,Buy,232949011
2024-08-20 09:59:08,39200.0,2000,Buy,232949012
2024-08-20 09:59:08,39200.0,200,Buy,232949013
2024-08-20 09:59:08,39200.0,200,Buy,232949014
2024-08-20 09:59:08,39200.0,500,Buy,232949015
2024-08-20 09:59:08,39150.0,12700,Buy,232948997
2024-08-20 09:59:08,39200.0,600,Buy,232949017
2024-08-20 09:59:08,39200.0,600,Buy,232949018
2024-08-20 09:59:08,39200.0,500,Buy,232949019
2024-08-20 09:59:08,39200.0,100,Buy,232949020
2024-08-20 09:59:08,39200.0,1000,Buy,232949021
2024-08-20 09:59:08,39200.0,1000,Buy,232949022
2024-08-20 09:59:08,39200.0,400,Buy,232949023
2024-08-20 09:59:08,39150.0,100,Buy,232948998
2024-08-20 09:59:08,39200.0,100,Buy,232949025
2024-08-20 09:59:09,39100.0,100,Sell,232949062
2024-08-20 09:59:11,39200.0,400,Buy,232949108
2024-08-20 09:59:11,39200.0,600,Buy,232949109
2024-08-20 09:59:11,39200.0,100,Buy,232949110
2024-08-20 09:59:11,39200.0,8100,Buy,232949111
2024-08-20 09:59:11,39200.0,800,Buy,232949107
2024-08-20 09:59:12,39150.0,400,Sell,232949141
2024-08-20 09:59:14,39150.0,100,Sell,232949177
2024-08-20 09:59:15,39200.0,100,Buy,232949217
2024-08-20 09:59:15,39200.0,5000,Buy,232949220
2024-08-20 09:59:15,39200.0,3000,Buy,232949222
2024-08-20 09:59:15,39200.0,100,Buy,232949223
2024-08-20 09:59:15,39200.0,100,Buy,232949216
2024-08-20 09:59:15,39200.0,3000,Buy,232949225
2024-08-20 09:59:15,39200.0,500,Buy,232949226
2024-08-20 09:59:15,39200.0,400,Buy,232949227
2024-08-20 09:59:15,39200.0,4400,Buy,232949231
2024-08-20 09:59:15,39200.0,34700,Buy,232949229
2024-08-20 09:59:15,39200.0,5300,Buy,232949230
2024-08-20 09:59:15,39200.0,100,Buy,232949232
2024-08-20 09:59:15,39200.0,2000,Buy,232949233
2024-08-20 09:59:15,39200.0,600,Buy,232949234
2024-08-20 09:59:15,39200.0,500,Buy,232949235
2024-08-20 09:59:15,39200.0,400,Buy,232949236
2024-08-20 09:59:15,39200.0,1000,Buy,232949237
2024-08-20 09:59:15,39200.0,500,Buy,232949228
2024-08-20 09:59:15,39200.0,200,Buy,232949215
2024-08-20 09:59:15,39200.0,3000,Buy,232949224
2024-08-20 09:59:15,39200.0,400,Buy,232949213
2024-08-20 09:59:15,39200.0,100,Buy,232949214
2024-08-20 09:59:15,39200.0,1900,Buy,232949194
2024-08-20 09:59:15,39200.0,1000,Buy,232949195
2024-08-20 09:59:15,39200.0,1500,Buy,232949196
2024-08-20 09:59:15,39200.0,100,Buy,232949197
2024-08-20 09:59:15,39200.0,2000,Buy,232949198
2024-08-20 09:59:15,39200.0,400,Buy,232949199
2024-08-20 09:59:15,39200.0,2000,Buy,232949200
2024-08-20 09:59:15,39200.0,100,Buy,232949201
2024-08-20 09:59:15,39200.0,100,Buy,232949202
2024-08-20 09:59:15,39200.0,300,Buy,232949221
2024-08-20 09:59:15,39200.0,10000,Buy,232949204
2024-08-20 09:59:15,39200.0,500,Buy,232949211
2024-08-20 09:59:15,39200.0,100,Buy,232949210
2024-08-20 09:59:15,39200.0,300,Buy,232949203
2024-08-20 09:59:15,39200.0,1000,Buy,232949209
2024-08-20 09:59:15,39200.0,1000,Buy,232949212
2024-08-20 09:59:15,39200.0,1000,Buy,232949207
2024-08-20 09:59:15,39200.0,1000,Buy,232949206
2024-08-20 09:59:15,39200.0,1000,Buy,232949205
2024-08-20 09:59:15,39200.0,1000,Buy,232949208
2024-08-20 09:59:16,39250.0,100,Buy,232949253
2024-08-20 09:59:17,39200.0,1000,Sell,232949268
2024-08-20 09:59:17,39200.0,1000,Sell,232949295
2024-08-20 09:59:18,39200.0,100,Sell,232949298
2024-08-20 09:59:20,39200.0,200,Sell,232949345
2024-08-20 09:59:20,39200.0,100,Sell,232949339
2024-08-20 09:59:20,39200.0,600,Sell,232949342
2024-08-20 09:59:21,39200.0,100,Buy,232949348
2024-08-20 09:59:21,39200.0,100,Sell,232949356
2024-08-20 09:59:21,39200.0,200,Sell,232949357
2024-08-20 09:59:22,39200.0,100,Buy,232949387
2024-08-20 09:59:23,39200.0,100,Buy,232949400
2024-08-20 09:59:24,39250.0,1300,Buy,232949446
2024-08-20 09:59:24,39200.0,100,Buy,232949462
2024-08-20 09:59:24,39200.0,100,Sell,232949447
2024-08-20 09:59:24,39250.0,100,Buy,232949445
2024-08-20 09:59:24,39250.0,3000,Buy,232949464
2024-08-20 09:59:24,39250.0,500,Buy,232949443
2024-08-20 09:59:24,39250.0,100,Buy,232949442
2024-08-20 09:59:24,39250.0,500,Buy,232949441
2024-08-20 09:59:24,39250.0,500,Buy,232949444
2024-08-20 09:59:24,39200.0,100,Buy,232949440
2024-08-20 09:59:25,39200.0,100,Sell,232949478
2024-08-20 09:59:28,39200.0,200,Sell,232949546
2024-08-20 09:59:29,39200.0,100,Sell,232949562
2024-08-20 09:59:29,39250.0,700,Buy,232949557
2024-08-20 09:59:29,39200.0,5600,Sell,232949561
2024-08-20 09:59:32,39200.0,4300,Buy,232949635
2024-08-20 09:59:32,39200.0,1500,Buy,232949636
2024-08-20 09:59:32,39200.0,100,Buy,232949637
2024-08-20 09:59:33,39200.0,100,Sell,232949647
2024-08-20 09:59:33,39200.0,100,Sell,232949662
2024-08-20 09:59:34,39200.0,100,Sell,232949684
2024-08-20 09:59:35,39200.0,200,Sell,232949717
2024-08-20 09:59:35,39200.0,200,Sell,232949695
2024-08-20 09:59:36,39200.0,500,Sell,232949724
2024-08-20 09:59:36,39200.0,500,Sell,232949726
2024-08-20 09:59:38,39200.0,100,Sell,232949782
2024-08-20 09:59:39,39200.0,1000,Sell,232949798
2024-08-20 09:59:39,39200.0,200,Sell,232949790
2024-08-20 09:59:39,39200.0,300,Sell,232949788
2024-08-20 09:59:41,39200.0,500,Sell,232949823
2024-08-20 09:59:41,39200.0,2000,Sell,232949824
2024-08-20 09:59:42,39200.0,200,Sell,232949846
2024-08-20 09:59:43,39200.0,200,Sell,232949885
2024-08-20 09:59:43,39200.0,4000,Sell,232949879
2024-08-20 09:59:43,39200.0,4100,Sell,232949880
2024-08-20 09:59:43,39200.0,700,Sell,232949881
2024-08-20 09:59:43,39200.0,500,Sell,232949882
2024-08-20 09:59:43,39200.0,20000,Sell,232949883
2024-08-20 09:59:43,39200.0,500,Sell,232949884
2024-08-20 09:59:44,39200.0,100,Sell,232949913
2024-08-20 09:59:45,39250.0,100,Buy,232949943
2024-08-20 09:59:46,39200.0,500,Sell,232949958
2024-08-20 09:59:47,39200.0,5000,Sell,232950000
2024-08-20 09:59:47,39200.0,5000,Sell,232949999
2024-08-20 09:59:47,39200.0,5000,Sell,232949998
2024-08-20 09:59:47,39200.0,5000,Sell,232949997
2024-08-20 09:59:47,39200.0,5000,Sell,232949996
2024-08-20 09:59:47,39200.0,100,Sell,232949994
2024-08-20 09:59:47,39200.0,4000,Sell,232949995
2024-08-20 09:59:48,39200.0,2000,Buy,232950006
2024-08-20 09:59:48,39200.0,6000,Buy,232950010
2024-08-20 09:59:50,39200.0,100,Buy,232950052
2024-08-20 09:59:50,39200.0,100,Buy,232950053
2024-08-20 09:59:50,39200.0,500,Buy,232950054
2024-08-20 09:59:51,39200.0,1300,Sell,232950067
2024-08-20 09:59:51,39200.0,300,Buy,232950073
2024-08-20 09:59:51,39200.0,200,Buy,232950084
2024-08-20 09:59:51,39200.0,200,Buy,232950085
2024-08-20 09:59:51,39200.0,800,Buy,232950086
2024-08-20 09:59:54,39200.0,100,Sell,232950209
2024-08-20 09:59:54,39200.0,1000,Sell,232950201
2024-08-20 09:59:54,39200.0,100,Buy,232950135
2024-08-20 09:59:54,39200.0,200,Buy,232950134
2024-08-20 09:59:54,39250.0,2200,Buy,232950136
2024-08-20 09:59:55,39250.0,500,Buy,232950215
2024-08-20 09:59:55,39200.0,1000,Sell,232950223
2024-08-20 09:59:56,39200.0,100,Sell,232950254
2024-08-20 09:59:56,39250.0,3300,Buy,232950265
2024-08-20 09:59:57,39250.0,500,Buy,232950280
2024-08-20 09:59:59,39200.0,300,Sell,232950306
2024-08-20 09:59:59,39250.0,100,Buy,232950307
2024-08-20 09:59:59,39200.0,100,Sell,232950324
2024-08-20 10:00:00,39200.0,3400,Sell,232950333
2024-08-20 10:00:01,39200.0,200,Buy,232950355
2024-08-20 10:00:05,39200.0,200,Buy,232950432
2024-08-20 10:00:05,39200.0,500,Buy,232950431
2024-08-20 10:00:05,39200.0,500,Buy,232950433
2024-08-20 10:00:05,39200.0,1400,Buy,232950428
2024-08-20 10:00:05,39200.0,100,Buy,232950429
2024-08-20 10:00:05,39200.0,100,Buy,232950430
2024-08-20 10:00:06,39200.0,26000,Sell,232950450
2024-08-20 10:00:06,39200.0,4000,Sell,232950443
2024-08-20 10:00:08,39200.0,2500,Sell,232950557
2024-08-20 10:00:09,39250.0,39600,Buy,232950603
2024-08-20 10:00:09,39250.0,100,Buy,232950604
2024-08-20 10:00:09,39250.0,100,Buy,232950605
2024-08-20 10:00:09,39250.0,5100,Buy,232950606
2024-08-20 10:00:09,39250.0,200,Buy,232950607
2024-08-20 10:00:09,39250.0,200,Buy,232950608
2024-08-20 10:00:09,39250.0,100,Buy,232950609
2024-08-20 10:00:09,39250.0,4600,Buy,232950610
2024-08-20 10:00:10,39200.0,10300,Sell,232950635
2024-08-20 10:00:10,39200.0,15000,Sell,232950636
2024-08-20 10:00:10,39200.0,1000,Sell,232950618
2024-08-20 10:00:10,39200.0,100,Sell,232950625
2024-08-20 10:00:11,39200.0,100,Buy,232950642
2024-08-20 10:00:13,39150.0,400,Sell,232950705
2024-08-20 10:00:15,39200.0,1000,Buy,232950743
2024-08-20 10:00:16,39200.0,100,Buy,232950819
2024-08-20 10:00:23,39200.0,3000,Buy,232950991
2024-08-20 10:00:25,39150.0,2400,Sell,232951102
2024-08-20 10:00:25,39150.0,1000,Sell,232951101
2024-08-20 10:00:25,39150.0,600,Sell,232951099
2024-08-20 10:00:25,39150.0,1000,Sell,232951100
2024-08-20 10:00:26,39150.0,200,Sell,232951111
2024-08-20 10:00:27,39200.0,200,Buy,232951248
2024-08-20 10:00:29,39150.0,200,Sell,232951280
2024-08-20 10:00:30,39150.0,100,Sell,232951312
2024-08-20 10:00:32,39150.0,1000,Sell,232951338
2024-08-20 10:00:33,39150.0,2000,Sell,232951351
2024-08-20 10:00:34,39150.0,3000,Sell,232951372
2024-08-20 10:00:35,39150.0,500,Sell,232951404
2024-08-20 10:00:35,39200.0,2000,Buy,232951402
2024-08-20 10:00:36,39150.0,300,Sell,232951410
2024-08-20 10:00:36,39150.0,300,Sell,232951411
2024-08-20 10:00:36,39150.0,700,Sell,232951412
2024-08-20 10:00:36,39200.0,1400,Buy,232951434
2024-08-20 10:00:37,39150.0,100,Sell,232951469
2024-08-20 10:00:38,39150.0,100,Sell,232951501
2024-08-20 10:00:38,39150.0,2600,Sell,232951497
2024-08-20 10:00:38,39150.0,400,Sell,232951498
2024-08-20 10:00:39,39150.0,900,Sell,232951504
2024-08-20 10:00:39,39150.0,100,Sell,232951505
2024-08-20 10:00:41,39150.0,34700,Sell,232951551
2024-08-20 10:00:41,39150.0,3000,Sell,232951549
2024-08-20 10:00:41,39150.0,1900,Sell,232951546
2024-08-20 10:00:41,39150.0,200,Sell,232951547
2024-08-20 10:00:41,39150.0,200,Sell,232951548
2024-08-20 10:00:42,39150.0,300,Sell,232951564
2024-08-20 10:00:43,39150.0,100,Sell,232951587
2024-08-20 10:00:44,39200.0,10000,Buy,232951589
2024-08-20 10:00:45,39150.0,100,Sell,232951638
2024-08-20 10:00:45,39150.0,5500,Sell,232951649
2024-08-20 10:00:47,39200.0,2600,Buy,232951666
2024-08-20 10:00:48,39150.0,500,Sell,232951701
2024-08-20 10:00:49,39200.0,1400,Buy,232951706
2024-08-20 10:00:49,39150.0,1000,Sell,232951707
2024-08-20 10:00:50,39150.0,4800,Sell,232951731
2024-08-20 10:00:50,39150.0,5200,Sell,232951732
2024-08-20 10:00:50,39150.0,4800,Sell,232951733
2024-08-20 10:00:50,39150.0,2100,Sell,232951734
2024-08-20 10:00:50,39200.0,200,Buy,232951735
2024-08-20 10:00:51,39150.0,900,Sell,232951788
2024-08-20 10:00:51,39150.0,500,Sell,232951787
2024-08-20 10:00:51,39150.0,100,Sell,232951786
2024-08-20 10:00:52,39200.0,100,Buy,232951800
2024-08-20 10:00:52,39150.0,1000,Sell,232951801
2024-08-20 10:00:52,39150.0,400,Sell,232951803
2024-08-20 10:00:52,39150.0,200,Sell,232951804
2024-08-20 10:00:52,39150.0,300,Sell,232951805
2024-08-20 10:00:52,39150.0,100,Buy,232951807
2024-08-20 10:01:04,39150.0,1800,Buy,232952184
2024-08-20 10:01:07,39150.0,1200,Buy,232952242
2024-08-20 10:01:07,39150.0,200,Buy,232952243
2024-08-20 10:01:07,39150.0,3800,Buy,232952245
2024-08-20 10:01:09,39150.0,3000,Buy,232952293
2024-08-20 10:01:12,39150.0,1000,Buy,232952358
2024-08-20 10:01:16,39100.0,500,Sell,232952452
2024-08-20 10:01:18,39150.0,200,Buy,232952463
2024-08-20 10:01:22,39100.0,3000,Sell,232952533
2024-08-20 10:01:22,39100.0,500,Sell,232952534
2024-08-20 10:01:22,39100.0,1000,Sell,232952535
2024-08-20 10:01:22,39100.0,3000,Sell,232952536
2024-08-20 10:01:22,39100.0,200,Sell,232952537
2024-08-20 10:01:22,39100.0,200,Sell,232952538
2024-08-20 10:01:22,39100.0,5000,Sell,232952539
2024-08-20 10:01:22,39100.0,2100,Sell,232952540
2024-08-20 10:01:24,39100.0,900,Sell,232952593
2024-08-20 10:01:24,39100.0,5000,Sell,232952594
2024-08-20 10:01:24,39100.0,400,Sell,232952595
2024-08-20 10:01:24,39100.0,100,Sell,232952596
2024-08-20 10:01:24,39100.0,500,Sell,232952597
2024-08-20 10:01:25,39100.0,900,Sell,232952640
2024-08-20 10:01:25,39100.0,1000,Sell,232952644
2024-08-20 10:01:30,39050.0,1700,Sell,232952807
2024-08-20 10:01:30,39050.0,300,Sell,232952806
2024-08-20 10:01:41,39050.0,100,Sell,232953076
2024-08-20 10:01:47,39050.0,600,Sell,232953257
2024-08-20 10:01:49,39050.0,600,Sell,232953396
2024-08-20 10:01:49,39050.0,5000,Sell,232953397
2024-08-20 10:01:49,39050.0,3000,Sell,232953398
2024-08-20 10:01:49,39050.0,10000,Sell,232953399
2024-08-20 10:01:49,39050.0,100,Sell,232953400
2024-08-20 10:01:49,39050.0,500,Sell,232953401
2024-08-20 10:01:49,39050.0,10000,Sell,232953402
2024-08-20 10:01:49,39050.0,10000,Sell,232953403
2024-08-20 10:01:49,39050.0,200,Sell,232953404
2024-08-20 10:01:49,39050.0,5000,Sell,232953405
2024-08-20 10:01:49,39050.0,7700,Sell,232953406
2024-08-20 10:01:49,39050.0,7300,Sell,232953407
2024-08-20 10:01:49,39050.0,600,Sell,232953410
2024-08-20 10:01:53,39050.0,100,Sell,232953567
2024-08-20 10:01:53,39050.0,200,Sell,232953559
2024-08-20 10:01:54,39050.0,1000,Sell,232953572
2024-08-20 10:01:54,39050.0,100,Sell,232953569
2024-08-20 10:01:54,39050.0,1400,Sell,232953570
2024-08-20 10:01:54,39050.0,1400,Sell,232953571
2024-08-20 10:01:59,39050.0,1000,Buy,232953669
2024-08-20 10:02:04,39050.0,100,Buy,232953841
2024-08-20 10:02:06,39000.0,100,Sell,232953875
2024-08-20 10:02:07,39050.0,5000,Buy,232953894
2024-08-20 10:02:11,39000.0,3800,Sell,232954061
2024-08-20 10:02:11,39000.0,100,Sell,232954058
2024-08-20 10:02:11,39000.0,200,Sell,232954057
2024-08-20 10:02:11,39000.0,300,Sell,232954056
2024-08-20 10:02:11,39000.0,200,Sell,232954055
2024-08-20 10:02:11,39000.0,200,Sell,232954060
2024-08-20 10:02:11,39000.0,3000,Sell,232954053
2024-08-20 10:02:11,39000.0,1800,Sell,232954054
2024-08-20 10:02:11,39000.0,4000,Sell,232954049
2024-08-20 10:02:11,39000.0,14900,Sell,232954050
2024-08-20 10:02:11,39000.0,300,Sell,232954059
2024-08-20 10:02:11,39000.0,1000,Sell,232954051
2024-08-20 10:02:11,39000.0,200,Sell,232954052
2024-08-20 10:02:13,39000.0,1200,Sell,232954080
2024-08-20 10:02:13,39000.0,100,Sell,232954081
2024-08-20 10:02:13,39000.0,700,Sell,232954082
2024-08-20 10:02:13,39050.0,100,Buy,232954085
2024-08-20 10:02:15,39000.0,100,Sell,232954131
2024-08-20 10:02:17,39000.0,900,Sell,232954177
2024-08-20 10:02:17,39000.0,3600,Sell,232954182
2024-08-20 10:02:17,39000.0,1900,Sell,232954183
2024-08-20 10:02:17,39000.0,100,Sell,232954185
2024-08-20 10:02:17,39000.0,100,Sell,232954186
2024-08-20 10:02:17,39000.0,200,Sell,232954187
2024-08-20 10:02:17,39000.0,300,Sell,232954188
