time,price,volume,match_type,id
2024-08-15 09:14:39,37500.0,131800,ATO/ATC,231691288
2024-08-15 09:14:41,37300.0,1000,Sell,231691483
2024-08-15 09:14:41,37450.0,3500,Sell,231691482
2024-08-15 09:14:41,37500.0,1000,Buy,231691445
2024-08-15 09:14:41,37450.0,200,Sell,231691480
2024-08-15 09:14:41,37450.0,300,Sell,231691481
2024-08-15 09:14:41,37450.0,500,Sell,231691479
2024-08-15 09:14:55,37300.0,1000,Sell,231691611
2024-08-15 09:15:18,37300.0,300,Sell,231691993
2024-08-15 09:15:34,37300.0,1000,Sell,231692269
2024-08-15 09:15:37,37300.0,100,Sell,231692311
2024-08-15 09:15:49,37300.0,100,Sell,231692468
2024-08-15 09:15:51,37300.0,3000,Sell,231692491
2024-08-15 09:15:56,37400.0,300,Buy,231692539
2024-08-15 09:16:05,37500.0,6900,Buy,231692668
2024-08-15 09:16:05,37500.0,500,Buy,231692667
2024-08-15 09:16:05,37500.0,1000,Buy,231692666
2024-08-15 09:16:05,37500.0,100,Buy,231692665
2024-08-15 09:16:05,37450.0,5000,Buy,231692662
2024-08-15 09:16:05,37450.0,3000,Buy,231692661
2024-08-15 09:16:05,37450.0,5000,Buy,231692660
2024-08-15 09:16:05,37450.0,5000,Buy,231692659
2024-08-15 09:16:05,37500.0,1700,Buy,231692664
2024-08-15 09:16:05,37450.0,500,Buy,231692657
2024-08-15 09:16:05,37450.0,3000,Buy,231692658
2024-08-15 09:16:05,37400.0,2700,Buy,231692649
2024-08-15 09:16:05,37400.0,100,Buy,231692650
2024-08-15 09:16:05,37400.0,2000,Buy,231692651
2024-08-15 09:16:05,37400.0,300,Buy,231692652
2024-08-15 09:16:05,37450.0,500,Buy,231692663
2024-08-15 09:16:05,37400.0,100,Buy,231692654
2024-08-15 09:16:05,37400.0,2000,Buy,231692655
2024-08-15 09:16:05,37400.0,100,Buy,231692656
2024-08-15 09:16:05,37400.0,500,Buy,231692653
2024-08-15 09:16:12,37500.0,100,Buy,231692755
2024-08-15 09:16:16,37400.0,100,Sell,231692813
2024-08-15 09:16:35,37400.0,1500,Sell,231693063
2024-08-15 09:16:35,37400.0,300,Sell,231693064
2024-08-15 09:16:37,37400.0,300,Sell,231693114
2024-08-15 09:16:38,37450.0,100,Buy,231693118
2024-08-15 09:16:38,37450.0,400,Buy,231693119
2024-08-15 09:16:51,37400.0,100,Sell,231693306
2024-08-15 09:16:54,37400.0,100,Sell,231693338
2024-08-15 09:17:00,37400.0,4200,Sell,231693497
2024-08-15 09:17:00,37400.0,2700,Sell,231693498
2024-08-15 09:17:01,37400.0,200,Sell,231693543
2024-08-15 09:17:05,37450.0,800,Buy,231693613
2024-08-15 09:17:05,37450.0,100,Buy,231693612
2024-08-15 09:17:06,37450.0,1500,Buy,231693620
2024-08-15 09:17:06,37450.0,100,Sell,231693639
2024-08-15 09:17:06,37450.0,2000,Buy,231693638
2024-08-15 09:17:06,37450.0,100,Buy,231693636
2024-08-15 09:17:06,37450.0,1000,Buy,231693635
2024-08-15 09:17:06,37450.0,100,Buy,231693634
2024-08-15 09:17:06,37450.0,100,Buy,231693633
2024-08-15 09:17:06,37450.0,100,Buy,231693632
2024-08-15 09:17:06,37450.0,100,Buy,231693631
2024-08-15 09:17:06,37450.0,1000,Buy,231693637
2024-08-15 09:17:06,37450.0,2000,Buy,231693629
2024-08-15 09:17:06,37450.0,300,Buy,231693628
2024-08-15 09:17:06,37450.0,500,Buy,231693627
2024-08-15 09:17:06,37450.0,500,Buy,231693626
2024-08-15 09:17:06,37450.0,300,Buy,231693625
2024-08-15 09:17:06,37450.0,2000,Buy,231693624
2024-08-15 09:17:06,37450.0,300,Buy,231693623
2024-08-15 09:17:06,37450.0,2000,Buy,231693622
2024-08-15 09:17:06,37450.0,500,Buy,231693621
2024-08-15 09:17:06,37450.0,200,Buy,231693630
2024-08-15 09:17:08,37450.0,3800,Sell,231693671
2024-08-15 09:17:08,37450.0,600,Sell,231693678
2024-08-15 09:17:08,37500.0,200,Buy,231693684
2024-08-15 09:17:12,37450.0,100,Sell,231693750
2024-08-15 09:17:12,37450.0,100,Sell,231693758
2024-08-15 09:17:17,37450.0,700,Sell,231693855
2024-08-15 09:17:17,37450.0,9300,Sell,231693856
2024-08-15 09:17:17,37450.0,800,Sell,231693866
2024-08-15 09:17:18,37450.0,400,Sell,231693876
2024-08-15 09:17:19,37450.0,400,Sell,231693915
2024-08-15 09:17:19,37450.0,2600,Sell,231693923
2024-08-15 09:17:26,37500.0,2800,Buy,231694106
2024-08-15 09:17:26,37500.0,100,Buy,231694107
2024-08-15 09:17:26,37500.0,1100,Buy,231694108
2024-08-15 09:17:29,37450.0,1200,Sell,231694167
2024-08-15 09:17:29,37450.0,2000,Sell,231694168
2024-08-15 09:17:29,37450.0,100,Sell,231694165
2024-08-15 09:17:29,37450.0,6500,Sell,231694164
2024-08-15 09:17:29,37450.0,200,Sell,231694166
2024-08-15 09:17:30,37450.0,1000,Sell,231694250
2024-08-15 09:17:31,37450.0,3000,Buy,231694291
2024-08-15 09:17:32,37450.0,1000,Buy,231694326
2024-08-15 09:17:32,37450.0,200,Buy,231694327
2024-08-15 09:17:33,37450.0,100,Sell,231694343
2024-08-15 09:17:35,37450.0,100,Sell,231694376
2024-08-15 09:17:37,37450.0,1500,Sell,231694407
2024-08-15 09:17:37,37450.0,300,Sell,231694406
2024-08-15 09:17:37,37450.0,300,Sell,231694405
2024-08-15 09:17:42,37450.0,500,Buy,231694498
2024-08-15 09:17:43,37450.0,300,Buy,231694534
2024-08-15 09:17:43,37450.0,400,Buy,231694535
2024-08-15 09:17:43,37450.0,100,Buy,231694536
2024-08-15 09:17:43,37450.0,3900,Buy,231694537
2024-08-15 09:17:43,37450.0,400,Buy,231694538
2024-08-15 09:17:45,37450.0,300,Buy,231694572
2024-08-15 09:17:45,37450.0,5000,Buy,231694567
2024-08-15 09:17:45,37450.0,700,Buy,231694571
2024-08-15 09:17:46,37450.0,200,Sell,231694583
2024-08-15 09:17:47,37450.0,200,Sell,231694600
2024-08-15 09:17:47,37450.0,600,Sell,231694617
2024-08-15 09:17:47,37450.0,1700,Sell,231694618
2024-08-15 09:17:48,37450.0,400,Sell,231694621
2024-08-15 09:17:49,37450.0,200,Sell,231694628
2024-08-15 09:17:54,37450.0,200,Sell,231694699
2024-08-15 09:17:54,37450.0,300,Sell,231694703
2024-08-15 09:17:56,37450.0,1000,Sell,231694725
2024-08-15 09:17:57,37450.0,700,Sell,231694751
2024-08-15 09:17:58,37450.0,100,Sell,231694755
2024-08-15 09:18:02,37450.0,100,Sell,231694820
2024-08-15 09:18:04,37500.0,800,Buy,231694877
2024-08-15 09:18:04,37500.0,100,Buy,231694875
2024-08-15 09:18:04,37500.0,1500,Buy,231694874
2024-08-15 09:18:04,37500.0,100,Buy,231694876
2024-08-15 09:18:04,37500.0,400,Buy,231694872
2024-08-15 09:18:04,37450.0,500,Sell,231694865
2024-08-15 09:18:04,37500.0,200,Buy,231694873
2024-08-15 09:18:04,37500.0,1900,Buy,231694871
2024-08-15 09:18:06,37450.0,100,Sell,231694910
2024-08-15 09:18:07,37450.0,1100,Sell,231694962
2024-08-15 09:18:08,37450.0,100,Sell,231694971
2024-08-15 09:18:11,37450.0,100,Sell,231695022
2024-08-15 09:18:12,37500.0,100,Buy,231695038
2024-08-15 09:18:20,37500.0,100,Buy,231695187
2024-08-15 09:18:26,37450.0,100,Sell,231695276
2024-08-15 09:18:28,37450.0,500,Sell,231695294
2024-08-15 09:18:30,37450.0,200,Sell,231695334
2024-08-15 09:18:32,37450.0,500,Sell,231695347
2024-08-15 09:18:33,37450.0,1000,Sell,231695363
2024-08-15 09:18:34,37500.0,100,Buy,231695386
2024-08-15 09:18:34,37500.0,100,Buy,231695389
2024-08-15 09:18:34,37500.0,100,Buy,231695388
2024-08-15 09:18:34,37500.0,1000,Buy,231695387
2024-08-15 09:18:34,37500.0,300,Buy,231695385
2024-08-15 09:18:34,37500.0,500,Buy,231695383
2024-08-15 09:18:34,37500.0,400,Buy,231695382
2024-08-15 09:18:34,37500.0,1000,Buy,231695381
2024-08-15 09:18:34,37500.0,500,Buy,231695380
2024-08-15 09:18:34,37500.0,500,Buy,231695379
2024-08-15 09:18:34,37500.0,500,Buy,231695384
2024-08-15 09:18:35,37450.0,200,Sell,231695416
2024-08-15 09:18:37,37450.0,1200,Sell,231695466
2024-08-15 09:18:38,37450.0,200,Sell,231695471
2024-08-15 09:18:39,37450.0,100,Sell,231695490
2024-08-15 09:18:42,37450.0,100,Sell,231695531
2024-08-15 09:18:45,37450.0,3000,Sell,231695597
2024-08-15 09:18:45,37450.0,1000,Sell,231695601
2024-08-15 09:18:46,37500.0,1900,Buy,231695628
2024-08-15 09:18:46,37500.0,200,Buy,231695629
2024-08-15 09:18:46,37500.0,300,Buy,231695630
2024-08-15 09:18:46,37500.0,100,Buy,231695631
2024-08-15 09:18:46,37500.0,1500,Buy,231695632
2024-08-15 09:18:48,37500.0,1900,Buy,231695675
2024-08-15 09:18:48,37500.0,200,Buy,231695674
2024-08-15 09:18:48,37500.0,100,Buy,231695673
2024-08-15 09:18:48,37500.0,5000,Buy,231695671
2024-08-15 09:18:48,37500.0,500,Buy,231695670
2024-08-15 09:18:48,37500.0,100,Buy,231695672
2024-08-15 09:18:48,37500.0,500,Buy,231695669
2024-08-15 09:18:50,37450.0,800,Sell,231695716
2024-08-15 09:18:52,37450.0,100,Sell,231695764
2024-08-15 09:18:57,37450.0,4400,Sell,231695828
2024-08-15 09:18:57,37450.0,600,Sell,231695829
2024-08-15 09:18:57,37450.0,1500,Sell,231695834
2024-08-15 09:18:58,37450.0,400,Sell,231695836
2024-08-15 09:19:00,37500.0,500,Buy,231695872
2024-08-15 09:19:02,37500.0,1000,Buy,231695905
2024-08-15 09:19:06,37450.0,100,Sell,231695992
2024-08-15 09:19:07,37450.0,1400,Sell,231696017
2024-08-15 09:19:08,37500.0,100,Buy,231696028
2024-08-15 09:19:08,37450.0,100,Sell,231696029
2024-08-15 09:19:11,37450.0,900,Sell,231696101
2024-08-15 09:19:11,37450.0,100,Sell,231696102
2024-08-15 09:19:13,37500.0,500,Buy,231696125
2024-08-15 09:19:15,37500.0,100,Buy,231696150
2024-08-15 09:19:17,37450.0,100,Sell,231696180
2024-08-15 09:19:17,37450.0,800,Sell,231696181
2024-08-15 09:19:17,37450.0,300,Sell,231696182
2024-08-15 09:19:17,37450.0,700,Sell,231696183
2024-08-15 09:19:17,37450.0,800,Sell,231696179
2024-08-15 09:19:18,37450.0,1000,Sell,231696215
2024-08-15 09:19:18,37450.0,100,Sell,231696231
2024-08-15 09:19:21,37450.0,100,Sell,231696270
2024-08-15 09:19:27,37450.0,100,Sell,231696360
2024-08-15 09:19:27,37500.0,500,Buy,231696348
2024-08-15 09:19:28,37450.0,100,Sell,231696385
2024-08-15 09:19:30,37450.0,7600,Sell,231696439
2024-08-15 09:19:30,37450.0,2400,Sell,231696440
2024-08-15 09:19:31,37500.0,200,Buy,231696458
2024-08-15 09:19:35,37450.0,100,Sell,231696509
2024-08-15 09:19:35,37450.0,500,Sell,231696515
2024-08-15 09:19:37,37450.0,500,Sell,231696570
2024-08-15 09:19:37,37450.0,2000,Sell,231696568
2024-08-15 09:19:37,37450.0,5000,Sell,231696569
2024-08-15 09:19:40,37450.0,100,Buy,231696616
2024-08-15 09:19:42,37450.0,1000,Buy,231696632
2024-08-15 09:19:53,37400.0,100,Sell,231696801
2024-08-15 09:19:53,37400.0,1900,Sell,231696802
2024-08-15 09:19:54,37400.0,2600,Sell,231696830
2024-08-15 09:19:57,37400.0,700,Sell,231696975
2024-08-15 09:19:58,37400.0,100,Sell,231696977
2024-08-15 09:20:01,37400.0,900,Sell,231697045
2024-08-15 09:20:02,37450.0,100,Buy,231697069
2024-08-15 09:20:02,37400.0,1000,Sell,231697074
2024-08-15 09:20:03,37450.0,100,Buy,231697082
2024-08-15 09:20:07,37400.0,200,Sell,231697164
2024-08-15 09:20:07,37400.0,1000,Sell,231697163
2024-08-15 09:20:07,37400.0,1000,Sell,231697162
2024-08-15 09:20:07,37400.0,1800,Sell,231697161
2024-08-15 09:20:07,37400.0,1300,Sell,231697159
2024-08-15 09:20:07,37400.0,100,Sell,231697158
2024-08-15 09:20:07,37400.0,2300,Sell,231697157
2024-08-15 09:20:07,37400.0,500,Sell,231697156
2024-08-15 09:20:07,37400.0,2000,Sell,231697160
2024-08-15 09:20:10,37400.0,300,Buy,231697236
2024-08-15 09:20:10,37400.0,200,Buy,231697237
2024-08-15 09:20:14,37350.0,1000,Sell,231697318
2024-08-15 09:20:14,37350.0,1600,Sell,231697319
2024-08-15 09:20:16,37400.0,1000,Buy,231697403
2024-08-15 09:20:26,37400.0,2000,Buy,231697616
2024-08-15 09:20:26,37400.0,100,Buy,231697615
2024-08-15 09:20:26,37400.0,300,Buy,231697614
2024-08-15 09:20:26,37400.0,100,Buy,231697611
2024-08-15 09:20:26,37400.0,10000,Buy,231697612
2024-08-15 09:20:26,37400.0,100,Buy,231697617
2024-08-15 09:20:26,37400.0,200,Buy,231697610
2024-08-15 09:20:26,37400.0,1000,Buy,231697613
2024-08-15 09:20:26,37400.0,500,Buy,231697608
2024-08-15 09:20:26,37400.0,600,Buy,231697602
2024-08-15 09:20:26,37400.0,500,Buy,231697603
2024-08-15 09:20:26,37400.0,300,Buy,231697604
2024-08-15 09:20:26,37400.0,1000,Buy,231697609
2024-08-15 09:20:26,37400.0,1000,Buy,231697606
2024-08-15 09:20:26,37400.0,2000,Buy,231697607
2024-08-15 09:20:26,37400.0,300,Buy,231697605
2024-08-15 09:20:28,37400.0,300,Buy,231697691
2024-08-15 09:20:29,37350.0,100,Sell,231697715
2024-08-15 09:20:35,37400.0,500,Buy,231697800
2024-08-15 09:20:44,37400.0,100,Buy,231697960
2024-08-15 09:20:50,37350.0,500,Sell,231698048
2024-08-15 09:20:53,37400.0,100,Buy,231698139
2024-08-15 09:20:57,37400.0,3300,Buy,231698220
2024-08-15 09:20:57,37400.0,600,Buy,231698221
2024-08-15 09:20:57,37400.0,300,Buy,231698222
2024-08-15 09:20:58,37350.0,1000,Sell,231698241
2024-08-15 09:21:07,37350.0,400,Sell,231698416
2024-08-15 09:21:07,37350.0,100,Sell,231698417
2024-08-15 09:21:18,37400.0,300,Buy,231698606
2024-08-15 09:21:18,37350.0,100,Sell,231698607
2024-08-15 09:21:29,37350.0,5000,Sell,231698796
2024-08-15 09:21:35,37350.0,500,Sell,231698918
2024-08-15 09:21:36,37350.0,200,Sell,231698937
2024-08-15 09:21:37,37350.0,500,Sell,231698956
2024-08-15 09:21:37,37350.0,400,Sell,231698957
2024-08-15 09:21:38,37350.0,100,Sell,231698972
2024-08-15 09:21:43,37400.0,16200,Buy,231699077
2024-08-15 09:21:43,37400.0,100,Buy,231699076
2024-08-15 09:21:43,37400.0,2000,Buy,231699075
2024-08-15 09:21:43,37400.0,1400,Buy,231699073
2024-08-15 09:21:43,37400.0,300,Buy,231699074
2024-08-15 09:21:46,37400.0,500,Buy,231699134
2024-08-15 09:21:59,37400.0,200,Buy,231699361
2024-08-15 09:22:06,37400.0,3200,Buy,231699469
2024-08-15 09:22:23,37350.0,500,Sell,231699729
2024-08-15 09:22:32,37350.0,1000,Sell,231699912
2024-08-15 09:22:33,37350.0,3000,Sell,231699933
2024-08-15 09:22:37,37350.0,600,Sell,231700001
2024-08-15 09:22:38,37350.0,100,Sell,231700011
2024-08-15 09:22:47,37350.0,100,Sell,231700111
2024-08-15 09:22:50,37350.0,3000,Sell,231700133
2024-08-15 09:22:57,37350.0,500,Sell,231700237
2024-08-15 09:23:09,37350.0,200,Sell,231700407
2024-08-15 09:23:16,37350.0,5000,Sell,231700510
2024-08-15 09:23:17,37350.0,800,Sell,231700557
2024-08-15 09:23:18,37350.0,100,Sell,231700567
2024-08-15 09:23:21,37350.0,100,Sell,231700627
2024-08-15 09:23:21,37350.0,200,Sell,231700643
2024-08-15 09:23:27,37350.0,200,Sell,231700731
2024-08-15 09:23:43,37350.0,3000,Sell,231700975
2024-08-15 09:23:47,37350.0,500,Sell,231701036
2024-08-15 09:23:52,37350.0,100,Sell,231701132
2024-08-15 09:23:57,37350.0,100,Sell,231701214
2024-08-15 09:24:05,37350.0,200,Sell,231701363
2024-08-15 09:24:07,37350.0,9200,Sell,231701399
2024-08-15 09:24:07,37350.0,1000,Sell,231701398
2024-08-15 09:24:07,37350.0,6000,Sell,231701396
2024-08-15 09:24:07,37350.0,800,Sell,231701395
2024-08-15 09:24:07,37350.0,2000,Sell,231701397
2024-08-15 09:24:08,37350.0,500,Sell,231701417
2024-08-15 09:24:17,37350.0,1000,Sell,231701572
2024-08-15 09:24:17,37350.0,3400,Sell,231701583
2024-08-15 09:24:18,37350.0,200,Sell,231701587
2024-08-15 09:24:22,37350.0,200,Sell,231701657
2024-08-15 09:24:27,37350.0,600,Sell,231701775
2024-08-15 09:24:28,37350.0,100,Sell,231701781
2024-08-15 09:24:38,37350.0,100,Sell,231701955
2024-08-15 09:24:46,37350.0,1000,Sell,231702095
2024-08-15 09:24:46,37350.0,100,Sell,231702096
2024-08-15 09:24:46,37350.0,5000,Sell,231702097
2024-08-15 09:24:46,37350.0,2500,Sell,231702098
2024-08-15 09:24:46,37350.0,100,Sell,231702099
2024-08-15 09:24:46,37350.0,600,Sell,231702100
2024-08-15 09:24:46,37350.0,700,Sell,231702094
2024-08-15 09:24:47,37350.0,1700,Sell,231702118
2024-08-15 09:24:48,37350.0,300,Sell,231702148
2024-08-15 09:24:50,37350.0,1000,Sell,231702224
2024-08-15 09:24:50,37350.0,500,Sell,231702228
2024-08-15 09:24:50,37350.0,400,Sell,231702223
2024-08-15 09:24:50,37350.0,600,Sell,231702225
2024-08-15 09:24:51,37350.0,2100,Sell,231702239
2024-08-15 09:24:54,37350.0,100,Buy,231702299
2024-08-15 09:24:59,37350.0,4000,Buy,231702362
2024-08-15 09:25:08,37350.0,1000,Buy,231702517
2024-08-15 09:25:11,37300.0,1000,Sell,231702550
2024-08-15 09:25:17,37300.0,300,Sell,231702658
2024-08-15 09:25:30,37350.0,800,Buy,231702845
2024-08-15 09:25:30,37350.0,14000,Buy,231702846
2024-08-15 09:25:30,37300.0,400,Sell,231702852
2024-08-15 09:25:31,37300.0,200,Sell,231702859
2024-08-15 09:25:37,37300.0,1000,Sell,231702967
2024-08-15 09:25:37,37300.0,1600,Sell,231702966
2024-08-15 09:25:38,37300.0,400,Sell,231702975
2024-08-15 09:25:40,37300.0,200,Sell,231703004
2024-08-15 09:25:48,37300.0,500,Sell,231703116
2024-08-15 09:25:56,37300.0,1000,Sell,231703259
2024-08-15 09:25:58,37300.0,200,Sell,231703298
2024-08-15 09:26:02,37300.0,25400,Sell,231703364
2024-08-15 09:26:02,37300.0,20000,Sell,231703363
2024-08-15 09:26:02,37300.0,2000,Sell,231703362
2024-08-15 09:26:02,37300.0,1000,Sell,231703360
2024-08-15 09:26:02,37300.0,500,Sell,231703358
2024-08-15 09:26:02,37300.0,1000,Sell,231703361
2024-08-15 09:26:02,37300.0,100,Sell,231703359
2024-08-15 09:26:08,37300.0,8500,Sell,231703454
2024-08-15 09:26:08,37300.0,1500,Sell,231703463
2024-08-15 09:26:08,37300.0,100,Sell,231703464
2024-08-15 09:26:10,37300.0,500,Sell,231703496
2024-08-15 09:26:11,37300.0,600,Sell,231703497
2024-08-15 09:26:11,37300.0,4000,Sell,231703498
2024-08-15 09:26:11,37300.0,4000,Sell,231703515
2024-08-15 09:26:11,37300.0,600,Sell,231703516
2024-08-15 09:26:12,37300.0,600,Sell,231703527
2024-08-15 09:26:12,37300.0,4000,Sell,231703519
2024-08-15 09:26:12,37300.0,600,Sell,231703520
2024-08-15 09:26:12,37300.0,200,Sell,231703525
2024-08-15 09:26:12,37300.0,3800,Sell,231703526
2024-08-15 09:26:14,37300.0,600,Sell,231703562
2024-08-15 09:26:14,37300.0,4000,Sell,231703561
2024-08-15 09:26:17,37300.0,5700,Sell,231703592
2024-08-15 09:26:18,37300.0,100,Sell,231703604
2024-08-15 09:26:18,37300.0,1000,Sell,231703602
2024-08-15 09:26:18,37300.0,300,Sell,231703601
2024-08-15 09:26:18,37300.0,3300,Sell,231703600
2024-08-15 09:26:18,37300.0,700,Sell,231703603
2024-08-15 09:26:18,37300.0,500,Sell,231703598
2024-08-15 09:26:18,37300.0,100,Sell,231703597
2024-08-15 09:26:18,37300.0,4200,Sell,231703596
2024-08-15 09:26:18,37300.0,1000,Sell,231703595
2024-08-15 09:26:18,37300.0,5300,Sell,231703594
2024-08-15 09:26:18,37300.0,100,Sell,231703599
2024-08-15 09:26:24,37250.0,100,Sell,231703699
2024-08-15 09:26:24,37250.0,100,Sell,231703700
2024-08-15 09:26:24,37250.0,800,Sell,231703701
2024-08-15 09:26:28,37250.0,3900,Sell,231703740
2024-08-15 09:26:28,37250.0,600,Sell,231703745
2024-08-15 09:26:32,37250.0,20000,Sell,231703823
2024-08-15 09:26:32,37250.0,1000,Sell,231703824
2024-08-15 09:26:32,37250.0,100,Sell,231703822
2024-08-15 09:26:32,37250.0,2000,Sell,231703818
2024-08-15 09:26:32,37250.0,1500,Sell,231703820
2024-08-15 09:26:32,37250.0,9000,Sell,231703819
2024-08-15 09:26:32,37250.0,19700,Sell,231703817
2024-08-15 09:26:32,37250.0,1000,Sell,231703821
2024-08-15 09:26:46,37200.0,700,Sell,231704018
2024-08-15 09:26:46,37200.0,700,Sell,231704019
2024-08-15 09:26:46,37200.0,100,Sell,231704020
2024-08-15 09:26:46,37200.0,1400,Sell,231704021
2024-08-15 09:26:46,37200.0,100,Sell,231704022
2024-08-15 09:26:47,37250.0,100,Buy,231704030
2024-08-15 09:26:47,37200.0,500,Sell,231704039
2024-08-15 09:26:54,37200.0,400,Sell,231704113
2024-08-15 09:26:57,37200.0,100,Sell,231704170
2024-08-15 09:27:01,37200.0,500,Sell,231704239
2024-08-15 09:27:01,37200.0,300,Sell,231704238
2024-08-15 09:27:01,37200.0,700,Sell,231704237
2024-08-15 09:27:01,37200.0,300,Sell,231704235
2024-08-15 09:27:01,37200.0,200,Sell,231704234
2024-08-15 09:27:01,37200.0,200,Sell,231704236
2024-08-15 09:27:01,37200.0,100,Sell,231704233
2024-08-15 09:27:03,37200.0,1500,Sell,231704259
2024-08-15 09:27:03,37200.0,100,Sell,231704260
2024-08-15 09:27:03,37200.0,100,Sell,231704261
2024-08-15 09:27:03,37200.0,1000,Sell,231704262
2024-08-15 09:27:03,37200.0,300,Sell,231704263
2024-08-15 09:27:06,37200.0,100,Sell,231704341
2024-08-15 09:27:07,37200.0,500,Sell,231704371
2024-08-15 09:27:07,37200.0,100,Sell,231704365
2024-08-15 09:27:07,37200.0,200,Sell,231704366
2024-08-15 09:27:07,37200.0,100,Sell,231704367
2024-08-15 09:27:07,37200.0,300,Sell,231704368
2024-08-15 09:27:07,37200.0,100,Sell,231704369
2024-08-15 09:27:07,37200.0,1000,Sell,231704370
2024-08-15 09:27:07,37200.0,100,Sell,231704364
2024-08-15 09:27:11,37200.0,400,Buy,231704438
2024-08-15 09:27:11,37200.0,600,Buy,231704437
2024-08-15 09:27:17,37150.0,1000,Sell,231704536
2024-08-15 09:27:37,37150.0,200,Buy,231704799
2024-08-15 09:27:48,37150.0,300,Buy,231704928
2024-08-15 09:27:52,37150.0,800,Buy,231704971
2024-08-15 09:27:53,37150.0,100,Buy,231705004
2024-08-15 09:27:53,37150.0,600,Buy,231705007
2024-08-15 09:27:53,37150.0,400,Buy,231705008
2024-08-15 09:27:55,37150.0,200,Buy,231705036
2024-08-15 09:27:55,37150.0,100,Buy,231705035
2024-08-15 09:27:55,37150.0,200,Buy,231705034
2024-08-15 09:27:57,37150.0,400,Sell,231705062
2024-08-15 09:28:01,37150.0,300,Sell,231705106
2024-08-15 09:28:07,37150.0,100,Sell,231705195
2024-08-15 09:28:23,37200.0,1300,Buy,231705426
2024-08-15 09:28:23,37200.0,10000,Buy,231705425
2024-08-15 09:28:23,37200.0,2000,Buy,231705423
2024-08-15 09:28:23,37200.0,300,Buy,231705424
2024-08-15 09:28:23,37200.0,500,Buy,231705421
2024-08-15 09:28:23,37150.0,100,Sell,231705411
2024-08-15 09:28:23,37150.0,100,Sell,231705410
2024-08-15 09:28:23,37200.0,200,Buy,231705422
2024-08-15 09:28:31,37200.0,1000,Buy,231705528
2024-08-15 09:28:35,37200.0,100,Buy,231705591
2024-08-15 09:28:42,37150.0,200,Sell,231705717
2024-08-15 09:28:42,37150.0,100,Sell,231705718
2024-08-15 09:28:42,37150.0,700,Sell,231705719
2024-08-15 09:28:44,37200.0,600,Buy,231705758
2024-08-15 09:28:44,37200.0,500,Buy,231705759
2024-08-15 09:28:46,37200.0,100,Buy,231705769
2024-08-15 09:28:48,37200.0,1000,Buy,231705810
2024-08-15 09:28:51,37200.0,1000,Buy,231705859
2024-08-15 09:28:51,37200.0,500,Buy,231705857
2024-08-15 09:28:51,37200.0,100,Buy,231705856
2024-08-15 09:28:51,37200.0,300,Buy,231705858
2024-08-15 09:28:51,37200.0,2400,Buy,231705854
2024-08-15 09:28:51,37200.0,2000,Buy,231705853
2024-08-15 09:28:51,37200.0,1400,Buy,231705852
2024-08-15 09:28:51,37200.0,400,Buy,231705855
2024-08-15 09:28:57,37200.0,1500,Sell,231705960
2024-08-15 09:28:58,37200.0,200,Sell,231705962
2024-08-15 09:29:08,37200.0,200,Sell,231706094
2024-08-15 09:29:15,37250.0,500,Buy,231706174
2024-08-15 09:29:52,37250.0,3000,Buy,231706835
2024-08-15 09:29:56,37250.0,2000,Buy,231706885
2024-08-15 09:29:58,37250.0,100,Buy,231706910
2024-08-15 09:29:59,37200.0,1000,Sell,231706918
2024-08-15 09:29:59,37250.0,1700,Buy,231706913
2024-08-15 09:30:07,37200.0,400,Sell,231707049
2024-08-15 09:30:15,37250.0,200,Buy,231707155
2024-08-15 09:30:16,37250.0,600,Buy,231707218
2024-08-15 09:30:19,37200.0,100,Sell,231707283
2024-08-15 09:30:21,37200.0,10000,Sell,231707304
2024-08-15 09:30:27,37200.0,800,Sell,231707449
2024-08-15 09:30:27,37200.0,100,Sell,231707448
2024-08-15 09:30:27,37200.0,900,Sell,231707446
2024-08-15 09:30:27,37200.0,2600,Sell,231707424
2024-08-15 09:30:27,37200.0,300,Sell,231707447
2024-08-15 09:30:28,37200.0,300,Sell,231707461
2024-08-15 09:30:32,37250.0,1000,Buy,231707498
2024-08-15 09:30:48,37200.0,2000,Sell,231707786
2024-08-15 09:30:50,37250.0,300,Buy,231707797
2024-08-15 09:31:01,37250.0,1000,Buy,231707951
2024-08-15 09:31:18,37250.0,200,Buy,231708130
2024-08-15 09:31:21,37200.0,100,Sell,231708155
2024-08-15 09:31:30,37250.0,100,Buy,231708265
2024-08-15 09:31:46,37200.0,100,Sell,231708470
2024-08-15 09:32:13,37200.0,1700,Sell,231708880
2024-08-15 09:32:13,37200.0,300,Sell,231708881
2024-08-15 09:32:13,37200.0,500,Sell,231708882
2024-08-15 09:32:13,37200.0,100,Sell,231708883
2024-08-15 09:32:13,37200.0,1100,Sell,231708884
2024-08-15 09:32:13,37200.0,300,Sell,231708885
2024-08-15 09:32:13,37200.0,200,Sell,231708890
2024-08-15 09:32:17,37200.0,400,Sell,231709000
2024-08-15 09:32:17,37200.0,300,Sell,231708999
2024-08-15 09:32:18,37200.0,100,Sell,231709004
2024-08-15 09:32:20,37200.0,1000,Sell,231709069
2024-08-15 09:32:28,37200.0,300,Sell,231709155
2024-08-15 09:32:31,37200.0,1500,Sell,231709203
2024-08-15 09:32:35,37200.0,700,Sell,231709246
2024-08-15 09:32:35,37200.0,100,Sell,231709247
2024-08-15 09:32:40,37200.0,500,Buy,231709350
2024-08-15 09:32:40,37200.0,400,Buy,231709351
2024-08-15 09:32:47,37200.0,100,Sell,231709464
2024-08-15 09:32:48,37200.0,100,Sell,231709469
2024-08-15 09:32:49,37200.0,600,Buy,231709474
2024-08-15 09:32:52,37200.0,300,Buy,231709511
2024-08-15 09:32:57,37200.0,100,Sell,231709551
2024-08-15 09:33:05,37200.0,300,Sell,231709612
2024-08-15 09:33:10,37200.0,300,Sell,231709675
2024-08-15 09:33:35,37200.0,100,Sell,231709959
2024-08-15 09:33:53,37200.0,100,Sell,231710249
2024-08-15 09:33:53,37200.0,9900,Sell,231710248
2024-08-15 09:33:57,37200.0,500,Sell,231710392
2024-08-15 09:33:57,37200.0,1200,Sell,231710391
2024-08-15 09:33:58,37200.0,300,Sell,231710396
2024-08-15 09:34:03,37200.0,400,Sell,231710517
2024-08-15 09:34:05,37200.0,2200,Sell,231710546
2024-08-15 09:34:07,37200.0,600,Sell,231710595
2024-08-15 09:34:10,37200.0,100,Buy,231710618
2024-08-15 09:34:10,37200.0,100,Buy,231710619
2024-08-15 09:34:11,37200.0,2000,Sell,231710653
2024-08-15 09:34:18,37200.0,400,Sell,231710761
2024-08-15 09:34:21,37200.0,500,Sell,231710813
2024-08-15 09:34:27,37200.0,200,Sell,231710883
2024-08-15 09:34:27,37200.0,100,Sell,231710884
2024-08-15 09:34:34,37200.0,500,Sell,231710947
2024-08-15 09:34:35,37200.0,700,Sell,231710959
2024-08-15 09:34:38,37200.0,200,Sell,231711004
2024-08-15 09:35:01,37250.0,5000,Buy,231711478
2024-08-15 09:35:01,37250.0,100,Buy,231711479
2024-08-15 09:35:01,37250.0,19900,Buy,231711477
2024-08-15 09:35:05,37200.0,200,Sell,231711539
2024-08-15 09:35:05,37200.0,1000,Sell,231711540
2024-08-15 09:35:05,37200.0,3300,Sell,231711541
2024-08-15 09:35:08,37200.0,5000,Sell,231711576
2024-08-15 09:35:08,37200.0,800,Sell,231711577
2024-08-15 09:35:10,37250.0,100,Buy,231711600
2024-08-15 09:35:16,37250.0,2800,Buy,231711766
2024-08-15 09:35:16,37250.0,200,Buy,231711765
2024-08-15 09:35:16,37250.0,2000,Buy,231711764
2024-08-15 09:35:16,37250.0,100,Buy,231711761
2024-08-15 09:35:16,37250.0,3000,Buy,231711762
2024-08-15 09:35:16,37250.0,100,Buy,231711760
2024-08-15 09:35:16,37250.0,300,Buy,231711763
2024-08-15 09:35:16,37250.0,300,Buy,231711758
2024-08-15 09:35:16,37250.0,100,Buy,231711757
2024-08-15 09:35:16,37250.0,500,Buy,231711756
2024-08-15 09:35:16,37250.0,200,Buy,231711755
2024-08-15 09:35:16,37250.0,100,Buy,231711754
2024-08-15 09:35:16,37250.0,800,Buy,231711753
2024-08-15 09:35:16,37250.0,200,Buy,231711752
2024-08-15 09:35:16,37250.0,500,Buy,231711759
2024-08-15 09:35:19,37250.0,1000,Buy,231711779
2024-08-15 09:35:19,37250.0,100,Buy,231711792
2024-08-15 09:35:23,37250.0,13000,Buy,231711863
2024-08-15 09:35:32,37250.0,100,Buy,231711972
2024-08-15 09:35:35,37200.0,5500,Sell,231712018
2024-08-15 09:35:37,37200.0,900,Sell,231712052
2024-08-15 09:35:38,37200.0,100,Sell,231712056
2024-08-15 09:35:47,37200.0,100,Sell,231712239
2024-08-15 09:35:48,37250.0,100,Buy,231712247
2024-08-15 09:35:52,37250.0,6500,Buy,231712414
2024-08-15 09:36:03,37200.0,400,Sell,231712655
2024-08-15 09:36:05,37200.0,1400,Sell,231712694
2024-08-15 09:36:07,37250.0,100,Buy,231712733
2024-08-15 09:36:07,37250.0,700,Buy,231712713
2024-08-15 09:36:07,37250.0,1300,Buy,231712712
2024-08-15 09:36:26,37250.0,2100,Buy,231713081
2024-08-15 09:36:26,37250.0,500,Buy,231713082
2024-08-15 09:36:26,37250.0,2300,Buy,231713083
2024-08-15 09:36:26,37250.0,100,Buy,231713084
2024-08-15 09:36:35,37200.0,1300,Sell,231713258
2024-08-15 09:36:37,37200.0,200,Sell,231713290
2024-08-15 09:36:40,37250.0,100,Buy,231713371
2024-08-15 09:36:41,37250.0,5800,Buy,231713410
2024-08-15 09:36:41,37250.0,100,Buy,231713409
2024-08-15 09:36:41,37250.0,200,Buy,231713407
2024-08-15 09:36:41,37250.0,1100,Buy,231713406
2024-08-15 09:36:41,37250.0,200,Buy,231713405
2024-08-15 09:36:41,37250.0,600,Buy,231713408
2024-08-15 09:36:48,37200.0,6000,Sell,231713515
2024-08-15 09:36:48,37200.0,4100,Sell,231713516
2024-08-15 09:36:54,37250.0,100,Buy,231713626
2024-08-15 09:37:00,37250.0,200,Buy,231713730
2024-08-15 09:37:00,37250.0,5700,Buy,231713731
2024-08-15 09:37:00,37250.0,100,Buy,231713729
2024-08-15 09:37:00,37250.0,4100,Buy,231713725
2024-08-15 09:37:00,37250.0,800,Buy,231713727
2024-08-15 09:37:00,37250.0,100,Buy,231713728
2024-08-15 09:37:00,37250.0,100,Buy,231713726
2024-08-15 09:37:04,37250.0,2000,Buy,231713821
2024-08-15 09:37:05,37200.0,900,Sell,231713842
2024-08-15 09:37:05,37200.0,500,Sell,231713843
2024-08-15 09:37:05,37200.0,2000,Sell,231713844
2024-08-15 09:37:05,37200.0,100,Sell,231713845
2024-08-15 09:37:05,37200.0,2100,Sell,231713846
2024-08-15 09:37:06,37250.0,100,Buy,231713863
2024-08-15 09:37:08,37250.0,2200,Buy,231713875
2024-08-15 09:37:08,37250.0,1400,Buy,231713876
2024-08-15 09:37:08,37250.0,200,Buy,231713877
2024-08-15 09:37:08,37250.0,1700,Buy,231713878
2024-08-15 09:37:08,37250.0,300,Buy,231713879
2024-08-15 09:37:08,37250.0,3100,Buy,231713880
2024-08-15 09:37:08,37250.0,500,Sell,231713881
2024-08-15 09:37:15,37300.0,100,Buy,231713975
2024-08-15 09:37:35,37250.0,600,Sell,231714296
2024-08-15 09:37:49,37250.0,100,Buy,231714585
2024-08-15 09:37:49,37250.0,100,Buy,231714586
2024-08-15 09:37:49,37250.0,1100,Buy,231714584
2024-08-15 09:37:55,37300.0,100,Buy,231714680
2024-08-15 09:38:14,37250.0,200,Sell,231714937
2024-08-15 09:38:14,37250.0,100,Sell,231714938
2024-08-15 09:38:14,37250.0,700,Sell,231714939
2024-08-15 09:38:14,37250.0,1800,Sell,231714945
2024-08-15 09:38:17,37250.0,400,Sell,231714985
2024-08-15 09:38:19,37250.0,1400,Sell,231715009
2024-08-15 09:38:19,37250.0,20000,Sell,231715010
2024-08-15 09:38:19,37250.0,500,Sell,231715011
2024-08-15 09:38:21,37250.0,100,Buy,231715070
2024-08-15 09:38:35,37200.0,900,Sell,231715324
2024-08-15 09:38:35,37200.0,2000,Sell,231715325
2024-08-15 09:38:35,37200.0,1600,Sell,231715326
2024-08-15 09:38:38,37200.0,100,Sell,231715404
2024-08-15 09:38:38,37200.0,400,Sell,231715402
2024-08-15 09:38:38,37200.0,300,Sell,231715403
2024-08-15 09:38:47,37200.0,100,Sell,231715713
2024-08-15 09:38:47,37200.0,2600,Sell,231715664
2024-08-15 09:38:48,37200.0,100,Sell,231715719
2024-08-15 09:38:54,37250.0,100,Buy,231715808
2024-08-15 09:39:05,37200.0,600,Sell,231715931
2024-08-15 09:39:07,37200.0,100,Sell,231715965
2024-08-15 09:39:11,37200.0,2600,Sell,231716060
2024-08-15 09:39:17,37200.0,400,Sell,231716210
2024-08-15 09:39:20,37200.0,2000,Sell,231716277
2024-08-15 09:39:22,37250.0,5900,Buy,231716346
2024-08-15 09:39:29,37250.0,5000,Buy,231716483
2024-08-15 09:39:33,37200.0,300,Sell,231716555
2024-08-15 09:39:35,37200.0,2900,Sell,231716602
2024-08-15 09:39:38,37200.0,1300,Sell,231716643
2024-08-15 09:39:38,37200.0,200,Sell,231716646
2024-08-15 09:39:38,37250.0,2000,Buy,231716651
2024-08-15 09:39:40,37250.0,3000,Buy,231716669
2024-08-15 09:39:55,37250.0,400,Buy,231716943
2024-08-15 09:40:01,37250.0,1600,Buy,231717036
2024-08-15 09:40:03,37250.0,1000,Buy,231717104
2024-08-15 09:40:03,37250.0,100,Buy,231717107
2024-08-15 09:40:03,37250.0,200,Buy,231717106
2024-08-15 09:40:03,37250.0,1400,Buy,231717105
2024-08-15 09:40:03,37250.0,400,Buy,231717102
2024-08-15 09:40:03,37250.0,600,Buy,231717100
2024-08-15 09:40:03,37250.0,3800,Buy,231717099
2024-08-15 09:40:03,37250.0,10000,Buy,231717098
2024-08-15 09:40:03,37250.0,21500,Buy,231717103
2024-08-15 09:40:03,37250.0,1000,Buy,231717101
2024-08-15 09:40:05,37200.0,8600,Sell,231717158
2024-08-15 09:40:07,37200.0,800,Sell,231717209
2024-08-15 09:40:07,37200.0,7500,Sell,231717210
2024-08-15 09:40:07,37200.0,100,Sell,231717211
2024-08-15 09:40:07,37200.0,100,Sell,231717212
2024-08-15 09:40:08,37200.0,1500,Sell,231717224
2024-08-15 09:40:17,37200.0,1700,Sell,231717421
2024-08-15 09:40:18,37200.0,300,Sell,231717423
2024-08-15 09:40:27,37200.0,300,Sell,231717592
2024-08-15 09:40:35,37200.0,2100,Sell,231717729
2024-08-15 09:40:38,37200.0,400,Sell,231717747
2024-08-15 09:40:41,37250.0,400,Buy,231717848
2024-08-15 09:40:41,37250.0,100,Buy,231717847
2024-08-15 09:40:42,37250.0,100,Buy,231717864
2024-08-15 09:40:42,37250.0,1300,Buy,231717865
2024-08-15 09:40:42,37250.0,100,Buy,231717866
2024-08-15 09:40:42,37250.0,100,Buy,231717867
2024-08-15 09:40:42,37250.0,700,Buy,231717863
2024-08-15 09:40:44,37250.0,100,Sell,231717897
2024-08-15 09:40:46,37250.0,100,Sell,231717927
2024-08-15 09:41:05,37200.0,600,Sell,231718236
2024-08-15 09:41:07,37200.0,100,Sell,231718271
2024-08-15 09:41:10,37200.0,2600,Sell,231718328
2024-08-15 09:41:17,37200.0,300,Sell,231718496
2024-08-15 09:41:17,37200.0,100,Sell,231718497
2024-08-15 09:41:17,37250.0,500,Buy,231718498
2024-08-15 09:41:22,37250.0,800,Buy,231718616
2024-08-15 09:41:22,37250.0,100,Buy,231718615
2024-08-15 09:41:22,37250.0,100,Buy,231718614
2024-08-15 09:41:22,37250.0,500,Buy,231718612
2024-08-15 09:41:22,37250.0,4400,Buy,231718611
2024-08-15 09:41:22,37250.0,100,Buy,231718613
2024-08-15 09:41:27,37250.0,1200,Buy,231718733
2024-08-15 09:41:35,37200.0,1900,Sell,231718846
2024-08-15 09:41:38,37200.0,500,Sell,231718933
2024-08-15 09:41:44,37200.0,1000,Sell,231719064
2024-08-15 09:41:45,37200.0,100,Sell,231719093
2024-08-15 09:41:45,37200.0,2500,Sell,231719092
2024-08-15 09:41:47,37200.0,600,Sell,231719194
2024-08-15 09:41:48,37200.0,100,Sell,231719201
2024-08-15 09:41:57,37200.0,100,Sell,231719341
2024-08-15 09:42:05,37200.0,900,Sell,231719491
2024-08-15 09:42:07,37200.0,300,Sell,231719527
2024-08-15 09:42:07,37200.0,1900,Sell,231719526
2024-08-15 09:42:07,37200.0,1200,Sell,231719525
2024-08-15 09:42:07,37200.0,100,Sell,231719524
2024-08-15 09:42:07,37200.0,7500,Sell,231719523
2024-08-15 09:42:07,37200.0,1800,Sell,231719521
2024-08-15 09:42:07,37200.0,23200,Sell,231719517
2024-08-15 09:42:07,37200.0,100,Sell,231719518
2024-08-15 09:42:07,37200.0,1000,Sell,231719522
2024-08-15 09:42:07,37200.0,5000,Sell,231719520
2024-08-15 09:42:07,37200.0,400,Sell,231719519
2024-08-15 09:42:11,37200.0,500,Buy,231719580
2024-08-15 09:42:13,37200.0,7000,Buy,231719613
2024-08-15 09:42:13,37200.0,100,Buy,231719614
2024-08-15 09:42:13,37200.0,1300,Buy,231719615
2024-08-15 09:42:17,37200.0,8700,Sell,231719689
2024-08-15 09:42:18,37200.0,200,Sell,231719695
2024-08-15 09:42:27,37200.0,1500,Sell,231719842
2024-08-15 09:42:28,37200.0,200,Sell,231719850
2024-08-15 09:42:35,37200.0,1000,Sell,231719996
2024-08-15 09:42:35,37200.0,100,Sell,231719997
2024-08-15 09:42:40,37200.0,100,Buy,231720069
2024-08-15 09:42:41,37200.0,9700,Buy,231720083
2024-08-15 09:42:41,37200.0,400,Buy,231720084
2024-08-15 09:42:42,37200.0,200,Sell,231720105
2024-08-15 09:42:43,37200.0,2600,Sell,231720139
2024-08-15 09:42:47,37200.0,2200,Sell,231720211
2024-08-15 09:42:48,37200.0,300,Sell,231720217
2024-08-15 09:42:58,37200.0,400,Sell,231720396
2024-08-15 09:43:04,37200.0,2600,Sell,231720537
2024-08-15 09:43:05,37200.0,1600,Sell,231720562
2024-08-15 09:43:07,37200.0,700,Sell,231720585
2024-08-15 09:43:08,37200.0,100,Sell,231720598
2024-08-15 09:43:17,37200.0,100,Sell,231720730
2024-08-15 09:43:35,37200.0,100,Sell,231720996
2024-08-15 09:43:41,37250.0,10000,Buy,231721060
2024-08-15 09:43:45,37250.0,2000,Buy,231721085
2024-08-15 09:43:45,37250.0,1100,Buy,231721086
2024-08-15 09:43:45,37250.0,200,Buy,231721087
2024-08-15 09:43:45,37250.0,500,Buy,231721088
2024-08-15 09:43:45,37250.0,1000,Buy,231721089
2024-08-15 09:43:45,37250.0,200,Buy,231721090
2024-08-15 09:43:49,37200.0,2600,Sell,231721126
2024-08-15 09:43:57,37200.0,400,Sell,231721274
2024-08-15 09:44:06,37200.0,3200,Sell,231721377
2024-08-15 09:44:08,37200.0,600,Sell,231721420
2024-08-15 09:44:08,37200.0,100,Sell,231721422
2024-08-15 09:44:10,37250.0,100,Buy,231721454
2024-08-15 09:44:10,37250.0,100,Buy,231721455
2024-08-15 09:44:10,37250.0,100,Buy,231721456
2024-08-15 09:44:10,37250.0,2200,Buy,231721457
2024-08-15 09:44:23,37250.0,100,Buy,231721626
2024-08-15 09:44:23,37250.0,500,Buy,231721627
2024-08-15 09:44:35,37200.0,700,Sell,231721836
2024-08-15 09:44:37,37200.0,100,Sell,231721861
2024-08-15 09:45:41,37250.0,1600,Buy,231722800
2024-08-15 09:45:47,37250.0,400,Buy,231722916
2024-08-15 09:45:47,37250.0,600,Buy,231722917
2024-08-15 09:45:47,37250.0,500,Buy,231722918
2024-08-15 09:45:47,37250.0,500,Buy,231722919
2024-08-15 09:46:06,37200.0,600,Sell,231723203
2024-08-15 09:46:07,37200.0,100,Sell,231723226
2024-08-15 09:46:14,37200.0,1000,Sell,231723326
2024-08-15 09:46:17,37200.0,100,Sell,231723361
2024-08-15 09:46:36,37200.0,200,Sell,231723689
2024-08-15 09:47:05,37200.0,2000,Sell,231724126
2024-08-15 09:47:05,37200.0,400,Sell,231724138
2024-08-15 09:47:07,37200.0,400,Sell,231724162
2024-08-15 09:47:33,37200.0,300,Sell,231724508
2024-08-15 09:47:36,37200.0,100,Sell,231724531
2024-08-15 09:47:51,37200.0,1500,Sell,231724708
2024-08-15 09:47:57,37200.0,200,Sell,231724884
2024-08-15 09:48:06,37200.0,300,Sell,231725020
2024-08-15 09:48:33,37250.0,2100,Buy,231725488
2024-08-15 09:48:33,37250.0,300,Buy,231725487
2024-08-15 09:48:33,37250.0,2300,Buy,231725486
2024-08-15 09:48:33,37250.0,100,Buy,231725485
2024-08-15 09:48:33,37250.0,200,Buy,231725483
2024-08-15 09:48:33,37250.0,4100,Buy,231725489
2024-08-15 09:48:33,37250.0,500,Buy,231725482
2024-08-15 09:48:33,37250.0,100,Buy,231725481
2024-08-15 09:48:33,37250.0,5000,Buy,231725479
2024-08-15 09:48:33,37250.0,2000,Buy,231725474
2024-08-15 09:48:33,37250.0,400,Buy,231725475
2024-08-15 09:48:33,37250.0,100,Buy,231725480
2024-08-15 09:48:33,37250.0,500,Buy,231725477
2024-08-15 09:48:33,37250.0,500,Buy,231725478
2024-08-15 09:48:33,37250.0,1800,Buy,231725476
2024-08-15 09:48:36,37200.0,3600,Sell,231725543
2024-08-15 09:48:37,37200.0,4000,Sell,231725592
2024-08-15 09:48:38,37200.0,700,Sell,231725594
2024-08-15 09:48:46,37200.0,3400,Sell,231725723
2024-08-15 09:48:47,37200.0,1300,Sell,231725788
2024-08-15 09:48:48,37200.0,200,Sell,231725802
2024-08-15 09:48:57,37200.0,200,Sell,231725943
2024-08-15 09:49:03,37200.0,100,Sell,231726085
2024-08-15 09:49:05,37200.0,600,Sell,231726115
2024-08-15 09:49:05,37200.0,1100,Sell,231726116
2024-08-15 09:49:07,37200.0,300,Sell,231726161
2024-08-15 09:49:09,37250.0,100,Buy,231726210
2024-08-15 09:49:15,37250.0,800,Buy,231726301
2024-08-15 09:49:17,37250.0,200,Sell,231726363
2024-08-15 09:49:34,37250.0,100,Sell,231726716
2024-08-15 09:49:36,37250.0,300,Sell,231726730
2024-08-15 09:49:50,37250.0,100,Sell,231727016
2024-08-15 09:49:50,37250.0,200,Sell,231727017
2024-08-15 09:49:50,37250.0,100,Sell,231727018
2024-08-15 09:49:50,37250.0,500,Sell,231727019
2024-08-15 09:49:50,37200.0,5400,Sell,231727020
2024-08-15 09:49:57,37250.0,900,Sell,231727160
2024-08-15 09:49:57,37200.0,100,Sell,231727161
2024-08-15 09:49:58,37200.0,100,Sell,231727177
2024-08-15 09:50:06,37200.0,1300,Sell,231727296
2024-08-15 09:50:07,37200.0,400,Sell,231727309
2024-08-15 09:50:24,37200.0,300,Sell,231727605
2024-08-15 09:50:27,37300.0,1000,Buy,231727649
2024-08-15 09:50:27,37300.0,900,Buy,231727648
2024-08-15 09:50:27,37300.0,1100,Buy,231727650
2024-08-15 09:50:27,37300.0,100,Buy,231727646
2024-08-15 09:50:27,37300.0,3000,Buy,231727647
2024-08-15 09:50:27,37300.0,800,Buy,231727645
2024-08-15 09:50:36,37250.0,100,Sell,231727751
2024-08-15 09:50:38,37300.0,200,Buy,231727818
2024-08-15 09:50:38,37300.0,1600,Buy,231727817
2024-08-15 09:50:38,37300.0,225500,Buy,231727820
2024-08-15 09:50:38,37300.0,1500,Buy,231727815
2024-08-15 09:50:38,37300.0,18900,Buy,231727814
2024-08-15 09:50:38,37250.0,1200,Buy,231727813
2024-08-15 09:50:38,37300.0,100,Buy,231727816
2024-08-15 09:50:38,37300.0,1000,Buy,231727819
2024-08-15 09:50:43,37200.0,200,Sell,231727890
2024-08-15 09:50:47,37200.0,100,Sell,231727990
2024-08-15 09:50:47,37200.0,1800,Sell,231727996
2024-08-15 09:50:47,37200.0,100,Sell,231727995
2024-08-15 09:50:47,37200.0,100,Sell,231727994
2024-08-15 09:50:47,37200.0,100,Sell,231727993
2024-08-15 09:50:47,37200.0,5000,Sell,231727992
2024-08-15 09:50:47,37200.0,2000,Sell,231727991
2024-08-15 09:50:47,37200.0,4900,Sell,231727989
2024-08-15 09:50:47,37200.0,22500,Sell,231727987
2024-08-15 09:50:47,37200.0,500,Sell,231727986
2024-08-15 09:50:47,37200.0,3000,Sell,231727985
2024-08-15 09:50:47,37200.0,300,Sell,231727984
2024-08-15 09:50:47,37200.0,300,Sell,231727983
2024-08-15 09:50:47,37200.0,800,Sell,231727982
2024-08-15 09:50:47,37200.0,1000,Sell,231727988
2024-08-15 09:50:48,37200.0,7500,Sell,231728003
2024-08-15 09:50:54,37200.0,3400,Sell,231728215
2024-08-15 09:50:56,37250.0,100,Buy,231728271
2024-08-15 09:50:56,37250.0,200,Buy,231728263
2024-08-15 09:50:59,37250.0,2000,Buy,231728302
2024-08-15 09:50:59,37250.0,3000,Buy,231728303
2024-08-15 09:51:01,37250.0,2000,Buy,231728377
2024-08-15 09:51:06,37200.0,13000,Sell,231728465
2024-08-15 09:51:06,37200.0,10000,Sell,231728464
2024-08-15 09:51:06,37200.0,400,Sell,231728463
2024-08-15 09:51:06,37200.0,100,Sell,231728462
2024-08-15 09:51:06,37200.0,300,Sell,231728461
2024-08-15 09:51:06,37200.0,2000,Sell,231728458
2024-08-15 09:51:06,37200.0,500,Sell,231728459
2024-08-15 09:51:06,37200.0,6200,Sell,231728455
2024-08-15 09:51:06,37200.0,1500,Sell,231728460
2024-08-15 09:51:06,37200.0,5900,Sell,231728457
2024-08-15 09:51:06,37200.0,100,Sell,231728456
2024-08-15 09:51:08,37200.0,300,Sell,231728493
2024-08-15 09:51:08,37200.0,5000,Sell,231728494
2024-08-15 09:51:08,37200.0,1200,Sell,231728495
2024-08-15 09:51:08,37200.0,1400,Sell,231728496
2024-08-15 09:51:08,37200.0,1400,Sell,231728498
2024-08-15 09:51:10,37250.0,1500,Buy,231728529
2024-08-15 09:51:20,37200.0,1000,Sell,231728698
2024-08-15 09:51:25,37250.0,2600,Buy,231728783
2024-08-15 09:51:25,37250.0,1600,Buy,231728784
2024-08-15 09:51:25,37250.0,1200,Buy,231728785
2024-08-15 09:51:25,37250.0,1800,Buy,231728786
2024-08-15 09:51:25,37250.0,300,Buy,231728787
2024-08-15 09:51:27,37250.0,1400,Sell,231728823
2024-08-15 09:51:28,37250.0,200,Sell,231728824
2024-08-15 09:51:37,37250.0,200,Sell,231729063
2024-08-15 09:51:38,37250.0,2600,Sell,231729065
2024-08-15 09:51:38,37250.0,13100,Sell,231729098
2024-08-15 09:51:38,37250.0,6900,Sell,231729099
2024-08-15 09:51:47,37250.0,2100,Sell,231729316
2024-08-15 09:51:48,37250.0,800,Buy,231729319
2024-08-15 09:51:48,37250.0,900,Buy,231729334
2024-08-15 09:51:48,37250.0,600,Buy,231729335
2024-08-15 09:51:48,37300.0,500,Buy,231729336
2024-08-15 09:51:58,37250.0,800,Buy,231729455
2024-08-15 09:51:58,37250.0,100,Buy,231729456
2024-08-15 09:52:03,37300.0,1200,Buy,231729554
2024-08-15 09:52:03,37300.0,2000,Buy,231729557
2024-08-15 09:52:03,37300.0,200,Buy,231729556
2024-08-15 09:52:03,37300.0,200,Buy,231729555
2024-08-15 09:52:03,37300.0,500,Buy,231729553
2024-08-15 09:52:03,37300.0,100,Buy,231729551
2024-08-15 09:52:03,37300.0,4000,Buy,231729547
2024-08-15 09:52:03,37300.0,200,Buy,231729548
2024-08-15 09:52:03,37300.0,100,Buy,231729552
2024-08-15 09:52:03,37300.0,1000,Buy,231729550
2024-08-15 09:52:03,37300.0,100,Buy,231729549
2024-08-15 09:52:07,37300.0,400,Sell,231729609
2024-08-15 09:52:09,37250.0,2600,Sell,231729672
2024-08-15 09:52:18,37250.0,500,Sell,231729828
2024-08-15 09:52:33,37250.0,100,Sell,231730027
2024-08-15 09:53:01,37250.0,600,Sell,231730439
2024-08-15 09:53:01,37250.0,2800,Sell,231730438
2024-08-15 09:53:07,37250.0,500,Sell,231730623
2024-08-15 09:53:08,37250.0,100,Sell,231730637
2024-08-15 09:53:17,37250.0,100,Sell,231730787
2024-08-15 09:53:23,37250.0,100,Sell,231730875
2024-08-15 09:53:29,37300.0,700,Buy,231730958
2024-08-15 09:53:47,37300.0,100,Buy,231731192
2024-08-15 09:53:47,37300.0,1500,Buy,231731193
2024-08-15 09:53:47,37300.0,2000,Buy,231731191
2024-08-15 09:53:47,37300.0,600,Buy,231731189
2024-08-15 09:53:47,37300.0,300,Buy,231731190
2024-08-15 09:53:48,37300.0,10000,Buy,231731202
2024-08-15 09:53:54,37300.0,100,Buy,231731279
2024-08-15 09:54:00,37300.0,2400,Buy,231731377
2024-08-15 09:54:00,37300.0,100,Buy,231731376
2024-08-15 09:54:00,37300.0,300,Buy,231731378
2024-08-15 09:54:00,37300.0,1600,Buy,231731374
2024-08-15 09:54:00,37300.0,1300,Buy,231731373
2024-08-15 09:54:00,37300.0,100,Buy,231731375
2024-08-15 09:54:07,37300.0,900,Sell,231731459
2024-08-15 09:54:08,37300.0,100,Sell,231731461
2024-08-15 09:54:17,37300.0,100,Sell,231731588
2024-08-15 09:54:31,37300.0,3000,Sell,231731760
2024-08-15 09:54:33,37300.0,100,Sell,231731797
2024-08-15 09:54:37,37300.0,500,Sell,231731862
2024-08-15 09:54:47,37300.0,500,Sell,231732004
2024-08-15 09:54:47,37300.0,1300,Sell,231732005
2024-08-15 09:54:47,37300.0,500,Sell,231732003
2024-08-15 09:54:47,37300.0,5400,Sell,231732002
2024-08-15 09:55:02,37250.0,600,Sell,231732261
2024-08-15 09:55:02,37250.0,2000,Sell,231732262
2024-08-15 09:55:07,37250.0,400,Sell,231732355
2024-08-15 09:55:14,37300.0,1300,Buy,231732469
2024-08-15 09:55:14,37300.0,200,Buy,231732470
2024-08-15 09:55:14,37300.0,3000,Buy,231732471
2024-08-15 09:55:14,37300.0,2000,Buy,231732472
2024-08-15 09:55:14,37300.0,100,Buy,231732473
2024-08-15 09:55:14,37300.0,1000,Buy,231732474
2024-08-15 09:55:14,37300.0,2300,Buy,231732468
2024-08-15 09:55:17,37300.0,1700,Sell,231732513
2024-08-15 09:55:18,37300.0,300,Sell,231732529
2024-08-15 09:55:19,37300.0,8100,Sell,231732542
2024-08-15 09:55:22,37250.0,2600,Sell,231732605
2024-08-15 09:55:28,37250.0,2100,Sell,231732714
2024-08-15 09:55:28,37250.0,300,Sell,231732717
2024-08-15 09:55:37,37250.0,400,Sell,231732810
2024-08-15 09:55:47,37300.0,2000,Buy,231732951
2024-08-15 09:55:47,37300.0,1900,Buy,231732949
2024-08-15 09:55:47,37300.0,1000,Buy,231732950
2024-08-15 09:55:48,37300.0,10000,Sell,231732956
2024-08-15 09:55:48,37300.0,1000,Sell,231732957
2024-08-15 09:55:57,37300.0,2700,Sell,231733086
2024-08-15 09:55:58,37300.0,400,Sell,231733089
2024-08-15 09:56:07,37300.0,500,Sell,231733226
2024-08-15 09:56:17,37350.0,1000,Buy,231733338
2024-08-15 09:56:17,37350.0,500,Buy,231733339
2024-08-15 09:56:52,37300.0,100,Sell,231733827
2024-08-15 09:56:56,37300.0,30000,Sell,231733869
2024-08-15 09:56:58,37300.0,400,Sell,231733885
2024-08-15 09:56:58,37300.0,500,Sell,231733886
2024-08-15 09:56:58,37300.0,2000,Sell,231733887
2024-08-15 09:56:58,37300.0,2200,Sell,231733888
2024-08-15 09:56:58,37300.0,900,Sell,231733896
2024-08-15 09:57:00,37300.0,500,Sell,231733932
2024-08-15 09:57:07,37300.0,400,Sell,231734058
2024-08-15 09:57:08,37300.0,100,Buy,231734067
2024-08-15 09:57:08,37300.0,700,Buy,231734066
2024-08-15 09:57:10,37300.0,300,Sell,231734089
2024-08-15 09:57:17,37300.0,200,Sell,231734220
2024-08-15 09:57:34,37300.0,800,Sell,231734639
2024-08-15 09:57:37,37300.0,100,Sell,231734678
2024-08-15 09:57:38,37300.0,2000,Sell,231734684
2024-08-15 09:57:47,37300.0,300,Sell,231734779
2024-08-15 09:58:09,37300.0,500,Sell,231735145
2024-08-15 09:58:09,37300.0,2900,Sell,231735146
2024-08-15 09:58:12,37300.0,100,Sell,231735220
2024-08-15 09:58:17,37300.0,500,Sell,231735288
2024-08-15 09:58:18,37300.0,100,Sell,231735306
2024-08-15 09:58:22,37350.0,1500,Buy,231735357
2024-08-15 09:58:22,37350.0,600,Buy,231735353
2024-08-15 09:58:22,37350.0,200,Buy,231735354
2024-08-15 09:58:22,37350.0,600,Buy,231735355
2024-08-15 09:58:22,37350.0,100,Buy,231735356
2024-08-15 09:58:47,37300.0,100,Sell,231735761
2024-08-15 09:58:47,37300.0,1000,Sell,231735751
2024-08-15 09:59:21,37350.0,500,Buy,231736187
2024-08-15 09:59:21,37350.0,700,Buy,231736188
2024-08-15 09:59:47,37300.0,2000,Sell,231736620
2024-08-15 09:59:57,37300.0,300,Sell,231736742
2024-08-15 10:00:37,37350.0,200,Buy,231737256
2024-08-15 10:00:37,37350.0,100,Buy,231737258
2024-08-15 10:00:37,37350.0,3000,Buy,231737259
2024-08-15 10:00:37,37350.0,1000,Buy,231737260
2024-08-15 10:00:37,37350.0,100,Buy,231737262
2024-08-15 10:00:37,37350.0,100,Buy,231737254
2024-08-15 10:00:37,37350.0,600,Buy,231737263
2024-08-15 10:00:37,37350.0,100,Buy,231737264
2024-08-15 10:00:37,37350.0,1000,Buy,231737265
2024-08-15 10:00:37,37350.0,2400,Buy,231737266
2024-08-15 10:00:37,37350.0,100,Buy,231737261
2024-08-15 10:00:37,37350.0,1200,Buy,231737253
2024-08-15 10:00:37,37350.0,300,Buy,231737257
2024-08-15 10:00:37,37350.0,300,Buy,231737251
2024-08-15 10:00:37,37350.0,100,Buy,231737252
2024-08-15 10:00:37,37350.0,300,Buy,231737240
2024-08-15 10:00:37,37350.0,2000,Buy,231737241
2024-08-15 10:00:37,37350.0,1000,Buy,231737242
2024-08-15 10:00:37,37350.0,100,Buy,231737243
2024-08-15 10:00:37,37350.0,100,Buy,231737244
2024-08-15 10:00:37,37350.0,100,Buy,231737255
2024-08-15 10:00:37,37350.0,4000,Buy,231737246
2024-08-15 10:00:37,37350.0,200,Buy,231737250
2024-08-15 10:00:37,37350.0,500,Buy,231737249
2024-08-15 10:00:37,37350.0,500,Buy,231737245
2024-08-15 10:00:37,37350.0,500,Buy,231737247
2024-08-15 10:00:37,37350.0,100,Buy,231737248
2024-08-15 10:00:44,37350.0,6000,Buy,231737330
2024-08-15 10:01:55,37350.0,3000,Buy,231738260
2024-08-15 10:02:17,37350.0,300,Buy,231738491
2024-08-15 10:02:43,37300.0,1000,Sell,231738929
2024-08-15 10:02:47,37300.0,100,Sell,231738985
2024-08-15 10:03:04,37300.0,1900,Sell,231739387
2024-08-15 10:03:04,37300.0,1000,Sell,231739388
2024-08-15 10:03:04,37300.0,27100,Sell,231739389
2024-08-15 10:03:07,37300.0,5100,Sell,231739434
2024-08-15 10:03:08,37300.0,900,Sell,231739437
2024-08-15 10:03:14,37300.0,500,Sell,231739572
2024-08-15 10:03:14,37350.0,700,Buy,231739580
2024-08-15 10:03:22,37300.0,200,Sell,231739777
2024-08-15 10:03:26,37300.0,1600,Sell,231739829
2024-08-15 10:03:28,37300.0,300,Sell,231739854
2024-08-15 10:03:46,37300.0,1000,Sell,231740179
2024-08-15 10:03:48,37300.0,100,Sell,231740198
2024-08-15 10:03:49,37300.0,3000,Sell,231740217
2024-08-15 10:03:58,37300.0,500,Sell,231740381
2024-08-15 10:04:03,37300.0,100,Sell,231740507
2024-08-15 10:04:07,37300.0,100,Sell,231740568
2024-08-15 10:04:22,37350.0,100,Buy,231740777
2024-08-15 10:04:23,37300.0,5000,Sell,231740782
2024-08-15 10:04:23,37300.0,600,Sell,231740790
2024-08-15 10:04:27,37300.0,900,Sell,231740836
2024-08-15 10:04:28,37300.0,100,Sell,231740840
2024-08-15 10:04:29,37300.0,300,Sell,231740857
2024-08-15 10:04:32,37300.0,300,Sell,231740919
2024-08-15 10:04:36,37300.0,1000,Sell,231740968
2024-08-15 10:04:37,37300.0,400,Sell,231740980
2024-08-15 10:04:39,37300.0,300,Sell,231741008
2024-08-15 10:04:44,37300.0,200,Sell,231741182
2024-08-15 10:04:44,37300.0,200,Sell,231741183
2024-08-15 10:04:44,37300.0,200,Sell,231741184
2024-08-15 10:04:44,37300.0,5500,Sell,231741185
2024-08-15 10:04:44,37300.0,100,Sell,231741186
2024-08-15 10:04:44,37300.0,600,Sell,231741181
2024-08-15 10:04:49,37300.0,2400,Buy,231741328
2024-08-15 10:04:52,37300.0,800,Buy,231741355
2024-08-15 10:04:52,37300.0,200,Buy,231741356
2024-08-15 10:04:58,37300.0,1000,Buy,231741461
2024-08-15 10:05:00,37300.0,200,Buy,231741484
2024-08-15 10:05:00,37300.0,200,Buy,231741485
2024-08-15 10:05:00,37300.0,500,Buy,231741486
2024-08-15 10:05:00,37300.0,100,Buy,231741487
2024-08-15 10:05:18,37300.0,200,Buy,231741795
2024-08-15 10:05:21,37300.0,100,Buy,231741884
2024-08-15 10:05:21,37300.0,500,Buy,231741885
2024-08-15 10:05:22,37300.0,400,Sell,231741904
2024-08-15 10:05:27,37300.0,700,Buy,231742011
2024-08-15 10:05:27,37300.0,200,Sell,231742038
2024-08-15 10:05:37,37300.0,100,Sell,231742285
2024-08-15 10:05:57,37350.0,800,Buy,231742707
2024-08-15 10:06:00,37300.0,2000,Sell,231742793
2024-08-15 10:06:07,37300.0,400,Sell,231742918
2024-08-15 10:06:41,37300.0,2000,Sell,231743477
2024-08-15 10:06:47,37300.0,300,Sell,231743588
2024-08-15 10:07:55,37300.0,1200,Sell,231744983
2024-08-15 10:07:55,37300.0,500,Sell,231744984
2024-08-15 10:07:55,37300.0,1000,Sell,231744985
2024-08-15 10:07:55,37300.0,300,Sell,231744982
2024-08-15 10:07:57,37300.0,500,Sell,231745104
2024-08-15 10:08:05,37300.0,100,Sell,231745264
2024-08-15 10:08:07,37300.0,100,Sell,231745289
2024-08-15 10:08:34,37300.0,100,Sell,231745727
2024-08-15 10:08:36,37300.0,1200,Sell,231745781
2024-08-15 10:08:36,37300.0,8800,Sell,231745782
2024-08-15 10:08:37,37300.0,1200,Sell,231745791
2024-08-15 10:08:37,37300.0,500,Sell,231745792
2024-08-15 10:08:38,37300.0,300,Sell,231745796
2024-08-15 10:08:38,37300.0,1800,Sell,231745794
2024-08-15 10:08:38,37300.0,1200,Sell,231745795
2024-08-15 10:08:45,37300.0,100,Sell,231745891
2024-08-15 10:08:47,37300.0,300,Sell,231745930
2024-08-15 10:08:47,37300.0,900,Sell,231745936
2024-08-15 10:08:48,37300.0,100,Sell,231745942
2024-08-15 10:08:51,37300.0,500,Sell,231746003
2024-08-15 10:08:52,37350.0,400,Buy,231746025
2024-08-15 10:08:52,37350.0,4400,Buy,231746024
2024-08-15 10:08:52,37350.0,300,Buy,231746023
2024-08-15 10:08:52,37350.0,100,Buy,231746022
2024-08-15 10:08:52,37350.0,1100,Buy,231746026
2024-08-15 10:08:52,37350.0,1000,Buy,231746020
2024-08-15 10:08:52,37350.0,100,Buy,231746019
2024-08-15 10:08:52,37350.0,200,Buy,231746018
2024-08-15 10:08:52,37350.0,100,Buy,231746021
2024-08-15 10:08:52,37350.0,100,Buy,231746017
2024-08-15 10:09:35,37350.0,100,Buy,231746727
2024-08-15 10:10:00,37350.0,300,Buy,231747073
2024-08-15 10:10:00,37350.0,200,Buy,231747074
2024-08-15 10:10:28,37350.0,300,Buy,231747423
2024-08-15 10:10:28,37350.0,400,Buy,231747424
2024-08-15 10:12:00,37300.0,100,Sell,231748597
2024-08-15 10:12:39,37300.0,6000,Sell,231749205
2024-08-15 10:12:47,37300.0,1000,Sell,231749291
2024-08-15 10:12:48,37300.0,100,Sell,231749293
2024-08-15 10:12:57,37300.0,100,Sell,231749428
2024-08-15 10:13:03,37300.0,1000,Sell,231749528
2024-08-15 10:13:07,37300.0,100,Sell,231749622
2024-08-15 10:13:28,37300.0,5000,Sell,231749929
2024-08-15 10:13:34,37300.0,300,Sell,231750087
2024-08-15 10:13:37,37300.0,900,Sell,231750127
2024-08-15 10:13:38,37300.0,100,Sell,231750130
2024-08-15 10:13:47,37300.0,100,Sell,231750222
2024-08-15 10:13:48,37300.0,100,Sell,231750243
2024-08-15 10:14:00,37300.0,500,Sell,231750384
2024-08-15 10:14:00,37300.0,2000,Sell,231750371
2024-08-15 10:14:07,37300.0,400,Sell,231750512
2024-08-15 10:14:28,37350.0,1500,Buy,231750853
2024-08-15 10:14:45,37300.0,3400,Sell,231751102
2024-08-15 10:14:47,37300.0,400,Sell,231751197
2024-08-15 10:14:47,37300.0,100,Sell,231751198
2024-08-15 10:14:48,37300.0,100,Sell,231751202
2024-08-15 10:14:57,37300.0,100,Sell,231751318
2024-08-15 10:15:07,37300.0,200,Sell,231751433
2024-08-15 10:15:07,37300.0,2300,Sell,231751434
2024-08-15 10:15:07,37300.0,1000,Sell,231751436
2024-08-15 10:15:07,37300.0,2000,Sell,231751437
2024-08-15 10:15:07,37300.0,200,Sell,231751438
2024-08-15 10:15:07,37300.0,300,Sell,231751439
2024-08-15 10:15:07,37300.0,500,Sell,231751440
2024-08-15 10:15:07,37300.0,1900,Sell,231751435
2024-08-15 10:15:32,37250.0,2600,Sell,231751742
2024-08-15 10:15:37,37250.0,400,Sell,231751869
2024-08-15 10:15:46,37300.0,100,Buy,231752047
2024-08-15 10:16:34,37300.0,100,Buy,231752878
2024-08-15 10:17:14,37300.0,1200,Buy,231753518
2024-08-15 10:17:15,37300.0,1200,Buy,231753539
2024-08-15 10:17:27,37300.0,100,Buy,231753712
2024-08-15 10:18:22,37250.0,2900,Sell,231754583
2024-08-15 10:18:27,37250.0,100,Sell,231754653
2024-08-15 10:18:28,37250.0,400,Sell,231754670
2024-08-15 10:18:34,37250.0,800,Sell,231754768
2024-08-15 10:18:34,37250.0,200,Sell,231754769
2024-08-15 10:18:35,37250.0,1800,Sell,231754777
2024-08-15 10:18:38,37250.0,500,Sell,231754812
2024-08-15 10:18:38,37250.0,200,Sell,231754821
2024-08-15 10:18:40,37250.0,1300,Sell,231754842
2024-08-15 10:18:40,37250.0,1000,Sell,231754843
2024-08-15 10:18:40,37250.0,700,Sell,231754844
2024-08-15 10:18:47,37250.0,600,Sell,231754961
2024-08-15 10:18:48,37250.0,100,Sell,231754964
2024-08-15 10:18:57,37250.0,100,Sell,231755168
2024-08-15 10:19:46,37300.0,1000,Buy,231756174
2024-08-15 10:19:58,37250.0,2000,Sell,231756413
2024-08-15 10:20:07,37250.0,300,Sell,231756666
2024-08-15 10:20:36,37250.0,200,Sell,231757343
2024-08-15 10:20:56,37250.0,10000,Sell,231757770
2024-08-15 10:20:57,37250.0,1700,Sell,231757806
2024-08-15 10:20:58,37250.0,300,Sell,231757909
2024-08-15 10:21:04,37250.0,1400,Sell,231758108
2024-08-15 10:21:05,37250.0,200,Sell,231758126
2024-08-15 10:21:07,37250.0,600,Sell,231758165
2024-08-15 10:21:08,37250.0,100,Sell,231758169
2024-08-15 10:21:10,37250.0,500,Sell,231758224
2024-08-15 10:21:16,37250.0,1200,Sell,231758354
2024-08-15 10:21:16,37250.0,800,Sell,231758355
2024-08-15 10:21:17,37250.0,500,Sell,231758378
2024-08-15 10:21:20,37250.0,200,Sell,231758433
2024-08-15 10:21:20,37250.0,2300,Sell,231758435
2024-08-15 10:21:20,37250.0,200,Sell,231758431
2024-08-15 10:21:20,37250.0,2000,Sell,231758432
2024-08-15 10:21:20,37250.0,1000,Sell,231758434
2024-08-15 10:21:20,37250.0,6100,Sell,231758430
2024-08-15 10:22:07,37250.0,1000,Buy,231759396
2024-08-15 10:22:07,37250.0,300,Buy,231759405
2024-08-15 10:22:07,37250.0,600,Buy,231759402
2024-08-15 10:22:07,37250.0,4000,Buy,231759401
2024-08-15 10:22:07,37250.0,6000,Buy,231759404
2024-08-15 10:22:07,37250.0,100,Buy,231759399
2024-08-15 10:22:07,37250.0,300,Buy,231759398
2024-08-15 10:22:07,37250.0,2000,Buy,231759397
2024-08-15 10:22:07,37250.0,20000,Buy,231759400
2024-08-15 10:22:07,37250.0,2000,Buy,231759403
2024-08-15 10:22:17,37250.0,6100,Sell,231759666
2024-08-15 10:22:18,37250.0,1000,Sell,231759677
2024-08-15 10:22:27,37250.0,1900,Sell,231759926
2024-08-15 10:22:27,37250.0,1500,Sell,231759948
2024-08-15 10:22:28,37250.0,200,Sell,231759951
2024-08-15 10:22:30,37250.0,900,Sell,231760041
2024-08-15 10:22:37,37250.0,400,Sell,231760234
2024-08-15 10:22:40,37250.0,1000,Sell,231760272
2024-08-15 10:22:43,37250.0,100,Sell,231760517
2024-08-15 10:22:43,37250.0,300,Sell,231760518
2024-08-15 10:22:43,37250.0,700,Sell,231760516
2024-08-15 10:22:47,37250.0,400,Sell,231760643
2024-08-15 10:22:52,37250.0,1000,Sell,231760811
2024-08-15 10:22:57,37250.0,200,Sell,231760890
2024-08-15 10:23:03,37250.0,300,Sell,231761149
2024-08-15 10:23:14,37250.0,600,Sell,231761426
2024-08-15 10:23:17,37250.0,100,Sell,231761500
2024-08-15 10:23:26,37250.0,600,Sell,231761672
2024-08-15 10:23:27,37250.0,100,Sell,231761731
2024-08-15 10:23:29,37250.0,1500,Sell,231761847
2024-08-15 10:23:29,37250.0,4400,Sell,231761844
2024-08-15 10:23:29,37250.0,3000,Sell,231761845
2024-08-15 10:23:29,37250.0,100,Sell,231761846
2024-08-15 10:23:55,37250.0,7000,Buy,231762497
2024-08-15 10:23:55,37250.0,1000,Buy,231762498
2024-08-15 10:24:08,37250.0,100,Buy,231762781
2024-08-15 10:24:08,37250.0,200,Buy,231762779
2024-08-15 10:24:08,37250.0,700,Buy,231762780
2024-08-15 10:24:08,37250.0,200,Buy,231762778
2024-08-15 10:24:08,37250.0,1500,Buy,231762774
2024-08-15 10:24:08,37250.0,5000,Buy,231762776
2024-08-15 10:24:08,37250.0,200,Buy,231762775
2024-08-15 10:24:08,37250.0,100,Buy,231762773
2024-08-15 10:24:08,37250.0,1300,Buy,231762777
2024-08-15 10:24:16,37250.0,100,Sell,231762940
2024-08-15 10:24:17,37250.0,1500,Sell,231762950
2024-08-15 10:24:18,37250.0,200,Sell,231762975
2024-08-15 10:24:27,37250.0,200,Sell,231763154
2024-08-15 10:24:46,37250.0,5400,Sell,231763569
2024-08-15 10:24:47,37250.0,1000,Sell,231763604
2024-08-15 10:24:47,37250.0,900,Sell,231763605
2024-08-15 10:24:48,37250.0,100,Sell,231763612
2024-08-15 10:24:50,37250.0,16700,Sell,231763651
2024-08-15 10:24:57,37250.0,3100,Sell,231763849
2024-08-15 10:24:58,37250.0,500,Sell,231763855
2024-08-15 10:25:06,37250.0,200,Sell,231764035
2024-08-15 10:25:07,37250.0,600,Sell,231764052
2024-08-15 10:25:08,37250.0,100,Sell,231764054
2024-08-15 10:25:17,37250.0,100,Sell,231764244
2024-08-15 10:25:21,37250.0,200,Sell,231764336
2024-08-15 10:25:54,37250.0,300,Sell,231765048
2024-08-15 10:26:01,37250.0,100,Sell,231765192
2024-08-15 10:26:07,37250.0,30000,Sell,231765304
2024-08-15 10:26:08,37250.0,900,Sell,231765314
2024-08-15 10:26:17,37250.0,3500,Sell,231765567
2024-08-15 10:26:17,37250.0,1000,Sell,231765568
2024-08-15 10:26:17,37250.0,700,Sell,231765569
2024-08-15 10:26:24,37250.0,1500,Sell,231765730
2024-08-15 10:26:24,37250.0,1600,Sell,231765728
2024-08-15 10:26:24,37250.0,2000,Sell,231765729
2024-08-15 10:26:27,37250.0,1700,Sell,231765820
2024-08-15 10:26:28,37250.0,300,Sell,231765834
2024-08-15 10:26:34,37250.0,500,Sell,231765981
2024-08-15 10:26:34,37250.0,2000,Sell,231765982
2024-08-15 10:26:37,37250.0,700,Sell,231766067
2024-08-15 10:26:38,37250.0,100,Sell,231766072
2024-08-15 10:26:44,37300.0,200,Buy,231766254
2024-08-15 10:26:52,37250.0,1000,Sell,231766379
2024-08-15 10:26:57,37250.0,100,Sell,231766552
2024-08-15 10:27:06,37250.0,1000,Sell,231766711
2024-08-15 10:27:07,37250.0,100,Sell,231766740
2024-08-15 10:27:33,37250.0,2500,Sell,231767238
2024-08-15 10:27:37,37250.0,400,Sell,231767356
2024-08-15 10:27:44,37250.0,500,Sell,231767458
2024-08-15 10:27:47,37250.0,100,Sell,231767523
2024-08-15 10:28:02,37250.0,20000,Sell,231767810
2024-08-15 10:28:08,37250.0,3400,Sell,231767899
2024-08-15 10:28:08,37250.0,600,Sell,231767903
2024-08-15 10:28:17,37250.0,600,Sell,231768096
2024-08-15 10:28:18,37250.0,100,Sell,231768097
2024-08-15 10:28:27,37250.0,100,Sell,231768301
2024-08-15 10:28:55,37250.0,2500,Sell,231769020
2024-08-15 10:28:57,37250.0,400,Sell,231769058
2024-08-15 10:29:00,37250.0,100,Sell,231769088
2024-08-15 10:29:11,37250.0,2500,Sell,231769355
2024-08-15 10:29:18,37250.0,400,Sell,231769460
2024-08-15 10:29:32,37300.0,2200,Buy,231769728
2024-08-15 10:29:32,37300.0,2500,Buy,231769727
2024-08-15 10:29:32,37300.0,200,Buy,231769726
2024-08-15 10:29:32,37300.0,1400,Buy,231769725
2024-08-15 10:29:32,37300.0,3700,Buy,231769724
2024-08-15 10:29:41,37250.0,4300,Sell,231769950
2024-08-15 10:29:47,37250.0,700,Sell,231770019
2024-08-15 10:29:48,37250.0,100,Sell,231770030
2024-08-15 10:29:57,37250.0,100,Sell,231770188
2024-08-15 10:30:07,37300.0,200,Buy,231770357
2024-08-15 10:30:07,37300.0,2000,Buy,231770358
2024-08-15 10:30:07,37300.0,100,Buy,231770359
2024-08-15 10:30:07,37300.0,200,Buy,231770367
2024-08-15 10:30:07,37300.0,100,Buy,231770368
2024-08-15 10:30:07,37300.0,500,Buy,231770369
2024-08-15 10:30:07,37300.0,400,Buy,231770372
2024-08-15 10:30:07,37300.0,500,Buy,231770371
2024-08-15 10:30:07,37300.0,600,Buy,231770356
2024-08-15 10:30:07,37300.0,2000,Buy,231770373
2024-08-15 10:30:07,37300.0,100,Buy,231770374
2024-08-15 10:30:07,37300.0,300,Buy,231770375
2024-08-15 10:30:07,37300.0,1000,Buy,231770376
2024-08-15 10:30:07,37300.0,400,Buy,231770370
2024-08-15 10:30:07,37300.0,4000,Buy,231770355
2024-08-15 10:30:07,37300.0,100,Buy,231770353
2024-08-15 10:30:07,37300.0,500,Buy,231770345
2024-08-15 10:30:07,37300.0,100,Buy,231770352
2024-08-15 10:30:07,37300.0,100,Buy,231770351
2024-08-15 10:30:07,37300.0,100,Buy,231770350
2024-08-15 10:30:07,37300.0,1000,Buy,231770349
2024-08-15 10:30:07,37300.0,100,Buy,231770348
2024-08-15 10:30:07,37300.0,300,Buy,231770347
2024-08-15 10:30:07,37300.0,400,Buy,231770346
2024-08-15 10:30:07,37300.0,1200,Buy,231770354
2024-08-15 10:30:07,37300.0,100,Buy,231770344
2024-08-15 10:30:07,37300.0,3000,Buy,231770343
2024-08-15 10:30:07,37300.0,1300,Buy,231770342
2024-08-15 10:30:07,37300.0,500,Buy,231770341
2024-08-15 10:30:07,37300.0,1000,Buy,231770340
2024-08-15 10:30:07,37300.0,2800,Buy,231770339
2024-08-15 10:30:14,37300.0,1300,Buy,231770494
2024-08-15 10:30:17,37300.0,400,Buy,231770573
2024-08-15 10:30:17,37300.0,6400,Buy,231770571
2024-08-15 10:30:17,37300.0,1000,Buy,231770572
2024-08-15 10:30:17,37300.0,2200,Buy,231770570
2024-08-15 10:30:17,37300.0,1200,Buy,231770562
2024-08-15 10:30:17,37300.0,800,Buy,231770563
2024-08-15 10:30:24,37300.0,800,Buy,231770642
2024-08-15 10:30:24,37300.0,700,Buy,231770652
2024-08-15 10:30:24,37300.0,300,Buy,231770649
2024-08-15 10:30:24,37300.0,1700,Buy,231770648
2024-08-15 10:30:24,37300.0,4400,Buy,231770651
2024-08-15 10:30:24,37300.0,200,Buy,231770646
2024-08-15 10:30:24,37300.0,500,Buy,231770645
2024-08-15 10:30:24,37300.0,100,Buy,231770644
2024-08-15 10:30:24,37300.0,100,Buy,231770643
2024-08-15 10:30:24,37300.0,200,Buy,231770647
2024-08-15 10:30:24,37300.0,1000,Buy,231770650
2024-08-15 10:30:32,37300.0,100,Buy,231770811
2024-08-15 10:30:32,37300.0,3700,Buy,231770812
2024-08-15 10:30:32,37300.0,600,Buy,231770813
2024-08-15 10:30:37,37300.0,700,Sell,231770934
2024-08-15 10:30:38,37300.0,100,Sell,231770947
2024-08-15 10:30:38,37300.0,500,Sell,231770949
2024-08-15 10:30:41,37300.0,1000,Sell,231771015
2024-08-15 10:30:47,37300.0,300,Sell,231771102
2024-08-15 10:30:49,37300.0,500,Sell,231771121
2024-08-15 10:30:51,37300.0,100,Sell,231771140
2024-08-15 10:30:54,37300.0,100,Sell,231771180
2024-08-15 10:30:58,37300.0,100,Sell,231771246
2024-08-15 10:31:43,37300.0,2000,Sell,231771981
2024-08-15 10:31:47,37300.0,100,Sell,231772044
2024-08-15 10:31:47,37300.0,100,Sell,231772064
2024-08-15 10:31:47,37300.0,200,Sell,231772065
2024-08-15 10:31:55,37300.0,5000,Sell,231772183
2024-08-15 10:31:57,37300.0,900,Sell,231772219
2024-08-15 10:31:58,37300.0,100,Sell,231772226
2024-08-15 10:31:59,37300.0,100,Sell,231772241
2024-08-15 10:32:02,37300.0,3200,Sell,231772288
2024-08-15 10:32:07,37300.0,500,Sell,231772381
2024-08-15 10:32:07,37300.0,100,Sell,231772383
2024-08-15 10:32:07,37300.0,100,Sell,231772382
2024-08-15 10:32:08,37300.0,100,Sell,231772386
2024-08-15 10:32:08,37300.0,100,Sell,231772408
2024-08-15 10:32:17,37300.0,100,Sell,231772741
2024-08-15 10:32:24,37300.0,4800,Sell,231772845
2024-08-15 10:32:24,37300.0,200,Sell,231772844
2024-08-15 10:32:27,37300.0,200,Sell,231772909
2024-08-15 10:32:27,37300.0,600,Sell,231772910
2024-08-15 10:32:28,37300.0,100,Sell,231772913
2024-08-15 10:32:28,37300.0,500,Sell,231772920
2024-08-15 10:32:37,37300.0,200,Sell,231773071
2024-08-15 10:32:38,37300.0,100,Sell,231773083
2024-08-15 10:32:43,37300.0,200,Sell,231773150
2024-08-15 10:33:06,37300.0,400,Sell,231773483
2024-08-15 10:33:21,37350.0,100,Buy,231773675
2024-08-15 10:33:21,37350.0,500,Buy,231773674
2024-08-15 10:33:21,37350.0,900,Buy,231773676
2024-08-15 10:33:21,37350.0,100,Buy,231773672
2024-08-15 10:33:21,37350.0,200,Buy,231773671
2024-08-15 10:33:21,37350.0,1000,Buy,231773670
2024-08-15 10:33:21,37350.0,500,Buy,231773673
2024-08-15 10:33:22,37300.0,1400,Sell,231773689
2024-08-15 10:33:27,37300.0,700,Sell,231773759
2024-08-15 10:33:28,37300.0,100,Sell,231773823
2024-08-15 10:33:36,37350.0,1000,Buy,231773977
2024-08-15 10:33:36,37350.0,200,Buy,231773978
2024-08-15 10:33:36,37350.0,300,Buy,231773976
2024-08-15 10:33:36,37350.0,500,Buy,231773975
2024-08-15 10:33:36,37350.0,500,Buy,231773972
2024-08-15 10:33:36,37350.0,1000,Buy,231773973
2024-08-15 10:33:36,37350.0,2000,Buy,231773971
2024-08-15 10:33:36,37350.0,1000,Buy,231773970
2024-08-15 10:33:36,37350.0,100,Buy,231773974
2024-08-15 10:33:36,37350.0,1000,Buy,231773979
2024-08-15 10:33:36,37350.0,1500,Buy,231773969
2024-08-15 10:33:36,37350.0,500,Buy,231773981
2024-08-15 10:33:36,37350.0,100,Buy,231773982
2024-08-15 10:33:36,37350.0,300,Buy,231773983
2024-08-15 10:33:36,37350.0,900,Buy,231773984
2024-08-15 10:33:36,37350.0,200,Buy,231773985
2024-08-15 10:33:36,37350.0,200,Buy,231773986
2024-08-15 10:33:36,37350.0,300,Buy,231773987
2024-08-15 10:33:36,37350.0,200,Buy,231773988
2024-08-15 10:33:36,37350.0,500,Buy,231773990
2024-08-15 10:33:36,37350.0,400,Buy,231773991
2024-08-15 10:33:36,37350.0,100,Buy,231773980
2024-08-15 10:33:36,37350.0,1700,Buy,231773968
2024-08-15 10:33:36,37350.0,400,Buy,231773949
2024-08-15 10:33:36,37350.0,1000,Buy,231773966
2024-08-15 10:33:36,37350.0,9100,Buy,231773942
2024-08-15 10:33:36,37350.0,1200,Buy,231773943
2024-08-15 10:33:36,37350.0,200,Buy,231773944
2024-08-15 10:33:36,37350.0,1000,Buy,231773945
2024-08-15 10:33:36,37350.0,500,Buy,231773947
2024-08-15 10:33:36,37350.0,200,Buy,231773948
2024-08-15 10:33:36,37350.0,1100,Buy,231773950
2024-08-15 10:33:36,37350.0,100,Buy,231773952
2024-08-15 10:33:36,37350.0,1200,Buy,231773953
2024-08-15 10:33:36,37350.0,1500,Buy,231773954
2024-08-15 10:33:36,37350.0,2000,Buy,231773946
2024-08-15 10:33:36,37350.0,900,Buy,231773956
2024-08-15 10:33:36,37350.0,200,Buy,231773955
2024-08-15 10:33:36,37350.0,200,Buy,231773965
2024-08-15 10:33:36,37350.0,1000,Buy,231773964
2024-08-15 10:33:36,37350.0,2000,Buy,231773963
2024-08-15 10:33:36,37350.0,5000,Buy,231773962
2024-08-15 10:33:36,37350.0,200,Buy,231773967
2024-08-15 10:33:36,37350.0,100,Buy,231773961
2024-08-15 10:33:36,37350.0,1000,Buy,231773960
2024-08-15 10:33:36,37350.0,100,Buy,231773959
2024-08-15 10:33:36,37350.0,100,Buy,231773958
2024-08-15 10:33:36,37350.0,100,Buy,231773957
2024-08-15 10:33:37,37350.0,5100,Sell,231774022
2024-08-15 10:33:45,37350.0,2600,Buy,231774095
2024-08-15 10:33:45,37350.0,400,Buy,231774096
2024-08-15 10:33:49,37350.0,100,Buy,231774141
2024-08-15 10:33:56,37350.0,1300,Buy,231774233
2024-08-15 10:33:56,37350.0,200,Buy,231774234
2024-08-15 10:33:56,37350.0,1000,Buy,231774235
2024-08-15 10:33:56,37350.0,100,Buy,231774236
2024-08-15 10:33:56,37350.0,800,Buy,231774232
2024-08-15 10:33:57,37350.0,500,Sell,231774250
2024-08-15 10:33:57,37350.0,500,Sell,231774251
2024-08-15 10:33:58,37350.0,100,Sell,231774254
2024-08-15 10:34:07,37350.0,100,Sell,231774389
2024-08-15 10:34:17,37350.0,500,Sell,231774565
2024-08-15 10:34:40,37400.0,5000,Buy,231774937
2024-08-15 10:34:42,37350.0,900,Sell,231774959
2024-08-15 10:34:47,37350.0,1000,Sell,231775029
2024-08-15 10:34:48,37350.0,200,Sell,231775034
2024-08-15 10:34:57,37350.0,200,Sell,231775178
2024-08-15 10:34:58,37400.0,500,Buy,231775202
2024-08-15 10:35:01,37400.0,100,Buy,231775266
2024-08-15 10:35:01,37400.0,200,Buy,231775265
2024-08-15 10:35:01,37400.0,1100,Buy,231775264
2024-08-15 10:35:01,37400.0,200,Buy,231775263
2024-08-15 10:35:01,37400.0,200,Buy,231775262
2024-08-15 10:35:01,37400.0,1000,Buy,231775255
2024-08-15 10:35:01,37400.0,1000,Buy,231775260
2024-08-15 10:35:01,37400.0,1000,Buy,231775259
2024-08-15 10:35:01,37400.0,200,Buy,231775258
2024-08-15 10:35:01,37400.0,100,Buy,231775257
2024-08-15 10:35:01,37400.0,500,Buy,231775256
2024-08-15 10:35:01,37400.0,82500,Buy,231775261
2024-08-15 10:35:01,37400.0,1000,Buy,231775267
2024-08-15 10:35:01,37400.0,2000,Buy,231775270
2024-08-15 10:35:01,37400.0,200,Buy,231775269
2024-08-15 10:35:01,37400.0,100,Buy,231775271
2024-08-15 10:35:01,37400.0,200,Buy,231775272
2024-08-15 10:35:01,37400.0,100,Buy,231775273
2024-08-15 10:35:01,37400.0,300,Buy,231775274
2024-08-15 10:35:01,37400.0,3000,Buy,231775275
2024-08-15 10:35:01,37400.0,200,Buy,231775276
2024-08-15 10:35:01,37400.0,5000,Buy,231775277
2024-08-15 10:35:01,37400.0,1000,Buy,231775278
2024-08-15 10:35:01,37400.0,200,Buy,231775279
2024-08-15 10:35:01,37400.0,1000,Buy,231775280
2024-08-15 10:35:01,37400.0,100,Buy,231775281
2024-08-15 10:35:01,37400.0,5000,Buy,231775282
2024-08-15 10:35:01,37400.0,500,Buy,231775268
2024-08-15 10:35:01,37400.0,200,Buy,231775254
2024-08-15 10:35:01,37400.0,500,Buy,231775246
2024-08-15 10:35:01,37400.0,100,Buy,231775252
2024-08-15 10:35:01,37400.0,100,Buy,231775224
2024-08-15 10:35:01,37400.0,2000,Buy,231775225
2024-08-15 10:35:01,37400.0,100,Buy,231775226
2024-08-15 10:35:01,37400.0,800,Buy,231775227
2024-08-15 10:35:01,37400.0,100,Buy,231775228
2024-08-15 10:35:01,37400.0,300,Buy,231775229
2024-08-15 10:35:01,37400.0,500,Buy,231775230
2024-08-15 10:35:01,37400.0,500,Buy,231775231
2024-08-15 10:35:01,37400.0,3600,Buy,231775232
2024-08-15 10:35:01,37400.0,600,Buy,231775233
2024-08-15 10:35:01,37400.0,500,Buy,231775234
2024-08-15 10:35:01,37400.0,100,Buy,231775235
2024-08-15 10:35:01,37400.0,200,Buy,231775236
2024-08-15 10:35:01,37400.0,500,Buy,231775237
2024-08-15 10:35:01,37400.0,200,Buy,231775238
2024-08-15 10:35:01,37400.0,30000,Buy,231775239
2024-08-15 10:35:01,37400.0,100,Buy,231775240
2024-08-15 10:35:01,37400.0,100,Buy,231775241
2024-08-15 10:35:01,37400.0,2300,Buy,231775242
2024-08-15 10:35:01,37400.0,100,Buy,231775243
2024-08-15 10:35:01,37400.0,1000,Buy,231775244
2024-08-15 10:35:01,37400.0,100,Buy,231775245
2024-08-15 10:35:01,37400.0,1000,Buy,231775247
2024-08-15 10:35:01,37400.0,100,Buy,231775248
2024-08-15 10:35:01,37400.0,10000,Buy,231775249
2024-08-15 10:35:01,37400.0,200,Buy,231775250
2024-08-15 10:35:01,37400.0,400,Buy,231775251
2024-08-15 10:35:01,37400.0,14400,Buy,231775223
2024-08-15 10:35:01,37400.0,1300,Buy,231775253
2024-08-15 10:35:06,37400.0,800,Sell,231775405
2024-08-15 10:35:07,37400.0,11600,Sell,231775423
2024-08-15 10:35:07,37400.0,19200,Sell,231775422
2024-08-15 10:35:08,37400.0,5400,Sell,231775430
2024-08-15 10:35:10,37450.0,1200,Buy,231775469
2024-08-15 10:35:10,37450.0,1800,Buy,231775470
2024-08-15 10:35:11,37450.0,500,Buy,231775477
2024-08-15 10:35:11,37450.0,9500,Buy,231775478
2024-08-15 10:35:22,37400.0,100,Sell,231775653
2024-08-15 10:35:24,37450.0,2000,Buy,231775672
2024-08-15 10:35:29,37450.0,5000,Buy,231775729
2024-08-15 10:35:34,37400.0,100,Sell,231775801
2024-08-15 10:35:38,37400.0,800,Sell,231775863
2024-08-15 10:35:38,37400.0,100,Sell,231775868
2024-08-15 10:35:40,37450.0,3600,Buy,231775897
2024-08-15 10:35:40,37450.0,500,Buy,231775896
2024-08-15 10:35:40,37450.0,500,Buy,231775894
2024-08-15 10:35:40,37450.0,1400,Buy,231775895
2024-08-15 10:35:41,37450.0,8200,Buy,231775962
2024-08-15 10:35:41,37450.0,2200,Buy,231775961
2024-08-15 10:35:41,37450.0,100,Buy,231775960
2024-08-15 10:35:41,37450.0,100,Buy,231775959
2024-08-15 10:35:41,37450.0,1000,Buy,231775958
2024-08-15 10:35:41,37450.0,2000,Buy,231775957
2024-08-15 10:35:41,37450.0,17700,Buy,231775956
2024-08-15 10:35:41,37450.0,100,Buy,231775949
2024-08-15 10:35:41,37450.0,100,Buy,231775948
2024-08-15 10:35:41,37450.0,900,Buy,231775947
2024-08-15 10:35:41,37450.0,200,Buy,231775946
2024-08-15 10:35:41,37450.0,300,Buy,231775943
2024-08-15 10:35:41,37450.0,100,Buy,231775945
2024-08-15 10:35:41,37450.0,100,Buy,231775944
2024-08-15 10:35:41,37450.0,6400,Buy,231775930
2024-08-15 10:35:41,37450.0,2000,Buy,231775931
2024-08-15 10:35:41,37450.0,500,Buy,231775932
2024-08-15 10:35:41,37450.0,200,Buy,231775933
2024-08-15 10:35:41,37450.0,500,Buy,231775934
2024-08-15 10:35:41,37450.0,500,Buy,231775935
2024-08-15 10:35:41,37450.0,2000,Buy,231775942
2024-08-15 10:35:41,37450.0,100,Buy,231775937
2024-08-15 10:35:41,37450.0,300,Buy,231775941
2024-08-15 10:35:41,37450.0,2000,Buy,231775940
2024-08-15 10:35:41,37450.0,100,Buy,231775936
2024-08-15 10:35:41,37450.0,2000,Buy,231775938
2024-08-15 10:35:41,37450.0,300,Buy,231775939
2024-08-15 10:35:42,37450.0,10000,Buy,231775973
2024-08-15 10:35:48,37450.0,6000,Buy,231776062
2024-08-15 10:35:49,37450.0,1700,Buy,231776112
2024-08-15 10:35:49,37450.0,1300,Buy,231776113
2024-08-15 10:35:55,37450.0,2800,Buy,231776192
2024-08-15 10:35:55,37450.0,200,Buy,231776193
2024-08-15 10:35:56,37450.0,5300,Buy,231776220
2024-08-15 10:35:56,37450.0,100,Buy,231776217
2024-08-15 10:35:56,37450.0,1000,Buy,231776216
2024-08-15 10:35:56,37450.0,1000,Buy,231776215
2024-08-15 10:35:56,37450.0,2500,Buy,231776219
2024-08-15 10:35:56,37450.0,100,Buy,231776209
2024-08-15 10:35:56,37450.0,200,Buy,231776210
2024-08-15 10:35:56,37450.0,800,Buy,231776206
2024-08-15 10:35:56,37450.0,100,Buy,231776218
2024-08-15 10:35:56,37450.0,1000,Buy,231776208
2024-08-15 10:35:56,37450.0,800,Buy,231776207
2024-08-15 10:36:05,37400.0,3400,Sell,231776342
2024-08-15 10:36:08,37400.0,500,Sell,231776373
2024-08-15 10:36:08,37450.0,2200,Buy,231776376
2024-08-15 10:36:08,37400.0,100,Sell,231776377
2024-08-15 10:36:11,37450.0,800,Buy,231776426
2024-08-15 10:36:11,37450.0,1400,Buy,231776427
2024-08-15 10:36:11,37450.0,300,Buy,231776428
2024-08-15 10:36:11,37450.0,100,Buy,231776429
2024-08-15 10:36:11,37450.0,400,Buy,231776430
2024-08-15 10:36:23,37450.0,800,Buy,231776562
2024-08-15 10:36:30,37450.0,500,Buy,231776661
2024-08-15 10:36:33,37400.0,500,Sell,231776683
2024-08-15 10:36:36,37400.0,3900,Sell,231776772
2024-08-15 10:36:37,37400.0,800,Sell,231776793
2024-08-15 10:36:38,37400.0,100,Sell,231776795
2024-08-15 10:36:47,37400.0,100,Sell,231776906
2024-08-15 10:36:52,37400.0,300,Sell,231776964
2024-08-15 10:36:56,37450.0,3000,Buy,231776999
2024-08-15 10:36:58,37400.0,200,Sell,231777033
2024-08-15 10:37:06,37450.0,6600,Buy,231777145
2024-08-15 10:37:06,37450.0,1600,Buy,231777146
2024-08-15 10:37:10,37450.0,100,Buy,231777207
2024-08-15 10:37:10,37450.0,200,Buy,231777208
2024-08-15 10:37:10,37450.0,4200,Buy,231777205
2024-08-15 10:37:10,37450.0,400,Buy,231777204
2024-08-15 10:37:10,37450.0,700,Buy,231777206
2024-08-15 10:37:12,37450.0,1300,Buy,231777229
2024-08-15 10:37:12,37450.0,700,Buy,231777230
2024-08-15 10:37:12,37450.0,900,Buy,231777231
2024-08-15 10:37:12,37450.0,100,Buy,231777232
2024-08-15 10:37:16,37450.0,200,Buy,231777284
2024-08-15 10:37:16,37450.0,6500,Buy,231777288
2024-08-15 10:37:16,37450.0,500,Buy,231777287
2024-08-15 10:37:16,37450.0,800,Buy,231777286
2024-08-15 10:37:16,37450.0,100,Buy,231777285
2024-08-15 10:37:16,37450.0,100,Buy,231777283
2024-08-15 10:37:16,37450.0,200,Buy,231777275
2024-08-15 10:37:16,37450.0,200,Buy,231777281
2024-08-15 10:37:16,37450.0,600,Buy,231777280
2024-08-15 10:37:16,37450.0,4000,Buy,231777279
2024-08-15 10:37:16,37450.0,100,Buy,231777278
2024-08-15 10:37:16,37450.0,100,Buy,231777277
2024-08-15 10:37:16,37450.0,500,Buy,231777276
2024-08-15 10:37:16,37450.0,100,Buy,231777282
2024-08-15 10:37:21,37450.0,3500,Buy,231777363
2024-08-15 10:37:21,37450.0,500,Buy,231777364
2024-08-15 10:37:23,37450.0,100,Buy,231777369
2024-08-15 10:37:23,37450.0,300,Buy,231777370
2024-08-15 10:37:25,37450.0,1100,Buy,231777401
2024-08-15 10:37:25,37450.0,800,Buy,231777428
2024-08-15 10:37:25,37450.0,200,Buy,231777409
2024-08-15 10:37:25,37450.0,1000,Buy,231777408
2024-08-15 10:37:25,37450.0,2000,Buy,231777407
2024-08-15 10:37:25,37450.0,200,Buy,231777403
2024-08-15 10:37:25,37450.0,3800,Buy,231777405
2024-08-15 10:37:25,37450.0,100,Buy,231777404
2024-08-15 10:37:25,37450.0,600,Buy,231777406
2024-08-15 10:37:25,37450.0,200,Buy,231777402
2024-08-15 10:37:27,37450.0,600,Buy,231777447
2024-08-15 10:37:27,37450.0,8600,Buy,231777450
2024-08-15 10:37:27,37450.0,100,Buy,231777451
2024-08-15 10:37:28,37450.0,1300,Sell,231777453
2024-08-15 10:37:29,37450.0,1100,Buy,231777460
2024-08-15 10:37:29,37450.0,100,Buy,231777464
2024-08-15 10:37:29,37450.0,400,Buy,231777465
2024-08-15 10:37:34,37500.0,200,Buy,231777530
2024-08-15 10:37:34,37450.0,100,Sell,231777540
2024-08-15 10:37:42,37450.0,200,Buy,231777657
2024-08-15 10:37:42,37450.0,1800,Buy,231777658
2024-08-15 10:37:46,37450.0,200,Buy,231777737
2024-08-15 10:37:46,37450.0,300,Buy,231777738
2024-08-15 10:37:46,37450.0,100,Buy,231777739
2024-08-15 10:37:47,37450.0,200,Sell,231777740
2024-08-15 10:37:48,37450.0,200,Sell,231777756
2024-08-15 10:37:56,37450.0,200,Buy,231777847
2024-08-15 10:37:59,37450.0,100,Sell,231777884
2024-08-15 10:38:01,37500.0,1900,Buy,231777949
2024-08-15 10:38:01,37500.0,500,Buy,231777946
2024-08-15 10:38:01,37500.0,100,Buy,231777947
2024-08-15 10:38:01,37500.0,100,Buy,231777945
2024-08-15 10:38:01,37500.0,500,Buy,231777948
2024-08-15 10:38:01,37500.0,200,Buy,231777943
2024-08-15 10:38:01,37500.0,500,Buy,231777942
2024-08-15 10:38:01,37500.0,200,Buy,231777941
2024-08-15 10:38:01,37500.0,500,Buy,231777940
2024-08-15 10:38:01,37500.0,5000,Buy,231777939
2024-08-15 10:38:01,37500.0,500,Buy,231777944
2024-08-15 10:38:05,37450.0,3500,Sell,231778003
2024-08-15 10:38:05,37450.0,500,Sell,231778004
2024-08-15 10:38:06,37450.0,200,Sell,231778023
2024-08-15 10:38:07,37450.0,1000,Sell,231778034
2024-08-15 10:38:07,37450.0,800,Sell,231778033
2024-08-15 10:38:08,37450.0,200,Buy,231778048
2024-08-15 10:38:13,37450.0,400,Buy,231778110
2024-08-15 10:38:13,37450.0,100,Buy,231778111
2024-08-15 10:38:20,37400.0,1200,Sell,231778194
2024-08-15 10:38:27,37400.0,200,Sell,231778350
2024-08-15 10:39:03,37400.0,8000,Sell,231778756
2024-08-15 10:39:03,37400.0,1200,Sell,231778757
2024-08-15 10:39:04,37400.0,8000,Sell,231778763
2024-08-15 10:39:05,37400.0,1200,Sell,231778767
2024-08-15 10:39:06,37400.0,1200,Sell,231778784
2024-08-15 10:39:06,37400.0,8000,Sell,231778783
2024-08-15 10:39:07,37400.0,8000,Sell,231778797
2024-08-15 10:39:07,37400.0,2000,Sell,231778802
2024-08-15 10:39:07,37400.0,700,Sell,231778803
2024-08-15 10:39:07,37400.0,1200,Sell,231778800
2024-08-15 10:39:07,37400.0,1900,Sell,231778801
2024-08-15 10:39:08,37400.0,800,Sell,231778807
2024-08-15 10:39:09,37400.0,3800,Sell,231778832
2024-08-15 10:39:09,37400.0,100,Sell,231778830
2024-08-15 10:39:09,37400.0,500,Sell,231778833
2024-08-15 10:39:09,37400.0,300,Sell,231778828
2024-08-15 10:39:09,37400.0,1200,Sell,231778827
2024-08-15 10:39:09,37400.0,2300,Sell,231778829
2024-08-15 10:39:09,37400.0,1000,Sell,231778831
2024-08-15 10:39:10,37450.0,300,Buy,231778839
2024-08-15 10:39:10,37450.0,1000,Buy,231778840
2024-08-15 10:39:10,37450.0,400,Buy,231778841
2024-08-15 10:39:10,37450.0,100,Buy,231778842
2024-08-15 10:39:10,37450.0,600,Buy,231778843
2024-08-15 10:39:10,37450.0,2100,Buy,231778844
2024-08-15 10:39:14,37400.0,200,Sell,231778872
2024-08-15 10:39:17,37400.0,200,Sell,231778907
2024-08-15 10:39:17,37400.0,1000,Sell,231778908
2024-08-15 10:39:27,37400.0,1200,Buy,231778996
2024-08-15 10:39:28,37400.0,100,Buy,231779006
2024-08-15 10:39:30,37400.0,6900,Buy,231779019
2024-08-15 10:39:30,37400.0,2300,Buy,231779017
2024-08-15 10:39:30,37400.0,800,Buy,231779018
2024-08-15 10:39:37,37400.0,1100,Buy,231779103
2024-08-15 10:39:37,37400.0,1200,Buy,231779104
2024-08-15 10:39:37,37400.0,100,Buy,231779105
2024-08-15 10:39:40,37400.0,7900,Buy,231779155
2024-08-15 10:39:40,37400.0,1200,Buy,231779156
2024-08-15 10:39:40,37400.0,100,Buy,231779157
2024-08-15 10:39:40,37400.0,900,Buy,231779158
2024-08-15 10:39:41,37400.0,1100,Buy,231779172
2024-08-15 10:39:41,37400.0,200,Buy,231779173
2024-08-15 10:39:41,37400.0,7900,Buy,231779174
2024-08-15 10:39:41,37400.0,100,Buy,231779175
2024-08-15 10:39:41,37400.0,700,Buy,231779176
2024-08-15 10:39:50,37400.0,500,Buy,231779307
2024-08-15 10:39:50,37400.0,600,Buy,231779309
2024-08-15 10:39:50,37400.0,3400,Buy,231779308
2024-08-15 10:39:50,37400.0,1600,Buy,231779305
2024-08-15 10:39:50,37400.0,400,Buy,231779306
2024-08-15 10:39:57,37400.0,1100,Sell,231779381
2024-08-15 10:39:58,37400.0,200,Sell,231779385
2024-08-15 10:40:07,37400.0,200,Sell,231779480
2024-08-15 10:40:11,37450.0,1500,Buy,231779527
2024-08-15 10:40:25,37450.0,100,Buy,231779698
2024-08-15 10:40:25,37450.0,1900,Buy,231779697
2024-08-15 10:40:25,37450.0,100,Buy,231779695
2024-08-15 10:40:25,37450.0,400,Buy,231779694
2024-08-15 10:40:25,37450.0,2100,Buy,231779696
2024-08-15 10:40:32,37450.0,200,Buy,231779831
2024-08-15 10:40:43,37450.0,200,Buy,231779993
2024-08-15 10:41:06,37450.0,100,Buy,231780316
2024-08-15 10:41:06,37450.0,100,Buy,231780317
2024-08-15 10:41:06,37450.0,100,Buy,231780318
2024-08-15 10:41:06,37450.0,700,Buy,231780319
2024-08-15 10:41:11,37450.0,500,Buy,231780388
2024-08-15 10:41:11,37450.0,600,Buy,231780386
2024-08-15 10:41:11,37450.0,3300,Buy,231780385
2024-08-15 10:41:11,37450.0,600,Buy,231780387
2024-08-15 10:41:43,37400.0,1000,Sell,231780802
2024-08-15 10:41:47,37400.0,100,Sell,231780855
2024-08-15 10:42:05,37400.0,100,Sell,231781089
2024-08-15 10:42:16,37450.0,3500,Buy,231781193
2024-08-15 10:42:16,37450.0,300,Buy,231781194
2024-08-15 10:42:16,37450.0,700,Buy,231781195
2024-08-15 10:42:29,37400.0,1000,Sell,231781342
2024-08-15 10:42:33,37450.0,3000,Buy,231781366
2024-08-15 10:43:20,37400.0,1000,Sell,231781992
2024-08-15 10:43:21,37400.0,1300,Sell,231781994
2024-08-15 10:43:21,37400.0,6700,Sell,231781995
2024-08-15 10:43:21,37400.0,300,Sell,231781996
2024-08-15 10:43:21,37400.0,900,Sell,231781997
2024-08-15 10:43:22,37400.0,1200,Sell,231782011
2024-08-15 10:43:22,37400.0,8000,Sell,231782010
2024-08-15 10:43:23,37400.0,1200,Sell,231782022
2024-08-15 10:43:23,37400.0,8000,Sell,231782021
2024-08-15 10:43:26,37400.0,500,Sell,231782051
2024-08-15 10:43:27,37400.0,5000,Sell,231782066
2024-08-15 10:43:27,37400.0,4900,Sell,231782081
2024-08-15 10:43:28,37400.0,1000,Sell,231782096
2024-08-15 10:43:28,37450.0,10600,Buy,231782095
2024-08-15 10:43:28,37450.0,500,Buy,231782094
2024-08-15 10:43:28,37450.0,100,Buy,231782093
2024-08-15 10:43:28,37450.0,200,Buy,231782092
2024-08-15 10:43:28,37450.0,2400,Buy,231782090
2024-08-15 10:43:28,37450.0,20000,Buy,231782089
2024-08-15 10:43:28,37450.0,100,Buy,231782088
2024-08-15 10:43:28,37450.0,6300,Buy,231782087
2024-08-15 10:43:28,37450.0,100,Buy,231782091
2024-08-15 10:43:37,37400.0,3300,Sell,231782205
2024-08-15 10:43:37,37400.0,5400,Sell,231782206
2024-08-15 10:43:38,37400.0,1300,Sell,231782210
2024-08-15 10:43:39,37400.0,700,Sell,231782221
2024-08-15 10:43:39,37400.0,7000,Sell,231782220
2024-08-15 10:43:39,37400.0,300,Sell,231782219
2024-08-15 10:43:40,37400.0,600,Sell,231782225
2024-08-15 10:43:40,37400.0,300,Sell,231782223
2024-08-15 10:43:40,37400.0,300,Sell,231782224
2024-08-15 10:43:41,37400.0,1200,Sell,231782232
2024-08-15 10:43:41,37400.0,200,Sell,231782233
2024-08-15 10:43:41,37400.0,200,Sell,231782234
2024-08-15 10:43:42,37400.0,500,Buy,231782243
2024-08-15 10:44:23,37400.0,1200,Buy,231782799
2024-08-15 10:44:38,37350.0,300,Sell,231782970
2024-08-15 10:44:58,37350.0,500,Sell,231783240
2024-08-15 10:44:58,37350.0,500,Sell,231783241
2024-08-15 10:45:07,37350.0,100,Sell,231783348
2024-08-15 10:45:25,37350.0,1000,Sell,231783566
2024-08-15 10:45:26,37400.0,100,Buy,231783586
2024-08-15 10:45:42,37350.0,1000,Sell,231783810
2024-08-15 10:45:47,37350.0,100,Sell,231783905
2024-08-15 10:45:51,37350.0,100,Sell,231783954
2024-08-15 10:46:00,37400.0,100,Buy,231784095
2024-08-15 10:46:00,37400.0,1200,Buy,231784094
2024-08-15 10:46:00,37400.0,8000,Buy,231784093
2024-08-15 10:46:00,37400.0,1200,Buy,231784092
2024-08-15 10:46:00,37400.0,600,Buy,231784090
2024-08-15 10:46:00,37400.0,3600,Buy,231784089
2024-08-15 10:46:00,37400.0,5800,Buy,231784087
2024-08-15 10:46:00,37400.0,8000,Buy,231784091
2024-08-15 10:46:00,37400.0,1500,Buy,231784088
2024-08-15 10:46:02,37350.0,200,Sell,231784107
2024-08-15 10:46:02,37350.0,800,Sell,231784108
2024-08-15 10:46:07,37350.0,2200,Sell,231784171
2024-08-15 10:46:07,37350.0,1000,Sell,231784172
2024-08-15 10:46:07,37350.0,2000,Sell,231784173
2024-08-15 10:46:08,37350.0,900,Sell,231784185
2024-08-15 10:46:08,37400.0,100,Buy,231784188
2024-08-15 10:46:08,37400.0,1000,Buy,231784189
2024-08-15 10:46:08,37400.0,200,Buy,231784190
2024-08-15 10:46:08,37400.0,700,Buy,231784191
2024-08-15 10:46:27,37400.0,1900,Buy,231784497
2024-08-15 10:46:27,37400.0,100,Buy,231784496
2024-08-15 10:46:27,37400.0,300,Buy,231784495
2024-08-15 10:46:48,37400.0,100,Buy,231784673
2024-08-15 10:46:48,37400.0,500,Buy,231784674
2024-08-15 10:46:48,37400.0,1300,Buy,231784675
2024-08-15 10:46:48,37400.0,100,Buy,231784676
2024-08-15 10:46:48,37400.0,200,Buy,231784677
2024-08-15 10:46:48,37400.0,2000,Buy,231784678
2024-08-15 10:46:48,37400.0,300,Buy,231784679
2024-08-15 10:46:48,37400.0,100,Buy,231784680
2024-08-15 10:46:48,37400.0,5000,Buy,231784681
2024-08-15 10:46:51,37400.0,500,Sell,231784700
2024-08-15 10:46:57,37400.0,1700,Sell,231784770
2024-08-15 10:46:58,37400.0,300,Sell,231784777
2024-08-15 10:47:05,37400.0,7900,Sell,231784829
2024-08-15 10:47:05,37400.0,200,Sell,231784830
2024-08-15 10:47:28,37400.0,700,Buy,231785096
2024-08-15 10:47:48,37400.0,5000,Buy,231785338
2024-08-15 10:47:48,37400.0,200,Buy,231785337
2024-08-15 10:47:48,37400.0,100,Buy,231785336
2024-08-15 10:47:48,37400.0,300,Buy,231785333
2024-08-15 10:47:48,37400.0,4000,Buy,231785334
2024-08-15 10:47:48,37400.0,1700,Buy,231785332
2024-08-15 10:47:48,37400.0,1200,Buy,231785331
2024-08-15 10:47:48,37400.0,10000,Buy,231785335
2024-08-15 10:47:50,37400.0,2500,Sell,231785362
2024-08-15 10:47:50,37350.0,4500,Sell,231785363
2024-08-15 10:47:57,37350.0,5000,Sell,231785443
2024-08-15 10:47:58,37350.0,800,Sell,231785448
2024-08-15 10:48:00,37400.0,100,Buy,231785458
2024-08-15 10:48:16,37400.0,5000,Buy,231785669
2024-08-15 10:48:20,37350.0,1000,Sell,231785738
2024-08-15 10:48:27,37350.0,100,Sell,231785831
2024-08-15 10:48:32,37400.0,500,Buy,231785884
2024-08-15 10:48:45,37400.0,200,Buy,231786029
2024-08-15 10:48:54,37400.0,1000,Buy,231786079
2024-08-15 10:49:15,37400.0,100,Buy,231786299
2024-08-15 10:49:50,37350.0,2500,Sell,231786596
2024-08-15 10:49:57,37350.0,400,Sell,231786745
2024-08-15 10:50:15,37350.0,400,Sell,231786983
2024-08-15 10:50:26,37350.0,2000,Sell,231787084
2024-08-15 10:50:28,37350.0,300,Sell,231787095
2024-08-15 10:50:36,37350.0,100,Sell,231787208
2024-08-15 10:50:36,37350.0,900,Sell,231787209
2024-08-15 10:50:37,37350.0,200,Sell,231787229
2024-08-15 10:51:07,37400.0,500,Buy,231787598
2024-08-15 10:51:20,37400.0,100,Buy,231787843
2024-08-15 10:51:23,37400.0,400,Buy,231787897
2024-08-15 10:52:01,37400.0,100,Buy,231788366
2024-08-15 10:52:01,37400.0,1000,Buy,231788365
2024-08-15 10:52:01,37400.0,100,Buy,231788364
2024-08-15 10:52:01,37400.0,100,Buy,231788363
2024-08-15 10:52:01,37400.0,100,Buy,231788362
2024-08-15 10:52:01,37400.0,500,Buy,231788367
2024-08-15 10:52:01,37400.0,100,Buy,231788360
2024-08-15 10:52:01,37400.0,800,Buy,231788359
2024-08-15 10:52:01,37400.0,100,Buy,231788358
2024-08-15 10:52:01,37400.0,1000,Buy,231788357
2024-08-15 10:52:01,37400.0,1200,Buy,231788356
2024-08-15 10:52:01,37400.0,2100,Buy,231788355
2024-08-15 10:52:01,37400.0,100,Buy,231788361
2024-08-15 10:52:02,37400.0,100,Buy,231788368
2024-08-15 10:52:02,37400.0,1000,Buy,231788369
2024-08-15 10:52:02,37400.0,8000,Buy,231788370
2024-08-15 10:52:02,37400.0,1200,Buy,231788371
2024-08-15 10:52:02,37400.0,7400,Buy,231788372
2024-08-15 10:52:08,37400.0,1800,Buy,231788443
2024-08-15 10:52:08,37400.0,100,Buy,231788442
2024-08-15 10:52:08,37400.0,100,Buy,231788441
2024-08-15 10:52:08,37400.0,1200,Buy,231788437
2024-08-15 10:52:08,37400.0,1200,Buy,231788439
2024-08-15 10:52:08,37400.0,8000,Buy,231788438
2024-08-15 10:52:08,37400.0,600,Buy,231788436
2024-08-15 10:52:08,37400.0,1000,Buy,231788440
2024-08-15 10:52:13,37400.0,500,Buy,231788516
2024-08-15 10:52:13,37400.0,3000,Buy,231788519
2024-08-15 10:52:13,37400.0,700,Buy,231788518
2024-08-15 10:52:13,37400.0,4200,Buy,231788517
2024-08-15 10:52:13,37400.0,100,Buy,231788515
2024-08-15 10:52:13,37400.0,2000,Buy,231788513
2024-08-15 10:52:13,37400.0,2200,Buy,231788508
2024-08-15 10:52:13,37400.0,600,Buy,231788510
2024-08-15 10:52:13,37400.0,3000,Buy,231788514
2024-08-15 10:52:13,37400.0,1000,Buy,231788512
2024-08-15 10:52:13,37400.0,4000,Buy,231788511
2024-08-15 10:52:17,37400.0,6000,Sell,231788552
2024-08-15 10:52:18,37400.0,1000,Sell,231788554
2024-08-15 10:52:27,37400.0,1100,Sell,231788689
2024-08-15 10:52:28,37400.0,200,Sell,231788693
2024-08-15 10:52:30,37400.0,300,Sell,231788721
2024-08-15 10:52:30,37400.0,200,Sell,231788722
2024-08-15 10:52:30,37400.0,200,Sell,231788723
2024-08-15 10:52:30,37400.0,400,Sell,231788720
2024-08-15 10:52:31,37400.0,500,Buy,231788754
2024-08-15 10:52:51,37400.0,100,Buy,231789053
2024-08-15 10:52:53,37350.0,500,Sell,231789119
2024-08-15 10:52:57,37350.0,100,Sell,231789160
2024-08-15 10:53:03,37350.0,6900,Sell,231789269
2024-08-15 10:53:07,37350.0,1100,Sell,231789349
2024-08-15 10:53:08,37350.0,200,Sell,231789353
2024-08-15 10:53:17,37350.0,100,Sell,231789446
2024-08-15 10:53:17,37350.0,100,Sell,231789447
2024-08-15 10:53:25,37350.0,200,Sell,231789551
2024-08-15 10:53:36,37350.0,100,Sell,231789670
2024-08-15 10:53:36,37350.0,2000,Sell,231789671
2024-08-15 10:53:36,37350.0,100,Sell,231789672
2024-08-15 10:53:36,37350.0,2000,Sell,231789673
2024-08-15 10:53:36,37350.0,200,Sell,231789674
2024-08-15 10:53:36,37350.0,10000,Sell,231789675
2024-08-15 10:53:36,37350.0,100,Sell,231789676
2024-08-15 10:53:36,37350.0,1000,Sell,231789677
2024-08-15 10:53:36,37350.0,10000,Sell,231789678
2024-08-15 10:53:36,37350.0,4500,Sell,231789679
2024-08-15 10:53:37,37350.0,3400,Sell,231789712
2024-08-15 10:53:37,37350.0,100,Sell,231789711
2024-08-15 10:53:37,37350.0,400,Sell,231789714
2024-08-15 10:53:37,37350.0,500,Sell,231789709
2024-08-15 10:53:37,37350.0,200,Sell,231789710
2024-08-15 10:53:37,37350.0,500,Sell,231789713
2024-08-15 10:53:37,37400.0,100,Buy,231789693
2024-08-15 10:53:38,37350.0,900,Sell,231789721
2024-08-15 10:53:47,37350.0,800,Sell,231789849
2024-08-15 10:53:47,37350.0,1000,Sell,231789852
2024-08-15 10:53:48,37350.0,200,Sell,231789855
2024-08-15 10:53:57,37350.0,300,Sell,231789961
2024-08-15 10:55:02,37400.0,1400,Buy,231790809
2024-08-15 10:55:02,37400.0,100,Buy,231790808
2024-08-15 10:55:02,37400.0,100,Buy,231790806
2024-08-15 10:55:02,37400.0,5000,Buy,231790805
2024-08-15 10:55:02,37400.0,5000,Buy,231790804
2024-08-15 10:55:02,37400.0,2000,Buy,231790803
2024-08-15 10:55:02,37400.0,1200,Buy,231790802
2024-08-15 10:55:02,37400.0,8000,Buy,231790801
2024-08-15 10:55:02,37400.0,4000,Buy,231790807
2024-08-15 10:55:02,37400.0,1200,Buy,231790799
2024-08-15 10:55:02,37400.0,3000,Buy,231790798
2024-08-15 10:55:02,37400.0,300,Buy,231790797
2024-08-15 10:55:02,37400.0,500,Buy,231790796
2024-08-15 10:55:02,37400.0,1700,Buy,231790795
2024-08-15 10:55:02,37400.0,5100,Buy,231790792
2024-08-15 10:55:02,37400.0,100,Buy,231790794
2024-08-15 10:55:02,37400.0,400,Buy,231790793
2024-08-15 10:55:02,37400.0,8000,Buy,231790800
2024-08-15 10:55:07,37400.0,2900,Sell,231790872
2024-08-15 10:55:11,37400.0,5100,Buy,231790911
2024-08-15 10:55:11,37400.0,1400,Buy,231790912
2024-08-15 10:55:17,37400.0,1500,Sell,231791027
2024-08-15 10:55:18,37400.0,200,Sell,231791030
2024-08-15 10:55:27,37450.0,1400,Buy,231791251
2024-08-15 10:55:34,37400.0,100,Sell,231791348
2024-08-15 10:55:44,37400.0,100,Sell,231791444
2024-08-15 10:56:17,37450.0,500,Buy,231791886
2024-08-15 10:56:50,37450.0,5900,Buy,231792456
2024-08-15 10:56:50,37450.0,100,Buy,231792455
2024-08-15 10:56:50,37450.0,700,Buy,231792454
2024-08-15 10:56:50,37450.0,800,Buy,231792453
2024-08-15 10:56:50,37450.0,100,Buy,231792452
2024-08-15 10:56:50,37450.0,200,Buy,231792451
2024-08-15 10:56:50,37450.0,2000,Buy,231792450
2024-08-15 10:56:50,37450.0,100,Buy,231792449
2024-08-15 10:56:50,37450.0,100,Buy,231792446
2024-08-15 10:56:50,37450.0,100,Buy,231792447
2024-08-15 10:56:50,37450.0,800,Buy,231792448
2024-08-15 10:56:50,37450.0,7500,Buy,231792440
2024-08-15 10:56:50,37450.0,200,Buy,231792441
2024-08-15 10:56:50,37450.0,500,Buy,231792445
2024-08-15 10:56:50,37450.0,700,Buy,231792443
2024-08-15 10:56:50,37450.0,100,Buy,231792444
2024-08-15 10:56:50,37450.0,100,Buy,231792442
2024-08-15 10:57:54,37400.0,1100,Sell,231793419
2024-08-15 10:57:57,37400.0,100,Sell,231793482
2024-08-15 10:58:05,37400.0,500,Sell,231793570
2024-08-15 10:58:07,37400.0,100,Sell,231793601
2024-08-15 10:58:45,37400.0,5000,Sell,231794201
2024-08-15 10:58:47,37400.0,800,Sell,231794261
2024-08-15 10:58:48,37400.0,100,Sell,231794262
2024-08-15 10:58:52,37400.0,100,Sell,231794335
2024-08-15 10:58:56,37400.0,100,Sell,231794405
2024-08-15 10:58:57,37400.0,100,Sell,231794417
2024-08-15 10:59:03,37400.0,100,Sell,231794516
2024-08-15 10:59:18,37400.0,1000,Sell,231794780
2024-08-15 10:59:22,37450.0,2100,Buy,231794812
2024-08-15 10:59:22,37450.0,1200,Buy,231794813
2024-08-15 10:59:22,37450.0,6700,Buy,231794814
2024-08-15 10:59:39,37400.0,200,Sell,231795091
2024-08-15 10:59:55,37400.0,500,Sell,231795353
2024-08-15 10:59:56,37400.0,200,Sell,231795363
2024-08-15 10:59:57,37400.0,100,Sell,231795380
2024-08-15 11:00:05,37400.0,100,Sell,231795498
2024-08-15 11:00:06,37400.0,1000,Sell,231795512
2024-08-15 11:00:07,37400.0,200,Sell,231795525
2024-08-15 11:00:09,37400.0,2500,Sell,231795552
2024-08-15 11:00:14,37400.0,10000,Sell,231795601
2024-08-15 11:00:17,37400.0,2100,Sell,231795639
2024-08-15 11:00:18,37400.0,300,Sell,231795641
2024-08-15 11:00:27,37400.0,400,Sell,231795736
2024-08-15 11:00:29,37400.0,100,Sell,231795757
2024-08-15 11:00:32,37400.0,10000,Sell,231795787
2024-08-15 11:00:34,37400.0,200,Sell,231795813
2024-08-15 11:00:37,37400.0,1800,Sell,231795833
2024-08-15 11:00:38,37400.0,300,Sell,231795838
2024-08-15 11:00:39,37400.0,2500,Sell,231795850
2024-08-15 11:00:39,37400.0,1000,Sell,231795851
2024-08-15 11:00:39,37400.0,2500,Sell,231795852
2024-08-15 11:00:43,37400.0,100,Sell,231795927
2024-08-15 11:00:44,37400.0,1000,Sell,231795932
2024-08-15 11:00:47,37400.0,1500,Sell,231795969
2024-08-15 11:00:48,37400.0,200,Sell,231795975
2024-08-15 11:00:51,37450.0,500,Buy,231796013
2024-08-15 11:00:56,37400.0,100,Sell,231796069
2024-08-15 11:00:57,37400.0,300,Sell,231796083
2024-08-15 11:01:01,37400.0,2000,Sell,231796214
2024-08-15 11:01:02,37400.0,500,Sell,231796224
2024-08-15 11:01:03,37400.0,100,Sell,231796233
2024-08-15 11:01:07,37400.0,400,Sell,231796281
2024-08-15 11:01:12,37400.0,3000,Sell,231796362
2024-08-15 11:01:12,37400.0,4800,Sell,231796364
2024-08-15 11:01:12,37400.0,200,Sell,231796361
2024-08-15 11:01:12,37400.0,3500,Sell,231796358
2024-08-15 11:01:12,37400.0,3800,Sell,231796359
2024-08-15 11:01:12,37400.0,4000,Sell,231796334
2024-08-15 11:01:12,37400.0,5000,Sell,231796360
2024-08-15 11:01:18,37400.0,4100,Sell,231796421
2024-08-15 11:01:18,37400.0,700,Sell,231796425
2024-08-15 11:01:20,37400.0,200,Sell,231796450
2024-08-15 11:01:21,37400.0,500,Sell,231796455
2024-08-15 11:01:25,37400.0,100,Sell,231796511
2024-08-15 11:01:27,37400.0,900,Sell,231796577
2024-08-15 11:01:28,37400.0,100,Sell,231796578
2024-08-15 11:01:34,37400.0,1500,Sell,231796640
2024-08-15 11:01:38,37400.0,400,Sell,231796721
2024-08-15 11:01:47,37450.0,6100,Buy,231796828
2024-08-15 11:01:47,37450.0,1200,Buy,231796827
2024-08-15 11:01:47,37450.0,800,Buy,231796823
2024-08-15 11:01:47,37450.0,600,Buy,231796825
2024-08-15 11:01:47,37450.0,1200,Buy,231796824
2024-08-15 11:01:47,37450.0,100,Buy,231796826
2024-08-15 11:01:51,37450.0,1900,Buy,231796942
2024-08-15 11:01:51,37450.0,5000,Buy,231796943
2024-08-15 11:01:51,37450.0,100,Buy,231796944
2024-08-15 11:01:56,37450.0,4900,Buy,231797001
2024-08-15 11:01:56,37450.0,100,Buy,231797002
2024-08-15 11:01:56,37450.0,1900,Buy,231797005
2024-08-15 11:01:56,37450.0,100,Buy,231797006
2024-08-15 11:02:01,37450.0,100,Buy,231797074
2024-08-15 11:02:01,37450.0,10000,Buy,231797072
2024-08-15 11:02:01,37450.0,4900,Buy,231797071
2024-08-15 11:02:01,37450.0,5000,Buy,231797073
2024-08-15 11:02:02,37450.0,3400,Buy,231797116
2024-08-15 11:02:02,37450.0,1000,Buy,231797111
2024-08-15 11:02:02,37450.0,100,Buy,231797112
2024-08-15 11:02:02,37450.0,5000,Buy,231797113
2024-08-15 11:02:02,37450.0,5000,Buy,231797114
2024-08-15 11:02:02,37450.0,100,Buy,231797115
2024-08-15 11:02:02,37450.0,600,Buy,231797117
2024-08-15 11:02:02,37450.0,100,Buy,231797124
2024-08-15 11:02:02,37450.0,1600,Buy,231797119
2024-08-15 11:02:02,37450.0,3000,Buy,231797120
2024-08-15 11:02:02,37450.0,100,Buy,231797110
2024-08-15 11:02:02,37450.0,100,Buy,231797122
2024-08-15 11:02:02,37450.0,200,Buy,231797123
2024-08-15 11:02:02,37450.0,2500,Buy,231797125
2024-08-15 11:02:02,37450.0,500,Buy,231797118
2024-08-15 11:02:02,37450.0,500,Buy,231797109
2024-08-15 11:02:02,37450.0,100,Buy,231797121
2024-08-15 11:02:02,37450.0,200,Buy,231797107
2024-08-15 11:02:02,37450.0,300,Buy,231797092
2024-08-15 11:02:02,37450.0,500,Buy,231797093
2024-08-15 11:02:02,37450.0,2000,Buy,231797094
2024-08-15 11:02:02,37450.0,1200,Buy,231797095
2024-08-15 11:02:02,37450.0,200,Buy,231797096
2024-08-15 11:02:02,37450.0,100,Buy,231797097
2024-08-15 11:02:02,37450.0,100,Buy,231797098
2024-08-15 11:02:02,37450.0,1100,Buy,231797108
2024-08-15 11:02:02,37450.0,600,Buy,231797100
2024-08-15 11:02:02,37450.0,600,Buy,231797101
2024-08-15 11:02:02,37450.0,500,Buy,231797102
2024-08-15 11:02:02,37450.0,100,Buy,231797103
2024-08-15 11:02:02,37450.0,1000,Buy,231797104
2024-08-15 11:02:02,37450.0,2000,Buy,231797105
2024-08-15 11:02:02,37450.0,700,Buy,231797106
2024-08-15 11:02:02,37450.0,100,Buy,231797099
2024-08-15 11:02:05,37450.0,1000,Buy,231797172
2024-08-15 11:02:06,37450.0,300,Buy,231797180
2024-08-15 11:02:06,37450.0,1800,Buy,231797179
2024-08-15 11:02:06,37450.0,300,Buy,231797181
2024-08-15 11:02:06,37450.0,500,Buy,231797177
2024-08-15 11:02:06,37450.0,7000,Buy,231797176
2024-08-15 11:02:06,37450.0,100,Buy,231797178
2024-08-15 11:02:07,37450.0,200,Buy,231797187
2024-08-15 11:02:07,37450.0,10000,Buy,231797188
2024-08-15 11:02:11,37450.0,400,Buy,231797257
2024-08-15 11:02:11,37450.0,300,Buy,231797256
2024-08-15 11:02:11,37450.0,1700,Buy,231797255
2024-08-15 11:02:11,37450.0,200,Buy,231797254
2024-08-15 11:02:11,37450.0,200,Buy,231797253
2024-08-15 11:02:11,37450.0,800,Buy,231797251
2024-08-15 11:02:11,37450.0,500,Buy,231797252
2024-08-15 11:02:11,37450.0,600,Buy,231797249
2024-08-15 11:02:11,37450.0,100,Buy,231797248
2024-08-15 11:02:11,37450.0,100,Buy,231797247
2024-08-15 11:02:11,37450.0,200,Buy,231797245
2024-08-15 11:02:11,37450.0,1200,Buy,231797244
2024-08-15 11:02:11,37450.0,200,Buy,231797250
2024-08-15 11:02:11,37450.0,200,Buy,231797246
2024-08-15 11:02:13,37450.0,100,Buy,231797296
2024-08-15 11:02:13,37450.0,400,Buy,231797297
2024-08-15 11:02:13,37450.0,1700,Buy,231797298
2024-08-15 11:02:14,37450.0,100,Buy,231797306
2024-08-15 11:02:14,37450.0,4600,Buy,231797308
2024-08-15 11:02:14,37450.0,200,Buy,231797307
2024-08-15 11:02:14,37450.0,100,Buy,231797305
2024-08-15 11:02:14,37450.0,300,Buy,231797303
2024-08-15 11:02:14,37450.0,100,Buy,231797304
2024-08-15 11:02:14,37450.0,600,Buy,231797302
2024-08-15 11:02:16,37450.0,8300,Buy,231797358
2024-08-15 11:02:16,37450.0,1700,Buy,231797359
2024-08-15 11:02:16,37450.0,500,Buy,231797360
2024-08-15 11:02:18,37450.0,600,Buy,231797396
2024-08-15 11:02:21,37450.0,2300,Buy,231797461
2024-08-15 11:02:22,37450.0,4300,Buy,231797496
2024-08-15 11:02:23,37450.0,100,Buy,231797515
2024-08-15 11:02:23,37450.0,12800,Buy,231797512
2024-08-15 11:02:23,37450.0,4300,Buy,231797513
2024-08-15 11:02:23,37450.0,700,Buy,231797514
2024-08-15 11:02:27,37450.0,4200,Sell,231797587
2024-08-15 11:02:28,37450.0,700,Sell,231797588
