time,price,volume,match_type,id
2024-08-23 09:14:38,39600.0,64200,ATO/ATC,234119048
2024-08-23 09:14:39,39600.0,3000,Buy,234119175
2024-08-23 09:14:57,39550.0,700,Sell,234119427
2024-08-23 09:14:57,39500.0,1100,Sell,234119429
2024-08-23 09:14:57,39550.0,100,Sell,234119426
2024-08-23 09:14:57,39500.0,100,Sell,234119428
2024-08-23 09:14:58,39500.0,1000,Sell,234119447
2024-08-23 09:15:37,39600.0,3000,Buy,234120164
2024-08-23 09:16:01,39550.0,2000,Sell,234120784
2024-08-23 09:16:01,39550.0,100,Sell,234120781
2024-08-23 09:16:01,39550.0,100,Sell,234120782
2024-08-23 09:16:01,39550.0,100,Sell,234120783
2024-08-23 09:16:02,39600.0,100,Buy,234120838
2024-08-23 09:16:07,39550.0,2300,Sell,234120942
2024-08-23 09:16:08,39600.0,2500,Buy,234120983
2024-08-23 09:16:08,39600.0,200,Buy,234120984
2024-08-23 09:16:08,39600.0,800,Buy,234120985
2024-08-23 09:16:19,39550.0,700,Sell,234121312
2024-08-23 09:16:19,39550.0,300,Sell,234121313
2024-08-23 09:16:24,39550.0,400,Sell,234121406
2024-08-23 09:16:24,39550.0,100,Sell,234121405
2024-08-23 09:16:28,39600.0,200,Buy,234121495
2024-08-23 09:16:28,39600.0,200,Buy,234121496
2024-08-23 09:16:28,39600.0,200,Buy,234121497
2024-08-23 09:16:28,39600.0,400,Buy,234121498
2024-08-23 09:16:33,39550.0,500,Sell,234121623
2024-08-23 09:16:33,39550.0,2600,Sell,234121622
2024-08-23 09:16:34,39550.0,100,Buy,234121646
2024-08-23 09:16:35,39550.0,1800,Buy,234121653
2024-08-23 09:16:39,39600.0,300,Buy,234121760
2024-08-23 09:16:39,39600.0,200,Buy,234121761
2024-08-23 09:17:13,39600.0,100,Buy,234122528
2024-08-23 09:17:53,39550.0,200,Sell,234123714
2024-08-23 09:17:53,39550.0,100,Sell,234123716
2024-08-23 09:18:03,39600.0,400,Buy,234124004
2024-08-23 09:18:23,39600.0,400,Buy,234124654
2024-08-23 09:18:28,39600.0,500,Buy,234124753
2024-08-23 09:18:29,39600.0,6100,Buy,234124759
2024-08-23 09:18:29,39600.0,1000,Buy,234124758
2024-08-23 09:18:29,39600.0,700,Buy,234124755
2024-08-23 09:18:29,39600.0,4000,Buy,234124756
2024-08-23 09:18:29,39600.0,2700,Buy,234124754
2024-08-23 09:18:29,39600.0,500,Buy,234124757
2024-08-23 09:18:32,39600.0,2600,Buy,234124819
2024-08-23 09:18:37,39550.0,100,Sell,234124992
2024-08-23 09:18:37,39550.0,1400,Sell,234124994
2024-08-23 09:18:37,39550.0,100,Sell,234124991
2024-08-23 09:18:37,39550.0,1200,Sell,234124987
2024-08-23 09:18:37,39550.0,1000,Sell,234124989
2024-08-23 09:18:37,39550.0,5000,Sell,234124988
2024-08-23 09:18:37,39550.0,2000,Sell,234124990
2024-08-23 09:18:45,39550.0,200,Sell,234125228
2024-08-23 09:19:20,39550.0,300,Sell,234126178
2024-08-23 09:19:29,39550.0,100,Sell,234126356
2024-08-23 09:19:46,39550.0,400,Sell,234126745
2024-08-23 09:19:51,39550.0,1000,Sell,234126851
2024-08-23 09:19:51,39550.0,500,Sell,234126852
2024-08-23 09:19:51,39550.0,300,Sell,234126853
2024-08-23 09:19:53,39550.0,400,Sell,234126927
2024-08-23 09:19:53,39550.0,2700,Sell,234126924
2024-08-23 09:19:53,39550.0,100,Sell,234126925
2024-08-23 09:19:53,39550.0,100,Sell,234126926
2024-08-23 09:19:58,39550.0,10000,Sell,234127097
2024-08-23 09:19:58,39550.0,2000,Sell,234127096
2024-08-23 09:19:58,39550.0,600,Sell,234127095
2024-08-23 09:19:58,39550.0,5000,Sell,234127094
2024-08-23 09:19:58,39550.0,200,Sell,234127093
2024-08-23 09:19:58,39550.0,3000,Sell,234127089
2024-08-23 09:19:58,39550.0,5000,Sell,234127091
2024-08-23 09:19:58,39550.0,2000,Sell,234127090
2024-08-23 09:19:58,39550.0,500,Sell,234127088
2024-08-23 09:19:58,39550.0,100,Sell,234127087
2024-08-23 09:19:58,39550.0,600,Sell,234127086
2024-08-23 09:19:58,39550.0,1000,Sell,234127092
2024-08-23 09:20:27,39550.0,200,Sell,234127752
2024-08-23 09:20:33,39600.0,1300,Buy,234127889
2024-08-23 09:20:33,39600.0,2500,Buy,234127890
2024-08-23 09:20:33,39600.0,3200,Buy,234127891
2024-08-23 09:20:36,39600.0,500,Buy,234127979
2024-08-23 09:20:36,39600.0,8700,Buy,234127978
2024-08-23 09:20:36,39600.0,800,Buy,234127977
2024-08-23 09:20:36,39600.0,2900,Buy,234127973
2024-08-23 09:20:36,39600.0,500,Buy,234127975
2024-08-23 09:20:36,39600.0,600,Buy,234127976
2024-08-23 09:20:36,39600.0,100,Buy,234127955
2024-08-23 09:20:36,39600.0,5000,Buy,234127974
2024-08-23 09:20:38,39600.0,100,Buy,234128020
2024-08-23 09:20:41,39600.0,500,Buy,234128105
2024-08-23 09:20:42,39600.0,200,Buy,234128122
2024-08-23 09:20:42,39600.0,800,Buy,234128123
2024-08-23 09:20:46,39550.0,1700,Sell,234128224
2024-08-23 09:20:50,39600.0,100,Buy,234128305
2024-08-23 09:20:51,39550.0,200,Sell,234128332
2024-08-23 09:20:52,39600.0,100,Buy,234128351
2024-08-23 09:20:52,39600.0,500,Buy,234128352
2024-08-23 09:20:52,39600.0,900,Buy,234128353
2024-08-23 09:20:52,39600.0,100,Buy,234128354
2024-08-23 09:20:52,39600.0,2000,Buy,234128355
2024-08-23 09:21:03,39650.0,200,Buy,234128688
2024-08-23 09:21:05,39600.0,3500,Sell,234128739
2024-08-23 09:21:38,39600.0,1000,Sell,234129630
2024-08-23 09:21:44,39600.0,9000,Sell,234129787
2024-08-23 09:21:46,39600.0,500,Sell,234129856
2024-08-23 09:22:03,39650.0,100,Buy,234130237
2024-08-23 09:22:09,39650.0,500,Buy,234130417
2024-08-23 09:22:20,39600.0,2400,Sell,234130626
2024-08-23 09:22:20,39600.0,30000,Sell,234130627
2024-08-23 09:22:20,39600.0,23700,Sell,234130628
2024-08-23 09:22:25,39650.0,300,Buy,234130736
2024-08-23 09:22:31,39650.0,500,Buy,234130906
2024-08-23 09:22:32,39650.0,1800,Buy,234130913
2024-08-23 09:22:33,39650.0,1500,Buy,234130956
2024-08-23 09:22:33,39650.0,200,Buy,234130976
2024-08-23 09:22:39,39600.0,100,Sell,234131143
2024-08-23 09:22:39,39600.0,100,Sell,234131141
2024-08-23 09:22:39,39600.0,4500,Sell,234131142
2024-08-23 09:22:39,39600.0,100,Sell,234131138
2024-08-23 09:22:39,39600.0,100,Sell,234131139
2024-08-23 09:22:39,39600.0,100,Sell,234131140
2024-08-23 09:22:39,39600.0,1600,Sell,234131137
2024-08-23 09:22:40,39600.0,100,Buy,234131177
2024-08-23 09:22:40,39600.0,1000,Buy,234131178
2024-08-23 09:22:45,39600.0,11000,Buy,234131283
2024-08-23 09:22:45,39600.0,1000,Buy,234131304
2024-08-23 09:22:54,39550.0,400,Sell,234131557
2024-08-23 09:23:11,39600.0,100,Buy,234131952
2024-08-23 09:23:11,39600.0,40200,Buy,234131953
2024-08-23 09:23:11,39600.0,8700,Buy,234131954
2024-08-23 09:23:11,39600.0,1100,Buy,234131955
2024-08-23 09:23:12,39600.0,200,Buy,234131981
2024-08-23 09:23:27,39600.0,2800,Sell,234132279
2024-08-23 09:23:27,39600.0,1000,Sell,234132289
2024-08-23 09:23:27,39600.0,4200,Sell,234132290
2024-08-23 09:23:30,39600.0,1300,Sell,234132395
2024-08-23 09:23:30,39600.0,8700,Sell,234132392
2024-08-23 09:23:30,39600.0,3000,Sell,234132391
2024-08-23 09:23:31,39600.0,8100,Sell,234132399
2024-08-23 09:23:31,39600.0,100,Sell,234132400
2024-08-23 09:23:31,39600.0,1000,Sell,234132401
2024-08-23 09:23:35,39600.0,100,Buy,234132496
2024-08-23 09:23:36,39600.0,500,Buy,234132524
2024-08-23 09:23:43,39600.0,200,Buy,234132683
2024-08-23 09:23:43,39600.0,500,Buy,234132684
2024-08-23 09:24:15,39600.0,100,Sell,234133579
2024-08-23 09:24:23,39600.0,1300,Sell,234133726
2024-08-23 09:24:31,39650.0,400,Buy,234133878
2024-08-23 09:24:50,39600.0,200,Sell,234134331
2024-08-23 09:25:05,39600.0,1200,Sell,234134730
2024-08-23 09:25:08,39600.0,1000,Sell,234134804
2024-08-23 09:25:25,39600.0,700,Sell,234135188
2024-08-23 09:25:25,39600.0,100,Sell,234135187
2024-08-23 09:25:25,39600.0,500,Sell,234135185
2024-08-23 09:25:25,39600.0,1000,Sell,234135186
2024-08-23 09:25:34,39600.0,300,Sell,234135432
2024-08-23 09:25:34,39600.0,300,Sell,234135431
2024-08-23 09:25:40,39600.0,500,Sell,234135584
2024-08-23 09:25:49,39650.0,100,Buy,234135807
2024-08-23 09:25:49,39600.0,1000,Sell,234135815
2024-08-23 09:25:59,39600.0,1700,Sell,234136188
2024-08-23 09:25:59,39600.0,2000,Sell,234136189
2024-08-23 09:25:59,39600.0,100,Sell,234136190
2024-08-23 09:25:59,39600.0,100,Sell,234136191
2024-08-23 09:25:59,39600.0,500,Sell,234136193
2024-08-23 09:25:59,39600.0,15500,Sell,234136194
2024-08-23 09:25:59,39600.0,100,Sell,234136192
2024-08-23 09:26:11,39600.0,200,Sell,234136528
2024-08-23 09:26:15,39600.0,100,Sell,234136614
2024-08-23 09:26:19,39600.0,1000,Sell,234136725
2024-08-23 09:26:23,39600.0,500,Sell,234136825
2024-08-23 09:26:39,39600.0,1100,Sell,234137238
2024-08-23 09:26:51,39600.0,700,Sell,234137565
2024-08-23 09:26:59,39600.0,100,Sell,234137760
2024-08-23 09:27:06,39600.0,500,Sell,234138044
2024-08-23 09:27:11,39650.0,100,Buy,234138160
2024-08-23 09:27:17,39650.0,200,Buy,234138331
2024-08-23 09:27:24,39650.0,300,Buy,234138545
2024-08-23 09:27:36,39650.0,2500,Buy,234138953
2024-08-23 09:27:36,39650.0,1300,Buy,234138954
2024-08-23 09:27:36,39650.0,1000,Buy,234138955
2024-08-23 09:27:36,39650.0,1000,Buy,234138956
2024-08-23 09:27:36,39650.0,100,Buy,234138958
2024-08-23 09:27:36,39650.0,600,Buy,234138959
2024-08-23 09:27:36,39650.0,500,Buy,234138957
2024-08-23 09:27:45,39650.0,3000,Buy,234139248
2024-08-23 09:27:57,39650.0,500,Buy,234139557
2024-08-23 09:27:57,39650.0,100,Buy,234139559
2024-08-23 09:28:53,39650.0,2000,Buy,234141210
2024-08-23 09:28:54,39650.0,1200,Buy,234141221
2024-08-23 09:28:54,39650.0,1300,Buy,234141220
2024-08-23 09:28:54,39650.0,2500,Buy,234141219
2024-08-23 09:29:00,39650.0,100,Buy,234141420
2024-08-23 09:29:03,39650.0,200,Buy,234141546
2024-08-23 09:29:08,39650.0,100,Buy,234141756
2024-08-23 09:29:09,39600.0,100,Sell,234141764
2024-08-23 09:29:09,39600.0,100,Sell,234141765
2024-08-23 09:29:14,39600.0,200,Sell,234141906
2024-08-23 09:29:37,39650.0,2300,Buy,234142598
2024-08-23 09:29:37,39650.0,3200,Buy,234142597
2024-08-23 09:29:37,39650.0,2300,Buy,234142596
2024-08-23 09:29:37,39650.0,2300,Buy,234142595
2024-08-23 09:29:37,39650.0,1300,Buy,234142594
2024-08-23 09:29:37,39650.0,200,Buy,234142592
2024-08-23 09:29:37,39650.0,2300,Buy,234142591
2024-08-23 09:29:37,39650.0,8700,Buy,234142593
2024-08-23 09:29:37,39650.0,2300,Buy,234142589
2024-08-23 09:29:37,39650.0,2300,Buy,234142588
2024-08-23 09:29:37,39650.0,100,Buy,234142587
2024-08-23 09:29:37,39650.0,2300,Buy,234142586
2024-08-23 09:29:37,39650.0,600,Buy,234142585
2024-08-23 09:29:37,39650.0,500,Buy,234142584
2024-08-23 09:29:37,39650.0,3000,Buy,234142583
2024-08-23 09:29:37,39650.0,6400,Buy,234142582
2024-08-23 09:29:37,39650.0,500,Buy,234142590
2024-08-23 09:30:12,39700.0,100,Buy,234143751
2024-08-23 09:30:12,39700.0,100,Buy,234143752
2024-08-23 09:30:23,39650.0,100,Sell,234144087
2024-08-23 09:30:32,39700.0,400,Buy,234144337
2024-08-23 09:30:32,39700.0,8700,Buy,234144338
2024-08-23 09:30:32,39700.0,1300,Buy,234144339
2024-08-23 09:30:32,39700.0,300,Buy,234144340
2024-08-23 09:30:32,39700.0,200,Buy,234144341
2024-08-23 09:30:32,39700.0,100,Buy,234144342
2024-08-23 09:30:32,39700.0,500,Buy,234144286
2024-08-23 09:30:38,39700.0,2000,Buy,234144499
2024-08-23 09:30:38,39700.0,1000,Buy,234144498
2024-08-23 09:30:38,39700.0,1000,Buy,234144496
2024-08-23 09:30:38,39700.0,400,Buy,234144495
2024-08-23 09:30:38,39700.0,500,Buy,234144497
2024-08-23 09:30:41,39700.0,300,Buy,234144571
2024-08-23 09:30:43,39700.0,500,Sell,234144671
2024-08-23 09:31:02,39700.0,300,Sell,234145267
2024-08-23 09:31:07,39700.0,3900,Sell,234145425
2024-08-23 09:31:07,39700.0,1000,Sell,234145426
2024-08-23 09:31:07,39700.0,800,Sell,234145427
2024-08-23 09:31:25,39750.0,200,Buy,234145840
2024-08-23 09:31:27,39750.0,1900,Buy,234145911
2024-08-23 09:32:18,39750.0,900,Buy,234147359
2024-08-23 09:32:18,39750.0,200,Buy,234147360
2024-08-23 09:32:18,39750.0,100,Buy,234147361
2024-08-23 09:32:20,39750.0,100,Buy,234147440
2024-08-23 09:32:25,39700.0,1000,Sell,234147548
2024-08-23 09:32:28,39750.0,100,Buy,234147616
2024-08-23 09:33:20,39750.0,3000,Buy,234148834
2024-08-23 09:34:30,39750.0,500,Buy,234150393
2024-08-23 09:34:46,39700.0,8800,Sell,234151057
2024-08-23 09:34:46,39700.0,200,Sell,234151056
2024-08-23 09:35:08,39750.0,3000,Buy,234151643
2024-08-23 09:35:20,39750.0,300,Buy,234151965
2024-08-23 09:35:22,39750.0,100,Buy,234152006
2024-08-23 09:35:40,39750.0,100,Buy,234152342
2024-08-23 09:35:53,39700.0,500,Sell,234152615
2024-08-23 09:36:02,39700.0,1000,Sell,234152851
2024-08-23 09:36:09,39700.0,2300,Sell,234153105
2024-08-23 09:36:09,39700.0,2000,Sell,234153178
2024-08-23 09:36:17,39700.0,400,Sell,234153346
2024-08-23 09:36:17,39700.0,500,Sell,234153345
2024-08-23 09:36:17,39700.0,200,Sell,234153344
2024-08-23 09:36:17,39700.0,100,Sell,234153342
2024-08-23 09:36:17,39700.0,7000,Sell,234153341
2024-08-23 09:36:17,39700.0,2200,Sell,234153343
2024-08-23 09:36:17,39700.0,200,Sell,234153339
2024-08-23 09:36:17,39700.0,300,Sell,234153338
2024-08-23 09:36:17,39700.0,2000,Sell,234153337
2024-08-23 09:36:17,39700.0,300,Sell,234153336
2024-08-23 09:36:17,39700.0,10700,Sell,234153335
2024-08-23 09:36:17,39700.0,100,Sell,234153340
2024-08-23 09:36:19,39700.0,100,Buy,234153409
2024-08-23 09:36:24,39700.0,500,Buy,234153493
2024-08-23 09:36:24,39700.0,500,Buy,234153494
2024-08-23 09:36:24,39700.0,1000,Buy,234153495
2024-08-23 09:36:25,39650.0,500,Sell,234153523
2024-08-23 09:36:27,39650.0,2700,Sell,234153578
2024-08-23 09:36:44,39650.0,4300,Sell,234154010
2024-08-23 09:36:49,39650.0,100,Sell,234154185
2024-08-23 09:36:54,39650.0,1000,Sell,234154288
2024-08-23 09:36:56,39650.0,1000,Sell,234154346
2024-08-23 09:37:06,39650.0,3500,Sell,234154626
2024-08-23 09:37:16,39650.0,2300,Sell,234154878
2024-08-23 09:37:17,39650.0,200,Sell,234154904
2024-08-23 09:37:32,39650.0,1000,Sell,234155291
2024-08-23 09:37:32,39650.0,2000,Sell,234155290
2024-08-23 09:37:32,39650.0,1400,Sell,234155286
2024-08-23 09:37:32,39650.0,500,Sell,234155288
2024-08-23 09:37:32,39650.0,100,Sell,234155287
2024-08-23 09:37:32,39650.0,5000,Sell,234155289
2024-08-23 09:37:38,39650.0,2300,Sell,234155461
2024-08-23 09:37:56,39650.0,500,Sell,234155871
2024-08-23 09:38:04,39650.0,8700,Sell,234156063
2024-08-23 09:38:04,39650.0,1300,Sell,234156067
2024-08-23 09:38:54,39650.0,2800,Sell,234157111
2024-08-23 09:38:56,39650.0,200,Sell,234157151
2024-08-23 09:39:05,39700.0,9000,Buy,234157271
2024-08-23 09:39:05,39700.0,2700,Buy,234157272
2024-08-23 09:39:05,39700.0,5100,Buy,234157273
2024-08-23 09:39:13,39650.0,600,Sell,234157503
2024-08-23 09:39:13,39650.0,400,Sell,234157504
2024-08-23 09:39:28,39650.0,100,Sell,234157783
2024-08-23 09:39:28,39650.0,1000,Sell,234157777
2024-08-23 09:39:28,39650.0,18400,Sell,234157778
2024-08-23 09:39:28,39650.0,600,Sell,234157776
2024-08-23 09:39:30,39700.0,1000,Buy,234157794
2024-08-23 09:39:40,39650.0,100,Sell,234157970
2024-08-23 09:39:44,39650.0,2000,Sell,234158045
2024-08-23 09:39:49,39700.0,100,Buy,234158157
2024-08-23 09:40:06,39650.0,500,Sell,234158425
2024-08-23 09:40:12,39650.0,200,Sell,234158522
2024-08-23 09:40:29,39650.0,100,Sell,234158834
2024-08-23 09:40:33,39650.0,3900,Sell,234158932
2024-08-23 09:40:33,39650.0,3100,Sell,234158933
2024-08-23 09:40:33,39650.0,100,Sell,234158934
2024-08-23 09:40:33,39650.0,100,Sell,234158935
2024-08-23 09:40:33,39650.0,200,Sell,234158936
2024-08-23 09:40:33,39650.0,500,Sell,234158937
2024-08-23 09:40:33,39650.0,200,Sell,234158938
2024-08-23 09:40:33,39650.0,600,Sell,234158939
2024-08-23 09:40:33,39650.0,300,Sell,234158940
2024-08-23 09:40:37,39650.0,500,Sell,234159063
2024-08-23 09:40:47,39650.0,800,Sell,234159198
2024-08-23 09:40:47,39650.0,2200,Sell,234159197
2024-08-23 09:40:59,39650.0,5200,Sell,234159526
2024-08-23 09:40:59,39650.0,1400,Sell,234159527
2024-08-23 09:40:59,39650.0,500,Sell,234159528
2024-08-23 09:40:59,39650.0,300,Sell,234159529
2024-08-23 09:41:09,39600.0,200,Sell,234159827
2024-08-23 09:41:28,39600.0,200,Sell,234160130
2024-08-23 09:41:28,39600.0,100,Sell,234160131
2024-08-23 09:41:28,39600.0,1000,Sell,234160132
2024-08-23 09:41:28,39600.0,4700,Sell,234160133
2024-08-23 09:41:28,39600.0,200,Sell,234160136
2024-08-23 09:41:33,39600.0,900,Sell,234160238
2024-08-23 09:41:33,39600.0,100,Sell,234160237
2024-08-23 09:41:33,39600.0,100,Sell,234160236
2024-08-23 09:41:33,39600.0,100,Sell,234160235
2024-08-23 09:41:33,39600.0,2000,Sell,234160234
2024-08-23 09:41:33,39600.0,5000,Sell,234160233
2024-08-23 09:41:33,39600.0,100,Sell,234160231
2024-08-23 09:41:33,39600.0,20400,Sell,234160226
2024-08-23 09:41:33,39600.0,200,Sell,234160227
2024-08-23 09:41:33,39600.0,1000,Sell,234160232
2024-08-23 09:41:33,39600.0,5000,Sell,234160229
2024-08-23 09:41:33,39600.0,200,Sell,234160230
2024-08-23 09:41:33,39600.0,2000,Sell,234160228
2024-08-23 09:41:39,39600.0,600,Sell,234160349
2024-08-23 09:41:39,39600.0,200,Sell,234160350
2024-08-23 09:41:39,39600.0,100,Sell,234160351
2024-08-23 09:41:39,39600.0,100,Sell,234160352
2024-08-23 09:41:39,39600.0,100,Sell,234160353
2024-08-23 09:41:39,39600.0,100,Sell,234160354
2024-08-23 09:41:39,39600.0,800,Sell,234160355
2024-08-23 09:42:09,39600.0,400,Sell,234160962
2024-08-23 09:42:09,39600.0,1000,Sell,234160963
2024-08-23 09:42:09,39600.0,1000,Sell,234160964
2024-08-23 09:42:09,39600.0,300,Sell,234160965
2024-08-23 09:42:24,39600.0,2600,Sell,234161217
2024-08-23 09:42:24,39600.0,2200,Sell,234161216
2024-08-23 09:42:24,39600.0,200,Sell,234161214
2024-08-23 09:42:24,39600.0,200,Sell,234161213
2024-08-23 09:42:24,39600.0,100,Sell,234161215
2024-08-23 09:42:24,39600.0,14700,Sell,234161212
2024-08-23 09:42:38,39600.0,200,Sell,234161425
2024-08-23 09:42:38,39600.0,500,Sell,234161426
2024-08-23 09:42:38,39600.0,1000,Sell,234161427
2024-08-23 09:42:38,39600.0,300,Sell,234161428
2024-08-23 09:42:41,39600.0,1700,Sell,234161494
2024-08-23 09:42:41,39600.0,100,Sell,234161495
2024-08-23 09:42:53,39550.0,2300,Sell,234161674
2024-08-23 09:43:00,39550.0,100,Sell,234161817
2024-08-23 09:43:13,39550.0,100,Sell,234162013
2024-08-23 09:43:13,39550.0,1000,Sell,234162016
2024-08-23 09:43:15,39600.0,1000,Buy,234162050
2024-08-23 09:43:20,39600.0,100,Buy,234162122
2024-08-23 09:43:31,39600.0,100,Buy,234162281
2024-08-23 09:43:33,39600.0,400,Buy,234162321
2024-08-23 09:43:40,39600.0,100,Buy,234162489
2024-08-23 09:43:47,39600.0,400,Buy,234162668
2024-08-23 09:43:47,39600.0,500,Buy,234162667
2024-08-23 09:43:55,39600.0,8300,Buy,234162781
2024-08-23 09:43:55,39600.0,1300,Buy,234162782
2024-08-23 09:43:55,39600.0,1000,Buy,234162783
2024-08-23 09:43:55,39600.0,100,Buy,234162784
2024-08-23 09:43:55,39600.0,300,Buy,234162785
2024-08-23 09:43:55,39600.0,5000,Buy,234162786
2024-08-23 09:44:06,39600.0,500,Sell,234162996
2024-08-23 09:44:38,39600.0,100,Sell,234163558
2024-08-23 09:44:56,39600.0,100,Sell,234163928
2024-08-23 09:45:04,39600.0,100,Sell,234164043
2024-08-23 09:45:38,39600.0,500,Sell,234164699
2024-08-23 09:46:29,39600.0,200,Sell,234165482
2024-08-23 09:47:10,39650.0,5000,Buy,234166184
2024-08-23 09:47:25,39650.0,500,Buy,234166493
2024-08-23 09:47:25,39650.0,600,Buy,234166492
2024-08-23 09:47:25,39650.0,100,Buy,234166490
2024-08-23 09:47:25,39650.0,100,Buy,234166491
2024-08-23 09:47:25,39650.0,500,Buy,234166489
2024-08-23 09:47:25,39650.0,1000,Buy,234166485
2024-08-23 09:47:25,39650.0,17300,Buy,234166487
2024-08-23 09:47:25,39650.0,2700,Buy,234166486
2024-08-23 09:47:25,39650.0,9800,Buy,234166483
2024-08-23 09:47:25,39650.0,100,Buy,234166488
2024-08-23 09:47:25,39650.0,900,Buy,234166484
2024-08-23 09:47:37,39650.0,200,Sell,234166687
2024-08-23 09:47:54,39650.0,3000,Sell,234167030
2024-08-23 09:48:17,39650.0,1000,Sell,234167500
2024-08-23 09:49:09,39650.0,1000,Sell,234168416
2024-08-23 09:49:36,39650.0,100,Sell,234168759
2024-08-23 09:49:40,39650.0,900,Sell,234168830
2024-08-23 09:49:51,39650.0,500,Sell,234169104
2024-08-23 09:49:58,39650.0,200,Sell,234169236
2024-08-23 09:49:58,39650.0,200,Sell,234169229
2024-08-23 09:50:02,39650.0,3700,Sell,234169295
2024-08-23 09:50:02,39650.0,6300,Sell,234169296
2024-08-23 09:50:16,39650.0,200,Sell,234169509
2024-08-23 09:50:20,39650.0,2500,Sell,234169690
2024-08-23 09:50:20,39650.0,500,Sell,234169691
2024-08-23 09:50:20,39650.0,4000,Sell,234169692
2024-08-23 09:50:20,39650.0,200,Sell,234169693
2024-08-23 09:50:20,39650.0,300,Sell,234169694
2024-08-23 09:50:20,39650.0,1000,Sell,234169696
2024-08-23 09:50:20,39650.0,100,Sell,234169695
2024-08-23 09:52:06,39600.0,7100,Sell,234171371
2024-08-23 09:52:31,39600.0,1500,Sell,234171871
2024-08-23 09:52:42,39650.0,2000,Buy,234172021
2024-08-23 09:52:43,39600.0,3900,Sell,234172048
2024-08-23 09:52:43,39600.0,7600,Sell,234172049
2024-08-23 09:52:50,39600.0,700,Sell,234172137
2024-08-23 09:53:11,39600.0,3700,Sell,234172510
2024-08-23 09:53:11,39600.0,9000,Sell,234172509
2024-08-23 09:53:11,39600.0,9200,Sell,234172508
2024-08-23 09:53:22,39600.0,500,Sell,234172687
2024-08-23 09:53:26,39600.0,2000,Sell,234172761
2024-08-23 09:53:30,39600.0,3800,Sell,234172829
2024-08-23 09:53:30,39600.0,200,Sell,234172830
2024-08-23 09:53:34,39600.0,2500,Sell,234172890
2024-08-23 09:53:42,39600.0,200,Sell,234173077
2024-08-23 09:53:55,39600.0,100,Sell,234173340
2024-08-23 09:53:55,39600.0,1700,Sell,234173341
2024-08-23 09:53:59,39600.0,300,Sell,234173424
2024-08-23 09:53:59,39600.0,100,Sell,234173425
2024-08-23 09:53:59,39600.0,500,Sell,234173426
2024-08-23 09:53:59,39600.0,100,Sell,234173427
2024-08-23 09:54:00,39600.0,100,Sell,234173431
2024-08-23 09:54:06,39600.0,500,Sell,234173557
2024-08-23 09:54:08,39600.0,500,Sell,234173601
2024-08-23 09:54:14,39600.0,200,Sell,234173722
2024-08-23 09:54:14,39600.0,1800,Sell,234173721
2024-08-23 09:54:20,39600.0,100,Sell,234173793
2024-08-23 09:54:20,39600.0,400,Sell,234173794
2024-08-23 09:54:25,39600.0,500,Sell,234173917
2024-08-23 09:54:32,39600.0,900,Sell,234174048
2024-08-23 09:54:36,39600.0,1000,Sell,234174151
2024-08-23 09:54:53,39650.0,300,Buy,234174551
2024-08-23 09:54:53,39650.0,200,Buy,234174552
2024-08-23 09:54:53,39650.0,500,Buy,234174553
2024-08-23 09:54:53,39650.0,2700,Buy,234174554
2024-08-23 09:54:53,39650.0,2600,Buy,234174555
2024-08-23 09:55:26,39650.0,2000,Buy,234175152
2024-08-23 09:55:57,39650.0,5900,Buy,234175691
2024-08-23 09:58:12,39650.0,200,Buy,234178309
2024-08-23 09:58:55,39600.0,100,Sell,234179209
2024-08-23 09:59:02,39650.0,100,Buy,234179323
2024-08-23 09:59:57,39600.0,1100,Sell,234180740
2024-08-23 09:59:57,39600.0,1200,Sell,234180741
2024-08-23 10:00:08,39600.0,1000,Sell,234181060
2024-08-23 10:00:08,39600.0,500,Sell,234181059
2024-08-23 10:00:08,39600.0,800,Sell,234181055
2024-08-23 10:00:08,39600.0,1000,Sell,234181057
2024-08-23 10:00:08,39600.0,100,Sell,234181056
2024-08-23 10:00:08,39600.0,100,Sell,234181058
2024-08-23 10:00:23,39600.0,800,Sell,234181354
2024-08-23 10:00:23,39600.0,3000,Sell,234181353
2024-08-23 10:00:23,39600.0,100,Sell,234181352
2024-08-23 10:00:23,39600.0,100,Sell,234181351
2024-08-23 10:00:23,39600.0,100,Sell,234181350
2024-08-23 10:00:23,39600.0,800,Sell,234181349
2024-08-23 10:00:23,39600.0,100,Sell,234181346
2024-08-23 10:00:23,39600.0,900,Sell,234181348
2024-08-23 10:00:23,39600.0,7500,Sell,234181347
2024-08-23 10:00:23,39600.0,1000,Sell,234181345
2024-08-23 10:00:23,39600.0,1000,Sell,234181339
2024-08-23 10:00:23,39600.0,100,Sell,234181343
2024-08-23 10:00:23,39600.0,100,Sell,234181344
2024-08-23 10:00:23,39600.0,200,Sell,234181333
2024-08-23 10:00:23,39600.0,1000,Sell,234181334
2024-08-23 10:00:23,39600.0,500,Sell,234181335
2024-08-23 10:00:23,39600.0,100,Sell,234181336
2024-08-23 10:00:23,39600.0,200,Sell,234181338
2024-08-23 10:00:23,39600.0,100,Sell,234181340
2024-08-23 10:00:23,39600.0,100,Sell,234181341
2024-08-23 10:00:23,39600.0,200,Sell,234181342
2024-08-23 10:00:23,39600.0,2000,Sell,234181337
2024-08-23 10:00:24,39600.0,900,Sell,234181381
2024-08-23 10:00:24,39600.0,2000,Sell,234181383
2024-08-23 10:00:24,39600.0,100,Sell,234181382
2024-08-23 10:00:31,39600.0,5000,Sell,234181518
2024-08-23 10:00:31,39600.0,1000,Sell,234181519
2024-08-23 10:00:31,39600.0,4000,Sell,234181520
2024-08-23 10:00:32,39600.0,1000,Sell,234181556
2024-08-23 10:00:32,39600.0,1000,Sell,234181557
2024-08-23 10:01:02,39550.0,1000,Sell,234182277
2024-08-23 10:01:46,39600.0,300,Buy,234183152
2024-08-23 10:01:52,39550.0,500,Sell,234183269
2024-08-23 10:01:57,39600.0,100,Buy,234183400
2024-08-23 10:02:29,39600.0,1000,Buy,234184419
2024-08-23 10:02:38,39600.0,5000,Buy,234184680
2024-08-23 10:02:42,39600.0,100,Buy,234184792
2024-08-23 10:03:01,39600.0,100,Buy,234185276
2024-08-23 10:03:01,39600.0,400,Buy,234185277
2024-08-23 10:03:01,39600.0,100,Buy,234185259
2024-08-23 10:03:21,39600.0,500,Buy,234185903
2024-08-23 10:03:46,39600.0,400,Buy,234186613
2024-08-23 10:03:46,39600.0,4600,Buy,234186614
2024-08-23 10:03:57,39550.0,1600,Sell,234186992
2024-08-23 10:04:00,39600.0,1000,Buy,234187050
2024-08-23 10:04:08,39550.0,300,Sell,234187234
2024-08-23 10:04:19,39550.0,5900,Sell,234187452
2024-08-23 10:04:19,39550.0,500,Sell,234187453
2024-08-23 10:04:19,39550.0,500,Sell,234187454
2024-08-23 10:04:19,39550.0,13100,Sell,234187455
2024-08-23 10:04:26,39550.0,300,Sell,234187631
2024-08-23 10:05:12,39550.0,1000,Sell,234188841
2024-08-23 10:05:12,39550.0,500,Sell,234188835
2024-08-23 10:05:28,39550.0,1000,Sell,234189180
2024-08-23 10:06:06,39550.0,2000,Sell,234189858
2024-08-23 10:06:11,39550.0,100,Sell,234189952
2024-08-23 10:06:18,39550.0,4000,Sell,234190155
2024-08-23 10:06:20,39550.0,4000,Sell,234190170
2024-08-23 10:06:30,39550.0,100,Sell,234190398
2024-08-23 10:06:53,39550.0,500,Sell,234190860
2024-08-23 10:06:58,39550.0,100,Sell,234191017
2024-08-23 10:06:59,39550.0,200,Sell,234191037
2024-08-23 10:07:03,39550.0,10000,Sell,234191116
2024-08-23 10:07:28,39550.0,800,Sell,234191610
2024-08-23 10:07:38,39550.0,5000,Sell,234191821
2024-08-23 10:07:58,39500.0,2000,Sell,234192273
2024-08-23 10:07:58,39500.0,500,Sell,234192296
2024-08-23 10:07:58,39500.0,600,Sell,234192295
2024-08-23 10:07:58,39500.0,300,Sell,234192294
2024-08-23 10:07:58,39500.0,500,Sell,234192293
2024-08-23 10:07:58,39500.0,700,Sell,234192292
2024-08-23 10:07:58,39500.0,200,Sell,234192291
2024-08-23 10:07:58,39500.0,100,Sell,234192290
2024-08-23 10:07:58,39500.0,100,Sell,234192289
2024-08-23 10:07:58,39500.0,100,Sell,234192288
2024-08-23 10:07:58,39500.0,500,Sell,234192287
2024-08-23 10:07:58,39500.0,400,Sell,234192286
2024-08-23 10:07:58,39500.0,500,Sell,234192272
2024-08-23 10:07:58,39500.0,35000,Sell,234192285
2024-08-23 10:07:58,39500.0,100,Sell,234192283
2024-08-23 10:07:58,39500.0,500,Sell,234192282
2024-08-23 10:07:58,39500.0,100,Sell,234192281
2024-08-23 10:07:58,39500.0,5000,Sell,234192280
2024-08-23 10:07:58,39500.0,100,Sell,234192297
2024-08-23 10:07:58,39500.0,100,Sell,234192279
2024-08-23 10:07:58,39500.0,5000,Sell,234192278
2024-08-23 10:07:58,39500.0,200,Sell,234192277
2024-08-23 10:07:58,39500.0,1000,Sell,234192276
2024-08-23 10:07:58,39500.0,2000,Sell,234192275
2024-08-23 10:07:58,39500.0,1000,Sell,234192274
2024-08-23 10:07:58,39500.0,15000,Sell,234192284
2024-08-23 10:07:58,39500.0,900,Sell,234192298
2024-08-23 10:07:58,39500.0,100,Sell,234192271
2024-08-23 10:07:58,39500.0,200,Sell,234192300
2024-08-23 10:07:58,39500.0,100,Sell,234192325
2024-08-23 10:07:58,39500.0,100,Sell,234192324
2024-08-23 10:07:58,39500.0,3000,Sell,234192323
2024-08-23 10:07:58,39500.0,200,Sell,234192322
2024-08-23 10:07:58,39500.0,2000,Sell,234192321
2024-08-23 10:07:58,39500.0,25300,Sell,234192320
2024-08-23 10:07:58,39500.0,25000,Sell,234192319
2024-08-23 10:07:58,39500.0,1200,Sell,234192318
2024-08-23 10:07:58,39500.0,10000,Sell,234192317
2024-08-23 10:07:58,39500.0,2000,Sell,234192316
2024-08-23 10:07:58,39500.0,200,Sell,234192315
2024-08-23 10:07:58,39500.0,200,Sell,234192314
2024-08-23 10:07:58,39500.0,300,Sell,234192313
2024-08-23 10:07:58,39500.0,100,Sell,234192312
2024-08-23 10:07:58,39500.0,200,Sell,234192311
2024-08-23 10:07:58,39500.0,100,Sell,234192310
2024-08-23 10:07:58,39500.0,1000,Sell,234192309
2024-08-23 10:07:58,39500.0,100,Sell,234192308
2024-08-23 10:07:58,39500.0,200,Sell,234192307
2024-08-23 10:07:58,39500.0,5000,Sell,234192306
2024-08-23 10:07:58,39500.0,100,Sell,234192305
2024-08-23 10:07:58,39500.0,200,Sell,234192304
2024-08-23 10:07:58,39500.0,3000,Sell,234192303
2024-08-23 10:07:58,39500.0,5000,Sell,234192302
2024-08-23 10:07:58,39500.0,2600,Sell,234192301
2024-08-23 10:07:58,39500.0,100,Sell,234192299
2024-08-23 10:07:58,39500.0,1100,Sell,234192270
2024-08-23 10:07:58,39550.0,300,Sell,234192221
2024-08-23 10:07:58,39500.0,5000,Sell,234192268
2024-08-23 10:07:58,39550.0,700,Sell,234192238
2024-08-23 10:07:58,39550.0,5000,Sell,234192237
2024-08-23 10:07:58,39550.0,3000,Sell,234192236
2024-08-23 10:07:58,39550.0,1000,Sell,234192235
2024-08-23 10:07:58,39550.0,100,Sell,234192234
2024-08-23 10:07:58,39550.0,500,Sell,234192233
2024-08-23 10:07:58,39550.0,100,Sell,234192232
2024-08-23 10:07:58,39550.0,5200,Sell,234192231
2024-08-23 10:07:58,39550.0,20000,Sell,234192230
2024-08-23 10:07:58,39550.0,100,Sell,234192229
2024-08-23 10:07:58,39550.0,100,Sell,234192228
2024-08-23 10:07:58,39550.0,5000,Sell,234192227
2024-08-23 10:07:58,39550.0,200,Sell,234192226
2024-08-23 10:07:58,39550.0,100,Sell,234192225
2024-08-23 10:07:58,39550.0,100,Sell,234192224
2024-08-23 10:07:58,39550.0,2000,Sell,234192223
2024-08-23 10:07:58,39550.0,100,Sell,234192222
2024-08-23 10:07:58,39550.0,1000,Sell,234192220
2024-08-23 10:07:58,39550.0,500,Sell,234192218
2024-08-23 10:07:58,39550.0,100,Sell,234192217
2024-08-23 10:07:58,39550.0,10000,Sell,234192216
2024-08-23 10:07:58,39550.0,2000,Sell,234192215
2024-08-23 10:07:58,39550.0,100,Sell,234192214
2024-08-23 10:07:58,39550.0,7300,Sell,234192213
2024-08-23 10:07:58,39500.0,100,Sell,234192269
2024-08-23 10:07:58,39550.0,200,Sell,234192239
2024-08-23 10:07:58,39550.0,4000,Sell,234192240
2024-08-23 10:07:58,39550.0,500,Sell,234192219
2024-08-23 10:07:58,39550.0,25300,Sell,234192242
2024-08-23 10:07:58,39500.0,5000,Sell,234192266
2024-08-23 10:07:58,39500.0,900,Sell,234192265
2024-08-23 10:07:58,39500.0,100,Sell,234192264
2024-08-23 10:07:58,39500.0,2900,Sell,234192263
2024-08-23 10:07:58,39550.0,100,Sell,234192262
2024-08-23 10:07:58,39550.0,500,Sell,234192261
2024-08-23 10:07:58,39550.0,100,Sell,234192241
2024-08-23 10:07:58,39550.0,100,Sell,234192260
2024-08-23 10:07:58,39550.0,100,Sell,234192259
2024-08-23 10:07:58,39550.0,100,Sell,234192258
2024-08-23 10:07:58,39550.0,100,Sell,234192257
2024-08-23 10:07:58,39550.0,500,Sell,234192256
2024-08-23 10:07:58,39500.0,500,Sell,234192267
2024-08-23 10:07:58,39550.0,2000,Sell,234192254
2024-08-23 10:07:58,39550.0,1800,Sell,234192243
2024-08-23 10:07:58,39550.0,100,Sell,234192244
2024-08-23 10:07:58,39550.0,100,Sell,234192245
2024-08-23 10:07:58,39550.0,200,Sell,234192246
2024-08-23 10:07:58,39550.0,300,Sell,234192247
2024-08-23 10:07:58,39550.0,3000,Sell,234192255
2024-08-23 10:07:58,39550.0,100,Sell,234192249
2024-08-23 10:07:58,39550.0,2000,Sell,234192253
2024-08-23 10:07:58,39550.0,1000,Sell,234192252
2024-08-23 10:07:58,39550.0,100,Sell,234192248
2024-08-23 10:07:58,39550.0,100,Sell,234192250
2024-08-23 10:07:58,39550.0,100,Sell,234192251
2024-08-23 10:08:11,39500.0,3000,Buy,234192619
2024-08-23 10:08:12,39450.0,100,Sell,234192628
2024-08-23 10:08:12,39450.0,900,Sell,234192631
2024-08-23 10:08:17,39500.0,100,Buy,234192740
2024-08-23 10:08:17,39500.0,100,Buy,234192751
2024-08-23 10:08:20,39450.0,2100,Sell,234192809
2024-08-23 10:08:20,39450.0,1400,Sell,234192810
2024-08-23 10:08:23,39450.0,100,Sell,234192881
2024-08-23 10:08:23,39450.0,200,Sell,234192887
2024-08-23 10:08:23,39450.0,500,Sell,234192886
2024-08-23 10:08:23,39450.0,100,Sell,234192885
2024-08-23 10:08:23,39450.0,200,Sell,234192884
2024-08-23 10:08:23,39450.0,100,Sell,234192883
2024-08-23 10:08:23,39450.0,100,Sell,234192882
2024-08-23 10:08:23,39450.0,11000,Sell,234192888
2024-08-23 10:08:23,39450.0,5000,Sell,234192880
2024-08-23 10:08:23,39450.0,100,Sell,234192877
2024-08-23 10:08:23,39450.0,3000,Sell,234192876
2024-08-23 10:08:23,39450.0,900,Sell,234192875
2024-08-23 10:08:23,39450.0,2000,Sell,234192874
2024-08-23 10:08:23,39450.0,200,Sell,234192873
2024-08-23 10:08:23,39450.0,1600,Sell,234192872
2024-08-23 10:08:23,39450.0,200,Sell,234192879
2024-08-23 10:08:23,39450.0,3000,Sell,234192878
2024-08-23 10:08:24,39450.0,900,Sell,234192929
2024-08-23 10:08:24,39450.0,500,Sell,234192930
2024-08-23 10:08:24,39450.0,100,Sell,234192931
2024-08-23 10:08:24,39450.0,200,Sell,234192932
2024-08-23 10:08:24,39450.0,2000,Sell,234192933
2024-08-23 10:08:24,39450.0,4000,Sell,234192934
2024-08-23 10:08:28,39450.0,100,Sell,234192983
2024-08-23 10:08:32,39450.0,1000,Buy,234193078
2024-08-23 10:08:35,39450.0,400,Buy,234193158
2024-08-23 10:08:35,39450.0,400,Buy,234193140
2024-08-23 10:08:35,39450.0,100,Buy,234193141
2024-08-23 10:08:40,39450.0,400,Buy,234193300
2024-08-23 10:08:40,39450.0,1000,Buy,234193314
2024-08-23 10:08:45,39400.0,100,Sell,234193423
2024-08-23 10:08:45,39400.0,100,Sell,234193424
2024-08-23 10:08:45,39400.0,1000,Sell,234193425
2024-08-23 10:08:45,39400.0,1000,Sell,234193426
2024-08-23 10:08:45,39400.0,100,Sell,234193427
2024-08-23 10:08:45,39400.0,300,Sell,234193440
2024-08-23 10:08:46,39400.0,300,Sell,234193453
2024-08-23 10:09:01,39450.0,100,Buy,234193746
2024-08-23 10:09:01,39450.0,400,Buy,234193748
2024-08-23 10:09:05,39400.0,1300,Sell,234193798
2024-08-23 10:09:05,39400.0,5000,Sell,234193797
2024-08-23 10:09:05,39400.0,300,Sell,234193795
2024-08-23 10:09:05,39400.0,4300,Sell,234193794
2024-08-23 10:09:05,39400.0,100,Sell,234193796
2024-08-23 10:09:07,39450.0,100,Buy,234193831
2024-08-23 10:09:07,39450.0,100,Buy,234193832
2024-08-23 10:09:27,39400.0,700,Sell,234194255
2024-08-23 10:09:27,39400.0,300,Sell,234194256
2024-08-23 10:09:27,39400.0,400,Sell,234194257
2024-08-23 10:09:50,39450.0,300,Buy,234194820
2024-08-23 10:09:50,39400.0,300,Sell,234194822
2024-08-23 10:09:50,39450.0,100,Buy,234194821
2024-08-23 10:09:50,39450.0,1000,Buy,234194819
2024-08-23 10:09:50,39450.0,300,Buy,234194814
2024-08-23 10:09:50,39450.0,7600,Buy,234194817
2024-08-23 10:09:50,39450.0,500,Buy,234194816
2024-08-23 10:09:50,39450.0,1000,Buy,234194815
2024-08-23 10:09:50,39450.0,600,Buy,234194813
2024-08-23 10:09:50,39450.0,3600,Buy,234194818
2024-08-23 10:09:53,39400.0,300,Sell,234194874
2024-08-23 10:09:53,39400.0,1000,Sell,234194875
2024-08-23 10:09:53,39400.0,4200,Sell,234194876
2024-08-23 10:09:54,39400.0,2000,Sell,234194886
2024-08-23 10:09:58,39400.0,900,Sell,234194939
2024-08-23 10:10:05,39400.0,1500,Sell,234195055
2024-08-23 10:10:08,39400.0,500,Sell,234195110
2024-08-23 10:10:11,39450.0,200,Buy,234195176
2024-08-23 10:10:11,39450.0,100,Buy,234195177
2024-08-23 10:10:11,39450.0,200,Buy,234195178
2024-08-23 10:10:13,39450.0,100,Buy,234195249
2024-08-23 10:10:16,39400.0,100,Sell,234195302
2024-08-23 10:10:21,39450.0,1200,Buy,234195442
2024-08-23 10:10:24,39450.0,500,Buy,234195570
2024-08-23 10:10:35,39450.0,200,Buy,234195924
2024-08-23 10:10:44,39450.0,100,Buy,234196088
2024-08-23 10:10:44,39400.0,1000,Sell,234196085
2024-08-23 10:10:49,39450.0,100,Buy,234196210
2024-08-23 10:11:00,39450.0,100,Buy,234196509
2024-08-23 10:11:07,39450.0,400,Buy,234196679
2024-08-23 10:11:14,39450.0,500,Buy,234196913
2024-08-23 10:11:39,39450.0,700,Buy,234197459
2024-08-23 10:11:48,39450.0,100,Buy,234197594
2024-08-23 10:11:52,39450.0,100,Buy,234197703
2024-08-23 10:12:18,39400.0,1000,Sell,234198474
2024-08-23 10:12:22,39450.0,100,Buy,234198580
2024-08-23 10:12:46,39400.0,1000,Sell,234199249
2024-08-23 10:12:54,39400.0,2000,Sell,234199575
2024-08-23 10:12:58,39400.0,100,Sell,234199672
2024-08-23 10:12:59,39400.0,5000,Sell,234199705
2024-08-23 10:13:03,39400.0,100,Sell,234199810
2024-08-23 10:13:03,39400.0,100,Sell,234199811
2024-08-23 10:13:03,39400.0,700,Sell,234199808
2024-08-23 10:13:03,39400.0,100,Sell,234199809
2024-08-23 10:13:11,39400.0,1600,Sell,234200023
2024-08-23 10:13:11,39400.0,100,Sell,234200030
2024-08-23 10:13:11,39400.0,2800,Sell,234200029
2024-08-23 10:13:11,39400.0,500,Sell,234200028
2024-08-23 10:13:11,39400.0,1500,Sell,234200027
2024-08-23 10:13:11,39400.0,500,Sell,234200024
2024-08-23 10:13:11,39400.0,500,Sell,234200022
2024-08-23 10:13:11,39400.0,100,Sell,234200026
2024-08-23 10:13:11,39400.0,100,Sell,234200020
2024-08-23 10:13:11,39400.0,200,Sell,234200021
2024-08-23 10:13:11,39400.0,100,Sell,234200014
2024-08-23 10:13:11,39400.0,100,Sell,234200015
2024-08-23 10:13:11,39400.0,100,Sell,234200016
2024-08-23 10:13:11,39400.0,100,Sell,234200025
2024-08-23 10:13:11,39400.0,600,Sell,234200018
2024-08-23 10:13:11,39400.0,100,Sell,234200017
2024-08-23 10:13:11,39400.0,1100,Sell,234200019
2024-08-23 10:13:16,39450.0,500,Buy,234200113
2024-08-23 10:13:20,39450.0,1000,Buy,234200176
2024-08-23 10:13:20,39450.0,1000,Buy,234200175
2024-08-23 10:13:20,39450.0,300,Buy,234200177
2024-08-23 10:13:20,39450.0,100,Buy,234200172
2024-08-23 10:13:20,39450.0,100,Buy,234200171
2024-08-23 10:13:20,39450.0,500,Buy,234200173
2024-08-23 10:13:20,39450.0,3000,Buy,234200174
2024-08-23 10:13:22,39450.0,500,Buy,234200225
2024-08-23 10:13:26,39450.0,1900,Buy,234200305
2024-08-23 10:13:26,39450.0,10000,Buy,234200306
2024-08-23 10:13:26,39450.0,3000,Buy,234200307
2024-08-23 10:13:26,39450.0,500,Buy,234200308
2024-08-23 10:13:26,39450.0,1500,Buy,234200309
2024-08-23 10:13:26,39450.0,1000,Buy,234200310
2024-08-23 10:13:30,39450.0,800,Sell,234200392
2024-08-23 10:13:31,39450.0,600,Sell,234200417
2024-08-23 10:13:35,39450.0,200,Sell,234200518
2024-08-23 10:13:45,39450.0,100,Sell,234200759
2024-08-23 10:13:54,39450.0,500,Sell,234201026
2024-08-23 10:14:01,39500.0,2100,Buy,234201141
2024-08-23 10:14:24,39500.0,100,Buy,234201622
2024-08-23 10:14:39,39500.0,100,Buy,234201959
2024-08-23 10:14:39,39500.0,1200,Buy,234201953
2024-08-23 10:14:43,39500.0,2700,Buy,234202072
2024-08-23 10:14:43,39500.0,6800,Buy,234202073
2024-08-23 10:14:43,39500.0,10500,Buy,234202070
2024-08-23 10:14:56,39450.0,2000,Sell,234202328
2024-08-23 10:14:57,39450.0,100,Sell,234202370
2024-08-23 10:15:19,39450.0,5000,Sell,234202767
2024-08-23 10:15:40,39450.0,500,Sell,234203308
2024-08-23 10:15:41,39450.0,200,Sell,234203326
2024-08-23 10:15:50,39450.0,7000,Sell,234203596
2024-08-23 10:15:58,39450.0,2000,Sell,234203847
2024-08-23 10:16:00,39450.0,200,Sell,234203886
2024-08-23 10:16:10,39450.0,6200,Sell,234204182
2024-08-23 10:16:12,39450.0,500,Sell,234204200
2024-08-23 10:16:14,39450.0,2200,Sell,234204239
2024-08-23 10:16:24,39450.0,2000,Sell,234204454
2024-08-23 10:16:36,39450.0,1000,Sell,234204756
2024-08-23 10:16:38,39450.0,200,Sell,234204781
2024-08-23 10:16:51,39450.0,600,Sell,234205035
2024-08-23 10:17:04,39450.0,100,Sell,234205377
2024-08-23 10:17:08,39450.0,100,Sell,234205446
2024-08-23 10:17:26,39450.0,900,Sell,234205782
2024-08-23 10:17:26,39450.0,2600,Sell,234205781
2024-08-23 10:17:26,39450.0,500,Sell,234205779
2024-08-23 10:17:26,39450.0,2000,Sell,234205780
2024-08-23 10:17:27,39500.0,100,Buy,234205787
2024-08-23 10:17:43,39450.0,100,Sell,234206033
2024-08-23 10:17:43,39450.0,100,Sell,234206034
2024-08-23 10:17:43,39450.0,100,Sell,234206035
2024-08-23 10:17:46,39450.0,100,Sell,234206077
2024-08-23 10:17:54,39450.0,500,Sell,234206188
2024-08-23 10:18:03,39450.0,300,Sell,234206349
2024-08-23 10:18:03,39450.0,600,Sell,234206350
2024-08-23 10:18:15,39500.0,700,Buy,234206605
2024-08-23 10:18:47,39500.0,8400,Buy,234207174
2024-08-23 10:18:54,39450.0,1000,Sell,234207301
2024-08-23 10:18:55,39450.0,200,Sell,234207303
2024-08-23 10:18:58,39500.0,1300,Buy,234207333
2024-08-23 10:18:58,39500.0,100,Buy,234207334
2024-08-23 10:18:58,39500.0,1100,Buy,234207335
2024-08-23 10:19:00,39450.0,500,Sell,234207396
2024-08-23 10:19:00,39450.0,500,Sell,234207397
2024-08-23 10:19:07,39500.0,200,Buy,234207528
2024-08-23 10:19:08,39500.0,100,Buy,234207549
2024-08-23 10:19:21,39500.0,500,Buy,234207776
2024-08-23 10:19:27,39500.0,2000,Buy,234207926
2024-08-23 10:19:34,39500.0,2000,Buy,234208061
2024-08-23 10:19:38,39500.0,1000,Buy,234208106
2024-08-23 10:19:41,39500.0,100,Buy,234208167
2024-08-23 10:20:10,39450.0,200,Sell,234208564
2024-08-23 10:20:10,39450.0,1000,Sell,234208565
2024-08-23 10:20:10,39450.0,400,Sell,234208566
2024-08-23 10:20:10,39450.0,800,Sell,234208567
2024-08-23 10:20:10,39450.0,100,Sell,234208568
2024-08-23 10:20:10,39450.0,100,Sell,234208569
2024-08-23 10:20:10,39450.0,100,Sell,234208570
2024-08-23 10:20:10,39450.0,100,Sell,234208571
2024-08-23 10:20:10,39450.0,500,Sell,234208572
2024-08-23 10:20:10,39450.0,2000,Sell,234208573
2024-08-23 10:20:10,39450.0,2300,Sell,234208574
2024-08-23 10:20:10,39450.0,400,Sell,234208575
2024-08-23 10:20:11,39500.0,2000,Buy,234208615
2024-08-23 10:20:33,39450.0,100,Sell,234208998
2024-08-23 10:20:40,39500.0,2600,Buy,234209113
2024-08-23 10:20:40,39500.0,1000,Buy,234209114
2024-08-23 10:20:40,39500.0,2700,Buy,234209115
2024-08-23 10:20:40,39500.0,14300,Buy,234209116
2024-08-23 10:20:40,39500.0,8400,Buy,234209112
2024-08-23 10:20:48,39500.0,200,Buy,234209324
2024-08-23 10:20:49,39500.0,100,Buy,234209337
2024-08-23 10:20:54,39500.0,2600,Buy,234209421
2024-08-23 10:20:54,39500.0,17400,Buy,234209420
2024-08-23 10:20:54,39500.0,700,Buy,234209419
2024-08-23 10:20:54,39500.0,1000,Buy,234209418
2024-08-23 10:20:54,39500.0,1000,Buy,234209417
2024-08-23 10:20:54,39500.0,700,Buy,234209416
2024-08-23 10:20:54,39500.0,100,Buy,234209415
2024-08-23 10:20:54,39500.0,200,Buy,234209414
2024-08-23 10:20:54,39500.0,1000,Buy,234209413
2024-08-23 10:20:54,39500.0,2000,Buy,234209412
2024-08-23 10:20:54,39500.0,2000,Buy,234209411
2024-08-23 10:20:54,39500.0,400,Buy,234209410
2024-08-23 10:20:54,39500.0,200,Buy,234209409
2024-08-23 10:20:54,39500.0,2700,Buy,234209408
2024-08-23 10:21:13,39500.0,5000,Sell,234209878
2024-08-23 10:21:30,39500.0,3700,Sell,234210257
2024-08-23 10:21:34,39500.0,11000,Sell,234210354
2024-08-23 10:21:37,39500.0,500,Sell,234210405
2024-08-23 10:21:39,39500.0,1000,Sell,234210446
2024-08-23 10:21:39,39500.0,100,Sell,234210445
2024-08-23 10:21:39,39500.0,5800,Sell,234210441
2024-08-23 10:21:39,39500.0,100,Sell,234210443
2024-08-23 10:21:39,39500.0,900,Sell,234210442
2024-08-23 10:21:39,39500.0,2000,Sell,234210444
2024-08-23 10:21:42,39550.0,500,Buy,234210510
2024-08-23 10:21:42,39550.0,1000,Buy,234210511
2024-08-23 10:21:42,39550.0,800,Buy,234210512
2024-08-23 10:21:43,39550.0,2300,Buy,234210569
2024-08-23 10:21:47,39550.0,2300,Buy,234210682
2024-08-23 10:22:16,39500.0,200,Sell,234211326
2024-08-23 10:22:23,39500.0,200,Sell,234211435
2024-08-23 10:22:36,39500.0,1000,Sell,234211608
2024-08-23 10:23:18,39500.0,1600,Sell,234212299
2024-08-23 10:23:18,39500.0,100,Sell,234212298
2024-08-23 10:23:18,39500.0,5000,Sell,234212297
2024-08-23 10:23:18,39500.0,7600,Sell,234212292
2024-08-23 10:23:18,39500.0,100,Sell,234212295
2024-08-23 10:23:18,39500.0,300,Sell,234212294
2024-08-23 10:23:18,39500.0,300,Sell,234212293
2024-08-23 10:23:18,39500.0,5000,Sell,234212296
2024-08-23 10:23:28,39500.0,2800,Sell,234212449
2024-08-23 10:24:30,39550.0,400,Buy,234213497
2024-08-23 10:24:30,39550.0,300,Buy,234213496
2024-08-23 10:24:30,39550.0,3700,Buy,234213498
2024-08-23 10:24:30,39550.0,26000,Buy,234213494
2024-08-23 10:24:30,39550.0,14600,Buy,234213492
2024-08-23 10:24:30,39550.0,1000,Buy,234213495
2024-08-23 10:24:30,39550.0,4000,Buy,234213493
2024-08-23 10:24:39,39500.0,1600,Sell,234213642
2024-08-23 10:24:39,39500.0,200,Sell,234213643
2024-08-23 10:24:55,39500.0,700,Buy,234213880
2024-08-23 10:24:55,39500.0,100,Sell,234213877
2024-08-23 10:24:55,39500.0,500,Sell,234213875
2024-08-23 10:24:55,39500.0,800,Sell,234213873
2024-08-23 10:24:55,39500.0,2300,Sell,234213872
2024-08-23 10:24:55,39500.0,400,Sell,234213876
2024-08-23 10:24:55,39500.0,3000,Sell,234213870
2024-08-23 10:24:55,39500.0,2300,Sell,234213869
2024-08-23 10:24:55,39500.0,50000,Sell,234213868
2024-08-23 10:24:55,39500.0,100,Sell,234213867
2024-08-23 10:24:55,39500.0,5800,Sell,234213866
2024-08-23 10:24:55,39500.0,400,Sell,234213871
2024-08-23 10:24:55,39500.0,200,Sell,234213874
2024-08-23 10:25:22,39500.0,400,Buy,234214300
2024-08-23 10:25:34,39500.0,1000,Buy,234214539
2024-08-23 10:25:34,39500.0,200,Buy,234214540
2024-08-23 10:26:03,39450.0,400,Sell,234215231
2024-08-23 10:26:03,39450.0,1000,Sell,234215226
2024-08-23 10:26:03,39450.0,100,Sell,234215227
2024-08-23 10:26:03,39450.0,100,Sell,234215228
2024-08-23 10:26:03,39450.0,100,Sell,234215229
2024-08-23 10:26:03,39450.0,1000,Sell,234215230
2024-08-23 10:26:30,39450.0,100,Sell,234215900
2024-08-23 10:26:44,39500.0,2300,Buy,234216456
2024-08-23 10:26:50,39500.0,1000,Buy,234216659
2024-08-23 10:26:54,39500.0,1000,Buy,234216768
2024-08-23 10:27:03,39500.0,1000,Buy,234217050
2024-08-23 10:27:11,39500.0,5000,Buy,234217264
2024-08-23 10:27:18,39500.0,1000,Buy,234217509
2024-08-23 10:27:21,39500.0,1000,Buy,234217602
2024-08-23 10:27:21,39500.0,1000,Buy,234217603
2024-08-23 10:27:23,39500.0,1200,Buy,234217671
2024-08-23 10:27:23,39500.0,3800,Buy,234217670
2024-08-23 10:27:23,39500.0,100,Buy,234217667
2024-08-23 10:27:25,39500.0,1000,Buy,234217727
2024-08-23 10:27:25,39500.0,400,Buy,234217765
2024-08-23 10:27:25,39500.0,600,Buy,234217766
2024-08-23 10:27:28,39500.0,200,Buy,234217883
2024-08-23 10:27:28,39500.0,500,Buy,234217882
2024-08-23 10:27:28,39500.0,1000,Buy,234217881
2024-08-23 10:27:28,39500.0,400,Buy,234217877
2024-08-23 10:27:28,39500.0,200,Buy,234217879
2024-08-23 10:27:28,39500.0,500,Buy,234217878
2024-08-23 10:27:28,39500.0,100,Buy,234217880
2024-08-23 10:27:56,39500.0,1000,Sell,234218529
2024-08-23 10:27:56,39500.0,1000,Sell,234218530
2024-08-23 10:28:20,39550.0,100,Buy,234219116
2024-08-23 10:28:20,39550.0,9000,Buy,234219118
2024-08-23 10:28:20,39550.0,2700,Buy,234219117
2024-08-23 10:28:20,39550.0,1000,Buy,234219115
2024-08-23 10:28:20,39550.0,200,Buy,234219113
2024-08-23 10:28:20,39550.0,500,Buy,234219114
2024-08-23 10:28:20,39550.0,100,Buy,234219112
2024-08-23 10:28:20,39550.0,100,Buy,234219111
2024-08-23 10:28:20,39550.0,1300,Buy,234219110
2024-08-23 10:28:21,39550.0,8300,Buy,234219130
2024-08-23 10:28:21,39550.0,1700,Buy,234219131
2024-08-23 10:28:28,39500.0,1000,Sell,234219296
2024-08-23 10:28:38,39550.0,1000,Buy,234219484
2024-08-23 10:28:38,39550.0,2000,Buy,234219483
2024-08-23 10:28:38,39550.0,100,Buy,234219485
2024-08-23 10:28:44,39550.0,1900,Sell,234219596
2024-08-23 10:28:54,39550.0,800,Buy,234219764
2024-08-23 10:28:54,39550.0,2900,Buy,234219765
2024-08-23 10:28:56,39550.0,1000,Buy,234219818
2024-08-23 10:29:01,39550.0,500,Buy,234219910
2024-08-23 10:29:03,39550.0,1100,Buy,234219971
2024-08-23 10:29:08,39550.0,100,Buy,234220044
2024-08-23 10:29:17,39550.0,300,Buy,234220193
2024-08-23 10:29:17,39550.0,100,Buy,234220211
2024-08-23 10:29:41,39550.0,5000,Buy,234220646
2024-08-23 10:29:45,39550.0,500,Buy,234220726
2024-08-23 10:29:45,39550.0,3000,Buy,234220727
2024-08-23 10:29:45,39550.0,6300,Buy,234220725
2024-08-23 10:30:19,39550.0,2000,Buy,234221445
2024-08-23 10:30:58,39550.0,1500,Sell,234222147
2024-08-23 10:31:04,39550.0,3000,Sell,234222311
2024-08-23 10:31:10,39550.0,5000,Sell,234222467
2024-08-23 10:31:10,39550.0,500,Sell,234222473
2024-08-23 10:32:20,39550.0,100,Sell,234223725
2024-08-23 10:32:23,39550.0,8000,Sell,234223777
2024-08-23 10:32:35,39550.0,1000,Sell,234223953
2024-08-23 10:32:45,39550.0,100,Sell,234224138
2024-08-23 10:33:02,39550.0,100,Sell,234224407
2024-08-23 10:33:12,39550.0,100,Sell,234224565
2024-08-23 10:33:18,39550.0,2000,Sell,234224668
2024-08-23 10:33:34,39550.0,100,Sell,234224886
2024-08-23 10:33:34,39550.0,3900,Sell,234224885
2024-08-23 10:33:39,39550.0,500,Sell,234224978
2024-08-23 10:33:39,39550.0,100,Sell,234224976
2024-08-23 10:33:39,39550.0,100,Sell,234224975
2024-08-23 10:33:39,39550.0,3000,Sell,234224974
2024-08-23 10:33:39,39550.0,400,Sell,234224979
2024-08-23 10:33:39,39550.0,2300,Sell,234224972
2024-08-23 10:33:39,39550.0,4000,Sell,234224973
2024-08-23 10:33:39,39550.0,4900,Sell,234224968
2024-08-23 10:33:39,39550.0,2300,Sell,234224969
2024-08-23 10:33:39,39550.0,6000,Sell,234224977
2024-08-23 10:33:39,39550.0,100,Sell,234224970
2024-08-23 10:33:39,39550.0,2300,Sell,234224971
2024-08-23 10:34:59,39550.0,100,Sell,234226095
2024-08-23 10:35:30,39550.0,2600,Sell,234226537
2024-08-23 10:35:57,39550.0,1000,Sell,234226967
2024-08-23 10:36:23,39550.0,1500,Sell,234227393
2024-08-23 10:36:25,39550.0,400,Sell,234227417
2024-08-23 10:36:59,39550.0,500,Sell,234228032
2024-08-23 10:37:06,39600.0,100,Buy,234228135
2024-08-23 10:37:09,39550.0,1000,Sell,234228182
2024-08-23 10:37:13,39550.0,3000,Sell,234228250
2024-08-23 10:37:18,39550.0,2100,Sell,234228318
2024-08-23 10:37:19,39550.0,12500,Sell,234228328
2024-08-23 10:37:21,39600.0,100,Buy,234228372
2024-08-23 10:38:33,39550.0,2000,Sell,234229440
2024-08-23 10:38:33,39550.0,12400,Sell,234229447
2024-08-23 10:38:33,39550.0,100,Sell,234229446
2024-08-23 10:38:33,39550.0,1000,Sell,234229445
2024-08-23 10:38:33,39550.0,200,Sell,234229439
2024-08-23 10:38:33,39550.0,10000,Sell,234229443
2024-08-23 10:38:33,39550.0,300,Sell,234229442
2024-08-23 10:38:33,39550.0,3400,Sell,234229441
2024-08-23 10:38:33,39550.0,5600,Sell,234229444
2024-08-23 10:38:57,39550.0,5000,Sell,234229793
2024-08-23 10:38:57,39550.0,100,Sell,234229791
2024-08-23 10:38:57,39550.0,200,Sell,234229790
2024-08-23 10:38:57,39550.0,200,Sell,234229792
2024-08-23 10:38:57,39550.0,200,Sell,234229788
2024-08-23 10:38:57,39550.0,200,Sell,234229787
2024-08-23 10:38:57,39550.0,7600,Sell,234229786
2024-08-23 10:38:57,39550.0,500,Sell,234229789
2024-08-23 10:39:00,39600.0,100,Buy,234229842
2024-08-23 10:39:09,39550.0,1800,Sell,234229962
2024-08-23 10:39:10,39550.0,500,Sell,234229965
2024-08-23 10:39:24,39550.0,3000,Sell,234230140
2024-08-23 10:39:30,39550.0,2200,Sell,234230198
2024-08-23 10:39:37,39550.0,500,Sell,234230274
2024-08-23 10:39:49,39550.0,1000,Sell,234230469
2024-08-23 10:39:53,39550.0,200,Sell,234230495
2024-08-23 10:39:59,39550.0,4200,Sell,234230543
2024-08-23 10:40:26,39550.0,5000,Sell,234231001
2024-08-23 10:40:37,39550.0,3000,Sell,234231173
2024-08-23 10:40:37,39550.0,500,Sell,234231174
2024-08-23 10:40:37,39550.0,600,Sell,234231164
2024-08-23 10:40:37,39550.0,400,Sell,234231163
2024-08-23 10:40:37,39550.0,2000,Sell,234231162
2024-08-23 10:40:37,39550.0,4400,Sell,234231172
2024-08-23 10:40:53,39550.0,700,Buy,234231489
2024-08-23 10:41:16,39550.0,200,Buy,234231808
2024-08-23 10:41:30,39500.0,800,Sell,234231969
2024-08-23 10:42:45,39500.0,200,Sell,234232919
2024-08-23 10:42:45,39500.0,500,Sell,234232920
2024-08-23 10:42:45,39500.0,100,Sell,234232921
2024-08-23 10:42:45,39500.0,500,Sell,234232922
2024-08-23 10:42:45,39500.0,100,Sell,234232923
2024-08-23 10:42:45,39500.0,100,Sell,234232924
2024-08-23 10:42:45,39500.0,1500,Sell,234232925
2024-08-23 10:43:11,39500.0,15000,Sell,234233296
2024-08-23 10:43:11,39550.0,300,Buy,234233293
2024-08-23 10:43:21,39500.0,100,Sell,234233389
2024-08-23 10:43:27,39500.0,100,Sell,234233475
2024-08-23 10:43:28,39500.0,1400,Sell,234233495
2024-08-23 10:43:29,39500.0,900,Sell,234233518
2024-08-23 10:43:32,39500.0,1000,Sell,234233553
2024-08-23 10:43:32,39500.0,500,Sell,234233554
2024-08-23 10:43:32,39500.0,500,Sell,234233555
2024-08-23 10:43:32,39500.0,13000,Sell,234233556
2024-08-23 10:43:34,39550.0,3000,Buy,234233580
2024-08-23 10:43:34,39500.0,1000,Sell,234233581
2024-08-23 10:43:46,39550.0,100,Buy,234233736
2024-08-23 10:43:49,39500.0,300,Sell,234233779
2024-08-23 10:44:00,39500.0,2000,Sell,234233906
2024-08-23 10:44:29,39500.0,20000,Sell,234234303
2024-08-23 10:44:29,39500.0,500,Sell,234234296
2024-08-23 10:45:03,39500.0,4900,Sell,234234671
2024-08-23 10:45:07,39500.0,500,Sell,234234735
2024-08-23 10:45:22,39500.0,300,Sell,234234956
2024-08-23 10:45:36,39500.0,100,Sell,234235139
2024-08-23 10:45:40,39500.0,500,Sell,234235223
2024-08-23 10:45:52,39550.0,100,Buy,234235402
2024-08-23 10:45:58,39500.0,3000,Sell,234235471
2024-08-23 10:46:16,39500.0,200,Sell,234235710
2024-08-23 10:46:18,39500.0,200,Sell,234235730
2024-08-23 10:46:39,39500.0,300,Sell,234235986
2024-08-23 10:46:42,39500.0,300,Sell,234236012
2024-08-23 10:47:04,39500.0,100,Sell,234236249
2024-08-23 10:47:23,39550.0,100,Buy,234237018
2024-08-23 10:47:25,39500.0,2800,Sell,234237060
2024-08-23 10:47:25,39500.0,1000,Sell,234237061
2024-08-23 10:47:25,39500.0,400,Sell,234237062
2024-08-23 10:47:34,39500.0,1000,Sell,234237155
2024-08-23 10:47:53,39500.0,1000,Sell,234237495
2024-08-23 10:48:03,39500.0,100,Sell,234237665
2024-08-23 10:48:45,39500.0,900,Sell,234238217
2024-08-23 10:48:45,39500.0,100,Sell,234238218
2024-08-23 10:48:45,39500.0,500,Sell,234238219
2024-08-23 10:48:45,39500.0,2500,Sell,234238216
2024-08-23 10:48:49,39500.0,1000,Sell,234238268
2024-08-23 10:49:18,39500.0,1500,Sell,234238635
2024-08-23 10:49:18,39500.0,13500,Sell,234238636
2024-08-23 10:49:23,39500.0,600,Sell,234238700
2024-08-23 10:49:37,39500.0,100,Sell,234238865
2024-08-23 10:49:38,39500.0,5800,Sell,234238877
2024-08-23 10:49:38,39500.0,2900,Sell,234238878
2024-08-23 10:49:38,39500.0,1300,Sell,234238880
2024-08-23 10:50:14,39500.0,800,Sell,234239333
2024-08-23 10:50:14,39500.0,200,Sell,234239334
2024-08-23 10:50:39,39500.0,200,Sell,234239606
2024-08-23 10:50:50,39500.0,700,Sell,234239732
2024-08-23 10:50:50,39500.0,500,Sell,234239731
2024-08-23 10:50:50,39500.0,800,Sell,234239730
2024-08-23 10:51:16,39500.0,200,Sell,234240097
2024-08-23 10:51:25,39500.0,100,Sell,234240173
2024-08-23 10:51:41,39550.0,2300,Buy,234240428
2024-08-23 10:51:42,39500.0,2000,Sell,234240458
2024-08-23 10:51:57,39500.0,2000,Sell,234240701
2024-08-23 10:52:45,39550.0,100,Buy,234241340
2024-08-23 10:53:35,39550.0,500,Buy,234241872
2024-08-23 10:53:47,39500.0,100,Sell,234242024
2024-08-23 10:54:11,39550.0,100,Buy,234242256
2024-08-23 10:54:11,39550.0,200,Buy,234242257
2024-08-23 10:54:11,39550.0,3700,Buy,234242255
2024-08-23 10:54:46,39550.0,8500,Buy,234242665
2024-08-23 10:54:46,39550.0,1300,Buy,234242666
2024-08-23 10:54:46,39550.0,12200,Buy,234242668
2024-08-23 10:54:46,39550.0,8000,Buy,234242667
2024-08-23 10:55:58,39550.0,100,Buy,234243629
2024-08-23 10:56:18,39500.0,200,Sell,234243887
2024-08-23 10:56:18,39550.0,1000,Buy,234243890
2024-08-23 10:56:32,39550.0,300,Buy,234244065
2024-08-23 10:56:34,39550.0,500,Buy,234244072
2024-08-23 10:56:43,39550.0,100,Buy,234244180
2024-08-23 10:56:57,39500.0,100,Sell,234244314
2024-08-23 10:57:01,39550.0,100,Buy,234244361
2024-08-23 10:57:05,39500.0,200,Sell,234244446
2024-08-23 10:57:07,39500.0,200,Sell,234244466
2024-08-23 10:57:13,39550.0,500,Buy,234244547
2024-08-23 10:57:13,39550.0,100,Buy,234244546
2024-08-23 10:57:13,39550.0,3000,Buy,234244548
2024-08-23 10:57:13,39550.0,500,Buy,234244545
2024-08-23 10:57:13,39550.0,1000,Buy,234244550
2024-08-23 10:57:13,39550.0,300,Buy,234244551
2024-08-23 10:57:13,39550.0,500,Buy,234244549
2024-08-23 10:57:13,39550.0,6800,Buy,234244544
2024-08-23 10:57:13,39550.0,1000,Buy,234244537
2024-08-23 10:57:13,39550.0,8700,Buy,234244542
2024-08-23 10:57:13,39550.0,500,Buy,234244536
2024-08-23 10:57:13,39550.0,5700,Buy,234244535
2024-08-23 10:57:13,39550.0,100,Buy,234244538
2024-08-23 10:57:13,39550.0,1300,Buy,234244543
2024-08-23 10:57:13,39550.0,2000,Buy,234244540
2024-08-23 10:57:13,39550.0,800,Buy,234244541
2024-08-23 10:57:13,39550.0,100,Buy,234244539
2024-08-23 10:57:15,39550.0,3000,Sell,234244580
2024-08-23 10:57:18,39600.0,2300,Buy,234244630
2024-08-23 10:57:30,39550.0,300,Sell,234244798
2024-08-23 10:58:17,39550.0,200,Sell,234245502
2024-08-23 10:59:10,39550.0,1100,Sell,234246306
2024-08-23 10:59:20,39550.0,1000,Sell,234246395
2024-08-23 10:59:22,39550.0,100,Sell,234246412
2024-08-23 10:59:45,39550.0,2000,Sell,234246693
2024-08-23 11:00:07,39600.0,100,Buy,234246939
2024-08-23 11:00:28,39600.0,200,Buy,234247127
2024-08-23 11:01:26,39600.0,100,Buy,234248121
2024-08-23 11:01:54,39550.0,2000,Sell,234248443
2024-08-23 11:02:02,39550.0,1000,Sell,234248556
2024-08-23 11:02:23,39550.0,6400,Sell,234248800
2024-08-23 11:02:23,39550.0,200,Sell,234248801
2024-08-23 11:02:23,39550.0,3000,Sell,234248802
2024-08-23 11:02:23,39550.0,200,Sell,234248803
2024-08-23 11:02:23,39550.0,100,Sell,234248804
2024-08-23 11:02:56,39550.0,1700,Sell,234249184
2024-08-23 11:02:56,39550.0,100,Sell,234249185
2024-08-23 11:02:56,39550.0,200,Sell,234249183
2024-08-23 11:02:56,39550.0,400,Sell,234249181
2024-08-23 11:02:56,39550.0,300,Sell,234249182
2024-08-23 11:02:57,39550.0,17300,Sell,234249192
2024-08-23 11:03:02,39550.0,1000,Sell,234249278
2024-08-23 11:03:09,39550.0,1900,Sell,234249417
2024-08-23 11:03:15,39550.0,2500,Sell,234249495
2024-08-23 11:03:15,39550.0,2500,Sell,234249496
2024-08-23 11:03:23,39550.0,500,Sell,234249592
2024-08-23 11:03:24,39550.0,100,Sell,234249620
2024-08-23 11:03:28,39550.0,1900,Sell,234249650
2024-08-23 11:03:28,39550.0,400,Sell,234249651
2024-08-23 11:03:28,39550.0,100,Sell,234249652
2024-08-23 11:03:28,39550.0,600,Sell,234249653
2024-08-23 11:03:45,39550.0,500,Sell,234249890
2024-08-23 11:03:45,39550.0,1400,Sell,234249888
2024-08-23 11:03:45,39550.0,100,Sell,234249889
2024-08-23 11:03:54,39550.0,2000,Sell,234250020
2024-08-23 11:04:07,39500.0,100,Sell,234250292
2024-08-23 11:04:07,39500.0,4000,Sell,234250300
2024-08-23 11:04:07,39500.0,200,Sell,234250299
2024-08-23 11:04:07,39500.0,1000,Sell,234250297
2024-08-23 11:04:07,39500.0,300,Sell,234250296
2024-08-23 11:04:07,39500.0,100,Sell,234250295
2024-08-23 11:04:07,39500.0,100,Sell,234250294
2024-08-23 11:04:07,39500.0,100,Sell,234250293
2024-08-23 11:04:07,39500.0,10000,Sell,234250291
2024-08-23 11:04:07,39500.0,400,Sell,234250298
2024-08-23 11:04:07,39500.0,100,Sell,234250289
2024-08-23 11:04:07,39500.0,800,Sell,234250282
2024-08-23 11:04:07,39500.0,500,Sell,234250283
2024-08-23 11:04:07,39500.0,1300,Sell,234250281
2024-08-23 11:04:07,39500.0,400,Sell,234250284
2024-08-23 11:04:07,39500.0,100,Sell,234250290
2024-08-23 11:04:07,39500.0,500,Sell,234250286
2024-08-23 11:04:07,39500.0,300,Sell,234250287
2024-08-23 11:04:07,39500.0,100,Sell,234250288
2024-08-23 11:04:07,39500.0,100,Sell,234250285
2024-08-23 11:04:15,39550.0,10000,Buy,234250359
2024-08-23 11:05:31,39550.0,500,Buy,234251405
2024-08-23 11:05:48,39550.0,800,Sell,234251681
2024-08-23 11:05:48,39550.0,500,Buy,234251679
2024-08-23 11:05:48,39550.0,100,Buy,234251678
2024-08-23 11:05:48,39550.0,3000,Buy,234251680
2024-08-23 11:05:48,39550.0,100,Buy,234251677
2024-08-23 11:05:48,39550.0,500,Buy,234251675
2024-08-23 11:05:48,39550.0,5000,Buy,234251674
2024-08-23 11:05:48,39550.0,500,Buy,234251673
2024-08-23 11:05:48,39550.0,500,Buy,234251672
2024-08-23 11:05:48,39550.0,100,Buy,234251676
2024-08-23 11:05:57,39550.0,500,Sell,234251837
2024-08-23 11:06:36,39550.0,1000,Sell,234252493
2024-08-23 11:06:56,39550.0,500,Sell,234252852
2024-08-23 11:07:04,39550.0,1000,Sell,234252986
2024-08-23 11:07:08,39550.0,4100,Sell,234253052
2024-08-23 11:07:08,39550.0,900,Sell,234253068
2024-08-23 11:07:08,39550.0,2300,Sell,234253069
2024-08-23 11:07:08,39550.0,5900,Sell,234253051
2024-08-23 11:08:29,39550.0,400,Buy,234254744
2024-08-23 11:08:41,39550.0,5500,Buy,234255010
2024-08-23 11:08:41,39550.0,3000,Buy,234255009
2024-08-23 11:08:41,39550.0,100,Buy,234255008
2024-08-23 11:08:41,39550.0,1600,Buy,234255007
2024-08-23 11:08:41,39550.0,1200,Buy,234255005
2024-08-23 11:08:41,39550.0,13400,Buy,234255004
2024-08-23 11:08:41,39550.0,200,Buy,234255006
2024-08-23 11:08:55,39550.0,300,Buy,234255223
2024-08-23 11:09:31,39550.0,5000,Buy,234255878
2024-08-23 11:09:32,39550.0,6600,Buy,234255905
2024-08-23 11:09:32,39550.0,1700,Buy,234255906
2024-08-23 11:09:42,39550.0,300,Buy,234256068
2024-08-23 11:09:42,39550.0,100,Buy,234256067
2024-08-23 11:09:42,39550.0,2000,Buy,234256066
2024-08-23 11:09:42,39550.0,1000,Buy,234256063
2024-08-23 11:09:42,39550.0,500,Buy,234256064
2024-08-23 11:09:42,39550.0,5000,Buy,234256062
2024-08-23 11:09:42,39550.0,900,Buy,234256061
2024-08-23 11:09:42,39550.0,200,Buy,234256065
2024-08-23 11:10:23,39550.0,5500,Buy,234256899
2024-08-23 11:10:23,39550.0,200,Buy,234256898
2024-08-23 11:10:23,39550.0,5000,Buy,234256895
2024-08-23 11:10:23,39550.0,500,Buy,234256896
2024-08-23 11:10:23,39550.0,6700,Buy,234256894
2024-08-23 11:10:23,39550.0,500,Buy,234256897
2024-08-23 11:10:25,39550.0,900,Sell,234256920
2024-08-23 11:10:33,39550.0,200,Sell,234257018
2024-08-23 11:10:35,39550.0,500,Sell,234257061
2024-08-23 11:11:04,39550.0,4900,Buy,234257505
2024-08-23 11:11:28,39550.0,500,Buy,234257949
2024-08-23 11:11:32,39550.0,4200,Buy,234258007
2024-08-23 11:11:47,39550.0,100,Buy,234258321
2024-08-23 11:11:53,39550.0,300,Buy,234258418
2024-08-23 11:12:24,39550.0,300,Buy,234258853
2024-08-23 11:12:29,39550.0,200,Buy,234258946
2024-08-23 11:12:29,39550.0,100,Buy,234258944
2024-08-23 11:12:29,39550.0,100,Buy,234258945
2024-08-23 11:12:29,39550.0,1000,Buy,234258942
2024-08-23 11:12:29,39550.0,1200,Buy,234258940
2024-08-23 11:12:29,39550.0,1000,Buy,234258943
2024-08-23 11:12:29,39550.0,100,Buy,234258941
2024-08-23 11:12:33,39550.0,300,Sell,234259031
2024-08-23 11:12:33,39550.0,500,Sell,234259035
2024-08-23 11:12:37,39550.0,20500,Sell,234259104
2024-08-23 11:12:54,39550.0,200,Buy,234259499
2024-08-23 11:13:04,39500.0,1000,Sell,234259708
2024-08-23 11:13:48,39500.0,300,Sell,234260641
2024-08-23 11:13:48,39500.0,300,Sell,234260639
2024-08-23 11:13:48,39500.0,300,Sell,234260638
2024-08-23 11:13:48,39500.0,11000,Sell,234260637
2024-08-23 11:13:48,39500.0,35000,Sell,234260642
2024-08-23 11:13:48,39500.0,500,Sell,234260635
2024-08-23 11:13:48,39500.0,100,Sell,234260636
2024-08-23 11:13:48,39500.0,45000,Sell,234260631
2024-08-23 11:13:48,39500.0,2000,Sell,234260632
2024-08-23 11:13:48,39500.0,500,Sell,234260640
2024-08-23 11:13:48,39500.0,2000,Sell,234260633
2024-08-23 11:13:48,39500.0,3000,Sell,234260634
2024-08-23 11:13:57,39550.0,100,Buy,234260798
2024-08-23 11:13:59,39500.0,500,Sell,234260817
2024-08-23 11:13:59,39500.0,2000,Sell,234260816
2024-08-23 11:13:59,39500.0,1700,Sell,234260818
2024-08-23 11:13:59,39500.0,500,Sell,234260813
2024-08-23 11:13:59,39500.0,15000,Sell,234260812
2024-08-23 11:13:59,39500.0,200,Sell,234260814
2024-08-23 11:13:59,39500.0,100,Sell,234260815
2024-08-23 11:14:02,39500.0,2300,Sell,234260943
2024-08-23 11:14:02,39500.0,2300,Sell,234260949
2024-08-23 11:14:02,39500.0,100,Sell,234260948
2024-08-23 11:14:02,39500.0,1100,Sell,234260947
2024-08-23 11:14:02,39500.0,2300,Sell,234260946
2024-08-23 11:14:02,39500.0,1000,Sell,234260945
2024-08-23 11:14:02,39500.0,2300,Sell,234260944
2024-08-23 11:14:02,39500.0,2300,Sell,234260942
2024-08-23 11:14:02,39500.0,100,Sell,234260940
2024-08-23 11:14:02,39500.0,20000,Sell,234260939
2024-08-23 11:14:02,39500.0,100,Sell,234260938
2024-08-23 11:14:02,39500.0,1000,Sell,234260937
2024-08-23 11:14:02,39500.0,100,Sell,234260936
2024-08-23 11:14:02,39500.0,1300,Sell,234260935
2024-08-23 11:14:02,39500.0,100,Sell,234260941
2024-08-23 11:14:27,39500.0,500,Buy,234261462
2024-08-23 11:14:32,39450.0,1500,Sell,234261596
2024-08-23 11:14:50,39450.0,10000,Sell,234262102
2024-08-23 11:14:50,39450.0,35900,Sell,234262090
2024-08-23 11:14:50,39450.0,1000,Sell,234262088
2024-08-23 11:14:50,39450.0,100,Sell,234262087
2024-08-23 11:14:50,39450.0,1000,Sell,234262089
2024-08-23 11:14:51,39450.0,3500,Sell,234262108
2024-08-23 11:14:52,39450.0,5000,Sell,234262129
2024-08-23 11:14:52,39450.0,3500,Sell,234262150
2024-08-23 11:14:52,39450.0,3100,Sell,234262131
2024-08-23 11:14:52,39450.0,200,Sell,234262130
2024-08-23 11:14:52,39450.0,5000,Sell,234262128
2024-08-23 11:14:52,39450.0,3000,Sell,234262125
2024-08-23 11:14:52,39450.0,500,Sell,234262126
2024-08-23 11:14:52,39450.0,100,Sell,234262124
2024-08-23 11:14:52,39450.0,2000,Sell,234262123
2024-08-23 11:14:52,39450.0,600,Sell,234262122
2024-08-23 11:14:52,39450.0,200,Sell,234262127
2024-08-23 11:14:53,39450.0,400,Sell,234262168
2024-08-23 11:14:53,39450.0,100,Sell,234262169
2024-08-23 11:14:53,39450.0,100,Sell,234262170
2024-08-23 11:14:53,39450.0,400,Sell,234262171
2024-08-23 11:14:55,39450.0,100,Sell,234262200
2024-08-23 11:15:02,39450.0,1300,Sell,234262324
2024-08-23 11:15:02,39450.0,300,Sell,234262326
2024-08-23 11:15:02,39450.0,4000,Sell,234262325
2024-08-23 11:15:02,39450.0,100,Sell,234262323
2024-08-23 11:15:02,39450.0,100,Sell,234262322
2024-08-23 11:15:02,39450.0,100,Sell,234262321
2024-08-23 11:15:02,39450.0,100,Sell,234262318
2024-08-23 11:15:02,39450.0,500,Sell,234262317
2024-08-23 11:15:02,39450.0,500,Sell,234262320
2024-08-23 11:15:02,39450.0,3000,Sell,234262319
2024-08-23 11:15:04,39450.0,1000,Sell,234262360
2024-08-23 11:15:10,39450.0,1500,Sell,234262453
2024-08-23 11:15:12,39450.0,200,Sell,234262475
2024-08-23 11:15:12,39450.0,100,Sell,234262476
2024-08-23 11:15:12,39450.0,2000,Sell,234262477
2024-08-23 11:15:12,39450.0,100,Sell,234262478
2024-08-23 11:15:12,39450.0,100,Sell,234262479
2024-08-23 11:15:12,39450.0,100,Sell,234262480
2024-08-23 11:15:12,39450.0,100,Sell,234262481
2024-08-23 11:15:12,39450.0,1000,Sell,234262482
2024-08-23 11:15:15,39450.0,500,Sell,234262579
2024-08-23 11:15:16,39450.0,800,Sell,234262586
2024-08-23 11:15:16,39450.0,500,Sell,234262587
2024-08-23 11:15:18,39450.0,2000,Sell,234262642
2024-08-23 11:15:18,39450.0,2000,Sell,234262641
2024-08-23 11:15:25,39450.0,1700,Sell,234262777
2024-08-23 11:15:27,39450.0,100,Buy,234262858
2024-08-23 11:15:36,39450.0,100,Buy,234263079
2024-08-23 11:15:44,39450.0,100,Buy,234263231
2024-08-23 11:15:59,39450.0,500,Buy,234263634
2024-08-23 11:15:59,39450.0,1000,Buy,234263635
2024-08-23 11:15:59,39450.0,3800,Buy,234263636
2024-08-23 11:15:59,39450.0,100,Buy,234263637
2024-08-23 11:15:59,39450.0,4600,Buy,234263638
2024-08-23 11:15:59,39450.0,1000,Buy,234263639
2024-08-23 11:16:11,39450.0,1000,Sell,234264282
2024-08-23 11:16:12,39450.0,7900,Sell,234264307
2024-08-23 11:16:42,39450.0,5000,Sell,234264958
2024-08-23 11:16:47,39450.0,2300,Buy,234265121
2024-08-23 11:16:47,39450.0,100,Sell,234265091
2024-08-23 11:16:47,39450.0,2300,Sell,234265088
2024-08-23 11:16:47,39450.0,100,Sell,234265089
2024-08-23 11:16:47,39450.0,100,Sell,234265087
2024-08-23 11:16:47,39450.0,400,Sell,234265090
2024-08-23 11:17:01,39450.0,100,Buy,234265484
2024-08-23 11:17:03,39450.0,1000,Buy,234265543
2024-08-23 11:17:16,39450.0,200,Buy,234265807
2024-08-23 11:17:18,39450.0,1000,Buy,234265835
2024-08-23 11:17:26,39450.0,400,Buy,234266022
2024-08-23 11:17:31,39400.0,1000,Sell,234266145
2024-08-23 11:17:31,39400.0,5000,Sell,234266144
2024-08-23 11:17:31,39400.0,100,Sell,234266143
2024-08-23 11:17:31,39400.0,13500,Sell,234266140
2024-08-23 11:17:31,39400.0,100,Sell,234266141
2024-08-23 11:17:31,39400.0,10000,Sell,234266146
2024-08-23 11:17:31,39400.0,100,Sell,234266139
2024-08-23 11:17:31,39400.0,100,Sell,234266142
2024-08-23 11:17:31,39400.0,1000,Sell,234266147
2024-08-23 11:17:31,39400.0,100,Sell,234266151
2024-08-23 11:17:31,39400.0,200,Sell,234266149
2024-08-23 11:17:31,39400.0,100,Sell,234266150
2024-08-23 11:17:31,39400.0,3000,Sell,234266152
2024-08-23 11:17:31,39400.0,2000,Sell,234266153
2024-08-23 11:17:31,39400.0,1000,Sell,234266154
2024-08-23 11:17:31,39400.0,100,Sell,234266155
2024-08-23 11:17:31,39400.0,2500,Sell,234266156
2024-08-23 11:17:31,39400.0,1400,Sell,234266157
2024-08-23 11:17:31,39450.0,100,Buy,234266158
2024-08-23 11:17:31,39400.0,100,Sell,234266148
2024-08-23 11:17:31,39400.0,100,Sell,234266136
2024-08-23 11:17:31,39400.0,500,Sell,234266138
2024-08-23 11:17:31,39400.0,3000,Sell,234266137
2024-08-23 11:17:31,39400.0,100,Sell,234266133
2024-08-23 11:17:31,39400.0,2100,Sell,234266112
2024-08-23 11:17:31,39400.0,100,Sell,234266114
2024-08-23 11:17:31,39400.0,100,Sell,234266115
2024-08-23 11:17:31,39400.0,100,Sell,234266116
2024-08-23 11:17:31,39400.0,100,Sell,234266117
2024-08-23 11:17:31,39400.0,100,Sell,234266118
2024-08-23 11:17:31,39400.0,4000,Sell,234266119
2024-08-23 11:17:31,39400.0,100,Sell,234266120
2024-08-23 11:17:31,39400.0,100,Sell,234266121
2024-08-23 11:17:31,39400.0,100,Sell,234266113
2024-08-23 11:17:31,39400.0,100,Sell,234266123
2024-08-23 11:17:31,39400.0,100,Sell,234266122
2024-08-23 11:17:31,39400.0,1000,Sell,234266132
2024-08-23 11:17:31,39400.0,200,Sell,234266130
2024-08-23 11:17:31,39400.0,500,Sell,234266129
2024-08-23 11:17:31,39400.0,5000,Sell,234266131
2024-08-23 11:17:31,39400.0,300,Sell,234266127
2024-08-23 11:17:31,39400.0,100,Sell,234266126
2024-08-23 11:17:31,39400.0,500,Sell,234266125
2024-08-23 11:17:31,39400.0,100,Sell,234266124
2024-08-23 11:17:31,39400.0,100,Sell,234266128
2024-08-23 11:17:46,39400.0,3000,Sell,234266425
2024-08-23 11:17:58,39400.0,2000,Sell,234266692
2024-08-23 11:17:58,39400.0,3100,Sell,234266693
2024-08-23 11:17:58,39400.0,200,Sell,234266694
2024-08-23 11:17:58,39400.0,300,Sell,234266695
2024-08-23 11:17:58,39400.0,5000,Sell,234266696
2024-08-23 11:17:58,39400.0,2000,Sell,234266697
2024-08-23 11:17:58,39400.0,100,Sell,234266698
2024-08-23 11:17:58,39400.0,100,Sell,234266704
2024-08-23 11:17:58,39400.0,100,Sell,234266700
2024-08-23 11:17:58,39400.0,500,Sell,234266701
2024-08-23 11:17:58,39400.0,100,Sell,234266702
2024-08-23 11:17:58,39400.0,100,Sell,234266703
2024-08-23 11:17:58,39400.0,100,Sell,234266705
2024-08-23 11:17:58,39400.0,100,Sell,234266706
2024-08-23 11:17:58,39400.0,100,Sell,234266707
2024-08-23 11:17:58,39400.0,3000,Sell,234266691
2024-08-23 11:17:58,39400.0,200,Sell,234266699
2024-08-23 11:17:58,39400.0,100,Sell,234266690
2024-08-23 11:17:58,39400.0,1000,Sell,234266681
2024-08-23 11:17:58,39400.0,1000,Sell,234266688
2024-08-23 11:17:58,39400.0,3600,Sell,234266666
2024-08-23 11:17:58,39400.0,200,Sell,234266667
2024-08-23 11:17:58,39400.0,8800,Sell,234266673
2024-08-23 11:17:58,39400.0,200,Sell,234266674
2024-08-23 11:17:58,39400.0,200,Sell,234266675
2024-08-23 11:17:58,39400.0,200,Sell,234266689
2024-08-23 11:17:58,39400.0,400,Sell,234266677
2024-08-23 11:17:58,39400.0,500,Sell,234266678
2024-08-23 11:17:58,39400.0,100,Sell,234266676
2024-08-23 11:17:58,39400.0,2000,Sell,234266680
2024-08-23 11:17:58,39400.0,300,Sell,234266682
2024-08-23 11:17:58,39400.0,100,Sell,234266683
2024-08-23 11:17:58,39400.0,600,Sell,234266684
2024-08-23 11:17:58,39400.0,500,Sell,234266685
2024-08-23 11:17:58,39400.0,200,Sell,234266686
2024-08-23 11:17:58,39400.0,500,Sell,234266687
2024-08-23 11:17:58,39400.0,3000,Sell,234266679
2024-08-23 11:18:03,39400.0,24900,Sell,234266792
2024-08-23 11:18:03,39400.0,100,Sell,234266793
2024-08-23 11:18:03,39400.0,2300,Sell,234266794
2024-08-23 11:18:03,39400.0,100,Sell,234266795
2024-08-23 11:18:03,39400.0,100,Sell,234266796
2024-08-23 11:18:14,39400.0,100,Buy,234267063
2024-08-23 11:18:32,39400.0,5000,Buy,234267459
2024-08-23 11:18:35,39400.0,200,Buy,234267525
2024-08-23 11:18:36,39400.0,600,Buy,234267546
2024-08-23 11:18:39,39350.0,200,Sell,234267598
2024-08-23 11:18:39,39350.0,200,Sell,234267599
2024-08-23 11:18:39,39350.0,700,Sell,234267600
2024-08-23 11:18:39,39350.0,100,Sell,234267601
2024-08-23 11:18:39,39350.0,800,Sell,234267602
2024-08-23 11:18:39,39350.0,100,Sell,234267603
2024-08-23 11:18:39,39350.0,100,Sell,234267604
2024-08-23 11:18:39,39350.0,100,Sell,234267605
2024-08-23 11:18:39,39350.0,200,Sell,234267606
2024-08-23 11:18:39,39350.0,100,Sell,234267607
2024-08-23 11:18:39,39350.0,200,Sell,234267608
2024-08-23 11:18:39,39350.0,3000,Sell,234267609
2024-08-23 11:18:39,39350.0,4100,Sell,234267610
2024-08-23 11:18:39,39350.0,100,Sell,234267597
2024-08-23 11:18:43,39400.0,100,Buy,234267669
2024-08-23 11:18:47,39400.0,1000,Buy,234267716
2024-08-23 11:18:59,39350.0,900,Sell,234267976
2024-08-23 11:18:59,39350.0,600,Sell,234267977
2024-08-23 11:19:23,39400.0,5000,Buy,234268466
2024-08-23 11:19:23,39350.0,1400,Sell,234268474
2024-08-23 11:19:23,39350.0,100,Sell,234268475
2024-08-23 11:19:23,39350.0,500,Sell,234268476
2024-08-23 11:19:25,39350.0,100,Sell,234268519
2024-08-23 11:19:36,39350.0,100,Sell,234268808
2024-08-23 11:19:38,39400.0,2800,Buy,234268831
2024-08-23 11:19:38,39400.0,1800,Buy,234268832
2024-08-23 11:19:38,39400.0,1700,Buy,234268833
2024-08-23 11:19:38,39400.0,500,Buy,234268834
2024-08-23 11:19:38,39400.0,200,Sell,234268840
2024-08-23 11:19:39,39400.0,200,Sell,234268847
2024-08-23 11:19:44,39400.0,3000,Sell,234268899
2024-08-23 11:19:55,39400.0,900,Sell,234269053
2024-08-23 11:19:59,39400.0,8000,Sell,234269114
2024-08-23 11:20:05,39400.0,100,Sell,234269269
2024-08-23 11:20:07,39400.0,100,Sell,234269301
2024-08-23 11:20:11,39400.0,500,Sell,234269401
2024-08-23 11:20:23,39400.0,200,Sell,234269653
2024-08-23 11:20:23,39400.0,100,Sell,234269654
2024-08-23 11:20:42,39400.0,100,Sell,234270049
2024-08-23 11:20:42,39400.0,400,Sell,234270050
2024-08-23 11:20:50,39400.0,100,Sell,234270264
2024-08-23 11:20:53,39400.0,800,Sell,234270323
2024-08-23 11:21:02,39400.0,1500,Sell,234270502
2024-08-23 11:21:02,39400.0,1500,Sell,234270503
2024-08-23 11:21:09,39400.0,300,Sell,234270630
2024-08-23 11:21:10,39400.0,200,Sell,234270657
2024-08-23 11:21:21,39450.0,1900,Buy,234270966
2024-08-23 11:21:21,39450.0,900,Buy,234270967
2024-08-23 11:21:38,39450.0,2000,Buy,234271447
2024-08-23 11:21:42,39400.0,100,Sell,234271546
2024-08-23 11:21:42,39400.0,100,Sell,234271547
2024-08-23 11:21:42,39400.0,200,Sell,234271548
2024-08-23 11:21:42,39400.0,200,Sell,234271549
2024-08-23 11:21:42,39400.0,100,Sell,234271550
2024-08-23 11:21:46,39450.0,100,Buy,234271671
2024-08-23 11:21:55,39400.0,2700,Sell,234271944
2024-08-23 11:22:17,39400.0,100,Sell,234272480
2024-08-23 11:22:17,39400.0,200,Sell,234272479
2024-08-23 11:22:17,39400.0,100,Sell,234272478
2024-08-23 11:22:17,39400.0,100,Sell,234272477
2024-08-23 11:22:17,39400.0,2300,Sell,234272475
2024-08-23 11:22:17,39400.0,500,Sell,234272476
2024-08-23 11:22:17,39400.0,500,Sell,234272473
2024-08-23 11:22:17,39400.0,500,Sell,234272468
2024-08-23 11:22:17,39400.0,200,Sell,234272469
2024-08-23 11:22:17,39400.0,2300,Sell,234272474
2024-08-23 11:22:17,39400.0,5000,Sell,234272471
2024-08-23 11:22:17,39400.0,100,Sell,234272472
2024-08-23 11:22:17,39400.0,500,Sell,234272470
2024-08-23 11:22:19,39400.0,100,Buy,234272532
2024-08-23 11:22:26,39400.0,100,Buy,234272673
2024-08-23 11:22:28,39400.0,100,Buy,234272703
2024-08-23 11:22:38,39350.0,200,Sell,234272936
2024-08-23 11:22:44,39400.0,500,Buy,234273098
2024-08-23 11:22:48,39400.0,1000,Buy,234273218
2024-08-23 11:22:57,39400.0,800,Buy,234273501
2024-08-23 11:22:57,39400.0,200,Buy,234273502
2024-08-23 11:23:01,39400.0,100,Buy,234273631
2024-08-23 11:23:08,39400.0,100,Buy,234273808
2024-08-23 11:23:09,39400.0,1000,Buy,234273829
2024-08-23 11:23:11,39400.0,200,Buy,234273861
2024-08-23 11:23:16,39400.0,100,Buy,234273941
2024-08-23 11:23:17,39400.0,2000,Buy,234273953
2024-08-23 11:23:23,39400.0,500,Buy,234274214
2024-08-23 11:23:24,39400.0,100,Buy,234274220
2024-08-23 11:24:07,39400.0,300,Buy,234275321
2024-08-23 11:24:07,39400.0,100,Buy,234275322
2024-08-23 11:24:07,39400.0,100,Buy,234275323
2024-08-23 11:24:07,39350.0,200,Sell,234275330
2024-08-23 11:24:43,39350.0,1500,Sell,234276216
2024-08-23 11:24:43,39350.0,5000,Sell,234276214
2024-08-23 11:24:43,39350.0,1400,Sell,234276213
2024-08-23 11:24:43,39350.0,100,Sell,234276215
2024-08-23 11:24:51,39400.0,1000,Buy,234276375
2024-08-23 11:25:17,39400.0,100,Buy,234276920
2024-08-23 11:25:21,39400.0,1000,Buy,234277012
2024-08-23 11:25:29,39400.0,100,Buy,234277154
2024-08-23 11:25:29,39400.0,900,Buy,234277153
2024-08-23 11:25:29,39400.0,2800,Buy,234277150
2024-08-23 11:25:29,39400.0,200,Buy,234277151
2024-08-23 11:25:29,39400.0,1000,Buy,234277152
2024-08-23 11:25:40,39400.0,3900,Buy,234277322
2024-08-23 11:25:59,39450.0,5500,Buy,234277743
2024-08-23 11:26:22,39450.0,500,Buy,234278267
2024-08-23 11:26:23,39400.0,6100,Sell,234278275
2024-08-23 11:26:23,39400.0,2300,Sell,234278276
2024-08-23 11:26:23,39400.0,8600,Sell,234278277
2024-08-23 11:26:27,39450.0,1000,Buy,234278346
2024-08-23 11:26:27,39450.0,500,Buy,234278347
2024-08-23 11:26:27,39450.0,100,Buy,234278348
2024-08-23 11:26:27,39450.0,2000,Buy,234278349
2024-08-23 11:26:27,39450.0,200,Buy,234278350
2024-08-23 11:26:27,39450.0,3200,Buy,234278351
2024-08-23 11:26:27,39450.0,2300,Buy,234278352
2024-08-23 11:26:27,39450.0,700,Buy,234278353
2024-08-23 11:26:30,39450.0,1000,Buy,234278434
2024-08-23 11:26:39,39450.0,900,Buy,234278777
2024-08-23 11:26:39,39450.0,400,Buy,234278778
2024-08-23 11:26:39,39450.0,700,Buy,234278776
2024-08-23 11:26:52,39450.0,200,Sell,234279265
2024-08-23 11:27:35,39450.0,1000,Sell,234280235
2024-08-23 11:27:35,39450.0,300,Sell,234280238
2024-08-23 11:27:46,39450.0,500,Sell,234280432
2024-08-23 11:27:49,39500.0,1400,Buy,234280462
2024-08-23 11:27:56,39450.0,1000,Sell,234280571
2024-08-23 11:28:18,39450.0,9000,Sell,234281112
2024-08-23 11:28:33,39450.0,200,Sell,234281418
2024-08-23 11:28:36,39450.0,100,Sell,234281438
2024-08-23 11:28:38,39450.0,1000,Sell,234281473
2024-08-23 11:28:38,39450.0,2300,Sell,234281472
2024-08-23 11:28:38,39450.0,1400,Sell,234281474
2024-08-23 11:28:38,39450.0,2300,Sell,234281470
2024-08-23 11:28:38,39450.0,2300,Sell,234281471
2024-08-23 11:28:38,39450.0,1700,Sell,234281469
2024-08-23 11:28:51,39500.0,100,Buy,234281711
2024-08-23 11:28:51,39450.0,100,Sell,234281715
2024-08-23 11:29:05,39450.0,1000,Sell,234282204
2024-08-23 11:29:23,39450.0,1000,Sell,234282657
2024-08-23 11:29:34,39350.0,1000,Sell,234282881
2024-08-23 11:29:34,39350.0,100,Sell,234282880
2024-08-23 11:29:34,39350.0,5000,Sell,234282879
2024-08-23 11:29:34,39350.0,900,Sell,234282878
2024-08-23 11:29:34,39400.0,10000,Sell,234282877
2024-08-23 11:29:34,39400.0,100,Sell,234282876
2024-08-23 11:29:34,39400.0,500,Sell,234282875
2024-08-23 11:29:34,39400.0,100,Sell,234282874
2024-08-23 11:29:34,39450.0,500,Sell,234282837
2024-08-23 11:29:34,39400.0,200,Sell,234282872
2024-08-23 11:29:34,39450.0,1000,Sell,234282865
2024-08-23 11:29:34,39450.0,2300,Sell,234282866
2024-08-23 11:29:34,39450.0,2300,Sell,234282867
2024-08-23 11:29:34,39400.0,10000,Sell,234282873
2024-08-23 11:29:34,39400.0,4000,Sell,234282869
2024-08-23 11:29:34,39400.0,5000,Sell,234282870
2024-08-23 11:29:34,39400.0,100,Sell,234282871
2024-08-23 11:29:34,39450.0,400,Sell,234282868
2024-08-23 12:59:36,39350.0,100,Sell,234283151
2024-08-23 12:59:36,39350.0,500,Sell,234283152
2024-08-23 12:59:36,39350.0,100,Sell,234283153
2024-08-23 12:59:37,39350.0,100,Sell,234283476
2024-08-23 12:59:37,39350.0,100,Sell,234283472
2024-08-23 12:59:37,39350.0,2400,Sell,234283471
2024-08-23 12:59:37,39350.0,2000,Sell,234283468
2024-08-23 12:59:38,39400.0,1000,Buy,234283996
2024-08-23 12:59:38,39400.0,500,Sell,234283997
2024-08-23 12:59:38,39400.0,500,Buy,234283995
2024-08-23 12:59:40,39400.0,200,Sell,234284644
2024-08-23 12:59:41,39400.0,100,Sell,234284924
2024-08-23 12:59:41,39400.0,1000,Sell,234284925
2024-08-23 12:59:41,39400.0,200,Sell,234284926
2024-08-23 12:59:41,39400.0,100,Sell,234284930
2024-08-23 12:59:45,39400.0,600,Sell,234285885
2024-08-23 12:59:46,39400.0,100,Sell,234286075
2024-08-23 12:59:48,39400.0,100,Sell,234286355
2024-08-23 12:59:49,39400.0,200,Sell,234286660
2024-08-23 12:59:49,39400.0,100,Sell,234286582
2024-08-23 12:59:49,39400.0,1000,Sell,234286583
2024-08-23 12:59:51,39400.0,500,Sell,234286863
2024-08-23 12:59:53,39400.0,300,Sell,234287067
2024-08-23 12:59:54,39400.0,500,Sell,234287147
2024-08-23 13:00:03,39400.0,3000,Sell,234287664
2024-08-23 13:00:09,39400.0,600,Sell,234288421
2024-08-23 13:00:10,39400.0,900,Sell,234288484
2024-08-23 13:00:10,39400.0,100,Sell,234288485
2024-08-23 13:00:10,39400.0,100,Sell,234288486
2024-08-23 13:00:12,39350.0,100,Sell,234288553
2024-08-23 13:00:12,39350.0,200,Sell,234288558
2024-08-23 13:00:12,39350.0,1000,Sell,234288559
2024-08-23 13:00:12,39350.0,2000,Sell,234288560
2024-08-23 13:00:12,39350.0,13300,Sell,234288572
2024-08-23 13:00:12,39350.0,200,Sell,234288569
2024-08-23 13:00:12,39350.0,100,Sell,234288570
2024-08-23 13:00:12,39350.0,100,Sell,234288571
2024-08-23 13:00:12,39350.0,100,Sell,234288573
2024-08-23 13:00:12,39350.0,100,Sell,234288561
2024-08-23 13:00:12,39350.0,200,Sell,234288552
2024-08-23 13:00:12,39350.0,200,Sell,234288549
2024-08-23 13:00:12,39350.0,500,Sell,234288550
2024-08-23 13:00:12,39350.0,800,Sell,234288539
2024-08-23 13:00:12,39350.0,500,Sell,234288540
2024-08-23 13:00:12,39350.0,700,Sell,234288551
2024-08-23 13:00:12,39350.0,1000,Sell,234288542
2024-08-23 13:00:12,39350.0,100,Sell,234288543
2024-08-23 13:00:12,39350.0,2000,Sell,234288541
2024-08-23 13:00:12,39350.0,18500,Sell,234288545
2024-08-23 13:00:12,39350.0,7100,Sell,234288546
2024-08-23 13:00:12,39350.0,100,Sell,234288547
2024-08-23 13:00:12,39350.0,100,Sell,234288548
2024-08-23 13:00:12,39350.0,4400,Sell,234288544
2024-08-23 13:00:14,39350.0,3000,Sell,234288654
2024-08-23 13:00:28,39400.0,900,Buy,234289232
2024-08-23 13:00:28,39400.0,100,Buy,234289233
2024-08-23 13:00:28,39400.0,2000,Buy,234289234
2024-08-23 13:00:28,39400.0,500,Buy,234289235
2024-08-23 13:00:37,39400.0,1000,Sell,234289636
2024-08-23 13:00:50,39400.0,300,Sell,234290017
2024-08-23 13:00:50,39400.0,700,Sell,234290016
2024-08-23 13:01:07,39400.0,5000,Sell,234290560
2024-08-23 13:01:12,39400.0,1000,Sell,234290825
2024-08-23 13:01:23,39400.0,1000,Sell,234291191
2024-08-23 13:01:34,39400.0,500,Sell,234291613
2024-08-23 13:01:37,39450.0,1000,Buy,234291759
2024-08-23 13:01:37,39450.0,2000,Buy,234291758
2024-08-23 13:01:37,39450.0,500,Buy,234291757
2024-08-23 13:01:37,39450.0,2000,Buy,234291756
2024-08-23 13:01:37,39450.0,2000,Buy,234291755
2024-08-23 13:01:37,39450.0,100,Buy,234291754
2024-08-23 13:01:37,39450.0,31700,Buy,234291761
2024-08-23 13:01:37,39450.0,200,Buy,234291752
2024-08-23 13:01:37,39450.0,8000,Buy,234291753
2024-08-23 13:01:37,39450.0,400,Buy,234291747
2024-08-23 13:01:37,39450.0,1000,Buy,234291748
2024-08-23 13:01:37,39450.0,100,Buy,234291760
2024-08-23 13:01:37,39450.0,200,Buy,234291750
2024-08-23 13:01:37,39450.0,500,Buy,234291751
2024-08-23 13:01:37,39450.0,300,Buy,234291749
2024-08-23 13:01:38,39400.0,1000,Sell,234291770
2024-08-23 13:01:46,39450.0,18300,Buy,234291937
2024-08-23 13:01:46,39450.0,500,Buy,234291938
2024-08-23 13:01:46,39450.0,200,Buy,234291939
2024-08-23 13:01:46,39450.0,300,Buy,234291940
2024-08-23 13:01:52,39450.0,600,Sell,234292060
2024-08-23 13:02:16,39500.0,6000,Buy,234292768
2024-08-23 13:02:21,39500.0,500,Buy,234292871
2024-08-23 13:02:26,39450.0,100,Sell,234293015
2024-08-23 13:02:58,39450.0,3000,Sell,234293831
2024-08-23 13:02:59,39450.0,300,Sell,234293849
2024-08-23 13:03:00,39450.0,500,Sell,234293886
2024-08-23 13:03:00,39450.0,6000,Sell,234293896
2024-08-23 13:03:06,39450.0,7000,Sell,234294104
2024-08-23 13:03:37,39500.0,400,Buy,234294981
2024-08-23 13:04:22,39500.0,1600,Buy,234296381
2024-08-23 13:04:22,39500.0,4400,Buy,234296382
2024-08-23 13:04:38,39500.0,100,Buy,234297018
2024-08-23 13:04:51,39450.0,300,Sell,234297524
2024-08-23 13:05:10,39450.0,1300,Sell,234298290
2024-08-23 13:05:21,39450.0,4000,Sell,234298798
2024-08-23 13:05:31,39450.0,7600,Sell,234299172
2024-08-23 13:05:31,39450.0,2300,Sell,234299173
2024-08-23 13:05:31,39450.0,100,Sell,234299174
2024-08-23 13:05:39,39450.0,100,Sell,234299379
2024-08-23 13:05:44,39450.0,100,Sell,234299560
2024-08-23 13:05:45,39500.0,12000,Buy,234299631
2024-08-23 13:06:01,39450.0,1000,Sell,234300223
2024-08-23 13:06:05,39500.0,100,Buy,234300402
2024-08-23 13:06:14,39450.0,700,Sell,234300634
2024-08-23 13:06:14,39450.0,1300,Sell,234300633
2024-08-23 13:06:22,39450.0,2000,Sell,234300947
2024-08-23 13:06:27,39500.0,100,Buy,234301149
2024-08-23 13:06:27,39500.0,200,Buy,234301150
2024-08-23 13:06:27,39500.0,200,Buy,234301151
2024-08-23 13:06:27,39500.0,7400,Buy,234301152
2024-08-23 13:06:27,39500.0,100,Buy,234301153
2024-08-23 13:06:27,39500.0,1500,Buy,234301154
2024-08-23 13:06:27,39500.0,1000,Buy,234301155
2024-08-23 13:06:27,39500.0,500,Buy,234301156
2024-08-23 13:06:27,39500.0,100,Buy,234301157
2024-08-23 13:06:27,39500.0,1300,Buy,234301158
2024-08-23 13:06:27,39500.0,1000,Buy,234301165
2024-08-23 13:06:27,39500.0,8700,Buy,234301160
2024-08-23 13:06:27,39500.0,100,Buy,234301161
2024-08-23 13:06:27,39500.0,500,Buy,234301162
2024-08-23 13:06:27,39500.0,3000,Buy,234301163
2024-08-23 13:06:27,39500.0,2000,Buy,234301164
2024-08-23 13:06:27,39500.0,1000,Buy,234301166
2024-08-23 13:06:27,39500.0,500,Buy,234301167
2024-08-23 13:06:27,39500.0,500,Buy,234301148
2024-08-23 13:06:27,39500.0,6900,Buy,234301168
2024-08-23 13:06:27,39500.0,3000,Buy,234301159
2024-08-23 13:06:27,39500.0,2600,Buy,234301147
2024-08-23 13:06:27,39500.0,10000,Buy,234301118
2024-08-23 13:06:27,39500.0,800,Buy,234301145
2024-08-23 13:06:27,39500.0,17400,Buy,234301146
2024-08-23 13:06:27,39500.0,4000,Buy,234301119
2024-08-23 13:06:27,39500.0,26000,Buy,234301120
2024-08-23 13:06:27,39500.0,1000,Buy,234301121
2024-08-23 13:06:27,39500.0,1300,Buy,234301122
2024-08-23 13:06:27,39500.0,8700,Buy,234301123
2024-08-23 13:06:27,39500.0,36000,Buy,234301124
2024-08-23 13:06:27,39500.0,200,Buy,234301125
2024-08-23 13:06:27,39500.0,1300,Buy,234301126
2024-08-23 13:06:27,39500.0,8700,Buy,234301127
2024-08-23 13:06:27,39500.0,3400,Buy,234301117
2024-08-23 13:06:27,39500.0,300,Buy,234301136
2024-08-23 13:06:27,39500.0,500,Buy,234301135
2024-08-23 13:06:27,39500.0,100,Buy,234301143
2024-08-23 13:06:27,39500.0,5000,Buy,234301142
2024-08-23 13:06:27,39500.0,100,Buy,234301141
2024-08-23 13:06:27,39500.0,1000,Buy,234301144
2024-08-23 13:06:27,39500.0,30000,Buy,234301139
2024-08-23 13:06:27,39500.0,800,Buy,234301138
2024-08-23 13:06:27,39500.0,200,Buy,234301137
2024-08-23 13:06:27,39500.0,1000,Buy,234301140
2024-08-23 13:06:28,39450.0,100,Sell,234301177
2024-08-23 13:06:38,39500.0,5000,Buy,234301445
2024-08-23 13:06:38,39500.0,7000,Buy,234301436
2024-08-23 13:06:38,39500.0,1000,Buy,234301437
2024-08-23 13:06:38,39500.0,2000,Buy,234301438
2024-08-23 13:06:38,39500.0,1700,Buy,234301439
2024-08-23 13:06:38,39500.0,1000,Buy,234301440
2024-08-23 13:06:38,39500.0,1300,Buy,234301441
2024-08-23 13:06:38,39500.0,100,Buy,234301442
2024-08-23 13:06:38,39500.0,20400,Buy,234301443
2024-08-23 13:06:38,39500.0,200,Buy,234301444
2024-08-23 13:06:38,39500.0,3100,Buy,234301435
2024-08-23 13:06:39,39500.0,1300,Sell,234301490
2024-08-23 13:06:45,39500.0,3000,Sell,234301688
2024-08-23 13:07:17,39500.0,2900,Sell,234302648
2024-08-23 13:07:17,39500.0,500,Sell,234302649
2024-08-23 13:07:17,39500.0,600,Sell,234302650
2024-08-23 13:07:19,39500.0,100,Sell,234302739
2024-08-23 13:07:25,39500.0,1300,Sell,234302897
2024-08-23 13:07:26,39500.0,1500,Sell,234302911
2024-08-23 13:07:26,39500.0,100,Sell,234302919
2024-08-23 13:07:26,39500.0,2000,Sell,234302924
2024-08-23 13:07:34,39500.0,100,Sell,234303131
2024-08-23 13:07:36,39500.0,500,Sell,234303156
2024-08-23 13:07:40,39500.0,1000,Sell,234303304
2024-08-23 13:07:55,39500.0,1000,Sell,234303790
2024-08-23 13:07:58,39500.0,100,Sell,234303841
2024-08-23 13:08:02,39500.0,43400,Sell,234303964
2024-08-23 13:08:02,39500.0,6600,Sell,234303969
2024-08-23 13:08:05,39500.0,300,Sell,234304040
2024-08-23 13:08:08,39500.0,1300,Sell,234304145
2024-08-23 13:08:10,39500.0,900,Sell,234304205
2024-08-23 13:08:10,39500.0,100,Sell,234304204
2024-08-23 13:08:10,39500.0,2000,Sell,234304203
2024-08-23 13:08:10,39500.0,1000,Sell,234304193
2024-08-23 13:08:10,39500.0,1300,Sell,234304201
2024-08-23 13:08:10,39500.0,2300,Sell,234304192
2024-08-23 13:08:10,39500.0,40100,Sell,234304191
2024-08-23 13:08:10,39500.0,2300,Sell,234304202
2024-08-23 13:08:11,39500.0,2500,Sell,234304246
2024-08-23 13:08:11,39500.0,1500,Sell,234304247
2024-08-23 13:08:17,39500.0,1400,Sell,234304657
2024-08-23 13:08:18,39500.0,300,Sell,234304682
2024-08-23 13:08:20,39500.0,1800,Sell,234304838
2024-08-23 13:08:20,39500.0,10000,Sell,234304857
2024-08-23 13:08:20,39500.0,400,Sell,234304856
2024-08-23 13:08:20,39500.0,1000,Sell,234304852
2024-08-23 13:08:20,39500.0,1000,Sell,234304851
2024-08-23 13:08:20,39500.0,2000,Sell,234304850
2024-08-23 13:08:20,39500.0,300,Sell,234304849
2024-08-23 13:08:20,39500.0,500,Sell,234304844
2024-08-23 13:08:20,39500.0,2300,Sell,234304843
2024-08-23 13:08:20,39500.0,500,Sell,234304842
2024-08-23 13:08:20,39500.0,1000,Sell,234304841
2024-08-23 13:08:20,39500.0,5000,Sell,234304840
2024-08-23 13:08:20,39500.0,300,Sell,234304839
2024-08-23 13:08:20,39500.0,1000,Sell,234304845
2024-08-23 13:08:20,39500.0,1000,Sell,234304848
2024-08-23 13:08:23,39500.0,200,Buy,234304932
2024-08-23 13:08:24,39500.0,15100,Buy,234304958
2024-08-23 13:08:24,39500.0,4900,Buy,234304959
2024-08-23 13:08:26,39450.0,500,Sell,234305039
2024-08-23 13:08:27,39500.0,100,Buy,234305056
2024-08-23 13:08:35,39500.0,200,Buy,234305294
2024-08-23 13:08:35,39500.0,4700,Buy,234305295
2024-08-23 13:08:35,39500.0,1600,Buy,234305293
2024-08-23 13:08:40,39500.0,700,Sell,234305553
2024-08-23 13:08:40,39500.0,100,Sell,234305554
2024-08-23 13:08:40,39500.0,1000,Buy,234305576
2024-08-23 13:08:45,39500.0,6900,Buy,234305739
2024-08-23 13:08:46,39500.0,100,Buy,234305792
2024-08-23 13:08:56,39500.0,1000,Buy,234306318
2024-08-23 13:08:59,39500.0,20000,Buy,234306399
2024-08-23 13:08:59,39500.0,300,Buy,234306397
2024-08-23 13:08:59,39500.0,1300,Buy,234306398
2024-08-23 13:08:59,39500.0,5300,Buy,234306395
2024-08-23 13:08:59,39500.0,24900,Buy,234306394
2024-08-23 13:08:59,39500.0,2000,Buy,234306396
2024-08-23 13:09:11,39500.0,5000,Sell,234306845
2024-08-23 13:09:29,39500.0,1200,Sell,234307651
2024-08-23 13:09:29,39500.0,400,Sell,234307652
2024-08-23 13:09:29,39500.0,1000,Sell,234307653
2024-08-23 13:09:29,39500.0,18800,Sell,234307654
2024-08-23 13:09:31,39450.0,3200,Sell,234307771
2024-08-23 13:09:31,39450.0,500,Sell,234307770
2024-08-23 13:09:31,39450.0,400,Sell,234307769
2024-08-23 13:09:31,39450.0,6900,Sell,234307768
2024-08-23 13:09:31,39450.0,500,Sell,234307767
2024-08-23 13:09:31,39450.0,500,Sell,234307766
2024-08-23 13:09:31,39450.0,5100,Sell,234307764
2024-08-23 13:09:31,39500.0,8400,Sell,234307759
2024-08-23 13:09:31,39500.0,20000,Sell,234307760
2024-08-23 13:09:31,39450.0,100,Sell,234307765
2024-08-23 13:09:31,39500.0,1000,Sell,234307762
2024-08-23 13:09:31,39500.0,10000,Sell,234307761
2024-08-23 13:09:31,39500.0,500,Sell,234307763
2024-08-23 13:09:40,39500.0,600,Sell,234308091
2024-08-23 13:09:40,39500.0,700,Sell,234308092
2024-08-23 13:09:52,39500.0,300,Sell,234308467
2024-08-23 13:09:52,39500.0,1000,Sell,234308468
2024-08-23 13:09:52,39500.0,100,Sell,234308474
2024-08-23 13:09:54,39500.0,5000,Sell,234308542
2024-08-23 13:10:09,39500.0,2700,Sell,234309164
2024-08-23 13:10:09,39500.0,10200,Sell,234309165
2024-08-23 13:10:09,39500.0,500,Sell,234309166
2024-08-23 13:10:09,39500.0,6600,Sell,234309167
2024-08-23 13:10:13,39500.0,3000,Sell,234309578
2024-08-23 13:10:25,39500.0,1300,Sell,234310154
2024-08-23 13:10:40,39500.0,100,Sell,234310754
2024-08-23 13:10:43,39500.0,200,Sell,234310890
2024-08-23 13:10:51,39500.0,500,Sell,234311366
2024-08-23 13:10:57,39500.0,300,Sell,234311696
2024-08-23 13:11:08,39500.0,5200,Sell,234312138
2024-08-23 13:11:11,39500.0,1300,Sell,234312283
2024-08-23 13:11:21,39550.0,700,Buy,234312682
2024-08-23 13:11:29,39500.0,1300,Sell,234312982
2024-08-23 13:11:39,39500.0,600,Sell,234313290
2024-08-23 13:11:40,39500.0,1000,Sell,234313350
2024-08-23 13:11:44,39550.0,100,Buy,234313490
2024-08-23 13:11:56,39550.0,100,Buy,234313942
2024-08-23 13:11:58,39550.0,300,Buy,234314029
2024-08-23 13:12:21,39500.0,2000,Sell,234314799
2024-08-23 13:12:29,39550.0,300,Buy,234315086
2024-08-23 13:13:11,39500.0,1300,Sell,234316272
2024-08-23 13:13:26,39500.0,1300,Sell,234316780
2024-08-23 13:13:31,39500.0,100,Sell,234317005
2024-08-23 13:13:35,39500.0,1000,Sell,234317132
2024-08-23 13:14:10,39550.0,8800,Buy,234318287
2024-08-23 13:14:10,39550.0,1200,Buy,234318286
2024-08-23 13:14:10,39500.0,3000,Sell,234318300
2024-08-23 13:14:12,39500.0,1300,Sell,234318353
2024-08-23 13:14:18,39550.0,4000,Buy,234318644
2024-08-23 13:14:18,39550.0,1500,Buy,234318643
2024-08-23 13:14:18,39550.0,500,Buy,234318642
2024-08-23 13:14:18,39550.0,100,Buy,234318641
2024-08-23 13:14:18,39550.0,1500,Buy,234318640
2024-08-23 13:14:18,39550.0,1300,Buy,234318639
2024-08-23 13:14:18,39550.0,100,Buy,234318638
2024-08-23 13:14:18,39550.0,4500,Buy,234318637
2024-08-23 13:14:18,39550.0,1300,Buy,234318636
2024-08-23 13:14:18,39550.0,100,Buy,234318633
2024-08-23 13:14:18,39550.0,1000,Buy,234318635
2024-08-23 13:14:18,39550.0,1000,Buy,234318624
2024-08-23 13:14:18,39550.0,8500,Buy,234318622
2024-08-23 13:14:18,39550.0,1800,Buy,234318623
2024-08-23 13:14:18,39550.0,200,Buy,234318632
2024-08-23 13:14:18,39550.0,500,Buy,234318625
2024-08-23 13:14:18,39550.0,400,Buy,234318626
2024-08-23 13:14:18,39550.0,2000,Buy,234318634
2024-08-23 13:14:18,39550.0,7000,Buy,234318628
2024-08-23 13:14:18,39550.0,200,Buy,234318629
2024-08-23 13:14:18,39550.0,7000,Buy,234318630
2024-08-23 13:14:18,39550.0,200,Buy,234318631
2024-08-23 13:14:18,39550.0,100,Buy,234318627
2024-08-23 13:14:26,39600.0,3700,Buy,234319022
2024-08-23 13:14:26,39600.0,1000,Buy,234319021
2024-08-23 13:14:26,39600.0,100,Buy,234319020
2024-08-23 13:14:26,39600.0,17300,Buy,234319019
2024-08-23 13:14:26,39600.0,2700,Buy,234319018
2024-08-23 13:14:26,39600.0,1400,Buy,234319017
2024-08-23 13:14:26,39600.0,500,Buy,234319015
2024-08-23 13:14:26,39600.0,500,Buy,234319014
2024-08-23 13:14:26,39600.0,1300,Buy,234319013
2024-08-23 13:14:26,39600.0,100,Buy,234319012
2024-08-23 13:14:26,39600.0,100,Buy,234319016
2024-08-23 13:14:27,39600.0,300,Buy,234319048
2024-08-23 13:14:27,39600.0,600,Buy,234319049
2024-08-23 13:14:27,39600.0,500,Buy,234319050
2024-08-23 13:14:27,39600.0,2000,Buy,234319052
2024-08-23 13:14:27,39600.0,1600,Buy,234319053
2024-08-23 13:14:27,39600.0,100,Buy,234319054
2024-08-23 13:14:27,39600.0,200,Buy,234319055
2024-08-23 13:14:27,39600.0,100,Buy,234319056
2024-08-23 13:14:27,39600.0,1000,Buy,234319058
2024-08-23 13:14:27,39600.0,100,Buy,234319047
2024-08-23 13:14:27,39600.0,1000,Buy,234319059
2024-08-23 13:14:27,39600.0,200,Buy,234319060
2024-08-23 13:14:27,39600.0,1000,Buy,234319061
2024-08-23 13:14:27,39600.0,300,Buy,234319062
2024-08-23 13:14:27,39600.0,500,Buy,234319063
2024-08-23 13:14:27,39600.0,2000,Buy,234319064
2024-08-23 13:14:27,39600.0,1000,Buy,234319065
2024-08-23 13:14:27,39600.0,1000,Buy,234319066
2024-08-23 13:14:27,39600.0,100,Buy,234319057
2024-08-23 13:14:27,39600.0,600,Buy,234319046
2024-08-23 13:14:27,39600.0,300,Buy,234319051
2024-08-23 13:14:27,39600.0,200,Buy,234319044
2024-08-23 13:14:27,39600.0,500,Buy,234319023
2024-08-23 13:14:27,39600.0,1000,Buy,234319024
2024-08-23 13:14:27,39600.0,3000,Buy,234319045
2024-08-23 13:14:27,39600.0,100,Buy,234319026
2024-08-23 13:14:27,39600.0,1300,Buy,234319027
2024-08-23 13:14:27,39600.0,100,Buy,234319028
2024-08-23 13:14:27,39600.0,3200,Buy,234319029
2024-08-23 13:14:27,39600.0,2000,Buy,234319030
2024-08-23 13:14:27,39600.0,2000,Buy,234319031
2024-08-23 13:14:27,39600.0,2000,Buy,234319032
2024-08-23 13:14:27,39600.0,100,Buy,234319025
2024-08-23 13:14:27,39600.0,100,Buy,234319034
2024-08-23 13:14:27,39600.0,1000,Buy,234319033
2024-08-23 13:14:27,39600.0,200,Buy,234319041
2024-08-23 13:14:27,39600.0,600,Buy,234319040
2024-08-23 13:14:27,39600.0,10000,Buy,234319039
2024-08-23 13:14:27,39600.0,1500,Buy,234319043
2024-08-23 13:14:27,39600.0,1000,Buy,234319037
2024-08-23 13:14:27,39600.0,200,Buy,234319036
2024-08-23 13:14:27,39600.0,100,Buy,234319035
2024-08-23 13:14:27,39600.0,100,Buy,234319038
2024-08-23 13:14:46,39600.0,1000,Sell,234319732
2024-08-23 13:14:54,39600.0,100,Sell,234319974
2024-08-23 13:14:57,39600.0,1300,Sell,234320113
2024-08-23 13:15:03,39650.0,1500,Buy,234320297
2024-08-23 13:15:03,39650.0,100,Buy,234320294
2024-08-23 13:15:03,39650.0,200,Buy,234320295
2024-08-23 13:15:03,39650.0,200,Buy,234320296
2024-08-23 13:15:03,39650.0,300,Buy,234320298
2024-08-23 13:15:03,39650.0,500,Buy,234320305
2024-08-23 13:15:03,39650.0,100,Buy,234320300
2024-08-23 13:15:03,39650.0,300,Buy,234320301
2024-08-23 13:15:03,39650.0,1000,Buy,234320302
2024-08-23 13:15:03,39650.0,500,Buy,234320303
2024-08-23 13:15:03,39650.0,200,Buy,234320304
2024-08-23 13:15:03,39650.0,200,Buy,234320299
2024-08-23 13:15:03,39650.0,20000,Buy,234320293
2024-08-23 13:15:03,39650.0,200,Buy,234320292
2024-08-23 13:15:03,39650.0,1300,Buy,234320290
2024-08-23 13:15:03,39650.0,6500,Buy,234320273
2024-08-23 13:15:03,39650.0,500,Buy,234320274
2024-08-23 13:15:03,39650.0,200,Buy,234320275
2024-08-23 13:15:03,39650.0,400,Buy,234320276
2024-08-23 13:15:03,39650.0,100,Buy,234320277
2024-08-23 13:15:03,39650.0,3000,Buy,234320291
2024-08-23 13:15:03,39650.0,500,Buy,234320279
2024-08-23 13:15:03,39650.0,500,Buy,234320280
2024-08-23 13:15:03,39650.0,200,Buy,234320281
2024-08-23 13:15:03,39650.0,1000,Buy,234320282
2024-08-23 13:15:03,39650.0,8700,Buy,234320289
2024-08-23 13:15:03,39650.0,1800,Buy,234320278
2024-08-23 13:15:08,39650.0,2500,Buy,234320460
2024-08-23 13:15:08,39650.0,1000,Buy,234320461
2024-08-23 13:15:35,39650.0,600,Buy,234321270
2024-08-23 13:15:40,39650.0,1300,Sell,234321374
2024-08-23 13:15:50,39700.0,10000,Buy,234321645
2024-08-23 13:15:53,39650.0,100,Sell,234321784
2024-08-23 13:16:05,39650.0,200,Sell,234322113
2024-08-23 13:16:23,39650.0,1200,Sell,234322622
2024-08-23 13:16:25,39650.0,200,Sell,234322684
2024-08-23 13:16:28,39650.0,500,Sell,234322800
2024-08-23 13:16:30,39650.0,1500,Sell,234322824
2024-08-23 13:16:44,39650.0,100,Sell,234323212
2024-08-23 13:16:45,39650.0,1000,Sell,234323276
2024-08-23 13:16:50,39650.0,500,Sell,234323384
2024-08-23 13:16:58,39650.0,11000,Sell,234323656
2024-08-23 13:17:01,39700.0,500,Buy,234323740
2024-08-23 13:17:05,39700.0,1400,Buy,234323869
2024-08-23 13:17:05,39700.0,100,Buy,234323867
2024-08-23 13:17:05,39700.0,3600,Buy,234323866
2024-08-23 13:17:05,39700.0,100,Buy,234323868
2024-08-23 13:17:05,39700.0,2000,Buy,234323865
2024-08-23 13:17:05,39700.0,500,Buy,234323863
2024-08-23 13:17:05,39700.0,1000,Buy,234323862
2024-08-23 13:17:05,39700.0,200,Buy,234323861
2024-08-23 13:17:05,39700.0,600,Buy,234323860
2024-08-23 13:17:05,39700.0,500,Buy,234323864
2024-08-23 13:17:13,39700.0,1000,Buy,234324044
2024-08-23 13:17:15,39700.0,500,Buy,234324104
2024-08-23 13:17:27,39700.0,500,Buy,234324382
2024-08-23 13:17:27,39700.0,300,Buy,234324383
2024-08-23 13:17:27,39700.0,300,Buy,234324384
2024-08-23 13:17:27,39700.0,5000,Buy,234324385
2024-08-23 13:17:27,39700.0,5000,Buy,234324389
2024-08-23 13:17:27,39700.0,3000,Buy,234324387
2024-08-23 13:17:27,39700.0,1200,Buy,234324388
2024-08-23 13:17:27,39700.0,100,Buy,234324390
2024-08-23 13:17:27,39700.0,100,Buy,234324386
2024-08-23 13:17:27,39700.0,1000,Buy,234324381
2024-08-23 13:17:27,39700.0,300,Buy,234324378
2024-08-23 13:17:27,39700.0,300,Buy,234324379
2024-08-23 13:17:27,39700.0,900,Buy,234324377
2024-08-23 13:17:27,39700.0,500,Buy,234324376
2024-08-23 13:17:27,39700.0,1000,Buy,234324375
2024-08-23 13:17:27,39700.0,200,Buy,234324374
2024-08-23 13:17:27,39700.0,500,Buy,234324373
2024-08-23 13:17:27,39700.0,100,Buy,234324372
2024-08-23 13:17:27,39700.0,200,Buy,234324371
2024-08-23 13:17:27,39700.0,200,Buy,234324370
2024-08-23 13:17:27,39700.0,100,Buy,234324369
2024-08-23 13:17:27,39700.0,200,Buy,234324380
2024-08-23 13:17:40,39700.0,100,Buy,234324693
2024-08-23 13:17:40,39700.0,100,Buy,234324694
2024-08-23 13:17:42,39700.0,400,Sell,234324742
2024-08-23 13:17:51,39700.0,100,Sell,234324951
2024-08-23 13:17:53,39700.0,100,Sell,234324981
2024-08-23 13:17:53,39700.0,300,Sell,234324982
2024-08-23 13:17:58,39700.0,1200,Sell,234325116
2024-08-23 13:18:04,39700.0,5700,Sell,234325286
2024-08-23 13:18:13,39700.0,300,Sell,234325570
2024-08-23 13:18:17,39700.0,300,Sell,234325645
2024-08-23 13:18:43,39700.0,1200,Sell,234326351
2024-08-23 13:18:47,39700.0,200,Sell,234326476
2024-08-23 13:18:47,39700.0,600,Sell,234326477
2024-08-23 13:19:01,39700.0,200,Sell,234326907
2024-08-23 13:19:04,39700.0,100,Sell,234327015
2024-08-23 13:19:08,39700.0,13500,Sell,234327081
2024-08-23 13:19:08,39700.0,200,Sell,234327078
2024-08-23 13:19:08,39700.0,200,Sell,234327077
2024-08-23 13:19:08,39700.0,5000,Sell,234327080
2024-08-23 13:19:08,39700.0,2300,Sell,234327075
2024-08-23 13:19:08,39700.0,2300,Sell,234327076
2024-08-23 13:19:08,39700.0,1400,Sell,234327072
2024-08-23 13:19:08,39700.0,500,Sell,234327079
2024-08-23 13:19:08,39700.0,2300,Sell,234327074
2024-08-23 13:19:08,39700.0,2300,Sell,234327073
2024-08-23 13:19:11,39700.0,6500,Sell,234327212
2024-08-23 13:19:11,39700.0,1000,Sell,234327213
2024-08-23 13:19:11,39700.0,200,Sell,234327214
2024-08-23 13:20:07,39650.0,800,Sell,234328783
2024-08-23 13:20:11,39650.0,100,Sell,234328879
2024-08-23 13:20:13,39650.0,1200,Sell,234328931
2024-08-23 13:20:16,39650.0,100,Sell,234329038
2024-08-23 13:20:34,39700.0,500,Buy,234329580
2024-08-23 13:20:39,39650.0,200,Sell,234329692
2024-08-23 13:20:57,39650.0,1200,Sell,234330257
2024-08-23 13:21:36,39650.0,400,Sell,234331396
2024-08-23 13:21:38,39650.0,500,Sell,234331466
2024-08-23 13:21:39,39650.0,2000,Sell,234331495
2024-08-23 13:21:42,39650.0,5000,Sell,234331602
