time,price,volume,match_type,id
2024-08-21 09:14:38,39250.0,42900,ATO/ATC,233327251
2024-08-21 09:14:39,39300.0,7500,Buy,233327405
2024-08-21 09:14:39,39300.0,200,Buy,233327406
2024-08-21 09:14:40,39300.0,600,Buy,233327432
2024-08-21 09:15:11,39250.0,100,Sell,233328377
2024-08-21 09:15:11,39250.0,600,Sell,233328376
2024-08-21 09:15:12,39250.0,100,Sell,233328415
2024-08-21 09:15:12,39250.0,100,Sell,233328414
2024-08-21 09:15:12,39250.0,400,Sell,233328416
2024-08-21 09:15:21,39200.0,300,Sell,233328688
2024-08-21 09:15:35,39200.0,500,Sell,233329148
2024-08-21 09:15:35,39200.0,100,Sell,233329149
2024-08-21 09:15:35,39200.0,100,Sell,233329150
2024-08-21 09:15:35,39200.0,100,Sell,233329151
2024-08-21 09:15:35,39200.0,3600,Sell,233329152
2024-08-21 09:15:35,39200.0,100,Sell,233329147
2024-08-21 09:15:36,39200.0,3000,Sell,233329185
2024-08-21 09:15:39,39200.0,1000,Sell,233329299
2024-08-21 09:15:40,39200.0,3500,Sell,233329336
2024-08-21 09:15:45,39200.0,700,Sell,233329574
2024-08-21 09:15:46,39200.0,25000,Sell,233329612
2024-08-21 09:15:46,39250.0,200,Buy,233329611
2024-08-21 09:15:46,39250.0,400,Buy,233329610
2024-08-21 09:15:49,39200.0,8700,Sell,233329728
2024-08-21 09:15:49,39200.0,1300,Sell,233329803
2024-08-21 09:15:50,39200.0,300,Sell,233329833
2024-08-21 09:15:51,39200.0,200,Sell,233329857
2024-08-21 09:15:52,39200.0,2300,Sell,233329876
2024-08-21 09:15:56,39200.0,400,Sell,233329980
2024-08-21 09:15:56,39200.0,300,Sell,233329981
2024-08-21 09:15:56,39200.0,200,Sell,233329982
2024-08-21 09:15:57,39150.0,1900,Sell,233330057
2024-08-21 09:15:57,39150.0,5000,Sell,233330058
2024-08-21 09:15:57,39150.0,1000,Sell,233330055
2024-08-21 09:15:57,39150.0,10000,Sell,233330056
2024-08-21 09:16:04,39100.0,1000,Sell,233330345
2024-08-21 09:16:04,39100.0,300,Sell,233330346
2024-08-21 09:16:04,39100.0,100,Sell,233330347
2024-08-21 09:16:04,39100.0,500,Sell,233330348
2024-08-21 09:16:04,39100.0,1000,Sell,233330349
2024-08-21 09:16:04,39100.0,200,Sell,233330350
2024-08-21 09:16:04,39100.0,1000,Sell,233330351
2024-08-21 09:16:04,39100.0,2000,Sell,233330352
2024-08-21 09:16:04,39100.0,400,Sell,233330353
2024-08-21 09:16:05,39100.0,100,Sell,233330389
2024-08-21 09:16:05,39100.0,100,Sell,233330390
2024-08-21 09:16:06,39200.0,100,Buy,233330437
2024-08-21 09:16:09,39200.0,1000,Buy,233330516
2024-08-21 09:16:10,39100.0,300,Sell,233330563
2024-08-21 09:16:12,39050.0,26400,Sell,233330631
2024-08-21 09:16:15,39100.0,400,Buy,233330760
2024-08-21 09:16:20,39100.0,400,Sell,233330949
2024-08-21 09:16:20,39100.0,8700,Sell,233330947
2024-08-21 09:16:20,39100.0,900,Sell,233330948
2024-08-21 09:16:32,39100.0,1000,Sell,233331439
2024-08-21 09:16:32,39100.0,100,Sell,233331441
2024-08-21 09:16:32,39100.0,100,Sell,233331440
2024-08-21 09:16:32,39100.0,3000,Sell,233331438
2024-08-21 09:16:32,39100.0,100,Sell,233331435
2024-08-21 09:16:32,39100.0,1000,Sell,233331436
2024-08-21 09:16:32,39100.0,10000,Sell,233331437
2024-08-21 09:16:32,39100.0,200,Sell,233331434
2024-08-21 09:16:32,39100.0,1100,Sell,233331433
2024-08-21 09:16:41,39100.0,500,Sell,233331749
2024-08-21 09:16:41,39100.0,500,Sell,233331747
2024-08-21 09:16:41,39100.0,1000,Sell,233331748
2024-08-21 09:16:49,39100.0,5000,Sell,233331973
2024-08-21 09:16:51,39100.0,3000,Sell,233332070
2024-08-21 09:16:55,39100.0,200,Sell,233332311
2024-08-21 09:16:58,39100.0,1300,Sell,233332478
2024-08-21 09:16:58,39100.0,300,Sell,233332479
2024-08-21 09:16:58,39100.0,200,Sell,233332480
2024-08-21 09:16:58,39100.0,4900,Sell,233332482
2024-08-21 09:16:58,39100.0,100,Sell,233332483
2024-08-21 09:16:58,39100.0,1000,Sell,233332484
2024-08-21 09:16:58,39100.0,200,Sell,233332485
2024-08-21 09:16:58,39100.0,2000,Sell,233332481
2024-08-21 09:17:09,39100.0,100,Sell,233333022
2024-08-21 09:17:11,39150.0,2800,Buy,233333094
2024-08-21 09:17:15,39150.0,200,Sell,233333288
2024-08-21 09:17:21,39150.0,500,Sell,233333527
2024-08-21 09:17:26,39150.0,1000,Sell,233333717
2024-08-21 09:17:27,39150.0,1300,Sell,233333764
2024-08-21 09:17:29,39150.0,1400,Sell,233333825
2024-08-21 09:17:35,39150.0,400,Sell,233334090
2024-08-21 09:17:35,39150.0,100,Sell,233334091
2024-08-21 09:17:35,39150.0,700,Sell,233334092
2024-08-21 09:17:35,39150.0,300,Sell,233334093
2024-08-21 09:17:35,39150.0,100,Sell,233334094
2024-08-21 09:17:35,39150.0,2800,Sell,233334089
2024-08-21 09:17:41,39150.0,600,Buy,233334408
2024-08-21 09:17:43,39150.0,400,Sell,233334502
2024-08-21 09:17:48,39150.0,200,Sell,233334713
2024-08-21 09:17:48,39150.0,200,Buy,233334711
2024-08-21 09:17:48,39150.0,1000,Buy,233334712
2024-08-21 09:17:48,39150.0,1600,Buy,233334710
2024-08-21 09:17:53,39150.0,200,Buy,233334878
2024-08-21 09:17:55,39150.0,1000,Buy,233334956
2024-08-21 09:18:01,39150.0,100,Buy,233335157
2024-08-21 09:18:01,39150.0,100,Buy,233335191
2024-08-21 09:18:09,39150.0,100,Buy,233335475
2024-08-21 09:18:21,39150.0,5000,Buy,233335944
2024-08-21 09:18:23,39150.0,100,Buy,233336015
2024-08-21 09:18:26,39100.0,300,Sell,233336107
2024-08-21 09:18:29,39150.0,200,Buy,233336212
2024-08-21 09:18:41,39150.0,2300,Buy,233336696
2024-08-21 09:18:41,39150.0,200,Buy,233336697
2024-08-21 09:18:41,39150.0,1000,Buy,233336698
2024-08-21 09:18:41,39150.0,1100,Buy,233336699
2024-08-21 09:18:41,39150.0,3200,Buy,233336695
2024-08-21 09:18:46,39150.0,2500,Sell,233336950
2024-08-21 09:18:47,39150.0,2000,Sell,233337034
2024-08-21 09:18:51,39150.0,400,Sell,233337178
2024-08-21 09:18:56,39150.0,200,Sell,233337344
2024-08-21 09:19:11,39150.0,100,Sell,233338101
2024-08-21 09:19:12,39150.0,200,Sell,233338150
2024-08-21 09:19:14,39150.0,5600,Sell,233338197
2024-08-21 09:19:15,39150.0,200,Sell,233338227
2024-08-21 09:19:24,39150.0,500,Sell,233338572
2024-08-21 09:19:26,39150.0,200,Sell,233338608
2024-08-21 09:19:28,39150.0,500,Sell,233338731
2024-08-21 09:19:35,39200.0,100,Buy,233339036
2024-08-21 09:19:35,39200.0,200,Buy,233339035
2024-08-21 09:19:35,39200.0,1500,Buy,233339037
2024-08-21 09:19:35,39200.0,1300,Buy,233339033
2024-08-21 09:19:35,39200.0,200,Buy,233339034
2024-08-21 09:19:35,39200.0,6700,Buy,233339032
2024-08-21 09:19:37,39200.0,1000,Buy,233339083
2024-08-21 09:19:44,39200.0,100,Sell,233339324
2024-08-21 09:19:45,39200.0,200,Sell,233339375
2024-08-21 09:19:51,39200.0,100,Sell,233339616
2024-08-21 09:19:51,39200.0,100,Sell,233339654
2024-08-21 09:20:00,39250.0,700,Buy,233339953
2024-08-21 09:20:00,39250.0,1300,Buy,233339954
2024-08-21 09:20:29,39250.0,2300,Buy,233341054
2024-08-21 09:20:29,39250.0,5000,Buy,233341055
2024-08-21 09:20:29,39250.0,500,Buy,233341051
2024-08-21 09:20:29,39250.0,3000,Buy,233341050
2024-08-21 09:20:29,39250.0,2000,Buy,233341052
2024-08-21 09:20:29,39250.0,15900,Buy,233341053
2024-08-21 09:20:31,39250.0,1000,Sell,233341111
2024-08-21 09:20:35,39300.0,100,Buy,233341325
2024-08-21 09:20:39,39250.0,300,Sell,233341495
2024-08-21 09:20:41,39250.0,3000,Sell,233341574
2024-08-21 09:20:42,39300.0,300,Buy,233341684
2024-08-21 09:20:42,39300.0,1000,Buy,233341685
2024-08-21 09:20:42,39300.0,200,Buy,233341686
2024-08-21 09:20:42,39300.0,8500,Buy,233341687
2024-08-21 09:20:45,39300.0,500,Buy,233341843
2024-08-21 09:20:45,39300.0,300,Buy,233341842
2024-08-21 09:20:45,39300.0,1500,Buy,233341841
2024-08-21 09:20:47,39300.0,2700,Sell,233341909
2024-08-21 09:20:47,39250.0,2300,Sell,233341910
2024-08-21 09:20:48,39300.0,100,Buy,233341938
2024-08-21 09:20:53,39300.0,100,Buy,233342150
2024-08-21 09:21:07,39350.0,300,Buy,233342756
2024-08-21 09:21:07,39350.0,1600,Buy,233342757
2024-08-21 09:21:07,39300.0,1000,Sell,233342797
2024-08-21 09:21:07,39300.0,900,Sell,233342798
2024-08-21 09:21:07,39300.0,2500,Sell,233342799
2024-08-21 09:21:07,39300.0,100,Sell,233342800
2024-08-21 09:21:07,39300.0,800,Sell,233342801
2024-08-21 09:21:20,39300.0,4500,Buy,233343513
2024-08-21 09:21:20,39300.0,500,Buy,233343512
2024-08-21 09:21:24,39300.0,100,Buy,233343666
2024-08-21 09:21:24,39300.0,1000,Buy,233343667
2024-08-21 09:21:28,39300.0,100,Sell,233343855
2024-08-21 09:21:32,39300.0,2000,Sell,233343975
2024-08-21 09:21:52,39300.0,500,Sell,233344800
2024-08-21 09:21:55,39300.0,300,Sell,233344892
2024-08-21 09:21:55,39300.0,700,Sell,233344893
2024-08-21 09:21:55,39300.0,1400,Sell,233344894
2024-08-21 09:21:55,39300.0,600,Sell,233344895
2024-08-21 09:21:56,39300.0,300,Sell,233344941
2024-08-21 09:21:57,39300.0,900,Sell,233345000
2024-08-21 09:21:57,39300.0,100,Sell,233344999
2024-08-21 09:22:01,39300.0,9100,Sell,233345307
2024-08-21 09:22:01,39300.0,1000,Sell,233345313
2024-08-21 09:22:01,39300.0,200,Sell,233345314
2024-08-21 09:22:01,39300.0,300,Sell,233345315
2024-08-21 09:22:01,39300.0,300,Sell,233345316
2024-08-21 09:22:11,39300.0,4400,Buy,233345777
2024-08-21 09:22:11,39300.0,600,Buy,233345778
2024-08-21 09:22:36,39300.0,1200,Buy,233346701
2024-08-21 09:22:53,39250.0,3000,Sell,233347308
2024-08-21 09:23:09,39250.0,300,Sell,233348151
2024-08-21 09:23:17,39300.0,100,Buy,233348373
2024-08-21 09:23:17,39300.0,500,Buy,233348372
2024-08-21 09:23:49,39300.0,100,Buy,233349557
2024-08-21 09:23:50,39300.0,2100,Buy,233349591
2024-08-21 09:23:50,39300.0,8700,Buy,233349593
2024-08-21 09:23:50,39300.0,1200,Buy,233349594
2024-08-21 09:24:00,39300.0,1600,Buy,233350139
2024-08-21 09:24:00,39300.0,100,Buy,233350138
2024-08-21 09:24:00,39300.0,200,Buy,233350137
2024-08-21 09:24:00,39300.0,500,Buy,233350133
2024-08-21 09:24:00,39300.0,2300,Buy,233350135
2024-08-21 09:24:00,39300.0,200,Buy,233350136
2024-08-21 09:24:00,39300.0,100,Buy,233350132
2024-08-21 09:24:00,39300.0,5000,Buy,233350134
2024-08-21 09:24:03,39250.0,5000,Sell,233350248
2024-08-21 09:24:03,39250.0,29400,Sell,233350219
2024-08-21 09:24:03,39250.0,500,Sell,233350246
2024-08-21 09:24:03,39250.0,3000,Sell,233350247
2024-08-21 09:24:08,39300.0,300,Buy,233350482
2024-08-21 09:24:19,39300.0,100,Buy,233350851
2024-08-21 09:24:19,39300.0,900,Buy,233350852
2024-08-21 09:24:21,39300.0,100,Buy,233350949
2024-08-21 09:24:33,39250.0,900,Sell,233351535
2024-08-21 09:24:33,39250.0,200,Sell,233351536
2024-08-21 09:24:33,39250.0,900,Sell,233351537
2024-08-21 09:24:51,39300.0,500,Buy,233352431
2024-08-21 09:24:55,39300.0,1800,Buy,233352598
2024-08-21 09:24:55,39300.0,200,Buy,233352597
2024-08-21 09:24:55,39300.0,400,Buy,233352596
2024-08-21 09:24:55,39300.0,1500,Buy,233352591
2024-08-21 09:24:55,39300.0,100,Buy,233352594
2024-08-21 09:24:55,39300.0,2300,Buy,233352593
2024-08-21 09:24:55,39300.0,1000,Buy,233352592
2024-08-21 09:24:55,39300.0,300,Buy,233352595
2024-08-21 09:25:12,39300.0,300,Sell,233353392
2024-08-21 09:25:33,39300.0,100,Sell,233354324
2024-08-21 09:25:33,39300.0,400,Sell,233354325
2024-08-21 09:25:33,39300.0,2000,Sell,233354322
2024-08-21 09:25:33,39300.0,500,Sell,233354323
2024-08-21 09:25:33,39300.0,5200,Sell,233354321
2024-08-21 09:25:36,39300.0,100,Buy,233354469
2024-08-21 09:25:47,39300.0,100,Buy,233354910
2024-08-21 09:25:52,39250.0,7000,Sell,233355083
2024-08-21 09:25:56,39300.0,100,Buy,233355327
2024-08-21 09:26:16,39250.0,6000,Sell,233356147
2024-08-21 09:26:17,39300.0,100,Buy,233356191
2024-08-21 09:26:22,39250.0,1000,Sell,233356364
2024-08-21 09:26:25,39300.0,100,Buy,233356489
2024-08-21 09:26:27,39300.0,500,Buy,233356587
2024-08-21 09:26:27,39300.0,100,Buy,233356586
2024-08-21 09:26:27,39300.0,3000,Buy,233356585
2024-08-21 09:26:27,39300.0,200,Buy,233356584
2024-08-21 09:26:27,39300.0,300,Buy,233356583
2024-08-21 09:26:27,39300.0,2300,Buy,233356578
2024-08-21 09:26:27,39300.0,1000,Buy,233356581
2024-08-21 09:26:27,39300.0,1000,Buy,233356580
2024-08-21 09:26:27,39300.0,100,Buy,233356579
2024-08-21 09:26:27,39300.0,1300,Buy,233356576
2024-08-21 09:26:27,39300.0,300,Buy,233356582
2024-08-21 09:26:27,39300.0,200,Buy,233356577
2024-08-21 09:26:30,39300.0,300,Sell,233356702
2024-08-21 09:26:36,39300.0,500,Sell,233356924
2024-08-21 09:26:49,39350.0,6000,Buy,233357530
2024-08-21 09:27:04,39300.0,2500,Sell,233358100
2024-08-21 09:27:10,39300.0,2200,Sell,233358322
2024-08-21 09:27:14,39300.0,5000,Sell,233358486
2024-08-21 09:27:19,39300.0,100,Sell,233358689
2024-08-21 09:27:20,39350.0,200,Buy,233358743
2024-08-21 09:27:30,39300.0,200,Sell,233359088
2024-08-21 09:27:33,39300.0,600,Sell,233359226
2024-08-21 09:27:44,39350.0,100,Buy,233359732
2024-08-21 09:27:56,39300.0,10000,Sell,233360419
2024-08-21 09:28:23,39300.0,500,Sell,233361642
2024-08-21 09:28:29,39300.0,3000,Sell,233361887
2024-08-21 09:28:35,39300.0,1000,Sell,233362230
2024-08-21 09:28:37,39300.0,500,Sell,233362298
2024-08-21 09:28:45,39300.0,100,Sell,233362665
2024-08-21 09:28:51,39350.0,2300,Buy,233362937
2024-08-21 09:28:51,39350.0,2300,Buy,233362938
2024-08-21 09:28:51,39350.0,10000,Buy,233362936
2024-08-21 09:28:51,39350.0,800,Buy,233362931
2024-08-21 09:28:51,39350.0,1300,Buy,233362934
2024-08-21 09:28:51,39350.0,8700,Buy,233362933
2024-08-21 09:28:51,39350.0,1300,Buy,233362932
2024-08-21 09:28:51,39350.0,500,Buy,233362935
2024-08-21 09:28:53,39400.0,600,Buy,233363018
2024-08-21 09:28:53,39400.0,6500,Buy,233363022
2024-08-21 09:28:53,39400.0,100,Buy,233363021
2024-08-21 09:28:53,39400.0,4300,Buy,233363020
2024-08-21 09:28:53,39400.0,700,Buy,233363019
2024-08-21 09:28:53,39400.0,5000,Buy,233363017
2024-08-21 09:28:53,39400.0,100,Buy,233363010
2024-08-21 09:28:53,39400.0,100,Buy,233363015
2024-08-21 09:28:53,39400.0,900,Buy,233363014
2024-08-21 09:28:53,39400.0,1000,Buy,233363013
2024-08-21 09:28:53,39400.0,2300,Buy,233363012
2024-08-21 09:28:53,39400.0,100,Buy,233363011
2024-08-21 09:28:53,39400.0,1000,Buy,233363016
2024-08-21 09:29:04,39350.0,200,Sell,233363640
2024-08-21 09:29:09,39400.0,1000,Buy,233363915
2024-08-21 09:29:09,39400.0,39000,Buy,233363892
2024-08-21 09:29:09,39400.0,100,Buy,233363886
2024-08-21 09:29:09,39400.0,100,Buy,233363891
2024-08-21 09:29:09,39400.0,100,Buy,233363890
2024-08-21 09:29:09,39400.0,100,Buy,233363889
2024-08-21 09:29:09,39400.0,100,Buy,233363888
2024-08-21 09:29:09,39400.0,800,Buy,233363887
2024-08-21 09:29:09,39400.0,100,Buy,233363885
2024-08-21 09:29:09,39400.0,100,Buy,233363878
2024-08-21 09:29:09,39400.0,500,Buy,233363883
2024-08-21 09:29:09,39400.0,100,Buy,233363884
2024-08-21 09:29:09,39400.0,2200,Buy,233363874
2024-08-21 09:29:09,39400.0,1300,Buy,233363875
2024-08-21 09:29:09,39400.0,1000,Buy,233363877
2024-08-21 09:29:09,39400.0,300,Buy,233363876
2024-08-21 09:29:09,39400.0,500,Buy,233363879
2024-08-21 09:29:09,39400.0,400,Buy,233363881
2024-08-21 09:29:09,39400.0,3000,Buy,233363882
2024-08-21 09:29:09,39400.0,200,Buy,233363880
2024-08-21 09:29:10,39400.0,10000,Buy,233363956
2024-08-21 09:29:19,39400.0,10000,Buy,233364461
2024-08-21 09:29:27,39400.0,10000,Buy,233364929
2024-08-21 09:29:39,39400.0,100,Buy,233365516
2024-08-21 09:29:39,39400.0,3000,Buy,233365527
2024-08-21 09:29:44,39400.0,500,Buy,233365704
2024-08-21 09:29:46,39400.0,1000,Buy,233365770
2024-08-21 09:29:55,39400.0,600,Buy,233366311
2024-08-21 09:29:56,39400.0,300,Buy,233366399
2024-08-21 09:30:00,39400.0,1000,Buy,233366607
2024-08-21 09:30:06,39400.0,2000,Buy,233366922
2024-08-21 09:30:06,39400.0,400,Buy,233366967
2024-08-21 09:30:09,39400.0,400,Buy,233367098
2024-08-21 09:30:09,39400.0,1000,Buy,233367105
2024-08-21 09:30:09,39400.0,1100,Buy,233367096
2024-08-21 09:30:09,39400.0,500,Buy,233367097
2024-08-21 09:30:11,39400.0,100,Buy,233367170
2024-08-21 09:30:15,39350.0,100,Sell,233367428
2024-08-21 09:30:18,39400.0,800,Buy,233367524
2024-08-21 09:30:18,39400.0,2200,Buy,233367525
2024-08-21 09:30:18,39400.0,300,Buy,233367534
2024-08-21 09:30:24,39400.0,200,Buy,233367834
2024-08-21 09:30:36,39450.0,200,Buy,233368478
2024-08-21 09:30:36,39450.0,100,Buy,233368479
2024-08-21 09:30:36,39450.0,900,Buy,233368480
2024-08-21 09:30:36,39400.0,500,Sell,233368513
2024-08-21 09:30:52,39450.0,1000,Buy,233369189
2024-08-21 09:30:53,39450.0,5000,Buy,233369224
2024-08-21 09:30:57,39450.0,1000,Buy,233369365
2024-08-21 09:30:57,39450.0,100,Buy,233369364
2024-08-21 09:30:57,39450.0,200,Buy,233369366
2024-08-21 09:30:57,39450.0,500,Buy,233369361
2024-08-21 09:30:57,39450.0,200,Buy,233369362
2024-08-21 09:30:57,39450.0,200,Buy,233369363
2024-08-21 09:30:57,39450.0,1300,Buy,233369360
2024-08-21 09:30:57,39450.0,1800,Buy,233369359
2024-08-21 09:30:58,39450.0,3900,Sell,233369382
2024-08-21 09:31:08,39450.0,100,Sell,233369900
2024-08-21 09:31:09,39450.0,700,Sell,233369924
2024-08-21 09:31:09,39450.0,300,Sell,233369925
2024-08-21 09:31:10,39450.0,100,Sell,233370000
2024-08-21 09:31:21,39450.0,1000,Sell,233370636
2024-08-21 09:31:21,39450.0,600,Sell,233370634
2024-08-21 09:31:21,39450.0,1000,Sell,233370635
2024-08-21 09:31:24,39400.0,6900,Sell,233370775
2024-08-21 09:31:33,39400.0,100,Sell,233371201
2024-08-21 09:31:39,39400.0,1100,Sell,233371404
2024-08-21 09:31:39,39400.0,200,Buy,233371452
2024-08-21 09:31:39,39400.0,2000,Sell,233371451
2024-08-21 09:31:39,39400.0,500,Sell,233371450
2024-08-21 09:31:39,39400.0,100,Sell,233371449
2024-08-21 09:31:39,39400.0,1900,Sell,233371448
2024-08-21 09:31:39,39400.0,4000,Sell,233371401
2024-08-21 09:31:39,39400.0,5000,Sell,233371399
2024-08-21 09:31:39,39400.0,2000,Sell,233371398
2024-08-21 09:31:39,39400.0,10000,Sell,233371397
2024-08-21 09:31:39,39400.0,300,Sell,233371396
2024-08-21 09:31:39,39400.0,12500,Sell,233371395
2024-08-21 09:31:39,39400.0,100,Sell,233371400
2024-08-21 09:31:47,39400.0,2200,Buy,233371842
2024-08-21 09:31:47,39400.0,800,Buy,233371843
2024-08-21 09:31:47,39400.0,100,Buy,233371844
2024-08-21 09:32:08,39350.0,2300,Sell,233372848
2024-08-21 09:32:08,39400.0,200,Buy,233372847
2024-08-21 09:32:10,39350.0,300,Sell,233372956
2024-08-21 09:32:11,39400.0,5000,Buy,233373003
2024-08-21 09:32:12,39350.0,6900,Sell,233373025
2024-08-21 09:32:16,39350.0,4000,Sell,233373324
2024-08-21 09:32:23,39350.0,7000,Sell,233373644
2024-08-21 09:32:23,39400.0,1100,Buy,233373646
2024-08-21 09:32:25,39350.0,1500,Sell,233373780
2024-08-21 09:32:25,39350.0,2600,Sell,233373779
2024-08-21 09:32:25,39350.0,5000,Sell,233373778
2024-08-21 09:32:25,39350.0,100,Sell,233373777
2024-08-21 09:32:25,39350.0,3600,Sell,233373776
2024-08-21 09:32:25,39350.0,22000,Sell,233373771
2024-08-21 09:32:25,39350.0,100,Sell,233373772
2024-08-21 09:32:25,39350.0,100,Sell,233373775
2024-08-21 09:32:25,39350.0,5000,Sell,233373774
2024-08-21 09:32:25,39350.0,5000,Sell,233373773
2024-08-21 09:32:29,39350.0,100,Sell,233374004
2024-08-21 09:32:29,39350.0,1100,Sell,233374003
2024-08-21 09:32:31,39350.0,5700,Buy,233374148
2024-08-21 09:32:31,39350.0,8100,Buy,233374149
2024-08-21 09:32:50,39350.0,100,Sell,233375214
2024-08-21 09:32:50,39350.0,7300,Sell,233375215
2024-08-21 09:32:50,39350.0,500,Buy,233375248
2024-08-21 09:32:53,39300.0,100,Sell,233375380
2024-08-21 09:32:53,39300.0,1300,Sell,233375379
2024-08-21 09:32:53,39300.0,100,Sell,233375378
2024-08-21 09:32:53,39300.0,1000,Sell,233375377
2024-08-21 09:32:53,39300.0,600,Sell,233375369
2024-08-21 09:32:53,39300.0,2000,Sell,233375368
2024-08-21 09:32:53,39300.0,3400,Sell,233375382
2024-08-21 09:32:53,39300.0,500,Sell,233375366
2024-08-21 09:32:53,39300.0,5000,Sell,233375367
2024-08-21 09:32:53,39300.0,13200,Sell,233375361
2024-08-21 09:32:53,39300.0,100,Sell,233375362
2024-08-21 09:32:53,39300.0,5000,Sell,233375381
2024-08-21 09:32:53,39300.0,400,Sell,233375364
2024-08-21 09:32:53,39300.0,500,Sell,233375365
2024-08-21 09:32:53,39300.0,900,Sell,233375363
2024-08-21 09:33:01,39300.0,2700,Sell,233375710
2024-08-21 09:33:01,39300.0,17300,Sell,233375720
2024-08-21 09:33:01,39350.0,100,Buy,233375729
2024-08-21 09:33:09,39300.0,6900,Sell,233376063
2024-08-21 09:33:12,39300.0,300,Sell,233376312
2024-08-21 09:33:12,39300.0,2700,Sell,233376310
2024-08-21 09:33:12,39300.0,17000,Sell,233376311
2024-08-21 09:33:14,39300.0,100,Sell,233376395
2024-08-21 09:33:14,39300.0,5100,Sell,233376394
2024-08-21 09:33:14,39300.0,100,Sell,233376393
2024-08-21 09:33:14,39300.0,100,Sell,233376390
2024-08-21 09:33:14,39300.0,1000,Sell,233376391
2024-08-21 09:33:14,39300.0,100,Sell,233376389
2024-08-21 09:33:14,39300.0,600,Sell,233376388
2024-08-21 09:33:14,39300.0,400,Sell,233376392
2024-08-21 09:33:22,39250.0,200,Sell,233376723
2024-08-21 09:33:28,39300.0,100,Buy,233377041
2024-08-21 09:33:29,39300.0,1800,Buy,233377081
2024-08-21 09:33:36,39250.0,1000,Sell,233377504
2024-08-21 09:33:39,39250.0,1000,Sell,233377665
2024-08-21 09:33:59,39250.0,200,Sell,233378264
2024-08-21 09:33:59,39250.0,900,Sell,233378275
2024-08-21 09:34:09,39250.0,4000,Sell,233378626
2024-08-21 09:34:11,39250.0,200,Sell,233378708
2024-08-21 09:34:11,39250.0,3000,Sell,233378707
2024-08-21 09:34:11,39250.0,1200,Sell,233378706
2024-08-21 09:34:11,39250.0,400,Sell,233378705
2024-08-21 09:34:11,39250.0,300,Sell,233378703
2024-08-21 09:34:11,39250.0,500,Sell,233378702
2024-08-21 09:34:11,39250.0,500,Sell,233378704
2024-08-21 09:34:11,39250.0,800,Sell,233378700
2024-08-21 09:34:11,39250.0,100,Sell,233378699
2024-08-21 09:34:11,39250.0,2500,Sell,233378698
2024-08-21 09:34:11,39250.0,1000,Sell,233378697
2024-08-21 09:34:11,39250.0,600,Sell,233378696
2024-08-21 09:34:11,39250.0,1000,Sell,233378695
2024-08-21 09:34:11,39250.0,7800,Sell,233378694
2024-08-21 09:34:11,39250.0,100,Sell,233378701
2024-08-21 09:34:17,39250.0,1000,Sell,233378889
2024-08-21 09:34:31,39250.0,100,Sell,233379326
2024-08-21 09:34:49,39250.0,500,Sell,233379916
2024-08-21 09:34:50,39250.0,2000,Sell,233379949
2024-08-21 09:34:57,39250.0,1100,Sell,233380233
2024-08-21 09:34:57,39250.0,900,Sell,233380232
2024-08-21 09:34:57,39250.0,2700,Sell,233380230
2024-08-21 09:34:57,39250.0,200,Sell,233380229
2024-08-21 09:34:57,39250.0,100,Sell,233380231
2024-08-21 09:35:02,39300.0,500,Buy,233380412
2024-08-21 09:35:05,39300.0,100,Buy,233380510
2024-08-21 09:35:10,39300.0,200,Buy,233380816
2024-08-21 09:35:10,39300.0,500,Buy,233380817
2024-08-21 09:35:10,39300.0,6800,Buy,233380818
2024-08-21 09:35:26,39300.0,1800,Buy,233381485
2024-08-21 09:35:39,39250.0,900,Sell,233381922
2024-08-21 09:35:39,39250.0,2000,Sell,233381921
2024-08-21 09:35:39,39250.0,2600,Sell,233381920
2024-08-21 09:35:39,39250.0,900,Sell,233381918
2024-08-21 09:35:39,39250.0,200,Sell,233381919
2024-08-21 09:35:59,39300.0,100,Buy,233382620
2024-08-21 09:36:04,39250.0,500,Sell,233382765
2024-08-21 09:36:05,39250.0,400,Sell,233382801
2024-08-21 09:36:05,39250.0,500,Sell,233382800
2024-08-21 09:36:05,39250.0,1600,Sell,233382798
2024-08-21 09:36:05,39250.0,200,Sell,233382796
2024-08-21 09:36:05,39250.0,600,Sell,233382799
2024-08-21 09:36:05,39250.0,500,Sell,233382797
2024-08-21 09:36:05,39250.0,100,Sell,233382794
2024-08-21 09:36:05,39250.0,1300,Sell,233382793
2024-08-21 09:36:05,39250.0,30000,Sell,233382792
2024-08-21 09:36:05,39250.0,600,Sell,233382791
2024-08-21 09:36:05,39250.0,200,Sell,233382795
2024-08-21 09:36:13,39300.0,3000,Buy,233383063
2024-08-21 09:36:19,39250.0,1000,Sell,233383343
2024-08-21 09:36:19,39250.0,900,Sell,233383355
2024-08-21 09:36:20,39250.0,100,Buy,233383379
2024-08-21 09:36:33,39250.0,2000,Buy,233383793
2024-08-21 09:36:35,39250.0,100,Buy,233383861
2024-08-21 09:36:36,39250.0,500,Buy,233383893
2024-08-21 09:36:42,39200.0,500,Sell,233384055
2024-08-21 09:36:42,39200.0,100,Sell,233384056
2024-08-21 09:36:46,39200.0,300,Sell,233384135
2024-08-21 09:36:51,39250.0,200,Buy,233384275
2024-08-21 09:36:51,39250.0,1300,Buy,233384276
2024-08-21 09:36:57,39200.0,900,Sell,233384421
2024-08-21 09:36:57,39200.0,800,Sell,233384420
2024-08-21 09:36:57,39200.0,600,Sell,233384418
2024-08-21 09:36:57,39200.0,9600,Sell,233384417
2024-08-21 09:36:57,39200.0,100,Sell,233384419
2024-08-21 09:37:38,39200.0,100,Sell,233385656
2024-08-21 09:37:45,39200.0,100,Sell,233386039
2024-08-21 09:37:52,39200.0,2100,Sell,233386236
2024-08-21 09:37:52,39200.0,2200,Sell,233386237
2024-08-21 09:37:52,39200.0,1300,Sell,233386238
2024-08-21 09:37:52,39200.0,1000,Sell,233386239
2024-08-21 09:37:52,39200.0,1300,Sell,233386241
2024-08-21 09:37:52,39200.0,100,Sell,233386242
2024-08-21 09:37:52,39200.0,500,Sell,233386243
2024-08-21 09:37:52,39200.0,100,Sell,233386245
2024-08-21 09:37:52,39200.0,600,Sell,233386246
2024-08-21 09:37:52,39200.0,3000,Sell,233386247
2024-08-21 09:37:52,39200.0,100,Sell,233386248
2024-08-21 09:37:52,39200.0,300,Sell,233386249
2024-08-21 09:37:52,39200.0,1000,Sell,233386250
2024-08-21 09:37:52,39200.0,1000,Sell,233386251
2024-08-21 09:37:52,39200.0,5000,Sell,233386244
2024-08-21 09:37:52,39200.0,500,Sell,233386235
2024-08-21 09:37:52,39200.0,300,Sell,233386240
2024-08-21 09:37:52,39200.0,100,Sell,233386233
2024-08-21 09:37:52,39200.0,2900,Sell,233386217
2024-08-21 09:37:52,39200.0,1000,Sell,233386218
2024-08-21 09:37:52,39200.0,500,Sell,233386219
2024-08-21 09:37:52,39200.0,100,Sell,233386220
2024-08-21 09:37:52,39200.0,10000,Sell,233386222
2024-08-21 09:37:52,39200.0,500,Sell,233386223
2024-08-21 09:37:52,39200.0,2000,Sell,233386224
2024-08-21 09:37:52,39200.0,100,Sell,233386221
2024-08-21 09:37:52,39200.0,100,Sell,233386226
2024-08-21 09:37:52,39200.0,1500,Sell,233386227
2024-08-21 09:37:52,39200.0,200,Sell,233386228
2024-08-21 09:37:52,39200.0,100,Sell,233386229
2024-08-21 09:37:52,39200.0,200,Sell,233386230
2024-08-21 09:37:52,39200.0,1000,Sell,233386231
2024-08-21 09:37:52,39200.0,1000,Sell,233386232
2024-08-21 09:37:52,39200.0,5000,Sell,233386225
2024-08-21 09:37:52,39200.0,3000,Sell,233386234
2024-08-21 09:38:14,39150.0,2000,Sell,233386868
2024-08-21 09:38:33,39150.0,1000,Sell,233387503
2024-08-21 09:38:33,39150.0,1000,Sell,233387504
2024-08-21 09:38:43,39200.0,600,Buy,233387749
2024-08-21 09:38:54,39200.0,100,Buy,233387984
2024-08-21 09:39:34,39150.0,300,Sell,233389019
2024-08-21 09:39:34,39150.0,1700,Sell,233389020
2024-08-21 09:39:34,39150.0,1000,Sell,233389018
2024-08-21 09:39:34,39150.0,200,Sell,233389016
2024-08-21 09:39:34,39150.0,5000,Sell,233389015
2024-08-21 09:39:34,39150.0,5800,Sell,233389014
2024-08-21 09:39:34,39150.0,700,Sell,233389017
2024-08-21 09:39:46,39150.0,1000,Sell,233389321
2024-08-21 09:39:56,39150.0,500,Sell,233389584
2024-08-21 09:39:56,39150.0,1000,Sell,233389590
2024-08-21 09:39:56,39150.0,2000,Sell,233389593
2024-08-21 09:40:11,39150.0,1300,Sell,233390051
2024-08-21 09:40:13,39150.0,1000,Sell,233390091
2024-08-21 09:40:16,39150.0,1500,Sell,233390159
2024-08-21 09:40:16,39150.0,7200,Sell,233390160
2024-08-21 09:40:26,39150.0,500,Sell,233390377
2024-08-21 09:40:36,39150.0,100,Sell,233390691
2024-08-21 09:40:39,39150.0,1000,Sell,233390764
2024-08-21 09:40:46,39150.0,3000,Sell,233390962
2024-08-21 09:40:52,39150.0,1700,Sell,233391097
2024-08-21 09:40:52,39150.0,1000,Sell,233391117
2024-08-21 09:40:56,39150.0,100,Sell,233391192
2024-08-21 09:41:03,39150.0,1000,Sell,233391358
2024-08-21 09:41:04,39150.0,6600,Sell,233391388
2024-08-21 09:41:06,39150.0,300,Sell,233391439
2024-08-21 09:41:07,39150.0,200,Sell,233391475
2024-08-21 09:41:11,39150.0,2000,Sell,233391581
2024-08-21 09:41:21,39150.0,5000,Sell,233391843
2024-08-21 09:41:22,39150.0,1000,Sell,233391851
2024-08-21 09:41:22,39200.0,4000,Buy,233391856
2024-08-21 09:42:25,39150.0,15000,Sell,233393481
2024-08-21 09:42:28,39150.0,2000,Sell,233393572
2024-08-21 09:42:33,39150.0,800,Sell,233393798
2024-08-21 09:42:33,39150.0,700,Sell,233393797
2024-08-21 09:42:33,39150.0,100,Sell,233393794
2024-08-21 09:42:33,39150.0,500,Sell,233393793
2024-08-21 09:42:33,39150.0,800,Sell,233393792
2024-08-21 09:42:33,39150.0,100,Sell,233393791
2024-08-21 09:42:33,39150.0,2700,Sell,233393790
2024-08-21 09:42:33,39150.0,5000,Sell,233393789
2024-08-21 09:42:33,39150.0,500,Sell,233393788
2024-08-21 09:42:33,39150.0,100,Sell,233393787
2024-08-21 09:42:33,39150.0,100,Sell,233393786
2024-08-21 09:42:33,39150.0,2500,Sell,233393785
2024-08-21 09:42:33,39150.0,2300,Sell,233393771
2024-08-21 09:42:33,39150.0,300,Sell,233393783
2024-08-21 09:42:33,39150.0,100,Sell,233393772
2024-08-21 09:42:33,39150.0,100,Sell,233393773
2024-08-21 09:42:33,39150.0,200,Sell,233393774
2024-08-21 09:42:33,39150.0,1500,Sell,233393784
2024-08-21 09:42:33,39150.0,100,Sell,233393776
2024-08-21 09:42:33,39150.0,100,Sell,233393775
2024-08-21 09:42:33,39150.0,100,Sell,233393778
2024-08-21 09:42:33,39150.0,500,Sell,233393779
2024-08-21 09:42:33,39150.0,500,Sell,233393780
2024-08-21 09:42:33,39150.0,100,Sell,233393781
2024-08-21 09:42:33,39150.0,100,Sell,233393782
2024-08-21 09:42:33,39150.0,100,Sell,233393777
2024-08-21 09:42:40,39150.0,100,Sell,233393993
2024-08-21 09:42:40,39150.0,200,Sell,233393992
2024-08-21 09:42:40,39150.0,1000,Sell,233393991
2024-08-21 09:42:40,39150.0,100,Sell,233393990
2024-08-21 09:42:40,39150.0,700,Sell,233393989
2024-08-21 09:42:40,39150.0,400,Sell,233393986
2024-08-21 09:42:40,39150.0,200,Sell,233393987
2024-08-21 09:42:40,39150.0,200,Sell,233393985
2024-08-21 09:42:40,39150.0,2000,Sell,233393984
2024-08-21 09:42:40,39150.0,300,Sell,233393983
2024-08-21 09:42:40,39150.0,200,Sell,233393982
2024-08-21 09:42:40,39150.0,11000,Sell,233393988
2024-08-21 09:42:43,39150.0,100,Buy,233394059
2024-08-21 09:42:55,39150.0,100,Buy,233394330
2024-08-21 09:42:59,39150.0,100,Buy,233394426
2024-08-21 09:43:00,39150.0,3300,Buy,233394470
2024-08-21 09:43:00,39150.0,2000,Buy,233394471
2024-08-21 09:43:00,39150.0,4700,Buy,233394472
2024-08-21 09:43:03,39100.0,200,Sell,233394517
2024-08-21 09:43:04,39150.0,2000,Buy,233394562
2024-08-21 09:43:04,39150.0,1300,Buy,233394561
2024-08-21 09:43:04,39150.0,4000,Buy,233394559
2024-08-21 09:43:08,39150.0,100,Sell,233394691
2024-08-21 09:43:13,39150.0,2600,Sell,233394845
2024-08-21 09:43:18,39150.0,500,Buy,233394941
2024-08-21 09:43:19,39150.0,900,Buy,233394984
2024-08-21 09:43:23,39150.0,500,Buy,233395134
2024-08-21 09:43:25,39150.0,100,Buy,233395202
2024-08-21 09:43:26,39150.0,200,Buy,233395204
2024-08-21 09:43:28,39100.0,200,Sell,233395293
2024-08-21 09:43:34,39150.0,500,Buy,233395438
2024-08-21 09:43:38,39150.0,12000,Buy,233395590
2024-08-21 09:43:45,39150.0,2100,Buy,233395736
2024-08-21 09:43:45,39150.0,30000,Buy,233395743
2024-08-21 09:43:48,39150.0,100,Buy,233395799
2024-08-21 09:43:50,39150.0,800,Buy,233395851
2024-08-21 09:43:52,39150.0,9200,Buy,233395903
2024-08-21 09:43:52,39150.0,4000,Buy,233395904
2024-08-21 09:43:52,39150.0,1000,Buy,233395905
2024-08-21 09:43:52,39150.0,1100,Buy,233395906
2024-08-21 09:43:52,39150.0,1000,Buy,233395907
2024-08-21 09:43:54,39150.0,100,Buy,233395951
2024-08-21 09:43:57,39150.0,1000,Buy,233396018
2024-08-21 09:43:58,39100.0,100,Sell,233396048
2024-08-21 09:44:09,39150.0,600,Buy,233396366
2024-08-21 09:44:09,39150.0,100,Buy,233396374
2024-08-21 09:44:14,39150.0,18600,Buy,233396513
2024-08-21 09:44:14,39150.0,900,Buy,233396515
2024-08-21 09:44:14,39150.0,500,Buy,233396514
2024-08-21 09:44:17,39150.0,1300,Buy,233396579
2024-08-21 09:44:17,39150.0,100,Buy,233396593
2024-08-21 09:44:25,39150.0,100,Buy,233396895
2024-08-21 09:44:29,39150.0,600,Buy,233396980
2024-08-21 09:44:32,39150.0,100,Buy,233397041
2024-08-21 09:44:32,39150.0,100,Buy,233397050
2024-08-21 09:44:34,39150.0,800,Buy,233397112
2024-08-21 09:44:37,39150.0,100,Buy,233397195
2024-08-21 09:44:38,39150.0,1900,Buy,233397203
2024-08-21 09:44:38,39150.0,200,Buy,233397204
2024-08-21 09:44:40,39150.0,1600,Buy,233397285
2024-08-21 09:44:43,39150.0,100,Buy,233397353
2024-08-21 09:44:45,39150.0,9500,Buy,233397400
2024-08-21 09:44:45,39150.0,2600,Buy,233397401
2024-08-21 09:44:45,39150.0,1500,Buy,233397402
2024-08-21 09:44:45,39150.0,2700,Buy,233397403
2024-08-21 09:44:45,39150.0,3700,Buy,233397404
2024-08-21 09:44:46,39150.0,400,Buy,233397441
2024-08-21 09:44:52,39150.0,1000,Buy,233397661
2024-08-21 09:44:53,39150.0,100,Buy,233397691
2024-08-21 09:44:59,39150.0,700,Buy,233397834
2024-08-21 09:44:59,39150.0,3600,Buy,233397811
2024-08-21 09:44:59,39150.0,12100,Buy,233397807
2024-08-21 09:44:59,39150.0,700,Buy,233397809
2024-08-21 09:44:59,39150.0,500,Buy,233397810
2024-08-21 09:44:59,39150.0,100,Buy,233397808
2024-08-21 09:45:01,39150.0,3400,Buy,233397875
2024-08-21 09:45:03,39100.0,200,Sell,233397931
2024-08-21 09:45:05,39150.0,300,Buy,233397962
2024-08-21 09:45:06,39150.0,2000,Buy,233397973
2024-08-21 09:45:16,39200.0,100,Buy,233398219
2024-08-21 09:45:24,39200.0,700,Buy,233398448
2024-08-21 09:45:37,39200.0,100,Buy,233398801
2024-08-21 09:45:44,39150.0,1000,Sell,233398968
2024-08-21 09:45:45,39150.0,100,Sell,233398999
2024-08-21 09:45:50,39200.0,700,Buy,233399068
2024-08-21 09:45:50,39150.0,1000,Sell,233399069
2024-08-21 09:45:50,39150.0,2000,Sell,233399088
2024-08-21 09:46:00,39200.0,100,Buy,233399415
2024-08-21 09:46:01,39150.0,1000,Sell,233399452
2024-08-21 09:46:14,39200.0,700,Buy,233399755
2024-08-21 09:46:16,39150.0,500,Sell,233399803
2024-08-21 09:46:21,39200.0,100,Buy,233399974
2024-08-21 09:46:29,39150.0,100,Sell,233400255
2024-08-21 09:46:33,39200.0,100,Buy,233400322
2024-08-21 09:46:39,39200.0,800,Buy,233400508
2024-08-21 09:46:43,39200.0,100,Buy,233400586
2024-08-21 09:46:47,39150.0,8400,Sell,233400692
2024-08-21 09:46:47,39150.0,500,Sell,233400690
2024-08-21 09:46:47,39150.0,500,Sell,233400689
2024-08-21 09:46:47,39150.0,1000,Sell,233400691
2024-08-21 09:46:47,39150.0,1000,Sell,233400687
2024-08-21 09:46:47,39150.0,5000,Sell,233400686
2024-08-21 09:46:47,39150.0,100,Sell,233400685
2024-08-21 09:46:47,39150.0,2300,Sell,233400684
2024-08-21 09:46:47,39150.0,1200,Sell,233400688
2024-08-21 09:46:58,39150.0,500,Sell,233401020
2024-08-21 09:47:01,39150.0,200,Sell,233401126
2024-08-21 09:47:03,39150.0,100,Sell,233401166
2024-08-21 09:47:04,39200.0,700,Buy,233401198
2024-08-21 09:47:05,39200.0,100,Buy,233401205
2024-08-21 09:47:08,39150.0,20000,Sell,233401289
2024-08-21 09:47:18,39150.0,800,Sell,233401487
2024-08-21 09:47:18,39150.0,1000,Sell,233401488
2024-08-21 09:47:27,39200.0,100,Buy,233401677
2024-08-21 09:47:29,39200.0,700,Buy,233401727
2024-08-21 09:47:31,39150.0,300,Sell,233401745
2024-08-21 09:47:47,39150.0,700,Sell,233402140
2024-08-21 09:47:47,39150.0,300,Sell,233402141
2024-08-21 09:47:47,39150.0,200,Sell,233402142
2024-08-21 09:47:47,39150.0,1900,Sell,233402143
2024-08-21 09:47:49,39200.0,100,Buy,233402187
2024-08-21 09:47:54,39200.0,700,Buy,233402310
2024-08-21 09:48:10,39200.0,100,Buy,233402715
2024-08-21 09:48:11,39150.0,100,Sell,233402729
2024-08-21 09:48:11,39150.0,400,Sell,233402730
2024-08-21 09:48:19,39200.0,700,Buy,233402992
2024-08-21 09:48:32,39200.0,100,Buy,233403370
2024-08-21 09:48:39,39200.0,100,Buy,233403529
2024-08-21 09:48:43,39200.0,400,Buy,233403646
2024-08-21 09:48:43,39150.0,400,Sell,233403642
2024-08-21 09:48:43,39150.0,100,Sell,233403640
2024-08-21 09:48:43,39150.0,600,Sell,233403639
2024-08-21 09:48:43,39150.0,100,Sell,233403641
2024-08-21 09:48:44,39200.0,800,Buy,233403671
2024-08-21 09:48:48,39150.0,700,Sell,233403755
2024-08-21 09:48:54,39200.0,100,Buy,233403900
2024-08-21 09:49:09,39200.0,700,Buy,233404274
2024-08-21 09:49:16,39200.0,100,Buy,233404433
2024-08-21 09:49:19,39200.0,100,Buy,233404503
2024-08-21 09:49:19,39200.0,7100,Buy,233404506
2024-08-21 09:49:19,39200.0,10000,Buy,233404505
2024-08-21 09:49:19,39200.0,500,Buy,233404504
2024-08-21 09:49:19,39200.0,8700,Buy,233404502
2024-08-21 09:49:19,39200.0,13100,Buy,233404496
2024-08-21 09:49:19,39200.0,2300,Buy,233404500
2024-08-21 09:49:19,39200.0,2300,Buy,233404499
2024-08-21 09:49:19,39200.0,2300,Buy,233404498
2024-08-21 09:49:19,39200.0,1300,Buy,233404497
2024-08-21 09:49:19,39200.0,2300,Buy,233404501
2024-08-21 09:49:27,39200.0,500,Buy,233404644
2024-08-21 09:49:34,39200.0,700,Buy,233404784
2024-08-21 09:49:38,39200.0,100,Buy,233404836
2024-08-21 09:49:40,39150.0,1000,Sell,233404893
2024-08-21 09:49:53,39200.0,900,Buy,233405175
2024-08-21 09:49:59,39200.0,700,Buy,233405323
2024-08-21 09:50:00,39200.0,100,Buy,233405341
2024-08-21 09:50:04,39150.0,6700,Sell,233405437
2024-08-21 09:50:16,39200.0,4000,Buy,233405735
2024-08-21 09:50:16,39200.0,1300,Buy,233405734
2024-08-21 09:50:16,39200.0,500,Buy,233405733
2024-08-21 09:50:16,39200.0,3000,Buy,233405732
2024-08-21 09:50:16,39200.0,200,Buy,233405730
2024-08-21 09:50:16,39200.0,100,Buy,233405731
2024-08-21 09:50:16,39200.0,900,Buy,233405729
2024-08-21 09:50:22,39200.0,100,Buy,233405895
2024-08-21 09:50:24,39200.0,800,Buy,233405950
2024-08-21 09:50:37,39200.0,100,Buy,233406269
2024-08-21 09:50:41,39200.0,100,Buy,233406324
2024-08-21 09:50:44,39200.0,100,Buy,233406379
2024-08-21 09:50:45,39150.0,11200,Sell,233406415
2024-08-21 09:50:45,39150.0,100,Sell,233406416
2024-08-21 09:50:45,39150.0,100,Sell,233406417
2024-08-21 09:50:45,39150.0,1000,Sell,233406418
2024-08-21 09:50:45,39150.0,9600,Sell,233406419
2024-08-21 09:50:49,39200.0,700,Buy,233406527
2024-08-21 09:50:56,39200.0,100,Buy,233406701
2024-08-21 09:51:06,39200.0,100,Buy,233406972
2024-08-21 09:51:14,39200.0,700,Buy,233407132
2024-08-21 09:51:17,39150.0,4400,Sell,233407191
2024-08-21 09:51:17,39150.0,2500,Sell,233407192
2024-08-21 09:51:28,39200.0,100,Buy,233407501
2024-08-21 09:51:39,39200.0,700,Buy,233407817
2024-08-21 09:51:49,39200.0,100,Buy,233407991
2024-08-21 09:52:00,39200.0,100,Buy,233408225
2024-08-21 09:52:04,39200.0,700,Buy,233408355
2024-08-21 09:52:06,39200.0,200,Buy,233408388
2024-08-21 09:52:06,39200.0,700,Buy,233408387
2024-08-21 09:52:06,39200.0,1000,Buy,233408386
2024-08-21 09:52:06,39200.0,400,Buy,233408384
2024-08-21 09:52:06,39200.0,200,Buy,233408382
2024-08-21 09:52:06,39200.0,200,Buy,233408385
2024-08-21 09:52:06,39200.0,2300,Buy,233408383
2024-08-21 09:52:11,39200.0,100,Buy,233408484
2024-08-21 09:52:17,39200.0,2300,Buy,233408673
2024-08-21 09:52:19,39200.0,200,Buy,233408701
2024-08-21 09:52:28,39200.0,500,Buy,233408895
2024-08-21 09:52:29,39200.0,800,Buy,233408920
2024-08-21 09:52:33,39200.0,500,Buy,233409018
2024-08-21 09:52:40,39200.0,200,Buy,233409350
2024-08-21 09:52:49,39150.0,2300,Sell,233409594
2024-08-21 09:52:49,39150.0,1200,Sell,233409593
2024-08-21 09:52:49,39150.0,500,Sell,233409592
2024-08-21 09:52:54,39200.0,700,Buy,233409749
2024-08-21 09:53:02,39200.0,100,Buy,233409957
2024-08-21 09:53:02,39150.0,200,Sell,233409966
2024-08-21 09:53:02,39150.0,1000,Sell,233409967
2024-08-21 09:53:02,39150.0,1000,Sell,233409968
2024-08-21 09:53:02,39150.0,200,Sell,233409969
2024-08-21 09:53:02,39150.0,100,Sell,233409970
2024-08-21 09:53:11,39150.0,2900,Sell,233410147
2024-08-21 09:53:20,39200.0,300,Buy,233410371
2024-08-21 09:53:20,39200.0,400,Buy,233410372
2024-08-21 09:53:24,39200.0,100,Buy,233410465
2024-08-21 09:53:28,39200.0,500,Buy,233410530
2024-08-21 09:53:28,39200.0,500,Buy,233410529
2024-08-21 09:53:34,39150.0,500,Sell,233410651
2024-08-21 09:53:45,39200.0,200,Buy,233410987
2024-08-21 09:53:45,39200.0,500,Buy,233410988
2024-08-21 09:53:46,39200.0,100,Buy,233411014
2024-08-21 09:53:58,39150.0,100,Sell,233411259
2024-08-21 09:54:08,39150.0,300,Sell,233411490
2024-08-21 09:54:08,39200.0,200,Buy,233411500
2024-08-21 09:54:11,39200.0,700,Buy,233411551
2024-08-21 09:54:25,39150.0,3500,Sell,233411883
2024-08-21 09:54:25,39150.0,300,Sell,233411880
2024-08-21 09:54:25,39150.0,3000,Sell,233411881
2024-08-21 09:54:25,39150.0,100,Sell,233411882
2024-08-21 09:54:31,39200.0,200,Buy,233412090
2024-08-21 09:54:35,39200.0,300,Buy,233412164
2024-08-21 09:54:35,39200.0,500,Buy,233412165
2024-08-21 09:54:40,39150.0,1500,Sell,233412260
2024-08-21 09:54:40,39150.0,100,Sell,233412261
2024-08-21 09:54:40,39150.0,400,Sell,233412262
2024-08-21 09:54:47,39150.0,100,Sell,233412401
2024-08-21 09:54:53,39200.0,200,Buy,233412531
2024-08-21 09:55:00,39200.0,200,Buy,233412705
2024-08-21 09:55:00,39200.0,500,Buy,233412704
2024-08-21 09:55:08,39150.0,1900,Sell,233412868
2024-08-21 09:55:09,39150.0,1000,Sell,233412885
2024-08-21 09:55:16,39200.0,200,Buy,233413067
2024-08-21 09:55:17,39200.0,100,Buy,233413073
2024-08-21 09:55:18,39150.0,6900,Sell,233413123
2024-08-21 09:55:25,39200.0,100,Buy,233413368
2024-08-21 09:55:25,39200.0,100,Buy,233413369
2024-08-21 09:55:25,39200.0,100,Buy,233413370
2024-08-21 09:55:25,39200.0,200,Buy,233413371
2024-08-21 09:55:25,39200.0,200,Buy,233413372
2024-08-21 09:55:26,39150.0,700,Sell,233413374
2024-08-21 09:55:26,39150.0,1000,Sell,233413375
2024-08-21 09:55:35,39150.0,200,Sell,233413568
2024-08-21 09:55:37,39150.0,1000,Sell,233413645
2024-08-21 09:55:44,39200.0,200,Buy,233413796
2024-08-21 09:55:45,39150.0,100,Sell,233413861
2024-08-21 09:55:50,39200.0,200,Buy,233413965
2024-08-21 09:55:50,39200.0,100,Buy,233413966
2024-08-21 09:55:50,39200.0,400,Buy,233413967
2024-08-21 09:56:04,39150.0,200,Sell,233414323
2024-08-21 09:56:04,39150.0,3600,Sell,233414325
2024-08-21 09:56:04,39150.0,200,Sell,233414324
2024-08-21 09:56:04,39150.0,200,Sell,233414322
2024-08-21 09:56:04,39150.0,500,Sell,233414320
2024-08-21 09:56:04,39150.0,100,Sell,233414321
2024-08-21 09:56:04,39150.0,1500,Sell,233414319
2024-08-21 09:56:04,39150.0,100,Sell,233414318
2024-08-21 09:56:04,39150.0,500,Sell,233414317
2024-08-21 09:56:10,39200.0,200,Buy,233414519
2024-08-21 09:56:12,39150.0,300,Sell,233414607
2024-08-21 09:56:14,39200.0,500,Buy,233414642
2024-08-21 09:56:15,39200.0,400,Buy,233414681
2024-08-21 09:56:15,39200.0,100,Buy,233414682
2024-08-21 09:56:15,39200.0,200,Buy,233414683
2024-08-21 09:56:16,39200.0,500,Buy,233414698
2024-08-21 09:56:25,39150.0,1100,Sell,233414916
2024-08-21 09:56:25,39150.0,400,Sell,233414927
2024-08-21 09:56:35,39200.0,100,Buy,233415173
2024-08-21 09:56:35,39200.0,100,Buy,233415172
2024-08-21 09:56:40,39200.0,100,Buy,233415258
2024-08-21 09:56:40,39200.0,500,Buy,233415259
2024-08-21 09:56:40,39200.0,200,Buy,233415260
2024-08-21 09:56:54,39200.0,1000,Buy,233415666
2024-08-21 09:57:01,39200.0,200,Buy,233415797
2024-08-21 09:57:05,39150.0,1000,Sell,233415880
2024-08-21 09:57:05,39200.0,700,Buy,233415906
2024-08-21 09:57:19,39150.0,100,Sell,233416281
2024-08-21 09:57:22,39150.0,1000,Sell,233416427
2024-08-21 09:57:27,39200.0,16400,Buy,233416660
2024-08-21 09:57:27,39200.0,1000,Buy,233416659
2024-08-21 09:57:27,39200.0,14900,Buy,233416658
2024-08-21 09:57:27,39200.0,1000,Buy,233416657
2024-08-21 09:57:27,39200.0,200,Buy,233416641
2024-08-21 09:57:27,39200.0,10000,Buy,233416655
2024-08-21 09:57:27,39200.0,4000,Buy,233416654
2024-08-21 09:57:27,39200.0,2700,Buy,233416653
2024-08-21 09:57:27,39200.0,10000,Buy,233416656
2024-08-21 09:57:30,39200.0,100,Buy,233416764
2024-08-21 09:57:30,39200.0,700,Buy,233416768
2024-08-21 09:57:47,39200.0,2300,Buy,233417225
2024-08-21 09:57:47,39200.0,7000,Buy,233417224
2024-08-21 09:57:47,39200.0,1600,Buy,233417226
2024-08-21 09:57:47,39200.0,200,Buy,233417222
2024-08-21 09:57:47,39200.0,5000,Buy,233417221
2024-08-21 09:57:47,39200.0,600,Buy,233417218
2024-08-21 09:57:47,39200.0,500,Buy,233417219
2024-08-21 09:57:47,39200.0,5000,Buy,233417217
2024-08-21 09:57:47,39200.0,2600,Buy,233417216
2024-08-21 09:57:47,39200.0,200,Buy,233417215
2024-08-21 09:57:47,39200.0,1000,Buy,233417220
2024-08-21 09:57:47,39200.0,4000,Buy,233417223
2024-08-21 09:57:53,39200.0,200,Buy,233417401
2024-08-21 09:57:54,39200.0,1000,Buy,233417418
2024-08-21 09:57:55,39200.0,200,Buy,233417463
2024-08-21 09:57:55,39200.0,200,Buy,233417461
2024-08-21 09:57:55,39200.0,300,Buy,233417462
2024-08-21 09:57:59,39200.0,100,Buy,233417636
2024-08-21 09:58:00,39200.0,100,Sell,233417668
2024-08-21 09:58:13,39200.0,300,Sell,233418087
2024-08-21 09:58:13,39200.0,100,Sell,233418088
2024-08-21 09:58:13,39200.0,5500,Sell,233418089
2024-08-21 09:58:13,39200.0,500,Sell,233418090
2024-08-21 09:58:13,39200.0,500,Sell,233418091
2024-08-21 09:58:14,39200.0,200,Sell,233418095
2024-08-21 09:58:19,39250.0,200,Buy,233418276
2024-08-21 09:58:20,39250.0,700,Buy,233418315
2024-08-21 09:58:23,39200.0,2000,Sell,233418418
2024-08-21 09:58:23,39200.0,1300,Sell,233418414
2024-08-21 09:58:23,39200.0,2700,Sell,233418415
2024-08-21 09:58:23,39200.0,7300,Sell,233418416
2024-08-21 09:58:23,39200.0,500,Sell,233418417
2024-08-21 09:58:26,39200.0,1000,Buy,233418468
2024-08-21 09:58:38,39200.0,100,Buy,233418767
2024-08-21 09:58:41,39200.0,3600,Buy,233418834
2024-08-21 09:58:44,39200.0,200,Buy,233418902
2024-08-21 09:58:45,39200.0,800,Buy,233418917
2024-08-21 09:58:53,39200.0,200,Buy,233419151
2024-08-21 09:59:09,39200.0,200,Buy,233419558
2024-08-21 09:59:10,39200.0,700,Buy,233419597
2024-08-21 09:59:18,39200.0,9400,Buy,233419812
2024-08-21 09:59:18,39200.0,600,Buy,233419813
2024-08-21 09:59:26,39150.0,1000,Sell,233420270
2024-08-21 09:59:26,39150.0,300,Sell,233420271
2024-08-21 09:59:35,39200.0,700,Buy,233420605
2024-08-21 09:59:43,39200.0,300,Buy,233420811
2024-08-21 09:59:47,39150.0,10000,Sell,233420974
2024-08-21 09:59:47,39150.0,100,Sell,233420975
2024-08-21 09:59:47,39150.0,200,Sell,233420977
2024-08-21 09:59:47,39150.0,400,Sell,233420976
2024-08-21 09:59:47,39150.0,500,Sell,233420978
2024-08-21 09:59:47,39150.0,1000,Sell,233420973
2024-08-21 09:59:47,39150.0,500,Sell,233420980
2024-08-21 09:59:47,39150.0,200,Sell,233420981
2024-08-21 09:59:47,39150.0,500,Sell,233420982
2024-08-21 09:59:47,39150.0,200,Sell,233420983
2024-08-21 09:59:47,39150.0,41100,Sell,233420984
2024-08-21 09:59:47,39150.0,10000,Sell,233420979
2024-08-21 09:59:47,39150.0,300,Sell,233420972
2024-08-21 09:59:47,39150.0,200,Sell,233420966
2024-08-21 09:59:47,39150.0,300,Sell,233420970
2024-08-21 09:59:47,39150.0,2200,Sell,233420957
2024-08-21 09:59:47,39150.0,200,Sell,233420958
2024-08-21 09:59:47,39150.0,900,Sell,233420959
2024-08-21 09:59:47,39150.0,200,Sell,233420960
2024-08-21 09:59:47,39150.0,1200,Sell,233420961
2024-08-21 09:59:47,39150.0,400,Sell,233420962
2024-08-21 09:59:47,39150.0,100,Sell,233420971
2024-08-21 09:59:47,39150.0,400,Sell,233420964
2024-08-21 09:59:47,39150.0,6800,Sell,233420969
2024-08-21 09:59:47,39150.0,400,Sell,233420968
2024-08-21 09:59:47,39150.0,100,Sell,233420963
2024-08-21 09:59:47,39150.0,300,Sell,233420965
2024-08-21 09:59:47,39150.0,400,Sell,233420967
2024-08-21 09:59:54,39150.0,2000,Sell,233421151
2024-08-21 09:59:59,39200.0,2900,Buy,233421300
2024-08-21 09:59:59,39200.0,1500,Buy,233421301
2024-08-21 09:59:59,39200.0,500,Buy,233421302
2024-08-21 09:59:59,39200.0,100,Buy,233421303
2024-08-21 10:00:00,39200.0,600,Buy,233421332
2024-08-21 10:00:00,39200.0,100,Buy,233421333
2024-08-21 10:00:04,39200.0,600,Buy,233421455
2024-08-21 10:00:08,39200.0,200,Buy,233421542
2024-08-21 10:00:25,39200.0,700,Buy,233422064
2024-08-21 10:00:34,39200.0,200,Buy,233422261
2024-08-21 10:00:38,39150.0,100,Sell,233422341
2024-08-21 10:00:40,39200.0,500,Buy,233422388
2024-08-21 10:00:50,39200.0,800,Buy,233422703
2024-08-21 10:00:58,39200.0,200,Buy,233422901
2024-08-21 10:01:01,39200.0,500,Buy,233422998
2024-08-21 10:01:04,39200.0,500,Buy,233423047
2024-08-21 10:01:15,39200.0,700,Buy,233423285
2024-08-21 10:01:23,39200.0,200,Buy,233423684
2024-08-21 10:01:32,39150.0,1000,Sell,233423933
2024-08-21 10:01:36,39150.0,200,Sell,233424009
2024-08-21 10:01:37,39150.0,1100,Sell,233424058
2024-08-21 10:01:40,39200.0,700,Buy,233424129
2024-08-21 10:01:42,39150.0,2000,Sell,233424291
2024-08-21 10:01:48,39200.0,200,Buy,233424431
2024-08-21 10:02:05,39200.0,700,Buy,233424913
2024-08-21 10:02:13,39200.0,200,Buy,233425108
2024-08-21 10:02:20,39150.0,1000,Sell,233425310
2024-08-21 10:02:23,39200.0,500,Buy,233425380
2024-08-21 10:02:30,39200.0,800,Buy,233425601
2024-08-21 10:02:39,39200.0,200,Buy,233425747
2024-08-21 10:02:53,39200.0,100,Buy,233426231
2024-08-21 10:02:55,39200.0,700,Buy,233426279
2024-08-21 10:03:05,39200.0,200,Buy,233426570
2024-08-21 10:03:12,39200.0,40500,Buy,233426768
2024-08-21 10:03:12,39200.0,200,Buy,233426781
2024-08-21 10:03:12,39200.0,2000,Buy,233426780
2024-08-21 10:03:12,39200.0,1000,Buy,233426779
2024-08-21 10:03:12,39200.0,1000,Buy,233426778
2024-08-21 10:03:12,39200.0,500,Buy,233426777
2024-08-21 10:03:12,39200.0,500,Buy,233426776
2024-08-21 10:03:12,39200.0,10000,Buy,233426770
2024-08-21 10:03:12,39200.0,5000,Buy,233426774
2024-08-21 10:03:12,39200.0,2000,Buy,233426773
2024-08-21 10:03:12,39200.0,17300,Buy,233426772
2024-08-21 10:03:12,39200.0,2700,Buy,233426771
2024-08-21 10:03:12,39200.0,500,Buy,233426775
2024-08-21 10:03:12,39200.0,10000,Buy,233426769
2024-08-21 10:03:18,39200.0,300,Sell,233426930
2024-08-21 10:03:20,39250.0,700,Buy,233427017
2024-08-21 10:03:25,39200.0,2400,Sell,233427205
2024-08-21 10:03:31,39200.0,1000,Sell,233427356
2024-08-21 10:03:31,39250.0,200,Buy,233427386
2024-08-21 10:03:45,39250.0,700,Buy,233427816
2024-08-21 10:03:49,39250.0,500,Buy,233427920
2024-08-21 10:03:52,39250.0,500,Buy,233427986
2024-08-21 10:03:56,39250.0,200,Buy,233428178
2024-08-21 10:03:59,39250.0,100,Buy,233428239
2024-08-21 10:04:10,39250.0,700,Buy,233428564
2024-08-21 10:04:23,39250.0,100,Buy,233429010
2024-08-21 10:04:23,39250.0,100,Buy,233429009
2024-08-21 10:04:32,39200.0,3100,Sell,233429254
2024-08-21 10:04:32,39200.0,1000,Sell,233429261
2024-08-21 10:04:32,39200.0,400,Sell,233429259
2024-08-21 10:04:32,39200.0,100,Sell,233429260
2024-08-21 10:04:32,39200.0,300,Sell,233429257
2024-08-21 10:04:32,39200.0,1000,Sell,233429256
2024-08-21 10:04:32,39200.0,4800,Sell,233429255
2024-08-21 10:04:32,39200.0,300,Sell,233429258
2024-08-21 10:04:35,39200.0,800,Buy,233429380
2024-08-21 10:04:39,39200.0,500,Buy,233429524
2024-08-21 10:04:39,39200.0,87700,Buy,233429536
2024-08-21 10:04:40,39200.0,2700,Sell,233429539
2024-08-21 10:04:40,39200.0,9600,Sell,233429543
2024-08-21 10:04:46,39200.0,5000,Buy,233429744
2024-08-21 10:04:48,39200.0,200,Buy,233429825
2024-08-21 10:04:59,39200.0,300,Buy,233430237
2024-08-21 10:05:00,39200.0,700,Buy,233430285
2024-08-21 10:05:01,39200.0,100,Buy,233430340
2024-08-21 10:05:01,39200.0,50000,Buy,233430343
2024-08-21 10:05:01,39200.0,1500,Buy,233430339
2024-08-21 10:05:01,39200.0,17400,Buy,233430341
2024-08-21 10:05:01,39200.0,2600,Buy,233430342
2024-08-21 10:05:06,39200.0,5500,Sell,233430557
2024-08-21 10:05:08,39200.0,500,Sell,233430726
2024-08-21 10:05:08,39200.0,2000,Sell,233430740
2024-08-21 10:05:15,39250.0,200,Buy,233430942
2024-08-21 10:05:25,39250.0,700,Buy,233431335
2024-08-21 10:05:44,39250.0,300,Buy,233432101
2024-08-21 10:05:44,39250.0,200,Buy,233432102
2024-08-21 10:05:45,39250.0,200,Buy,233432174
2024-08-21 10:05:45,39250.0,2500,Buy,233432172
2024-08-21 10:05:45,39250.0,17300,Buy,233432173
2024-08-21 10:05:50,39250.0,700,Buy,233432447
2024-08-21 10:05:51,39250.0,200,Buy,233432516
2024-08-21 10:06:10,39250.0,700,Buy,233433248
2024-08-21 10:06:10,39250.0,200,Buy,233433264
2024-08-21 10:06:10,39250.0,200,Buy,233433265
2024-08-21 10:06:10,39250.0,600,Buy,233433266
2024-08-21 10:06:15,39250.0,700,Buy,233433460
2024-08-21 10:06:24,39250.0,200,Buy,233433799
2024-08-21 10:06:34,39200.0,2000,Sell,233434207
2024-08-21 10:06:40,39250.0,800,Buy,233434441
2024-08-21 10:06:56,39250.0,200,Buy,233435078
2024-08-21 10:07:05,39250.0,700,Buy,233435380
2024-08-21 10:07:08,39200.0,5000,Sell,233435463
2024-08-21 10:07:12,39200.0,800,Sell,233435592
2024-08-21 10:07:12,39200.0,5000,Sell,233435604
2024-08-21 10:07:28,39250.0,200,Buy,233436032
2024-08-21 10:07:29,39250.0,100,Buy,233436081
2024-08-21 10:07:29,39250.0,100,Buy,233436080
2024-08-21 10:07:29,39250.0,200,Buy,233436079
2024-08-21 10:07:29,39250.0,1000,Buy,233436077
2024-08-21 10:07:29,39250.0,1000,Buy,233436076
2024-08-21 10:07:29,39250.0,1000,Buy,233436075
2024-08-21 10:07:29,39250.0,600,Buy,233436074
2024-08-21 10:07:29,39250.0,1000,Buy,233436078
2024-08-21 10:07:30,39250.0,100,Buy,233436122
2024-08-21 10:07:30,39250.0,100,Buy,233436123
2024-08-21 10:07:30,39250.0,500,Buy,233436124
2024-08-21 10:07:31,39200.0,4100,Sell,233436163
2024-08-21 10:07:48,39250.0,200,Buy,233436793
2024-08-21 10:07:55,39250.0,400,Buy,233436970
2024-08-21 10:07:55,39250.0,300,Buy,233436969
2024-08-21 10:08:00,39250.0,200,Buy,233437115
2024-08-21 10:08:02,39200.0,2500,Sell,233437165
2024-08-21 10:08:20,39250.0,700,Buy,233437819
2024-08-21 10:08:33,39250.0,200,Buy,233438334
2024-08-21 10:08:45,39250.0,800,Buy,233438789
2024-08-21 10:08:47,39200.0,1000,Sell,233438859
2024-08-21 10:08:47,39200.0,600,Sell,233438860
2024-08-21 10:08:47,39250.0,500,Buy,233438861
2024-08-21 10:08:50,39200.0,1000,Sell,233438950
2024-08-21 10:08:50,39200.0,500,Sell,233438951
2024-08-21 10:08:50,39200.0,100,Sell,233438952
2024-08-21 10:08:50,39200.0,300,Sell,233438953
2024-08-21 10:08:50,39200.0,600,Sell,233438954
2024-08-21 10:08:50,39200.0,100,Sell,233438958
2024-08-21 10:08:50,39200.0,200,Sell,233438956
2024-08-21 10:08:50,39200.0,500,Sell,233438957
2024-08-21 10:08:50,39200.0,100,Sell,233438960
2024-08-21 10:08:50,39200.0,200,Sell,233438961
2024-08-21 10:08:50,39200.0,100,Sell,233438955
2024-08-21 10:08:50,39200.0,1000,Sell,233438948
2024-08-21 10:08:50,39200.0,100,Sell,233438949
2024-08-21 10:08:50,39200.0,200,Sell,233438946
2024-08-21 10:08:50,39200.0,1000,Sell,233438947
2024-08-21 10:08:50,39200.0,1000,Sell,233438936
2024-08-21 10:08:50,39200.0,20000,Sell,233438937
2024-08-21 10:08:50,39200.0,4000,Sell,233438938
2024-08-21 10:08:50,39200.0,1300,Sell,233438939
2024-08-21 10:08:50,39200.0,2400,Sell,233438935
2024-08-21 10:08:50,39200.0,5000,Sell,233438941
2024-08-21 10:08:50,39200.0,500,Sell,233438942
2024-08-21 10:08:50,39200.0,1100,Sell,233438943
2024-08-21 10:08:50,39200.0,500,Sell,233438944
2024-08-21 10:08:50,39200.0,3000,Sell,233438945
2024-08-21 10:08:50,39200.0,500,Sell,233438940
2024-08-21 10:09:05,39200.0,200,Buy,233439490
2024-08-21 10:09:10,39200.0,700,Buy,233439645
2024-08-21 10:09:17,39200.0,300,Buy,233439858
2024-08-21 10:09:34,39150.0,1000,Sell,233440447
2024-08-21 10:09:35,39200.0,700,Buy,233440475
2024-08-21 10:09:38,39200.0,200,Buy,233440549
2024-08-21 10:10:00,39200.0,700,Buy,233441199
2024-08-21 10:10:03,39200.0,2300,Buy,233441305
2024-08-21 10:10:03,39200.0,3000,Buy,233441304
2024-08-21 10:10:03,39200.0,6900,Buy,233441303
2024-08-21 10:10:03,39200.0,2300,Buy,233441300
2024-08-21 10:10:03,39200.0,4600,Buy,233441301
2024-08-21 10:10:03,39200.0,2300,Buy,233441302
2024-08-21 10:10:03,39200.0,1300,Buy,233441299
2024-08-21 10:10:03,39200.0,51900,Buy,233441298
2024-08-21 10:10:10,39250.0,200,Buy,233441557
2024-08-21 10:10:13,39200.0,2000,Sell,233441652
2024-08-21 10:10:14,39200.0,100,Sell,233441678
2024-08-21 10:10:26,39250.0,700,Buy,233441958
2024-08-21 10:10:42,39200.0,100,Sell,233442481
2024-08-21 10:10:42,39250.0,200,Buy,233442507
2024-08-21 10:10:51,39250.0,800,Buy,233442770
2024-08-21 10:11:15,39250.0,200,Buy,233443661
2024-08-21 10:11:16,39250.0,700,Buy,233443714
2024-08-21 10:11:28,39200.0,12800,Sell,233444160
2024-08-21 10:11:31,39200.0,600,Sell,233444259
2024-08-21 10:11:31,39200.0,3900,Sell,233444258
2024-08-21 10:11:31,39200.0,100,Sell,233444260
2024-08-21 10:11:31,39200.0,6400,Sell,233444256
2024-08-21 10:11:31,39200.0,4000,Sell,233444255
2024-08-21 10:11:31,39200.0,3000,Sell,233444257
2024-08-21 10:11:34,39200.0,100,Buy,233444610
2024-08-21 10:11:41,39200.0,700,Buy,233444772
2024-08-21 10:11:42,39200.0,10000,Buy,233444797
2024-08-21 10:11:46,39200.0,200,Buy,233444931
2024-08-21 10:11:57,39200.0,1000,Buy,233445256
2024-08-21 10:12:06,39200.0,700,Buy,233445484
2024-08-21 10:12:12,39150.0,400,Sell,233445617
2024-08-21 10:12:19,39200.0,200,Buy,233445768
2024-08-21 10:12:23,39200.0,4000,Buy,233445854
2024-08-21 10:12:31,39200.0,700,Buy,233446067
2024-08-21 10:12:43,39150.0,100,Sell,233446329
2024-08-21 10:12:43,39150.0,100,Sell,233446328
2024-08-21 10:12:52,39200.0,200,Buy,233446608
2024-08-21 10:12:56,39200.0,800,Buy,233446697
2024-08-21 10:13:09,39200.0,500,Buy,233447111
2024-08-21 10:13:09,39200.0,13000,Buy,233447110
2024-08-21 10:13:09,39200.0,100,Buy,233447109
2024-08-21 10:13:09,39200.0,100,Buy,233447108
2024-08-21 10:13:09,39200.0,1000,Buy,233447107
2024-08-21 10:13:09,39200.0,1500,Buy,233447106
2024-08-21 10:13:09,39200.0,100,Buy,233447105
2024-08-21 10:13:09,39200.0,3000,Buy,233447103
2024-08-21 10:13:09,39200.0,5000,Buy,233447102
2024-08-21 10:13:09,39200.0,4600,Buy,233447101
2024-08-21 10:13:09,39200.0,2300,Buy,233447100
2024-08-21 10:13:09,39200.0,2600,Buy,233447099
2024-08-21 10:13:09,39200.0,10800,Buy,233447098
2024-08-21 10:13:09,39200.0,1000,Buy,233447104
2024-08-21 10:13:17,39200.0,11000,Sell,233447359
2024-08-21 10:13:20,39200.0,1000,Sell,233447434
2024-08-21 10:13:21,39250.0,700,Buy,233447441
2024-08-21 10:13:24,39250.0,200,Buy,233447513
2024-08-21 10:13:33,39200.0,5000,Sell,233447722
2024-08-21 10:13:35,39200.0,5000,Sell,233447746
2024-08-21 10:13:46,39250.0,700,Buy,233447966
2024-08-21 10:13:56,39250.0,200,Buy,233448144
2024-08-21 10:14:11,39250.0,700,Buy,233448504
2024-08-21 10:14:16,39250.0,500,Buy,233448621
2024-08-21 10:14:29,39250.0,200,Buy,233448969
2024-08-21 10:14:36,39250.0,800,Buy,233449230
2024-08-21 10:14:55,39250.0,300,Buy,233449668
2024-08-21 10:15:01,39250.0,100,Buy,233449810
2024-08-21 10:15:01,39250.0,100,Buy,233449811
2024-08-21 10:15:01,39250.0,700,Buy,233449822
2024-08-21 10:15:14,39250.0,200,Buy,233450092
2024-08-21 10:15:15,39200.0,2500,Sell,233450121
2024-08-21 10:15:15,39200.0,200,Sell,233450120
2024-08-21 10:15:15,39200.0,32400,Sell,233450117
2024-08-21 10:15:15,39200.0,2000,Sell,233450118
2024-08-21 10:15:15,39200.0,2900,Sell,233450119
2024-08-21 10:15:26,39250.0,700,Buy,233450351
2024-08-21 10:15:33,39250.0,200,Buy,233450554
2024-08-21 10:15:39,39200.0,2100,Sell,233450733
2024-08-21 10:15:39,39200.0,100,Sell,233450732
2024-08-21 10:15:39,39200.0,1200,Sell,233450731
2024-08-21 10:15:39,39200.0,100,Sell,233450730
2024-08-21 10:15:39,39200.0,1000,Sell,233450727
2024-08-21 10:15:39,39200.0,1000,Sell,233450728
2024-08-21 10:15:39,39200.0,100,Sell,233450729
2024-08-21 10:15:39,39200.0,600,Sell,233450726
2024-08-21 10:15:39,39200.0,100,Sell,233450725
2024-08-21 10:15:43,39150.0,100,Sell,233450801
2024-08-21 10:15:43,39150.0,200,Sell,233450802
2024-08-21 10:15:43,39150.0,1700,Sell,233450803
2024-08-21 10:15:51,39200.0,700,Buy,233451039
2024-08-21 10:15:52,39200.0,9500,Buy,233451048
2024-08-21 10:15:52,39200.0,500,Buy,233451049
2024-08-21 10:15:57,39200.0,100,Buy,233451256
2024-08-21 10:16:06,39200.0,200,Buy,233451502
2024-08-21 10:16:14,39200.0,200,Buy,233451679
2024-08-21 10:16:16,39200.0,700,Buy,233451709
2024-08-21 10:16:20,39200.0,100,Buy,233451808
2024-08-21 10:16:21,39200.0,100,Buy,233451823
2024-08-21 10:16:23,39150.0,100,Sell,233451862
2024-08-21 10:16:38,39200.0,200,Buy,233452330
2024-08-21 10:16:41,39200.0,400,Buy,233452384
2024-08-21 10:16:41,39200.0,400,Buy,233452383
2024-08-21 10:16:56,39200.0,300,Buy,233452774
2024-08-21 10:17:02,39200.0,1000,Buy,233452881
2024-08-21 10:17:05,39200.0,800,Buy,233453020
2024-08-21 10:17:06,39200.0,700,Buy,233453051
2024-08-21 10:17:06,39200.0,500,Buy,233453050
2024-08-21 10:17:10,39200.0,200,Buy,233453127
2024-08-21 10:17:13,39150.0,300,Sell,233453278
2024-08-21 10:17:31,39200.0,100,Buy,233453792
2024-08-21 10:17:31,39200.0,700,Buy,233453812
2024-08-21 10:17:42,39200.0,200,Buy,233454103
2024-08-21 10:17:42,39150.0,2500,Sell,233454112
2024-08-21 10:17:42,39150.0,1200,Sell,233454113
2024-08-21 10:17:42,39150.0,700,Sell,233454114
2024-08-21 10:17:56,39200.0,700,Buy,233454420
2024-08-21 10:18:03,39150.0,200,Sell,233454533
2024-08-21 10:18:03,39150.0,600,Sell,233454534
2024-08-21 10:18:03,39150.0,1900,Sell,233454535
2024-08-21 10:18:03,39150.0,300,Sell,233454532
2024-08-21 10:18:14,39200.0,200,Buy,233454795
2024-08-21 10:18:21,39200.0,700,Buy,233455005
2024-08-21 10:18:22,39150.0,1200,Sell,233455015
2024-08-21 10:18:46,39200.0,800,Buy,233455697
2024-08-21 10:18:47,39200.0,200,Buy,233455704
2024-08-21 10:18:49,39150.0,1000,Sell,233455756
2024-08-21 10:18:54,39200.0,2600,Buy,233455977
2024-08-21 10:18:54,39200.0,1800,Buy,233455983
2024-08-21 10:18:54,39200.0,600,Buy,233455982
2024-08-21 10:18:54,39200.0,10000,Buy,233455981
2024-08-21 10:18:54,39200.0,9900,Buy,233455976
2024-08-21 10:18:54,39200.0,2300,Buy,233455979
2024-08-21 10:18:54,39200.0,2300,Buy,233455978
2024-08-21 10:18:54,39200.0,500,Buy,233455980
2024-08-21 10:18:56,39200.0,100,Buy,233456008
2024-08-21 10:19:06,39150.0,100,Sell,233456299
2024-08-21 10:19:06,39150.0,1300,Sell,233456301
2024-08-21 10:19:06,39150.0,100,Sell,233456300
2024-08-21 10:19:07,39200.0,100,Buy,233456329
2024-08-21 10:19:07,39200.0,2000,Buy,233456330
2024-08-21 10:19:07,39200.0,2000,Buy,233456331
2024-08-21 10:19:07,39200.0,2000,Buy,233456332
2024-08-21 10:19:07,39200.0,300,Buy,233456333
2024-08-21 10:19:07,39200.0,5400,Buy,233456334
2024-08-21 10:19:07,39200.0,8200,Buy,233456335
2024-08-21 10:19:11,39200.0,700,Buy,233456482
2024-08-21 10:19:17,39200.0,100,Buy,233456690
2024-08-21 10:19:19,39200.0,200,Buy,233456730
2024-08-21 10:19:20,39200.0,800,Buy,233456769
2024-08-21 10:19:20,39200.0,300,Buy,233456770
2024-08-21 10:19:28,39200.0,500,Sell,233456956
2024-08-21 10:19:36,39250.0,700,Buy,233457128
2024-08-21 10:19:37,39200.0,400,Sell,233457160
2024-08-21 10:19:37,39200.0,300,Sell,233457161
2024-08-21 10:19:37,39200.0,1200,Sell,233457162
2024-08-21 10:19:44,39200.0,28600,Buy,233457356
2024-08-21 10:19:44,39200.0,1400,Buy,233457357
2024-08-21 10:19:51,39250.0,200,Buy,233457518
2024-08-21 10:19:55,39200.0,1000,Sell,233457613
2024-08-21 10:19:56,39200.0,3000,Sell,233457635
2024-08-21 10:19:59,39200.0,1000,Sell,233457704
2024-08-21 10:20:01,39250.0,700,Buy,233457795
2024-08-21 10:20:19,39250.0,200,Buy,233458153
2024-08-21 10:20:23,39250.0,200,Buy,233458279
2024-08-21 10:20:26,39250.0,700,Buy,233458338
2024-08-21 10:20:35,39250.0,100,Buy,233458598
2024-08-21 10:20:43,39250.0,500,Buy,233458849
2024-08-21 10:20:46,39250.0,500,Buy,233458941
2024-08-21 10:20:54,39250.0,800,Buy,233459099
2024-08-21 10:20:56,39250.0,200,Buy,233459271
2024-08-21 10:21:00,39200.0,200,Sell,233459371
2024-08-21 10:21:00,39200.0,100,Sell,233459378
2024-08-21 10:21:00,39200.0,100,Sell,233459377
2024-08-21 10:21:00,39200.0,300,Sell,233459376
2024-08-21 10:21:00,39200.0,1700,Sell,233459370
2024-08-21 10:21:00,39200.0,500,Sell,233459374
2024-08-21 10:21:00,39200.0,500,Sell,233459373
2024-08-21 10:21:00,39200.0,1000,Sell,233459372
2024-08-21 10:21:00,39200.0,2000,Sell,233459375
2024-08-21 10:21:16,39200.0,700,Buy,233459739
2024-08-21 10:21:18,39200.0,5000,Buy,233459790
2024-08-21 10:21:19,39200.0,100,Buy,233459812
2024-08-21 10:21:19,39200.0,100,Buy,233459810
2024-08-21 10:21:24,39200.0,5400,Buy,233459932
2024-08-21 10:21:28,39200.0,200,Buy,233460043
2024-08-21 10:21:30,39200.0,1000,Buy,233460066
2024-08-21 10:21:35,39200.0,400,Buy,233460177
2024-08-21 10:21:41,39150.0,2000,Sell,233460283
2024-08-21 10:21:41,39200.0,700,Buy,233460305
2024-08-21 10:21:58,39150.0,300,Sell,233460757
2024-08-21 10:22:00,39200.0,200,Buy,233460811
2024-08-21 10:22:06,39200.0,700,Buy,233461052
2024-08-21 10:22:12,39200.0,100,Buy,233461213
2024-08-21 10:22:16,39200.0,100,Buy,233461329
2024-08-21 10:22:22,39200.0,500,Buy,233461453
2024-08-21 10:22:24,39150.0,100,Sell,233461493
2024-08-21 10:22:31,39200.0,700,Buy,233461597
2024-08-21 10:22:33,39200.0,200,Buy,233461635
2024-08-21 10:22:56,39200.0,800,Buy,233462170
2024-08-21 10:23:05,39200.0,200,Buy,233462339
2024-08-21 10:23:21,39200.0,700,Buy,233462706
2024-08-21 10:23:37,39200.0,200,Buy,233463083
2024-08-21 10:23:39,39150.0,3000,Sell,233463124
2024-08-21 10:23:46,39200.0,700,Buy,233463324
2024-08-21 10:24:02,39200.0,200,Buy,233463682
2024-08-21 10:24:09,39200.0,200,Buy,233463889
2024-08-21 10:24:11,39200.0,700,Buy,233463953
2024-08-21 10:24:21,39150.0,3200,Sell,233464205
2024-08-21 10:24:36,39200.0,800,Buy,233464555
2024-08-21 10:24:42,39200.0,200,Buy,233464708
2024-08-21 10:25:01,39200.0,700,Buy,233465187
2024-08-21 10:25:14,39200.0,200,Buy,233465682
2024-08-21 10:25:26,39200.0,700,Buy,233465953
2024-08-21 10:25:35,39200.0,1000,Buy,233466189
2024-08-21 10:25:45,39200.0,100,Buy,233466472
2024-08-21 10:25:47,39200.0,200,Buy,233466497
2024-08-21 10:25:51,39200.0,700,Buy,233466633
2024-08-21 10:25:54,39200.0,400,Buy,233466695
2024-08-21 10:25:54,39200.0,200,Buy,233466694
2024-08-21 10:25:54,39200.0,200,Buy,233466693
2024-08-21 10:25:54,39200.0,9700,Buy,233466691
2024-08-21 10:25:54,39200.0,1000,Buy,233466692
2024-08-21 10:25:56,39200.0,5000,Buy,233466773
2024-08-21 10:26:11,39150.0,200,Sell,233467170
2024-08-21 10:26:16,39200.0,700,Buy,233467338
2024-08-21 10:26:19,39200.0,200,Buy,233467411
2024-08-21 10:26:34,39150.0,2000,Sell,233467954
2024-08-21 10:26:35,39200.0,100,Buy,233467979
2024-08-21 10:26:36,39150.0,100,Sell,233468003
2024-08-21 10:26:41,39200.0,800,Buy,233468250
2024-08-21 10:26:45,39150.0,100,Sell,233468373
2024-08-21 10:26:51,39200.0,200,Buy,233468497
2024-08-21 10:27:06,39200.0,700,Buy,233468911
2024-08-21 10:27:14,39200.0,1900,Buy,233469148
2024-08-21 10:27:14,39200.0,100,Buy,233469149
2024-08-21 10:27:23,39200.0,200,Buy,233469453
2024-08-21 10:27:32,39200.0,700,Buy,233469815
2024-08-21 10:27:46,39150.0,700,Sell,233470158
2024-08-21 10:27:55,39200.0,200,Buy,233470345
2024-08-21 10:27:57,39200.0,700,Buy,233470399
2024-08-21 10:28:09,39150.0,10000,Sell,233470642
2024-08-21 10:28:14,39150.0,500,Sell,233470759
2024-08-21 10:28:22,39200.0,700,Buy,233470924
2024-08-21 10:28:27,39200.0,200,Buy,233471085
2024-08-21 10:28:47,39200.0,800,Buy,233471888
2024-08-21 10:28:50,39150.0,25000,Sell,233471973
2024-08-21 10:28:53,39150.0,1500,Sell,233472070
2024-08-21 10:28:53,39150.0,100,Sell,233472071
2024-08-21 10:28:53,39150.0,300,Sell,233472072
2024-08-21 10:28:53,39150.0,100,Sell,233472073
2024-08-21 10:28:53,39150.0,1000,Sell,233472080
2024-08-21 10:28:54,39150.0,100,Sell,233472176
2024-08-21 10:28:54,39150.0,200,Sell,233472175
2024-08-21 10:28:54,39150.0,500,Sell,233472174
2024-08-21 10:28:54,39150.0,900,Sell,233472173
2024-08-21 10:28:54,39150.0,1000,Sell,233472172
2024-08-21 10:28:54,39150.0,500,Sell,233472171
2024-08-21 10:28:54,39150.0,2000,Sell,233472170
2024-08-21 10:28:54,39150.0,200,Sell,233472166
2024-08-21 10:28:54,39150.0,300,Sell,233472168
2024-08-21 10:28:54,39150.0,100,Sell,233472167
2024-08-21 10:28:54,39150.0,100,Sell,233472177
2024-08-21 10:28:54,39150.0,200,Sell,233472165
2024-08-21 10:28:54,39150.0,200,Sell,233472161
2024-08-21 10:28:54,39150.0,200,Sell,233472164
2024-08-21 10:28:54,39150.0,9000,Sell,233472163
2024-08-21 10:28:54,39150.0,200,Sell,233472162
2024-08-21 10:28:54,39150.0,1600,Sell,233472169
2024-08-21 10:28:54,39150.0,100,Sell,233472178
2024-08-21 10:28:54,39150.0,100,Sell,233472182
2024-08-21 10:28:54,39150.0,100,Sell,233472180
2024-08-21 10:28:54,39150.0,700,Sell,233472201
2024-08-21 10:28:54,39150.0,200,Sell,233472200
2024-08-21 10:28:54,39150.0,400,Sell,233472196
2024-08-21 10:28:54,39150.0,200,Sell,233472195
2024-08-21 10:28:54,39150.0,100,Sell,233472194
2024-08-21 10:28:54,39150.0,300,Sell,233472193
2024-08-21 10:28:54,39150.0,100,Sell,233472192
2024-08-21 10:28:54,39150.0,700,Sell,233472191
2024-08-21 10:28:54,39150.0,500,Sell,233472190
2024-08-21 10:28:54,39150.0,100,Sell,233472189
2024-08-21 10:28:54,39150.0,100,Sell,233472188
2024-08-21 10:28:54,39150.0,100,Sell,233472187
2024-08-21 10:28:54,39150.0,100,Sell,233472186
2024-08-21 10:28:54,39150.0,100,Sell,233472185
2024-08-21 10:28:54,39150.0,500,Sell,233472184
2024-08-21 10:28:54,39150.0,300,Sell,233472183
2024-08-21 10:28:54,39150.0,200,Sell,233472181
2024-08-21 10:28:54,39150.0,200,Sell,233472179
2024-08-21 10:28:54,39150.0,100,Sell,233472160
2024-08-21 10:28:54,39150.0,300,Sell,233472154
2024-08-21 10:28:54,39150.0,100,Sell,233472158
2024-08-21 10:28:54,39150.0,400,Sell,233472135
2024-08-21 10:28:54,39150.0,1000,Sell,233472134
2024-08-21 10:28:54,39150.0,1000,Sell,233472133
2024-08-21 10:28:54,39150.0,100,Sell,233472132
2024-08-21 10:28:54,39150.0,100,Sell,233472131
2024-08-21 10:28:54,39150.0,500,Sell,233472130
2024-08-21 10:28:54,39150.0,100,Sell,233472129
2024-08-21 10:28:54,39150.0,100,Sell,233472128
2024-08-21 10:28:54,39150.0,100,Sell,233472127
2024-08-21 10:28:54,39150.0,300,Sell,233472126
2024-08-21 10:28:54,39150.0,100,Sell,233472125
2024-08-21 10:28:54,39150.0,100,Sell,233472124
2024-08-21 10:28:54,39150.0,10000,Sell,233472123
2024-08-21 10:28:54,39150.0,400,Sell,233472122
2024-08-21 10:28:54,39150.0,100,Sell,233472121
2024-08-21 10:28:54,39150.0,100,Sell,233472120
2024-08-21 10:28:54,39150.0,500,Sell,233472159
2024-08-21 10:28:54,39150.0,5900,Sell,233472136
2024-08-21 10:28:54,39150.0,1000,Sell,233472137
2024-08-21 10:28:54,39150.0,100,Sell,233472153
2024-08-21 10:28:54,39150.0,500,Sell,233472139
2024-08-21 10:28:54,39150.0,5000,Sell,233472138
2024-08-21 10:28:54,39150.0,900,Sell,233472157
2024-08-21 10:28:54,39150.0,200,Sell,233472156
2024-08-21 10:28:54,39150.0,10000,Sell,233472155
2024-08-21 10:28:54,39150.0,200,Sell,233472151
2024-08-21 10:28:54,39150.0,100,Sell,233472150
2024-08-21 10:28:54,39150.0,400,Sell,233472149
2024-08-21 10:28:54,39150.0,100,Sell,233472148
2024-08-21 10:28:54,39150.0,400,Sell,233472152
2024-08-21 10:28:54,39150.0,2100,Sell,233472146
2024-08-21 10:28:54,39150.0,2000,Sell,233472145
2024-08-21 10:28:54,39150.0,1000,Sell,233472144
2024-08-21 10:28:54,39150.0,2400,Sell,233472140
2024-08-21 10:28:54,39150.0,100,Sell,233472141
2024-08-21 10:28:54,39150.0,100,Sell,233472143
2024-08-21 10:28:54,39150.0,100,Sell,233472142
2024-08-21 10:28:54,39150.0,300,Sell,233472147
2024-08-21 10:29:00,39150.0,200,Buy,233472389
2024-08-21 10:29:11,39150.0,1800,Buy,233472856
2024-08-21 10:29:11,39150.0,13200,Buy,233472859
2024-08-21 10:29:12,39100.0,800,Sell,233472908
2024-08-21 10:29:12,39150.0,700,Buy,233472925
2024-08-21 10:29:12,39100.0,500,Sell,233472907
2024-08-21 10:29:12,39100.0,1000,Sell,233472906
2024-08-21 10:29:12,39100.0,100,Sell,233472905
2024-08-21 10:29:12,39100.0,1000,Sell,233472903
2024-08-21 10:29:12,39100.0,200,Sell,233472902
2024-08-21 10:29:12,39100.0,1000,Sell,233472904
2024-08-21 10:29:12,39100.0,100,Sell,233472900
2024-08-21 10:29:12,39100.0,1500,Sell,233472901
2024-08-21 10:29:12,39100.0,1000,Sell,233472893
2024-08-21 10:29:12,39100.0,600,Sell,233472895
2024-08-21 10:29:12,39100.0,1200,Sell,233472894
2024-08-21 10:29:12,39100.0,300,Sell,233472897
2024-08-21 10:29:12,39100.0,200,Sell,233472898
2024-08-21 10:29:12,39100.0,200,Sell,233472896
2024-08-21 10:29:12,39100.0,300,Sell,233472899
2024-08-21 10:29:24,39100.0,100,Sell,233473199
2024-08-21 10:29:24,39100.0,100,Sell,233473200
2024-08-21 10:29:24,39100.0,100,Sell,233473201
2024-08-21 10:29:24,39100.0,500,Sell,233473202
2024-08-21 10:29:24,39100.0,1000,Sell,233473203
2024-08-21 10:29:24,39100.0,3200,Sell,233473204
2024-08-21 10:29:32,39150.0,200,Buy,233473559
2024-08-21 10:29:37,39150.0,700,Buy,233473706
2024-08-21 10:29:39,39100.0,1000,Sell,233473752
2024-08-21 10:29:53,39100.0,1100,Sell,233474192
2024-08-21 10:29:53,39100.0,100,Sell,233474191
2024-08-21 10:29:53,39100.0,3800,Sell,233474190
2024-08-21 10:29:55,39150.0,500,Buy,233474251
2024-08-21 10:30:02,39150.0,700,Buy,233474475
2024-08-21 10:30:04,39150.0,200,Buy,233474575
2024-08-21 10:30:25,39150.0,2000,Buy,233475315
2024-08-21 10:30:27,39100.0,200,Sell,233475366
2024-08-21 10:30:27,39150.0,700,Buy,233475376
2024-08-21 10:30:32,39100.0,500,Sell,233475586
2024-08-21 10:30:32,39100.0,2000,Sell,233475587
2024-08-21 10:30:35,39150.0,200,Buy,233475640
2024-08-21 10:30:37,39150.0,200,Buy,233475697
2024-08-21 10:30:42,39100.0,10000,Sell,233475820
2024-08-21 10:30:52,39150.0,800,Buy,233476306
2024-08-21 10:30:53,39100.0,200,Sell,233476349
2024-08-21 10:30:53,39100.0,1000,Sell,233476347
2024-08-21 10:31:03,39100.0,800,Sell,233476705
2024-08-21 10:31:09,39100.0,34200,Sell,233476928
2024-08-21 10:31:09,39100.0,2500,Sell,233476934
2024-08-21 10:31:09,39100.0,100,Sell,233476933
2024-08-21 10:31:09,39100.0,300,Sell,233476932
2024-08-21 10:31:09,39150.0,200,Buy,233476901
2024-08-21 10:31:09,39100.0,500,Sell,233476930
2024-08-21 10:31:09,39100.0,400,Sell,233476931
2024-08-21 10:31:09,39100.0,100,Sell,233476929
2024-08-21 10:31:15,39100.0,100,Sell,233477125
2024-08-21 10:31:16,39100.0,500,Sell,233477145
2024-08-21 10:31:16,39100.0,900,Sell,233477163
2024-08-21 10:31:16,39100.0,10000,Sell,233477162
2024-08-21 10:31:16,39100.0,3100,Sell,233477161
2024-08-21 10:31:16,39100.0,1100,Sell,233477160
2024-08-21 10:31:16,39100.0,2400,Sell,233477144
2024-08-21 10:31:16,39100.0,8200,Sell,233477158
2024-08-21 10:31:16,39100.0,800,Sell,233477147
2024-08-21 10:31:16,39100.0,300,Sell,233477146
2024-08-21 10:31:16,39100.0,2700,Sell,233477159
2024-08-21 10:31:17,39150.0,700,Buy,233477207
2024-08-21 10:31:26,39100.0,1800,Sell,233477722
2024-08-21 10:31:26,39100.0,1900,Sell,233477723
2024-08-21 10:31:26,39100.0,300,Sell,233477724
2024-08-21 10:31:26,39100.0,100,Sell,233477725
2024-08-21 10:31:26,39100.0,1000,Sell,233477726
2024-08-21 10:31:26,39100.0,500,Sell,233477727
2024-08-21 10:31:26,39100.0,200,Sell,233477728
2024-08-21 10:31:26,39100.0,200,Sell,233477729
2024-08-21 10:31:26,39100.0,100,Sell,233477730
2024-08-21 10:31:26,39100.0,100,Sell,233477733
2024-08-21 10:31:26,39100.0,100,Sell,233477721
2024-08-21 10:31:26,39100.0,100,Sell,233477734
2024-08-21 10:31:26,39100.0,1000,Sell,233477736
2024-08-21 10:31:26,39100.0,1000,Sell,233477737
2024-08-21 10:31:26,39100.0,300,Sell,233477738
2024-08-21 10:31:26,39100.0,4900,Sell,233477739
2024-08-21 10:31:26,39100.0,100,Sell,233477740
2024-08-21 10:31:26,39100.0,500,Sell,233477741
2024-08-21 10:31:26,39100.0,500,Sell,233477731
2024-08-21 10:31:26,39100.0,100,Sell,233477720
2024-08-21 10:31:26,39100.0,1000,Sell,233477735
2024-08-21 10:31:26,39100.0,200,Sell,233477718
2024-08-21 10:31:26,39100.0,100,Sell,233477719
2024-08-21 10:31:26,39100.0,200,Sell,233477667
2024-08-21 10:31:26,39100.0,100,Sell,233477668
2024-08-21 10:31:26,39100.0,1400,Sell,233477669
2024-08-21 10:31:26,39100.0,300,Sell,233477670
2024-08-21 10:31:26,39100.0,100,Sell,233477671
2024-08-21 10:31:26,39100.0,100,Sell,233477672
2024-08-21 10:31:26,39100.0,1800,Sell,233477673
2024-08-21 10:31:26,39100.0,1200,Sell,233477705
2024-08-21 10:31:26,39100.0,2000,Sell,233477706
2024-08-21 10:31:26,39100.0,1000,Sell,233477732
2024-08-21 10:31:26,39100.0,100,Sell,233477707
2024-08-21 10:31:26,39100.0,100,Sell,233477708
2024-08-21 10:31:26,39100.0,500,Sell,233477709
2024-08-21 10:31:26,39100.0,400,Sell,233477710
2024-08-21 10:31:26,39100.0,1000,Sell,233477711
2024-08-21 10:31:26,39100.0,400,Sell,233477712
2024-08-21 10:31:26,39100.0,500,Sell,233477713
2024-08-21 10:31:26,39100.0,2000,Sell,233477714
2024-08-21 10:31:26,39100.0,100,Sell,233477715
2024-08-21 10:31:26,39100.0,500,Sell,233477716
2024-08-21 10:31:26,39100.0,100,Sell,233477717
2024-08-21 10:31:27,39100.0,3500,Sell,233477776
2024-08-21 10:31:27,39100.0,500,Sell,233477775
2024-08-21 10:31:27,39100.0,400,Sell,233477774
2024-08-21 10:31:27,39100.0,800,Sell,233477772
2024-08-21 10:31:27,39100.0,100,Sell,233477773
2024-08-21 10:31:27,39100.0,100,Sell,233477770
2024-08-21 10:31:27,39100.0,300,Sell,233477769
2024-08-21 10:31:27,39100.0,1100,Sell,233477767
2024-08-21 10:31:27,39100.0,200,Sell,233477771
2024-08-21 10:31:27,39100.0,5100,Sell,233477768
2024-08-21 10:31:41,39100.0,200,Buy,233478296
2024-08-21 10:31:42,39100.0,700,Buy,233478382
2024-08-21 10:31:48,39050.0,100,Sell,233478603
2024-08-21 10:31:48,39050.0,200,Sell,233478604
2024-08-21 10:31:50,39100.0,1000,Buy,233478679
2024-08-21 10:32:07,39100.0,700,Buy,233479358
2024-08-21 10:32:08,39050.0,100,Sell,233479370
2024-08-21 10:32:09,39100.0,100,Buy,233479420
2024-08-21 10:32:12,39100.0,200,Buy,233479585
2024-08-21 10:32:13,39100.0,200,Buy,233479667
2024-08-21 10:32:24,39050.0,1000,Sell,233480210
2024-08-21 10:32:24,39050.0,1000,Sell,233480211
2024-08-21 10:32:24,39050.0,100,Sell,233480208
2024-08-21 10:32:24,39050.0,900,Sell,233480207
2024-08-21 10:32:24,39050.0,2000,Sell,233480209
2024-08-21 10:32:31,39050.0,100,Sell,233480541
2024-08-21 10:32:31,39050.0,1500,Sell,233480542
2024-08-21 10:32:31,39050.0,100,Sell,233480543
2024-08-21 10:32:31,39050.0,100,Sell,233480544
2024-08-21 10:32:31,39050.0,100,Sell,233480545
2024-08-21 10:32:31,39050.0,800,Sell,233480546
2024-08-21 10:32:32,39050.0,100,Sell,233480566
2024-08-21 10:32:32,39100.0,700,Buy,233480626
2024-08-21 10:32:39,39050.0,1000,Sell,233480962
2024-08-21 10:32:44,39100.0,4600,Buy,233481132
2024-08-21 10:32:44,39100.0,1200,Buy,233481130
2024-08-21 10:32:44,39100.0,1500,Buy,233481131
2024-08-21 10:32:49,39050.0,1000,Sell,233481300
2024-08-21 10:32:55,39050.0,100,Sell,233481664
2024-08-21 10:32:57,39100.0,800,Buy,233481735
2024-08-21 10:32:57,39050.0,500,Sell,233481717
2024-08-21 10:33:03,39050.0,1000,Sell,233482077
2024-08-21 10:33:03,39100.0,200,Buy,233482035
2024-08-21 10:33:19,39050.0,5500,Sell,233482695
2024-08-21 10:33:19,39050.0,5300,Sell,233482696
2024-08-21 10:33:19,39050.0,1000,Sell,233482697
2024-08-21 10:33:19,39050.0,100,Sell,233482698
2024-08-21 10:33:19,39050.0,100,Sell,233482699
2024-08-21 10:33:19,39050.0,7000,Sell,233482701
2024-08-21 10:33:19,39050.0,1000,Sell,233482700
2024-08-21 10:33:22,39050.0,2000,Sell,233482835
2024-08-21 10:33:22,39100.0,700,Buy,233482837
2024-08-21 10:33:23,39050.0,100,Sell,233482845
2024-08-21 10:33:23,39050.0,100,Sell,233482846
2024-08-21 10:33:23,39050.0,100,Sell,233482847
2024-08-21 10:33:26,39050.0,1400,Sell,233482937
2024-08-21 10:33:26,39050.0,100,Sell,233482920
2024-08-21 10:33:28,39050.0,100,Sell,233482995
2024-08-21 10:33:28,39050.0,7400,Sell,233482993
2024-08-21 10:33:28,39050.0,500,Sell,233482994
2024-08-21 10:33:30,39050.0,3000,Sell,233483051
2024-08-21 10:33:30,39050.0,100,Sell,233483077
2024-08-21 10:33:30,39050.0,100,Sell,233483076
2024-08-21 10:33:30,39050.0,2400,Sell,233483075
2024-08-21 10:33:30,39050.0,2600,Sell,233483053
2024-08-21 10:33:30,39050.0,1000,Sell,233483052
2024-08-21 10:33:30,39050.0,5000,Sell,233483050
2024-08-21 10:33:30,39050.0,400,Sell,233483041
2024-08-21 10:33:30,39050.0,500,Sell,233483048
2024-08-21 10:33:30,39050.0,100,Sell,233483047
2024-08-21 10:33:30,39050.0,1000,Sell,233483046
2024-08-21 10:33:30,39050.0,200,Sell,233483045
2024-08-21 10:33:30,39050.0,100,Sell,233483044
2024-08-21 10:33:30,39050.0,2000,Sell,233483043
2024-08-21 10:33:30,39050.0,500,Sell,233483042
2024-08-21 10:33:30,39050.0,1000,Sell,233483049
2024-08-21 10:33:34,39100.0,200,Buy,233483315
2024-08-21 10:33:34,39050.0,17900,Sell,233483308
2024-08-21 10:33:34,39050.0,100,Sell,233483307
2024-08-21 10:33:34,39050.0,100,Sell,233483306
2024-08-21 10:33:34,39050.0,400,Sell,233483305
2024-08-21 10:33:34,39050.0,200,Sell,233483304
2024-08-21 10:33:34,39050.0,100,Sell,233483302
2024-08-21 10:33:34,39050.0,100,Sell,233483298
2024-08-21 10:33:34,39050.0,600,Sell,233483299
2024-08-21 10:33:34,39050.0,500,Sell,233483303
2024-08-21 10:33:34,39050.0,5000,Sell,233483301
2024-08-21 10:33:34,39050.0,100,Sell,233483300
2024-08-21 10:33:35,39050.0,700,Sell,233483317
2024-08-21 10:33:35,39050.0,1300,Sell,233483331
2024-08-21 10:33:39,39050.0,600,Sell,233483466
2024-08-21 10:33:39,39050.0,100,Sell,233483513
2024-08-21 10:33:40,39050.0,300,Sell,233483530
2024-08-21 10:33:41,39050.0,200,Sell,233483597
2024-08-21 10:33:41,39050.0,1200,Sell,233483595
2024-08-21 10:33:41,39050.0,700,Sell,233483593
2024-08-21 10:33:41,39050.0,1000,Sell,233483592
2024-08-21 10:33:41,39050.0,300,Sell,233483591
2024-08-21 10:33:41,39050.0,500,Sell,233483590
2024-08-21 10:33:41,39050.0,400,Sell,233483596
2024-08-21 10:33:41,39050.0,100,Sell,233483588
2024-08-21 10:33:41,39050.0,100,Sell,233483589
2024-08-21 10:33:41,39050.0,2700,Sell,233483583
2024-08-21 10:33:41,39050.0,1400,Sell,233483584
2024-08-21 10:33:41,39050.0,100,Sell,233483594
2024-08-21 10:33:41,39050.0,200,Sell,233483586
2024-08-21 10:33:41,39050.0,2200,Sell,233483587
2024-08-21 10:33:41,39050.0,100,Sell,233483585
2024-08-21 10:33:45,39050.0,100,Buy,233483755
2024-08-21 10:33:47,39050.0,700,Buy,233483852
2024-08-21 10:33:56,39050.0,100,Buy,233484277
2024-08-21 10:34:03,39000.0,300,Sell,233484654
2024-08-21 10:34:03,39000.0,200,Sell,233484628
2024-08-21 10:34:03,39000.0,200,Sell,233484629
2024-08-21 10:34:04,39000.0,500,Sell,233484668
2024-08-21 10:34:06,39050.0,1000,Buy,233484788
2024-08-21 10:34:06,39000.0,1200,Sell,233484748
2024-08-21 10:34:07,39050.0,200,Buy,233484829
2024-08-21 10:34:12,39050.0,700,Buy,233485051
2024-08-21 10:34:21,39000.0,800,Sell,233485504
2024-08-21 10:34:21,39000.0,200,Sell,233485505
2024-08-21 10:34:22,39050.0,6000,Buy,233485563
2024-08-21 10:34:22,39050.0,200,Buy,233485564
2024-08-21 10:34:22,39050.0,100,Buy,233485565
2024-08-21 10:34:22,39050.0,8700,Buy,233485566
2024-08-21 10:34:23,39000.0,1500,Sell,233485616
2024-08-21 10:34:23,39000.0,1000,Sell,233485615
2024-08-21 10:34:23,39000.0,2700,Sell,233485610
2024-08-21 10:34:23,39000.0,3000,Sell,233485614
2024-08-21 10:34:23,39000.0,100,Sell,233485571
2024-08-21 10:34:25,39000.0,1500,Sell,233485676
2024-08-21 10:34:25,39000.0,2000,Sell,233485677
2024-08-21 10:34:25,39000.0,1500,Sell,233485678
2024-08-21 10:34:31,39000.0,100,Sell,233485929
2024-08-21 10:34:37,39050.0,600,Buy,233486244
2024-08-21 10:34:37,39050.0,100,Buy,233486245
2024-08-21 10:34:37,39000.0,1000,Sell,233486276
2024-08-21 10:34:39,39050.0,200,Buy,233486320
2024-08-21 10:34:43,39050.0,1100,Buy,233486545
2024-08-21 10:34:45,39050.0,1000,Buy,233486591
2024-08-21 10:34:46,39000.0,1000,Sell,233486618
2024-08-21 10:34:52,39000.0,200,Sell,233487016
2024-08-21 10:34:53,39050.0,200,Buy,233487027
2024-08-21 10:34:55,39000.0,500,Sell,233487097
2024-08-21 10:34:57,39050.0,1000,Buy,233487234
2024-08-21 10:35:02,39050.0,800,Buy,233487508
2024-08-21 10:35:07,39000.0,2500,Sell,233487704
2024-08-21 10:35:07,39000.0,1000,Sell,233487705
2024-08-21 10:35:07,39000.0,1000,Sell,233487709
2024-08-21 10:35:10,39050.0,100,Buy,233487798
2024-08-21 10:35:11,39050.0,200,Buy,233487820
2024-08-21 10:35:22,39000.0,500,Sell,233488407
2024-08-21 10:35:22,39000.0,10000,Sell,233488425
2024-08-21 10:35:22,39000.0,1000,Sell,233488424
2024-08-21 10:35:22,39000.0,100,Sell,233488423
2024-08-21 10:35:22,39000.0,100,Sell,233488426
2024-08-21 10:35:22,39000.0,200,Sell,233488422
2024-08-21 10:35:22,39000.0,100,Sell,233488421
2024-08-21 10:35:22,39000.0,200,Sell,233488420
2024-08-21 10:35:22,39000.0,100,Sell,233488419
2024-08-21 10:35:22,39000.0,100,Sell,233488418
2024-08-21 10:35:22,39000.0,10000,Sell,233488416
2024-08-21 10:35:22,39000.0,3000,Sell,233488415
2024-08-21 10:35:22,39000.0,100,Sell,233488412
2024-08-21 10:35:22,39000.0,100,Sell,233488411
2024-08-21 10:35:22,39000.0,2000,Sell,233488410
2024-08-21 10:35:22,39000.0,5000,Sell,233488409
2024-08-21 10:35:22,39000.0,100,Sell,233488408
2024-08-21 10:35:22,39000.0,200,Sell,233488417
2024-08-21 10:35:22,39000.0,500,Sell,233488427
2024-08-21 10:35:22,39000.0,500,Sell,233488439
2024-08-21 10:35:22,39000.0,6400,Sell,233488429
2024-08-21 10:35:22,39000.0,3000,Sell,233488479
2024-08-21 10:35:22,39000.0,1000,Sell,233488478
2024-08-21 10:35:22,39000.0,100,Sell,233488477
2024-08-21 10:35:22,39000.0,500,Sell,233488476
2024-08-21 10:35:22,39000.0,2000,Sell,233488475
2024-08-21 10:35:22,39000.0,3400,Sell,233488474
2024-08-21 10:35:22,39000.0,1600,Sell,233488442
2024-08-21 10:35:22,39000.0,200,Sell,233488441
2024-08-21 10:35:22,39000.0,400,Sell,233488428
2024-08-21 10:35:22,39000.0,200,Sell,233488440
2024-08-21 10:35:22,39000.0,600,Sell,233488438
2024-08-21 10:35:22,39000.0,200,Sell,233488437
2024-08-21 10:35:22,39000.0,1500,Sell,233488436
2024-08-21 10:35:22,39000.0,10000,Sell,233488435
2024-08-21 10:35:22,39000.0,500,Sell,233488433
2024-08-21 10:35:22,39000.0,2000,Sell,233488432
2024-08-21 10:35:22,39000.0,1000,Sell,233488431
2024-08-21 10:35:22,39000.0,1000,Sell,233488430
2024-08-21 10:35:22,39000.0,200,Sell,233488406
2024-08-21 10:35:22,39000.0,100,Sell,233488405
2024-08-21 10:35:22,39000.0,100,Sell,233488434
2024-08-21 10:35:22,39000.0,1000,Sell,233488403
2024-08-21 10:35:22,39000.0,100,Sell,233488380
2024-08-21 10:35:22,39000.0,200,Sell,233488379
2024-08-21 10:35:22,39000.0,100,Sell,233488378
2024-08-21 10:35:22,39000.0,100,Sell,233488377
2024-08-21 10:35:22,39000.0,2000,Sell,233488376
2024-08-21 10:35:22,39000.0,1000,Sell,233488375
2024-08-21 10:35:22,39000.0,2000,Sell,233488374
2024-08-21 10:35:22,39000.0,200,Sell,233488373
2024-08-21 10:35:22,39000.0,100,Sell,233488381
2024-08-21 10:35:22,39000.0,1000,Sell,233488372
2024-08-21 10:35:22,39000.0,100,Sell,233488369
2024-08-21 10:35:22,39000.0,2000,Sell,233488368
2024-08-21 10:35:22,39000.0,3000,Sell,233488367
2024-08-21 10:35:22,39000.0,200,Sell,233488366
2024-08-21 10:35:22,39000.0,300,Sell,233488365
2024-08-21 10:35:22,39000.0,2000,Sell,233488364
2024-08-21 10:35:22,39000.0,11200,Sell,233488363
2024-08-21 10:35:22,39000.0,2700,Sell,233488404
2024-08-21 10:35:22,39000.0,4000,Sell,233488370
2024-08-21 10:35:22,39000.0,2000,Sell,233488382
2024-08-21 10:35:22,39000.0,200,Sell,233488371
2024-08-21 10:35:22,39000.0,2000,Sell,233488384
2024-08-21 10:35:22,39000.0,100,Sell,233488401
2024-08-21 10:35:22,39000.0,10000,Sell,233488400
2024-08-21 10:35:22,39000.0,100,Sell,233488399
2024-08-21 10:35:22,39000.0,300,Sell,233488398
2024-08-21 10:35:22,39000.0,800,Sell,233488397
2024-08-21 10:35:22,39000.0,100,Sell,233488396
2024-08-21 10:35:22,39000.0,300,Sell,233488395
2024-08-21 10:35:22,39000.0,100,Sell,233488394
2024-08-21 10:35:22,39000.0,100,Sell,233488402
2024-08-21 10:35:22,39000.0,100,Sell,233488392
2024-08-21 10:35:22,39000.0,100,Sell,233488391
2024-08-21 10:35:22,39000.0,1000,Sell,233488390
2024-08-21 10:35:22,39000.0,1000,Sell,233488389
2024-08-21 10:35:22,39000.0,1000,Sell,233488388
2024-08-21 10:35:22,39000.0,300,Sell,233488387
2024-08-21 10:35:22,39000.0,100,Sell,233488386
2024-08-21 10:35:22,39000.0,3000,Sell,233488385
2024-08-21 10:35:22,39000.0,100,Sell,233488393
2024-08-21 10:35:22,39000.0,100,Sell,233488383
2024-08-21 10:35:24,39000.0,25000,Sell,233488523
2024-08-21 10:35:25,39000.0,2000,Sell,233488619
2024-08-21 10:35:26,39000.0,300,Sell,233488642
2024-08-21 10:35:27,39000.0,2000,Sell,233488679
2024-08-21 10:35:27,39050.0,200,Buy,233488701
2024-08-21 10:35:27,39050.0,300,Buy,233488702
2024-08-21 10:35:27,39050.0,200,Buy,233488703
2024-08-21 10:35:27,39000.0,8000,Sell,233488710
2024-08-21 10:35:27,39050.0,100,Buy,233488672
2024-08-21 10:35:28,39000.0,100,Sell,233488752
2024-08-21 10:35:29,39000.0,100,Sell,233488763
2024-08-21 10:35:29,39000.0,19500,Sell,233488765
2024-08-21 10:35:29,39000.0,6000,Sell,233488766
2024-08-21 10:35:29,39000.0,1100,Sell,233488771
2024-08-21 10:35:31,39000.0,6000,Sell,233488842
2024-08-21 10:35:33,39000.0,2000,Sell,233488944
2024-08-21 10:35:33,39000.0,4500,Sell,233488933
2024-08-21 10:35:34,39000.0,500,Sell,233488985
2024-08-21 10:35:34,39000.0,2900,Sell,233488980
2024-08-21 10:35:34,39000.0,400,Sell,233488984
2024-08-21 10:35:34,39000.0,1300,Sell,233488983
2024-08-21 10:35:34,39000.0,1000,Sell,233488982
2024-08-21 10:35:34,39000.0,100,Sell,233488981
2024-08-21 10:35:34,39000.0,2100,Sell,233488979
2024-08-21 10:35:34,39000.0,2000,Sell,233488972
2024-08-21 10:35:34,39000.0,300,Sell,233488977
2024-08-21 10:35:34,39000.0,300,Sell,233488976
2024-08-21 10:35:34,39000.0,100,Sell,233488975
2024-08-21 10:35:34,39000.0,5000,Sell,233488974
2024-08-21 10:35:34,39000.0,1000,Sell,233488973
2024-08-21 10:35:34,39000.0,20400,Sell,233488971
2024-08-21 10:35:34,39000.0,3500,Sell,233488978
2024-08-21 10:35:35,39000.0,2000,Sell,233489002
2024-08-21 10:35:36,39000.0,5500,Sell,233489032
2024-08-21 10:35:36,39000.0,500,Sell,233489033
2024-08-21 10:35:36,39000.0,100,Sell,233489034
2024-08-21 10:35:36,39000.0,300,Sell,233489035
2024-08-21 10:35:36,39000.0,7900,Sell,233489036
2024-08-21 10:35:43,39000.0,200,Buy,233489346
2024-08-21 10:35:46,38950.0,100,Sell,233489458
2024-08-21 10:35:46,38950.0,100,Sell,233489457
2024-08-21 10:35:46,38950.0,800,Sell,233489455
2024-08-21 10:35:46,38950.0,100,Sell,233489454
2024-08-21 10:35:46,38950.0,800,Sell,233489456
2024-08-21 10:35:48,38950.0,2000,Sell,233489576
2024-08-21 10:35:48,38950.0,900,Sell,233489577
2024-08-21 10:35:48,38950.0,100,Sell,233489578
2024-08-21 10:35:52,39000.0,700,Buy,233489743
2024-08-21 10:35:54,38950.0,6400,Sell,233489819
2024-08-21 10:35:57,38950.0,100,Sell,233490042
2024-08-21 10:35:57,38950.0,4500,Sell,233490045
2024-08-21 10:35:57,38950.0,100,Sell,233490044
2024-08-21 10:35:57,38950.0,300,Sell,233490043
2024-08-21 10:35:57,38950.0,100,Sell,233490041
2024-08-21 10:35:57,38950.0,200,Sell,233490037
2024-08-21 10:35:57,38950.0,10000,Sell,233490039
2024-08-21 10:35:57,38950.0,100,Sell,233490038
2024-08-21 10:35:57,38950.0,1000,Sell,233490036
2024-08-21 10:35:57,38950.0,3500,Sell,233490035
2024-08-21 10:35:57,38950.0,100,Sell,233490040
2024-08-21 10:36:00,38950.0,1000,Sell,233490127
2024-08-21 10:36:02,38950.0,600,Sell,233490189
2024-08-21 10:36:09,38950.0,100,Buy,233490501
2024-08-21 10:36:13,38950.0,1000,Buy,233490618
2024-08-21 10:36:13,38950.0,800,Buy,233490617
2024-08-21 10:36:13,38950.0,2000,Buy,233490615
2024-08-21 10:36:13,38950.0,9300,Buy,233490614
2024-08-21 10:36:13,38950.0,500,Buy,233490616
2024-08-21 10:36:14,38950.0,1400,Sell,233490664
2024-08-21 10:36:16,38950.0,200,Buy,233490722
2024-08-21 10:36:17,38950.0,400,Buy,233490829
2024-08-21 10:36:17,38950.0,300,Buy,233490830
2024-08-21 10:36:18,38900.0,6000,Sell,233490866
2024-08-21 10:36:18,38900.0,1000,Sell,233490867
2024-08-21 10:36:18,38900.0,600,Sell,233490868
2024-08-21 10:36:18,38900.0,2400,Sell,233490869
2024-08-21 10:36:22,38900.0,3200,Sell,233491057
2024-08-21 10:36:22,38950.0,1000,Buy,233491074
2024-08-21 10:36:22,38900.0,2000,Sell,233491055
2024-08-21 10:36:22,38900.0,100,Sell,233491056
2024-08-21 10:36:22,38900.0,2600,Sell,233491054
2024-08-21 10:36:26,38950.0,2000,Sell,233491194
2024-08-21 10:36:26,38950.0,400,Buy,233491185
2024-08-21 10:36:26,38950.0,1000,Buy,233491186
2024-08-21 10:36:26,38950.0,200,Buy,233491187
2024-08-21 10:36:29,38950.0,4400,Sell,233491311
2024-08-21 10:36:29,38950.0,2000,Sell,233491303
2024-08-21 10:36:30,38950.0,100,Buy,233491355
2024-08-21 10:36:31,38950.0,100,Buy,233491423
2024-08-21 10:36:42,38950.0,800,Buy,233491881
2024-08-21 10:36:44,38950.0,200,Buy,233491917
2024-08-21 10:36:48,38950.0,200,Buy,233492088
2024-08-21 10:36:50,38900.0,200,Sell,233492153
2024-08-21 10:36:53,38950.0,100,Buy,233492227
2024-08-21 10:36:56,38900.0,500,Sell,233492334
2024-08-21 10:37:06,38900.0,100,Sell,233492732
2024-08-21 10:37:07,38900.0,1000,Sell,233492791
2024-08-21 10:37:07,38950.0,700,Buy,233492792
2024-08-21 10:37:13,38950.0,2000,Buy,233493058
2024-08-21 10:37:20,38950.0,200,Buy,233493328
2024-08-21 10:37:23,38900.0,1000,Sell,233493498
2024-08-21 10:37:28,38950.0,1200,Buy,233493683
2024-08-21 10:37:28,38950.0,4000,Buy,233493684
2024-08-21 10:37:28,38950.0,1000,Buy,233493685
2024-08-21 10:37:28,38950.0,200,Buy,233493686
2024-08-21 10:37:28,38950.0,900,Buy,233493687
2024-08-21 10:37:30,38900.0,2100,Sell,233493746
2024-08-21 10:37:32,38950.0,1000,Buy,233493833
2024-08-21 10:37:32,38950.0,700,Buy,233493835
2024-08-21 10:37:34,38900.0,900,Sell,233493881
2024-08-21 10:37:37,38900.0,200,Sell,233494040
2024-08-21 10:37:37,38900.0,8300,Sell,233494041
2024-08-21 10:37:37,38900.0,300,Sell,233494039
2024-08-21 10:37:37,38900.0,100,Sell,233494037
2024-08-21 10:37:37,38900.0,5000,Sell,233494036
2024-08-21 10:37:37,38900.0,5000,Sell,233494035
2024-08-21 10:37:37,38900.0,1000,Sell,233494034
2024-08-21 10:37:37,38900.0,100,Sell,233494038
2024-08-21 10:37:40,38900.0,100,Sell,233494105
2024-08-21 10:37:46,38900.0,100,Sell,233494332
2024-08-21 10:37:48,38900.0,500,Sell,233494402
2024-08-21 10:37:51,38900.0,1000,Sell,233494499
2024-08-21 10:37:51,38900.0,100,Sell,233494500
2024-08-21 10:37:51,38900.0,1000,Sell,233494501
2024-08-21 10:37:51,38900.0,900,Sell,233494502
2024-08-21 10:37:52,38950.0,200,Buy,233494521
2024-08-21 10:37:54,38900.0,3700,Sell,233494629
2024-08-21 10:37:54,38900.0,100,Sell,233494628
2024-08-21 10:37:54,38900.0,1100,Sell,233494626
2024-08-21 10:37:54,38900.0,100,Sell,233494627
2024-08-21 10:37:57,38950.0,700,Buy,233494774
2024-08-21 10:38:01,38950.0,2300,Buy,233494926
2024-08-21 10:38:01,38950.0,2300,Buy,233494924
2024-08-21 10:38:01,38950.0,2300,Buy,233494925
2024-08-21 10:38:01,38950.0,2300,Buy,233494927
2024-08-21 10:38:01,38950.0,300,Buy,233494923
2024-08-21 10:38:01,38950.0,2300,Buy,233494929
2024-08-21 10:38:01,38950.0,35300,Buy,233494930
2024-08-21 10:38:01,38950.0,300,Buy,233494939
2024-08-21 10:38:01,38950.0,2300,Buy,233494928
2024-08-21 10:38:01,38950.0,1000,Buy,233494922
2024-08-21 10:38:01,38950.0,6000,Buy,233494915
2024-08-21 10:38:01,38950.0,100,Buy,233494920
2024-08-21 10:38:01,38950.0,20000,Buy,233494912
2024-08-21 10:38:01,38950.0,1000,Buy,233494913
2024-08-21 10:38:01,38950.0,400,Buy,233494914
2024-08-21 10:38:01,38950.0,2500,Buy,233494911
2024-08-21 10:38:01,38950.0,12900,Buy,233494921
2024-08-21 10:38:01,38950.0,1300,Buy,233494917
2024-08-21 10:38:01,38950.0,2000,Buy,233494918
2024-08-21 10:38:01,38950.0,100,Buy,233494919
2024-08-21 10:38:01,38950.0,3300,Buy,233494916
2024-08-21 10:38:05,38950.0,14400,Buy,233495049
2024-08-21 10:38:05,38950.0,500,Buy,233495051
2024-08-21 10:38:05,38950.0,1000,Buy,233495052
2024-08-21 10:38:05,38950.0,1000,Buy,233495053
2024-08-21 10:38:05,38950.0,1000,Buy,233495054
2024-08-21 10:38:05,38950.0,1000,Buy,233495055
2024-08-21 10:38:05,38950.0,500,Buy,233495056
2024-08-21 10:38:05,38950.0,100,Sell,233495057
2024-08-21 10:38:05,38950.0,300,Buy,233495050
2024-08-21 10:38:06,38950.0,11500,Sell,233495104
2024-08-21 10:38:08,38950.0,200,Sell,233495173
2024-08-21 10:38:16,39000.0,1900,Buy,233495374
2024-08-21 10:38:18,39000.0,100000,Buy,233495457
2024-08-21 10:38:21,39000.0,900,Buy,233495519
2024-08-21 10:38:22,39000.0,100,Buy,233495561
2024-08-21 10:38:22,39000.0,2000,Buy,233495571
2024-08-21 10:38:22,39000.0,700,Buy,233495572
2024-08-21 10:38:24,39000.0,200,Buy,233495605
2024-08-21 10:38:24,39000.0,300,Buy,233495610
2024-08-21 10:38:24,39000.0,3000,Buy,233495615
2024-08-21 10:38:24,39000.0,500,Buy,233495616
2024-08-21 10:38:24,39000.0,5000,Buy,233495617
2024-08-21 10:38:24,39000.0,1500,Buy,233495618
2024-08-21 10:38:25,39000.0,5000,Buy,233495639
2024-08-21 10:38:25,39000.0,2000,Buy,233495640
2024-08-21 10:38:25,39000.0,1500,Buy,233495641
2024-08-21 10:38:25,39000.0,100,Buy,233495642
2024-08-21 10:38:25,39000.0,1000,Buy,233495646
2024-08-21 10:38:25,39000.0,1000,Buy,233495644
2024-08-21 10:38:25,39000.0,2000,Buy,233495645
2024-08-21 10:38:25,39000.0,6600,Buy,233495635
2024-08-21 10:38:25,39000.0,1000,Buy,233495643
2024-08-21 10:38:25,39000.0,200,Buy,233495634
2024-08-21 10:38:25,39000.0,26000,Buy,233495623
2024-08-21 10:38:25,39000.0,1000,Buy,233495632
2024-08-21 10:38:25,39000.0,200,Buy,233495633
2024-08-21 10:38:25,39000.0,500,Buy,233495624
2024-08-21 10:38:25,39000.0,500,Buy,233495625
2024-08-21 10:38:25,39000.0,1000,Buy,233495626
2024-08-21 10:38:25,39000.0,2500,Buy,233495622
2024-08-21 10:38:25,39000.0,5000,Buy,233495628
2024-08-21 10:38:25,39000.0,500,Buy,233495631
2024-08-21 10:38:25,39000.0,100,Buy,233495627
2024-08-21 10:38:25,39000.0,2700,Buy,233495629
2024-08-21 10:38:25,39000.0,17300,Buy,233495630
2024-08-21 10:38:27,39000.0,3000,Sell,233495712
2024-08-21 10:38:32,39050.0,300,Buy,233495818
2024-08-21 10:38:32,39050.0,4000,Buy,233495819
2024-08-21 10:38:32,39050.0,1000,Buy,233495820
2024-08-21 10:38:32,39050.0,1300,Buy,233495821
2024-08-21 10:38:32,39050.0,3200,Buy,233495823
2024-08-21 10:38:32,39000.0,1400,Sell,233495824
2024-08-21 10:38:32,39050.0,200,Buy,233495822
2024-08-21 10:38:34,39050.0,700,Buy,233495901
2024-08-21 10:38:37,39050.0,100,Buy,233496057
2024-08-21 10:38:41,39000.0,100,Sell,233496183
2024-08-21 10:38:47,39050.0,800,Buy,233496356
2024-08-21 10:38:49,39000.0,100,Sell,233496409
2024-08-21 10:38:50,39000.0,1000,Sell,233496456
2024-08-21 10:38:56,39000.0,1000,Sell,233496605
2024-08-21 10:38:56,39050.0,200,Buy,233496606
2024-08-21 10:38:58,39000.0,1700,Sell,233496663
2024-08-21 10:39:01,39050.0,200,Buy,233496749
2024-08-21 10:39:05,39000.0,14000,Sell,233496886
2024-08-21 10:39:05,39000.0,16000,Sell,233496887
2024-08-21 10:39:07,39050.0,1500,Buy,233496956
2024-08-21 10:39:12,39050.0,700,Buy,233497186
2024-08-21 10:39:15,39000.0,300,Sell,233497253
2024-08-21 10:39:15,39000.0,9700,Sell,233497254
2024-08-21 10:39:22,39000.0,4200,Sell,233497503
2024-08-21 10:39:22,39000.0,100,Sell,233497504
2024-08-21 10:39:22,39000.0,900,Sell,233497510
2024-08-21 10:39:22,39000.0,200,Sell,233497509
2024-08-21 10:39:22,39000.0,100,Sell,233497506
2024-08-21 10:39:22,39000.0,1900,Sell,233497507
2024-08-21 10:39:22,39000.0,2300,Sell,233497508
2024-08-21 10:39:22,39000.0,900,Sell,233497505
2024-08-21 10:39:22,39000.0,2300,Sell,233497502
2024-08-21 10:39:22,39000.0,1000,Sell,233497499
2024-08-21 10:39:22,39000.0,500,Sell,233497500
2024-08-21 10:39:22,39000.0,2000,Sell,233497501
2024-08-21 10:39:22,39000.0,300,Sell,233497491
2024-08-21 10:39:22,39000.0,500,Sell,233497492
2024-08-21 10:39:22,39000.0,5000,Sell,233497493
2024-08-21 10:39:22,39000.0,500,Sell,233497496
2024-08-21 10:39:22,39000.0,15000,Sell,233497495
2024-08-21 10:39:22,39000.0,200,Sell,233497497
2024-08-21 10:39:22,39000.0,2000,Sell,233497494
2024-08-21 10:39:22,39000.0,100,Sell,233497498
2024-08-21 10:39:23,39000.0,1400,Sell,233497549
2024-08-21 10:39:24,39000.0,500,Buy,233497569
2024-08-21 10:39:28,39000.0,200,Buy,233497707
2024-08-21 10:39:28,38950.0,1200,Sell,233497708
2024-08-21 10:39:31,39000.0,400,Buy,233497771
2024-08-21 10:39:35,39000.0,3000,Buy,233497859
2024-08-21 10:39:36,39000.0,500,Buy,233497894
2024-08-21 10:39:36,39000.0,2000,Buy,233497893
2024-08-21 10:39:36,39000.0,5900,Buy,233497891
2024-08-21 10:39:36,39000.0,1600,Buy,233497892
2024-08-21 10:39:37,39000.0,700,Buy,233497936
2024-08-21 10:39:38,39000.0,500,Buy,233497940
2024-08-21 10:39:39,39000.0,100,Buy,233497989
2024-08-21 10:39:44,39000.0,800,Buy,233498188
2024-08-21 10:39:47,39000.0,1000,Buy,233498253
2024-08-21 10:39:48,39000.0,1400,Buy,233498275
2024-08-21 10:39:48,39000.0,100,Buy,233498276
2024-08-21 10:39:51,38950.0,100,Sell,233498379
2024-08-21 10:39:53,39000.0,4000,Buy,233498461
2024-08-21 10:39:53,39000.0,6000,Buy,233498462
2024-08-21 10:39:54,39000.0,500,Buy,233498496
2024-08-21 10:39:54,38950.0,1000,Sell,233498520
2024-08-21 10:39:59,39000.0,100,Buy,233498644
2024-08-21 10:40:01,39000.0,200,Buy,233498696
2024-08-21 10:40:02,39000.0,700,Buy,233498734
2024-08-21 10:40:04,39000.0,10000,Buy,233498807
2024-08-21 10:40:08,39000.0,200,Buy,233498900
2024-08-21 10:40:10,39000.0,900,Buy,233498929
2024-08-21 10:40:13,39000.0,6800,Buy,233498978
2024-08-21 10:40:13,39000.0,200,Buy,233498981
2024-08-21 10:40:13,39000.0,600,Buy,233498977
2024-08-21 10:40:13,39000.0,5000,Buy,233498979
2024-08-21 10:40:13,39000.0,3000,Buy,233498980
2024-08-21 10:40:15,39000.0,200,Buy,233499011
2024-08-21 10:40:15,39000.0,100,Buy,233499019
2024-08-21 10:40:16,39000.0,100,Buy,233499038
2024-08-21 10:40:17,39000.0,1900,Buy,233499089
2024-08-21 10:40:19,39000.0,10000,Sell,233499124
2024-08-21 10:40:22,39000.0,1000,Sell,233499207
2024-08-21 10:40:22,39000.0,500,Sell,233499206
2024-08-21 10:40:22,39000.0,500,Sell,233499205
2024-08-21 10:40:23,39000.0,200,Sell,233499231
2024-08-21 10:40:24,39000.0,200,Sell,233499254
2024-08-21 10:40:27,39000.0,3600,Sell,233499331
2024-08-21 10:40:27,39000.0,1000,Sell,233499332
2024-08-21 10:40:27,39000.0,400,Sell,233499333
2024-08-21 10:40:27,39050.0,700,Buy,233499343
2024-08-21 10:40:30,39000.0,1000,Sell,233499429
2024-08-21 10:40:33,39050.0,200,Buy,233499482
2024-08-21 10:40:33,39000.0,500,Sell,233499488
2024-08-21 10:40:46,39000.0,200,Sell,233499851
2024-08-21 10:40:51,39050.0,100,Buy,233499970
2024-08-21 10:40:51,39000.0,1000,Sell,233499959
2024-08-21 10:40:52,39050.0,500,Buy,233499990
2024-08-21 10:40:52,39050.0,300,Buy,233499989
2024-08-21 10:40:55,39000.0,1300,Sell,233500056
2024-08-21 10:41:05,39050.0,200,Buy,233500284
2024-08-21 10:41:07,39050.0,100,Buy,233500331
2024-08-21 10:41:11,39050.0,100,Buy,233500416
2024-08-21 10:41:13,39000.0,500,Sell,233500477
2024-08-21 10:41:17,39050.0,100,Buy,233500588
2024-08-21 10:41:17,39050.0,100,Buy,233500586
2024-08-21 10:41:17,39050.0,500,Buy,233500587
2024-08-21 10:41:24,39000.0,1000,Sell,233500753
2024-08-21 10:41:26,39050.0,400,Buy,233500783
2024-08-21 10:41:26,39050.0,500,Buy,233500784
2024-08-21 10:41:36,39050.0,300,Buy,233500965
2024-08-21 10:41:42,39050.0,200,Buy,233501108
2024-08-21 10:41:42,39050.0,500,Buy,233501109
2024-08-21 10:41:48,39050.0,200,Buy,233501221
2024-08-21 10:41:50,39050.0,400,Buy,233501283
2024-08-21 10:41:50,39050.0,600,Buy,233501284
2024-08-21 10:41:57,39050.0,1000,Buy,233501462
2024-08-21 10:42:06,39050.0,10000,Buy,233501608
2024-08-21 10:42:07,39050.0,700,Buy,233501641
2024-08-21 10:42:08,39050.0,200,Buy,233501676
2024-08-21 10:42:12,39050.0,200,Buy,233501749
2024-08-21 10:42:13,39050.0,4700,Buy,233501781
2024-08-21 10:42:13,39050.0,500,Buy,233501782
2024-08-21 10:42:14,39050.0,2000,Buy,233501802
2024-08-21 10:42:15,39050.0,100,Buy,233501836
