time,price,volume,match_type,id
2024-07-17 09:00:07,34600.0,200,Sell,223360822
2024-07-17 09:00:08,34700.0,2100,Sell,223360831
2024-07-17 09:00:43,34800.0,100,Buy,223361099
2024-07-17 09:00:46,34800.0,300,Buy,223361105
2024-07-17 09:01:04,34900.0,300,Buy,223361161
2024-07-17 09:01:13,34900.0,500,Buy,223361192
2024-07-17 09:01:32,34900.0,100,Buy,223361254
2024-07-17 09:01:34,34900.0,2000,Buy,223361264
2024-07-17 09:01:43,34900.0,3000,Buy,223361295
2024-07-17 09:01:59,34900.0,1000,Buy,223361341
2024-07-17 09:02:12,34900.0,200,Buy,223361391
2024-07-17 09:02:14,34900.0,700,Buy,223361401
2024-07-17 09:02:21,34900.0,2100,Buy,223361421
2024-07-17 09:02:34,34900.0,500,Sell,223361456
2024-07-17 09:02:43,34900.0,2700,Sell,223361483
2024-07-17 09:03:21,34800.0,500,Sell,223361613
2024-07-17 09:03:53,34800.0,1000,Sell,223361718
2024-07-17 09:03:55,34800.0,100,Sell,223361721
2024-07-17 09:04:01,34800.0,1900,Buy,223361742
2024-07-17 09:04:18,34800.0,2000,Buy,223361796
2024-07-17 09:04:22,34700.0,4300,Sell,223361813
2024-07-17 09:04:35,34700.0,300,Sell,223361851
2024-07-17 09:04:42,34700.0,5000,Sell,223361868
2024-07-17 09:04:44,34800.0,600,Buy,223361872
2024-07-17 09:05:58,34700.0,1500,Sell,223362091
2024-07-17 09:06:27,34700.0,100,Sell,223362169
2024-07-17 09:06:41,34700.0,13800,Sell,223362208
2024-07-17 09:06:48,34700.0,5900,Buy,223362230
2024-07-17 09:07:08,34700.0,100,Buy,223362277
2024-07-17 09:07:23,34700.0,1000,Buy,223362324
2024-07-17 09:07:49,34700.0,100,Buy,223362389
2024-07-17 09:07:56,34700.0,200,Buy,223362402
2024-07-17 09:08:14,34700.0,100,Buy,223362453
2024-07-17 09:08:19,34700.0,1000,Buy,223362466
2024-07-17 09:08:32,34700.0,200,Sell,223362498
2024-07-17 09:08:34,34700.0,300,Buy,223362501
2024-07-17 09:08:37,34700.0,1000,Buy,223362514
2024-07-17 09:09:16,34700.0,4000,Buy,223362620
2024-07-17 09:09:17,34600.0,500,Sell,223362627
2024-07-17 09:11:11,34700.0,3000,Buy,223362959
2024-07-17 09:11:20,34700.0,100,Buy,223362985
2024-07-17 09:11:28,34700.0,1000,Buy,223363013
2024-07-17 09:12:30,34700.0,300,Buy,223363200
2024-07-17 09:12:35,34700.0,1000,Buy,223363212
2024-07-17 09:12:41,34700.0,500,Buy,223363239
2024-07-17 09:12:42,34700.0,100,Sell,223363244
2024-07-17 09:13:07,34700.0,1000,Sell,223363338
2024-07-17 09:14:27,34800.0,100,Buy,223363574
2024-07-17 09:14:28,34700.0,100,Sell,223363577
2024-07-17 09:14:59,34800.0,1000,Buy,223363738
2024-07-17 09:15:54,34800.0,200,Buy,223365006
2024-07-17 09:16:07,34700.0,500,Sell,223365286
2024-07-17 09:16:39,34700.0,100,Sell,223366138
2024-07-17 09:16:44,34700.0,200,Sell,223366254
2024-07-17 09:16:56,34800.0,1000,Buy,223366582
2024-07-17 09:17:06,34700.0,100,Sell,223366862
2024-07-17 09:17:26,34700.0,100,Sell,223367362
2024-07-17 09:17:30,34800.0,100,Buy,223367493
2024-07-17 09:17:46,34800.0,600,Buy,223367981
2024-07-17 09:17:52,34800.0,2000,Buy,223368122
2024-07-17 09:18:00,34800.0,500,Buy,223368285
2024-07-17 09:18:12,34800.0,1000,Buy,223368674
2024-07-17 09:18:13,34800.0,2200,Buy,223368687
2024-07-17 09:18:20,34800.0,600,Buy,223368981
2024-07-17 09:18:32,34800.0,500,Buy,223369287
2024-07-17 09:18:37,34800.0,10000,Buy,223369444
2024-07-17 09:18:39,34800.0,10200,Buy,223369482
2024-07-17 09:18:49,34800.0,100,Buy,223369720
2024-07-17 09:18:57,34800.0,10000,Buy,223369919
2024-07-17 09:19:00,34800.0,2700,Buy,223370021
2024-07-17 09:19:07,34800.0,100,Buy,223370225
2024-07-17 09:19:12,34800.0,3400,Sell,223370354
2024-07-17 09:19:17,34800.0,400,Sell,223370500
2024-07-17 09:19:20,34800.0,1400,Sell,223370609
2024-07-17 09:19:23,34700.0,2000,Sell,223370660
2024-07-17 09:19:30,34800.0,100,Buy,223370834
2024-07-17 09:19:49,34800.0,1000,Buy,223371331
2024-07-17 09:20:05,34800.0,900,Buy,223371765
2024-07-17 09:20:15,34700.0,1000,Sell,223372081
2024-07-17 09:20:25,34800.0,100,Buy,223372381
2024-07-17 09:20:50,34800.0,200,Buy,223373059
2024-07-17 09:21:00,34700.0,1000,Sell,223373347
2024-07-17 09:21:05,34800.0,400,Buy,223373557
2024-07-17 09:21:08,34800.0,3800,Buy,223373619
2024-07-17 09:21:55,34800.0,5000,Buy,223375096
2024-07-17 09:22:08,34800.0,400,Buy,223375552
2024-07-17 09:22:09,34800.0,5000,Buy,223375577
2024-07-17 09:22:26,34700.0,1000,Sell,223376099
2024-07-17 09:22:44,34700.0,1000,Sell,223376707
2024-07-17 09:22:51,34700.0,600,Sell,223376907
2024-07-17 09:23:03,34700.0,800,Sell,223377331
2024-07-17 09:23:18,34800.0,1000,Buy,223377758
2024-07-17 09:23:22,34700.0,10000,Sell,223377833
2024-07-17 09:23:27,34800.0,10000,Buy,223377974
2024-07-17 09:24:05,34800.0,1400,Buy,223379151
2024-07-17 09:24:29,34800.0,300,Buy,223379808
2024-07-17 09:24:33,34700.0,100,Sell,223379932
2024-07-17 09:25:06,34700.0,1000,Sell,223381042
2024-07-17 09:25:11,34700.0,5000,Sell,223381158
2024-07-17 09:25:15,34700.0,1000,Sell,223381229
2024-07-17 09:25:16,34700.0,700,Sell,223381275
2024-07-17 09:25:20,34700.0,1000,Sell,223381398
2024-07-17 09:25:26,34700.0,400,Sell,223381627
2024-07-17 09:25:27,34700.0,2000,Sell,223381670
2024-07-17 09:25:28,34700.0,1000,Sell,223381678
2024-07-17 09:25:39,34700.0,2000,Sell,223381987
2024-07-17 09:25:40,34700.0,5000,Sell,223382013
2024-07-17 09:25:41,34700.0,100,Sell,223382037
2024-07-17 09:25:45,34700.0,2200,Buy,223382133
2024-07-17 09:25:47,34700.0,100,Buy,223382193
2024-07-17 09:26:10,34600.0,300,Sell,223382949
2024-07-17 09:26:17,34700.0,1000,Buy,223383169
2024-07-17 09:26:32,34700.0,1000,Buy,223383548
2024-07-17 09:26:41,34600.0,300,Sell,223383757
2024-07-17 09:26:45,34700.0,11000,Buy,223383865
2024-07-17 09:27:03,34700.0,1000,Buy,223384297
2024-07-17 09:27:09,34700.0,100,Buy,223384523
2024-07-17 09:27:10,34700.0,100,Buy,223384546
2024-07-17 09:27:24,34700.0,300,Buy,223384913
2024-07-17 09:27:58,34600.0,700,Sell,223385826
2024-07-17 09:28:03,34700.0,400,Buy,223385965
2024-07-17 09:28:04,34600.0,100,Sell,223386008
2024-07-17 09:28:05,34600.0,300,Sell,223386044
2024-07-17 09:28:27,34600.0,1000,Sell,223386737
2024-07-17 09:28:55,34600.0,800,Sell,223387519
2024-07-17 09:29:28,34600.0,17800,Sell,223388599
2024-07-17 09:29:39,34600.0,100,Sell,223388945
2024-07-17 09:29:58,34600.0,200,Sell,223389465
2024-07-17 09:30:03,34600.0,500,Sell,223389596
2024-07-17 09:30:20,34600.0,17000,Sell,223390021
2024-07-17 09:30:39,34600.0,200,Sell,223390440
2024-07-17 09:30:49,34600.0,200,Sell,223390655
2024-07-17 09:30:53,34600.0,400,Sell,223390737
2024-07-17 09:30:54,34600.0,200,Sell,223390781
2024-07-17 09:30:55,34600.0,600,Sell,223390802
2024-07-17 09:31:02,34600.0,300,Sell,223390967
2024-07-17 09:31:05,34600.0,2000,Sell,223391024
2024-07-17 09:31:23,34600.0,200,Sell,223391431
2024-07-17 09:31:38,34600.0,200,Sell,223391808
2024-07-17 09:31:48,34600.0,200,Sell,223392040
2024-07-17 09:32:08,34600.0,100,Sell,223392508
2024-07-17 09:33:13,34700.0,300,Buy,223393975
2024-07-17 09:33:43,34700.0,100,Buy,223394847
2024-07-17 09:34:14,34600.0,100,Sell,223395777
2024-07-17 09:34:20,34600.0,1000,Sell,223395905
2024-07-17 09:34:22,34700.0,300,Buy,223395961
2024-07-17 09:34:34,34700.0,100,Buy,223396261
2024-07-17 09:34:46,34700.0,200,Buy,223396576
2024-07-17 09:35:19,34700.0,100,Buy,223397334
2024-07-17 09:35:24,34600.0,900,Sell,223397427
2024-07-17 09:35:43,34600.0,100,Sell,223397824
2024-07-17 09:35:45,34600.0,1000,Sell,223397886
2024-07-17 09:35:51,34600.0,30400,Sell,223398069
2024-07-17 09:36:10,34600.0,2000,Sell,223398548
2024-07-17 09:36:18,34600.0,10000,Sell,223398727
2024-07-17 09:36:24,34600.0,900,Sell,223398882
2024-07-17 09:36:43,34600.0,200,Sell,223399412
2024-07-17 09:36:46,34600.0,100,Sell,223399513
2024-07-17 09:37:05,34600.0,3000,Sell,223399941
2024-07-17 09:37:19,34600.0,200,Sell,223400263
2024-07-17 09:38:08,34600.0,1000,Sell,223401548
2024-07-17 09:38:18,34600.0,1000,Sell,223401857
2024-07-17 09:38:20,34600.0,300,Sell,223401892
2024-07-17 09:38:31,34700.0,100,Buy,223402145
2024-07-17 09:38:42,34600.0,200,Sell,223402472
2024-07-17 09:38:47,34600.0,900,Sell,223402598
2024-07-17 09:39:09,34600.0,1300,Sell,223403273
2024-07-17 09:39:35,34700.0,29000,Buy,223403977
2024-07-17 09:40:09,34700.0,200,Buy,223404744
2024-07-17 09:40:16,34700.0,3000,Buy,223404876
2024-07-17 09:40:18,34700.0,100,Buy,223404926
2024-07-17 09:40:33,34700.0,3000,Buy,223405278
2024-07-17 09:40:41,34700.0,500,Buy,223405497
2024-07-17 09:40:47,34700.0,2000,Buy,223405786
2024-07-17 09:40:49,34700.0,300,Buy,223405814
2024-07-17 09:40:57,34700.0,2800,Sell,223406018
2024-07-17 09:40:58,34700.0,200,Sell,223406033
2024-07-17 09:41:17,34700.0,800,Sell,223406409
2024-07-17 09:41:24,34700.0,1100,Sell,223406565
2024-07-17 09:41:34,34800.0,2000,Buy,223406789
2024-07-17 09:41:56,34800.0,200,Buy,223407306
2024-07-17 09:42:02,34800.0,200,Buy,223407463
2024-07-17 09:42:48,34700.0,100,Sell,223408629
2024-07-17 09:44:21,34800.0,500,Buy,223410988
2024-07-17 09:44:24,34700.0,100,Sell,223411055
2024-07-17 09:45:22,34800.0,100,Buy,223412624
2024-07-17 09:45:26,34800.0,600,Buy,223412686
2024-07-17 09:45:57,34800.0,200,Buy,223413471
2024-07-17 09:45:58,34800.0,1100,Buy,223413490
2024-07-17 09:46:11,34800.0,10200,Buy,223413802
2024-07-17 09:46:14,34800.0,2700,Buy,223413864
2024-07-17 09:46:21,34800.0,100,Buy,223414044
2024-07-17 09:46:27,34800.0,2000,Buy,223414257
2024-07-17 09:46:31,34800.0,700,Sell,223414373
2024-07-17 09:46:42,34700.0,4000,Sell,223414673
2024-07-17 09:47:15,34800.0,100,Sell,223415754
2024-07-17 09:47:34,34800.0,10000,Sell,223416489
2024-07-17 09:47:39,34800.0,800,Sell,223416629
2024-07-17 09:47:48,34800.0,200,Sell,223416915
2024-07-17 09:48:05,34800.0,100,Sell,223417428
2024-07-17 09:48:22,34800.0,1900,Buy,223418124
2024-07-17 09:48:35,34800.0,100,Buy,223418523
2024-07-17 09:48:55,34800.0,500,Buy,223419378
2024-07-17 09:49:08,34700.0,1000,Sell,223420019
2024-07-17 09:49:10,34800.0,1500,Buy,223420191
2024-07-17 09:49:11,34700.0,4000,Sell,223420246
2024-07-17 09:49:17,34800.0,200,Buy,223420479
2024-07-17 09:49:39,34800.0,800,Buy,223421318
2024-07-17 09:49:44,34800.0,100,Buy,223421454
2024-07-17 09:50:03,34800.0,1000,Buy,223422062
2024-07-17 09:50:04,34800.0,500,Buy,223422103
2024-07-17 09:50:19,34800.0,700,Buy,223422578
2024-07-17 09:50:21,34800.0,1300,Buy,223422645
2024-07-17 09:50:33,34800.0,100,Buy,223423019
2024-07-17 09:50:49,34800.0,300,Buy,223423701
2024-07-17 09:50:53,34700.0,15300,Sell,223423850
2024-07-17 09:51:24,34600.0,100,Sell,223424784
2024-07-17 09:51:52,34600.0,1000,Sell,223425690
2024-07-17 09:52:00,34600.0,14700,Sell,223425880
2024-07-17 09:52:11,34600.0,1000,Sell,223426272
2024-07-17 09:52:19,34700.0,100,Buy,223426590
2024-07-17 09:52:41,34700.0,500,Buy,223427684
2024-07-17 09:52:46,34700.0,500,Buy,223427998
2024-07-17 09:53:13,34600.0,4000,Sell,223429439
2024-07-17 09:53:40,34600.0,9500,Sell,223430550
2024-07-17 09:54:07,34600.0,100,Buy,223431710
2024-07-17 09:54:25,34600.0,100,Buy,223432337
2024-07-17 09:54:49,34600.0,1000,Buy,223433185
2024-07-17 09:54:52,34600.0,100,Buy,223433341
2024-07-17 09:54:53,34600.0,100,Buy,223433365
2024-07-17 09:55:16,34600.0,1300,Buy,223434274
2024-07-17 09:56:02,34600.0,100,Buy,223435865
2024-07-17 09:56:08,34600.0,500,Buy,223436049
2024-07-17 09:56:09,34500.0,1000,Sell,223436074
2024-07-17 09:56:29,34500.0,2000,Sell,223436824
2024-07-17 09:56:30,34600.0,300,Buy,223436871
2024-07-17 09:57:00,34500.0,6900,Sell,223438073
2024-07-17 09:57:17,34500.0,600,Sell,223438736
2024-07-17 09:57:25,34500.0,54100,Sell,223439204
2024-07-17 09:57:26,34500.0,6600,Buy,223439229
2024-07-17 09:57:36,34500.0,1000,Buy,223439773
2024-07-17 09:57:41,34500.0,1000,Buy,223439968
2024-07-17 09:58:25,34500.0,300,Buy,223442290
2024-07-17 09:58:32,34400.0,1100,Sell,223442730
2024-07-17 09:58:48,34400.0,500,Sell,223443720
2024-07-17 09:59:02,34400.0,400,Sell,223444629
2024-07-17 09:59:13,34400.0,200,Sell,223445257
2024-07-17 09:59:14,34400.0,3000,Sell,223445364
2024-07-17 09:59:17,34400.0,1000,Sell,223445489
2024-07-17 09:59:22,34400.0,1000,Sell,223445699
2024-07-17 09:59:37,34400.0,1000,Sell,223446460
2024-07-17 09:59:38,34400.0,300,Sell,223446493
2024-07-17 09:59:41,34400.0,5000,Sell,223446584
2024-07-17 09:59:43,34400.0,11900,Sell,223446754
2024-07-17 09:59:45,34400.0,1100,Sell,223446845
2024-07-17 09:59:46,34400.0,1500,Sell,223446901
2024-07-17 09:59:47,34400.0,3000,Sell,223446988
2024-07-17 09:59:49,34400.0,3000,Sell,223447120
2024-07-17 09:59:50,34400.0,1000,Sell,223447169
2024-07-17 09:59:53,34400.0,2200,Sell,223447342
2024-07-17 09:59:56,34400.0,1000,Sell,223447493
2024-07-17 09:59:57,34400.0,1000,Sell,223447566
2024-07-17 09:59:58,34400.0,100,Sell,223447663
2024-07-17 09:59:59,34400.0,200,Sell,223447802
2024-07-17 10:00:00,34400.0,4700,Buy,223447863
2024-07-17 10:00:05,34400.0,100,Buy,223448071
2024-07-17 10:00:22,34300.0,100,Sell,223448889
2024-07-17 10:00:28,34300.0,300,Sell,223449263
2024-07-17 10:00:39,34300.0,1000,Sell,223449827
2024-07-17 10:00:48,34300.0,500,Sell,223450185
2024-07-17 10:00:50,34300.0,100,Sell,223450262
2024-07-17 10:00:56,34300.0,300,Sell,223450620
2024-07-17 10:00:57,34300.0,5000,Sell,223450678
2024-07-17 10:01:04,34300.0,1100,Sell,223450947
2024-07-17 10:01:10,34300.0,3000,Sell,223451234
2024-07-17 10:01:13,34300.0,100,Sell,223451343
2024-07-17 10:01:22,34300.0,200,Sell,223451745
2024-07-17 10:01:23,34300.0,500,Sell,223451786
2024-07-17 10:01:28,34300.0,2000,Sell,223452076
2024-07-17 10:01:37,34300.0,1000,Sell,223452509
2024-07-17 10:01:45,34300.0,300,Sell,223452856
2024-07-17 10:01:46,34400.0,5900,Buy,223452891
2024-07-17 10:01:53,34300.0,100,Sell,223453233
2024-07-17 10:01:54,34400.0,1100,Buy,223453261
2024-07-17 10:01:59,34400.0,5000,Buy,223453528
2024-07-17 10:02:06,34400.0,300,Buy,223453834
2024-07-17 10:02:11,34400.0,100,Buy,223453997
2024-07-17 10:02:15,34400.0,100,Buy,223454174
2024-07-17 10:02:22,34400.0,5000,Buy,223454477
2024-07-17 10:02:23,34400.0,500,Buy,223454546
2024-07-17 10:02:29,34400.0,1000,Buy,223454811
2024-07-17 10:02:30,34400.0,1000,Buy,223454874
2024-07-17 10:02:33,34400.0,1000,Buy,223455006
2024-07-17 10:02:34,34400.0,300,Buy,223455024
2024-07-17 10:02:35,34400.0,100,Buy,223455049
2024-07-17 10:02:41,34400.0,1500,Buy,223455276
2024-07-17 10:02:45,34400.0,1100,Buy,223455475
2024-07-17 10:02:46,34400.0,1200,Buy,223455507
2024-07-17 10:03:06,34500.0,1000,Buy,223456152
2024-07-17 10:03:15,34400.0,500,Sell,223456471
2024-07-17 10:03:17,34400.0,1000,Sell,223456532
2024-07-17 10:03:26,34500.0,20000,Buy,223456842
2024-07-17 10:03:55,34500.0,500,Buy,223458117
2024-07-17 10:03:57,34500.0,500,Buy,223458170
2024-07-17 10:04:01,34400.0,500,Sell,223458356
2024-07-17 10:04:08,34400.0,600,Sell,223458934
2024-07-17 10:04:12,34500.0,1000,Buy,223459089
2024-07-17 10:04:13,34400.0,1000,Sell,223459148
2024-07-17 10:04:46,34500.0,100,Buy,223460626
2024-07-17 10:04:52,34400.0,200,Sell,223460850
2024-07-17 10:05:05,34500.0,500,Buy,223461321
2024-07-17 10:05:36,34500.0,4000,Buy,223462713
2024-07-17 10:05:42,34500.0,600,Buy,223462968
2024-07-17 10:05:59,34500.0,3000,Buy,223463490
2024-07-17 10:06:06,34500.0,1000,Buy,223463713
2024-07-17 10:06:08,34500.0,5800,Buy,223463792
2024-07-17 10:07:02,34500.0,200,Sell,223466031
2024-07-17 10:07:12,34500.0,100,Sell,223466440
2024-07-17 10:07:15,34600.0,100,Buy,223466542
2024-07-17 10:07:37,34600.0,500,Buy,223467236
2024-07-17 10:07:37,34500.0,300,Sell,223467261
2024-07-17 10:07:40,34500.0,2000,Sell,223467344
2024-07-17 10:07:46,34600.0,1200,Buy,223467576
2024-07-17 10:08:19,34600.0,100,Buy,223468559
2024-07-17 10:08:26,34600.0,10000,Buy,223468788
2024-07-17 10:09:00,34600.0,100,Buy,223469716
2024-07-17 10:09:12,34600.0,17300,Sell,223470043
2024-07-17 10:09:15,34600.0,300,Sell,223470125
2024-07-17 10:10:02,34700.0,600,Buy,223471465
2024-07-17 10:10:29,34700.0,1000,Buy,223472111
2024-07-17 10:11:04,34700.0,1600,Buy,223472991
2024-07-17 10:11:20,34700.0,500,Buy,223473401
2024-07-17 10:12:27,34600.0,2000,Sell,223475118
2024-07-17 10:12:35,34600.0,200,Sell,223475306
2024-07-17 10:12:49,34600.0,1000,Sell,223475757
2024-07-17 10:12:50,34600.0,200,Sell,223475815
2024-07-17 10:12:55,34600.0,24500,ATO/ATC,223476017
2024-07-17 10:13:05,34600.0,100,Buy,223476224
2024-07-17 10:14:28,34500.0,1000,Sell,223479564
2024-07-17 10:14:38,34500.0,1000,Sell,223479956
2024-07-17 10:14:49,34500.0,300,Sell,223480361
2024-07-17 10:14:50,34500.0,2000,Sell,223480406
2024-07-17 10:15:01,34500.0,8000,Sell,223481006
2024-07-17 10:15:05,34500.0,3000,Sell,223481162
2024-07-17 10:15:25,34500.0,4200,Sell,223482556
2024-07-17 10:15:26,34500.0,700,Buy,223482643
2024-07-17 10:15:33,34500.0,100,Buy,223483125
2024-07-17 10:15:47,34400.0,1000,Sell,223484175
2024-07-17 10:16:03,34400.0,1100,Sell,223485154
2024-07-17 10:16:10,34400.0,700,Sell,223485635
2024-07-17 10:16:11,34400.0,1000,Sell,223485703
2024-07-17 10:16:17,34400.0,3000,Sell,223486130
2024-07-17 10:16:22,34400.0,1000,Sell,223486607
2024-07-17 10:16:24,34400.0,9200,Buy,223486714
2024-07-17 10:16:40,34400.0,5000,Buy,223488346
2024-07-17 10:16:54,34400.0,5000,Buy,223489474
2024-07-17 10:16:56,34400.0,100,Buy,223489614
2024-07-17 10:17:06,34400.0,100,Buy,223490588
2024-07-17 10:17:10,34400.0,1000,Buy,223490955
2024-07-17 10:17:12,34400.0,400,Sell,223491195
2024-07-17 10:17:27,34400.0,100,Sell,223492438
2024-07-17 10:17:49,34400.0,500,Buy,223494314
2024-07-17 10:18:06,34300.0,700,Sell,223495939
2024-07-17 10:18:14,34400.0,5000,Buy,223496729
2024-07-17 10:18:25,34400.0,5000,Buy,223497595
2024-07-17 10:18:29,34400.0,1000,Buy,223497926
2024-07-17 10:19:03,34300.0,400,Sell,223501671
2024-07-17 10:19:05,34300.0,200,Sell,223501841
2024-07-17 10:19:08,34300.0,2000,Sell,223502059
2024-07-17 10:19:11,34400.0,1600,Buy,223502328
2024-07-17 10:19:12,34300.0,1500,Sell,223502377
2024-07-17 10:19:23,34300.0,2000,Sell,223503433
2024-07-17 10:19:24,34300.0,5000,Sell,223503538
2024-07-17 10:19:25,34400.0,2000,Buy,223503606
2024-07-17 10:19:27,34300.0,15000,Sell,223503754
2024-07-17 10:19:28,34300.0,2000,Sell,223503922
2024-07-17 10:19:38,34300.0,10000,Sell,223504706
2024-07-17 10:19:40,34300.0,50000,Sell,223504871
2024-07-17 10:19:43,34300.0,2300,Buy,223505077
2024-07-17 10:19:44,34300.0,600,Buy,223505167
2024-07-17 10:19:46,34300.0,1800,Buy,223505326
2024-07-17 10:19:51,34200.0,800,Sell,223505747
2024-07-17 10:19:55,34200.0,1000,Sell,223505994
2024-07-17 10:19:57,34200.0,10000,Sell,223506205
2024-07-17 10:19:59,34200.0,10000,Sell,223506332
2024-07-17 10:20:00,34200.0,2000,Sell,223506392
2024-07-17 10:20:10,34200.0,200,Buy,223507127
2024-07-17 10:20:11,34200.0,200,Buy,223507181
2024-07-17 10:20:12,34200.0,500,Buy,223507262
2024-07-17 10:20:14,34100.0,100,Sell,223507396
2024-07-17 10:20:16,34100.0,200,Sell,223507524
2024-07-17 10:20:20,34100.0,1000,Sell,223507871
2024-07-17 10:20:25,34200.0,1500,Buy,223508199
2024-07-17 10:20:37,34200.0,1400,Buy,223509243
2024-07-17 10:20:39,34200.0,7800,Buy,223509362
2024-07-17 10:20:43,34100.0,2500,Sell,223509755
2024-07-17 10:20:47,34200.0,37000,Buy,223510049
2024-07-17 10:20:53,34100.0,3700,Sell,223510496
2024-07-17 10:20:54,34100.0,200,Sell,223510614
2024-07-17 10:20:56,34100.0,100,Sell,223510745
2024-07-17 10:20:57,34100.0,5000,Sell,223510818
2024-07-17 10:21:09,34100.0,1500,Sell,223511907
2024-07-17 10:21:10,34100.0,900,Sell,223511953
2024-07-17 10:21:12,34100.0,900,Sell,223512061
2024-07-17 10:21:14,34000.0,50000,Sell,223512215
2024-07-17 10:21:15,34000.0,5000,Sell,223512290
2024-07-17 10:21:19,34100.0,3800,Buy,223512629
2024-07-17 10:21:20,34000.0,1000,Sell,223512688
2024-07-17 10:21:26,34000.0,15800,Buy,223513152
2024-07-17 10:21:27,34100.0,10000,Buy,223513212
2024-07-17 10:21:36,34100.0,1000,Buy,223513778
2024-07-17 10:21:37,34000.0,4000,Buy,223513810
2024-07-17 10:21:38,34000.0,700,Sell,223513866
2024-07-17 10:21:39,34100.0,1900,Buy,223513909
2024-07-17 10:21:40,34000.0,10000,Sell,223513987
2024-07-17 10:21:43,34100.0,3800,Buy,223514184
2024-07-17 10:21:47,34100.0,800,Buy,223514467
2024-07-17 10:21:53,34000.0,12900,Sell,223514810
2024-07-17 10:21:57,34100.0,100,Buy,223515035
2024-07-17 10:21:58,34100.0,3000,Buy,223515136
2024-07-17 10:21:59,34100.0,4500,Buy,223515294
2024-07-17 10:22:00,34100.0,3000,Sell,223515363
2024-07-17 10:22:02,34100.0,500,Sell,223515495
2024-07-17 10:22:03,34100.0,5000,Sell,223515597
2024-07-17 10:22:04,34100.0,2000,Sell,223515680
2024-07-17 10:22:05,34000.0,40000,Sell,223515748
2024-07-17 10:22:08,34100.0,100,Sell,223515931
2024-07-17 10:22:09,34100.0,300,Sell,223516013
2024-07-17 10:22:13,34100.0,1000,Sell,223516221
2024-07-17 10:22:16,34200.0,46600,Buy,223516368
2024-07-17 10:22:18,34100.0,2000,Sell,223516561
2024-07-17 10:22:22,34200.0,200,Buy,223516761
2024-07-17 10:22:31,34200.0,20000,Buy,223517805
2024-07-17 10:22:36,34200.0,9000,Buy,223518302
2024-07-17 10:22:38,34200.0,600,Buy,223518485
2024-07-17 10:22:39,34200.0,500,Buy,223518538
2024-07-17 10:22:41,34200.0,1500,Buy,223518692
2024-07-17 10:22:44,34200.0,3800,Buy,223518872
2024-07-17 10:22:57,34200.0,100,Sell,223519717
2024-07-17 10:23:01,34200.0,200,Sell,223519987
2024-07-17 10:23:11,34300.0,100,Buy,223520775
2024-07-17 10:23:16,34300.0,500,Buy,223521092
2024-07-17 10:23:17,34300.0,500,Buy,223521149
2024-07-17 10:23:27,34300.0,200,Buy,223521980
2024-07-17 10:23:28,34200.0,5000,Sell,223522030
2024-07-17 10:23:35,34300.0,1000,Buy,223522498
2024-07-17 10:23:43,34300.0,2000,Buy,223523166
2024-07-17 10:23:45,34300.0,1000,Buy,223523337
2024-07-17 10:23:51,34300.0,9200,Buy,223523719
2024-07-17 10:23:54,34200.0,1000,Sell,223523941
2024-07-17 10:23:55,34300.0,1000,Buy,223524009
2024-07-17 10:23:59,34300.0,5000,Buy,223524302
2024-07-17 10:24:03,34300.0,500,Buy,223524607
2024-07-17 10:24:06,34300.0,200,Buy,223524821
2024-07-17 10:24:10,34300.0,100,Buy,223525149
2024-07-17 10:24:17,34300.0,200,Buy,223525503
2024-07-17 10:24:19,34300.0,10000,Buy,223525677
2024-07-17 10:24:21,34300.0,300,Buy,223525826
2024-07-17 10:24:22,34300.0,4300,Buy,223525962
2024-07-17 10:24:25,34400.0,200,Buy,223526107
2024-07-17 10:24:54,34400.0,400,Buy,223527516
2024-07-17 10:24:56,34400.0,1000,Buy,223527589
2024-07-17 10:25:00,34400.0,10000,Buy,223527758
2024-07-17 10:25:04,34400.0,100,Buy,223527958
2024-07-17 10:25:08,34400.0,1500,Buy,223528130
2024-07-17 10:25:13,34400.0,500,Buy,223528357
2024-07-17 10:25:14,34400.0,30200,Buy,223528407
2024-07-17 10:25:22,34400.0,1000,Buy,223528746
2024-07-17 10:25:24,34400.0,900,Buy,223528818
2024-07-17 10:25:26,34400.0,2000,Buy,223528881
2024-07-17 10:25:27,34500.0,2300,Buy,223528919
2024-07-17 10:25:31,34500.0,5000,Buy,223529109
2024-07-17 10:25:40,34500.0,700,Buy,223529493
2024-07-17 10:25:48,34500.0,500,Buy,223529850
2024-07-17 10:25:58,34500.0,2000,Buy,223530275
2024-07-17 10:26:01,34500.0,700,Buy,223530401
2024-07-17 10:26:04,34500.0,800,Sell,223530501
2024-07-17 10:26:09,34500.0,200,Buy,223530713
2024-07-17 10:26:15,34500.0,600,Buy,223530923
2024-07-17 10:26:20,34500.0,7200,Sell,223531172
2024-07-17 10:26:27,34500.0,2600,Sell,223531481
2024-07-17 10:26:34,34500.0,1000,Buy,223531730
2024-07-17 10:26:59,34400.0,4000,Sell,223532634
2024-07-17 10:27:16,34400.0,500,Sell,223533214
2024-07-17 10:27:41,34500.0,5000,Buy,223534111
2024-07-17 10:27:57,34500.0,400,Buy,223534670
2024-07-17 10:28:01,34500.0,3900,Buy,223534790
2024-07-17 10:28:03,34500.0,100,Buy,223534841
2024-07-17 10:28:15,34500.0,900,Buy,223535209
2024-07-17 10:28:18,34500.0,800,Buy,223535424
2024-07-17 10:28:19,34500.0,100,Buy,223535459
2024-07-17 10:28:44,34500.0,100,Buy,223536144
2024-07-17 10:28:49,34500.0,1000,Buy,223536270
2024-07-17 10:29:32,34500.0,3000,Buy,223537553
2024-07-17 10:29:39,34500.0,11900,Buy,223537721
2024-07-17 10:29:47,34500.0,2000,Sell,223537958
2024-07-17 10:29:51,34500.0,2000,Sell,223538088
2024-07-17 10:30:36,34500.0,2800,Sell,223539368
2024-07-17 10:30:50,34500.0,10000,Sell,223539805
2024-07-17 10:30:54,34500.0,1000,Sell,223539889
2024-07-17 10:31:04,34500.0,3000,Sell,223540236
2024-07-17 10:31:10,34500.0,300,Sell,223540389
2024-07-17 10:31:15,34600.0,4100,Buy,223540552
2024-07-17 10:31:17,34500.0,1300,Sell,223540577
2024-07-17 10:31:28,34500.0,100,Sell,223540889
2024-07-17 10:31:39,34500.0,1800,Buy,223541150
2024-07-17 10:31:48,34500.0,100,Buy,223541430
2024-07-17 10:31:54,34500.0,1000,Buy,223541589
2024-07-17 10:31:56,34500.0,500,Buy,223541690
2024-07-17 10:32:03,34500.0,500,Buy,223541854
2024-07-17 10:32:21,34400.0,1000,Sell,223542469
2024-07-17 10:32:30,34500.0,1000,Buy,223542653
2024-07-17 10:32:52,34500.0,1000,Buy,223543277
2024-07-17 10:32:56,34500.0,300,Buy,223543356
2024-07-17 10:32:57,34500.0,1000,Buy,223543371
2024-07-17 10:33:31,34500.0,200,Buy,223544403
2024-07-17 10:34:00,34400.0,1000,Sell,223545349
2024-07-17 10:34:14,34400.0,1200,Sell,223545780
2024-07-17 10:34:37,34400.0,2000,Sell,223546456
2024-07-17 10:35:05,34500.0,200,Buy,223547363
2024-07-17 10:35:25,34400.0,900,Sell,223548035
2024-07-17 10:35:38,34400.0,2000,Sell,223548433
2024-07-17 10:35:43,34400.0,1000,Sell,223548623
2024-07-17 10:35:49,34400.0,1000,Sell,223548847
2024-07-17 10:35:50,34400.0,1000,Sell,223548894
2024-07-17 10:35:51,34400.0,6100,Buy,223548929
2024-07-17 10:36:13,34400.0,100,Buy,223549542
2024-07-17 10:36:20,34300.0,100,Sell,223549735
2024-07-17 10:36:21,34300.0,1000,Sell,223549761
2024-07-17 10:36:39,34300.0,10000,Sell,223550220
2024-07-17 10:37:05,34300.0,1500,Sell,223550968
2024-07-17 10:37:06,34300.0,4900,Sell,223551011
2024-07-17 10:37:18,34300.0,10000,Sell,223551367
2024-07-17 10:37:32,34300.0,500,Sell,223551863
2024-07-17 10:37:34,34300.0,400,Sell,223551922
2024-07-17 10:37:39,34300.0,100,Buy,223552053
2024-07-17 10:37:42,34300.0,1500,Buy,223552143
2024-07-17 10:38:03,34300.0,1000,Sell,223552665
2024-07-17 10:38:13,34300.0,200,Sell,223552928
2024-07-17 10:38:17,34400.0,1500,Buy,223553044
2024-07-17 10:39:15,34400.0,300,Buy,223555140
2024-07-17 10:39:20,34300.0,10000,Sell,223555300
2024-07-17 10:39:41,34300.0,10000,Sell,223555995
2024-07-17 10:39:42,34300.0,1000,Sell,223556019
2024-07-17 10:39:49,34300.0,500,Sell,223556256
2024-07-17 10:39:56,34300.0,1000,Sell,223556499
2024-07-17 10:40:14,34300.0,800,Sell,223556993
2024-07-17 10:40:21,34300.0,100,Sell,223557317
2024-07-17 10:40:28,34300.0,21000,Sell,223557600
2024-07-17 10:40:52,34300.0,900,Sell,223558703
2024-07-17 10:40:53,34300.0,4200,Sell,223558774
2024-07-17 10:41:00,34300.0,1100,Buy,223559069
2024-07-17 10:41:02,34300.0,500,Sell,223559109
2024-07-17 10:41:30,34300.0,6500,Sell,223560412
2024-07-17 10:41:38,34300.0,2900,Buy,223560691
2024-07-17 10:42:12,34200.0,25000,Sell,223561896
2024-07-17 10:43:06,34200.0,10000,Sell,223564345
2024-07-17 10:43:38,34200.0,20000,Sell,223565695
2024-07-17 10:43:45,34300.0,2000,Buy,223565933
2024-07-17 10:43:52,34300.0,12000,Buy,223566178
2024-07-17 10:43:59,34200.0,1000,Sell,223566458
2024-07-17 10:44:13,34200.0,8000,Sell,223566878
2024-07-17 10:44:14,34200.0,300,Sell,223566920
2024-07-17 10:44:30,34200.0,1000,Sell,223567486
2024-07-17 10:44:41,34200.0,3000,Sell,223567840
2024-07-17 10:44:42,34200.0,7700,Sell,223567886
2024-07-17 10:44:51,34200.0,20000,Sell,223568236
2024-07-17 10:44:53,34200.0,1600,Sell,223568273
2024-07-17 10:45:17,34200.0,500,Sell,223569041
2024-07-17 10:45:26,34200.0,500,Sell,223569484
2024-07-17 10:45:30,34200.0,1000,Sell,223569588
2024-07-17 10:46:07,34200.0,600,Sell,223571317
2024-07-17 10:46:27,34200.0,500,Sell,223572027
2024-07-17 10:46:39,34200.0,20000,Sell,223572356
2024-07-17 10:46:40,34200.0,400,Sell,223572376
2024-07-17 10:47:00,34200.0,500,Sell,223573113
2024-07-17 10:47:02,34200.0,5500,Sell,223573226
2024-07-17 10:47:33,34200.0,100,Sell,223574340
2024-07-17 10:47:35,34300.0,25700,Buy,223574397
2024-07-17 10:47:36,34300.0,500,Sell,223574436
2024-07-17 10:47:53,34300.0,1000,Sell,223574957
2024-07-17 10:47:57,34300.0,1000,Sell,223575190
2024-07-17 10:48:36,34300.0,2000,Sell,223576341
2024-07-17 10:48:46,34300.0,500,Sell,223576649
2024-07-17 10:49:09,34300.0,1000,Sell,223577363
2024-07-17 10:49:19,34300.0,100,Sell,223577624
2024-07-17 10:49:27,34400.0,50000,Buy,223577808
2024-07-17 10:49:51,34400.0,200,Buy,223578562
2024-07-17 10:49:53,34400.0,800,Buy,223578603
2024-07-17 10:49:55,34400.0,800,Buy,223578654
2024-07-17 10:49:56,34400.0,2700,Sell,223578688
2024-07-17 10:50:04,34400.0,300,Sell,223578899
2024-07-17 10:50:14,34400.0,1000,Buy,223579277
2024-07-17 10:50:15,34400.0,200,Buy,223579325
2024-07-17 10:50:16,34400.0,800,Buy,223579363
2024-07-17 10:50:36,34400.0,100,Buy,223579917
2024-07-17 10:50:39,34300.0,200,Sell,223580004
2024-07-17 10:50:46,34400.0,700,Buy,223580212
2024-07-17 10:51:06,34400.0,300,Sell,223580687
2024-07-17 10:51:09,34400.0,700,Buy,223580768
2024-07-17 10:51:28,34500.0,1600,Buy,223581224
2024-07-17 10:51:33,34500.0,500,Buy,223581332
2024-07-17 10:51:49,34500.0,100,Buy,223581874
2024-07-17 10:52:13,34300.0,3700,Sell,223582541
2024-07-17 10:52:17,34400.0,100,Buy,223582616
2024-07-17 10:52:20,34500.0,3000,Buy,223582667
2024-07-17 10:52:30,34500.0,1000,Buy,223583049
2024-07-17 10:52:43,34500.0,1000,Buy,223583381
2024-07-17 10:52:57,34500.0,500,Buy,223583749
2024-07-17 10:53:09,34500.0,700,Buy,223584022
2024-07-17 10:53:32,34500.0,200,Buy,223584606
2024-07-17 10:53:35,34400.0,100,Sell,223584672
2024-07-17 10:53:39,34500.0,900,Buy,223584748
2024-07-17 10:53:47,34500.0,300,Buy,223584928
2024-07-17 10:53:51,34400.0,600,Sell,223585008
2024-07-17 10:53:54,34400.0,1000,Buy,223585080
2024-07-17 10:53:56,34400.0,800,Buy,223585122
2024-07-17 10:54:28,34400.0,500,Buy,223585858
2024-07-17 10:54:30,34300.0,10000,Sell,223585929
2024-07-17 10:54:49,34400.0,100,Buy,223586325
2024-07-17 10:55:14,34400.0,600,Buy,223587023
2024-07-17 10:55:21,34400.0,200,Buy,223587226
2024-07-17 10:55:33,34400.0,300,Buy,223587663
2024-07-17 10:55:54,34400.0,100,Buy,223588292
2024-07-17 10:56:12,34400.0,1000,Buy,223588740
2024-07-17 10:56:13,34400.0,100,Buy,223588787
2024-07-17 10:56:13,34400.0,200,Buy,223588814
2024-07-17 10:56:15,34300.0,3000,Sell,223588890
2024-07-17 10:56:18,34300.0,1000,Sell,223588992
2024-07-17 10:56:55,34300.0,1000,Sell,223590116
2024-07-17 10:56:56,34300.0,12900,Sell,223590151
2024-07-17 10:56:59,34300.0,100,Buy,223590288
2024-07-17 10:57:03,34300.0,100,Buy,223590387
2024-07-17 10:57:05,34300.0,300,Buy,223590489
2024-07-17 10:57:10,34300.0,200,Buy,223590650
2024-07-17 10:57:16,34200.0,1700,Sell,223590792
2024-07-17 10:57:23,34200.0,1900,Sell,223591086
2024-07-17 10:57:26,34300.0,300,Buy,223591236
2024-07-17 10:57:27,34300.0,6500,Buy,223591268
2024-07-17 10:57:32,34300.0,1000,Buy,223591378
2024-07-17 10:57:33,34300.0,1600,Buy,223591413
2024-07-17 10:57:34,34300.0,2000,Buy,223591434
2024-07-17 10:58:05,34300.0,100,Sell,223592657
2024-07-17 10:58:13,34400.0,500,Buy,223592852
2024-07-17 10:58:15,34400.0,35000,Buy,223592969
2024-07-17 10:58:17,34300.0,16800,Buy,223593019
2024-07-17 10:58:18,34300.0,2000,Buy,223593065
2024-07-17 10:58:20,34300.0,500,Buy,223593146
2024-07-17 10:58:21,34300.0,2000,Buy,223593220
2024-07-17 10:58:22,34400.0,10000,Buy,223593251
2024-07-17 10:58:29,34400.0,2800,Buy,223593499
2024-07-17 10:58:35,34400.0,1000,Buy,223593763
2024-07-17 10:58:35,34400.0,1000,Buy,223593831
2024-07-17 10:58:38,34400.0,700,Buy,223593953
2024-07-17 10:58:50,34500.0,6400,Buy,223594449
2024-07-17 10:59:14,34500.0,3000,Buy,223595377
2024-07-17 10:59:20,34500.0,600,Buy,223595628
2024-07-17 10:59:24,34500.0,400,Buy,223595763
2024-07-17 10:59:41,34500.0,20000,Buy,223596256
2024-07-17 10:59:52,34500.0,1000,Buy,223596672
2024-07-17 10:59:58,34500.0,20000,Buy,223596979
2024-07-17 11:00:00,34500.0,13100,Buy,223597052
2024-07-17 11:00:05,34500.0,4000,Sell,223597259
2024-07-17 11:00:12,34500.0,3000,Sell,223597498
2024-07-17 11:00:25,34600.0,1000,Buy,223597985
2024-07-17 11:00:49,34500.0,100,Sell,223598783
2024-07-17 11:00:55,34600.0,500,Buy,223598966
2024-07-17 11:01:04,34500.0,6000,Sell,223599437
2024-07-17 11:01:15,34500.0,100,Sell,223599735
2024-07-17 11:01:55,34600.0,1700,Buy,223601248
2024-07-17 11:02:18,34600.0,1000,Buy,223601815
2024-07-17 11:02:51,34600.0,100,Buy,223602902
2024-07-17 11:02:57,34600.0,400,Buy,223603140
2024-07-17 11:02:59,34600.0,100,Buy,223603240
2024-07-17 11:03:20,34600.0,300,Buy,223604347
2024-07-17 11:03:27,34600.0,1000,Buy,223604555
2024-07-17 11:03:29,34500.0,2000,Sell,223604621
2024-07-17 11:03:39,34600.0,200,Buy,223605016
2024-07-17 11:03:47,34600.0,400,Buy,223605393
2024-07-17 11:03:59,34600.0,40000,Buy,223605841
2024-07-17 11:04:06,34600.0,4000,Buy,223606189
2024-07-17 11:04:09,34600.0,500,Buy,223606350
2024-07-17 11:04:17,34600.0,500,Buy,223606638
2024-07-17 11:04:25,34600.0,15200,Sell,223606996
2024-07-17 11:04:27,34600.0,100,Sell,223607075
2024-07-17 11:04:58,34600.0,2000,Sell,223607962
2024-07-17 11:05:04,34600.0,18600,Sell,223608178
2024-07-17 11:05:07,34600.0,400,Buy,223608263
2024-07-17 11:05:17,34600.0,1500,Sell,223608641
2024-07-17 11:05:44,34500.0,4000,Sell,223609550
2024-07-17 11:06:31,34500.0,5000,Sell,223611481
2024-07-17 11:06:46,34600.0,1000,Buy,223612169
2024-07-17 11:07:05,34600.0,1600,Buy,223612762
2024-07-17 11:07:11,34600.0,3000,Buy,223612948
2024-07-17 11:07:17,34600.0,1000,Buy,223613119
2024-07-17 11:07:36,34600.0,900,Buy,223613765
2024-07-17 11:07:46,34500.0,1000,Sell,223614232
2024-07-17 11:07:48,34600.0,2000,Buy,223614293
2024-07-17 11:08:02,34600.0,1800,Buy,223614740
2024-07-17 11:08:17,34600.0,2000,Buy,223615458
2024-07-17 11:08:22,34600.0,5000,Buy,223615647
2024-07-17 11:08:25,34500.0,1000,Sell,223615744
2024-07-17 11:08:31,34600.0,1000,Buy,223616116
2024-07-17 11:08:46,34600.0,100,Buy,223616823
2024-07-17 11:08:58,34600.0,5000,Buy,223617078
2024-07-17 11:09:05,34600.0,100,Buy,223617234
2024-07-17 11:09:22,34600.0,1000,Buy,223617768
2024-07-17 11:09:48,34600.0,500,Buy,223618425
2024-07-17 11:09:59,34600.0,100,Buy,223618748
2024-07-17 11:10:30,34600.0,3000,Buy,223619834
2024-07-17 11:10:32,34600.0,500,Buy,223619876
2024-07-17 11:10:42,34600.0,100,Buy,223620215
2024-07-17 11:11:09,34600.0,13000,Buy,223620850
2024-07-17 11:11:52,34500.0,1000,Sell,223622215
2024-07-17 11:11:54,34600.0,1000,Buy,223622346
2024-07-17 11:12:08,34600.0,2800,Buy,223622785
2024-07-17 11:12:55,34600.0,500,Buy,223624503
2024-07-17 11:13:16,34500.0,10000,Sell,223624976
2024-07-17 11:13:17,34500.0,15000,Sell,223624995
2024-07-17 11:13:21,34500.0,500,Sell,223625127
2024-07-17 11:13:44,34500.0,6100,Buy,223625605
2024-07-17 11:13:45,34500.0,100,Buy,223625629
2024-07-17 11:13:51,34500.0,500,Buy,223625818
2024-07-17 11:14:19,34500.0,1000,Buy,223626506
2024-07-17 11:14:20,34400.0,10000,Sell,223626523
2024-07-17 11:14:28,34500.0,200,Buy,223626723
2024-07-17 11:15:22,34400.0,8000,Sell,223627992
2024-07-17 11:15:52,34400.0,50000,Sell,223628724
2024-07-17 11:15:55,34400.0,2000,Sell,223628801
2024-07-17 11:15:56,34400.0,9500,Sell,223628822
2024-07-17 11:16:07,34400.0,5100,Sell,223629044
2024-07-17 11:16:22,34400.0,10300,Sell,223629391
2024-07-17 11:16:32,34400.0,500,Buy,223629606
2024-07-17 11:16:45,34400.0,13000,Buy,223629928
2024-07-17 11:17:15,34300.0,10000,Sell,223630618
2024-07-17 11:17:44,34400.0,10000,Buy,223631184
2024-07-17 11:17:56,34400.0,1700,Buy,223631425
2024-07-17 11:18:01,34400.0,4000,Buy,223631549
2024-07-17 11:18:04,34400.0,2800,Sell,223631618
2024-07-17 11:18:13,34500.0,500,Buy,223631796
2024-07-17 11:18:37,34500.0,100,Buy,223632368
2024-07-17 11:18:39,34400.0,500,Sell,223632406
2024-07-17 11:19:20,34400.0,4000,Sell,223633239
2024-07-17 11:19:44,34400.0,1600,Buy,223633752
2024-07-17 11:20:14,34400.0,100,Buy,223634349
2024-07-17 11:20:16,34400.0,2000,Buy,223634408
2024-07-17 11:20:28,34400.0,500,Buy,223634682
2024-07-17 11:20:39,34400.0,100,Buy,223634892
2024-07-17 11:20:55,34400.0,3000,Buy,223635223
2024-07-17 11:21:47,34300.0,300,Sell,223636149
2024-07-17 11:21:48,34400.0,100,Buy,223636164
2024-07-17 11:22:04,34300.0,200,Sell,223636430
2024-07-17 11:22:41,34300.0,200,Sell,223637081
2024-07-17 11:22:47,34300.0,500,Sell,223637169
2024-07-17 11:23:00,34300.0,100,Sell,223637527
2024-07-17 11:23:45,34400.0,2000,Buy,223638335
2024-07-17 11:24:03,34400.0,100,Buy,223638612
2024-07-17 11:24:18,34400.0,100,Buy,223638922
2024-07-17 11:24:19,34400.0,3000,Buy,223638939
2024-07-17 11:24:33,34400.0,800,Buy,223639255
2024-07-17 11:26:54,34400.0,2000,Buy,223641882
2024-07-17 11:28:06,34300.0,47000,Buy,223643215
2024-07-17 11:28:15,34300.0,3400,Buy,223643348
2024-07-17 11:28:26,34300.0,500,Buy,223643563
2024-07-17 11:28:27,34300.0,100,Buy,223643577
2024-07-17 11:28:56,34300.0,100,Buy,223644131
2024-07-17 11:29:04,34300.0,500,Buy,223644404
2024-07-17 11:29:36,34300.0,100,Buy,223645062
2024-07-17 11:30:00,34300.0,2000,Buy,223645583
2024-07-17 13:00:06,34300.0,6600,Buy,223649017
2024-07-17 13:00:08,34300.0,27300,Buy,223649327
2024-07-17 13:00:10,34300.0,1600,Buy,223649536
2024-07-17 13:00:13,34200.0,400,Sell,223649945
2024-07-17 13:01:01,34300.0,31600,Buy,223652225
2024-07-17 13:01:35,34300.0,100,Sell,223653105
2024-07-17 13:02:23,34400.0,100,Buy,223654964
2024-07-17 13:02:37,34400.0,100,Buy,223655418
2024-07-17 13:02:52,34400.0,1500,Buy,223655822
2024-07-17 13:02:59,34400.0,2000,Buy,223656172
2024-07-17 13:03:10,34400.0,1100,Buy,223656568
2024-07-17 13:03:11,34300.0,1000,Sell,223656612
2024-07-17 13:03:18,34400.0,1000,Buy,223656986
2024-07-17 13:03:24,34400.0,1000,Buy,223657163
2024-07-17 13:03:36,34400.0,100,Buy,223657484
2024-07-17 13:03:40,34400.0,5000,Buy,223657636
2024-07-17 13:03:47,34400.0,300,Buy,223657863
2024-07-17 13:03:51,34400.0,1000,Buy,223657973
2024-07-17 13:03:52,34400.0,100,Buy,223658003
2024-07-17 13:03:53,34500.0,35000,Buy,223658024
2024-07-17 13:04:11,34400.0,1000,Buy,223658664
2024-07-17 13:04:14,34400.0,500,Buy,223658770
2024-07-17 13:04:15,34400.0,600,Buy,223658809
2024-07-17 13:04:17,34400.0,400,Buy,223658859
2024-07-17 13:05:01,34500.0,5000,Buy,223660185
2024-07-17 13:05:08,34600.0,15000,Buy,223660447
2024-07-17 13:05:09,34400.0,100,Sell,223660504
2024-07-17 13:05:31,34400.0,100,Sell,223661474
2024-07-17 13:05:54,34400.0,100,Sell,223662088
2024-07-17 13:06:18,34500.0,12000,Buy,223663020
2024-07-17 13:06:23,34400.0,500,Sell,223663206
2024-07-17 13:06:56,34400.0,4500,Sell,223664447
2024-07-17 13:06:58,34400.0,1000,Sell,223664489
2024-07-17 13:07:35,34500.0,300,Sell,223665756
2024-07-17 13:07:40,34500.0,200,Sell,223665937
2024-07-17 13:07:50,34400.0,100,Sell,223666221
2024-07-17 13:08:12,34400.0,2000,Sell,223666938
2024-07-17 13:08:14,34400.0,500,Sell,223666995
2024-07-17 13:08:22,34400.0,100,Sell,223667330
2024-07-17 13:08:26,34400.0,100,Sell,223667474
2024-07-17 13:09:09,34400.0,8600,Sell,223668898
2024-07-17 13:09:32,34400.0,1000,Sell,223669850
2024-07-17 13:10:00,34400.0,100,Sell,223670786
2024-07-17 13:10:03,34400.0,400,Sell,223670898
2024-07-17 13:10:14,34400.0,100,Sell,223671280
2024-07-17 13:10:17,34400.0,100,Sell,223671475
2024-07-17 13:10:20,34400.0,10000,Sell,223671476
2024-07-17 13:10:34,34400.0,200,Sell,223671885
2024-07-17 13:10:35,34400.0,6000,Sell,223671929
2024-07-17 13:10:38,34400.0,2000,Buy,223672009
2024-07-17 13:10:42,34400.0,100,Buy,223672189
2024-07-17 13:10:48,34400.0,300,Buy,223672432
2024-07-17 13:10:49,34400.0,200,Buy,223672463
2024-07-17 13:11:04,34400.0,1200,Sell,223673026
2024-07-17 13:11:36,34400.0,1500,Sell,223673986
2024-07-17 13:12:20,34400.0,1000,Sell,223675629
2024-07-17 13:12:31,34400.0,200,Sell,223675932
2024-07-17 13:13:01,34400.0,14200,Sell,223676892
2024-07-17 13:13:04,34400.0,1000,Buy,223677003
2024-07-17 13:13:25,34300.0,2000,Sell,223677958
2024-07-17 13:13:59,34300.0,30000,Sell,223679578
2024-07-17 13:14:03,34300.0,1700,Sell,223679791
2024-07-17 13:14:23,34300.0,500,Buy,223680508
2024-07-17 13:14:42,34300.0,200,Buy,223681122
2024-07-17 13:14:48,34300.0,500,Buy,223681381
2024-07-17 13:14:57,34300.0,2000,Buy,223681698
2024-07-17 13:14:58,34300.0,100,Buy,223681754
2024-07-17 13:15:35,34300.0,1000,Buy,223683134
2024-07-17 13:15:36,34300.0,3700,Buy,223683171
2024-07-17 13:15:47,34300.0,1000,Buy,223683718
2024-07-17 13:15:57,34300.0,100,Buy,223684166
2024-07-17 13:16:00,34300.0,200,Buy,223684380
2024-07-17 13:16:05,34300.0,10000,Buy,223684552
2024-07-17 13:16:13,34400.0,2000,Buy,223684913
2024-07-17 13:16:19,34300.0,100,Buy,223685170
2024-07-17 13:16:28,34300.0,100,Buy,223685740
2024-07-17 13:16:29,34300.0,500,Buy,223685798
2024-07-17 13:16:32,34300.0,300,Buy,223685914
2024-07-17 13:16:54,34300.0,200,Sell,223686866
2024-07-17 13:17:10,34300.0,100,Sell,223687632
2024-07-17 13:17:25,34300.0,1000,Sell,223688419
2024-07-17 13:17:26,34300.0,2000,Sell,223688483
2024-07-17 13:17:40,34400.0,100,Buy,223688971
2024-07-17 13:17:49,34300.0,100,Sell,223689439
2024-07-17 13:18:23,34400.0,100,Buy,223691145
2024-07-17 13:18:46,34400.0,400,Buy,223692330
2024-07-17 13:18:52,34300.0,2600,Sell,223692565
2024-07-17 13:18:54,34300.0,200,Sell,223692654
2024-07-17 13:19:08,34300.0,9400,Sell,223693484
2024-07-17 13:19:10,34300.0,7600,Buy,223693601
2024-07-17 13:19:13,34300.0,7600,Buy,223693670
2024-07-17 13:19:19,34300.0,1000,Buy,223694007
2024-07-17 13:19:20,34300.0,27000,Buy,223694066
2024-07-17 13:19:39,34300.0,200,Buy,223695011
2024-07-17 13:19:51,34200.0,300,Sell,223695668
2024-07-17 13:20:11,34200.0,2000,Sell,223696852
2024-07-17 13:20:13,34200.0,100,Sell,223696943
2024-07-17 13:20:24,34200.0,300,Sell,223697591
2024-07-17 13:20:36,34300.0,62000,Buy,223698188
2024-07-17 13:20:37,34300.0,44400,Buy,223698216
2024-07-17 13:20:40,34200.0,1600,Sell,223698349
2024-07-17 13:20:43,34300.0,500,Buy,223698559
2024-07-17 13:20:50,34300.0,100,Buy,223698951
2024-07-17 13:20:51,34300.0,10000,Buy,223698992
2024-07-17 13:20:53,34300.0,1000,Buy,223699111
2024-07-17 13:20:58,34300.0,2000,Buy,223699385
2024-07-17 13:21:04,34300.0,200,Buy,223699632
2024-07-17 13:21:09,34300.0,800,Buy,223699920
2024-07-17 13:21:20,34300.0,3000,Sell,223700396
2024-07-17 13:21:24,34300.0,1000,Sell,223700547
2024-07-17 13:21:28,34300.0,500,Sell,223700723
2024-07-17 13:22:13,34300.0,1100,Sell,223703285
2024-07-17 13:22:14,34300.0,2000,Sell,223703314
2024-07-17 13:22:38,34300.0,2500,Sell,223704840
2024-07-17 13:22:49,34300.0,1000,Sell,223705245
2024-07-17 13:23:15,34400.0,100,Buy,223706600
2024-07-17 13:23:16,34300.0,1300,Sell,223706670
2024-07-17 13:24:05,34300.0,200,Sell,223708844
2024-07-17 13:24:09,34300.0,400,Sell,223708999
2024-07-17 13:24:13,34300.0,100,Sell,223709122
2024-07-17 13:24:32,34400.0,100,Buy,223710051
2024-07-17 13:24:33,34400.0,10000,Buy,223710085
2024-07-17 13:24:51,34400.0,2500,Buy,223710785
2024-07-17 13:24:53,34400.0,20000,Buy,223710875
2024-07-17 13:24:54,34400.0,2000,Buy,223710914
2024-07-17 13:24:55,34400.0,8900,Sell,223710931
2024-07-17 13:24:56,34400.0,1600,Sell,223710980
2024-07-17 13:25:01,34400.0,300,Sell,223711247
2024-07-17 13:25:14,34400.0,200,Sell,223711798
2024-07-17 13:25:15,34500.0,400,Buy,223711877
2024-07-17 13:25:26,34400.0,10000,Sell,223712332
2024-07-17 13:25:34,34500.0,10000,Buy,223712691
2024-07-17 13:25:52,34500.0,600,Buy,223713558
2024-07-17 13:25:57,34500.0,400,Buy,223713830
2024-07-17 13:26:00,34500.0,100,Sell,223713925
2024-07-17 13:26:26,34500.0,600,Sell,223715031
2024-07-17 13:26:48,34600.0,200,Buy,223715980
2024-07-17 13:27:06,34600.0,800,Buy,223716824
2024-07-17 13:27:16,34600.0,500,Buy,223717280
2024-07-17 13:27:21,34600.0,100,Buy,223717439
2024-07-17 13:27:22,34600.0,6200,Buy,223717462
2024-07-17 13:27:23,34600.0,12600,Buy,223717525
2024-07-17 13:27:26,34500.0,1300,Sell,223717617
2024-07-17 13:27:31,34600.0,5000,Buy,223717797
2024-07-17 13:27:38,34600.0,200,Buy,223718229
2024-07-17 13:27:40,34600.0,2000,Buy,223718323
2024-07-17 13:27:48,34600.0,5200,Buy,223718701
2024-07-17 13:27:54,34700.0,2000,Buy,223718938
2024-07-17 13:28:05,34700.0,5000,Buy,223719713
2024-07-17 13:28:14,34700.0,24500,Buy,223720162
2024-07-17 13:28:16,34700.0,1000,Buy,223720316
2024-07-17 13:28:17,34700.0,1000,Buy,223720378
2024-07-17 13:28:18,34700.0,900,Buy,223720421
2024-07-17 13:28:20,34700.0,3800,Buy,223720557
2024-07-17 13:28:23,34700.0,6300,Buy,223720749
2024-07-17 13:28:25,34700.0,1000,Buy,223720821
2024-07-17 13:28:26,34700.0,200,Buy,223720894
2024-07-17 13:28:32,34700.0,4900,Buy,223721163
2024-07-17 13:28:33,34700.0,26800,Sell,223721193
2024-07-17 13:28:44,34700.0,100,Sell,223721584
2024-07-17 13:28:57,34700.0,5600,Sell,223722100
2024-07-17 13:29:00,34700.0,300,Sell,223722265
2024-07-17 13:29:02,34700.0,1200,Sell,223722350
2024-07-17 13:29:08,34700.0,900,Sell,223722567
2024-07-17 13:29:10,34700.0,1800,Sell,223722697
2024-07-17 13:29:11,34700.0,500,Sell,223722725
2024-07-17 13:29:25,34700.0,3000,Sell,223723765
2024-07-17 13:29:38,34800.0,5000,Buy,223724637
2024-07-17 13:29:55,34800.0,2000,Buy,223725512
2024-07-17 13:30:01,34800.0,500,Buy,223725770
2024-07-17 13:30:04,34800.0,1000,Buy,223725902
2024-07-17 13:30:08,34800.0,10000,Buy,223726062
2024-07-17 13:30:12,34800.0,1000,Buy,223726221
2024-07-17 13:30:16,34800.0,4900,Buy,223726489
2024-07-17 13:30:18,34800.0,2500,Buy,223726579
2024-07-17 13:30:19,34800.0,300,Buy,223726636
2024-07-17 13:30:31,34800.0,5000,Buy,223727295
2024-07-17 13:30:33,34800.0,1600,Buy,223727380
2024-07-17 13:30:34,34800.0,300,Buy,223727439
2024-07-17 13:30:36,34800.0,1400,Buy,223727517
2024-07-17 13:30:37,34800.0,7800,Buy,223727578
2024-07-17 13:30:39,34800.0,7400,Buy,223727692
2024-07-17 13:30:41,34800.0,4100,Buy,223727775
2024-07-17 13:30:43,34800.0,3700,Buy,223727862
2024-07-17 13:30:45,34800.0,900,Buy,223727941
2024-07-17 13:30:47,34800.0,100,Buy,223728033
2024-07-17 13:30:48,34800.0,9800,Sell,223728077
2024-07-17 13:31:01,34800.0,100,Sell,223729033
2024-07-17 13:31:05,34800.0,2000,Sell,223729213
2024-07-17 13:31:24,34800.0,1700,Sell,223730284
2024-07-17 13:31:25,34800.0,500,Sell,223730321
2024-07-17 13:31:30,34800.0,4000,Sell,223730620
2024-07-17 13:31:33,34800.0,500,Sell,223730754
2024-07-17 13:31:41,34900.0,100,Buy,223731097
2024-07-17 13:31:44,34900.0,100,Buy,223731232
2024-07-17 13:31:47,34800.0,100,Sell,223731377
2024-07-17 13:32:01,34800.0,100,Sell,223732685
2024-07-17 13:32:06,34900.0,100,Buy,223733069
2024-07-17 13:32:18,34900.0,2400,Buy,223733632
2024-07-17 13:32:29,34900.0,10000,Buy,223734125
2024-07-17 13:32:37,34900.0,1000,Buy,223734554
2024-07-17 13:32:39,34900.0,1900,Buy,223734653
2024-07-17 13:32:41,34900.0,2000,Buy,223734737
2024-07-17 13:32:48,34900.0,1000,Buy,223735062
2024-07-17 13:32:49,34900.0,100,Buy,223735117
2024-07-17 13:32:52,34900.0,200,Buy,223735272
2024-07-17 13:32:54,34800.0,500,Sell,223735337
2024-07-17 13:32:55,34900.0,2900,Buy,223735382
2024-07-17 13:33:06,34900.0,100,Buy,223735850
2024-07-17 13:33:08,34900.0,400,Buy,223735932
2024-07-17 13:33:15,34900.0,500,Buy,223736413
2024-07-17 13:33:21,34900.0,5000,Buy,223736776
2024-07-17 13:33:28,34900.0,5000,Buy,223737183
2024-07-17 13:33:33,34900.0,100,Buy,223737480
2024-07-17 13:33:35,34800.0,200,Sell,223737616
2024-07-17 13:33:37,34900.0,700,Buy,223737704
2024-07-17 13:33:38,34900.0,1000,Buy,223737759
2024-07-17 13:33:39,34900.0,500,Buy,223737821
2024-07-17 13:33:43,34900.0,200,Buy,223738025
2024-07-17 13:33:46,34900.0,3000,Buy,223738179
2024-07-17 13:33:47,34900.0,1100,Buy,223738248
2024-07-17 13:33:49,34900.0,300,Buy,223738357
2024-07-17 13:33:50,34900.0,1300,Buy,223738440
2024-07-17 13:33:54,34900.0,500,Buy,223738587
2024-07-17 13:33:59,34900.0,27500,Buy,223738795
2024-07-17 13:34:00,34900.0,500,Buy,223738826
2024-07-17 13:34:01,34900.0,1000,Buy,223738853
2024-07-17 13:34:02,34900.0,2000,Buy,223738913
2024-07-17 13:34:06,34900.0,1000,Buy,223739088
2024-07-17 13:34:08,34900.0,5000,Buy,223739143
2024-07-17 13:34:09,34900.0,900,Buy,223739177
2024-07-17 13:34:18,34900.0,300,Sell,223739853
2024-07-17 13:34:26,35000.0,800,Buy,223740177
2024-07-17 13:34:37,35000.0,300,Buy,223740717
2024-07-17 13:34:39,35000.0,1000,Buy,223740826
2024-07-17 13:34:41,35000.0,100,Buy,223740902
2024-07-17 13:34:44,35000.0,500,Buy,223740995
2024-07-17 13:34:47,35000.0,100,Buy,223741180
2024-07-17 13:34:53,35000.0,100,Buy,223741759
2024-07-17 13:34:54,35000.0,4200,Buy,223741844
2024-07-17 13:34:56,34900.0,2000,Sell,223741964
2024-07-17 13:35:00,34900.0,500,Sell,223742201
2024-07-17 13:35:01,35000.0,500,Buy,223742237
2024-07-17 13:35:06,35000.0,5300,Buy,223742504
2024-07-17 13:35:07,35000.0,2000,Buy,223742556
2024-07-17 13:35:09,35000.0,1000,Buy,223742644
2024-07-17 13:35:17,35000.0,1400,Buy,223743032
2024-07-17 13:35:18,35000.0,1000,Buy,223743112
2024-07-17 13:35:19,34900.0,18100,Sell,223743177
2024-07-17 13:35:21,34900.0,1000,Sell,223743277
2024-07-17 13:35:22,34900.0,400,Buy,223743323
2024-07-17 13:35:23,34900.0,200,Buy,223743369
2024-07-17 13:35:25,34900.0,1000,Sell,223743482
2024-07-17 13:35:27,34900.0,5800,Buy,223743607
2024-07-17 13:35:29,34900.0,100,Buy,223743721
2024-07-17 13:35:32,34900.0,300,Buy,223744067
2024-07-17 13:35:38,34900.0,500,Buy,223744360
2024-07-17 13:35:42,35000.0,100000,Buy,223744712
2024-07-17 13:35:48,34900.0,200,Sell,223745159
2024-07-17 13:35:53,35000.0,3000,Buy,223745413
2024-07-17 13:35:54,34900.0,700,Buy,223745469
2024-07-17 13:35:55,34900.0,5500,Buy,223745580
2024-07-17 13:35:57,35000.0,21000,Buy,223745667
2024-07-17 13:36:01,35000.0,1000,Buy,223745867
2024-07-17 13:36:10,35000.0,100,Buy,223746241
2024-07-17 13:36:12,35000.0,2800,Buy,223746343
2024-07-17 13:36:15,35000.0,2300,Buy,223746513
2024-07-17 13:36:16,35000.0,2500,Buy,223746546
2024-07-17 13:36:19,35000.0,700,Buy,223746673
2024-07-17 13:36:20,35000.0,1000,Buy,223746754
2024-07-17 13:36:21,35000.0,500,Buy,223746819
2024-07-17 13:36:24,34900.0,200,Sell,223746960
2024-07-17 13:36:34,35000.0,4000,Buy,223747620
2024-07-17 13:36:36,35000.0,500,Buy,223747740
2024-07-17 13:36:42,35000.0,800,Buy,223748233
2024-07-17 13:36:45,35000.0,200,Buy,223748357
2024-07-17 13:36:46,35000.0,500,Buy,223748388
2024-07-17 13:36:48,35000.0,1000,Buy,223748505
2024-07-17 13:36:50,34900.0,200,Sell,223748592
2024-07-17 13:37:07,34900.0,6000,Sell,223749385
2024-07-17 13:37:09,35000.0,2000,Buy,223749526
2024-07-17 13:37:11,34900.0,5000,Sell,223749619
2024-07-17 13:37:12,34900.0,6800,Buy,223749653
2024-07-17 13:37:19,34900.0,500,Buy,223750028
2024-07-17 13:37:37,34900.0,300,Buy,223750806
2024-07-17 13:37:48,34800.0,1400,Sell,223751464
2024-07-17 13:37:49,34900.0,500,Buy,223751480
2024-07-17 13:38:02,34900.0,1000,Buy,223752041
2024-07-17 13:38:09,34900.0,500,Buy,223752369
2024-07-17 13:38:17,34900.0,300,Buy,223752829
2024-07-17 13:38:18,34900.0,500,Buy,223752859
2024-07-17 13:38:27,34900.0,600,Buy,223753362
2024-07-17 13:38:41,34900.0,17000,Buy,223754433
2024-07-17 13:38:57,34900.0,3100,Sell,223755469
2024-07-17 13:38:58,34900.0,9000,Buy,223755511
2024-07-17 13:38:59,34800.0,1200,Sell,223755591
2024-07-17 13:39:03,34900.0,1000,Buy,223755785
2024-07-17 13:39:08,34900.0,500,Buy,223756056
2024-07-17 13:39:16,34900.0,1000,Buy,223756464
2024-07-17 13:39:23,34900.0,100,Buy,223756846
2024-07-17 13:39:51,34900.0,100,Buy,223758697
2024-07-17 13:39:56,34900.0,600,Buy,223759231
2024-07-17 13:40:00,34900.0,100,Buy,223759445
2024-07-17 13:40:10,34900.0,3000,Buy,223760115
2024-07-17 13:40:13,34900.0,2000,Buy,223760444
2024-07-17 13:40:17,34900.0,1000,Buy,223760751
2024-07-17 13:40:27,34900.0,500,Buy,223761356
2024-07-17 13:40:32,34900.0,300,Buy,223761633
2024-07-17 13:40:55,34900.0,3400,Buy,223762922
2024-07-17 13:40:56,34900.0,1000,Buy,223762994
2024-07-17 13:40:57,34900.0,8300,Buy,223763093
2024-07-17 13:40:59,34900.0,4400,ATO/ATC,223763172
2024-07-17 13:41:11,34900.0,1000,Sell,223763975
2024-07-17 13:41:28,34900.0,500,Sell,223765725
2024-07-17 13:41:50,34900.0,3000,Sell,223767211
2024-07-17 13:41:50,35000.0,14300,Buy,223767272
2024-07-17 13:41:51,35000.0,18700,Buy,223767336
2024-07-17 13:42:09,35000.0,200,Sell,223769040
2024-07-17 13:42:14,35100.0,7000,Buy,223769352
2024-07-17 13:42:17,35100.0,8300,Buy,223769564
2024-07-17 13:42:19,35100.0,42900,ATO/ATC,223769629
2024-07-17 13:42:20,35100.0,1000,Sell,223769739
2024-07-17 13:42:32,35100.0,200,Sell,223770488
2024-07-17 13:42:36,35100.0,100,Sell,223771003
2024-07-17 13:42:59,35200.0,500,Buy,223772552
2024-07-17 13:43:04,35200.0,2000,Buy,223772948
2024-07-17 13:43:07,35200.0,7500,Buy,223773154
2024-07-17 13:43:10,35200.0,1900,Buy,223773286
2024-07-17 13:43:12,35200.0,3200,Buy,223773383
2024-07-17 13:43:13,35200.0,3000,Buy,223773444
2024-07-17 13:43:15,35200.0,4800,Buy,223773559
2024-07-17 13:43:21,35200.0,1100,Buy,223773906
2024-07-17 13:43:22,35200.0,800,Buy,223774019
2024-07-17 13:43:25,35200.0,500,Buy,223774148
2024-07-17 13:43:26,35100.0,100,Sell,223774206
2024-07-17 13:43:28,35200.0,200,Buy,223774375
2024-07-17 13:43:30,35200.0,100,Buy,223774491
2024-07-17 13:43:35,35200.0,300,Buy,223774862
2024-07-17 13:43:38,35200.0,100,Buy,223774996
2024-07-17 13:43:42,35200.0,400,Buy,223775260
2024-07-17 13:43:43,35200.0,500,Buy,223775327
2024-07-17 13:43:50,35200.0,200,Buy,223775909
2024-07-17 13:43:53,35200.0,400,Buy,223776061
2024-07-17 13:43:54,35200.0,300,Buy,223776105
2024-07-17 13:43:56,35200.0,57700,Sell,223776283
2024-07-17 13:44:19,35200.0,100,Sell,223777595
2024-07-17 13:44:20,35200.0,5000,Sell,223777644
2024-07-17 13:44:23,35200.0,300,Sell,223777815
2024-07-17 13:44:30,35300.0,3000,Buy,223778143
2024-07-17 13:44:33,35300.0,20000,Buy,223778300
2024-07-17 13:44:36,35200.0,5300,Sell,223778529
2024-07-17 13:44:38,35300.0,33000,Buy,223778688
2024-07-17 13:44:39,35300.0,5100,Buy,223778763
2024-07-17 13:44:42,35300.0,13000,Buy,223778898
2024-07-17 13:44:45,35300.0,1100,Buy,223779030
2024-07-17 13:44:47,35300.0,3000,Buy,223779031
2024-07-17 13:44:50,35300.0,2000,Buy,223779033
2024-07-17 13:44:51,35300.0,14200,Sell,223779170
2024-07-17 13:44:55,35300.0,100,Sell,223779698
2024-07-17 13:45:05,35300.0,7200,Sell,223780210
2024-07-17 13:45:16,35300.0,200,Sell,223780777
2024-07-17 13:45:19,35400.0,1100,Buy,223781031
2024-07-17 13:45:20,35300.0,1000,Sell,223781090
2024-07-17 13:45:22,35400.0,400,Buy,223781199
2024-07-17 13:45:23,35300.0,200,Sell,223781242
2024-07-17 13:45:26,35400.0,300,Buy,223781414
2024-07-17 13:45:29,35300.0,10000,Sell,223781528
2024-07-17 13:45:34,35400.0,30000,Buy,223781721
2024-07-17 13:45:36,35400.0,500,Buy,223781800
2024-07-17 13:45:40,35400.0,1200,Buy,223781976
2024-07-17 13:45:42,35400.0,31000,Buy,223782087
2024-07-17 13:45:46,35400.0,1000,Buy,223782273
2024-07-17 13:45:48,35300.0,1200,Sell,223782410
2024-07-17 13:45:49,35400.0,200,Buy,223782457
2024-07-17 13:45:52,35400.0,100,Buy,223782581
2024-07-17 13:45:53,35400.0,600,Buy,223782637
2024-07-17 13:45:55,35400.0,9500,Buy,223782702
2024-07-17 13:45:56,35400.0,1000,Buy,223782753
2024-07-17 13:45:58,35400.0,3200,Buy,223782834
2024-07-17 13:45:59,35400.0,100,Sell,223782879
2024-07-17 13:46:02,35500.0,7600,Buy,223782983
2024-07-17 13:46:04,35400.0,200,Sell,223783038
2024-07-17 13:46:08,35400.0,6000,Sell,223783218
2024-07-17 13:46:11,35400.0,300,Sell,223783354
2024-07-17 13:46:12,35400.0,500,Sell,223783403
2024-07-17 13:46:16,35500.0,600,Buy,223783608
2024-07-17 13:46:19,35400.0,600,Sell,223783804
2024-07-17 13:46:25,35400.0,5700,Sell,223784080
2024-07-17 13:46:28,35400.0,2500,Sell,223784223
2024-07-17 13:46:37,35400.0,1300,Buy,223784623
2024-07-17 13:46:46,35300.0,300,Sell,223785003
2024-07-17 13:46:47,35300.0,100,Sell,223785034
2024-07-17 13:46:51,35400.0,100,Buy,223785189
2024-07-17 13:46:54,35300.0,10000,Sell,223785290
2024-07-17 13:46:56,35300.0,4200,Buy,223785386
2024-07-17 13:46:58,35300.0,500,Buy,223785552
2024-07-17 13:47:06,35300.0,2000,Buy,223785872
2024-07-17 13:47:07,35300.0,1000,Buy,223785898
2024-07-17 13:47:14,35300.0,3000,Buy,223786284
2024-07-17 13:47:16,35300.0,400,Buy,223786376
2024-07-17 13:47:23,35300.0,19000,Buy,223786742
2024-07-17 13:47:29,35200.0,2000,Sell,223786968
2024-07-17 13:47:30,35300.0,5500,Buy,223787005
2024-07-17 13:47:33,35300.0,1400,Buy,223787111
2024-07-17 13:47:34,35300.0,900,Buy,223787150
2024-07-17 13:47:56,35200.0,300,Sell,223788183
2024-07-17 13:48:00,35200.0,200,Sell,223788389
2024-07-17 13:48:04,35200.0,1200,Sell,223788547
2024-07-17 13:48:07,35200.0,100,Sell,223788673
2024-07-17 13:48:08,35200.0,11600,Sell,223788731
2024-07-17 13:48:09,35300.0,1000,Buy,223788768
2024-07-17 13:48:10,35200.0,300,Sell,223788801
2024-07-17 13:48:11,35200.0,200,Buy,223788826
2024-07-17 13:48:16,35200.0,100,Buy,223789040
2024-07-17 13:48:30,35200.0,200,Buy,223789690
2024-07-17 13:48:35,35100.0,500,Sell,223789902
2024-07-17 13:48:39,35100.0,500,Sell,223790158
2024-07-17 13:48:43,35100.0,9900,Sell,223790332
2024-07-17 13:48:48,35100.0,1100,Sell,223790541
2024-07-17 13:48:50,35100.0,900,Buy,223790604
2024-07-17 13:48:52,35100.0,1600,Buy,223790701
2024-07-17 13:48:56,35100.0,4500,Buy,223790847
2024-07-17 13:49:01,35000.0,500,Sell,223791092
2024-07-17 13:49:09,35000.0,700,Sell,223791515
2024-07-17 13:49:15,35000.0,200,Sell,223791718
2024-07-17 13:49:19,35000.0,500,Sell,223791943
2024-07-17 13:49:20,35000.0,1600,Sell,223792006
2024-07-17 13:49:23,35000.0,2000,Sell,223792172
2024-07-17 13:49:29,35000.0,700,Sell,223792590
2024-07-17 13:49:32,35000.0,2300,Sell,223792730
2024-07-17 13:49:41,35000.0,500,Sell,223793196
2024-07-17 13:49:44,35000.0,19100,Buy,223793350
2024-07-17 13:49:45,35000.0,100,Buy,223793376
2024-07-17 13:49:57,34900.0,100,Sell,223793953
2024-07-17 13:50:03,35000.0,400,Buy,223794193
2024-07-17 13:50:09,35000.0,10000,Buy,223794468
2024-07-17 13:50:23,35000.0,2000,Buy,223795349
2024-07-17 13:50:27,35000.0,100,Buy,223795495
2024-07-17 13:50:29,35000.0,900,Buy,223795592
2024-07-17 13:50:31,35000.0,100,Buy,223795665
2024-07-17 13:50:33,35000.0,4200,Buy,223795828
2024-07-17 13:50:35,35000.0,700,Sell,223795884
2024-07-17 13:50:37,35000.0,100,Sell,223796054
2024-07-17 13:50:51,35000.0,1000,Sell,223796619
2024-07-17 13:50:54,35100.0,1800,Buy,223796859
2024-07-17 13:50:56,35100.0,3600,Sell,223797027
2024-07-17 13:51:11,35100.0,3100,Buy,223797694
2024-07-17 13:51:12,35100.0,100,Buy,223797734
2024-07-17 13:51:21,35100.0,400,Buy,223798083
2024-07-17 13:51:23,35100.0,300,Buy,223798182
2024-07-17 13:51:24,35100.0,500,Buy,223798235
2024-07-17 13:51:26,35100.0,1000,Buy,223798329
2024-07-17 13:51:30,35100.0,100,Buy,223798437
2024-07-17 13:51:36,35100.0,500,Buy,223798843
2024-07-17 13:51:43,35100.0,500,Buy,223799113
2024-07-17 13:51:44,35100.0,900,Buy,223799215
2024-07-17 13:51:48,35100.0,1000,Buy,223799426
2024-07-17 13:51:52,35100.0,1700,Sell,223799544
2024-07-17 13:51:54,35100.0,300,Sell,223799623
2024-07-17 13:52:00,35100.0,4700,Sell,223799882
2024-07-17 13:52:24,35200.0,100,Buy,223800951
2024-07-17 13:52:27,35200.0,11700,Sell,223801102
2024-07-17 13:52:31,35200.0,100,Sell,223801347
2024-07-17 13:52:41,35300.0,400,Buy,223801932
2024-07-17 13:52:47,35200.0,4200,Buy,223802244
2024-07-17 13:52:50,35200.0,2000,Buy,223802353
2024-07-17 13:52:56,35200.0,2000,Buy,223802604
2024-07-17 13:53:00,35200.0,100,Buy,223802781
2024-07-17 13:53:23,35200.0,200,Buy,223803825
2024-07-17 13:53:28,35200.0,1000,Buy,223804052
2024-07-17 13:53:34,35200.0,600,Buy,223804384
2024-07-17 13:53:39,35200.0,5000,Sell,223804641
2024-07-17 13:53:41,35300.0,12000,Buy,223804871
2024-07-17 13:53:57,35200.0,400,Sell,223805516
2024-07-17 13:53:59,35300.0,1000,Buy,223805634
2024-07-17 13:54:04,35300.0,10000,Buy,223805832
2024-07-17 13:54:17,35200.0,2000,Sell,223806675
2024-07-17 13:54:23,35200.0,10000,Sell,223807372
2024-07-17 13:54:24,35200.0,300,Buy,223807430
2024-07-17 13:54:26,35200.0,1800,Buy,223807527
2024-07-17 13:54:40,35200.0,300,Buy,223808402
2024-07-17 13:54:44,35200.0,400,Buy,223808614
2024-07-17 13:54:52,35200.0,100,Buy,223809101
2024-07-17 13:55:01,35200.0,9700,Buy,223809552
2024-07-17 13:55:08,35200.0,1100,Buy,223809882
2024-07-17 13:55:09,35200.0,500,Buy,223809908
2024-07-17 13:55:16,35200.0,1600,Buy,223810254
2024-07-17 13:55:18,35200.0,100,Buy,223810335
2024-07-17 13:55:22,35200.0,200,Buy,223810611
2024-07-17 13:55:25,35200.0,4600,Sell,223810830
2024-07-17 13:55:26,35200.0,100,Sell,223810864
2024-07-17 13:55:35,35200.0,2000,Sell,223811453
2024-07-17 13:55:51,35200.0,1000,Sell,223812396
2024-07-17 13:56:04,35300.0,100,Buy,223813050
2024-07-17 13:56:42,35300.0,2000,Buy,223814792
2024-07-17 13:56:50,35300.0,1200,Buy,223815088
2024-07-17 13:57:01,35300.0,3000,Buy,223815631
2024-07-17 13:57:02,35300.0,4400,Buy,223815661
2024-07-17 13:57:05,35300.0,1000,Buy,223815784
2024-07-17 13:57:13,35300.0,900,Buy,223816134
2024-07-17 13:57:14,35300.0,1000,Buy,223816186
2024-07-17 13:57:18,35300.0,1600,Buy,223816355
2024-07-17 13:57:27,35300.0,11200,Buy,223816865
2024-07-17 13:57:30,35300.0,200,Buy,223817088
2024-07-17 13:57:34,35300.0,4000,Buy,223817229
2024-07-17 13:57:39,35300.0,11800,Buy,223817634
2024-07-17 13:57:40,35300.0,38700,Sell,223817661
2024-07-17 13:57:44,35300.0,5600,Sell,223817818
2024-07-17 13:57:58,35300.0,4500,Sell,223818657
2024-07-17 13:58:03,35300.0,100,Sell,223818967
2024-07-17 13:58:13,35300.0,6800,Buy,223819448
2024-07-17 13:58:16,35300.0,1000,Buy,223819623
2024-07-17 13:58:17,35300.0,2000,Buy,223819696
2024-07-17 13:58:21,35300.0,400,Sell,223819968
2024-07-17 13:58:23,35300.0,4000,Sell,223820080
2024-07-17 13:58:28,35300.0,500,Sell,223820388
2024-07-17 13:58:31,35300.0,100,ATO/ATC,223820597
2024-07-17 13:58:35,35300.0,300,Buy,223820836
2024-07-17 13:58:56,35200.0,9000,Sell,223821970
2024-07-17 13:59:11,35200.0,700,Sell,223822674
2024-07-17 13:59:19,35300.0,500,Buy,223823368
2024-07-17 13:59:43,35200.0,30000,Sell,223824950
2024-07-17 13:59:47,35300.0,5800,Buy,223825154
2024-07-17 13:59:56,35300.0,400,Buy,223825868
2024-07-17 13:59:58,35300.0,200,Buy,223825988
2024-07-17 14:00:00,35300.0,2300,Buy,223826067
2024-07-17 14:00:12,35300.0,800,Buy,223826691
2024-07-17 14:00:14,35300.0,300,Buy,223826828
2024-07-17 14:00:21,35300.0,300,Buy,223827312
2024-07-17 14:00:23,35300.0,200,Buy,223827442
2024-07-17 14:00:25,35200.0,3000,Sell,223827573
2024-07-17 14:00:44,35200.0,5000,Sell,223828743
2024-07-17 14:00:49,35200.0,200,Sell,223829057
2024-07-17 14:00:50,35300.0,200,Buy,223829114
2024-07-17 14:00:52,35200.0,21000,Sell,223829333
2024-07-17 14:00:56,35200.0,200,Sell,223829613
2024-07-17 14:01:01,35300.0,500,Buy,223829873
2024-07-17 14:01:02,35200.0,300,Sell,223829917
2024-07-17 14:01:03,35200.0,1500,Buy,223829982
2024-07-17 14:01:16,35200.0,200,Buy,223830701
2024-07-17 14:01:20,35200.0,600,Buy,223830861
2024-07-17 14:01:24,35200.0,7000,Sell,223831107
2024-07-17 14:01:42,35200.0,800,Sell,223832249
2024-07-17 14:01:45,35300.0,2000,Buy,223832437
2024-07-17 14:01:47,35200.0,2500,Sell,223832598
2024-07-17 14:01:58,35300.0,500,Buy,223833351
2024-07-17 14:02:01,35200.0,100,Sell,223833544
2024-07-17 14:02:08,35300.0,200,Buy,223834038
2024-07-17 14:02:35,35300.0,200,Buy,223835980
2024-07-17 14:02:46,35300.0,300,Buy,223836737
2024-07-17 14:02:56,35300.0,300,Buy,223837408
2024-07-17 14:03:01,35300.0,200,Buy,223837873
2024-07-17 14:03:08,35300.0,1400,Buy,223838433
2024-07-17 14:03:12,35300.0,30000,Buy,223838715
2024-07-17 14:03:23,35300.0,4800,Buy,223840021
2024-07-17 14:03:27,35300.0,200,Buy,223840526
2024-07-17 14:03:33,35200.0,3000,Sell,223841062
2024-07-17 14:03:53,35300.0,200,Buy,223843009
2024-07-17 14:04:03,35300.0,100,Buy,223843719
2024-07-17 14:04:09,35300.0,2700,Buy,223844065
2024-07-17 14:04:16,35300.0,20000,Buy,223845210
2024-07-17 14:04:20,35300.0,1200,Buy,223845600
2024-07-17 14:04:22,35300.0,500,Buy,223845900
2024-07-17 14:04:26,35300.0,1000,Buy,223846283
2024-07-17 14:04:27,35300.0,2000,Buy,223846403
2024-07-17 14:04:31,35200.0,13000,Sell,223846781
2024-07-17 14:04:32,35300.0,18000,Buy,223846859
2024-07-17 14:04:33,35300.0,9000,Buy,223846998
2024-07-17 14:04:34,35300.0,7800,Buy,223847064
2024-07-17 14:04:40,35300.0,200,Buy,223847642
2024-07-17 14:04:46,35300.0,5200,Buy,223848120
2024-07-17 14:04:50,35300.0,600,Buy,223848725
2024-07-17 14:04:52,35300.0,2500,Buy,223848916
2024-07-17 14:04:56,35300.0,3000,Buy,223849300
2024-07-17 14:05:10,35300.0,3000,Buy,223850446
2024-07-17 14:05:12,35300.0,200,Buy,223850610
2024-07-17 14:05:15,35300.0,1000,Buy,223850934
2024-07-17 14:05:17,35300.0,500,Buy,223851134
2024-07-17 14:05:19,35300.0,11500,Buy,223851315
2024-07-17 14:05:21,35300.0,500,Buy,223851544
2024-07-17 14:05:23,35300.0,300,Buy,223851787
2024-07-17 14:05:27,35300.0,5300,Buy,223852212
2024-07-17 14:05:30,35300.0,1100,Buy,223852457
2024-07-17 14:05:31,35300.0,200,Buy,223852569
2024-07-17 14:05:33,35300.0,20000,Buy,223852745
2024-07-17 14:05:34,35300.0,600,Buy,223852861
2024-07-17 14:05:35,35300.0,6900,Sell,223853081
2024-07-17 14:05:38,35400.0,200,Buy,223853417
2024-07-17 14:05:41,35300.0,3200,Sell,223853728
2024-07-17 14:06:03,35300.0,300,Sell,223855995
2024-07-17 14:06:05,35400.0,3300,Buy,223856209
2024-07-17 14:06:08,35300.0,100,Sell,223856527
2024-07-17 14:06:18,35400.0,100,Buy,223857294
2024-07-17 14:06:21,35300.0,200,Sell,223857618
2024-07-17 14:06:24,35400.0,1000,Buy,223858054
2024-07-17 14:06:25,35400.0,200,Buy,223858175
2024-07-17 14:06:28,35300.0,200,Sell,223858538
2024-07-17 14:06:32,35400.0,200,Buy,223858895
2024-07-17 14:06:46,35400.0,100,Buy,223860097
2024-07-17 14:06:48,35400.0,900,Buy,223860177
2024-07-17 14:06:58,35300.0,3200,Sell,223861251
2024-07-17 14:07:10,35300.0,200,Sell,223862295
2024-07-17 14:07:18,35400.0,2000,Buy,223863026
2024-07-17 14:07:19,35300.0,500,Sell,223863175
2024-07-17 14:07:23,35400.0,200,Buy,223863587
2024-07-17 14:07:27,35300.0,200,Sell,223863801
2024-07-17 14:07:41,35300.0,10000,Sell,223865226
2024-07-17 14:07:46,35300.0,1000,Sell,223865686
2024-07-17 14:07:51,35400.0,200,Buy,223866237
2024-07-17 14:08:12,35400.0,3000,Buy,223868470
2024-07-17 14:08:16,35400.0,200,Buy,223868797
2024-07-17 14:08:17,35400.0,1000,Buy,223868913
2024-07-17 14:08:23,35400.0,100,Buy,223869518
2024-07-17 14:08:25,35400.0,1100,Buy,223869709
2024-07-17 14:08:28,35400.0,10000,Buy,223869906
2024-07-17 14:08:33,35400.0,1000,Buy,223870201
2024-07-17 14:08:34,35300.0,4100,Sell,223870304
2024-07-17 14:08:36,35400.0,1000,Buy,223870449
2024-07-17 14:08:42,35400.0,200,Buy,223871040
2024-07-17 14:08:43,35300.0,200,Sell,223871104
2024-07-17 14:08:44,35400.0,300,Buy,223871224
2024-07-17 14:08:58,35400.0,1000,Buy,223872225
2024-07-17 14:08:59,35300.0,700,Sell,223872297
2024-07-17 14:09:01,35400.0,2000,Buy,223872531
2024-07-17 14:09:04,35400.0,6000,Buy,223872881
2024-07-17 14:09:08,35400.0,200,Buy,223873156
2024-07-17 14:09:09,35400.0,2000,Buy,223873216
2024-07-17 14:09:13,35400.0,10000,Buy,223873528
2024-07-17 14:09:16,35400.0,300,Buy,223873774
2024-07-17 14:09:20,35400.0,10000,Buy,223874069
2024-07-17 14:09:24,35400.0,1500,Buy,223874428
2024-07-17 14:09:29,35400.0,4600,Buy,223874735
2024-07-17 14:09:30,35400.0,4000,Buy,223874796
2024-07-17 14:09:31,35400.0,1000,Buy,223874862
2024-07-17 14:09:32,35400.0,1000,Buy,223874935
2024-07-17 14:09:33,35400.0,5100,Buy,223874995
2024-07-17 14:09:35,35400.0,200,Buy,223875128
2024-07-17 14:09:36,35400.0,3000,Buy,223875241
2024-07-17 14:09:40,35400.0,3000,Buy,223875551
2024-07-17 14:09:41,35400.0,1000,Buy,223875606
2024-07-17 14:09:44,35400.0,1000,Buy,223875834
2024-07-17 14:09:48,35300.0,1000,Sell,223876192
2024-07-17 14:09:49,35400.0,10000,Buy,223876255
2024-07-17 14:09:51,35400.0,15400,Buy,223876352
2024-07-17 14:09:52,35400.0,3000,Buy,223876457
2024-07-17 14:09:55,35400.0,7000,Buy,223876803
2024-07-17 14:09:56,35400.0,1000,Buy,223877023
2024-07-17 14:09:57,35400.0,2300,Buy,223877104
2024-07-17 14:09:58,35400.0,2500,Buy,223877249
2024-07-17 14:09:59,35400.0,20000,Buy,223877301
2024-07-17 14:10:00,35400.0,11700,Sell,223877347
2024-07-17 14:10:11,35500.0,3000,Buy,223878213
2024-07-17 14:10:13,35500.0,31500,Buy,223878343
2024-07-17 14:10:15,35400.0,500,Sell,223878555
2024-07-17 14:10:18,35500.0,100,Buy,223878740
2024-07-17 14:10:19,35500.0,3000,Buy,223878817
2024-07-17 14:10:27,35500.0,500,Buy,223879375
2024-07-17 14:10:31,35500.0,300,Buy,223879442
2024-07-17 14:10:32,35500.0,4400,Buy,223879693
2024-07-17 14:10:34,35500.0,5000,Buy,223879981
2024-07-17 14:10:35,35500.0,500,Buy,223880046
2024-07-17 14:10:36,35500.0,2500,Buy,223880115
2024-07-17 14:10:38,35500.0,2000,Buy,223880190
2024-07-17 14:10:42,35500.0,2000,Buy,223880491
2024-07-17 14:10:45,35500.0,300,Buy,223880657
2024-07-17 14:10:49,35400.0,11000,Sell,223880850
2024-07-17 14:10:50,35500.0,1000,Buy,223880902
2024-07-17 14:10:52,35500.0,2000,Buy,223881011
2024-07-17 14:10:53,35500.0,200,Buy,223881132
2024-07-17 14:10:56,35500.0,400,Buy,223881334
2024-07-17 14:10:57,35500.0,100,Buy,223881424
2024-07-17 14:11:00,35500.0,5000,Buy,223881610
2024-07-17 14:11:01,35500.0,100,Buy,223881700
2024-07-17 14:11:03,35500.0,10600,Buy,223881852
2024-07-17 14:11:05,35400.0,13000,Sell,223881970
2024-07-17 14:11:07,35500.0,5000,Buy,223882077
2024-07-17 14:11:08,35500.0,10000,Buy,223882173
2024-07-17 14:11:11,35500.0,300,Buy,223882445
2024-07-17 14:11:12,35500.0,1000,Buy,223882499
2024-07-17 14:11:15,35500.0,1500,Buy,223882728
2024-07-17 14:11:16,35500.0,2100,Buy,223882792
2024-07-17 14:11:18,35500.0,400,Buy,223882901
2024-07-17 14:11:19,35500.0,2300,Buy,223882961
2024-07-17 14:11:20,35500.0,5200,Buy,223883045
2024-07-17 14:11:21,35500.0,200,Buy,223883088
2024-07-17 14:11:22,35500.0,21700,Buy,223883175
2024-07-17 14:11:23,35500.0,30000,Buy,223883306
2024-07-17 14:11:25,35500.0,100,Buy,223883443
2024-07-17 14:11:26,35500.0,14500,Buy,223883478
2024-07-17 14:11:28,35500.0,1200,Buy,223883622
2024-07-17 14:11:30,35500.0,18300,Buy,223883745
2024-07-17 14:11:31,35500.0,2000,Buy,223883856
2024-07-17 14:11:34,35500.0,6500,Buy,223884108
2024-07-17 14:11:35,35500.0,4900,Buy,223884241
2024-07-17 14:11:40,35500.0,100,Sell,223884528
2024-07-17 14:11:41,35600.0,1000,Buy,223884609
2024-07-17 14:11:42,35500.0,5600,Sell,223884702
2024-07-17 14:11:46,35600.0,200,Buy,223884981
2024-07-17 14:11:47,35600.0,6000,Buy,223885036
2024-07-17 14:11:48,35500.0,200,Sell,223885100
2024-07-17 14:11:57,35600.0,5000,Buy,223885706
2024-07-17 14:12:03,35600.0,2000,Buy,223886065
2024-07-17 14:12:07,35600.0,20000,Buy,223886342
2024-07-17 14:12:08,35600.0,100,Buy,223886418
2024-07-17 14:12:09,35600.0,600,Buy,223886492
2024-07-17 14:12:10,35600.0,8900,Buy,223886580
2024-07-17 14:12:12,35600.0,3700,Buy,223886710
2024-07-17 14:12:14,35600.0,3000,Buy,223886860
2024-07-17 14:12:15,35600.0,4000,Buy,223886920
2024-07-17 14:12:16,35600.0,1700,Buy,223886984
2024-07-17 14:12:20,35600.0,500,Sell,223887247
2024-07-17 14:12:23,35600.0,1000,Sell,223887533
2024-07-17 14:12:29,35600.0,500,Sell,223887846
2024-07-17 14:12:30,35700.0,7100,Buy,223887879
2024-07-17 14:12:33,35600.0,100,Sell,223888036
2024-07-17 14:12:36,35600.0,2000,Sell,223888236
2024-07-17 14:12:38,35700.0,200,Buy,223888370
2024-07-17 14:12:40,35700.0,2300,Buy,223888563
2024-07-17 14:12:45,35700.0,2000,Buy,223888907
2024-07-17 14:12:46,35700.0,1000,Buy,223888981
2024-07-17 14:12:49,35700.0,1000,Buy,223889204
2024-07-17 14:12:53,35700.0,500,Buy,223889456
2024-07-17 14:12:59,35700.0,500,Buy,223890117
2024-07-17 14:13:03,35600.0,100,Sell,223890474
2024-07-17 14:13:04,35700.0,3000,Buy,223890526
2024-07-17 14:13:05,35700.0,800,Buy,223890602
2024-07-17 14:13:06,35700.0,800,Buy,223890659
2024-07-17 14:13:08,35700.0,100,Buy,223890789
2024-07-17 14:13:13,35700.0,2600,Buy,223891137
2024-07-17 14:13:16,35700.0,500,Buy,223891330
2024-07-17 14:13:28,35600.0,10700,Sell,223892342
2024-07-17 14:13:31,35700.0,200,Buy,223892604
2024-07-17 14:13:33,35600.0,200,Sell,223892837
2024-07-17 14:13:36,35600.0,1100,Sell,223893074
2024-07-17 14:13:37,35600.0,2600,Sell,223893173
2024-07-17 14:13:38,35600.0,4500,Sell,223893281
2024-07-17 14:13:45,35600.0,400,Buy,223894255
2024-07-17 14:13:46,35600.0,800,Buy,223894326
2024-07-17 14:13:48,35600.0,14300,Sell,223894459
2024-07-17 14:13:49,35700.0,2000,Buy,223894484
2024-07-17 14:13:50,35600.0,800,Sell,223894533
2024-07-17 14:13:51,35600.0,15000,ATO/ATC,223894601
2024-07-17 14:13:52,35600.0,200,Sell,223894654
2024-07-17 14:13:53,35700.0,2000,Buy,223894741
2024-07-17 14:13:55,35600.0,100,Sell,223894859
2024-07-17 14:13:56,35600.0,7000,Sell,223894929
2024-07-17 14:13:57,35700.0,500,Buy,223895045
2024-07-17 14:13:58,35600.0,1700,Buy,223895106
2024-07-17 14:14:00,35600.0,300,Buy,223895243
2024-07-17 14:14:02,35600.0,1000,Sell,223895353
2024-07-17 14:14:03,35600.0,1000,Sell,223895476
2024-07-17 14:14:05,35600.0,1000,Sell,223895593
2024-07-17 14:14:06,35600.0,1100,Sell,223895650
2024-07-17 14:14:11,35600.0,3000,Sell,223896162
2024-07-17 14:14:13,35600.0,3000,Sell,223896280
2024-07-17 14:14:17,35600.0,500,Sell,223896572
2024-07-17 14:14:18,35600.0,100,Sell,223896640
2024-07-17 14:14:19,35600.0,4000,Sell,223896821
2024-07-17 14:14:20,35600.0,500,Sell,223896868
2024-07-17 14:14:22,35600.0,2700,Buy,223896987
2024-07-17 14:14:23,35600.0,200,Buy,223897085
2024-07-17 14:14:26,35600.0,500,Buy,223897286
2024-07-17 14:14:29,35600.0,200,Buy,223897558
2024-07-17 14:14:30,35600.0,200,Buy,223897646
2024-07-17 14:14:31,35600.0,200,Buy,223897708
2024-07-17 14:14:32,35500.0,5000,Sell,223897778
2024-07-17 14:14:33,35600.0,63400,Buy,223897838
2024-07-17 14:14:35,35600.0,8000,Buy,223898038
2024-07-17 14:14:40,35500.0,600,Sell,223898416
2024-07-17 14:14:41,35500.0,3000,Sell,223898467
2024-07-17 14:14:43,35500.0,700,Sell,223898664
2024-07-17 14:14:44,35500.0,300,Sell,223898749
2024-07-17 14:14:48,35500.0,200,Buy,223899048
2024-07-17 14:14:50,35500.0,200,Buy,223899170
2024-07-17 14:14:53,35500.0,2400,Buy,223899482
2024-07-17 14:14:54,35500.0,2800,Buy,223899567
2024-07-17 14:14:57,35500.0,5000,Buy,223899805
2024-07-17 14:15:10,35500.0,1000,Buy,223900686
2024-07-17 14:15:15,35500.0,18500,Buy,223901096
2024-07-17 14:15:16,35400.0,400,Sell,223901166
2024-07-17 14:15:19,35500.0,100,Buy,223901427
2024-07-17 14:15:29,35500.0,5000,Buy,223902304
2024-07-17 14:15:36,35500.0,10000,Buy,223902803
2024-07-17 14:15:41,35400.0,400,Sell,223903170
2024-07-17 14:15:42,35500.0,200,Buy,223903228
2024-07-17 14:15:48,35500.0,20000,Buy,223903690
2024-07-17 14:15:50,35400.0,20000,Sell,223903850
2024-07-17 14:15:54,35500.0,300,Buy,223904168
2024-07-17 14:16:00,35500.0,300,Buy,223904640
2024-07-17 14:16:01,35500.0,1000,Sell,223904706
2024-07-17 14:16:02,35500.0,500,Sell,223904760
2024-07-17 14:16:05,35500.0,1000,Sell,223905088
2024-07-17 14:16:07,35500.0,100,Sell,223905408
2024-07-17 14:16:08,35500.0,1300,Sell,223905480
2024-07-17 14:16:11,35500.0,4100,Buy,223905692
2024-07-17 14:16:19,35500.0,7700,Buy,223906401
2024-07-17 14:16:21,35600.0,1000,Buy,223906666
2024-07-17 14:16:25,35500.0,100,Sell,223907028
2024-07-17 14:16:31,35500.0,14300,Sell,223907439
2024-07-17 14:16:34,35500.0,1400,Buy,223907714
2024-07-17 14:16:35,35500.0,200,Buy,223907823
2024-07-17 14:16:37,35500.0,500,Buy,223907959
2024-07-17 14:16:42,35500.0,500,Buy,223908398
2024-07-17 14:16:44,35500.0,1800,Buy,223908536
2024-07-17 14:16:45,35400.0,100,Sell,223908628
2024-07-17 14:16:47,35400.0,600,Sell,223908755
2024-07-17 14:16:53,35400.0,11700,Sell,223909213
2024-07-17 14:16:54,35400.0,6000,Sell,223909314
2024-07-17 14:16:55,35400.0,2500,Buy,223909398
2024-07-17 14:17:01,35400.0,1000,Buy,223909933
2024-07-17 14:17:04,35300.0,20000,Sell,223910198
2024-07-17 14:17:08,35400.0,300,Buy,223910522
2024-07-17 14:17:10,35400.0,1000,Buy,223910840
2024-07-17 14:17:13,35300.0,1200,Sell,223911085
2024-07-17 14:17:14,35300.0,3600,Sell,223911208
2024-07-17 14:17:16,35300.0,700,Sell,223911411
2024-07-17 14:17:18,35300.0,4200,Sell,223911578
2024-07-17 14:17:19,35300.0,3700,Sell,223911681
2024-07-17 14:17:20,35300.0,2600,Buy,223911749
2024-07-17 14:17:24,35300.0,100,Buy,223912190
2024-07-17 14:17:27,35300.0,1200,Buy,223912555
2024-07-17 14:17:30,35200.0,5000,Sell,223913059
2024-07-17 14:17:34,35200.0,300,Sell,223913535
2024-07-17 14:17:38,35200.0,1000,Sell,223913983
2024-07-17 14:17:39,35200.0,600,Sell,223914110
2024-07-17 14:17:42,35200.0,2000,Sell,223914371
2024-07-17 14:17:44,35200.0,10000,Sell,223914592
2024-07-17 14:17:45,35200.0,100,Sell,223914744
2024-07-17 14:17:47,35200.0,9000,Sell,223915041
2024-07-17 14:17:48,35200.0,5400,Sell,223915192
2024-07-17 14:17:49,35200.0,2900,Sell,223915272
2024-07-17 14:17:51,35200.0,2200,Sell,223915579
2024-07-17 14:17:53,35200.0,31200,Sell,223915832
2024-07-17 14:17:56,35300.0,3500,Buy,223916183
2024-07-17 14:18:00,35200.0,200,Sell,223916674
2024-07-17 14:18:03,35200.0,500,Sell,223917185
2024-07-17 14:18:08,35200.0,500,Sell,223917750
2024-07-17 14:18:10,35200.0,2000,Sell,223918313
2024-07-17 14:18:19,35200.0,6000,Sell,223919472
2024-07-17 14:18:20,35300.0,200,Buy,223919722
2024-07-17 14:18:21,35200.0,1500,Buy,223919855
2024-07-17 14:18:27,35200.0,1000,Buy,223920525
2024-07-17 14:18:39,35200.0,1700,Buy,223922067
2024-07-17 14:18:40,35200.0,38000,Buy,223922129
2024-07-17 14:18:43,35100.0,29000,Sell,223922631
2024-07-17 14:18:46,35200.0,1900,Buy,223923305
2024-07-17 14:18:47,35200.0,100,Buy,223923384
2024-07-17 14:18:52,35200.0,100,Buy,223924286
2024-07-17 14:18:54,35000.0,29000,Sell,223924513
2024-07-17 14:18:55,35000.0,200,Sell,223924710
2024-07-17 14:18:57,35000.0,100,Sell,223925049
2024-07-17 14:18:59,35000.0,50000,Sell,223925434
2024-07-17 14:19:00,35200.0,12900,Sell,223925557
2024-07-17 14:19:01,35200.0,1000,Sell,223925743
2024-07-17 14:19:04,35200.0,600,Sell,223926258
2024-07-17 14:19:06,35200.0,600,Sell,223926496
2024-07-17 14:19:08,35200.0,2000,Sell,223926775
2024-07-17 14:19:09,35200.0,3800,Sell,223926967
2024-07-17 14:19:11,35200.0,2000,Sell,223927601
2024-07-17 14:19:12,35300.0,200,Buy,223927838
2024-07-17 14:19:13,35200.0,2000,Sell,223928036
2024-07-17 14:19:19,35200.0,10100,Sell,223928755
2024-07-17 14:19:21,35200.0,1600,Sell,223929082
2024-07-17 14:19:22,35200.0,1200,Sell,223929265
2024-07-17 14:19:23,35200.0,1500,Sell,223929504
2024-07-17 14:19:24,35200.0,300,Sell,223929704
2024-07-17 14:19:28,35200.0,500,Buy,223930756
2024-07-17 14:19:33,35100.0,1000,Sell,223932019
2024-07-17 14:19:37,35100.0,300,Sell,223932997
2024-07-17 14:19:38,35200.0,300,Buy,223933230
2024-07-17 14:19:39,35100.0,2500,Sell,223933453
2024-07-17 14:19:43,35100.0,1000,Sell,223934193
2024-07-17 14:19:48,35100.0,500,Sell,223935378
2024-07-17 14:19:51,35000.0,5000,Sell,223936038
2024-07-17 14:19:53,35100.0,1300,Sell,223936635
2024-07-17 14:19:54,35100.0,1700,Sell,223936776
2024-07-17 14:20:01,35000.0,4000,Sell,223938607
2024-07-17 14:20:05,35100.0,700,Buy,223939475
2024-07-17 14:20:06,35000.0,7500,Sell,223939726
2024-07-17 14:20:08,35000.0,2100,Sell,223940118
2024-07-17 14:20:08,35000.0,14400,Sell,223940329
2024-07-17 14:20:10,35000.0,4000,Buy,223941219
2024-07-17 14:20:15,34900.0,500,Sell,223942344
2024-07-17 14:20:18,34900.0,100,Sell,223943249
2024-07-17 14:20:20,34900.0,4300,Sell,223943625
2024-07-17 14:20:23,34900.0,2000,Sell,223944540
2024-07-17 14:20:25,34900.0,1100,Sell,223944936
2024-07-17 14:20:25,34900.0,2500,Sell,223945097
2024-07-17 14:20:27,34900.0,1100,Sell,223945557
2024-07-17 14:20:28,34900.0,700,Sell,223945827
2024-07-17 14:20:30,34600.0,22000,Sell,223946252
2024-07-17 14:20:32,34900.0,200,Buy,223947002
2024-07-17 14:20:34,34600.0,400,Sell,223947608
2024-07-17 14:20:36,34600.0,18000,Sell,223948113
2024-07-17 14:20:42,34600.0,5400,Sell,223949620
2024-07-17 14:20:44,34600.0,4000,Sell,223950173
2024-07-17 14:20:44,34600.0,900,Sell,223950402
2024-07-17 14:20:46,34600.0,100,Sell,223950650
2024-07-17 14:20:49,34600.0,700,Sell,223951470
2024-07-17 14:20:50,34600.0,5200,Sell,223951743
2024-07-17 14:20:51,34600.0,2700,Sell,223952253
2024-07-17 14:20:55,34600.0,2000,Sell,223952871
2024-07-17 14:20:58,34600.0,2000,Sell,223954085
2024-07-17 14:20:58,34700.0,500,ATO/ATC,223953802
2024-07-17 14:21:01,34600.0,1000,Sell,223954910
2024-07-17 14:21:04,34600.0,2500,Sell,223955574
2024-07-17 14:21:07,34600.0,2300,Sell,223956391
2024-07-17 14:21:08,34600.0,1000,Sell,223956767
2024-07-17 14:21:09,34600.0,2000,Sell,223957017
2024-07-17 14:21:11,34600.0,3000,Sell,223957411
2024-07-17 14:21:12,34600.0,500,Sell,223957721
2024-07-17 14:21:12,34600.0,1600,Sell,223958016
2024-07-17 14:21:14,34600.0,1100,Sell,223958384
2024-07-17 14:21:15,34600.0,2500,Sell,223958520
2024-07-17 14:21:21,34500.0,10000,Sell,223960194
2024-07-17 14:21:22,34900.0,10000,Buy,223960470
2024-07-17 14:21:24,34700.0,200,Buy,223961126
2024-07-17 14:21:25,34600.0,2100,Sell,223961239
2024-07-17 14:21:27,34600.0,2300,Buy,223962021
2024-07-17 14:21:30,34600.0,700,Buy,223963307
2024-07-17 14:21:30,34600.0,50300,Buy,223962978
2024-07-17 14:21:34,34600.0,100,ATO/ATC,223964605
2024-07-17 14:21:35,34500.0,1000,Sell,223964748
2024-07-17 14:21:38,34500.0,11200,Sell,223965542
2024-07-17 14:21:44,34500.0,2000,Sell,223967366
2024-07-17 14:21:46,34500.0,4600,Sell,223967909
2024-07-17 14:21:51,34500.0,200,Buy,223969133
2024-07-17 14:21:52,34400.0,500,Sell,223969338
2024-07-17 14:21:54,34400.0,1000,Sell,223970543
2024-07-17 14:21:55,34400.0,3400,Sell,223970800
2024-07-17 14:21:57,34500.0,1500,Buy,223971650
2024-07-17 14:21:58,34400.0,400,Sell,223972059
2024-07-17 14:22:02,34400.0,3600,Sell,223973195
2024-07-17 14:22:03,34500.0,300,Buy,223973693
2024-07-17 14:22:04,34400.0,3500,Sell,223974045
2024-07-17 14:22:05,34400.0,1000,Sell,223974543
2024-07-17 14:22:06,34300.0,5000,Sell,223974982
2024-07-17 14:22:11,34400.0,1000,Buy,223976260
2024-07-17 14:22:12,34300.0,2700,Sell,223976574
2024-07-17 14:22:16,34400.0,12200,Buy,223977528
2024-07-17 14:22:19,34300.0,100,Sell,223978442
2024-07-17 14:22:21,34400.0,1000,Buy,223978853
2024-07-17 14:22:22,34300.0,4500,Sell,223979307
2024-07-17 14:22:27,34300.0,4200,Sell,223980522
2024-07-17 14:22:29,34300.0,2000,Buy,223980988
2024-07-17 14:22:30,34300.0,800,Buy,223981245
2024-07-17 14:22:31,34200.0,6000,Sell,223981424
2024-07-17 14:22:32,34300.0,1000,Buy,223981755
2024-07-17 14:22:33,34200.0,4500,Sell,223982048
2024-07-17 14:22:35,34300.0,800,Buy,223982495
2024-07-17 14:22:36,34300.0,5000,Buy,223982813
2024-07-17 14:22:37,34300.0,15000,Buy,223983149
2024-07-17 14:22:38,34300.0,600,Buy,223983423
2024-07-17 14:22:39,34300.0,100,Sell,223983635
2024-07-17 14:22:40,34300.0,100,Sell,223983842
2024-07-17 14:22:41,34300.0,3500,Sell,223984218
2024-07-17 14:22:42,34200.0,9500,Sell,223984414
2024-07-17 14:22:43,34300.0,800,Sell,223984640
2024-07-17 14:22:44,34300.0,6200,Sell,223984845
2024-07-17 14:22:45,34300.0,2000,Sell,223985219
2024-07-17 14:22:46,34300.0,3800,Sell,223985511
2024-07-17 14:22:47,34300.0,3400,Sell,223985787
2024-07-17 14:22:48,34300.0,2000,Sell,223985986
2024-07-17 14:22:49,34300.0,2500,Sell,223986197
2024-07-17 14:22:50,34300.0,6000,Sell,223986406
2024-07-17 14:22:52,34300.0,3000,Sell,223987103
2024-07-17 14:22:54,34300.0,1000,Sell,223987551
2024-07-17 14:22:55,34300.0,1200,Sell,223987661
2024-07-17 14:22:56,34200.0,300,Sell,223988060
2024-07-17 14:22:57,34200.0,4000,Sell,223988178
2024-07-17 14:22:58,34300.0,100,Buy,223988590
2024-07-17 14:23:00,34300.0,300,Buy,223989193
2024-07-17 14:23:01,34400.0,10000,Buy,223989405
2024-07-17 14:23:02,34100.0,29500,Sell,223989649
2024-07-17 14:23:03,34200.0,10000,ATO/ATC,223989883
2024-07-17 14:23:08,34300.0,7800,Buy,223991082
2024-07-17 14:23:13,34400.0,10000,Buy,223992292
2024-07-17 14:23:16,34300.0,200,Buy,223992872
2024-07-17 14:23:18,34300.0,1000,Buy,223993612
2024-07-17 14:23:21,34300.0,600,Buy,223994346
2024-07-17 14:23:23,34400.0,10500,Buy,223994838
2024-07-17 14:23:25,34300.0,1000,Sell,223995410
2024-07-17 14:23:27,34300.0,3000,Sell,223995906
2024-07-17 14:23:31,34300.0,3200,Sell,223996893
2024-07-17 14:23:32,34300.0,3400,Sell,223997205
2024-07-17 14:23:34,34300.0,4000,Sell,223997827
2024-07-17 14:23:35,34400.0,200,Buy,223998000
2024-07-17 14:23:36,34300.0,2500,Sell,223998392
2024-07-17 14:23:38,34200.0,1800,Sell,223998696
2024-07-17 14:23:40,34400.0,10000,Buy,223999172
2024-07-17 14:23:44,34200.0,300,Sell,224000734
2024-07-17 14:23:56,34200.0,4600,Buy,224003311
2024-07-17 14:23:58,34200.0,2100,Sell,224003878
2024-07-17 14:24:00,34200.0,2200,Sell,224004239
2024-07-17 14:24:01,34200.0,200,Buy,224004613
2024-07-17 14:24:02,34200.0,100,Sell,224004804
2024-07-17 14:24:03,34300.0,100,Buy,224005122
2024-07-17 14:24:05,34200.0,1000,Sell,224005659
2024-07-17 14:24:10,34200.0,2100,Buy,224006925
2024-07-17 14:24:11,34100.0,1200,Sell,224007172
2024-07-17 14:24:12,34200.0,500,Buy,224007351
2024-07-17 14:24:13,34100.0,30000,Sell,224007521
2024-07-17 14:24:14,34100.0,6000,Sell,224007694
2024-07-17 14:24:19,34200.0,1000,Buy,224009052
2024-07-17 14:24:20,34100.0,6300,Buy,224009287
2024-07-17 14:24:20,34100.0,700,Buy,224009356
2024-07-17 14:24:25,34000.0,2000,Sell,224010235
2024-07-17 14:24:27,34100.0,200,Buy,224010552
2024-07-17 14:24:29,34100.0,9000,Buy,224011047
2024-07-17 14:24:31,34100.0,3000,Buy,224011586
2024-07-17 14:24:32,34000.0,11300,Sell,224011743
2024-07-17 14:24:33,34000.0,14500,Sell,224012179
2024-07-17 14:24:34,34000.0,13100,Sell,224012450
2024-07-17 14:24:36,34000.0,48300,Sell,224013371
2024-07-17 14:24:37,34100.0,54900,Buy,224013595
2024-07-17 14:24:38,33900.0,26500,Sell,224013825
2024-07-17 14:24:39,33900.0,400,Sell,224014029
2024-07-17 14:24:41,33800.0,9000,Sell,224014491
2024-07-17 14:24:48,33800.0,1000,Sell,224016262
2024-07-17 14:24:49,33800.0,15000,Sell,224016517
2024-07-17 14:24:51,33800.0,25000,Sell,224017055
2024-07-17 14:24:52,33800.0,100,Sell,224017263
2024-07-17 14:24:53,33900.0,200,Buy,224017581
2024-07-17 14:24:56,33800.0,1000,Sell,224018272
2024-07-17 14:24:57,33800.0,4000,Sell,224018566
2024-07-17 14:24:58,33800.0,1600,Sell,224018848
2024-07-17 14:25:01,33500.0,50000,Sell,224019518
2024-07-17 14:25:02,33400.0,35800,Buy,224019731
2024-07-17 14:25:03,33400.0,1900,Sell,224019942
2024-07-17 14:25:04,33800.0,1200,Buy,224020219
2024-07-17 14:25:05,33800.0,500,Buy,224020432
2024-07-17 14:25:07,33800.0,100,Buy,224020879
2024-07-17 14:25:08,33700.0,10200,Sell,224021320
2024-07-17 14:25:09,33400.0,200,Sell,224021532
2024-07-17 14:25:11,33800.0,10100,Buy,224022058
2024-07-17 14:25:16,33400.0,1900,ATO/ATC,224023113
2024-07-17 14:25:19,33700.0,4000,Buy,224023719
2024-07-17 14:25:20,33400.0,4100,Sell,224024009
2024-07-17 14:25:22,33500.0,500,Buy,224024454
2024-07-17 14:25:24,33500.0,500,Buy,224024881
2024-07-17 14:25:27,33400.0,900,Sell,224025442
2024-07-17 14:25:28,33400.0,100,Sell,224025660
2024-07-17 14:25:29,33500.0,500,Sell,224025800
2024-07-17 14:25:31,33500.0,1000,Sell,224026197
2024-07-17 14:25:32,33400.0,12100,Sell,224026361
2024-07-17 14:25:33,33400.0,2000,Sell,224026542
2024-07-17 14:25:35,33400.0,5000,Sell,224027009
2024-07-17 14:25:39,33400.0,6100,Sell,224027752
2024-07-17 14:25:42,33400.0,1300,Sell,224028224
2024-07-17 14:25:44,33400.0,1000,Sell,224028674
2024-07-17 14:25:46,33400.0,4500,Sell,224029103
2024-07-17 14:25:47,33400.0,3000,Sell,224029271
2024-07-17 14:25:49,33400.0,900,Sell,224029603
2024-07-17 14:25:50,33500.0,1700,Sell,224029743
2024-07-17 14:25:51,33400.0,1100,Sell,224029809
2024-07-17 14:25:53,33500.0,1200,Sell,224030357
2024-07-17 14:25:55,33600.0,1900,Buy,224030673
2024-07-17 14:25:57,33500.0,1400,Sell,224031203
2024-07-17 14:25:58,33600.0,300,Buy,224031314
2024-07-17 14:25:59,33400.0,39000,Sell,224031426
2024-07-17 14:26:01,33600.0,5000,Buy,224031886
2024-07-17 14:26:02,33500.0,1500,Buy,224032151
2024-07-17 14:26:03,33500.0,13300,Buy,224032259
2024-07-17 14:26:04,33400.0,8100,Sell,224032456
2024-07-17 14:26:06,33500.0,200,ATO/ATC,224032786
2024-07-17 14:26:08,33500.0,1200,Sell,224033059
2024-07-17 14:26:10,33600.0,1500,Buy,224033388
2024-07-17 14:26:12,33500.0,5400,Sell,224033740
2024-07-17 14:26:14,33500.0,1000,Sell,224034061
2024-07-17 14:26:15,33500.0,900,Sell,224034223
2024-07-17 14:26:17,33500.0,6900,Sell,224034608
2024-07-17 14:26:18,33500.0,100,Sell,224034823
2024-07-17 14:26:19,33500.0,1700,Sell,224035042
2024-07-17 14:26:20,33500.0,1000,Sell,224035183
2024-07-17 14:26:22,33500.0,1000,Sell,224035498
2024-07-17 14:26:23,33500.0,8000,Sell,224035666
2024-07-17 14:26:24,33600.0,5000,Buy,224035812
2024-07-17 14:26:26,33500.0,500,Sell,224036161
2024-07-17 14:26:27,33500.0,600,Sell,224036348
2024-07-17 14:26:28,33600.0,400,Buy,224036501
2024-07-17 14:26:29,33600.0,300,Buy,224036699
2024-07-17 14:26:33,33500.0,2700,Sell,224037337
2024-07-17 14:26:34,33600.0,1300,Buy,224037499
2024-07-17 14:26:35,33500.0,300,Sell,224037708
2024-07-17 14:26:36,33600.0,100,Buy,224037905
2024-07-17 14:26:38,33600.0,1200,Buy,224038182
2024-07-17 14:26:40,33600.0,1000,Buy,224038515
2024-07-17 14:26:41,33600.0,24100,Sell,224038689
2024-07-17 14:26:44,33600.0,400,Sell,224039258
2024-07-17 14:26:45,33600.0,5000,Sell,224039403
2024-07-17 14:26:47,33600.0,1600,Sell,224039774
2024-07-17 14:26:51,33700.0,1400,Buy,224040414
2024-07-17 14:26:54,33800.0,5000,Buy,224040912
2024-07-17 14:26:59,33800.0,14500,Buy,224041808
2024-07-17 14:27:02,33800.0,300,Buy,224042206
2024-07-17 14:27:03,33800.0,800,Buy,224042400
2024-07-17 14:27:05,33800.0,200,Buy,224042704
2024-07-17 14:27:06,33800.0,200,Buy,224042831
2024-07-17 14:27:07,33800.0,200,Buy,224043068
2024-07-17 14:27:08,33800.0,20000,Buy,224043184
2024-07-17 14:27:09,33800.0,6900,Sell,224043315
2024-07-17 14:27:13,33900.0,100,Buy,224043965
2024-07-17 14:27:16,33900.0,1000,Buy,224044452
2024-07-17 14:27:18,33800.0,1500,Sell,224044805
2024-07-17 14:27:20,33900.0,3500,Buy,224045043
2024-07-17 14:27:21,33900.0,2800,Buy,224045257
2024-07-17 14:27:26,33900.0,1000,Sell,224046020
2024-07-17 14:27:27,33900.0,5000,Sell,224046211
2024-07-17 14:27:28,33900.0,800,Sell,224046379
2024-07-17 14:27:31,34000.0,100,Buy,224046870
2024-07-17 14:27:32,34000.0,700,Buy,224047034
2024-07-17 14:27:33,33900.0,6000,Sell,224047170
2024-07-17 14:27:34,34000.0,500,Buy,224047377
2024-07-17 14:27:35,34000.0,1500,Buy,224047445
2024-07-17 14:27:36,33900.0,300,Sell,224047618
2024-07-17 14:27:38,33900.0,100,Sell,224048060
2024-07-17 14:27:39,34000.0,500,Buy,224048151
2024-07-17 14:27:41,34000.0,400,Sell,224048489
2024-07-17 14:27:44,34000.0,500,Sell,224048787
2024-07-17 14:27:49,34100.0,200,Buy,224049594
2024-07-17 14:27:54,34000.0,300,Sell,224050281
2024-07-17 14:27:55,34000.0,800,Sell,224050412
2024-07-17 14:27:57,34100.0,1200,Buy,224050696
2024-07-17 14:27:58,34000.0,5000,Sell,224050888
2024-07-17 14:27:59,34100.0,1400,Buy,224051042
2024-07-17 14:28:00,34100.0,7200,Buy,224051155
2024-07-17 14:28:07,34200.0,1000,Buy,224052226
2024-07-17 14:28:09,34100.0,1600,Sell,224052435
2024-07-17 14:28:12,34200.0,2000,Buy,224052939
2024-07-17 14:28:13,34200.0,700,Buy,224053042
2024-07-17 14:28:14,34100.0,5000,Sell,224053150
2024-07-17 14:28:15,34200.0,3300,Sell,224053293
2024-07-17 14:28:17,34200.0,300,Sell,224053690
2024-07-17 14:28:18,34200.0,500,Sell,224053828
2024-07-17 14:28:20,34300.0,500,Buy,224054131
2024-07-17 14:28:25,34300.0,100,Buy,224054993
2024-07-17 14:28:27,34300.0,3700,Buy,224055271
2024-07-17 14:28:33,34400.0,100,Buy,224056164
2024-07-17 14:28:37,34400.0,4000,Buy,224056605
2024-07-17 14:28:38,34300.0,6900,Buy,224056851
2024-07-17 14:28:39,34300.0,4300,Sell,224056927
2024-07-17 14:28:42,34400.0,800,Buy,224057477
2024-07-17 14:28:44,34400.0,800,Buy,224057743
2024-07-17 14:28:45,34400.0,500,Sell,224057873
2024-07-17 14:28:46,34500.0,5200,Buy,224058035
2024-07-17 14:28:48,34300.0,1500,Sell,224058239
2024-07-17 14:28:52,34500.0,200,Buy,224058881
2024-07-17 14:28:54,34400.0,100,Sell,224059070
2024-07-17 14:28:58,34500.0,900,Buy,224059713
2024-07-17 14:28:59,34500.0,500,Buy,224059878
2024-07-17 14:29:01,34400.0,1000,Sell,224060183
2024-07-17 14:29:02,34400.0,500,Sell,224060332
2024-07-17 14:29:03,34400.0,3000,Sell,224060461
2024-07-17 14:29:04,34500.0,100,Buy,224060654
2024-07-17 14:29:08,34500.0,800,Buy,224061181
2024-07-17 14:29:09,34500.0,100,Buy,224061343
2024-07-17 14:29:12,34500.0,1000,Buy,224061807
2024-07-17 14:29:13,34500.0,300,Buy,224061931
2024-07-17 14:29:17,34500.0,2000,Buy,224062489
2024-07-17 14:29:23,34400.0,100,Sell,224063371
2024-07-17 14:29:24,34400.0,200,Sell,224063474
2024-07-17 14:29:25,34500.0,6000,Buy,224063651
2024-07-17 14:29:29,34500.0,1000,Buy,224064104
2024-07-17 14:29:30,34500.0,200,Buy,224064293
2024-07-17 14:29:34,34500.0,2400,Buy,224064792
2024-07-17 14:29:39,34500.0,5000,Buy,224065514
2024-07-17 14:29:40,34500.0,2600,Buy,224065614
2024-07-17 14:29:42,34500.0,2500,Buy,224065886
2024-07-17 14:29:43,34500.0,2600,Buy,224066036
2024-07-17 14:29:44,34500.0,100,Buy,224066240
2024-07-17 14:29:46,34400.0,500,Sell,224066583
2024-07-17 14:29:47,34600.0,7200,Buy,224066666
2024-07-17 14:29:48,34900.0,2000,Buy,224066791
2024-07-17 14:45:21,34300.0,385000,Sell,224070926
