time,price,volume,match_type,id
2024-08-16 08:59:57,22900.0,14200,ATO/ATC,231985521
2024-08-16 09:00:04,25500.0,300,Sell,231985577
2024-08-16 09:00:06,25500.0,1400,Sell,231985593
2024-08-16 09:00:07,25600.0,100,Buy,231985602
2024-08-16 09:00:16,25500.0,3000,Sell,231985646
2024-08-16 09:00:20,25400.0,5000,Sell,231985676
2024-08-16 09:00:21,25400.0,200,Sell,231985689
2024-08-16 09:00:28,25600.0,400,Buy,231985734
2024-08-16 09:00:30,25700.0,1000,Buy,231985745
2024-08-16 09:00:35,25700.0,100,Buy,231985773
2024-08-16 09:00:39,25700.0,100,Buy,231985784
2024-08-16 09:00:40,25600.0,1000,Sell,231985788
2024-08-16 09:00:42,25400.0,6400,Sell,231985794
2024-08-16 09:01:27,25700.0,1900,Sell,231985916
2024-08-16 09:01:32,25700.0,1000,Sell,231985925
2024-08-16 09:01:39,25700.0,100,Sell,231985952
2024-08-16 09:02:29,25800.0,4100,Sell,231986080
2024-08-16 09:03:14,25800.0,1000,Sell,231986171
2024-08-16 09:03:29,25800.0,500,Sell,231986206
2024-08-16 09:03:31,25800.0,14400,Buy,231986211
2024-08-16 09:03:45,25800.0,3000,Buy,231986245
2024-08-16 09:04:00,25700.0,200,Sell,231986281
2024-08-16 09:04:18,25700.0,8100,Buy,231986316
2024-08-16 09:04:27,25700.0,900,Sell,231986334
2024-08-16 09:04:29,25700.0,100,ATO/ATC,231986338
2024-08-16 09:04:39,25800.0,14100,Sell,231986361
2024-08-16 09:04:44,25800.0,4000,Sell,231986372
2024-08-16 09:04:45,25800.0,1900,ATO/ATC,231986375
2024-08-16 09:04:59,25800.0,300,Buy,231986412
2024-08-16 09:05:11,25800.0,100,Buy,231986436
2024-08-16 09:06:30,25700.0,1000,Sell,231986623
2024-08-16 09:06:34,25800.0,100,Buy,231986631
2024-08-16 09:06:45,25800.0,100,Buy,231986655
2024-08-16 09:06:48,25800.0,11500,Sell,231986661
2024-08-16 09:06:53,25800.0,1000,Sell,231986673
2024-08-16 09:07:04,25800.0,100,Sell,231986700
2024-08-16 09:07:06,25800.0,100,Sell,231986703
2024-08-16 09:07:16,25800.0,200,Sell,231986725
2024-08-16 09:07:23,25800.0,5000,Sell,231986743
2024-08-16 09:07:26,25800.0,2300,Buy,231986751
2024-08-16 09:07:29,25800.0,100,Buy,231986762
2024-08-16 09:08:01,25700.0,300,Sell,231986833
2024-08-16 09:08:35,25700.0,1200,Sell,231986900
2024-08-16 09:08:36,25700.0,1700,Sell,231986905
2024-08-16 09:08:37,25700.0,200,Sell,231986906
2024-08-16 09:08:46,25700.0,200,Sell,231986921
2024-08-16 09:09:12,25700.0,100,Sell,231986967
2024-08-16 09:09:40,25700.0,100,Sell,231987022
2024-08-16 09:09:51,25800.0,1000,Buy,231987048
2024-08-16 09:12:17,25800.0,300,Buy,231987310
2024-08-16 09:12:31,25800.0,100,Buy,231987339
2024-08-16 09:13:18,25700.0,100,Sell,231987422
2024-08-16 09:13:32,25800.0,100,Buy,231987445
2024-08-16 09:13:57,25800.0,100,Buy,231987495
2024-08-16 09:15:14,25700.0,2500,Sell,231988103
2024-08-16 09:15:49,25800.0,400,Buy,231988654
2024-08-16 09:16:02,25800.0,200,Buy,231988852
2024-08-16 09:16:15,25700.0,100,Sell,231989106
2024-08-16 09:16:22,25800.0,5000,Buy,231989257
2024-08-16 09:16:49,25800.0,23100,Sell,231989821
2024-08-16 09:17:01,25900.0,46900,Buy,231990116
2024-08-16 09:17:06,26000.0,50000,Buy,231990212
2024-08-16 09:17:23,25900.0,100,Sell,231990631
2024-08-16 09:17:56,25900.0,1000,Sell,231991307
2024-08-16 09:17:57,25900.0,5200,Sell,231991333
2024-08-16 09:18:02,25900.0,800,Sell,231991543
2024-08-16 09:18:07,26000.0,700,Buy,231991676
2024-08-16 09:18:35,26000.0,1000,Buy,231992308
2024-08-16 09:18:43,25900.0,200,ATO/ATC,231992490
2024-08-16 09:18:50,25900.0,300,Buy,231992609
2024-08-16 09:19:04,25900.0,300,Buy,231992921
2024-08-16 09:19:24,25900.0,1500,Buy,231993266
2024-08-16 09:20:01,25800.0,200,Sell,231993928
2024-08-16 09:20:12,25800.0,100,Sell,231994168
2024-08-16 09:20:28,25800.0,100,Sell,231994595
2024-08-16 09:20:49,25800.0,500,Sell,231995043
2024-08-16 09:20:57,25800.0,2500,Sell,231995265
2024-08-16 09:21:01,25800.0,100,Sell,231995336
2024-08-16 09:21:13,25800.0,100,Sell,231995527
2024-08-16 09:21:48,25800.0,500,Sell,231996183
2024-08-16 09:21:52,25800.0,400,Sell,231996230
2024-08-16 09:22:05,25800.0,200,Sell,231996480
2024-08-16 09:22:09,25800.0,100,Buy,231996544
2024-08-16 09:22:32,25800.0,500,Buy,231997003
2024-08-16 09:23:01,25700.0,500,Sell,231997422
2024-08-16 09:23:11,25700.0,1000,Sell,231997554
2024-08-16 09:23:27,25700.0,2500,Sell,231997781
2024-08-16 09:23:59,25700.0,2000,Sell,231998394
2024-08-16 09:24:31,25700.0,1600,Sell,231998988
2024-08-16 09:24:41,25700.0,2000,Sell,231999158
2024-08-16 09:24:43,25700.0,5000,Sell,231999186
2024-08-16 09:25:08,25700.0,4000,Sell,231999712
2024-08-16 09:25:35,25700.0,100,Sell,232000165
2024-08-16 09:26:44,25800.0,300,Buy,232001324
2024-08-16 09:27:25,25700.0,2000,Sell,232001975
2024-08-16 09:27:53,25700.0,500,Sell,232002556
2024-08-16 09:28:37,25700.0,100,Sell,232003244
2024-08-16 09:29:02,25700.0,700,Sell,232003731
2024-08-16 09:30:04,25700.0,100,Sell,232004850
2024-08-16 09:30:14,25800.0,300,Buy,232004993
2024-08-16 09:30:31,25700.0,3700,Sell,232005270
2024-08-16 09:32:25,25600.0,100,Sell,232006947
2024-08-16 09:32:43,25600.0,6500,Sell,232007388
2024-08-16 09:33:14,25600.0,300,Sell,232007946
2024-08-16 09:34:23,25600.0,2200,Sell,232009251
2024-08-16 09:34:28,25600.0,3400,Sell,232009482
2024-08-16 09:35:15,25600.0,500,Sell,232010545
2024-08-16 09:35:22,25700.0,200,Buy,232010675
2024-08-16 09:35:36,25700.0,200,Buy,232010933
2024-08-16 09:36:17,25700.0,3600,Buy,232012016
2024-08-16 09:36:28,25700.0,1900,Buy,232012320
2024-08-16 09:37:00,25700.0,200,Buy,232013077
2024-08-16 09:37:04,25700.0,1000,Buy,232013183
2024-08-16 09:37:05,25700.0,200,Buy,232013211
2024-08-16 09:37:19,25700.0,3000,Buy,232013596
2024-08-16 09:37:35,25700.0,5000,Buy,232014078
2024-08-16 09:37:45,25700.0,300,Buy,232014370
2024-08-16 09:37:50,25700.0,6800,Sell,232014512
2024-08-16 09:38:33,25800.0,200,Buy,232015882
2024-08-16 09:38:46,25800.0,200,Buy,232016358
2024-08-16 09:38:48,25800.0,10100,Buy,232016389
2024-08-16 09:39:06,25800.0,100,Buy,232016971
2024-08-16 09:39:09,25800.0,20200,Sell,232017142
2024-08-16 09:40:08,25800.0,100,Sell,232019870
2024-08-16 09:40:10,25800.0,3300,Sell,232019970
2024-08-16 09:40:18,25900.0,200,Buy,232020301
2024-08-16 09:40:26,25900.0,300,Buy,232020651
2024-08-16 09:40:30,25800.0,5000,Sell,232020850
2024-08-16 09:40:35,25900.0,100,Buy,232021167
2024-08-16 09:40:46,25900.0,1000,Buy,232021693
2024-08-16 09:40:47,25900.0,300,Buy,232021720
2024-08-16 09:41:10,25900.0,9000,Buy,232022932
2024-08-16 09:41:12,25800.0,500,Sell,232023031
2024-08-16 09:41:13,25900.0,4000,Buy,232023065
2024-08-16 09:41:17,25900.0,5000,Buy,232023310
2024-08-16 09:41:26,25900.0,3000,Buy,232023691
2024-08-16 09:42:02,25900.0,200,Buy,232025186
2024-08-16 09:42:13,25900.0,300,Buy,232025581
2024-08-16 09:42:27,25900.0,200,Buy,232026227
2024-08-16 09:42:37,25900.0,200,Buy,232026721
2024-08-16 09:42:43,25900.0,2000,Buy,232027046
2024-08-16 09:42:54,25900.0,2100,Buy,232027552
2024-08-16 09:43:03,25900.0,200,Buy,232027904
2024-08-16 09:43:30,25900.0,9900,Buy,232028970
2024-08-16 09:43:41,25900.0,500,Sell,232029450
2024-08-16 09:43:52,26000.0,300,Buy,232029937
2024-08-16 09:44:24,25900.0,100,Sell,232031222
2024-08-16 09:44:46,26000.0,300,Buy,232032044
2024-08-16 09:44:49,26000.0,200,Buy,232032131
2024-08-16 09:44:54,25900.0,1000,Sell,232032322
2024-08-16 09:45:05,26000.0,200,Buy,232032720
2024-08-16 09:45:07,25900.0,1000,Sell,232032771
2024-08-16 09:45:19,25900.0,17800,ATO/ATC,232033106
2024-08-16 09:45:41,25900.0,300,Sell,232033828
2024-08-16 09:45:42,26000.0,300,Buy,232033861
2024-08-16 09:45:43,25900.0,10000,Sell,232033878
2024-08-16 09:46:07,25900.0,1000,Sell,232034482
2024-08-16 09:46:35,26000.0,100,Buy,232035186
2024-08-16 09:46:46,26000.0,300,Buy,232035451
2024-08-16 09:47:00,25900.0,5600,Sell,232035893
2024-08-16 09:47:09,26000.0,300,Buy,232036096
2024-08-16 09:47:12,25900.0,10000,Sell,232036191
2024-08-16 09:47:20,25900.0,14600,Sell,232036363
2024-08-16 09:47:21,25900.0,200,Buy,232036385
2024-08-16 09:47:23,25900.0,200,Buy,232036469
2024-08-16 09:47:52,26000.0,10000,Buy,232037077
2024-08-16 09:47:55,25900.0,1000,Sell,232037208
2024-08-16 09:48:01,26000.0,300,Buy,232037330
2024-08-16 09:48:02,25900.0,2000,Sell,232037363
2024-08-16 09:48:41,25900.0,2500,Sell,232038324
2024-08-16 09:48:44,25900.0,100,Sell,232038397
2024-08-16 09:48:51,26000.0,400,Buy,232038551
2024-08-16 09:49:26,25900.0,4900,Sell,232039399
2024-08-16 09:50:08,25900.0,8600,Buy,232040519
2024-08-16 09:50:12,25800.0,300,Sell,232040612
2024-08-16 09:50:15,25900.0,100,Buy,232040675
2024-08-16 09:50:27,25900.0,200,Buy,232040983
2024-08-16 09:50:58,25900.0,1000,Buy,232041744
2024-08-16 09:51:01,25900.0,400,Buy,232041819
2024-08-16 09:51:08,25900.0,4000,Buy,232041996
2024-08-16 09:52:02,25900.0,200,Buy,232043221
2024-08-16 09:52:04,25900.0,200,Buy,232043262
2024-08-16 09:52:21,25900.0,300,Buy,232043681
2024-08-16 09:52:22,25900.0,400,Buy,232043702
2024-08-16 09:52:32,25800.0,100,Sell,232043921
2024-08-16 09:52:41,25900.0,1000,Buy,232044102
2024-08-16 09:52:54,25900.0,400,Buy,232044500
2024-08-16 09:53:02,25800.0,10000,Sell,232044776
2024-08-16 09:53:19,25800.0,100,Sell,232045195
2024-08-16 09:53:20,25800.0,200,Sell,232045241
2024-08-16 09:53:28,25800.0,15000,Sell,232045418
2024-08-16 09:53:29,25800.0,1200,Sell,232045438
2024-08-16 09:53:34,25800.0,6200,Sell,232045544
2024-08-16 09:53:51,25800.0,200,Sell,232046000
2024-08-16 09:53:52,25900.0,400,Buy,232046075
2024-08-16 09:54:00,25800.0,2000,Sell,232046257
2024-08-16 09:54:03,25800.0,1500,Sell,232046317
2024-08-16 09:54:21,25800.0,10000,Sell,232046787
2024-08-16 09:54:24,25800.0,100,Sell,232046896
2024-08-16 09:54:29,25800.0,1000,Sell,232047053
2024-08-16 09:54:33,25800.0,500,Sell,232047161
2024-08-16 09:54:35,25800.0,3000,Sell,232047196
2024-08-16 09:54:46,25800.0,600,Sell,232047483
2024-08-16 09:55:03,25800.0,5200,Sell,232047894
2024-08-16 09:55:25,25800.0,100,Sell,232048474
2024-08-16 09:55:42,25900.0,400,Buy,232048901
2024-08-16 09:55:59,25800.0,400,Sell,232049215
2024-08-16 09:56:16,25900.0,2000,Buy,232049503
2024-08-16 09:56:51,25900.0,5100,Buy,232050115
2024-08-16 09:57:04,25900.0,400,Buy,232050341
2024-08-16 09:57:32,25800.0,100,Sell,232050882
2024-08-16 09:58:39,25900.0,400,Buy,232052097
2024-08-16 09:59:38,25800.0,100,Sell,232053223
2024-08-16 10:00:27,25800.0,4100,Sell,232054361
2024-08-16 10:00:34,25900.0,400,Buy,232054593
2024-08-16 10:00:40,25800.0,1800,Sell,232054738
2024-08-16 10:00:52,25900.0,600,Buy,232055017
2024-08-16 10:01:22,25900.0,2300,Buy,232055725
2024-08-16 10:02:05,25900.0,500,Buy,232056582
2024-08-16 10:02:14,25900.0,1400,Buy,232056779
2024-08-16 10:02:18,25800.0,400,Sell,232056879
2024-08-16 10:02:42,25800.0,300,Sell,232057737
2024-08-16 10:03:59,25800.0,2000,Sell,232059635
2024-08-16 10:04:02,25900.0,400,Buy,232059661
2024-08-16 10:04:09,25900.0,200,Buy,232059776
2024-08-16 10:04:39,25800.0,300,Sell,232060516
2024-08-16 10:05:28,25800.0,1300,Sell,232062023
2024-08-16 10:05:52,25800.0,200,Sell,232062544
2024-08-16 10:05:55,25900.0,500,Buy,232062603
2024-08-16 10:06:35,25900.0,5000,Buy,232063498
2024-08-16 10:06:52,25800.0,100,Sell,232063872
2024-08-16 10:07:08,25900.0,500,Buy,232064335
2024-08-16 10:07:52,25800.0,500,Sell,232065401
2024-08-16 10:08:28,25800.0,2000,Sell,232066491
2024-08-16 10:08:40,25800.0,2000,Sell,232066792
2024-08-16 10:09:04,25800.0,3000,Sell,232067372
2024-08-16 10:09:06,25800.0,200,Sell,232067394
2024-08-16 10:09:24,25800.0,200,Sell,232067913
2024-08-16 10:09:32,25800.0,200,Sell,232068438
2024-08-16 10:09:33,25800.0,1000,Sell,232068453
2024-08-16 10:10:36,25800.0,100,Sell,232070317
2024-08-16 10:10:53,25800.0,5000,Sell,232070862
2024-08-16 10:11:13,25800.0,100,Sell,232071592
2024-08-16 10:12:09,25900.0,100,Buy,232073492
2024-08-16 10:12:12,25900.0,1700,Buy,232073638
2024-08-16 10:12:21,25900.0,3000,Buy,232073970
2024-08-16 10:12:33,25900.0,500,Buy,232074365
2024-08-16 10:13:00,25900.0,100,Buy,232075103
2024-08-16 10:13:15,25900.0,1900,Buy,232075611
2024-08-16 10:13:24,25900.0,2000,Buy,232075884
2024-08-16 10:13:29,25900.0,1600,Buy,232076032
2024-08-16 10:13:38,25900.0,3000,Buy,232076416
2024-08-16 10:13:40,25900.0,500,Buy,232076468
2024-08-16 10:13:42,25900.0,2200,Buy,232076581
2024-08-16 10:13:51,25900.0,13900,Buy,232077170
2024-08-16 10:13:58,25900.0,3000,Buy,232077507
2024-08-16 10:14:02,25900.0,40000,Buy,232077598
2024-08-16 10:14:03,25900.0,1800,Buy,232077613
2024-08-16 10:14:05,25900.0,5000,Buy,232077668
2024-08-16 10:14:10,25900.0,600,Buy,232077866
2024-08-16 10:14:11,25900.0,1300,Buy,232077897
2024-08-16 10:14:18,25900.0,13200,Buy,232078163
2024-08-16 10:14:23,25900.0,1800,Sell,232078374
2024-08-16 10:14:33,26000.0,2300,Buy,232078755
2024-08-16 10:14:56,25900.0,1000,Sell,232079890
2024-08-16 10:15:39,26000.0,3000,Buy,232082171
2024-08-16 10:15:50,26000.0,3000,Buy,232082739
2024-08-16 10:15:57,26000.0,2000,Buy,232083016
2024-08-16 10:15:59,26000.0,2400,Buy,232083129
2024-08-16 10:16:03,26000.0,2200,Buy,232083414
2024-08-16 10:16:04,26000.0,200,Buy,232083463
2024-08-16 10:16:13,26000.0,8000,Buy,232083974
2024-08-16 10:16:20,26000.0,100,Buy,232084312
2024-08-16 10:16:26,26000.0,500,Buy,232084546
2024-08-16 10:16:35,26000.0,1000,Buy,232085020
2024-08-16 10:16:39,26000.0,5000,Buy,232085208
2024-08-16 10:16:43,26000.0,10000,Buy,232085495
2024-08-16 10:16:59,26000.0,200,Buy,232086509
2024-08-16 10:17:00,26000.0,12000,Buy,232086560
2024-08-16 10:17:01,26000.0,500,Buy,232086581
2024-08-16 10:17:03,26000.0,34900,Buy,232086654
2024-08-16 10:17:05,26000.0,4600,Buy,232086752
2024-08-16 10:17:06,26000.0,1000,Buy,232086807
2024-08-16 10:17:08,26000.0,300,Buy,232086875
2024-08-16 10:17:10,26000.0,800,Sell,232086961
2024-08-16 10:17:36,26000.0,1000,Sell,232088546
2024-08-16 10:17:38,26100.0,10000,Buy,232088689
2024-08-16 10:17:39,26000.0,1000,Sell,232088732
2024-08-16 10:17:57,26000.0,5000,Sell,232089924
2024-08-16 10:17:59,26000.0,2000,Sell,232090034
2024-08-16 10:18:01,26100.0,5000,Buy,232090135
2024-08-16 10:18:02,26000.0,5000,Sell,232090169
2024-08-16 10:18:10,26100.0,3000,Buy,232090608
2024-08-16 10:18:12,26100.0,300,Buy,232090730
2024-08-16 10:18:16,26100.0,30000,Buy,232090969
2024-08-16 10:18:17,26100.0,24500,Sell,232091004
2024-08-16 10:18:24,26200.0,1000,Buy,232091402
2024-08-16 10:18:30,26200.0,200,Buy,232091898
2024-08-16 10:18:34,26200.0,9000,Buy,232092237
2024-08-16 10:18:36,26200.0,2600,Buy,232092429
2024-08-16 10:18:37,26200.0,6400,Buy,232092510
2024-08-16 10:18:38,26200.0,20000,Buy,232092581
2024-08-16 10:18:39,26200.0,3000,Buy,232092656
2024-08-16 10:18:40,26200.0,600,Buy,232092720
2024-08-16 10:18:41,26200.0,5200,Buy,232092778
2024-08-16 10:18:43,26200.0,2000,Buy,232092930
2024-08-16 10:18:45,26200.0,3500,Buy,232093063
2024-08-16 10:18:46,26200.0,500,Buy,232093119
2024-08-16 10:18:47,26200.0,5500,Buy,232093152
2024-08-16 10:18:49,26200.0,20200,Buy,232093229
2024-08-16 10:18:51,26200.0,3000,Buy,232093350
2024-08-16 10:18:55,26200.0,500,Sell,232093597
2024-08-16 10:18:59,26200.0,1000,Sell,232093959
2024-08-16 10:19:02,26300.0,5100,Buy,232094226
2024-08-16 10:19:09,26200.0,400,Sell,232094699
2024-08-16 10:19:15,26300.0,5000,Buy,232095128
2024-08-16 10:19:16,26200.0,1000,Sell,232095195
2024-08-16 10:19:17,26300.0,400,Buy,232095271
2024-08-16 10:19:20,26300.0,4600,Buy,232095390
2024-08-16 10:19:24,26200.0,1000,Sell,232095598
2024-08-16 10:19:25,26300.0,1600,Buy,232095624
2024-08-16 10:19:26,26300.0,1000,Buy,232095665
2024-08-16 10:19:31,26300.0,600,Buy,232096036
2024-08-16 10:19:37,26300.0,500,Buy,232096400
2024-08-16 10:19:44,26300.0,15000,Buy,232096864
2024-08-16 10:19:51,26300.0,1000,Buy,232097251
2024-08-16 10:19:54,26300.0,500,Buy,232097399
2024-08-16 10:19:56,26300.0,1000,Buy,232097565
2024-08-16 10:19:57,26300.0,3000,Buy,232097618
2024-08-16 10:19:58,26300.0,2000,Buy,232097688
2024-08-16 10:20:00,26300.0,5000,Buy,232097860
2024-08-16 10:20:01,26300.0,1900,Buy,232097903
2024-08-16 10:20:02,26300.0,3500,Sell,232098040
2024-08-16 10:20:04,26300.0,100,Sell,232098196
2024-08-16 10:20:07,26300.0,100,Sell,232098401
2024-08-16 10:20:08,26300.0,1000,Sell,232098492
2024-08-16 10:20:10,26300.0,500,Sell,232098658
2024-08-16 10:20:18,26300.0,1000,Sell,232099193
2024-08-16 10:20:19,26400.0,800,Buy,232099340
2024-08-16 10:20:25,26400.0,200,Buy,232099872
2024-08-16 10:20:31,26400.0,100,Buy,232100165
2024-08-16 10:20:33,26400.0,5000,Buy,232100277
2024-08-16 10:20:35,26400.0,2000,Buy,232100418
2024-08-16 10:20:37,26300.0,5400,Sell,232100524
2024-08-16 10:20:38,26400.0,1000,Buy,232100608
2024-08-16 10:20:42,26300.0,100,Buy,232100884
2024-08-16 10:20:43,26300.0,2000,Buy,232100950
2024-08-16 10:20:45,26300.0,5500,Buy,232101114
2024-08-16 10:20:47,26400.0,2000,Buy,232101201
2024-08-16 10:20:55,26300.0,1000,ATO/ATC,232101711
2024-08-16 10:21:02,26300.0,1000,Sell,232102170
2024-08-16 10:21:03,26300.0,1500,Sell,232102239
2024-08-16 10:21:05,26400.0,4000,Buy,232102404
2024-08-16 10:21:08,26400.0,1000,Buy,232102540
2024-08-16 10:21:12,26400.0,1300,Buy,232102772
2024-08-16 10:21:13,26300.0,200,Sell,232102869
2024-08-16 10:21:15,26300.0,19600,Buy,232103040
2024-08-16 10:21:16,26300.0,5000,Buy,232103133
2024-08-16 10:21:19,26300.0,2000,Buy,232103474
2024-08-16 10:21:23,26200.0,2000,Sell,232103786
2024-08-16 10:21:25,26300.0,5000,ATO/ATC,232103919
2024-08-16 10:21:27,26200.0,15000,Buy,232104151
2024-08-16 10:21:29,26200.0,4000,Buy,232104295
2024-08-16 10:21:32,26200.0,1000,ATO/ATC,232104517
2024-08-16 10:21:41,26300.0,2000,Buy,232105183
2024-08-16 10:21:47,26300.0,1200,Buy,232105540
2024-08-16 10:21:48,26300.0,1000,Sell,232105613
2024-08-16 10:21:49,26300.0,1800,Sell,232105667
2024-08-16 10:21:51,26300.0,100,Buy,232105796
2024-08-16 10:22:00,26300.0,800,Buy,232106401
2024-08-16 10:22:01,26300.0,10000,Buy,232106457
2024-08-16 10:22:08,26300.0,200,Buy,232107000
2024-08-16 10:22:12,26300.0,19000,Buy,232107315
2024-08-16 10:22:13,26300.0,16200,Buy,232107373
2024-08-16 10:22:15,26300.0,500,Buy,232107503
2024-08-16 10:22:18,26300.0,5500,Buy,232107763
2024-08-16 10:22:19,26300.0,2000,Buy,232107816
2024-08-16 10:22:20,26300.0,300,Buy,232107923
2024-08-16 10:22:21,26300.0,1000,Buy,232108048
2024-08-16 10:22:23,26300.0,2000,Sell,232108222
2024-08-16 10:22:29,26400.0,20000,Buy,232108726
2024-08-16 10:22:30,26300.0,20000,Sell,232108771
2024-08-16 10:22:37,26400.0,12000,Buy,232109281
2024-08-16 10:22:40,26400.0,100,Buy,232109435
2024-08-16 10:22:41,26400.0,5000,Buy,232109463
2024-08-16 10:22:46,26400.0,10000,Buy,232109831
2024-08-16 10:22:49,26400.0,2000,Buy,232110037
2024-08-16 10:22:51,26400.0,100,Buy,232110147
2024-08-16 10:22:52,26400.0,11000,Buy,232110217
2024-08-16 10:22:55,26400.0,200,Buy,232110335
2024-08-16 10:22:57,26400.0,3000,Buy,232110490
2024-08-16 10:22:58,26400.0,2000,Buy,232110525
2024-08-16 10:23:02,26400.0,5100,Sell,232110858
2024-08-16 10:23:04,26500.0,2000,Buy,232111010
2024-08-16 10:23:06,26400.0,1000,Sell,232111159
2024-08-16 10:23:14,26500.0,2000,Buy,232111764
2024-08-16 10:23:19,26500.0,1000,Buy,232112117
2024-08-16 10:23:20,26500.0,3000,Buy,232112177
2024-08-16 10:23:21,26500.0,3500,Buy,232112278
2024-08-16 10:23:22,26500.0,20100,Buy,232112329
2024-08-16 10:23:23,26500.0,53600,Buy,232112357
2024-08-16 10:23:24,26500.0,300,Buy,232112448
2024-08-16 10:23:25,26500.0,73300,Buy,232112589
2024-08-16 10:23:27,26500.0,14400,ATO/ATC,232112750
2024-08-16 10:23:31,26500.0,1000,Sell,232113107
2024-08-16 10:23:33,26600.0,100,Buy,232113354
2024-08-16 10:23:35,26600.0,1000,Buy,232113575
2024-08-16 10:23:38,26600.0,200,Buy,232113798
2024-08-16 10:23:39,26600.0,1000,Buy,232113871
2024-08-16 10:23:41,26600.0,800,Buy,232114027
2024-08-16 10:23:43,26600.0,8000,Buy,232114139
2024-08-16 10:23:44,26600.0,6800,Buy,232114225
2024-08-16 10:23:45,26600.0,5000,Buy,232114272
2024-08-16 10:23:46,26600.0,10800,Buy,232114379
2024-08-16 10:23:47,26600.0,10700,Sell,232114407
2024-08-16 10:23:49,26700.0,10000,Buy,232114569
2024-08-16 10:23:50,26600.0,1500,Sell,232114651
2024-08-16 10:23:52,26700.0,1000,Buy,232114785
2024-08-16 10:23:57,26700.0,6300,Buy,232115128
2024-08-16 10:24:00,26700.0,200,Buy,232115310
2024-08-16 10:24:01,26700.0,1000,Buy,232115370
2024-08-16 10:24:02,26700.0,14700,Buy,232115404
2024-08-16 10:24:07,26700.0,25000,Sell,232115789
2024-08-16 10:24:10,26800.0,18000,Buy,232116007
2024-08-16 10:24:11,26800.0,1000,Buy,232116153
2024-08-16 10:24:12,26800.0,500,Buy,232116202
2024-08-16 10:24:15,26800.0,1000,Buy,232116363
2024-08-16 10:24:16,26800.0,1000,Sell,232116480
2024-08-16 10:24:19,26900.0,1000,Buy,232116659
2024-08-16 10:24:20,26800.0,500,Sell,232116705
2024-08-16 10:24:22,26900.0,1000,Buy,232116843
2024-08-16 10:24:26,26900.0,30000,Buy,232117052
2024-08-16 10:24:27,27000.0,28500,Buy,232117129
2024-08-16 10:24:28,27000.0,500,Buy,232117193
2024-08-16 10:24:29,27000.0,3000,Buy,232117265
2024-08-16 10:24:30,26900.0,1400,Sell,232117317
2024-08-16 10:24:32,27000.0,1000,Buy,232117427
2024-08-16 10:24:33,27000.0,1000,Buy,232117473
2024-08-16 10:24:34,27000.0,200,Buy,232117574
2024-08-16 10:24:38,27000.0,5000,Buy,232117860
2024-08-16 10:24:39,27000.0,4000,Buy,232117914
2024-08-16 10:24:41,27000.0,2000,Buy,232118026
2024-08-16 10:24:42,27000.0,1000,Buy,232118085
2024-08-16 10:24:43,27000.0,11000,Buy,232118156
2024-08-16 10:24:44,27000.0,15500,Buy,232118206
2024-08-16 10:24:45,27000.0,7500,Buy,232118253
2024-08-16 10:24:46,27000.0,1200,Sell,232118340
2024-08-16 10:24:48,27000.0,300,Sell,232118496
2024-08-16 10:24:52,27000.0,500,Sell,232118686
2024-08-16 10:24:57,27100.0,20000,Buy,232119113
2024-08-16 10:24:58,27100.0,900,Buy,232119146
2024-08-16 10:25:00,27100.0,5000,Buy,232119318
2024-08-16 10:25:01,27000.0,30800,Sell,232119379
2024-08-16 10:25:02,27100.0,8600,Buy,232119467
2024-08-16 10:25:07,27100.0,10500,Buy,232119839
2024-08-16 10:25:08,27100.0,10000,Buy,232119938
2024-08-16 10:25:10,27100.0,29700,Buy,232120029
2024-08-16 10:25:13,27100.0,3200,Buy,232120276
2024-08-16 10:25:14,27000.0,500,Buy,232120393
2024-08-16 10:25:15,27100.0,4400,Buy,232120496
2024-08-16 10:25:19,27000.0,8100,Buy,232120822
2024-08-16 10:25:20,27100.0,1000,Buy,232120910
2024-08-16 10:25:22,27100.0,1000,Buy,232121064
2024-08-16 10:25:24,27000.0,1000,Buy,232121220
2024-08-16 10:25:25,27000.0,1500,Buy,232121308
2024-08-16 10:25:26,27000.0,5000,Buy,232121389
2024-08-16 10:25:27,27000.0,1500,Buy,232121450
2024-08-16 10:25:28,27000.0,100,Buy,232121512
2024-08-16 10:25:29,27000.0,400,Buy,232121563
2024-08-16 10:25:33,27000.0,5000,Buy,232121896
2024-08-16 10:25:38,27000.0,1000,Buy,232122244
2024-08-16 10:25:39,27100.0,600,Buy,232122347
2024-08-16 10:25:40,27000.0,100,Sell,232122413
2024-08-16 10:25:46,27000.0,300,Sell,232122976
2024-08-16 10:25:49,27000.0,4900,Sell,232123183
2024-08-16 10:25:55,27000.0,5000,Sell,232123483
2024-08-16 10:25:57,27000.0,2200,Sell,232123679
2024-08-16 10:26:01,27000.0,1000,Buy,232124052
2024-08-16 10:26:05,26900.0,800,Sell,232124605
2024-08-16 10:26:13,27000.0,300,Buy,232125212
2024-08-16 10:26:19,26900.0,100,Sell,232125696
2024-08-16 10:26:25,27000.0,500,Buy,232126104
2024-08-16 10:26:33,26900.0,2000,Sell,232126824
2024-08-16 10:26:36,26900.0,18200,Buy,232127102
2024-08-16 10:26:46,26900.0,1000,Buy,232127777
2024-08-16 10:26:47,26800.0,4900,Sell,232127862
2024-08-16 10:26:50,26900.0,2000,Buy,232128105
2024-08-16 10:26:52,26900.0,1900,Buy,232128347
2024-08-16 10:26:55,26900.0,1000,Buy,232128580
2024-08-16 10:27:05,26800.0,5000,Sell,232129144
2024-08-16 10:27:08,26800.0,4000,Sell,232129299
2024-08-16 10:27:12,26800.0,500,Sell,232129525
2024-08-16 10:27:16,26800.0,1500,Sell,232129744
2024-08-16 10:27:17,26800.0,7000,Sell,232129835
2024-08-16 10:27:18,26800.0,2000,Sell,232129935
2024-08-16 10:27:19,26900.0,1000,Buy,232130018
2024-08-16 10:27:20,26800.0,7000,Sell,232130074
2024-08-16 10:27:22,26800.0,2000,Sell,232130174
2024-08-16 10:27:24,26900.0,200,Buy,232130329
2024-08-16 10:27:28,26800.0,5000,Sell,232130576
2024-08-16 10:27:29,26800.0,1000,Sell,232130652
2024-08-16 10:27:32,26900.0,9100,Buy,232130889
2024-08-16 10:27:33,26900.0,500,Buy,232130943
2024-08-16 10:27:35,26800.0,2000,Sell,232131090
2024-08-16 10:27:39,26800.0,20000,Sell,232131283
2024-08-16 10:27:43,26800.0,3000,Sell,232131641
2024-08-16 10:27:45,26800.0,3000,Sell,232131753
2024-08-16 10:27:47,26900.0,600,Buy,232131853
2024-08-16 10:27:48,26800.0,4300,Sell,232131879
2024-08-16 10:27:49,26800.0,300,Buy,232131927
2024-08-16 10:27:52,26800.0,200,Buy,232132075
2024-08-16 10:27:54,26700.0,1000,Sell,232132188
2024-08-16 10:28:03,26800.0,1900,Buy,232132776
2024-08-16 10:28:10,26800.0,1600,Buy,232133252
2024-08-16 10:28:16,26700.0,1000,Sell,232133771
2024-08-16 10:28:20,26800.0,7800,Buy,232134030
2024-08-16 10:28:21,26800.0,1200,Sell,232134135
2024-08-16 10:28:24,26800.0,500,Sell,232134455
2024-08-16 10:28:28,26800.0,10000,Sell,232134764
2024-08-16 10:28:29,26800.0,2400,Sell,232134873
2024-08-16 10:28:33,26800.0,500,Sell,232135168
2024-08-16 10:28:35,26800.0,6600,Sell,232135252
2024-08-16 10:28:37,26700.0,100,Sell,232135381
2024-08-16 10:28:40,26800.0,4600,Sell,232135548
2024-08-16 10:28:41,26800.0,3000,Sell,232135632
2024-08-16 10:28:44,26800.0,2000,Sell,232135825
2024-08-16 10:28:52,26800.0,600,Sell,232136206
2024-08-16 10:28:55,26800.0,4300,Sell,232136385
2024-08-16 10:29:12,26800.0,20100,Sell,232137347
2024-08-16 10:29:25,26900.0,1000,Buy,232137992
2024-08-16 10:29:32,26800.0,1000,Sell,232138389
2024-08-16 10:29:36,26900.0,3500,Buy,232138587
2024-08-16 10:29:40,26900.0,100,Buy,232138796
2024-08-16 10:29:50,26900.0,500,Buy,232139362
2024-08-16 10:29:53,26800.0,100,Sell,232139490
2024-08-16 10:29:58,26900.0,4000,Buy,232139737
2024-08-16 10:30:09,26900.0,1000,Buy,232140405
2024-08-16 10:30:13,26900.0,5000,Buy,232140601
2024-08-16 10:30:24,26800.0,2500,Sell,232141160
2024-08-16 10:30:26,26800.0,2000,Sell,232141241
2024-08-16 10:30:34,26900.0,3800,Buy,232141696
2024-08-16 10:30:43,26800.0,2000,Sell,232142272
2024-08-16 10:30:49,26800.0,500,Sell,232142606
2024-08-16 10:30:52,26900.0,2000,Buy,232142745
2024-08-16 10:30:58,26900.0,1000,Buy,232143063
2024-08-16 10:31:04,26900.0,1000,Buy,232143348
2024-08-16 10:31:04,26900.0,5000,Buy,232143408
2024-08-16 10:31:24,26900.0,15000,Buy,232144583
2024-08-16 10:31:24,26800.0,600,Sell,232144701
2024-08-16 10:31:26,26800.0,15000,Sell,232144841
2024-08-16 10:31:29,26800.0,2000,Sell,232144975
2024-08-16 10:31:31,26900.0,5000,Buy,232145114
2024-08-16 10:31:34,26800.0,100,Sell,232145419
2024-08-16 10:31:41,26800.0,3400,Sell,232145771
2024-08-16 10:31:41,26800.0,500,Sell,232145711
2024-08-16 10:31:46,26900.0,1100,Buy,232146032
2024-08-16 10:31:48,26900.0,5000,Buy,232146130
2024-08-16 10:31:49,26800.0,200,Sell,232146235
2024-08-16 10:31:51,26800.0,100,Buy,232146323
2024-08-16 10:31:59,26800.0,400,Buy,232146904
2024-08-16 10:32:01,26800.0,2000,Buy,232146990
2024-08-16 10:32:02,26800.0,1000,Buy,232147044
2024-08-16 10:32:11,26800.0,600,Buy,232147606
2024-08-16 10:32:18,26800.0,20000,Buy,232148047
2024-08-16 10:32:20,26800.0,700,Buy,232148207
2024-08-16 10:32:22,26700.0,500,Sell,232148256
2024-08-16 10:32:25,26800.0,400,Buy,232148370
2024-08-16 10:32:27,26800.0,2500,Sell,232148469
2024-08-16 10:32:28,26800.0,3000,Sell,232148550
2024-08-16 10:32:30,26800.0,2000,Sell,232148726
2024-08-16 10:32:33,26800.0,2000,Sell,232148825
2024-08-16 10:32:37,26800.0,1200,Sell,232149028
2024-08-16 10:32:40,26800.0,700,Sell,232149172
2024-08-16 10:32:43,26900.0,1000,Buy,232149335
2024-08-16 10:32:49,26900.0,1000,Buy,232149636
2024-08-16 10:32:50,26800.0,500,Sell,232149689
2024-08-16 10:32:55,26800.0,100,Sell,232149912
2024-08-16 10:32:59,26800.0,2000,Sell,232150065
2024-08-16 10:33:00,26800.0,500,Sell,232150100
2024-08-16 10:33:12,26800.0,2700,Sell,232150583
2024-08-16 10:33:20,26800.0,1300,Sell,232150982
2024-08-16 10:33:21,26800.0,12000,Sell,232151019
2024-08-16 10:33:22,26800.0,7700,Buy,232151064
2024-08-16 10:33:28,26800.0,1700,Buy,232151371
2024-08-16 10:33:31,26700.0,13300,Sell,232151568
2024-08-16 10:33:38,26700.0,10000,Sell,232151825
2024-08-16 10:33:47,26700.0,4300,Buy,232152319
2024-08-16 10:33:59,26700.0,500,Buy,232152854
2024-08-16 10:34:00,26700.0,100,Buy,232152916
2024-08-16 10:34:07,26700.0,100,Buy,232153226
2024-08-16 10:34:14,26700.0,1000,Buy,232153570
2024-08-16 10:34:16,26700.0,3000,Buy,232153685
2024-08-16 10:34:17,26600.0,100,Sell,232153722
2024-08-16 10:34:19,26700.0,100,Buy,232153799
2024-08-16 10:34:28,26700.0,5000,Buy,232154170
2024-08-16 10:34:31,26700.0,500,Buy,232154334
2024-08-16 10:34:32,26700.0,6100,Buy,232154389
2024-08-16 10:34:35,26600.0,3000,Sell,232154588
2024-08-16 10:34:37,26600.0,500,Sell,232154644
2024-08-16 10:34:43,26700.0,1000,Buy,232154902
2024-08-16 10:34:53,26700.0,300,Buy,232155448
2024-08-16 10:34:59,26600.0,200,Sell,232155727
2024-08-16 10:35:00,26700.0,600,Buy,232155767
2024-08-16 10:35:17,26700.0,200,Buy,232156508
2024-08-16 10:35:33,26700.0,1900,Buy,232157148
2024-08-16 10:35:35,26700.0,1200,Buy,232157210
2024-08-16 10:35:41,26700.0,4700,Buy,232157468
2024-08-16 10:35:45,26700.0,500,Sell,232157576
2024-08-16 10:35:48,26700.0,2000,Buy,232157688
2024-08-16 10:35:54,26700.0,1200,Buy,232157930
2024-08-16 10:35:59,26700.0,100,Buy,232158114
2024-08-16 10:36:07,26700.0,3000,Buy,232158366
2024-08-16 10:36:21,26700.0,1000,Buy,232158844
2024-08-16 10:36:45,26700.0,100,Buy,232159665
2024-08-16 10:36:58,26700.0,3000,Buy,232160181
2024-08-16 10:37:03,26700.0,100,Buy,232160353
2024-08-16 10:37:05,26700.0,1000,Buy,232160481
2024-08-16 10:37:08,26700.0,1000,Buy,232160576
2024-08-16 10:37:13,26700.0,1000,Buy,232160723
2024-08-16 10:37:16,26700.0,500,Buy,232160825
2024-08-16 10:37:20,26700.0,1000,Buy,232160943
2024-08-16 10:37:32,26700.0,200,Buy,232161320
2024-08-16 10:37:36,26700.0,1100,Buy,232161441
2024-08-16 10:37:38,26700.0,100,Buy,232161481
2024-08-16 10:37:48,26600.0,1000,Sell,232161873
2024-08-16 10:37:50,26700.0,1300,Buy,232161934
2024-08-16 10:37:56,26700.0,200,Buy,232162131
2024-08-16 10:37:58,26700.0,300,Buy,232162169
2024-08-16 10:38:05,26600.0,3000,Sell,232162449
2024-08-16 10:38:07,26700.0,1000,Buy,232162497
2024-08-16 10:38:18,26700.0,1000,Buy,232162896
2024-08-16 10:38:42,26600.0,20000,Sell,232163665
2024-08-16 10:38:48,26600.0,40800,Sell,232163806
2024-08-16 10:39:01,26600.0,400,Sell,232164177
2024-08-16 10:39:02,26700.0,1000,Buy,232164212
2024-08-16 10:39:08,26700.0,100,Buy,232164399
2024-08-16 10:39:09,26600.0,20000,Sell,232164462
2024-08-16 10:39:15,26600.0,500,Sell,232164653
2024-08-16 10:39:19,26600.0,500,Sell,232164741
2024-08-16 10:39:20,26600.0,300,Sell,232164762
2024-08-16 10:39:24,26600.0,1000,Sell,232164858
2024-08-16 10:39:26,26600.0,2000,Sell,232164907
2024-08-16 10:39:28,26600.0,400,Buy,232164952
2024-08-16 10:39:47,26500.0,5000,Sell,232165494
2024-08-16 10:39:48,26500.0,5000,Sell,232165503
2024-08-16 10:40:05,26500.0,31200,Sell,232166083
2024-08-16 10:40:13,26500.0,2000,Buy,232166314
2024-08-16 10:40:16,26500.0,2400,Buy,232166420
2024-08-16 10:40:20,26500.0,100,Buy,232166499
2024-08-16 10:40:27,26500.0,2000,Buy,232166665
2024-08-16 10:40:28,26500.0,13400,Buy,232166706
2024-08-16 10:40:31,26500.0,200,Sell,232166877
2024-08-16 10:40:43,26500.0,200,Sell,232167372
2024-08-16 10:40:50,26500.0,500,Sell,232167572
2024-08-16 10:40:55,26500.0,400,Sell,232167737
2024-08-16 10:41:02,26500.0,200,Sell,232167942
2024-08-16 10:41:05,26500.0,100,Sell,232168034
2024-08-16 10:41:31,26500.0,100,Sell,232168815
2024-08-16 10:41:35,26500.0,2000,Sell,232168904
2024-08-16 10:41:46,26500.0,12300,Buy,232169268
2024-08-16 10:41:53,26500.0,5000,Buy,232169420
2024-08-16 10:41:54,26500.0,10700,Buy,232169436
2024-08-16 10:42:14,26500.0,100,Sell,232169948
2024-08-16 10:42:28,26500.0,500,Sell,232170420
2024-08-16 10:42:30,26500.0,500,Sell,232170474
2024-08-16 10:42:38,26500.0,5000,Sell,232170654
2024-08-16 10:42:46,26500.0,500,Sell,232170849
2024-08-16 10:42:47,26500.0,1800,Sell,232170866
2024-08-16 10:42:52,26500.0,100,Sell,232170961
2024-08-16 10:43:00,26500.0,2000,Sell,232171177
2024-08-16 10:43:01,26500.0,4000,Sell,232171195
2024-08-16 10:43:06,26500.0,10000,Sell,232171370
2024-08-16 10:43:11,26500.0,10000,Sell,232171468
2024-08-16 10:43:22,26500.0,500,Sell,232171718
2024-08-16 10:43:25,26500.0,200,Sell,232171785
2024-08-16 10:43:31,26500.0,1000,Sell,232171919
2024-08-16 10:44:04,26500.0,13400,Buy,232172652
2024-08-16 10:44:14,26500.0,5000,Buy,232172925
2024-08-16 10:44:15,26500.0,5000,Buy,232172954
2024-08-16 10:44:28,26500.0,100,Buy,232173244
2024-08-16 10:44:31,26500.0,500,Buy,232173298
2024-08-16 10:44:45,26500.0,6100,Sell,232173579
2024-08-16 10:44:50,26500.0,2000,Sell,232173807
2024-08-16 10:45:15,26500.0,500,Sell,232174281
2024-08-16 10:45:22,26600.0,500,Buy,232174465
2024-08-16 10:45:23,26600.0,500,Buy,232174487
2024-08-16 10:45:40,26600.0,200,Buy,232174858
2024-08-16 10:46:04,26500.0,20000,Sell,232175399
2024-08-16 10:46:19,26600.0,1500,Buy,232175961
2024-08-16 10:46:51,26600.0,300,Buy,232176656
2024-08-16 10:46:57,26600.0,5000,Buy,232176784
2024-08-16 10:47:03,26600.0,900,Buy,232176909
2024-08-16 10:47:06,26600.0,100,Buy,232176964
2024-08-16 10:47:47,26500.0,500,Sell,232177843
2024-08-16 10:48:02,26500.0,20000,Sell,232178164
2024-08-16 10:48:16,26500.0,4500,Sell,232178512
2024-08-16 10:48:25,26500.0,800,Sell,232178655
2024-08-16 10:48:55,26500.0,2000,Sell,232179446
2024-08-16 10:49:06,26500.0,10000,Sell,232179695
2024-08-16 10:49:16,26500.0,500,Sell,232179913
2024-08-16 10:49:17,26600.0,10000,Buy,232179948
2024-08-16 10:50:10,26500.0,20200,Sell,232182119
2024-08-16 10:50:42,26500.0,12700,Sell,232182985
2024-08-16 10:51:25,26500.0,20000,Sell,232184915
2024-08-16 10:52:32,26600.0,9800,Buy,232188016
2024-08-16 10:52:43,26600.0,300,Buy,232188693
2024-08-16 10:52:45,26600.0,2000,Buy,232188735
2024-08-16 10:52:48,26600.0,19200,Sell,232188863
2024-08-16 10:53:06,26600.0,500,Sell,232189840
2024-08-16 10:53:09,26700.0,2900,Buy,232189933
2024-08-16 10:53:10,26600.0,300,Sell,232189979
2024-08-16 10:53:24,26700.0,2000,Buy,232190764
2024-08-16 10:53:25,26600.0,100,Sell,232190796
2024-08-16 10:53:50,26700.0,10000,Buy,232191847
2024-08-16 10:53:55,26700.0,13000,Buy,232192002
2024-08-16 10:54:00,26700.0,1000,Buy,232192244
2024-08-16 10:54:02,26700.0,1000,Buy,232192358
2024-08-16 10:54:02,26700.0,400,Buy,232192525
2024-08-16 10:54:07,26700.0,1000,Buy,232192679
2024-08-16 10:54:09,26700.0,700,Buy,232192765
2024-08-16 10:54:14,26700.0,1100,Sell,232193085
2024-08-16 10:54:36,26800.0,100,Buy,232194388
2024-08-16 10:54:42,26800.0,700,Buy,232194596
2024-08-16 10:54:46,26800.0,5000,Buy,232194767
2024-08-16 10:54:47,26800.0,4000,Buy,232194800
2024-08-16 10:54:49,26800.0,300,Buy,232194977
2024-08-16 10:54:51,26800.0,5000,Buy,232195136
2024-08-16 10:55:04,26800.0,2500,Buy,232195880
2024-08-16 10:55:05,26800.0,1600,Buy,232195923
2024-08-16 10:55:10,26800.0,5000,Buy,232196155
2024-08-16 10:55:11,26800.0,10000,Buy,232196189
2024-08-16 10:55:12,26800.0,3000,Buy,232196242
2024-08-16 10:55:15,26800.0,100,Buy,232196479
2024-08-16 10:55:16,26800.0,200,Buy,232196544
2024-08-16 10:55:18,26800.0,100,Buy,232196745
2024-08-16 10:55:19,26800.0,1000,Buy,232196796
2024-08-16 10:55:20,26800.0,500,Buy,232196853
2024-08-16 10:55:29,26800.0,300,Buy,232197292
2024-08-16 10:55:30,26800.0,5000,Buy,232197365
2024-08-16 10:55:31,26700.0,200,Sell,232197406
2024-08-16 10:55:32,26800.0,3200,Buy,232197527
2024-08-16 10:55:34,26800.0,1900,Sell,232197617
2024-08-16 10:55:55,26800.0,100,Sell,232198764
2024-08-16 10:55:59,26800.0,2600,Sell,232199026
2024-08-16 10:56:10,26800.0,100,Sell,232199544
2024-08-16 10:56:12,26800.0,5400,ATO/ATC,232199809
2024-08-16 10:56:24,26900.0,5000,Buy,232200612
2024-08-16 10:56:32,26800.0,2000,Buy,232201116
2024-08-16 10:56:34,26900.0,2100,Buy,232201241
2024-08-16 10:56:49,26900.0,400,Buy,232202125
2024-08-16 10:56:53,26900.0,100,Buy,232202285
2024-08-16 10:57:01,26900.0,300,Buy,232202916
2024-08-16 10:57:03,26900.0,1500,Buy,232203011
2024-08-16 10:57:11,26900.0,500,Buy,232203431
2024-08-16 10:57:13,26900.0,5000,Buy,232203497
2024-08-16 10:57:34,26900.0,1500,Buy,232204916
2024-08-16 10:57:45,26900.0,500,Buy,232205491
2024-08-16 10:57:47,26900.0,4000,Buy,232205677
2024-08-16 10:57:49,26900.0,5000,Buy,232205758
2024-08-16 10:57:50,27000.0,100000,Buy,232205811
2024-08-16 10:57:54,26900.0,200,Sell,232205991
2024-08-16 10:58:15,27000.0,2000,Buy,232207195
2024-08-16 10:58:16,26900.0,600,Sell,232207243
2024-08-16 10:58:36,27000.0,1500,Buy,232208237
2024-08-16 10:58:37,27000.0,300,Buy,232208301
2024-08-16 10:58:44,27000.0,1000,Buy,232208656
2024-08-16 10:58:45,26900.0,8500,Sell,232208687
2024-08-16 10:58:54,27000.0,200,Buy,232209126
2024-08-16 10:59:01,27000.0,300,Buy,232209562
2024-08-16 10:59:04,26900.0,2000,Sell,232209675
2024-08-16 10:59:07,26900.0,500,Sell,232209817
2024-08-16 10:59:15,26900.0,2600,Buy,232210262
2024-08-16 10:59:16,26900.0,2000,Buy,232210333
2024-08-16 10:59:17,26900.0,1000,Buy,232210380
2024-08-16 10:59:19,26900.0,300,Buy,232210501
2024-08-16 10:59:26,26900.0,2000,Buy,232210843
2024-08-16 10:59:31,26900.0,2000,Buy,232211077
2024-08-16 10:59:38,26900.0,10000,Buy,232211429
2024-08-16 10:59:44,26900.0,300,ATO/ATC,232211811
2024-08-16 11:00:00,26900.0,200,Sell,232212615
2024-08-16 11:00:13,26900.0,7200,Sell,232213445
2024-08-16 11:00:23,26900.0,5000,Sell,232214218
2024-08-16 11:00:28,26900.0,1000,Sell,232214449
2024-08-16 11:00:29,27000.0,300,Buy,232214490
2024-08-16 11:00:31,27000.0,1500,Buy,232214625
2024-08-16 11:00:32,26900.0,2000,Buy,232214660
2024-08-16 11:00:37,26900.0,400,Buy,232215012
2024-08-16 11:00:41,26900.0,3000,Buy,232215203
2024-08-16 11:00:45,26900.0,1400,Buy,232215483
2024-08-16 11:00:48,26900.0,20000,Buy,232215673
2024-08-16 11:00:51,26900.0,6300,Buy,232215824
2024-08-16 11:01:21,26900.0,2300,Buy,232217194
2024-08-16 11:01:24,26900.0,12000,Buy,232217332
2024-08-16 11:01:32,26900.0,200,Buy,232217818
2024-08-16 11:01:41,26900.0,4500,Buy,232218170
2024-08-16 11:01:46,26900.0,100,Sell,232218369
2024-08-16 11:01:51,26900.0,600,Buy,232218649
2024-08-16 11:02:22,26900.0,10000,Buy,232220376
2024-08-16 11:02:42,26900.0,1000,Buy,232221325
2024-08-16 11:02:50,26900.0,1200,Buy,232221780
2024-08-16 11:03:00,26900.0,1000,Buy,232222282
2024-08-16 11:03:12,26900.0,1000,Buy,232222791
2024-08-16 11:03:15,26900.0,3000,Buy,232222977
2024-08-16 11:03:18,26900.0,1000,Buy,232223129
2024-08-16 11:03:35,26900.0,10000,Buy,232223924
2024-08-16 11:03:38,26800.0,500,Sell,232224120
2024-08-16 11:03:43,26900.0,1200,Buy,232224283
2024-08-16 11:03:45,26900.0,10000,Buy,232224367
2024-08-16 11:03:51,26900.0,1000,Buy,232224567
2024-08-16 11:03:52,26900.0,1000,Buy,232224600
2024-08-16 11:03:56,26900.0,5000,Buy,232224726
2024-08-16 11:04:00,26900.0,200,Buy,232224913
2024-08-16 11:04:07,26900.0,300,Buy,232225259
2024-08-16 11:04:28,26900.0,200,Buy,232226015
2024-08-16 11:04:29,26800.0,1000,Sell,232226038
2024-08-16 11:04:34,26900.0,300,Buy,232226253
2024-08-16 11:05:03,26800.0,500,Sell,232227339
2024-08-16 11:05:44,26800.0,2000,Sell,232228806
2024-08-16 11:06:04,26900.0,200,Buy,232229520
2024-08-16 11:06:13,26900.0,18700,Buy,232229815
2024-08-16 11:06:39,26900.0,100,Sell,232230858
2024-08-16 11:06:41,26900.0,500,Sell,232230928
2024-08-16 11:06:53,26900.0,200,Sell,232231360
2024-08-16 11:06:58,26900.0,600,Sell,232231565
2024-08-16 11:07:00,26900.0,1600,Buy,232231650
2024-08-16 11:07:01,26900.0,300,Buy,232231670
2024-08-16 11:07:04,26900.0,1000,Buy,232231751
2024-08-16 11:07:11,26900.0,200,Buy,232232043
2024-08-16 11:07:20,26900.0,500,Buy,232232400
2024-08-16 11:07:21,26900.0,1000,Buy,232232487
2024-08-16 11:07:43,26900.0,1000,Buy,232233193
2024-08-16 11:07:47,26900.0,10000,Buy,232233337
2024-08-16 11:07:53,26900.0,5000,Buy,232233501
2024-08-16 11:07:54,26900.0,100,Buy,232233520
2024-08-16 11:07:56,26900.0,100,Buy,232233571
2024-08-16 11:08:14,26900.0,10000,Buy,232234318
2024-08-16 11:08:18,26900.0,400,Buy,232234437
2024-08-16 11:08:22,26900.0,300,Buy,232234548
2024-08-16 11:08:24,26900.0,2000,Buy,232234625
2024-08-16 11:08:30,26900.0,5000,Sell,232234806
2024-08-16 11:08:47,26900.0,400,Sell,232235354
2024-08-16 11:09:02,26900.0,500,Sell,232235954
2024-08-16 11:09:13,26900.0,1000,Sell,232236219
2024-08-16 11:09:38,27000.0,600,Buy,232237024
2024-08-16 11:09:56,27000.0,200,Buy,232237594
2024-08-16 11:10:26,26900.0,3000,Sell,232238475
2024-08-16 11:10:48,26900.0,18000,Sell,232239340
2024-08-16 11:10:51,27000.0,500,Buy,232239456
2024-08-16 11:10:54,27000.0,1500,Buy,232239576
2024-08-16 11:11:29,26900.0,2000,Sell,232240529
2024-08-16 11:11:30,27000.0,100,Buy,232240550
2024-08-16 11:11:34,27000.0,1300,Buy,232240643
2024-08-16 11:11:40,26900.0,100,Sell,232240823
2024-08-16 11:11:44,27000.0,1500,Buy,232240977
2024-08-16 11:11:46,26900.0,1000,Sell,232241031
2024-08-16 11:11:47,27000.0,400,Buy,232241051
2024-08-16 11:11:56,27000.0,200,Buy,232241321
2024-08-16 11:11:58,26900.0,1000,Sell,232241369
2024-08-16 11:12:01,26900.0,700,Sell,232241470
2024-08-16 11:12:04,27000.0,1500,Buy,232241552
2024-08-16 11:12:09,27000.0,10000,Buy,232241696
2024-08-16 11:12:14,27000.0,1500,Buy,232241819
2024-08-16 11:12:23,26900.0,1100,Sell,232242123
2024-08-16 11:12:29,26900.0,300,Sell,232242361
2024-08-16 11:12:31,26900.0,100,Sell,232242410
2024-08-16 11:12:39,27000.0,10000,Buy,232242607
2024-08-16 11:12:50,27000.0,100,Buy,232242920
2024-08-16 11:13:15,27000.0,300,Buy,232243633
2024-08-16 11:13:23,26900.0,1000,Sell,232243844
2024-08-16 11:13:29,27000.0,5000,Buy,232244071
2024-08-16 11:14:03,27000.0,5000,Buy,232245094
2024-08-16 11:14:17,27000.0,1900,Buy,232245612
2024-08-16 11:14:40,27000.0,3000,Buy,232246238
2024-08-16 11:14:43,26900.0,30000,Sell,232246355
2024-08-16 11:15:02,27000.0,2000,Buy,232246943
2024-08-16 11:15:39,27000.0,500,Buy,232247861
2024-08-16 11:15:40,27000.0,1000,Buy,232247890
2024-08-16 11:15:41,27000.0,5500,Buy,232247933
2024-08-16 11:16:00,27000.0,23000,Buy,232248531
2024-08-16 11:16:07,27000.0,1000,Buy,232248781
2024-08-16 11:16:15,27000.0,2500,Buy,232249019
2024-08-16 11:16:17,27000.0,200,Buy,232249069
2024-08-16 11:16:20,27000.0,500,Buy,232249140
2024-08-16 11:16:26,27000.0,20000,Buy,232249325
2024-08-16 11:16:48,27000.0,10100,Buy,232250157
2024-08-16 11:16:48,26900.0,100,Sell,232250038
2024-08-16 11:17:01,27000.0,10000,Buy,232250655
2024-08-16 11:17:04,27000.0,2100,Buy,232250720
2024-08-16 11:17:05,27000.0,600,Buy,232250802
2024-08-16 11:17:21,26900.0,20000,Sell,232251195
2024-08-16 11:17:24,27000.0,5000,Buy,232251285
2024-08-16 11:17:30,26900.0,20000,Sell,232251447
2024-08-16 11:17:45,26900.0,500,Sell,232251956
2024-08-16 11:18:22,26900.0,100,Sell,232252871
2024-08-16 11:18:37,26900.0,100,Sell,232253262
2024-08-16 11:18:38,26900.0,11800,Sell,232253274
2024-08-16 11:18:41,26900.0,1000,Sell,232253334
2024-08-16 11:18:43,26900.0,11800,Sell,232253431
2024-08-16 11:18:45,26900.0,1500,Sell,232253494
2024-08-16 11:18:47,26900.0,6700,Sell,232253550
2024-08-16 11:19:12,26900.0,8300,Buy,232254174
2024-08-16 11:19:19,26900.0,100,Sell,232254368
2024-08-16 11:19:28,26900.0,1600,Sell,232254571
2024-08-16 11:19:42,26900.0,2000,Buy,232254949
2024-08-16 11:19:58,26900.0,300,Buy,232255298
2024-08-16 11:20:36,26800.0,1000,Sell,232256125
2024-08-16 11:22:20,26900.0,400,Buy,232258564
2024-08-16 11:22:25,26900.0,300,Buy,232258691
2024-08-16 11:22:34,26800.0,30000,Sell,232258858
2024-08-16 11:23:02,26800.0,200,Sell,232259464
2024-08-16 11:23:04,26800.0,3600,Sell,232259507
2024-08-16 11:23:10,26800.0,300,Sell,232259649
2024-08-16 11:23:16,26800.0,100,Sell,232259904
2024-08-16 11:23:57,26900.0,2000,Buy,232260942
2024-08-16 11:24:15,26900.0,5000,Buy,232261283
2024-08-16 11:24:21,26900.0,300,Buy,232261407
2024-08-16 11:24:34,26900.0,100,Buy,232261655
2024-08-16 11:24:46,26900.0,200,Buy,232261972
2024-08-16 11:25:32,26800.0,1400,Sell,232262970
2024-08-16 11:25:39,26800.0,1600,Sell,232263235
2024-08-16 11:25:43,26800.0,29800,Buy,232263300
2024-08-16 11:25:48,26900.0,400,Buy,232263432
2024-08-16 11:25:59,26900.0,31200,Sell,232263655
2024-08-16 11:26:00,26900.0,9200,Sell,232263670
2024-08-16 11:26:07,26900.0,5300,Sell,232263773
2024-08-16 11:26:11,26900.0,400,Buy,232263850
2024-08-16 11:26:14,26900.0,100,Buy,232263899
2024-08-16 11:27:01,26900.0,400,Buy,232264876
2024-08-16 11:27:26,26900.0,1700,Buy,232265505
2024-08-16 11:27:54,26800.0,1000,Sell,232266155
2024-08-16 11:28:59,26900.0,100,Buy,232267549
2024-08-16 11:29:25,26900.0,100,Buy,232267964
2024-08-16 13:00:04,26900.0,2000,Buy,232272048
2024-08-16 13:00:07,26800.0,9100,Sell,232272512
2024-08-16 13:00:08,26800.0,11600,Sell,232272715
2024-08-16 13:00:10,26900.0,3200,Buy,232273075
2024-08-16 13:00:14,26900.0,8200,Buy,232273686
2024-08-16 13:00:19,26900.0,200,Buy,232274152
2024-08-16 13:00:19,26900.0,1000,Buy,232274207
2024-08-16 13:00:29,26900.0,1000,Buy,232275183
2024-08-16 13:00:30,26800.0,1500,Sell,232275322
2024-08-16 13:00:37,26900.0,200,Buy,232275949
2024-08-16 13:00:49,26800.0,5000,Sell,232276650
2024-08-16 13:00:54,26900.0,5000,Buy,232276895
2024-08-16 13:01:03,26900.0,9000,Buy,232277283
2024-08-16 13:01:05,26800.0,6000,Sell,232277336
2024-08-16 13:01:06,26900.0,100,Buy,232277369
2024-08-16 13:01:14,26900.0,20000,Buy,232277617
2024-08-16 13:01:19,26900.0,2000,Buy,232277906
2024-08-16 13:01:25,26900.0,400,Buy,232278235
2024-08-16 13:01:29,26900.0,10000,Buy,232278546
2024-08-16 13:01:31,26900.0,500,Buy,232278626
2024-08-16 13:01:34,26900.0,3500,Buy,232278808
2024-08-16 13:01:42,26900.0,1000,Sell,232279183
2024-08-16 13:02:09,27000.0,400,Buy,232280334
2024-08-16 13:02:28,27000.0,100,Buy,232280970
2024-08-16 13:02:30,27000.0,3800,Buy,232281028
2024-08-16 13:02:39,27000.0,500,Buy,232281398
2024-08-16 13:02:45,26900.0,3000,Sell,232281623
2024-08-16 13:02:52,27000.0,2500,Buy,232281892
2024-08-16 13:02:59,27000.0,100,Buy,232282203
2024-08-16 13:03:09,27000.0,500,Buy,232282874
2024-08-16 13:03:16,27000.0,10000,Buy,232283220
2024-08-16 13:03:21,27000.0,500,Buy,232283468
2024-08-16 13:03:25,27000.0,33000,Buy,232283633
2024-08-16 13:03:30,27000.0,900,Buy,232283815
2024-08-16 13:03:33,27000.0,57800,Buy,232283990
2024-08-16 13:03:36,27000.0,4100,Buy,232284168
2024-08-16 13:03:37,27000.0,100,Sell,232284189
2024-08-16 13:03:54,27000.0,2500,Sell,232284848
2024-08-16 13:03:55,27000.0,2000,Sell,232284904
2024-08-16 13:04:27,27000.0,1300,Sell,232286355
2024-08-16 13:04:30,27000.0,800,Sell,232286555
2024-08-16 13:04:45,27000.0,1000,Sell,232287498
2024-08-16 13:04:48,27000.0,6000,Sell,232287763
2024-08-16 13:04:55,27000.0,1000,Sell,232288057
2024-08-16 13:04:57,27000.0,3800,Sell,232288161
2024-08-16 13:05:03,27000.0,600,Buy,232288350
2024-08-16 13:05:05,27000.0,300,Buy,232288516
2024-08-16 13:05:07,27000.0,300,Sell,232288629
2024-08-16 13:05:17,27000.0,400,Sell,232289060
2024-08-16 13:05:25,27100.0,3000,Buy,232289418
2024-08-16 13:05:29,27000.0,2000,Sell,232289622
2024-08-16 13:05:44,27000.0,100,Sell,232290322
2024-08-16 13:05:49,27000.0,300,Sell,232290553
2024-08-16 13:06:14,27000.0,100,Sell,232291680
2024-08-16 13:06:21,27000.0,800,Sell,232292031
2024-08-16 13:06:23,27100.0,200,Buy,232292087
2024-08-16 13:06:33,27100.0,14100,Buy,232292639
2024-08-16 13:06:35,27100.0,1000,Buy,232292713
2024-08-16 13:06:39,27100.0,1000,Buy,232293057
2024-08-16 13:06:55,27100.0,700,Buy,232293987
2024-08-16 13:06:58,27100.0,500,Buy,232294181
2024-08-16 13:07:05,27100.0,1000,Buy,232294541
2024-08-16 13:07:10,27000.0,500,Sell,232294761
2024-08-16 13:07:15,27100.0,2000,Buy,232295093
2024-08-16 13:07:19,27000.0,100,Sell,232295267
2024-08-16 13:07:23,27100.0,100,Buy,232295463
2024-08-16 13:07:26,27100.0,500,Buy,232295544
2024-08-16 13:07:38,27000.0,4000,Sell,232296040
2024-08-16 13:07:49,27100.0,500,Buy,232296525
2024-08-16 13:07:51,27100.0,600,Buy,232296609
2024-08-16 13:07:57,27000.0,5000,Sell,232296992
2024-08-16 13:08:07,27000.0,2100,Sell,232297534
2024-08-16 13:08:10,27100.0,500,Buy,232297817
2024-08-16 13:08:29,27100.0,5000,Buy,232299284
2024-08-16 13:08:31,27100.0,500,Buy,232299366
2024-08-16 13:08:36,27100.0,3300,Buy,232299645
2024-08-16 13:08:39,27000.0,300,Sell,232299812
2024-08-16 13:08:40,27100.0,1000,Buy,232299875
2024-08-16 13:09:01,27100.0,400,Buy,232301361
2024-08-16 13:09:03,27100.0,3200,Buy,232301451
2024-08-16 13:09:07,27100.0,200,Buy,232301664
2024-08-16 13:09:14,27100.0,3000,Buy,232302022
2024-08-16 13:09:15,27100.0,30000,Buy,232302055
2024-08-16 13:09:18,27100.0,200,Buy,232302308
2024-08-16 13:09:20,27100.0,10000,Buy,232302458
2024-08-16 13:09:22,27100.0,200,Buy,232302565
2024-08-16 13:09:24,27100.0,1000,Buy,232302652
2024-08-16 13:09:26,27100.0,100,Buy,232302787
2024-08-16 13:09:27,27100.0,1000,Buy,232303002
2024-08-16 13:09:29,27100.0,10100,Buy,232303124
2024-08-16 13:09:30,27100.0,500,Buy,232303158
2024-08-16 13:09:33,27100.0,30000,Buy,232303324
2024-08-16 13:09:36,27100.0,12800,Buy,232303435
2024-08-16 13:10:04,27100.0,2000,Sell,232305257
2024-08-16 13:10:12,27200.0,5000,Buy,232305707
2024-08-16 13:10:13,27100.0,1000,Sell,232305757
2024-08-16 13:10:14,27200.0,10700,Buy,232305824
2024-08-16 13:10:18,27200.0,1000,Buy,232306200
2024-08-16 13:10:21,27200.0,500,Buy,232306467
2024-08-16 13:10:27,27200.0,6100,Buy,232306853
2024-08-16 13:10:32,27200.0,27800,Buy,232307161
2024-08-16 13:10:34,27200.0,38500,Buy,232307255
2024-08-16 13:10:48,27300.0,3000,Buy,232308114
2024-08-16 13:10:58,27300.0,3000,Buy,232308682
2024-08-16 13:11:01,27300.0,500,Buy,232308781
2024-08-16 13:11:01,27300.0,1000,Buy,232308810
2024-08-16 13:11:10,27300.0,3100,Buy,232309444
2024-08-16 13:11:14,27300.0,1000,Buy,232309659
2024-08-16 13:11:16,27300.0,3500,Buy,232309754
2024-08-16 13:11:17,27300.0,10000,Buy,232309874
2024-08-16 13:11:23,27300.0,1500,Buy,232310291
2024-08-16 13:11:26,27300.0,600,Buy,232310478
2024-08-16 13:11:28,27300.0,1000,Buy,232310619
2024-08-16 13:11:29,27300.0,300,Buy,232310656
2024-08-16 13:11:30,27300.0,2000,Buy,232310701
2024-08-16 13:11:31,27300.0,100,Buy,232310765
2024-08-16 13:11:35,27300.0,1000,Buy,232310967
2024-08-16 13:11:35,27300.0,6700,Buy,232311014
2024-08-16 13:11:42,27300.0,3100,Buy,232311383
2024-08-16 13:11:45,27300.0,3000,Buy,232311548
2024-08-16 13:11:46,27300.0,500,Buy,232311749
2024-08-16 13:11:54,27300.0,1100,Buy,232312234
2024-08-16 13:12:02,27300.0,21800,Sell,232312636
2024-08-16 13:12:04,27300.0,1500,Sell,232312805
2024-08-16 13:12:04,27300.0,5000,Sell,232312765
2024-08-16 13:12:16,27300.0,7800,Sell,232313487
2024-08-16 13:12:17,27300.0,2100,Sell,232313701
2024-08-16 13:12:19,27300.0,3100,Buy,232313852
2024-08-16 13:12:29,27300.0,600,Sell,232314276
2024-08-16 13:12:32,27300.0,5000,Sell,232314432
2024-08-16 13:12:38,27300.0,1500,Sell,232314751
2024-08-16 13:12:39,27300.0,500,Sell,232314792
2024-08-16 13:12:40,27400.0,300,Buy,232314895
2024-08-16 13:12:43,27300.0,11900,Sell,232315046
2024-08-16 13:13:02,27300.0,1500,Buy,232316172
2024-08-16 13:13:07,27300.0,10000,Buy,232316408
2024-08-16 13:13:13,27300.0,1000,Buy,232316767
2024-08-16 13:13:14,27300.0,1700,Sell,232316817
2024-08-16 13:13:16,27300.0,3000,Sell,232316902
2024-08-16 13:13:17,27300.0,200,Sell,232316947
2024-08-16 13:13:18,27300.0,1500,Sell,232317000
2024-08-16 13:13:24,27300.0,5600,Buy,232317447
2024-08-16 13:13:25,27200.0,200,Sell,232317537
2024-08-16 13:13:28,27300.0,300,Buy,232317716
2024-08-16 13:13:32,27200.0,37500,Sell,232317948
2024-08-16 13:13:41,27300.0,10000,Buy,232318318
2024-08-16 13:13:42,27300.0,15200,Sell,232318375
2024-08-16 13:13:43,27200.0,20000,Sell,232318401
2024-08-16 13:13:48,27300.0,3000,Buy,232318632
2024-08-16 13:13:50,27300.0,200,Sell,232318768
2024-08-16 13:13:52,27300.0,800,ATO/ATC,232318899
2024-08-16 13:14:02,27200.0,1200,Sell,232319518
2024-08-16 13:14:03,27200.0,100,Buy,232319572
2024-08-16 13:14:04,27200.0,8700,Sell,232319668
2024-08-16 13:14:07,27300.0,500,Buy,232319866
2024-08-16 13:14:12,27200.0,1000,Sell,232320076
2024-08-16 13:14:15,27200.0,10300,Buy,232320292
2024-08-16 13:14:19,27200.0,300,Buy,232320535
2024-08-16 13:14:21,27200.0,2000,Buy,232320623
2024-08-16 13:14:27,27200.0,2400,Sell,232321010
2024-08-16 13:14:49,27200.0,100,Sell,232322173
2024-08-16 13:14:54,27300.0,1000,Buy,232322388
2024-08-16 13:14:56,27200.0,600,Sell,232322483
2024-08-16 13:15:03,27200.0,100,Sell,232322915
2024-08-16 13:15:12,27200.0,1000,Sell,232323372
2024-08-16 13:15:14,27300.0,100,Buy,232323479
2024-08-16 13:15:28,27300.0,100,Buy,232324056
2024-08-16 13:15:31,27300.0,2200,Buy,232324185
2024-08-16 13:15:35,27300.0,2000,Buy,232324364
2024-08-16 13:15:43,27300.0,100,Buy,232324766
2024-08-16 13:15:46,27200.0,100,Sell,232324918
2024-08-16 13:15:48,27300.0,1000,Buy,232324990
2024-08-16 13:15:54,27300.0,17000,Buy,232325284
2024-08-16 13:15:59,27300.0,1500,Buy,232325588
2024-08-16 13:16:18,27300.0,1000,Buy,232326576
2024-08-16 13:16:25,27300.0,2000,Buy,232326925
2024-08-16 13:16:41,27300.0,1000,Buy,232327614
2024-08-16 13:16:46,27300.0,100,Buy,232327818
2024-08-16 13:16:48,27200.0,3000,Sell,232327908
2024-08-16 13:16:59,27200.0,100,Sell,232328555
2024-08-16 13:17:02,27200.0,800,Sell,232328726
2024-08-16 13:17:03,27200.0,1400,Sell,232328852
2024-08-16 13:17:05,27300.0,700,Buy,232328938
2024-08-16 13:17:19,27300.0,100,Buy,232329612
2024-08-16 13:17:25,27200.0,500,Sell,232329890
2024-08-16 13:17:34,27200.0,100,Sell,232330277
2024-08-16 13:17:55,27200.0,100,Sell,232331220
2024-08-16 13:18:12,27200.0,2000,Sell,232331929
2024-08-16 13:18:50,27300.0,100,Buy,232333978
2024-08-16 13:18:52,27200.0,800,Sell,232334119
2024-08-16 13:19:01,27200.0,100,Sell,232334529
2024-08-16 13:19:22,27200.0,500,Sell,232335728
2024-08-16 13:19:32,27300.0,100,Buy,232336120
2024-08-16 13:19:38,27300.0,1700,Buy,232336408
2024-08-16 13:19:40,27200.0,200,Sell,232336518
2024-08-16 13:19:41,27300.0,500,Buy,232336580
2024-08-16 13:19:50,27300.0,2000,Buy,232336991
2024-08-16 13:19:56,27300.0,1000,Buy,232337324
2024-08-16 13:19:57,27300.0,1000,Buy,232337349
2024-08-16 13:20:14,27300.0,500,Buy,232338307
2024-08-16 13:20:16,27300.0,1800,Buy,232338368
2024-08-16 13:20:18,27300.0,100,Buy,232338449
2024-08-16 13:20:37,27300.0,1000,Buy,232339241
2024-08-16 13:20:47,27300.0,3000,Buy,232339703
2024-08-16 13:20:55,27300.0,1000,Buy,232340174
2024-08-16 13:21:08,27300.0,100,Buy,232340905
2024-08-16 13:21:11,27300.0,300,Buy,232341015
2024-08-16 13:21:13,27300.0,2000,Buy,232341178
2024-08-16 13:21:26,27300.0,1000,Buy,232341820
2024-08-16 13:21:34,27300.0,10000,Buy,232342182
2024-08-16 13:21:36,27300.0,3400,Buy,232342394
2024-08-16 13:21:47,27300.0,300,Buy,232342899
2024-08-16 13:21:49,27300.0,700,Buy,232342970
2024-08-16 13:22:01,27300.0,500,Buy,232343408
2024-08-16 13:22:02,27300.0,10000,Buy,232343442
2024-08-16 13:22:06,27300.0,100,Buy,232343609
2024-08-16 13:22:09,27300.0,2000,Buy,232343800
2024-08-16 13:22:16,27300.0,300,Buy,232344158
2024-08-16 13:22:23,27200.0,500,Sell,232344438
2024-08-16 13:22:34,27300.0,100,Buy,232344909
2024-08-16 13:22:42,27300.0,200,Buy,232345391
2024-08-16 13:22:46,27300.0,2000,Buy,232345510
2024-08-16 13:22:49,27300.0,1000,Buy,232345647
2024-08-16 13:22:50,27300.0,200,Buy,232345694
2024-08-16 13:22:51,27200.0,200,Sell,232345717
2024-08-16 13:22:58,27200.0,500,Sell,232346049
2024-08-16 13:23:25,27200.0,3700,Sell,232347420
2024-08-16 13:23:45,27200.0,100,Sell,232348452
2024-08-16 13:23:49,27200.0,500,Sell,232348644
2024-08-16 13:24:33,27200.0,22000,Sell,232350812
2024-08-16 13:24:36,27200.0,200,Sell,232350914
2024-08-16 13:24:37,27200.0,200,Sell,232350961
2024-08-16 13:24:42,27300.0,100,Buy,232351129
2024-08-16 13:24:54,27200.0,10000,Sell,232351525
2024-08-16 13:25:13,27200.0,3800,Sell,232352221
2024-08-16 13:25:17,27200.0,200,Sell,232352445
2024-08-16 13:25:31,27200.0,1000,Sell,232353020
2024-08-16 13:25:33,27300.0,200,Buy,232353075
2024-08-16 13:25:38,27200.0,5000,Sell,232353323
2024-08-16 13:25:40,27200.0,2000,Sell,232353449
2024-08-16 13:25:47,27200.0,9000,Sell,232353721
2024-08-16 13:25:48,27200.0,10500,Sell,232353784
2024-08-16 13:25:51,27200.0,8000,Buy,232353878
2024-08-16 13:25:54,27200.0,1000,Buy,232353953
2024-08-16 13:26:05,27200.0,300,Buy,232354365
2024-08-16 13:26:07,27200.0,1000,Buy,232354409
2024-08-16 13:26:22,27200.0,300,Buy,232355148
2024-08-16 13:26:32,27200.0,100,Buy,232355516
2024-08-16 13:26:41,27200.0,100,Buy,232355826
2024-08-16 13:26:56,27100.0,400,Sell,232356350
2024-08-16 13:27:03,27100.0,1700,Sell,232356638
2024-08-16 13:27:08,27100.0,1300,Sell,232356807
2024-08-16 13:27:16,27100.0,1300,Sell,232357138
2024-08-16 13:27:43,27100.0,2000,Sell,232358375
2024-08-16 13:27:53,27200.0,500,Buy,232358820
2024-08-16 13:27:56,27100.0,1500,Sell,232358901
2024-08-16 13:28:05,27100.0,100,Sell,232359342
2024-08-16 13:28:22,27100.0,3000,Sell,232359995
2024-08-16 13:28:28,27100.0,2000,Sell,232360199
2024-08-16 13:28:35,27200.0,200,Buy,232360400
2024-08-16 13:28:44,27200.0,1300,Buy,232360872
2024-08-16 13:28:57,27100.0,200,Sell,232361516
2024-08-16 13:29:00,27200.0,100,Buy,232361640
2024-08-16 13:29:06,27200.0,200,Buy,232361957
2024-08-16 13:29:21,27100.0,5800,Sell,232362607
2024-08-16 13:29:38,27200.0,5000,Buy,232363310
2024-08-16 13:29:49,27100.0,4000,Sell,232363692
2024-08-16 13:29:50,27200.0,30000,Buy,232363723
2024-08-16 13:29:54,27200.0,1000,Buy,232363865
2024-08-16 13:30:12,27200.0,1200,Buy,232364834
2024-08-16 13:30:20,27200.0,5000,Buy,232365169
2024-08-16 13:30:22,27200.0,400,Buy,232365354
2024-08-16 13:30:23,27200.0,1300,Buy,232365403
2024-08-16 13:30:24,27200.0,100,Buy,232365434
2024-08-16 13:30:26,27100.0,6000,Sell,232365555
2024-08-16 13:31:05,27200.0,10000,Buy,232367660
2024-08-16 13:31:18,27200.0,3000,Buy,232368169
2024-08-16 13:31:20,27200.0,1100,Buy,232368282
2024-08-16 13:31:27,27200.0,500,Buy,232368526
2024-08-16 13:31:32,27200.0,1700,Buy,232368672
2024-08-16 13:31:34,27200.0,11000,Buy,232368742
2024-08-16 13:31:41,27100.0,100,Sell,232369061
2024-08-16 13:31:45,27200.0,10000,Buy,232369208
2024-08-16 13:31:47,27200.0,23800,ATO/ATC,232369278
2024-08-16 13:31:51,27200.0,200,Sell,232369563
2024-08-16 13:32:00,27200.0,1800,Sell,232370053
2024-08-16 13:32:04,27200.0,200,Sell,232370177
2024-08-16 13:32:12,27200.0,200,Sell,232370588
2024-08-16 13:32:52,27200.0,500,Sell,232372687
2024-08-16 13:33:09,27200.0,3200,Sell,232373442
2024-08-16 13:33:10,27200.0,900,Sell,232373478
2024-08-16 13:33:15,27200.0,500,Sell,232373725
2024-08-16 13:33:21,27300.0,2000,Buy,232374103
2024-08-16 13:33:31,27300.0,2000,Buy,232374599
2024-08-16 13:33:34,27300.0,1000,Buy,232374673
2024-08-16 13:33:39,27300.0,600,Buy,232374976
2024-08-16 13:33:46,27200.0,12000,Sell,232375280
2024-08-16 13:33:50,27300.0,20000,Buy,232375444
2024-08-16 13:34:00,27300.0,1000,Buy,232375927
2024-08-16 13:34:04,27300.0,5000,Buy,232376152
2024-08-16 13:34:06,27300.0,1000,Buy,232376231
2024-08-16 13:34:07,27300.0,100,Buy,232376264
2024-08-16 13:34:09,27300.0,100,Buy,232376337
2024-08-16 13:34:15,27300.0,3000,Buy,232376607
2024-08-16 13:34:19,27300.0,5000,Buy,232376738
2024-08-16 13:34:24,27300.0,100,Buy,232376963
2024-08-16 13:34:25,27300.0,300,Buy,232376987
2024-08-16 13:34:26,27300.0,200,Buy,232377048
2024-08-16 13:34:28,27300.0,1500,Buy,232377122
2024-08-16 13:34:35,27300.0,600,Buy,232377350
2024-08-16 13:34:38,27300.0,300,Buy,232377488
2024-08-16 13:34:39,27300.0,2200,Buy,232377538
2024-08-16 13:34:41,27300.0,900,Buy,232377613
2024-08-16 13:35:05,27300.0,100,Sell,232378471
2024-08-16 13:35:16,27300.0,100,Sell,232378996
2024-08-16 13:35:22,27300.0,500,Sell,232379263
2024-08-16 13:35:28,27300.0,200,Sell,232379582
2024-08-16 13:35:46,27300.0,200,Sell,232380405
2024-08-16 13:35:56,27300.0,500,Sell,232380741
2024-08-16 13:36:10,27400.0,1000,Buy,232381240
2024-08-16 13:36:12,27300.0,100,Sell,232381329
2024-08-16 13:36:22,27300.0,2500,Sell,232381820
2024-08-16 13:36:24,27300.0,25000,Sell,232381887
2024-08-16 13:36:30,27300.0,2000,Sell,232382141
2024-08-16 13:36:38,27400.0,1100,Buy,232382389
2024-08-16 13:36:49,27300.0,4000,Sell,232382799
2024-08-16 13:36:51,27400.0,5000,Buy,232382873
2024-08-16 13:37:01,27300.0,1000,Sell,232383247
2024-08-16 13:37:04,27400.0,200,Buy,232383348
2024-08-16 13:37:10,27300.0,1500,Sell,232383611
2024-08-16 13:37:15,27300.0,500,Sell,232383815
2024-08-16 13:37:19,27300.0,1100,Sell,232383937
2024-08-16 13:37:34,27400.0,800,Buy,232384507
2024-08-16 13:37:41,27300.0,500,Sell,232384742
2024-08-16 13:37:54,27400.0,50000,Buy,232385157
2024-08-16 13:37:57,27300.0,100,Sell,232385297
2024-08-16 13:37:58,27300.0,5000,Sell,232385331
2024-08-16 13:38:01,27400.0,5700,Buy,232385435
2024-08-16 13:38:18,27400.0,5900,Buy,232386083
2024-08-16 13:38:25,27400.0,500,Buy,232386295
2024-08-16 13:38:29,27300.0,300,Sell,232386418
2024-08-16 13:38:31,27400.0,400,Buy,232386502
2024-08-16 13:38:37,27300.0,500,Sell,232386682
2024-08-16 13:38:49,27400.0,200,Buy,232387132
2024-08-16 13:38:53,27300.0,1200,Sell,232387319
2024-08-16 13:39:12,27300.0,100,Sell,232388013
2024-08-16 13:39:17,27400.0,300,Buy,232388170
2024-08-16 13:39:26,27400.0,500,Buy,232388595
2024-08-16 13:39:27,27300.0,25000,Sell,232388659
2024-08-16 13:39:29,27300.0,200,Sell,232388722
2024-08-16 13:39:34,27300.0,1000,Sell,232388953
2024-08-16 13:40:03,27400.0,300,Buy,232390217
2024-08-16 13:40:28,27400.0,200,Buy,232391374
2024-08-16 13:40:34,27300.0,600,Sell,232391641
2024-08-16 13:40:59,27300.0,10000,Sell,232392704
2024-08-16 13:41:01,27300.0,500,Sell,232392795
2024-08-16 13:41:11,27300.0,4000,Sell,232393169
2024-08-16 13:41:14,27300.0,500,Sell,232393295
2024-08-16 13:41:18,27300.0,2000,Sell,232393510
2024-08-16 13:41:28,27300.0,1000,Sell,232393966
2024-08-16 13:41:29,27300.0,1000,Sell,232394001
2024-08-16 13:41:30,27300.0,2500,Sell,232394014
2024-08-16 13:41:32,27400.0,6100,Buy,232394094
2024-08-16 13:41:34,27300.0,100,Sell,232394196
2024-08-16 13:41:40,27300.0,100,Sell,232394383
2024-08-16 13:41:41,27300.0,100,Sell,232394446
2024-08-16 13:41:43,27300.0,200,Sell,232394507
2024-08-16 13:41:49,27300.0,2000,Sell,232394777
2024-08-16 13:42:19,27400.0,7000,Buy,232395853
2024-08-16 13:42:36,27300.0,25000,Sell,232396750
2024-08-16 13:42:53,27300.0,4000,Sell,232397403
2024-08-16 13:42:55,27300.0,8900,Buy,232397482
2024-08-16 13:43:02,27300.0,1100,Buy,232397804
2024-08-16 13:43:18,27300.0,300,Sell,232398305
2024-08-16 13:43:20,27300.0,600,Sell,232398386
2024-08-16 13:43:24,27300.0,100,Sell,232398474
2024-08-16 13:43:27,27300.0,1000,Buy,232398620
2024-08-16 13:43:31,27300.0,400,Buy,232398853
2024-08-16 13:43:37,27300.0,1000,Buy,232399068
2024-08-16 13:44:03,27300.0,5000,Buy,232399996
2024-08-16 13:44:12,27200.0,25000,Sell,232400267
2024-08-16 13:44:16,27200.0,1000,Sell,232400393
2024-08-16 13:45:02,27200.0,6800,Sell,232401815
2024-08-16 13:45:33,27200.0,100,Sell,232402867
2024-08-16 13:45:49,27200.0,18800,Sell,232403529
2024-08-16 13:45:53,27200.0,1000,Buy,232403809
2024-08-16 13:45:56,27200.0,100,Buy,232403889
2024-08-16 13:46:14,27200.0,1000,Buy,232404468
2024-08-16 13:46:29,27200.0,1000,Buy,232405135
2024-08-16 13:46:31,27200.0,1500,Buy,232405174
2024-08-16 13:46:43,27200.0,100,Buy,232405702
2024-08-16 13:46:56,27200.0,100,Buy,232406172
2024-08-16 13:47:05,27200.0,100,Buy,232406533
2024-08-16 13:47:16,27200.0,500,Buy,232406989
2024-08-16 13:47:30,27200.0,2000,Buy,232407492
2024-08-16 13:47:34,27200.0,2000,Buy,232407685
2024-08-16 13:47:51,27100.0,800,Sell,232408415
2024-08-16 13:47:58,27100.0,35800,Sell,232408720
2024-08-16 13:48:00,27200.0,40400,Buy,232408801
2024-08-16 13:48:04,27300.0,10000,Buy,232408960
2024-08-16 13:49:02,27300.0,10300,Buy,232411199
2024-08-16 13:49:17,27300.0,500,Buy,232411702
2024-08-16 13:49:22,27300.0,200,Buy,232411862
2024-08-16 13:49:37,27300.0,50000,Buy,232412566
2024-08-16 13:49:47,27300.0,1000,Buy,232412888
2024-08-16 13:50:04,27300.0,15000,Buy,232413562
2024-08-16 13:50:08,27300.0,1000,Buy,232413713
2024-08-16 13:50:13,27300.0,5000,Buy,232413886
2024-08-16 13:50:14,27300.0,10000,Buy,232413921
2024-08-16 13:50:22,27300.0,300,Buy,232414158
2024-08-16 13:50:25,27300.0,21300,Buy,232414246
2024-08-16 13:50:42,27400.0,2000,Buy,232414808
2024-08-16 13:50:55,27400.0,2400,Buy,232415676
2024-08-16 13:51:10,27400.0,200,Buy,232416226
2024-08-16 13:51:21,27400.0,100,Buy,232416670
2024-08-16 13:51:22,27400.0,2000,Buy,232416702
2024-08-16 13:51:59,27400.0,31300,Buy,232418243
2024-08-16 13:52:18,27400.0,5000,Buy,232418939
2024-08-16 13:52:23,27400.0,100,Buy,232419073
2024-08-16 13:52:32,27400.0,3000,Buy,232419685
2024-08-16 13:52:33,27400.0,5000,Buy,232419719
2024-08-16 13:52:45,27400.0,100,Buy,232420168
2024-08-16 13:53:13,27400.0,5000,Buy,232421304
2024-08-16 13:53:14,27300.0,300,Sell,232421342
2024-08-16 13:53:20,27400.0,400,Buy,232421613
2024-08-16 13:53:25,27400.0,1000,Buy,232421825
2024-08-16 13:53:37,27400.0,100,Buy,232422185
2024-08-16 13:53:57,27400.0,4000,Buy,232422845
2024-08-16 13:54:06,27400.0,1400,Buy,232423141
2024-08-16 13:54:08,27400.0,4000,Buy,232423201
2024-08-16 13:54:13,27400.0,300,Buy,232423378
2024-08-16 13:54:19,27400.0,200,Buy,232423665
2024-08-16 13:54:23,27400.0,1400,Buy,232423796
2024-08-16 13:54:25,27400.0,1000,Buy,232423921
2024-08-16 13:54:30,27400.0,5000,Buy,232424273
2024-08-16 13:54:34,27400.0,300,Buy,232424404
2024-08-16 13:54:38,27400.0,500,Buy,232424551
2024-08-16 13:54:46,27300.0,200,Sell,232425032
2024-08-16 13:55:02,27400.0,1000,Buy,232425977
2024-08-16 13:55:07,27400.0,200,Buy,232426345
2024-08-16 13:55:12,27400.0,400,Buy,232426508
2024-08-16 13:55:15,27400.0,100,Buy,232426696
2024-08-16 13:55:16,27400.0,500,Buy,232426747
2024-08-16 13:55:18,27400.0,500,Buy,232426846
2024-08-16 13:55:20,27400.0,20000,Buy,232426921
2024-08-16 13:55:21,27400.0,1000,Buy,232427030
2024-08-16 13:55:22,27400.0,300,Buy,232427057
2024-08-16 13:55:24,27400.0,1500,Buy,232427228
2024-08-16 13:55:26,27400.0,30000,Buy,232427286
2024-08-16 13:55:27,27400.0,38800,Sell,232427331
2024-08-16 13:55:31,27400.0,500,Sell,232427510
2024-08-16 13:55:47,27400.0,25000,Sell,232428317
2024-08-16 13:55:50,27400.0,200,Sell,232428517
2024-08-16 13:55:51,27400.0,1600,Sell,232428554
2024-08-16 13:55:52,27400.0,2000,Sell,232428586
2024-08-16 13:56:09,27400.0,400,Sell,232429395
2024-08-16 13:56:10,27400.0,1000,Sell,232429430
2024-08-16 13:56:16,27400.0,1800,Sell,232429661
2024-08-16 13:56:20,27400.0,1000,Sell,232429947
2024-08-16 13:56:33,27500.0,2000,Buy,232430386
2024-08-16 13:56:38,27400.0,100,Sell,232430644
2024-08-16 13:56:41,27500.0,500,Buy,232430738
2024-08-16 13:56:42,27400.0,900,Sell,232430761
2024-08-16 13:57:17,27400.0,200,Sell,232432212
2024-08-16 13:57:30,27400.0,30500,Sell,232432666
2024-08-16 13:57:51,27400.0,1200,Sell,232433518
2024-08-16 13:58:09,27400.0,10000,Sell,232434136
2024-08-16 13:58:12,27400.0,10000,Sell,232434223
2024-08-16 13:58:14,27400.0,300,Sell,232434306
2024-08-16 13:58:15,27400.0,22900,Sell,232434332
2024-08-16 13:58:21,27400.0,10000,Sell,232434656
2024-08-16 13:58:24,27400.0,8000,Buy,232434743
2024-08-16 13:58:29,27400.0,2000,Sell,232434877
2024-08-16 13:58:30,27400.0,8000,Buy,232434907
2024-08-16 13:58:36,27400.0,500,Buy,232435164
2024-08-16 13:58:37,27400.0,5000,Buy,232435190
2024-08-16 13:58:46,27400.0,3000,Buy,232435495
2024-08-16 13:59:27,27400.0,100,Buy,232436833
2024-08-16 13:59:28,27400.0,500,Buy,232436876
2024-08-16 13:59:32,27400.0,700,Buy,232436966
2024-08-16 13:59:34,27400.0,1000,Buy,232437037
2024-08-16 13:59:37,27400.0,5000,Buy,232437194
2024-08-16 13:59:38,27400.0,1000,Buy,232437239
2024-08-16 13:59:40,27400.0,4400,Sell,232437415
2024-08-16 14:00:02,27500.0,900,Buy,232438320
2024-08-16 14:00:12,27400.0,100,Sell,232438696
2024-08-16 14:00:14,27500.0,100,Buy,232438789
2024-08-16 14:00:45,27500.0,1600,Buy,232440032
2024-08-16 14:00:47,27500.0,300,Buy,232440094
2024-08-16 14:00:49,27500.0,100,Buy,232440134
2024-08-16 14:00:50,27500.0,200,Buy,232440167
2024-08-16 14:00:55,27500.0,100,Buy,232440384
2024-08-16 14:01:15,27500.0,6000,Buy,232441149
2024-08-16 14:01:19,27500.0,100,Buy,232441299
2024-08-16 14:01:26,27500.0,2000,Buy,232441542
2024-08-16 14:01:39,27400.0,400,Sell,232441894
2024-08-16 14:02:06,27400.0,1000,Sell,232442730
2024-08-16 14:02:11,27500.0,300,Buy,232442911
2024-08-16 14:02:19,27500.0,70000,Buy,232443234
2024-08-16 14:02:20,27500.0,23100,Buy,232443274
2024-08-16 14:02:21,27500.0,8800,ATO/ATC,232443298
2024-08-16 14:02:33,27500.0,400,Sell,232443801
2024-08-16 14:02:40,27500.0,600,Buy,232444037
2024-08-16 14:02:44,27500.0,300,Buy,232444127
2024-08-16 14:02:52,27500.0,200,Buy,232444414
2024-08-16 14:03:01,27500.0,400,Buy,232444848
2024-08-16 14:03:04,27500.0,1000,Buy,232444932
2024-08-16 14:03:05,27500.0,500,Buy,232444961
2024-08-16 14:03:18,27500.0,400,Buy,232445414
2024-08-16 14:03:25,27400.0,9000,Sell,232445627
2024-08-16 14:03:44,27400.0,45200,Buy,232446396
2024-08-16 14:03:58,27400.0,5000,Buy,232446885
2024-08-16 14:04:05,27400.0,3000,Buy,232447152
2024-08-16 14:04:08,27400.0,1000,Buy,232447261
2024-08-16 14:04:19,27400.0,2000,Buy,232447647
2024-08-16 14:04:22,27400.0,400,Buy,232447730
2024-08-16 14:04:31,27400.0,3000,Sell,232448060
2024-08-16 14:04:54,27400.0,10200,Sell,232449004
2024-08-16 14:04:58,27400.0,100,Buy,232449134
2024-08-16 14:05:00,27400.0,800,Buy,232449303
2024-08-16 14:05:18,27400.0,1000,Buy,232449939
2024-08-16 14:05:21,27400.0,50000,Buy,232450020
2024-08-16 14:05:28,27400.0,500,Buy,232450291
2024-08-16 14:05:31,27400.0,2800,Sell,232450389
2024-08-16 14:06:19,27400.0,100,Sell,232451928
2024-08-16 14:06:43,27400.0,100,Sell,232452740
2024-08-16 14:06:56,27400.0,3000,Sell,232453068
2024-08-16 14:07:05,27400.0,2000,Sell,232453399
2024-08-16 14:07:08,27400.0,8300,Buy,232453583
2024-08-16 14:07:14,27500.0,2000,Buy,232453820
2024-08-16 14:07:18,27300.0,18300,Sell,232453982
2024-08-16 14:07:31,27400.0,500,Buy,232454550
2024-08-16 14:07:33,27400.0,200,Buy,232454619
2024-08-16 14:07:36,27400.0,300,Buy,232454790
2024-08-16 14:07:39,27500.0,300,Buy,232454903
2024-08-16 14:08:18,27400.0,500,Sell,232456043
2024-08-16 14:08:19,27400.0,100,Sell,232456094
2024-08-16 14:08:27,27400.0,1200,Sell,232456313
2024-08-16 14:08:33,27400.0,500,Sell,232456488
2024-08-16 14:08:36,27400.0,3000,Sell,232456586
2024-08-16 14:08:55,27400.0,500,Sell,232457231
2024-08-16 14:09:17,27400.0,1000,Sell,232457890
2024-08-16 14:09:19,27400.0,300,Buy,232457939
2024-08-16 14:09:23,27400.0,1200,Sell,232458079
2024-08-16 14:09:29,27400.0,1800,Buy,232458405
2024-08-16 14:09:31,27400.0,1300,Buy,232458493
2024-08-16 14:09:37,27400.0,2000,Buy,232458661
2024-08-16 14:09:43,27400.0,100,Buy,232458826
2024-08-16 14:09:57,27400.0,1000,Buy,232459243
2024-08-16 14:10:14,27400.0,5000,Buy,232459907
2024-08-16 14:10:16,27400.0,1500,Buy,232459966
2024-08-16 14:10:18,27400.0,200,Sell,232460047
2024-08-16 14:10:20,27500.0,600,Buy,232460087
2024-08-16 14:10:22,27400.0,500,Sell,232460122
2024-08-16 14:10:26,27400.0,100,Sell,232460212
2024-08-16 14:10:32,27400.0,1000,Sell,232460430
2024-08-16 14:11:07,27400.0,100,Sell,232461439
2024-08-16 14:11:43,27400.0,100,Sell,232462616
2024-08-16 14:11:53,27400.0,4700,Sell,232463003
2024-08-16 14:12:03,27400.0,10000,Sell,232463396
2024-08-16 14:12:13,27400.0,1600,Sell,232463806
2024-08-16 14:12:23,27300.0,100,Sell,232464143
2024-08-16 14:12:25,27400.0,1000,Buy,232464256
2024-08-16 14:12:29,27400.0,5000,Buy,232464376
2024-08-16 14:12:59,27400.0,1000,Buy,232465277
2024-08-16 14:13:09,27400.0,300,Buy,232465575
2024-08-16 14:13:10,27400.0,300,Buy,232465615
2024-08-16 14:13:23,27400.0,3000,Buy,232466081
2024-08-16 14:13:49,27400.0,1900,Buy,232466843
2024-08-16 14:13:58,27400.0,1400,Buy,232467107
2024-08-16 14:14:04,27400.0,400,Buy,232467445
2024-08-16 14:14:12,27400.0,300,Buy,232467708
2024-08-16 14:14:21,27400.0,500,Buy,232467883
2024-08-16 14:14:23,27400.0,2000,Buy,232468037
2024-08-16 14:14:24,27400.0,1000,Buy,232468075
2024-08-16 14:14:36,27400.0,1400,Buy,232468488
2024-08-16 14:15:08,27400.0,400,Buy,232469569
2024-08-16 14:15:17,27400.0,10000,Buy,232469777
2024-08-16 14:15:23,27400.0,600,Buy,232469967
2024-08-16 14:15:35,27300.0,100,Sell,232470288
2024-08-16 14:15:48,27300.0,100,Sell,232470735
2024-08-16 14:16:10,27300.0,5000,Sell,232471705
2024-08-16 14:16:17,27400.0,300,Buy,232471984
2024-08-16 14:16:22,27400.0,6000,Buy,232472090
2024-08-16 14:16:29,27400.0,600,Buy,232472268
2024-08-16 14:16:32,27400.0,1800,Buy,232472364
2024-08-16 14:16:40,27400.0,800,Buy,232472558
2024-08-16 14:16:48,27300.0,2300,Sell,232472829
2024-08-16 14:16:59,27400.0,5000,Buy,232473156
2024-08-16 14:17:02,27300.0,300,Sell,232473239
2024-08-16 14:17:11,27400.0,800,Buy,232473744
2024-08-16 14:17:21,27400.0,1000,Buy,232474046
2024-08-16 14:17:32,27400.0,8000,Buy,232474487
2024-08-16 14:17:36,27400.0,1000,Buy,232474596
2024-08-16 14:17:48,27400.0,5000,Buy,232474961
2024-08-16 14:17:56,27400.0,100,Buy,232475218
2024-08-16 14:18:15,27400.0,5000,Buy,232475753
2024-08-16 14:18:17,27400.0,1000,Buy,232475795
2024-08-16 14:18:36,27300.0,1600,Sell,232476614
2024-08-16 14:18:50,27300.0,100,Sell,232477031
2024-08-16 14:19:24,27300.0,1000,Sell,232478424
2024-08-16 14:19:40,27300.0,1000,Sell,232479005
2024-08-16 14:20:01,27300.0,1000,Sell,232480502
2024-08-16 14:20:05,27300.0,10000,Sell,232480609
2024-08-16 14:20:28,27400.0,5000,Buy,232481348
2024-08-16 14:21:02,27400.0,100,Buy,232482560
2024-08-16 14:21:17,27400.0,500,Buy,232483075
2024-08-16 14:21:25,27400.0,200,Buy,232483366
2024-08-16 14:21:29,27300.0,12100,Sell,232483441
2024-08-16 14:21:39,27400.0,1000,Buy,232484062
2024-08-16 14:21:46,27300.0,600,Sell,232484361
2024-08-16 14:21:53,27300.0,200,Sell,232484622
2024-08-16 14:22:03,27300.0,500,Sell,232484986
2024-08-16 14:22:09,27300.0,1000,Sell,232485185
2024-08-16 14:22:10,27300.0,76300,Sell,232485218
2024-08-16 14:22:13,27300.0,400,Buy,232485304
2024-08-16 14:22:23,27300.0,1300,Buy,232485643
2024-08-16 14:22:44,27300.0,2000,Buy,232486494
2024-08-16 14:22:53,27300.0,1000,Buy,232486795
2024-08-16 14:22:55,27300.0,5000,Buy,232486862
2024-08-16 14:22:57,27300.0,1000,Buy,232486928
2024-08-16 14:23:09,27300.0,100,Buy,232487315
2024-08-16 14:23:11,27300.0,900,Buy,232487408
2024-08-16 14:23:14,27300.0,2000,Buy,232487504
2024-08-16 14:23:34,27300.0,5000,Buy,232488199
2024-08-16 14:23:35,27200.0,400,Sell,232488222
2024-08-16 14:24:16,27200.0,3000,Sell,232489659
2024-08-16 14:24:46,27200.0,500,Sell,232490806
2024-08-16 14:24:53,27300.0,800,Buy,232491009
2024-08-16 14:25:05,27300.0,400,Buy,232491427
2024-08-16 14:25:13,27300.0,500,Buy,232491731
2024-08-16 14:25:20,27300.0,500,Buy,232491983
2024-08-16 14:25:22,27300.0,7800,Sell,232492023
2024-08-16 14:25:29,27300.0,1600,Sell,232492298
2024-08-16 14:25:43,27400.0,5000,Buy,232492862
2024-08-16 14:25:47,27400.0,400,Buy,232493018
2024-08-16 14:26:05,27400.0,100,Buy,232493796
2024-08-16 14:26:06,27400.0,400,Buy,232493871
2024-08-16 14:26:08,27300.0,1000,Sell,232493940
2024-08-16 14:26:23,27300.0,1000,Sell,232494526
2024-08-16 14:26:35,27300.0,5000,Sell,232494939
2024-08-16 14:26:37,27300.0,100,Sell,232495033
2024-08-16 14:27:13,27300.0,500,Sell,232496473
2024-08-16 14:27:17,27300.0,2000,Sell,232496606
2024-08-16 14:27:25,27300.0,7300,Sell,232496971
2024-08-16 14:27:33,27300.0,100,Sell,232497286
2024-08-16 14:27:34,27300.0,400,Sell,232497320
2024-08-16 14:27:38,27300.0,1000,Sell,232497512
2024-08-16 14:27:40,27300.0,1900,Sell,232497648
2024-08-16 14:27:57,27300.0,4900,Sell,232498397
2024-08-16 14:28:04,27300.0,200,Sell,232498682
2024-08-16 14:28:08,27300.0,100,Sell,232498802
2024-08-16 14:28:12,27300.0,5000,Sell,232498929
2024-08-16 14:28:18,27300.0,1500,Sell,232499212
2024-08-16 14:28:28,27300.0,5000,Sell,232499877
2024-08-16 14:28:39,27300.0,1600,Sell,232500294
2024-08-16 14:28:42,27300.0,1000,Sell,232500445
2024-08-16 14:28:44,27300.0,100,Sell,232500517
2024-08-16 14:28:57,27300.0,3000,Sell,232501185
2024-08-16 14:29:01,27300.0,200,Sell,232501364
2024-08-16 14:29:02,27300.0,300,Sell,232501391
2024-08-16 14:29:07,27300.0,500,Sell,232501585
2024-08-16 14:29:17,27300.0,200,Sell,232502160
2024-08-16 14:29:21,27300.0,100,Sell,232502304
2024-08-16 14:29:29,27400.0,1000,Buy,232502833
2024-08-16 14:29:31,27400.0,2000,Buy,232502948
2024-08-16 14:29:41,27400.0,100,Buy,232503709
2024-08-16 14:29:46,27300.0,1000,Sell,232503963
2024-08-16 14:29:51,27300.0,1000,Sell,232504237
2024-08-16 14:45:12,27500.0,230600,Sell,232505920
2024-08-16 14:54:00,27500.0,200,Buy,232506559
2024-08-16 14:56:33,27500.0,100,Buy,232506753
