time,price,volume,match_type,id
2024-08-28 09:00:07,28500.0,100,Sell,235228151
2024-08-28 09:00:10,28400.0,700,Buy,235228167
2024-08-28 09:00:24,28400.0,100,Buy,235228216
2024-08-28 09:00:28,28400.0,100,Buy,235228233
2024-08-28 09:00:38,28400.0,1000,Buy,235228286
2024-08-28 09:01:00,28500.0,100,Buy,235228326
2024-08-28 09:01:28,28500.0,100,Sell,235228383
2024-08-28 09:04:52,28600.0,200,Buy,235228759
2024-08-28 09:06:01,28600.0,200,Buy,235228870
2024-08-28 09:06:08,28600.0,1000,Buy,235228886
2024-08-28 09:06:27,28700.0,7000,Buy,235228907
2024-08-28 09:07:35,28600.0,1900,Sell,235229010
2024-08-28 09:09:11,28600.0,100,Buy,235229168
2024-08-28 09:09:12,28600.0,1000,Buy,235229171
2024-08-28 09:12:53,28500.0,4500,Sell,235229515
2024-08-28 09:14:47,28500.0,3000,Buy,235229694
2024-08-28 09:15:00,28500.0,2500,Buy,235229916
2024-08-28 09:16:37,28600.0,100,Buy,235232137
2024-08-28 09:16:54,28600.0,1000,Buy,235232515
2024-08-28 09:17:02,28600.0,200,Buy,235232679
2024-08-28 09:17:15,28600.0,200,Buy,235233027
2024-08-28 09:17:24,28600.0,2000,Buy,235233224
2024-08-28 09:17:34,28600.0,1000,Buy,235233419
2024-08-28 09:18:02,28500.0,100,Sell,235234195
2024-08-28 09:18:06,28600.0,100,Buy,235234307
2024-08-28 09:18:54,28600.0,200,Buy,235235532
2024-08-28 09:19:31,28500.0,400,Sell,235236474
2024-08-28 09:20:14,28500.0,100,Sell,235237398
2024-08-28 09:20:15,28500.0,100,Sell,235237424
2024-08-28 09:20:16,28500.0,100,Sell,235237439
2024-08-28 09:20:26,28500.0,100,Sell,235237603
2024-08-28 09:20:27,28500.0,100,Sell,235237619
2024-08-28 09:20:28,28500.0,200,Sell,235237643
2024-08-28 09:20:30,28500.0,100,Sell,235237682
2024-08-28 09:20:35,28500.0,2900,Buy,235237833
2024-08-28 09:20:42,28500.0,300,Sell,235237950
2024-08-28 09:21:08,28500.0,700,Buy,235238491
2024-08-28 09:21:40,28500.0,100,Buy,235238977
2024-08-28 09:22:33,28500.0,100,Buy,235240243
2024-08-28 09:23:12,28400.0,25900,Sell,235241114
2024-08-28 09:23:29,28400.0,200,Buy,235241475
2024-08-28 09:23:41,28400.0,100,Buy,235241669
2024-08-28 09:24:23,28400.0,600,Buy,235242457
2024-08-28 09:25:10,28300.0,200,Sell,235243413
2024-08-28 09:25:22,28300.0,200,Sell,235243653
2024-08-28 09:25:32,28300.0,200,Sell,235243884
2024-08-28 09:25:43,28300.0,600,Sell,235244111
2024-08-28 09:25:45,28500.0,45000,Buy,235244151
2024-08-28 09:26:00,28500.0,2100,Buy,235244440
2024-08-28 09:26:01,28400.0,400,Sell,235244465
2024-08-28 09:27:27,28400.0,5000,Sell,235246074
2024-08-28 09:27:30,28500.0,2700,Buy,235246119
2024-08-28 09:27:45,28500.0,700,Buy,235246444
2024-08-28 09:27:46,28400.0,1000,Sell,235246464
2024-08-28 09:28:09,28400.0,1000,Sell,235247039
2024-08-28 09:28:34,28400.0,5000,Sell,235247614
2024-08-28 09:29:22,28500.0,1000,Buy,235248779
2024-08-28 09:30:08,28500.0,800,Buy,235249794
2024-08-28 09:31:09,28500.0,500,Sell,235251141
2024-08-28 09:31:52,28700.0,100000,Buy,235252259
2024-08-28 09:32:46,28700.0,100,Buy,235253515
2024-08-28 09:34:13,28700.0,100,Buy,235255591
2024-08-28 09:34:40,28700.0,100,Buy,235256162
2024-08-28 09:36:42,28500.0,1000,Sell,235258755
2024-08-28 09:37:23,28500.0,3100,Sell,235259701
2024-08-28 09:37:46,28600.0,1000,Buy,235260152
2024-08-28 09:40:29,28600.0,25200,Sell,235263139
2024-08-28 09:40:48,28600.0,3100,Sell,235263444
2024-08-28 09:40:53,28600.0,5100,Sell,235263521
2024-08-28 09:41:42,28600.0,1000,Sell,235264314
2024-08-28 09:42:08,28700.0,100,Buy,235264788
2024-08-28 09:42:42,28600.0,1500,Sell,235265426
2024-08-28 09:42:59,28600.0,1500,Sell,235265750
2024-08-28 09:43:09,28600.0,15000,Sell,235265906
2024-08-28 09:43:30,28600.0,5000,Sell,235266344
2024-08-28 09:43:43,28600.0,5900,Sell,235266568
2024-08-28 09:44:39,28500.0,2000,Sell,235267504
2024-08-28 09:44:46,28600.0,100,Buy,235267616
2024-08-28 09:44:53,28600.0,200,Buy,235267753
2024-08-28 09:46:58,28600.0,30000,Buy,235270556
2024-08-28 09:47:31,28600.0,100,Buy,235271177
2024-08-28 09:48:24,28600.0,100,Buy,235272547
2024-08-28 09:48:26,28500.0,1000,Sell,235272569
2024-08-28 09:50:13,28500.0,100,Sell,235274832
2024-08-28 09:50:20,28500.0,20000,Sell,235274955
2024-08-28 09:50:25,28500.0,100,Sell,235275121
2024-08-28 09:51:36,28500.0,500,Sell,235276606
2024-08-28 09:52:04,28500.0,10000,Sell,235277310
2024-08-28 09:52:07,28500.0,100,Sell,235277343
2024-08-28 09:52:54,28500.0,1400,Sell,235278251
2024-08-28 09:53:37,28500.0,2000,Sell,235279118
2024-08-28 09:54:16,28500.0,43400,Sell,235280085
2024-08-28 09:54:24,28500.0,300,Sell,235280239
2024-08-28 09:54:26,28500.0,5000,Sell,235280293
2024-08-28 09:54:35,28500.0,2400,Sell,235280538
2024-08-28 09:54:49,28500.0,2200,Buy,235280849
2024-08-28 09:55:21,28500.0,2000,Buy,235281534
2024-08-28 09:55:46,28500.0,100,Buy,235282000
2024-08-28 09:56:28,28400.0,1300,Sell,235283086
2024-08-28 09:56:58,28400.0,400,Sell,235283746
2024-08-28 09:58:07,28400.0,800,Sell,235285050
2024-08-28 09:59:27,28400.0,500,Sell,235286549
2024-08-28 09:59:56,28400.0,100,Sell,235287197
2024-08-28 10:01:03,28500.0,1000,Buy,235288473
2024-08-28 10:01:28,28500.0,1000,Buy,235288944
2024-08-28 10:01:58,28500.0,100,Buy,235289424
2024-08-28 10:04:32,28500.0,800,Buy,235292626
2024-08-28 10:04:56,28400.0,1000,Sell,235292982
2024-08-28 10:06:23,28400.0,100,Sell,235294525
2024-08-28 10:07:15,28400.0,600,Sell,235295340
2024-08-28 10:07:19,28400.0,500,Sell,235295411
2024-08-28 10:08:17,28400.0,500,Sell,235296575
2024-08-28 10:08:18,28400.0,10000,Sell,235296582
2024-08-28 10:08:35,28400.0,100,Sell,235296942
2024-08-28 10:08:50,28400.0,300,Sell,235297269
2024-08-28 10:09:58,28400.0,7000,Sell,235298663
2024-08-28 10:09:59,28400.0,10000,Sell,235298677
2024-08-28 10:10:43,28400.0,1600,Sell,235299617
2024-08-28 10:10:45,28400.0,700,Sell,235299643
2024-08-28 10:10:57,28400.0,1000,Sell,235299854
2024-08-28 10:11:07,28400.0,200,Sell,235300014
2024-08-28 10:11:10,28400.0,100,Sell,235300066
2024-08-28 10:11:19,28400.0,700,Sell,235300262
2024-08-28 10:11:30,28400.0,5000,Sell,235300445
2024-08-28 10:11:39,28400.0,500,Sell,235300681
2024-08-28 10:11:42,28400.0,200,Sell,235300726
2024-08-28 10:11:52,28400.0,100,Sell,235300958
2024-08-28 10:11:56,28400.0,500,Sell,235301054
2024-08-28 10:12:18,28400.0,1100,Sell,235301524
2024-08-28 10:12:29,28400.0,500,Sell,235301724
2024-08-28 10:12:47,28400.0,100,Sell,235302177
2024-08-28 10:12:57,28400.0,1000,Sell,235302441
2024-08-28 10:13:19,28400.0,200,Sell,235302916
2024-08-28 10:13:34,28400.0,100,Sell,235303231
2024-08-28 10:13:53,28400.0,200,Buy,235303676
2024-08-28 10:14:15,28300.0,200,Sell,235304162
2024-08-28 10:14:19,28300.0,500,Sell,235304256
2024-08-28 10:14:23,28400.0,1000,Buy,235304322
2024-08-28 10:15:11,28400.0,300,Buy,235305235
2024-08-28 10:16:18,28400.0,1000,Buy,235306575
2024-08-28 10:16:41,28400.0,600,Buy,235307078
2024-08-28 10:18:22,28400.0,1000,Buy,235308854
2024-08-28 10:19:08,28400.0,200,Buy,235309788
2024-08-28 10:21:08,28400.0,200,Buy,235311474
2024-08-28 10:21:29,28400.0,100,Buy,235311774
2024-08-28 10:21:43,28400.0,1500,Buy,235312053
2024-08-28 10:22:59,28400.0,100,Buy,235313289
2024-08-28 10:23:48,28300.0,1000,Sell,235314064
2024-08-28 10:27:57,28300.0,300,Sell,235318497
2024-08-28 10:29:12,28300.0,80000,Sell,235319676
2024-08-28 10:29:21,28300.0,1000,Sell,235319793
2024-08-28 10:29:54,28300.0,700,Sell,235320363
2024-08-28 10:30:28,28300.0,200,Sell,235320905
2024-08-28 10:30:35,28300.0,200,Sell,235320985
2024-08-28 10:30:37,28300.0,1000,Sell,235321038
2024-08-28 10:30:52,28300.0,2000,Sell,235321192
2024-08-28 10:31:01,28300.0,1000,Sell,235321292
2024-08-28 10:31:39,28300.0,600,Sell,235321976
2024-08-28 10:32:00,28300.0,100,Sell,235322255
2024-08-28 10:32:15,28300.0,3000,Sell,235322419
2024-08-28 10:32:19,28300.0,600,Sell,235322503
2024-08-28 10:32:20,28300.0,400,Buy,235322513
2024-08-28 10:32:30,28300.0,100,ATO/ATC,235322678
2024-08-28 10:33:20,28300.0,700,Buy,235323349
2024-08-28 10:33:26,28200.0,20000,Sell,235323425
2024-08-28 10:33:27,28200.0,1000,Sell,235323436
2024-08-28 10:34:07,28200.0,400,Sell,235324038
2024-08-28 10:34:34,28300.0,100,Buy,235324432
2024-08-28 10:34:42,28300.0,1200,Sell,235324577
2024-08-28 10:35:29,28300.0,1000,Sell,235325435
2024-08-28 10:35:47,28300.0,1500,Buy,235325810
2024-08-28 10:35:58,28300.0,100,Buy,235325988
2024-08-28 10:37:00,28200.0,5000,Sell,235327490
2024-08-28 10:37:27,28200.0,1300,Sell,235328062
2024-08-28 10:37:50,28200.0,400,Sell,235328415
2024-08-28 10:37:57,28200.0,1000,Sell,235328530
2024-08-28 10:38:31,28200.0,100,Sell,235329294
2024-08-28 10:39:16,28300.0,500,Buy,235329957
2024-08-28 10:39:47,28300.0,100,Buy,235330568
2024-08-28 10:40:49,28300.0,100,Buy,235331609
2024-08-28 10:40:59,28300.0,3000,Buy,235331771
2024-08-28 10:41:54,28300.0,400,Buy,235332689
2024-08-28 10:41:57,28300.0,500,Buy,235332730
2024-08-28 10:42:26,28300.0,600,Buy,235333073
2024-08-28 10:42:40,28300.0,100,Buy,235333245
2024-08-28 10:43:34,28300.0,800,Buy,235334211
2024-08-28 10:43:55,28300.0,1000,Buy,235334551
2024-08-28 10:44:05,28300.0,100,Buy,235334691
2024-08-28 10:44:40,28200.0,200,Sell,235335162
2024-08-28 10:47:25,28300.0,10000,Buy,235337418
2024-08-28 10:47:29,28300.0,2400,Buy,235337452
2024-08-28 10:47:55,28300.0,100,Buy,235337727
2024-08-28 10:48:09,28300.0,18700,Buy,235337917
2024-08-28 10:48:10,28300.0,8400,Buy,235337927
2024-08-28 10:48:12,28300.0,1000,Buy,235337987
2024-08-28 10:48:13,28300.0,2400,Buy,235337992
2024-08-28 10:48:17,28300.0,200,Buy,235338031
2024-08-28 10:48:18,28300.0,1000,Buy,235338047
2024-08-28 10:48:19,28300.0,7200,Buy,235338054
2024-08-28 10:48:25,28300.0,1000,Buy,235338135
2024-08-28 10:48:27,28300.0,7200,Buy,235338173
2024-08-28 10:48:30,28300.0,500,Buy,235338213
2024-08-28 10:48:35,28300.0,1000,Buy,235338282
2024-08-28 10:48:37,28300.0,2000,Buy,235338295
2024-08-28 10:48:38,28300.0,300,Sell,235338319
2024-08-28 10:49:22,28300.0,500,Sell,235339040
2024-08-28 10:51:51,28300.0,100,Sell,235341172
2024-08-28 10:52:35,28300.0,6000,Sell,235341898
2024-08-28 10:53:32,28300.0,500,Sell,235342858
2024-08-28 10:54:18,28300.0,1000,Sell,235343536
2024-08-28 10:56:09,28300.0,100,Sell,235345430
2024-08-28 10:56:56,28300.0,5000,Sell,235346177
2024-08-28 10:58:34,28300.0,500,Sell,235348128
2024-08-28 10:59:08,28300.0,1500,Sell,235349220
2024-08-28 10:59:28,28300.0,31000,Sell,235349571
2024-08-28 10:59:43,28200.0,69000,Sell,235349919
2024-08-28 11:00:44,28300.0,200,Buy,235351276
2024-08-28 11:00:54,28300.0,2000,Buy,235351536
2024-08-28 11:01:01,28300.0,100,Buy,235351731
2024-08-28 11:01:11,28300.0,100,Buy,235351928
2024-08-28 11:01:20,28300.0,1000,Buy,235352217
2024-08-28 11:01:23,28300.0,1600,Buy,235352285
2024-08-28 11:01:45,28400.0,5000,Buy,235352910
2024-08-28 11:02:18,28300.0,300,Sell,235354634
2024-08-28 11:02:20,28400.0,1000,Buy,235354737
2024-08-28 11:02:54,28400.0,200,Buy,235356542
2024-08-28 11:03:32,28300.0,2000,Sell,235358711
2024-08-28 11:04:13,28300.0,4000,Sell,235361028
2024-08-28 11:04:14,28400.0,1000,Buy,235361043
2024-08-28 11:04:24,28300.0,1000,Sell,235361631
2024-08-28 11:04:29,28300.0,100,Sell,235362010
2024-08-28 11:04:41,28300.0,2200,Sell,235362601
2024-08-28 11:04:47,28300.0,100,Sell,235362931
2024-08-28 11:04:50,28300.0,700,Sell,235363086
2024-08-28 11:05:01,28300.0,1000,Sell,235363488
2024-08-28 11:05:02,28300.0,700,Sell,235363550
2024-08-28 11:05:04,28300.0,10000,Sell,235363685
2024-08-28 11:05:06,28300.0,1000,Sell,235363776
2024-08-28 11:05:13,28300.0,1000,Sell,235364133
2024-08-28 11:05:16,28300.0,100,Sell,235364313
2024-08-28 11:05:28,28300.0,700,Sell,235364916
2024-08-28 11:05:34,28300.0,400,Sell,235365344
2024-08-28 11:06:06,28300.0,100,Buy,235367289
2024-08-28 11:06:21,28200.0,800,Sell,235368180
2024-08-28 11:06:43,28200.0,12500,Sell,235369740
2024-08-28 11:06:52,28200.0,100,Sell,235370553
2024-08-28 11:07:04,28300.0,200,Buy,235371412
2024-08-28 11:07:05,28200.0,2000,Sell,235371556
2024-08-28 11:07:07,28200.0,4300,Sell,235371696
2024-08-28 11:07:15,28200.0,10600,Sell,235372412
2024-08-28 11:07:29,28200.0,10600,Sell,235373399
2024-08-28 11:07:33,28200.0,5000,Sell,235373781
2024-08-28 11:07:34,28200.0,9900,Sell,235373952
2024-08-28 11:07:35,28300.0,200,Buy,235374047
2024-08-28 11:07:45,28100.0,5700,Sell,235374797
2024-08-28 11:08:04,28100.0,19600,Sell,235376435
2024-08-28 11:08:05,28200.0,100,Buy,235376544
2024-08-28 11:08:11,28100.0,23900,Sell,235377047
2024-08-28 11:08:14,28100.0,22700,Sell,235377307
2024-08-28 11:08:15,28100.0,1000,Buy,235377563
2024-08-28 11:08:16,28000.0,2000,Sell,235377655
2024-08-28 11:08:17,28000.0,200,Sell,235377918
2024-08-28 11:08:22,28000.0,3000,Sell,235378407
2024-08-28 11:08:26,28000.0,2000,Sell,235378749
2024-08-28 11:08:27,28000.0,10000,Sell,235378869
2024-08-28 11:08:32,28000.0,10000,Sell,235379304
2024-08-28 11:08:37,28000.0,900,Sell,235379793
2024-08-28 11:08:39,28000.0,3200,Sell,235379964
2024-08-28 11:08:43,28000.0,4100,Sell,235380422
2024-08-28 11:08:44,28000.0,4000,Sell,235380526
2024-08-28 11:08:49,28000.0,16300,Sell,235381097
2024-08-28 11:08:59,28000.0,5000,Sell,235381987
2024-08-28 11:09:00,28000.0,1000,Sell,235382105
2024-08-28 11:09:01,28000.0,2000,Sell,235382177
2024-08-28 11:09:04,28100.0,1100,Buy,235382467
2024-08-28 11:09:06,28000.0,17900,Sell,235382595
2024-08-28 11:09:08,28000.0,8500,Sell,235382794
2024-08-28 11:09:09,28000.0,500,Sell,235382913
2024-08-28 11:09:14,28000.0,2000,Sell,235383463
2024-08-28 11:09:15,28000.0,900,Sell,235383534
2024-08-28 11:09:19,28000.0,28900,Sell,235384136
2024-08-28 11:09:20,28100.0,21100,Buy,235384220
2024-08-28 11:09:21,28000.0,30000,Sell,235384295
2024-08-28 11:09:22,28000.0,2400,Sell,235384472
2024-08-28 11:09:24,28000.0,7700,Sell,235384853
2024-08-28 11:09:25,28000.0,100,Buy,235384921
2024-08-28 11:09:26,28000.0,4000,Buy,235384969
2024-08-28 11:09:30,28000.0,1700,Sell,235385312
2024-08-28 11:09:36,28000.0,1000,Buy,235385807
2024-08-28 11:09:45,28000.0,500,Buy,235386838
2024-08-28 11:09:51,27900.0,15000,Sell,235387218
2024-08-28 11:09:52,28000.0,1100,Buy,235387293
2024-08-28 11:09:55,28000.0,200,Buy,235387612
2024-08-28 11:09:55,27900.0,3000,Sell,235387634
2024-08-28 11:10:04,27900.0,1000,Sell,235388692
2024-08-28 11:10:07,28000.0,100,Buy,235389134
2024-08-28 11:10:12,27900.0,2000,Sell,235389686
2024-08-28 11:10:21,27900.0,100,Sell,235390358
2024-08-28 11:10:26,27900.0,2000,Sell,235390934
2024-08-28 11:10:29,28000.0,4200,Buy,235391320
2024-08-28 11:10:31,27900.0,100,Sell,235391530
2024-08-28 11:10:36,28000.0,100,Buy,235391996
2024-08-28 11:10:40,27900.0,10000,Sell,235392407
2024-08-28 11:10:41,27900.0,100,Sell,235392500
2024-08-28 11:10:44,27900.0,4000,Sell,235392845
2024-08-28 11:10:47,27900.0,3000,Sell,235393079
2024-08-28 11:10:52,27900.0,3500,Sell,235393590
2024-08-28 11:10:54,27900.0,3100,Sell,235393835
2024-08-28 11:11:03,27900.0,300,Sell,235394632
2024-08-28 11:11:07,27900.0,2800,Sell,235394930
2024-08-28 11:11:09,27900.0,1000,Sell,235395073
2024-08-28 11:11:15,27900.0,500,Sell,235395536
2024-08-28 11:11:17,28000.0,100,Buy,235395722
2024-08-28 11:11:35,27900.0,300,Sell,235397240
2024-08-28 11:11:44,28000.0,5000,Buy,235397981
2024-08-28 11:11:52,28000.0,300,Buy,235398597
2024-08-28 11:11:58,27900.0,17800,Sell,235398978
2024-08-28 11:12:00,28000.0,10000,Buy,235399086
2024-08-28 11:12:01,27900.0,17500,Buy,235399119
2024-08-28 11:12:05,27900.0,2000,Buy,235399312
2024-08-28 11:12:06,27900.0,2000,Buy,235399390
2024-08-28 11:12:07,27900.0,10000,Buy,235399437
2024-08-28 11:12:08,27900.0,100,Buy,235399528
2024-08-28 11:12:10,27900.0,100,Buy,235399663
2024-08-28 11:12:13,27900.0,500,Sell,235399908
2024-08-28 11:12:17,27900.0,3000,Sell,235400084
2024-08-28 11:12:23,27900.0,800,Sell,235400482
2024-08-28 11:12:24,27900.0,400,Sell,235400523
2024-08-28 11:12:29,27900.0,1000,Sell,235400919
2024-08-28 11:12:34,27900.0,3100,Sell,235401236
2024-08-28 11:12:43,27900.0,600,Sell,235401760
2024-08-28 11:12:48,27900.0,2800,Sell,235402032
2024-08-28 11:12:49,27900.0,19800,Buy,235402078
2024-08-28 11:12:54,27900.0,200,Buy,235402317
2024-08-28 11:12:55,27900.0,6000,Buy,235402364
2024-08-28 11:13:01,27900.0,1000,Buy,235402639
2024-08-28 11:13:02,27900.0,200,Buy,235402685
2024-08-28 11:13:04,27900.0,1000,Buy,235402871
2024-08-28 11:13:21,27900.0,500,Sell,235403716
2024-08-28 11:13:26,27900.0,4000,Sell,235404005
2024-08-28 11:13:34,27900.0,10000,Sell,235404359
2024-08-28 11:13:38,28000.0,500,Buy,235404531
2024-08-28 11:13:46,28000.0,30000,Buy,235404871
2024-08-28 11:13:49,28000.0,11100,Buy,235404962
2024-08-28 11:13:50,28000.0,500,Buy,235405002
2024-08-28 11:13:52,28000.0,7100,Buy,235405074
2024-08-28 11:13:59,28100.0,200,Buy,235405365
2024-08-28 11:14:15,28100.0,900,Buy,235406142
2024-08-28 11:14:19,28100.0,2500,Buy,235406275
2024-08-28 11:14:34,28100.0,100,Buy,235406933
2024-08-28 11:14:40,28100.0,100,Buy,235407156
2024-08-28 11:14:57,28100.0,2100,Buy,235407746
2024-08-28 11:15:01,28100.0,1300,Buy,235407853
2024-08-28 11:15:02,28100.0,400,Buy,235407882
2024-08-28 11:15:06,28100.0,1000,Buy,235408044
2024-08-28 11:15:07,28100.0,1800,Buy,235408076
2024-08-28 11:15:09,28100.0,3400,Buy,235408144
2024-08-28 11:15:11,28100.0,1000,Buy,235408197
2024-08-28 11:15:12,28100.0,14700,Buy,235408228
2024-08-28 11:15:14,28000.0,10000,Sell,235408334
2024-08-28 11:15:21,28100.0,1700,Sell,235408541
2024-08-28 11:15:23,28100.0,5100,Sell,235408603
2024-08-28 11:15:26,28000.0,5000,Sell,235408678
2024-08-28 11:15:31,28100.0,100,Buy,235408851
2024-08-28 11:15:38,28000.0,1700,Sell,235409091
2024-08-28 11:15:41,28100.0,10000,Buy,235409194
2024-08-28 11:15:55,28100.0,100,Buy,235409686
2024-08-28 11:15:59,28100.0,1000,Buy,235409814
2024-08-28 11:16:02,28100.0,12300,Sell,235409967
2024-08-28 11:17:32,28100.0,1000,Sell,235412912
2024-08-28 11:17:43,28200.0,100,Buy,235413198
2024-08-28 11:18:08,28100.0,21000,Buy,235413998
2024-08-28 11:18:37,28100.0,300,Buy,235415009
2024-08-28 11:19:15,28000.0,3400,Sell,235416215
2024-08-28 11:19:42,28000.0,1000,Sell,235417087
2024-08-28 11:20:42,28000.0,5000,Sell,235418809
2024-08-28 11:20:43,28000.0,500,Sell,235418838
2024-08-28 11:20:46,28000.0,5000,Sell,235418908
2024-08-28 11:20:51,28000.0,1500,Sell,235419015
2024-08-28 11:21:08,28000.0,3400,Sell,235419484
2024-08-28 11:21:21,28000.0,1500,Sell,235419969
2024-08-28 11:21:39,28000.0,5000,Sell,235420644
2024-08-28 11:21:43,28000.0,2000,Sell,235420786
2024-08-28 11:21:44,28000.0,5000,Sell,235420826
2024-08-28 11:21:46,28100.0,100,Buy,235420888
2024-08-28 11:21:47,28000.0,13600,Sell,235420920
2024-08-28 11:21:48,28000.0,600,Sell,235420947
2024-08-28 11:21:52,28000.0,4000,Sell,235421024
2024-08-28 11:21:54,28000.0,5000,Sell,235421072
2024-08-28 11:21:55,28000.0,2000,Sell,235421117
2024-08-28 11:21:58,28000.0,1000,Sell,235421205
2024-08-28 11:22:01,28000.0,400,Buy,235421289
2024-08-28 11:22:21,28000.0,1000,Buy,235421815
2024-08-28 11:22:38,28000.0,200,Buy,235422204
2024-08-28 11:22:40,27900.0,6100,Sell,235422260
2024-08-28 11:22:47,28000.0,1000,Buy,235422441
2024-08-28 11:22:48,27900.0,7100,Sell,235422498
2024-08-28 11:22:53,28000.0,1000,Buy,235422584
2024-08-28 11:22:54,27900.0,5000,Sell,235422597
2024-08-28 11:22:59,27900.0,5000,Sell,235422730
2024-08-28 11:23:00,27900.0,200,Sell,235422742
2024-08-28 11:23:09,28000.0,2000,Buy,235422980
2024-08-28 11:23:29,28000.0,5000,Buy,235423411
2024-08-28 11:23:35,28000.0,1000,Buy,235423569
2024-08-28 11:23:35,28000.0,1000,Buy,235423560
2024-08-28 11:23:43,28000.0,5000,Buy,235423794
2024-08-28 11:23:43,27900.0,100,Sell,235423816
2024-08-28 11:24:09,28000.0,2000,Buy,235424540
2024-08-28 11:24:22,28000.0,2000,Buy,235425123
2024-08-28 11:24:25,28000.0,2000,Buy,235425176
2024-08-28 11:24:26,28000.0,1500,Sell,235425235
2024-08-28 11:25:15,28100.0,100,Buy,235426368
2024-08-28 11:25:23,28000.0,200,Sell,235426605
2024-08-28 11:25:26,28100.0,2800,Buy,235426663
2024-08-28 11:25:32,28100.0,3000,Buy,235426813
2024-08-28 11:25:51,28100.0,300,Buy,235427256
2024-08-28 11:25:55,28100.0,1000,Buy,235427351
2024-08-28 11:25:56,28100.0,200,Buy,235427379
2024-08-28 11:26:08,28100.0,500,Buy,235427655
2024-08-28 11:26:50,28000.0,3400,Sell,235428671
2024-08-28 11:28:08,28000.0,5000,Sell,235430644
2024-08-28 11:28:11,28000.0,3400,Sell,235430711
2024-08-28 11:28:27,28000.0,3400,Sell,235431247
2024-08-28 11:28:44,28000.0,10000,Sell,235431612
2024-08-28 11:28:51,28000.0,300,Sell,235431758
2024-08-28 11:28:52,28000.0,1500,Sell,235431768
2024-08-28 11:29:08,28000.0,1000,Sell,235432195
2024-08-28 11:29:10,28000.0,200,Sell,235432316
2024-08-28 11:29:11,28000.0,1700,Sell,235432340
2024-08-28 11:29:22,28000.0,900,Sell,235432659
2024-08-28 11:29:29,28000.0,500,Buy,235432808
2024-08-28 11:29:30,28000.0,1000,Buy,235432832
2024-08-28 13:00:05,28000.0,3600,Buy,235435376
2024-08-28 13:00:07,28000.0,1600,Buy,235436188
2024-08-28 13:00:09,27900.0,300,Sell,235436667
2024-08-28 13:00:10,28000.0,500,Buy,235437263
2024-08-28 13:00:11,28000.0,5800,Buy,235437532
2024-08-28 13:00:13,28000.0,400,Buy,235438056
2024-08-28 13:00:29,27900.0,300,Sell,235439094
2024-08-28 13:00:31,28000.0,2000,Buy,235439316
2024-08-28 13:00:35,28000.0,1000,Buy,235439551
2024-08-28 13:00:43,28000.0,100,Buy,235440207
2024-08-28 13:00:49,28000.0,200,Buy,235440377
2024-08-28 13:00:56,28000.0,6000,Buy,235440574
2024-08-28 13:01:01,28000.0,1000,Buy,235440786
2024-08-28 13:01:27,28000.0,100,Buy,235441421
2024-08-28 13:01:28,28000.0,10000,Buy,235441451
2024-08-28 13:02:34,27900.0,100,Sell,235443206
2024-08-28 13:02:43,28000.0,1000,Buy,235443451
2024-08-28 13:02:54,28000.0,300,Buy,235443847
2024-08-28 13:03:00,28000.0,200,Buy,235444137
2024-08-28 13:03:03,28000.0,800,Buy,235444216
2024-08-28 13:03:06,28000.0,200,Buy,235444287
2024-08-28 13:03:12,28000.0,17000,Buy,235444462
2024-08-28 13:03:17,28000.0,100,Buy,235444627
2024-08-28 13:03:19,28000.0,3000,Buy,235444693
2024-08-28 13:03:21,28000.0,100,Buy,235444753
2024-08-28 13:03:24,28000.0,200,Buy,235444844
2024-08-28 13:03:30,28000.0,100,Buy,235445000
2024-08-28 13:03:46,28000.0,20400,Sell,235445542
2024-08-28 13:04:14,28000.0,700,Sell,235446283
2024-08-28 13:04:21,28000.0,700,Sell,235446472
2024-08-28 13:05:03,28100.0,100,Buy,235447621
2024-08-28 13:05:44,28100.0,500,Buy,235448880
2024-08-28 13:05:46,28100.0,2000,Buy,235448917
2024-08-28 13:05:55,28100.0,200,Buy,235449173
2024-08-28 13:06:06,28100.0,100,Buy,235449465
2024-08-28 13:06:09,28100.0,5000,Buy,235449550
2024-08-28 13:06:14,28100.0,1000,Buy,235449687
2024-08-28 13:06:21,28100.0,1000,Buy,235449926
2024-08-28 13:06:23,28100.0,5000,Buy,235449988
2024-08-28 13:06:24,28100.0,1500,Buy,235450003
2024-08-28 13:06:31,28100.0,3700,Buy,235450159
2024-08-28 13:06:33,28100.0,1200,Buy,235450195
2024-08-28 13:06:45,28100.0,5000,Sell,235450522
2024-08-28 13:08:24,28200.0,2500,Buy,235452854
2024-08-28 13:08:53,28200.0,300,Buy,235453631
2024-08-28 13:09:10,28200.0,100,Buy,235454125
2024-08-28 13:09:42,28100.0,2100,Sell,235454851
2024-08-28 13:10:01,28100.0,1000,Sell,235455314
2024-08-28 13:10:14,28100.0,1700,Sell,235455625
2024-08-28 13:10:17,28100.0,2000,Sell,235455711
2024-08-28 13:10:48,28100.0,2200,Sell,235456549
2024-08-28 13:10:52,28100.0,300,Sell,235456608
2024-08-28 13:11:02,28100.0,3600,Buy,235456891
2024-08-28 13:11:58,28100.0,100,Buy,235458231
2024-08-28 13:12:02,28100.0,200,Buy,235458317
2024-08-28 13:12:12,28100.0,100,Buy,235458568
2024-08-28 13:12:16,28100.0,3100,Buy,235458621
2024-08-28 13:12:56,28100.0,3400,Sell,235459573
2024-08-28 13:13:00,28100.0,600,Sell,235459777
2024-08-28 13:13:18,28100.0,500,Sell,235460154
2024-08-28 13:14:27,28100.0,3500,Sell,235461862
2024-08-28 13:14:28,28100.0,1700,Sell,235461918
2024-08-28 13:14:47,28100.0,5000,Sell,235462406
2024-08-28 13:15:00,28200.0,100000,Buy,235462769
2024-08-28 13:15:20,28100.0,19200,Buy,235463309
2024-08-28 13:15:25,28100.0,200,Buy,235463406
2024-08-28 13:15:34,28100.0,300,Buy,235463632
2024-08-28 13:15:36,28100.0,800,Buy,235463675
2024-08-28 13:15:49,28100.0,3000,Buy,235463970
2024-08-28 13:15:51,28100.0,300,Buy,235464032
2024-08-28 13:15:52,28100.0,1200,Sell,235464049
2024-08-28 13:16:14,28100.0,200,Sell,235464600
2024-08-28 13:16:25,28100.0,1700,Sell,235464825
2024-08-28 13:16:31,28100.0,1000,Sell,235464948
2024-08-28 13:17:08,28100.0,100,Sell,235465818
2024-08-28 13:17:40,28100.0,100,Sell,235466636
2024-08-28 13:17:49,28200.0,200,Buy,235466886
2024-08-28 13:20:31,28100.0,1700,Sell,235470309
2024-08-28 13:20:56,28100.0,500,Sell,235470789
2024-08-28 13:21:09,28100.0,2000,Sell,235471122
2024-08-28 13:22:00,28100.0,500,Sell,235472212
2024-08-28 13:22:02,28100.0,1700,Sell,235472261
2024-08-28 13:22:34,28100.0,400,Sell,235472936
2024-08-28 13:22:37,28100.0,2300,Sell,235472996
2024-08-28 13:23:01,28100.0,100,Sell,235473460
2024-08-28 13:23:35,28100.0,100,Sell,235474256
2024-08-28 13:24:17,28200.0,200,Buy,235475133
2024-08-28 13:24:28,28100.0,100,Sell,235475384
2024-08-28 13:24:29,28200.0,100,Buy,235475447
2024-08-28 13:24:32,28200.0,3100,Buy,235475517
2024-08-28 13:24:51,28100.0,100,Sell,235475978
2024-08-28 13:24:59,28100.0,3400,Sell,235476136
2024-08-28 13:25:02,28200.0,5900,Buy,235476248
2024-08-28 13:25:05,28200.0,10000,Buy,235476372
2024-08-28 13:25:08,28200.0,600,Buy,235476437
2024-08-28 13:25:16,28200.0,3000,Buy,235476603
2024-08-28 13:25:17,28200.0,10000,Buy,235476619
2024-08-28 13:25:24,28100.0,3500,Sell,235476802
2024-08-28 13:25:25,28200.0,1000,Buy,235476833
2024-08-28 13:25:28,28200.0,1000,Buy,235476909
2024-08-28 13:25:30,28200.0,600,Buy,235476936
2024-08-28 13:25:32,28200.0,500,Buy,235477003
2024-08-28 13:25:33,28200.0,1000,Buy,235477073
2024-08-28 13:25:36,28200.0,11000,Buy,235477130
2024-08-28 13:25:37,28200.0,1000,Sell,235477151
2024-08-28 13:26:06,28300.0,1000,Buy,235478011
2024-08-28 13:26:12,28300.0,1000,Buy,235478170
2024-08-28 13:26:23,28300.0,7900,Buy,235478491
2024-08-28 13:26:24,28300.0,1600,Buy,235478534
2024-08-28 13:26:28,28300.0,8100,Sell,235478708
2024-08-28 13:26:40,28400.0,10000,Buy,235479183
2024-08-28 13:26:47,28400.0,4000,Buy,235479460
2024-08-28 13:26:55,28400.0,100,Buy,235479714
2024-08-28 13:26:58,28400.0,3300,Buy,235479935
2024-08-28 13:27:03,28400.0,100,Buy,235480144
2024-08-28 13:27:06,28400.0,100000,Buy,235480250
2024-08-28 13:27:11,28400.0,1000,Buy,235480481
2024-08-28 13:27:12,28400.0,8100,Sell,235480577
2024-08-28 13:27:17,28500.0,200,Buy,235480862
2024-08-28 13:27:49,28400.0,1000,Sell,235482220
2024-08-28 13:28:04,28500.0,1000,Buy,235482902
2024-08-28 13:28:05,28400.0,500,Sell,235483171
2024-08-28 13:28:09,28400.0,5000,Sell,235483309
2024-08-28 13:28:26,28400.0,100,Sell,235484068
2024-08-28 13:28:29,28400.0,4500,Sell,235484157
2024-08-28 13:29:01,28400.0,200,Sell,235485748
2024-08-28 13:29:47,28400.0,200,Sell,235488376
2024-08-28 13:29:54,28400.0,5000,Sell,235488747
2024-08-28 13:30:14,28500.0,1600,Buy,235489630
2024-08-28 13:30:26,28400.0,1000,Sell,235490241
2024-08-28 13:30:49,28500.0,500,Buy,235491153
2024-08-28 13:31:11,28400.0,1000,Sell,235492063
2024-08-28 13:31:31,28500.0,3000,Buy,235492617
2024-08-28 13:31:41,28500.0,100,Buy,235492924
2024-08-28 13:31:56,28500.0,5000,Buy,235493602
2024-08-28 13:32:00,28400.0,1000,Sell,235493719
2024-08-28 13:32:24,28400.0,5000,Sell,235494474
2024-08-28 13:32:31,28400.0,1500,Sell,235494724
2024-08-28 13:32:34,28400.0,2000,Sell,235494812
2024-08-28 13:32:38,28400.0,100,Sell,235494911
2024-08-28 13:32:40,28400.0,19400,ATO/ATC,235495006
2024-08-28 13:33:24,28400.0,2000,Buy,235496466
2024-08-28 13:33:35,28300.0,1800,Buy,235496898
2024-08-28 13:33:53,28200.0,8000,Sell,235497531
2024-08-28 13:34:56,28200.0,500,Sell,235499534
2024-08-28 13:35:00,28200.0,1000,Sell,235499631
2024-08-28 13:35:35,28200.0,2000,Sell,235500460
2024-08-28 13:36:53,28300.0,400,Buy,235502631
2024-08-28 13:37:24,28300.0,500,Buy,235503442
2024-08-28 13:38:35,28300.0,10000,Buy,235505001
2024-08-28 13:38:47,28300.0,100,Buy,235505253
2024-08-28 13:41:31,28200.0,100,Sell,235508465
2024-08-28 13:42:26,28200.0,100,Sell,235509653
2024-08-28 13:42:31,28300.0,3500,Buy,235509716
2024-08-28 13:42:38,28300.0,2000,Buy,235509831
2024-08-28 13:43:21,28200.0,100,Sell,235510695
2024-08-28 13:43:43,28300.0,1900,Buy,235511200
2024-08-28 13:44:16,28200.0,100,Sell,235511867
2024-08-28 13:44:19,28300.0,200,Buy,235511934
2024-08-28 13:45:01,28300.0,2000,Buy,235512852
2024-08-28 13:45:10,28200.0,100,Sell,235513087
2024-08-28 13:45:22,28300.0,200,Buy,235513384
2024-08-28 13:45:27,28200.0,3500,Sell,235513474
2024-08-28 13:45:50,28200.0,400,Sell,235513987
2024-08-28 13:46:05,28200.0,100,Sell,235514416
2024-08-28 13:47:00,28200.0,100,Sell,235515621
2024-08-28 13:47:56,28200.0,100,Sell,235517048
2024-08-28 13:47:59,28200.0,1000,Sell,235517124
2024-08-28 13:48:43,28200.0,5000,Sell,235518100
2024-08-28 13:48:49,28200.0,100,Sell,235518204
2024-08-28 13:49:11,28300.0,100,Buy,235518627
2024-08-28 13:49:28,28300.0,500,Buy,235518975
2024-08-28 13:49:45,28200.0,100,Sell,235519452
2024-08-28 13:49:54,28200.0,500,Sell,235519634
2024-08-28 13:49:59,28300.0,500,Buy,235519768
2024-08-28 13:50:21,28300.0,500,Buy,235520646
2024-08-28 13:50:40,28200.0,100,Sell,235521269
2024-08-28 13:51:00,28300.0,800,Buy,235521863
2024-08-28 13:51:04,28300.0,800,Buy,235522013
2024-08-28 13:51:06,28300.0,5000,Buy,235522071
2024-08-28 13:51:14,28300.0,4500,Buy,235522318
2024-08-28 13:51:16,28300.0,15300,Buy,235522406
2024-08-28 13:51:18,28300.0,500,Sell,235522480
2024-08-28 13:51:25,28300.0,500,Sell,235522715
2024-08-28 13:51:35,28300.0,100,Sell,235523161
2024-08-28 13:51:44,28300.0,3000,Sell,235523507
2024-08-28 13:51:46,28400.0,10000,Buy,235523623
2024-08-28 13:51:48,28400.0,700,Buy,235523665
2024-08-28 13:51:51,28400.0,2000,Buy,235523833
2024-08-28 13:51:53,28400.0,5000,Buy,235523899
2024-08-28 13:51:55,28400.0,500,Buy,235523981
2024-08-28 13:52:00,28400.0,500,Buy,235524154
2024-08-28 13:52:06,28400.0,10000,Buy,235524323
2024-08-28 13:52:07,28400.0,5500,Buy,235524375
2024-08-28 13:52:30,28400.0,400,Sell,235525292
2024-08-28 13:52:37,28500.0,150500,Buy,235525522
2024-08-28 13:52:41,28500.0,500,Sell,235525709
2024-08-28 13:52:46,28500.0,300,Sell,235525846
2024-08-28 13:52:55,28500.0,300,Sell,235526109
2024-08-28 13:53:01,28600.0,300,Buy,235526307
2024-08-28 13:53:05,28600.0,3000,Buy,235526424
2024-08-28 13:53:14,28600.0,100,Buy,235526649
2024-08-28 13:53:21,28600.0,10000,Buy,235526899
2024-08-28 13:53:23,28600.0,10100,Buy,235526987
2024-08-28 13:53:25,28500.0,100,Sell,235527101
2024-08-28 13:53:29,28500.0,1200,Sell,235527231
2024-08-28 13:53:40,28500.0,100,Sell,235527524
2024-08-28 13:53:50,28500.0,200,Sell,235527789
2024-08-28 13:54:04,28500.0,500,Sell,235528142
2024-08-28 13:54:19,28500.0,500,Sell,235528551
2024-08-28 13:54:20,28500.0,100,Sell,235528562
2024-08-28 13:54:24,28500.0,100,Sell,235528656
2024-08-28 13:54:35,28500.0,1000,Sell,235528952
2024-08-28 13:54:36,28500.0,1200,Sell,235528966
2024-08-28 13:54:54,28500.0,30000,Sell,235529394
2024-08-28 13:54:56,28500.0,13000,Sell,235529485
2024-08-28 13:54:58,28500.0,1000,Sell,235529546
2024-08-28 13:55:01,28500.0,1500,Sell,235529627
2024-08-28 13:55:13,28500.0,8000,Buy,235529935
2024-08-28 13:55:14,28400.0,10000,Sell,235529950
2024-08-28 13:55:15,28400.0,100,Sell,235530003
2024-08-28 13:55:48,28500.0,3000,Buy,235530834
2024-08-28 13:56:00,28500.0,3000,Buy,235531102
2024-08-28 13:56:10,28400.0,100,Sell,235531369
2024-08-28 13:56:17,28400.0,200,Sell,235531596
2024-08-28 13:56:26,28400.0,5000,Sell,235531802
2024-08-28 13:56:30,28400.0,1500,Sell,235531889
2024-08-28 13:56:39,28400.0,2000,Sell,235532161
2024-08-28 13:56:40,28400.0,100,Sell,235532184
2024-08-28 13:56:42,28400.0,400,Sell,235532276
2024-08-28 13:56:44,28400.0,10000,Sell,235532395
2024-08-28 13:56:48,28400.0,1000,Sell,235532514
2024-08-28 13:56:58,28300.0,25300,Sell,235532803
2024-08-28 13:57:05,28200.0,100,Sell,235533013
2024-08-28 13:57:09,28300.0,3600,Buy,235533197
2024-08-28 13:57:56,28300.0,9400,Sell,235534664
2024-08-28 13:58:00,28200.0,100,Sell,235534764
2024-08-28 13:58:19,28200.0,500,Sell,235535289
2024-08-28 13:58:28,28200.0,10000,Sell,235535565
2024-08-28 13:58:55,28200.0,100,Sell,235536286
2024-08-28 13:59:13,28200.0,3000,Sell,235536822
2024-08-28 13:59:16,28200.0,3000,Sell,235536939
2024-08-28 13:59:50,28200.0,100,Sell,235537753
2024-08-28 13:59:59,28200.0,200,Sell,235538012
2024-08-28 14:00:45,28200.0,100,Sell,235539707
2024-08-28 14:01:39,28200.0,100,Sell,235541815
2024-08-28 14:01:54,28200.0,12000,Sell,235542325
2024-08-28 14:02:34,28200.0,100,Sell,235543453
2024-08-28 14:03:11,28300.0,500,Buy,235544625
2024-08-28 14:03:12,28200.0,22800,Sell,235544651
2024-08-28 14:03:14,28200.0,2200,ATO/ATC,235544714
2024-08-28 14:03:29,28200.0,100,Sell,235545150
2024-08-28 14:04:09,28200.0,500,Sell,235546247
2024-08-28 14:04:24,28200.0,100,Sell,235546853
2024-08-28 14:04:53,28200.0,1700,Buy,235547660
2024-08-28 14:05:14,28100.0,1000,Sell,235548411
2024-08-28 14:05:19,28200.0,200,Buy,235548509
2024-08-28 14:05:29,28200.0,800,Buy,235548782
2024-08-28 14:05:33,28200.0,1400,Sell,235548848
2024-08-28 14:06:14,28200.0,100,Sell,235549955
2024-08-28 14:06:53,28200.0,2000,Sell,235551026
2024-08-28 14:07:09,28200.0,100,Sell,235551356
2024-08-28 14:08:04,28200.0,100,Sell,235552779
2024-08-28 14:08:08,28300.0,100,Buy,235552860
2024-08-28 14:08:17,28300.0,5000,Buy,235553036
2024-08-28 14:08:22,28300.0,500,Buy,235553222
2024-08-28 14:08:26,28300.0,1400,Sell,235553371
2024-08-28 14:08:50,28300.0,10000,Sell,235553987
2024-08-28 14:08:59,28300.0,100,Sell,235554208
2024-08-28 14:09:08,28400.0,500,Buy,235554490
2024-08-28 14:09:18,28400.0,500,Buy,235554871
2024-08-28 14:09:54,28300.0,100,Sell,235555823
2024-08-28 14:10:12,28400.0,5000,Buy,235556278
2024-08-28 14:10:25,28500.0,9000,Buy,235556643
2024-08-28 14:10:49,28400.0,100,Sell,235557204
2024-08-28 14:10:54,28500.0,9000,Buy,235557323
2024-08-28 14:11:37,28500.0,70000,Buy,235558300
2024-08-28 14:11:43,28400.0,100,Sell,235558426
2024-08-28 14:11:58,28500.0,500,Buy,235558741
2024-08-28 14:12:00,28500.0,500,Buy,235558788
2024-08-28 14:12:02,28500.0,3000,Buy,235558855
2024-08-28 14:12:05,28500.0,100,Buy,235558907
2024-08-28 14:12:27,28500.0,500,Buy,235559497
2024-08-28 14:12:38,28400.0,100,Sell,235559781
2024-08-28 14:13:33,28400.0,100,Sell,235561116
2024-08-28 14:14:14,28500.0,1000,Buy,235562272
2024-08-28 14:14:27,28400.0,100,Sell,235562595
2024-08-28 14:15:09,28200.0,50000,Sell,235563597
2024-08-28 14:15:23,28200.0,100,Sell,235563953
2024-08-28 14:16:17,28300.0,100,Sell,235565491
2024-08-28 14:16:37,28400.0,500,Buy,235566077
2024-08-28 14:16:54,28400.0,700,Buy,235566595
2024-08-28 14:17:06,28400.0,100,Buy,235566877
2024-08-28 14:17:13,28300.0,100,Sell,235567149
2024-08-28 14:18:01,28300.0,19900,Buy,235568856
2024-08-28 14:18:08,28200.0,100,Sell,235569047
2024-08-28 14:18:09,28300.0,100,ATO/ATC,235569062
2024-08-28 14:18:57,28300.0,1200,Sell,235570323
2024-08-28 14:19:03,28300.0,100,Sell,235570459
2024-08-28 14:19:05,28300.0,4600,Sell,235570512
2024-08-28 14:19:08,28300.0,10400,ATO/ATC,235570585
2024-08-28 14:19:16,28300.0,500,Buy,235570738
2024-08-28 14:19:48,28300.0,100,Buy,235571705
2024-08-28 14:19:50,28300.0,500,Buy,235571812
2024-08-28 14:19:52,28300.0,2000,Buy,235572264
2024-08-28 14:19:57,28300.0,100,Buy,235572476
2024-08-28 14:19:58,28300.0,100,Sell,235572500
2024-08-28 14:20:23,28300.0,500,Sell,235573496
2024-08-28 14:21:31,28400.0,500,Buy,235575806
2024-08-28 14:21:46,28400.0,5000,Buy,235576209
2024-08-28 14:21:48,28400.0,300,Sell,235576258
2024-08-28 14:22:20,28400.0,200,Sell,235577295
2024-08-28 14:22:38,28400.0,100,ATO/ATC,235577802
2024-08-28 14:23:26,28400.0,3000,Buy,235579452
2024-08-28 14:23:29,28300.0,6100,Sell,235579507
2024-08-28 14:24:14,28400.0,500,Buy,235581304
2024-08-28 14:24:17,28300.0,1000,Sell,235581411
2024-08-28 14:24:18,28400.0,2000,Buy,235581441
2024-08-28 14:24:41,28400.0,1500,Buy,235582370
2024-08-28 14:24:52,28400.0,500,Buy,235582903
2024-08-28 14:25:36,28400.0,300,Buy,235584554
2024-08-28 14:25:57,28400.0,500,Buy,235585252
2024-08-28 14:26:16,28300.0,100,Sell,235585977
2024-08-28 14:26:25,28300.0,19600,Sell,235586410
2024-08-28 14:26:26,28400.0,100,Buy,235586471
2024-08-28 14:26:42,28400.0,500,Buy,235587236
2024-08-28 14:26:58,28300.0,400,Sell,235587855
2024-08-28 14:27:23,28400.0,100,Buy,235588918
2024-08-28 14:27:49,28300.0,300,Sell,235590060
2024-08-28 14:28:12,28400.0,100,Buy,235590973
2024-08-28 14:28:58,28300.0,500,Sell,235593042
2024-08-28 14:29:10,28300.0,800,Sell,235593689
2024-08-28 14:29:17,28300.0,2300,Sell,235594104
2024-08-28 14:29:20,28300.0,200,Sell,235594297
2024-08-28 14:29:25,28400.0,5000,Buy,235594533
2024-08-28 14:29:41,28400.0,2000,Buy,235595239
2024-08-28 14:45:08,28200.0,91900,Sell,235597066
2024-08-28 14:49:13,28200.0,100,Buy,235597332
