time,price,volume,match_type,id
2024-07-30 09:00:08,31100.0,500,Buy,227137230
2024-07-30 09:00:12,31200.0,500,Buy,227137259
2024-07-30 09:00:13,30800.0,5000,Sell,227137270
2024-07-30 09:00:15,31200.0,500,Buy,227137294
2024-07-30 09:00:24,31000.0,500,Sell,227137381
2024-07-30 09:00:26,31000.0,2000,Sell,227137394
2024-07-30 09:01:32,31000.0,200,Sell,227137557
2024-07-30 09:02:06,31000.0,1400,Buy,227137642
2024-07-30 09:03:30,30900.0,2500,Buy,227137848
2024-07-30 09:04:06,30900.0,100,Buy,227137931
2024-07-30 09:04:14,30900.0,1000,Buy,227137954
2024-07-30 09:04:39,30900.0,100,Buy,227138013
2024-07-30 09:04:46,30900.0,2000,Buy,227138026
2024-07-30 09:04:51,30900.0,600,Sell,227138039
2024-07-30 09:05:57,31000.0,100,Buy,227138188
2024-07-30 09:06:41,31100.0,300,Buy,227138293
2024-07-30 09:06:42,31000.0,500,Sell,227138297
2024-07-30 09:07:24,31000.0,3000,Sell,227138399
2024-07-30 09:08:12,31000.0,7000,Sell,227138512
2024-07-30 09:10:04,31100.0,2000,Buy,227138773
2024-07-30 09:10:20,31100.0,100,Buy,227138818
2024-07-30 09:10:57,31100.0,1900,Sell,227138905
2024-07-30 09:11:20,31100.0,200,Sell,227138962
2024-07-30 09:12:06,31100.0,1500,Sell,227139069
2024-07-30 09:12:07,31100.0,6400,Sell,227139072
2024-07-30 09:12:35,31100.0,10900,Buy,227139138
2024-07-30 09:12:46,31100.0,9100,Buy,227139163
2024-07-30 09:13:35,31100.0,100,Buy,227139293
2024-07-30 09:13:40,31100.0,500,Buy,227139304
2024-07-30 09:15:08,31100.0,100,Buy,227139940
2024-07-30 09:15:21,31000.0,10000,Sell,227140288
2024-07-30 09:15:48,31000.0,2000,Buy,227141564
2024-07-30 09:15:51,31000.0,300,Buy,227141670
2024-07-30 09:15:54,31000.0,400,Buy,227141758
2024-07-30 09:16:48,31000.0,1000,Buy,227143266
2024-07-30 09:16:56,30900.0,6300,Sell,227143498
2024-07-30 09:18:04,30900.0,500,Sell,227145823
2024-07-30 09:18:06,30900.0,200,Sell,227145905
2024-07-30 09:18:07,31000.0,800,Buy,227145941
2024-07-30 09:18:09,31000.0,500,Buy,227146096
2024-07-30 09:18:13,30900.0,1100,Sell,227146303
2024-07-30 09:18:42,31000.0,10000,Buy,227147352
2024-07-30 09:19:11,30900.0,2000,Sell,227148369
2024-07-30 09:19:20,31000.0,400,Sell,227148722
2024-07-30 09:19:40,31000.0,100,Sell,227149465
2024-07-30 09:19:46,31000.0,500,Sell,227149641
2024-07-30 09:19:57,31000.0,2400,Sell,227150000
2024-07-30 09:19:59,31000.0,2500,Sell,227150085
2024-07-30 09:20:00,31000.0,10000,Sell,227150129
2024-07-30 09:20:07,31000.0,2000,Sell,227150367
2024-07-30 09:20:08,31000.0,100,Sell,227150391
2024-07-30 09:20:10,31000.0,15900,Buy,227150438
2024-07-30 09:20:20,31000.0,500,Sell,227150874
2024-07-30 09:20:24,31000.0,500,Buy,227150972
2024-07-30 09:20:44,31000.0,3000,Buy,227151564
2024-07-30 09:21:06,30900.0,100,Sell,227152229
2024-07-30 09:21:11,30900.0,300,Sell,227152373
2024-07-30 09:21:18,30900.0,7800,Sell,227152574
2024-07-30 09:21:37,30900.0,3100,Sell,227153127
2024-07-30 09:21:40,30900.0,100,Sell,227153226
2024-07-30 09:21:42,30900.0,3400,Sell,227153297
2024-07-30 09:21:44,30900.0,100,Sell,227153322
2024-07-30 09:21:46,30900.0,100,Sell,227153379
2024-07-30 09:21:58,30900.0,500,Sell,227153780
2024-07-30 09:22:03,30900.0,3500,Sell,227153904
2024-07-30 09:22:07,30900.0,700,Sell,227154029
2024-07-30 09:22:13,30900.0,4500,Sell,227154208
2024-07-30 09:22:21,30900.0,2100,Sell,227154413
2024-07-30 09:22:25,30900.0,100,Buy,227154506
2024-07-30 09:22:30,30900.0,300,Buy,227154685
2024-07-30 09:22:37,30800.0,500,Sell,227154878
2024-07-30 09:22:51,30900.0,1000,Buy,227155245
2024-07-30 09:22:55,30900.0,300,Buy,227155353
2024-07-30 09:22:58,30900.0,100,Buy,227155426
2024-07-30 09:23:04,30900.0,7000,Buy,227155566
2024-07-30 09:23:10,30900.0,1000,Buy,227155801
2024-07-30 09:23:14,30900.0,5000,Buy,227155930
2024-07-30 09:23:21,30900.0,900,Buy,227156172
2024-07-30 09:23:40,30900.0,100,Buy,227156757
2024-07-30 09:24:09,30900.0,1000,Buy,227157543
2024-07-30 09:24:28,30900.0,1000,Buy,227158023
2024-07-30 09:24:30,30900.0,200,Buy,227158095
2024-07-30 09:24:35,30900.0,100,Buy,227158220
2024-07-30 09:24:42,30800.0,1800,Sell,227158415
2024-07-30 09:24:45,30800.0,600,Sell,227158483
2024-07-30 09:24:55,30800.0,100,Sell,227158704
2024-07-30 09:24:59,30800.0,2400,Sell,227158795
2024-07-30 09:25:13,30900.0,200,Buy,227159188
2024-07-30 09:25:18,30800.0,300,Sell,227159338
2024-07-30 09:25:26,30900.0,5000,Buy,227159606
2024-07-30 09:25:55,30900.0,200,Buy,227160351
2024-07-30 09:26:09,30800.0,12200,Sell,227160748
2024-07-30 09:26:49,30900.0,800,Buy,227161820
2024-07-30 09:27:15,30900.0,200,Buy,227162525
2024-07-30 09:27:17,30800.0,300,Sell,227162598
2024-07-30 09:27:18,30800.0,1000,Sell,227162610
2024-07-30 09:27:27,30800.0,100,Sell,227162904
2024-07-30 09:27:42,30900.0,100,Buy,227163311
2024-07-30 09:27:46,30800.0,200,Sell,227163409
2024-07-30 09:27:48,30900.0,500,Buy,227163582
2024-07-30 09:27:53,30900.0,3900,Buy,227163728
2024-07-30 09:27:57,30900.0,100,Buy,227163860
2024-07-30 09:28:04,30900.0,500,Buy,227163995
2024-07-30 09:28:13,30900.0,500,Buy,227164233
2024-07-30 09:28:14,30900.0,500,Buy,227164280
2024-07-30 09:28:20,30800.0,55500,Buy,227164477
2024-07-30 09:28:22,30800.0,200,Buy,227164510
2024-07-30 09:28:24,30800.0,1000,Buy,227164568
2024-07-30 09:28:26,30800.0,1200,Buy,227164643
2024-07-30 09:28:28,30800.0,300,Buy,227164692
2024-07-30 09:28:30,30800.0,1000,Buy,227164752
2024-07-30 09:28:31,30800.0,200,Buy,227164783
2024-07-30 09:28:34,30800.0,800,Buy,227164856
2024-07-30 09:28:35,30800.0,5000,Buy,227164870
2024-07-30 09:28:38,30800.0,3000,Buy,227164962
2024-07-30 09:28:39,30700.0,500,Sell,227164977
2024-07-30 09:28:43,30800.0,5000,Buy,227165085
2024-07-30 09:28:46,30800.0,500,Buy,227165222
2024-07-30 09:28:57,30800.0,100,Buy,227165590
2024-07-30 09:29:08,30800.0,8800,Buy,227165958
2024-07-30 09:29:09,30800.0,5000,Sell,227165993
2024-07-30 09:29:23,30900.0,100,Buy,227166520
2024-07-30 09:29:35,30900.0,100,Buy,227166939
2024-07-30 09:29:41,30900.0,500,Buy,227167158
2024-07-30 09:29:49,30900.0,200,Buy,227167464
2024-07-30 09:29:51,30900.0,11700,Sell,227167517
2024-07-30 09:29:55,30900.0,9700,Sell,227167658
2024-07-30 09:30:05,30900.0,1000,Buy,227168005
2024-07-30 09:30:16,30900.0,200,Buy,227168406
2024-07-30 09:30:21,30900.0,400,Buy,227168518
2024-07-30 09:30:23,30900.0,100,Buy,227168576
2024-07-30 09:30:28,30900.0,100,Buy,227168890
2024-07-30 09:30:33,30900.0,1000,Buy,227169018
2024-07-30 09:30:36,30900.0,500,Buy,227169126
2024-07-30 09:31:14,30900.0,15600,Buy,227170330
2024-07-30 09:31:33,30900.0,200,Sell,227170903
2024-07-30 09:32:30,30900.0,1000,Sell,227172613
2024-07-30 09:33:27,31000.0,400,Buy,227174245
2024-07-30 09:33:28,30900.0,400,Sell,227174273
2024-07-30 09:33:44,30900.0,100,Sell,227174609
2024-07-30 09:34:13,31000.0,2000,Buy,227175372
2024-07-30 09:34:18,30900.0,500,Sell,227175517
2024-07-30 09:35:34,30900.0,11000,Sell,227177394
2024-07-30 09:36:07,30900.0,4200,Sell,227178197
2024-07-30 09:36:39,31000.0,2000,Buy,227178883
2024-07-30 09:37:19,31000.0,1500,Buy,227179788
2024-07-30 09:37:23,31000.0,300,Buy,227179874
2024-07-30 09:37:32,31000.0,100,Buy,227180081
2024-07-30 09:37:44,30900.0,2000,Sell,227180393
2024-07-30 09:37:47,31000.0,100,Buy,227180464
2024-07-30 09:39:23,30900.0,1500,Sell,227182581
2024-07-30 09:39:43,30900.0,800,Sell,227183067
2024-07-30 09:39:48,31000.0,4000,Buy,227183156
2024-07-30 09:40:12,30900.0,2000,Sell,227183621
2024-07-30 09:40:23,31000.0,1000,Buy,227183818
2024-07-30 09:41:36,31000.0,1200,Buy,227185425
2024-07-30 09:41:37,31000.0,1000,Buy,227185473
2024-07-30 09:41:56,31000.0,100,Buy,227185865
2024-07-30 09:41:59,31000.0,5000,Buy,227185927
2024-07-30 09:42:00,31000.0,100,Buy,227185942
2024-07-30 09:42:08,31000.0,400,Buy,227186072
2024-07-30 09:42:13,31000.0,100,Buy,227186218
2024-07-30 09:42:24,30900.0,3000,Sell,227186403
2024-07-30 09:42:26,31000.0,3000,Buy,227186445
2024-07-30 09:42:29,30900.0,100,Sell,227186509
2024-07-30 09:42:55,30900.0,7000,Sell,227186853
2024-07-30 09:42:56,31000.0,100,Buy,227186886
2024-07-30 09:43:10,30900.0,800,Sell,227187161
2024-07-30 09:43:58,30900.0,500,Sell,227188270
2024-07-30 09:44:12,30900.0,200,Sell,227188546
2024-07-30 09:44:36,30900.0,12700,Buy,227189040
2024-07-30 09:44:47,30900.0,1300,Sell,227189271
2024-07-30 09:44:50,30900.0,300,Sell,227189339
2024-07-30 09:44:55,30900.0,1400,Buy,227189468
2024-07-30 09:45:38,30800.0,10000,Sell,227190334
2024-07-30 09:45:49,30800.0,10000,Sell,227190491
2024-07-30 09:45:57,30800.0,10000,Sell,227190650
2024-07-30 09:46:05,30800.0,10000,Sell,227190837
2024-07-30 09:46:13,30800.0,10000,Sell,227191004
2024-07-30 09:46:15,30700.0,10000,Sell,227191048
2024-07-30 09:46:21,30900.0,300,Buy,227191193
2024-07-30 09:46:30,30700.0,20000,Sell,227191360
2024-07-30 09:46:35,30800.0,500,Sell,227191432
2024-07-30 09:46:40,30900.0,300,Buy,227191514
2024-07-30 09:46:48,30900.0,100,Buy,227191800
2024-07-30 09:47:36,30800.0,200,Sell,227192950
2024-07-30 09:48:14,30900.0,200,Buy,227193799
2024-07-30 09:48:45,30900.0,500,Buy,227194826
2024-07-30 09:49:31,30800.0,5500,Sell,227195734
2024-07-30 09:49:44,30800.0,1900,Sell,227195999
2024-07-30 09:51:16,30900.0,3000,Buy,227198223
2024-07-30 09:51:46,30900.0,5000,Buy,227198829
2024-07-30 09:52:24,30900.0,100,Buy,227199762
2024-07-30 09:52:25,30900.0,5600,Buy,227199792
2024-07-30 09:52:51,30800.0,1000,Sell,227200276
2024-07-30 09:52:59,30800.0,400,Sell,227200474
2024-07-30 09:53:09,30800.0,26400,Sell,227200659
2024-07-30 09:54:24,30800.0,1400,Sell,227202179
2024-07-30 09:55:12,30800.0,1000,Sell,227203206
2024-07-30 09:55:33,30800.0,1100,Sell,227203609
2024-07-30 09:56:58,30800.0,500,Sell,227205304
2024-07-30 09:57:14,30900.0,800,Buy,227205663
2024-07-30 09:57:30,30800.0,38800,Buy,227206017
2024-07-30 09:57:32,30800.0,100,Buy,227206059
2024-07-30 09:59:12,30800.0,2000,Buy,227207929
2024-07-30 09:59:45,30800.0,5000,Buy,227208630
2024-07-30 10:00:22,30800.0,1500,Buy,227209383
2024-07-30 10:00:39,30800.0,300,Buy,227209805
2024-07-30 10:00:51,30800.0,1000,Buy,227210025
2024-07-30 10:00:59,30800.0,500,Buy,227210113
2024-07-30 10:01:04,30700.0,4000,Sell,227210204
2024-07-30 10:01:07,30800.0,100,Buy,227210253
2024-07-30 10:01:18,30800.0,500,Buy,227210402
2024-07-30 10:01:43,30800.0,100,Buy,227210875
2024-07-30 10:01:44,30800.0,1000,Buy,227210896
2024-07-30 10:02:09,30800.0,500,Buy,227211328
2024-07-30 10:02:34,30800.0,300,Buy,227211763
2024-07-30 10:02:54,30800.0,200,Buy,227212051
2024-07-30 10:03:42,30800.0,100,Buy,227212903
2024-07-30 10:04:04,30700.0,15000,Sell,227213264
2024-07-30 10:04:21,30700.0,6600,Sell,227213551
2024-07-30 10:05:55,30700.0,23000,Sell,227215186
2024-07-30 10:06:12,30700.0,500,Sell,227215459
2024-07-30 10:06:50,30700.0,300,Sell,227216002
2024-07-30 10:06:52,30700.0,400,Sell,227216018
2024-07-30 10:07:02,30800.0,100,Buy,227216242
2024-07-30 10:07:21,30700.0,12000,Sell,227216944
2024-07-30 10:07:38,30700.0,11700,Sell,227217168
2024-07-30 10:08:00,30700.0,1000,Sell,227217540
2024-07-30 10:08:12,30700.0,400,Sell,227217868
2024-07-30 10:08:27,30700.0,100,Sell,227218146
2024-07-30 10:09:57,30800.0,200,Buy,227219410
2024-07-30 10:10:11,30700.0,300,Sell,227219611
2024-07-30 10:10:22,30700.0,10000,Sell,227219805
2024-07-30 10:10:24,30700.0,800,Sell,227219844
2024-07-30 10:10:40,30700.0,200,Sell,227220080
2024-07-30 10:10:42,30700.0,100,Sell,227220150
2024-07-30 10:12:05,30700.0,1000,Sell,227221331
2024-07-30 10:12:54,30700.0,200,Sell,227221969
2024-07-30 10:12:56,30700.0,1000,Sell,227222005
2024-07-30 10:13:05,30700.0,1000,Sell,227222151
2024-07-30 10:13:30,30700.0,100,Sell,227222529
2024-07-30 10:13:41,30700.0,10300,Sell,227222692
2024-07-30 10:14:23,30700.0,200,Sell,227223364
2024-07-30 10:14:24,30700.0,5000,Sell,227223403
2024-07-30 10:14:29,30700.0,6000,Sell,227223478
2024-07-30 10:14:50,30700.0,5000,Sell,227223829
2024-07-30 10:14:54,30700.0,400,Buy,227223905
2024-07-30 10:14:58,30700.0,1200,Sell,227223998
2024-07-30 10:15:10,30700.0,1000,Buy,227224204
2024-07-30 10:15:16,30700.0,100,Buy,227224296
2024-07-30 10:15:21,30700.0,100,Buy,227224360
2024-07-30 10:15:27,30700.0,700,Buy,227224464
2024-07-30 10:15:36,30700.0,200,Sell,227224652
2024-07-30 10:15:57,30700.0,700,Sell,227225156
2024-07-30 10:16:11,30700.0,300,Sell,227225416
2024-07-30 10:16:28,30700.0,200,Sell,227225662
2024-07-30 10:16:30,30700.0,500,Sell,227225679
2024-07-30 10:16:35,30700.0,1000,Sell,227225771
2024-07-30 10:16:49,30700.0,3000,Sell,227225924
2024-07-30 10:17:03,30700.0,500,Sell,227226172
2024-07-30 10:17:16,30700.0,1000,Sell,227226399
2024-07-30 10:18:41,30800.0,4000,Buy,227227687
2024-07-30 10:19:03,30800.0,1000,Buy,227228076
2024-07-30 10:19:46,30800.0,500,Buy,227229015
2024-07-30 10:20:59,30800.0,300,Buy,227230348
2024-07-30 10:21:47,30800.0,1000,Buy,227231105
2024-07-30 10:22:09,30800.0,300,Buy,227231345
2024-07-30 10:22:11,30700.0,2500,Sell,227231404
2024-07-30 10:22:23,30700.0,1300,Sell,227231760
2024-07-30 10:24:47,30700.0,2500,Sell,227234576
2024-07-30 10:25:17,30700.0,15500,Sell,227235093
2024-07-30 10:25:45,30700.0,800,Buy,227235738
2024-07-30 10:26:12,30700.0,800,Sell,227236092
2024-07-30 10:26:44,30700.0,1000,Sell,227236505
2024-07-30 10:27:03,30700.0,300,Sell,227236788
2024-07-30 10:27:12,30700.0,1400,Sell,227236895
2024-07-30 10:27:17,30600.0,5000,Sell,227236956
2024-07-30 10:27:18,30700.0,100,Buy,227236961
2024-07-30 10:27:19,30600.0,200,Sell,227236972
2024-07-30 10:28:11,30700.0,1000,Buy,227237724
2024-07-30 10:28:12,30700.0,1000,Buy,227237753
2024-07-30 10:28:18,30700.0,100,Buy,227237838
2024-07-30 10:28:26,30700.0,100,Buy,227237979
2024-07-30 10:28:38,30600.0,100,Sell,227238130
2024-07-30 10:28:42,30700.0,200,Buy,227238184
2024-07-30 10:28:48,30700.0,4800,Buy,227238240
2024-07-30 10:28:50,30700.0,100,Buy,227238262
2024-07-30 10:29:00,30700.0,1000,Buy,227238375
2024-07-30 10:29:01,30700.0,1200,Buy,227238390
2024-07-30 10:29:12,30700.0,500,Buy,227238526
2024-07-30 10:29:23,30700.0,500,Buy,227238628
2024-07-30 10:29:30,30700.0,200,Buy,227238696
2024-07-30 10:29:57,30700.0,100,Buy,227239024
2024-07-30 10:30:04,30700.0,500,Buy,227239105
2024-07-30 10:30:33,30700.0,3100,Buy,227239487
2024-07-30 10:30:47,30700.0,700,Buy,227239673
2024-07-30 10:30:53,30700.0,100,Buy,227239773
2024-07-30 10:31:37,30700.0,300,Buy,227240374
2024-07-30 10:32:02,30700.0,2100,Buy,227240769
2024-07-30 10:32:13,30700.0,200,Buy,227240896
2024-07-30 10:32:28,30600.0,1500,Sell,227241103
2024-07-30 10:32:38,30700.0,100,Buy,227241198
2024-07-30 10:32:55,30700.0,100,Buy,227241408
2024-07-30 10:33:30,30700.0,5700,Buy,227241919
2024-07-30 10:33:34,30700.0,10000,Buy,227241973
2024-07-30 10:34:23,30700.0,600,Buy,227242771
2024-07-30 10:34:24,30600.0,1000,Sell,227242789
2024-07-30 10:35:22,30700.0,100,Buy,227243697
2024-07-30 10:35:24,30700.0,100,Buy,227243740
2024-07-30 10:35:40,30700.0,1500,Buy,227244002
2024-07-30 10:35:42,30700.0,300,Buy,227244040
2024-07-30 10:35:46,30700.0,500,Buy,227244110
2024-07-30 10:36:27,30700.0,100,Buy,227244779
2024-07-30 10:36:29,30700.0,200,Buy,227244800
2024-07-30 10:37:04,30700.0,100,Buy,227245405
2024-07-30 10:37:34,30700.0,300,Buy,227245838
2024-07-30 10:37:37,30700.0,500,Buy,227245878
2024-07-30 10:38:00,30700.0,100,Buy,227246333
2024-07-30 10:38:45,30700.0,100,Buy,227247148
2024-07-30 10:39:51,30700.0,100,Buy,227248532
2024-07-30 10:40:11,30700.0,500,Buy,227248846
2024-07-30 10:40:16,30700.0,100,Buy,227248901
2024-07-30 10:40:34,30700.0,200,Buy,227249160
2024-07-30 10:41:18,30700.0,38500,Sell,227249749
2024-07-30 10:41:46,30700.0,400,Sell,227250167
2024-07-30 10:42:00,30700.0,4700,Sell,227250366
2024-07-30 10:42:02,30700.0,3000,Sell,227250385
2024-07-30 10:42:16,30700.0,6600,Buy,227250634
2024-07-30 10:42:27,30700.0,10000,Buy,227250852
2024-07-30 10:42:30,30700.0,200,Buy,227250912
2024-07-30 10:42:57,30700.0,100,Buy,227251295
2024-07-30 10:43:01,30700.0,3900,Buy,227251399
2024-07-30 10:43:04,30700.0,100,Buy,227251451
2024-07-30 10:43:05,30700.0,5800,Sell,227251467
2024-07-30 10:43:34,30700.0,1500,Sell,227251938
2024-07-30 10:43:57,30800.0,900,Buy,227252336
2024-07-30 10:45:59,30800.0,100,Buy,227254235
2024-07-30 10:46:06,30800.0,200,Buy,227254355
2024-07-30 10:46:21,30800.0,100,Buy,227254641
2024-07-30 10:46:48,30700.0,3700,Sell,227255078
2024-07-30 10:47:31,30800.0,100,Buy,227255747
2024-07-30 10:48:20,30800.0,400,Buy,227256551
2024-07-30 10:48:59,30800.0,100,Buy,227257144
2024-07-30 10:50:03,30800.0,1000,Buy,227258098
2024-07-30 10:50:20,30800.0,14400,Buy,227258385
2024-07-30 10:51:12,30700.0,50000,Sell,227259364
2024-07-30 10:51:59,30800.0,3000,Buy,227260109
2024-07-30 10:52:41,30800.0,1000,Buy,227260671
2024-07-30 10:53:09,30800.0,100,Buy,227261084
2024-07-30 10:53:39,30700.0,20000,Sell,227261503
2024-07-30 10:53:45,30800.0,500,Buy,227261559
2024-07-30 10:54:04,30700.0,3000,Sell,227261822
2024-07-30 10:54:31,30700.0,500,Sell,227262222
2024-07-30 10:55:14,30700.0,200,Sell,227263168
2024-07-30 10:55:24,30700.0,9700,Buy,227263513
2024-07-30 10:55:26,30700.0,100,Buy,227263556
2024-07-30 10:55:36,30700.0,100,Buy,227263711
2024-07-30 10:55:39,30700.0,100,Buy,227263776
2024-07-30 10:56:22,30700.0,300,Sell,227264600
2024-07-30 10:56:42,30700.0,400,Sell,227264834
2024-07-30 10:57:04,30700.0,1500,Sell,227265134
2024-07-30 10:58:45,30700.0,100,Buy,227266738
2024-07-30 10:58:49,30700.0,100,Buy,227266901
2024-07-30 10:58:58,30700.0,500,Buy,227267383
2024-07-30 10:59:02,30700.0,100,Buy,227267518
2024-07-30 10:59:05,30700.0,500,Buy,227267611
2024-07-30 10:59:22,30700.0,200,Buy,227267980
2024-07-30 11:00:06,30700.0,400,Sell,227268570
2024-07-30 11:00:20,30700.0,200,Sell,227268849
2024-07-30 11:00:36,30700.0,100,Buy,227269109
2024-07-30 11:01:40,30700.0,1000,Sell,227270351
2024-07-30 11:02:20,30700.0,15000,Sell,227271044
2024-07-30 11:02:32,30800.0,300,Buy,227271244
2024-07-30 11:03:15,30700.0,500,Sell,227271946
2024-07-30 11:04:38,30700.0,200,Sell,227273300
2024-07-30 11:05:11,30700.0,600,Sell,227273987
2024-07-30 11:06:04,30700.0,300,Sell,227274802
2024-07-30 11:06:35,30700.0,2400,Buy,227275344
2024-07-30 11:07:47,30700.0,100,Buy,227276514
2024-07-30 11:08:22,30700.0,1000,Buy,227277219
2024-07-30 11:08:45,30700.0,100,Buy,227277522
2024-07-30 11:08:58,30700.0,100,Buy,227277729
2024-07-30 11:09:43,30700.0,500,Buy,227278358
2024-07-30 11:09:45,30700.0,2000,Buy,227278375
2024-07-30 11:09:50,30700.0,100,Buy,227278453
2024-07-30 11:09:51,30700.0,100,Buy,227278473
2024-07-30 11:09:57,30600.0,100,Sell,227278581
2024-07-30 11:10:04,30700.0,300,Buy,227278667
2024-07-30 11:10:56,30700.0,200,Buy,227279555
2024-07-30 11:11:20,30600.0,1000,Sell,227280052
2024-07-30 11:12:26,30700.0,200,Buy,227281269
2024-07-30 11:12:55,30700.0,200,Buy,227281664
2024-07-30 11:13:25,30700.0,100,Buy,227282076
2024-07-30 11:13:33,30700.0,100,Buy,227282182
2024-07-30 11:14:06,30700.0,100,Buy,227282624
2024-07-30 11:14:18,30700.0,500,Buy,227282877
2024-07-30 11:14:23,30600.0,500,Sell,227283051
2024-07-30 11:14:54,30700.0,100,Buy,227283457
2024-07-30 11:16:25,30700.0,1200,Buy,227284969
2024-07-30 11:16:45,30700.0,200,Buy,227285219
2024-07-30 11:16:48,30700.0,600,Buy,227285258
2024-07-30 11:17:01,30700.0,100,Buy,227285622
2024-07-30 11:17:08,30700.0,200,Buy,227285723
2024-07-30 11:17:13,30700.0,100,Buy,227285792
2024-07-30 11:18:23,30700.0,500,Buy,227286814
2024-07-30 11:18:28,30600.0,200,Sell,227286871
2024-07-30 11:20:30,30700.0,6300,Sell,227288714
2024-07-30 11:21:01,30800.0,1000,Buy,227289125
2024-07-30 11:21:54,30700.0,500,Sell,227289754
2024-07-30 11:22:26,30700.0,500,Sell,227290159
2024-07-30 11:23:13,30700.0,4000,Sell,227290665
2024-07-30 11:23:47,30700.0,22000,Sell,227291347
2024-07-30 11:24:37,30700.0,300,Buy,227292193
2024-07-30 11:25:15,30700.0,100,Buy,227292623
2024-07-30 11:25:37,30700.0,1000,Buy,227292960
2024-07-30 11:25:43,30700.0,500,Buy,227293012
2024-07-30 11:26:31,30700.0,1500,Sell,227293581
2024-07-30 11:26:40,30700.0,1500,Sell,227293689
2024-07-30 11:27:04,30700.0,1000,Sell,227294072
2024-07-30 11:27:56,30700.0,500,Buy,227294716
2024-07-30 11:28:01,30700.0,100,Buy,227294797
2024-07-30 11:28:36,30700.0,100,Buy,227295216
2024-07-30 11:28:46,30700.0,100,Buy,227295378
2024-07-30 11:29:52,30700.0,100,Buy,227296377
2024-07-30 11:30:01,30700.0,1000,Buy,227296470
2024-07-30 13:00:09,30700.0,200,Buy,227299287
2024-07-30 13:00:11,30700.0,700,Buy,227299798
2024-07-30 13:00:12,30700.0,200,Buy,227300096
2024-07-30 13:00:13,30700.0,500,Buy,227300239
2024-07-30 13:00:14,30700.0,1100,Buy,227300316
2024-07-30 13:00:56,30600.0,400,Sell,227302130
2024-07-30 13:01:04,30600.0,500,Sell,227302356
2024-07-30 13:01:14,30600.0,5000,Sell,227302610
2024-07-30 13:01:25,30700.0,100,Buy,227302848
2024-07-30 13:01:43,30600.0,900,Sell,227303306
2024-07-30 13:01:47,30600.0,100,Sell,227303412
2024-07-30 13:02:09,30600.0,100,Sell,227303878
2024-07-30 13:02:13,30600.0,900,Sell,227303982
2024-07-30 13:02:16,30600.0,100,Sell,227304060
2024-07-30 13:02:33,30600.0,5000,Sell,227304551
2024-07-30 13:02:41,30600.0,3000,Sell,227304731
2024-07-30 13:03:43,30600.0,500,Sell,227306446
2024-07-30 13:03:53,30700.0,100,Buy,227306693
2024-07-30 13:04:00,30700.0,5000,Buy,227306920
2024-07-30 13:04:12,30700.0,4000,Buy,227307356
2024-07-30 13:04:24,30700.0,100,Buy,227307686
2024-07-30 13:05:03,30700.0,100,Buy,227308780
2024-07-30 13:06:39,30600.0,1000,Sell,227311609
2024-07-30 13:06:41,30600.0,64600,Sell,227311703
2024-07-30 13:06:48,30600.0,5000,Sell,227311892
2024-07-30 13:06:49,30600.0,32300,Sell,227311911
2024-07-30 13:07:01,30600.0,800,Sell,227312256
2024-07-30 13:07:03,30600.0,1000,Sell,227312342
2024-07-30 13:07:06,30600.0,26600,Sell,227312420
2024-07-30 13:07:21,30600.0,500,Buy,227312778
2024-07-30 13:07:41,30600.0,100,Buy,227313390
2024-07-30 13:07:47,30600.0,2000,Buy,227313605
2024-07-30 13:07:56,30600.0,100,Buy,227313805
2024-07-30 13:08:09,30600.0,500,Buy,227314267
2024-07-30 13:08:13,30600.0,800,Buy,227314381
2024-07-30 13:08:22,30600.0,500,Sell,227314711
2024-07-30 13:08:32,30600.0,1000,Sell,227314956
2024-07-30 13:08:40,30600.0,200,Sell,227315142
2024-07-30 13:08:42,30700.0,100,Buy,227315261
2024-07-30 13:09:01,30600.0,1000,Sell,227315999
2024-07-30 13:09:17,30600.0,3000,Sell,227316420
2024-07-30 13:09:28,30600.0,400,Sell,227316780
2024-07-30 13:09:33,30600.0,200,Sell,227316933
2024-07-30 13:09:35,30600.0,900,Sell,227316977
2024-07-30 13:09:39,30600.0,300,Sell,227317074
2024-07-30 13:09:54,30600.0,200,Sell,227317445
2024-07-30 13:10:01,30600.0,1100,Sell,227317617
2024-07-30 13:10:04,30600.0,4100,Sell,227317693
2024-07-30 13:10:05,30600.0,500,Buy,227317707
2024-07-30 13:10:06,30600.0,200,Buy,227317734
2024-07-30 13:10:08,30600.0,3000,Buy,227317773
2024-07-30 13:10:09,30500.0,1000,Sell,227317799
2024-07-30 13:10:10,30500.0,500,Sell,227317819
2024-07-30 13:10:11,30500.0,1700,Sell,227317839
2024-07-30 13:10:14,30600.0,100,Buy,227317935
2024-07-30 13:10:22,30600.0,100,Buy,227318284
2024-07-30 13:10:31,30600.0,2000,Buy,227318610
2024-07-30 13:10:32,30600.0,100,Buy,227318646
2024-07-30 13:10:35,30600.0,1000,Buy,227318738
2024-07-30 13:10:40,30600.0,500,Sell,227318844
2024-07-30 13:11:10,30600.0,1500,Sell,227319786
2024-07-30 13:12:21,30700.0,100,Buy,227321973
2024-07-30 13:12:39,30700.0,100,Buy,227322488
2024-07-30 13:13:07,30700.0,300,Buy,227323231
2024-07-30 13:13:09,30700.0,500,Buy,227323283
2024-07-30 13:13:13,30500.0,20200,Sell,227323379
2024-07-30 13:13:17,30700.0,9700,Buy,227323477
2024-07-30 13:13:26,30700.0,100,Buy,227323772
2024-07-30 13:13:35,30600.0,1500,Sell,227323959
2024-07-30 13:14:24,30600.0,3000,Sell,227325154
2024-07-30 13:14:38,30700.0,200,Buy,227325522
2024-07-30 13:14:42,30600.0,2300,Sell,227325658
2024-07-30 13:14:51,30600.0,400,Buy,227325836
2024-07-30 13:14:52,30600.0,900,Buy,227325852
2024-07-30 13:15:05,30600.0,1000,Buy,227326137
2024-07-30 13:15:12,30600.0,1000,Buy,227326267
2024-07-30 13:15:16,30600.0,500,Buy,227326369
2024-07-30 13:15:18,30600.0,100,Buy,227326421
2024-07-30 13:15:33,30600.0,3800,Buy,227326770
2024-07-30 13:15:35,30600.0,300,Sell,227326812
2024-07-30 13:15:44,30600.0,200,Sell,227327051
2024-07-30 13:15:48,30700.0,19000,Buy,227327122
2024-07-30 13:15:51,30700.0,500,Sell,227327199
2024-07-30 13:15:56,30700.0,300,Sell,227327373
2024-07-30 13:16:27,30700.0,2900,Sell,227328244
2024-07-30 13:16:29,30700.0,700,Sell,227328285
2024-07-30 13:16:36,30700.0,300,Sell,227328484
2024-07-30 13:17:01,30700.0,300,Sell,227329015
2024-07-30 13:17:10,30700.0,2000,Sell,227329271
2024-07-30 13:17:16,30700.0,2000,Sell,227329418
2024-07-30 13:17:20,30700.0,2000,Sell,227329534
2024-07-30 13:17:24,30700.0,2500,Sell,227329654
2024-07-30 13:17:35,30700.0,2000,Sell,227329903
2024-07-30 13:17:46,30700.0,2000,Sell,227330223
2024-07-30 13:17:53,30700.0,100,Sell,227330398
2024-07-30 13:18:41,30700.0,500,Sell,227331912
2024-07-30 13:18:48,30700.0,2000,Sell,227332112
2024-07-30 13:19:16,30700.0,300,Sell,227332844
2024-07-30 13:19:36,30700.0,200,Sell,227333449
2024-07-30 13:20:13,30700.0,30000,Sell,227334488
2024-07-30 13:20:48,30700.0,200,Sell,227335729
2024-07-30 13:21:06,30700.0,100,Sell,227336287
2024-07-30 13:21:15,30700.0,400,Sell,227336536
2024-07-30 13:21:18,30800.0,1500,Buy,227336644
2024-07-30 13:21:33,30800.0,47100,Buy,227337069
2024-07-30 13:22:00,30900.0,500,Buy,227337916
2024-07-30 13:22:06,30900.0,200,Buy,227338110
2024-07-30 13:22:23,30900.0,1100,Buy,227338708
2024-07-30 13:22:34,30900.0,5000,Buy,227339004
2024-07-30 13:22:43,30900.0,1000,Buy,227339269
2024-07-30 13:22:48,30800.0,5300,Buy,227339447
2024-07-30 13:22:53,30800.0,100,Buy,227339642
2024-07-30 13:23:00,30800.0,2000,Buy,227339826
2024-07-30 13:23:20,30800.0,100,Buy,227340383
2024-07-30 13:23:31,30800.0,1000,Buy,227340638
2024-07-30 13:23:34,30700.0,2000,Sell,227340726
2024-07-30 13:24:02,30800.0,3500,Buy,227341482
2024-07-30 13:24:08,30800.0,500,Buy,227341664
2024-07-30 13:24:47,30800.0,500,Buy,227342709
2024-07-30 13:25:21,30800.0,4000,Buy,227343669
2024-07-30 13:25:23,30800.0,1000,Buy,227343708
2024-07-30 13:25:46,30800.0,3000,Buy,227344249
2024-07-30 13:25:55,30800.0,1000,Buy,227344488
2024-07-30 13:26:26,30800.0,100,Buy,227345284
2024-07-30 13:27:40,30700.0,500,Sell,227346884
2024-07-30 13:27:45,30700.0,100,Sell,227346978
2024-07-30 13:28:08,30700.0,15700,Sell,227347483
2024-07-30 13:28:26,30700.0,100,Buy,227347939
2024-07-30 13:28:33,30700.0,100,Buy,227348098
2024-07-30 13:29:28,30700.0,100,Buy,227349287
2024-07-30 13:29:58,30700.0,5000,Buy,227350197
2024-07-30 13:30:03,30700.0,1000,Buy,227350305
2024-07-30 13:30:12,30700.0,100,Buy,227350568
2024-07-30 13:30:38,30600.0,5000,Sell,227351411
2024-07-30 13:31:01,30500.0,25000,Sell,227352045
2024-07-30 13:31:30,30500.0,129700,Buy,227353073
2024-07-30 13:31:40,30400.0,900,Sell,227353512
2024-07-30 13:31:41,30500.0,1000,Buy,227353540
2024-07-30 13:31:42,30400.0,10500,Sell,227353563
2024-07-30 13:31:45,30500.0,300,Sell,227353627
2024-07-30 13:31:54,30500.0,100,Sell,227353916
2024-07-30 13:32:13,30500.0,2100,Buy,227354585
2024-07-30 13:32:28,30500.0,500,Buy,227355116
2024-07-30 13:32:34,30500.0,400,Sell,227355500
2024-07-30 13:32:55,30500.0,1000,Sell,227356160
2024-07-30 13:33:28,30600.0,100,Buy,227357339
2024-07-30 13:33:35,30600.0,3000,Buy,227357486
2024-07-30 13:33:47,30600.0,500,Buy,227357888
2024-07-30 13:34:22,30600.0,500,Buy,227359001
2024-07-30 13:34:29,30600.0,3200,Buy,227359252
2024-07-30 13:34:31,30500.0,10000,Sell,227359320
2024-07-30 13:34:54,30600.0,2000,Buy,227360239
2024-07-30 13:35:13,30600.0,500,Buy,227360746
2024-07-30 13:35:31,30500.0,100,Sell,227361308
2024-07-30 13:35:32,30600.0,1000,Buy,227361318
2024-07-30 13:35:36,30500.0,5000,Sell,227361500
2024-07-30 13:35:48,30600.0,1000,Buy,227361948
2024-07-30 13:36:44,30600.0,100,Buy,227364017
2024-07-30 13:37:22,30500.0,4000,Sell,227365667
2024-07-30 13:37:23,30500.0,12800,ATO/ATC,227365717
2024-07-30 13:37:49,30500.0,1000,Buy,227366759
2024-07-30 13:37:56,30500.0,400,Buy,227367032
2024-07-30 13:38:04,30600.0,200,Buy,227367309
2024-07-30 13:38:06,30500.0,300,Sell,227367418
2024-07-30 13:39:10,30500.0,11000,ATO/ATC,227369565
2024-07-30 13:39:22,30500.0,500,Buy,227370073
2024-07-30 13:39:43,30500.0,100,Buy,227370808
2024-07-30 13:40:01,30500.0,100,Buy,227371449
2024-07-30 13:40:09,30400.0,500,Sell,227371668
2024-07-30 13:40:23,30500.0,12000,Buy,227372130
2024-07-30 13:40:26,30400.0,1000,Sell,227372195
2024-07-30 13:40:35,30500.0,5000,Buy,227372480
2024-07-30 13:40:41,30500.0,1000,Buy,227372600
2024-07-30 13:40:52,30500.0,6000,Buy,227372986
2024-07-30 13:40:56,30500.0,100,Buy,227373091
2024-07-30 13:41:05,30400.0,15000,Sell,227373438
2024-07-30 13:41:10,30400.0,10000,Sell,227373582
2024-07-30 13:41:54,30400.0,25300,Sell,227375211
2024-07-30 13:41:56,30400.0,1000,Sell,227375287
2024-07-30 13:41:57,30400.0,3000,Sell,227375331
2024-07-30 13:42:07,30400.0,2300,Buy,227375727
2024-07-30 13:42:31,30300.0,500,Sell,227376852
2024-07-30 13:42:46,30300.0,100,Sell,227377505
2024-07-30 13:43:06,30300.0,22300,Sell,227378664
2024-07-30 13:43:07,30300.0,500,Buy,227378759
2024-07-30 13:43:15,30300.0,100,Buy,227379128
2024-07-30 13:43:17,30300.0,100,Buy,227379212
2024-07-30 13:43:18,30300.0,1100,Buy,227379235
2024-07-30 13:43:27,30300.0,800,Buy,227379784
2024-07-30 13:43:28,30300.0,11000,Buy,227379835
2024-07-30 13:43:39,30300.0,1000,Buy,227380296
2024-07-30 13:43:48,30200.0,6000,Sell,227380754
2024-07-30 13:43:53,30300.0,400,Buy,227380955
2024-07-30 13:43:56,30300.0,2000,Buy,227381075
2024-07-30 13:44:07,30300.0,1700,Buy,227381635
2024-07-30 13:44:17,30300.0,700,Buy,227382122
2024-07-30 13:44:18,30300.0,100,Buy,227382148
2024-07-30 13:44:22,30300.0,300,Buy,227382415
2024-07-30 13:44:24,30300.0,2000,Buy,227382560
2024-07-30 13:44:26,30300.0,300,Buy,227382648
2024-07-30 13:44:36,30300.0,200,Buy,227383112
2024-07-30 13:44:41,30300.0,200,Buy,227383421
2024-07-30 13:44:43,30200.0,9000,Sell,227383571
2024-07-30 13:44:55,30200.0,1000,Sell,227384230
2024-07-30 13:44:57,30200.0,2800,Sell,227384481
2024-07-30 13:45:20,30200.0,100,Sell,227385687
2024-07-30 13:45:22,30300.0,1000,Buy,227385779
2024-07-30 13:45:28,30200.0,100,Sell,227386125
2024-07-30 13:45:30,30300.0,500,Buy,227386274
2024-07-30 13:45:35,30300.0,3000,Buy,227386847
2024-07-30 13:45:39,30300.0,1000,Buy,227387079
2024-07-30 13:45:40,30300.0,300,Buy,227387230
2024-07-30 13:45:47,30200.0,500,Sell,227387701
2024-07-30 13:45:52,30300.0,500,Buy,227387980
2024-07-30 13:45:55,30300.0,2000,Buy,227388106
2024-07-30 13:45:57,30300.0,2000,Buy,227388169
2024-07-30 13:46:05,30200.0,5500,Sell,227388668
2024-07-30 13:46:08,30300.0,100,Buy,227388825
2024-07-30 13:46:22,30200.0,3000,Sell,227389472
2024-07-30 13:46:27,30300.0,100,Buy,227389640
2024-07-30 13:46:33,30300.0,100,Buy,227389986
2024-07-30 13:46:38,30300.0,900,Buy,227390211
2024-07-30 13:46:39,30300.0,12300,Buy,227390266
2024-07-30 13:46:42,30300.0,2000,Buy,227390411
2024-07-30 13:46:45,30300.0,11700,Buy,227390506
2024-07-30 13:46:49,30300.0,2200,Sell,227390743
2024-07-30 13:47:02,30400.0,5000,Buy,227391233
2024-07-30 13:47:05,30400.0,100,Buy,227391317
2024-07-30 13:47:10,30400.0,500,Buy,227391531
2024-07-30 13:47:12,30400.0,1100,Buy,227391625
2024-07-30 13:47:15,30400.0,200,Buy,227391808
2024-07-30 13:47:17,30400.0,200,Buy,227391880
2024-07-30 13:47:18,30400.0,11400,Sell,227391911
2024-07-30 13:47:20,30500.0,1000,Buy,227391969
2024-07-30 13:47:23,30400.0,500,Sell,227392070
2024-07-30 13:47:36,30400.0,3000,Sell,227392433
2024-07-30 13:47:50,30400.0,3500,Sell,227392935
2024-07-30 13:47:54,30400.0,4100,Sell,227393180
2024-07-30 13:48:03,30400.0,1000,Buy,227393462
2024-07-30 13:48:13,30400.0,200,Buy,227393871
2024-07-30 13:48:14,30400.0,5000,Buy,227393919
2024-07-30 13:48:18,30400.0,2000,Buy,227394062
2024-07-30 13:48:20,30300.0,400,Sell,227394187
2024-07-30 13:48:23,30400.0,100,Buy,227394286
2024-07-30 13:48:27,30400.0,100,Sell,227394476
2024-07-30 13:49:02,30500.0,1000,Buy,227395617
2024-07-30 13:49:11,30500.0,1000,Buy,227395950
2024-07-30 13:49:49,30500.0,100,Buy,227397158
2024-07-30 13:50:00,30500.0,500,Buy,227397704
2024-07-30 13:50:14,30500.0,400,Buy,227398196
2024-07-30 13:50:18,30500.0,500,Buy,227398336
2024-07-30 13:50:38,30500.0,100,Buy,227398987
2024-07-30 13:50:53,30500.0,100,Buy,227399366
2024-07-30 13:51:01,30500.0,6000,Buy,227399598
2024-07-30 13:51:04,30500.0,1500,Buy,227399677
2024-07-30 13:51:07,30500.0,300,Buy,227399756
2024-07-30 13:51:08,30400.0,300,Sell,227399784
2024-07-30 13:51:36,30400.0,2100,Sell,227400586
2024-07-30 13:51:41,30400.0,300,Sell,227400737
2024-07-30 13:51:54,30400.0,10000,Sell,227401147
2024-07-30 13:51:56,30500.0,15000,Buy,227401212
2024-07-30 13:51:57,30400.0,12900,Sell,227401234
2024-07-30 13:52:09,30400.0,100,Buy,227401772
2024-07-30 13:52:11,30400.0,100,Buy,227401843
2024-07-30 13:52:13,30400.0,1000,Buy,227401908
2024-07-30 13:52:41,30400.0,900,Sell,227402691
2024-07-30 13:52:46,30500.0,900,Buy,227402868
2024-07-30 13:52:52,30500.0,100,Buy,227403058
2024-07-30 13:53:04,30500.0,100,Buy,227403412
2024-07-30 13:53:18,30500.0,100,Buy,227403933
2024-07-30 13:54:10,30500.0,1000,Buy,227405574
2024-07-30 13:54:20,30500.0,1500,Buy,227405850
2024-07-30 13:54:38,30500.0,100,Buy,227406366
2024-07-30 13:55:07,30400.0,1000,Sell,227406986
2024-07-30 13:55:22,30500.0,200,Buy,227407317
2024-07-30 13:55:27,30400.0,1000,Sell,227407474
2024-07-30 13:55:28,30400.0,7600,Sell,227407495
2024-07-30 13:55:32,30400.0,1000,Sell,227407587
2024-07-30 13:55:39,30400.0,4200,Sell,227407765
2024-07-30 13:55:40,30400.0,1000,Buy,227407799
2024-07-30 13:55:52,30400.0,100,Buy,227408133
2024-07-30 13:55:54,30400.0,300,Buy,227408190
2024-07-30 13:56:20,30400.0,100,Buy,227408877
2024-07-30 13:56:38,30300.0,100,Sell,227409298
2024-07-30 13:56:39,30400.0,100,Buy,227409326
2024-07-30 13:57:04,30400.0,200,Buy,227410050
2024-07-30 13:57:10,30400.0,800,Buy,227410238
2024-07-30 13:57:15,30400.0,100,Buy,227410353
2024-07-30 13:58:09,30400.0,200,Buy,227412019
2024-07-30 13:58:10,30400.0,100,Buy,227412040
2024-07-30 13:58:14,30300.0,1000,Sell,227412169
2024-07-30 13:58:27,30300.0,2000,Sell,227412486
2024-07-30 13:58:38,30300.0,1000,Sell,227412841
2024-07-30 13:58:41,30300.0,500,Sell,227413011
2024-07-30 13:58:46,30300.0,200,Sell,227413114
2024-07-30 13:59:10,30300.0,1000,Sell,227413971
2024-07-30 13:59:15,30300.0,1000,Sell,227414131
2024-07-30 13:59:19,30300.0,2000,Sell,227414285
2024-07-30 13:59:20,30300.0,100,Sell,227414319
2024-07-30 13:59:21,30300.0,24800,Sell,227414333
2024-07-30 13:59:24,30300.0,1000,Buy,227414448
2024-07-30 13:59:31,30200.0,4600,Sell,227414680
2024-07-30 13:59:36,30300.0,1500,Buy,227414816
2024-07-30 13:59:44,30200.0,100,Sell,227415163
2024-07-30 13:59:49,30300.0,5000,Buy,227415361
2024-07-30 14:00:04,30200.0,3800,Sell,227415839
2024-07-30 14:00:05,30300.0,200,Buy,227415875
2024-07-30 14:00:34,30300.0,5000,Buy,227417095
2024-07-30 14:00:38,30300.0,7000,Buy,227417335
2024-07-30 14:00:39,30200.0,300,Sell,227417367
2024-07-30 14:00:51,30300.0,2000,Buy,227417800
2024-07-30 14:00:55,30200.0,1000,Sell,227418033
2024-07-30 14:01:00,30300.0,100,Buy,227418303
2024-07-30 14:01:03,30300.0,4200,Sell,227418376
2024-07-30 14:01:06,30300.0,2000,Sell,227418470
2024-07-30 14:01:12,30300.0,3600,Buy,227418778
2024-07-30 14:01:33,30200.0,600,Sell,227419700
2024-07-30 14:01:34,30300.0,2000,Buy,227419772
2024-07-30 14:01:38,30200.0,500,Sell,227419898
2024-07-30 14:01:58,30300.0,10000,Buy,227421035
2024-07-30 14:02:23,30200.0,84900,Buy,227423081
2024-07-30 14:02:26,30200.0,500,Buy,227423254
2024-07-30 14:02:30,30200.0,300,Buy,227423404
2024-07-30 14:02:31,30200.0,100,Buy,227423520
2024-07-30 14:02:35,30200.0,5000,Buy,227423737
2024-07-30 14:02:35,30100.0,10000,Sell,227423715
2024-07-30 14:02:37,30200.0,4800,Buy,227423841
2024-07-30 14:02:42,30200.0,4400,Sell,227424415
2024-07-30 14:02:49,30200.0,5000,Buy,227425049
2024-07-30 14:02:53,30200.0,100,Buy,227425336
2024-07-30 14:02:55,30200.0,1000,Buy,227425461
2024-07-30 14:03:04,30200.0,3000,Buy,227426203
2024-07-30 14:03:04,30200.0,200,Buy,227426242
2024-07-30 14:03:15,30100.0,400,Sell,227427156
2024-07-30 14:03:16,30100.0,6100,Sell,227427228
2024-07-30 14:03:16,30200.0,2000,Buy,227427336
2024-07-30 14:03:20,30200.0,200,Buy,227427650
2024-07-30 14:03:22,30100.0,1100,Sell,227427817
2024-07-30 14:03:23,30200.0,100,Buy,227427927
2024-07-30 14:03:31,30100.0,100,Sell,227428654
2024-07-30 14:03:44,30100.0,700,Sell,227429827
2024-07-30 14:03:49,30100.0,6000,Sell,227430239
2024-07-30 14:03:54,30100.0,6500,Sell,227430708
2024-07-30 14:03:59,30100.0,1500,Sell,227431099
2024-07-30 14:04:02,30100.0,300,Sell,227431340
2024-07-30 14:04:03,30000.0,29900,Sell,227431418
2024-07-30 14:04:04,30000.0,5000,Sell,227431515
2024-07-30 14:04:05,30000.0,12400,Sell,227431577
2024-07-30 14:04:09,30100.0,2600,Buy,227431876
2024-07-30 14:04:13,30000.0,200,Sell,227432237
2024-07-30 14:04:18,30100.0,400,Buy,227432731
2024-07-30 14:04:22,30100.0,100,Buy,227432992
2024-07-30 14:04:27,30000.0,10400,Sell,227433383
2024-07-30 14:04:37,30100.0,1000,Sell,227434224
2024-07-30 14:04:45,30100.0,2000,Sell,227435021
2024-07-30 14:04:47,30100.0,2500,Sell,227435173
2024-07-30 14:04:49,30100.0,500,Sell,227435296
2024-07-30 14:05:19,30100.0,5000,Sell,227437566
2024-07-30 14:05:20,30100.0,2500,Buy,227437676
2024-07-30 14:05:23,30100.0,1000,Buy,227437865
2024-07-30 14:05:25,30100.0,200,Buy,227438027
2024-07-30 14:05:31,30100.0,800,Buy,227438488
2024-07-30 14:05:35,30100.0,200,Buy,227438771
2024-07-30 14:05:39,30100.0,1500,Buy,227439088
2024-07-30 14:05:49,30100.0,1200,Buy,227440029
2024-07-30 14:05:50,30100.0,300,Buy,227440107
2024-07-30 14:05:56,30100.0,500,Buy,227440643
2024-07-30 14:06:02,30100.0,1500,Buy,227441042
2024-07-30 14:06:03,30100.0,2000,Buy,227441106
2024-07-30 14:06:04,30100.0,4900,Sell,227441138
2024-07-30 14:06:09,30200.0,100,Buy,227441464
2024-07-30 14:06:12,30100.0,5500,Sell,227441720
2024-07-30 14:06:23,30200.0,100,Buy,227442367
2024-07-30 14:06:46,30200.0,5000,Buy,227443820
2024-07-30 14:06:55,30200.0,1000,Buy,227444364
2024-07-30 14:06:57,30200.0,1000,Buy,227444547
2024-07-30 14:06:59,30200.0,100,Buy,227444639
2024-07-30 14:07:00,30200.0,12900,Buy,227444748
2024-07-30 14:07:11,30300.0,800,Buy,227445349
2024-07-30 14:07:19,30300.0,800,Buy,227445846
2024-07-30 14:07:23,30300.0,2500,Buy,227446055
2024-07-30 14:07:39,30300.0,100,Buy,227446912
2024-07-30 14:07:40,30300.0,500,Buy,227446958
2024-07-30 14:07:41,30300.0,100,Buy,227446998
2024-07-30 14:07:43,30300.0,100,Buy,227447101
2024-07-30 14:07:44,30300.0,2000,Buy,227447182
2024-07-30 14:07:50,30300.0,100,Buy,227447469
2024-07-30 14:07:52,30300.0,300,Buy,227447640
2024-07-30 14:07:55,30300.0,1000,Buy,227447810
2024-07-30 14:07:56,30300.0,500,Buy,227447868
2024-07-30 14:08:00,30300.0,5000,Buy,227448172
2024-07-30 14:08:01,30300.0,1000,Buy,227448215
2024-07-30 14:08:02,30300.0,2000,Buy,227448243
2024-07-30 14:08:03,30300.0,5000,Buy,227448288
2024-07-30 14:08:05,30300.0,2000,Buy,227448407
2024-07-30 14:08:08,30300.0,600,Buy,227448587
2024-07-30 14:08:10,30300.0,100,Buy,227448683
2024-07-30 14:08:13,30300.0,1000,Buy,227448838
2024-07-30 14:08:14,30300.0,200,Buy,227448860
2024-07-30 14:08:15,30300.0,200,Buy,227448914
2024-07-30 14:08:16,30300.0,4900,Buy,227448970
2024-07-30 14:08:17,30300.0,100,Sell,227449001
2024-07-30 14:08:41,30400.0,700,Buy,227450116
2024-07-30 14:08:43,30300.0,500,Sell,227450206
2024-07-30 14:08:47,30400.0,1000,Buy,227450418
2024-07-30 14:08:49,30400.0,1000,Buy,227450569
2024-07-30 14:08:57,30300.0,500,Sell,227450978
2024-07-30 14:08:58,30400.0,5000,Buy,227451015
2024-07-30 14:09:00,30400.0,800,Buy,227451123
2024-07-30 14:09:01,30400.0,200,Buy,227451188
2024-07-30 14:09:18,30500.0,100,Buy,227451766
2024-07-30 14:09:20,30500.0,15000,Buy,227451821
2024-07-30 14:09:25,30500.0,100,Buy,227452038
2024-07-30 14:09:26,30500.0,1000,Buy,227452067
2024-07-30 14:09:30,30500.0,200,Buy,227452201
2024-07-30 14:09:31,30500.0,13300,Buy,227452228
2024-07-30 14:09:34,30500.0,2800,Buy,227452341
2024-07-30 14:09:40,30500.0,100,Buy,227452556
2024-07-30 14:09:44,30500.0,500,Buy,227452660
2024-07-30 14:09:45,30500.0,5000,Buy,227452679
2024-07-30 14:09:49,30500.0,2000,Buy,227452839
2024-07-30 14:09:52,30500.0,4800,Buy,227452909
2024-07-30 14:09:53,30500.0,500,Buy,227452945
2024-07-30 14:09:56,30500.0,2000,Buy,227453036
2024-07-30 14:10:02,30500.0,500,Buy,227453216
2024-07-30 14:10:03,30500.0,1000,Buy,227453247
2024-07-30 14:10:14,30500.0,800,Sell,227453545
2024-07-30 14:10:25,30500.0,100,Sell,227453896
2024-07-30 14:10:27,30500.0,500,Sell,227453926
2024-07-30 14:10:30,30500.0,1000,Sell,227454024
2024-07-30 14:10:50,30500.0,500,Buy,227454653
2024-07-30 14:10:56,30400.0,500,Sell,227454847
2024-07-30 14:11:02,30400.0,64800,Sell,227455070
2024-07-30 14:11:08,30400.0,500,Sell,227455303
2024-07-30 14:11:17,30400.0,100,Sell,227455538
2024-07-30 14:11:26,30400.0,300,Sell,227455848
2024-07-30 14:11:29,30400.0,1600,Sell,227455979
2024-07-30 14:12:17,30400.0,500,Buy,227457691
2024-07-30 14:12:41,30400.0,100,Buy,227458444
2024-07-30 14:12:48,30400.0,100,Buy,227458646
2024-07-30 14:12:51,30300.0,500,Sell,227458745
2024-07-30 14:12:52,30400.0,2500,Buy,227458780
2024-07-30 14:12:56,30400.0,1000,Buy,227458920
2024-07-30 14:13:21,30300.0,2000,Sell,227459778
2024-07-30 14:14:03,30300.0,8000,Sell,227460913
2024-07-30 14:14:11,30300.0,500,Sell,227461105
2024-07-30 14:14:19,30300.0,1100,Sell,227461290
2024-07-30 14:14:22,30300.0,50000,Sell,227461348
2024-07-30 14:14:24,30300.0,54600,Sell,227461379
2024-07-30 14:14:25,30300.0,10600,Sell,227461399
2024-07-30 14:14:45,30200.0,1000,Sell,227461811
2024-07-30 14:14:46,30200.0,800,Sell,227461848
2024-07-30 14:15:07,30200.0,2000,Sell,227462338
2024-07-30 14:15:23,30200.0,100,Sell,227462790
2024-07-30 14:15:28,30200.0,500,Sell,227462892
2024-07-30 14:15:56,30300.0,100,Buy,227463631
2024-07-30 14:16:04,30300.0,200,Buy,227463894
2024-07-30 14:16:10,30300.0,2000,Buy,227464044
2024-07-30 14:16:13,30200.0,100,Sell,227464120
2024-07-30 14:16:14,30300.0,500,Buy,227464174
2024-07-30 14:16:19,30300.0,100,Buy,227464309
2024-07-30 14:16:35,30300.0,400,Buy,227464712
2024-07-30 14:16:38,30200.0,200,Sell,227464801
2024-07-30 14:17:30,30200.0,2000,Sell,227466238
2024-07-30 14:17:38,30200.0,6000,Sell,227466468
2024-07-30 14:17:49,30200.0,500,Sell,227466756
2024-07-30 14:17:50,30200.0,4300,Sell,227466762
2024-07-30 14:17:55,30200.0,7000,Sell,227466898
2024-07-30 14:17:56,30200.0,1000,Sell,227466919
2024-07-30 14:18:05,30200.0,600,Sell,227467134
2024-07-30 14:18:06,30200.0,300,Sell,227467150
2024-07-30 14:18:08,30200.0,1000,Sell,227467196
2024-07-30 14:18:09,30200.0,3000,Sell,227467242
2024-07-30 14:18:24,30200.0,200,Buy,227467677
2024-07-30 14:18:25,30200.0,2800,Buy,227467715
2024-07-30 14:18:52,30200.0,1500,Sell,227468707
2024-07-30 14:19:02,30300.0,100,Buy,227469011
2024-07-30 14:19:12,30300.0,100,Buy,227469370
2024-07-30 14:19:49,30300.0,100,Buy,227470604
2024-07-30 14:19:59,30300.0,500,Buy,227470852
2024-07-30 14:20:02,30300.0,2500,Buy,227470920
2024-07-30 14:20:06,30300.0,200,Buy,227471002
2024-07-30 14:20:08,30300.0,100,Buy,227471058
2024-07-30 14:20:09,30300.0,3100,Buy,227471096
2024-07-30 14:20:11,30300.0,500,Buy,227471140
2024-07-30 14:20:12,30300.0,200,Buy,227471175
2024-07-30 14:20:31,30300.0,800,Buy,227471879
2024-07-30 14:20:39,30300.0,100,Buy,227472085
2024-07-30 14:20:40,30300.0,200,Buy,227472102
2024-07-30 14:20:41,30300.0,5000,Buy,227472138
2024-07-30 14:20:43,30300.0,500,Buy,227472199
2024-07-30 14:21:01,30300.0,300,Sell,227472796
2024-07-30 14:21:41,30400.0,4000,Buy,227474129
2024-07-30 14:21:59,30400.0,2000,Buy,227474688
2024-07-30 14:22:25,30400.0,200,Buy,227475477
2024-07-30 14:22:28,30400.0,100,Buy,227475599
2024-07-30 14:22:40,30400.0,400,Buy,227475925
2024-07-30 14:22:55,30400.0,500,Buy,227476283
2024-07-30 14:22:57,30400.0,500,Buy,227476346
2024-07-30 14:23:04,30400.0,100,Buy,227476540
2024-07-30 14:23:17,30400.0,200,Buy,227477096
2024-07-30 14:23:32,30400.0,20000,Buy,227477516
2024-07-30 14:23:51,30400.0,1000,Buy,227478070
2024-07-30 14:23:53,30400.0,100,Buy,227478161
2024-07-30 14:23:56,30400.0,3000,Buy,227478216
2024-07-30 14:24:00,30400.0,1000,Buy,227478329
2024-07-30 14:24:01,30400.0,1600,Buy,227478403
2024-07-30 14:24:29,30400.0,2300,Sell,227479655
2024-07-30 14:24:37,30500.0,1000,Buy,227480020
2024-07-30 14:24:45,30500.0,4000,Buy,227480386
2024-07-30 14:24:46,30500.0,10000,Buy,227480428
2024-07-30 14:24:48,30500.0,1000,Buy,227480528
2024-07-30 14:24:49,30500.0,600,Buy,227480553
2024-07-30 14:24:54,30500.0,100,Buy,227480805
2024-07-30 14:24:55,30500.0,1000,Buy,227480850
2024-07-30 14:24:58,30500.0,500,Buy,227480999
2024-07-30 14:25:02,30500.0,2600,Buy,227481174
2024-07-30 14:25:03,30500.0,200,Buy,227481217
2024-07-30 14:25:18,30500.0,100,Buy,227481735
2024-07-30 14:25:32,30500.0,500,Buy,227482361
2024-07-30 14:25:38,30500.0,100,Buy,227482536
2024-07-30 14:25:44,30500.0,100,Buy,227482758
2024-07-30 14:25:48,30500.0,300,Buy,227482867
2024-07-30 14:25:49,30500.0,1000,Buy,227482902
2024-07-30 14:25:51,30500.0,3900,Buy,227482977
2024-07-30 14:25:52,30500.0,2000,Sell,227483045
2024-07-30 14:26:02,30500.0,3000,Sell,227483503
2024-07-30 14:26:25,30500.0,16300,Sell,227484332
2024-07-30 14:26:34,30500.0,2000,Sell,227484700
2024-07-30 14:26:48,30500.0,400,Sell,227485362
2024-07-30 14:27:05,30500.0,10000,Sell,227486199
2024-07-30 14:27:09,30500.0,2000,Sell,227486476
2024-07-30 14:27:13,30500.0,900,Sell,227486640
2024-07-30 14:27:14,30500.0,2300,Sell,227486681
2024-07-30 14:27:15,30600.0,1000,Buy,227486720
2024-07-30 14:27:16,30500.0,500,Sell,227486785
2024-07-30 14:27:23,30500.0,6600,Sell,227487162
2024-07-30 14:27:24,30500.0,6000,Sell,227487206
2024-07-30 14:27:25,30600.0,1100,Buy,227487238
2024-07-30 14:28:00,30600.0,500,Buy,227488707
2024-07-30 14:28:10,30600.0,500,Buy,227489107
2024-07-30 14:28:14,30500.0,2000,Sell,227489243
2024-07-30 14:28:16,30500.0,7000,Sell,227489349
2024-07-30 14:28:18,30500.0,12200,Sell,227489427
2024-07-30 14:28:23,30500.0,23700,Sell,227489745
2024-07-30 14:28:31,30500.0,100,Buy,227490136
2024-07-30 14:28:32,30400.0,500,Sell,227490213
2024-07-30 14:28:33,30400.0,2000,Sell,227490241
2024-07-30 14:28:37,30400.0,100,Sell,227490395
2024-07-30 14:28:40,30400.0,500,Sell,227490550
2024-07-30 14:28:51,30500.0,10000,Buy,227491067
2024-07-30 14:28:57,30400.0,8000,Sell,227491322
2024-07-30 14:29:03,30400.0,1000,Sell,227491586
2024-07-30 14:29:08,30500.0,100,Buy,227491962
2024-07-30 14:29:09,30400.0,500,Sell,227492024
2024-07-30 14:29:11,30400.0,3000,Sell,227492122
2024-07-30 14:29:17,30400.0,400,Buy,227492461
2024-07-30 14:29:19,30400.0,1700,Buy,227492553
2024-07-30 14:29:25,30400.0,1200,Buy,227492873
2024-07-30 14:29:27,30400.0,500,Buy,227492969
2024-07-30 14:29:30,30400.0,500,Buy,227493140
2024-07-30 14:29:36,30400.0,100,Buy,227493462
2024-07-30 14:29:38,30400.0,500,Buy,227493585
2024-07-30 14:29:39,30400.0,100,Buy,227493658
2024-07-30 14:29:46,30400.0,5600,Buy,227494072
2024-07-30 14:29:53,30400.0,500,Sell,227494470
2024-07-30 14:29:55,30400.0,100,Sell,227494602
2024-07-30 14:29:58,30400.0,1000,Sell,227494769
2024-07-30 14:30:00,30300.0,5100,Sell,227494907
2024-07-30 14:45:17,30400.0,126700,Sell,227496016
2024-07-30 14:45:59,30400.0,200,Buy,227496071
2024-07-30 14:46:22,30400.0,100,Buy,227496090
