time,price,volume,match_type,id
2024-08-27 09:00:05,28600.0,800,Buy,234883318
2024-08-27 09:00:07,28600.0,100,Buy,234883333
2024-08-27 09:00:10,28600.0,200,Buy,234883356
2024-08-27 09:00:14,28500.0,700,Sell,234883392
2024-08-27 09:00:25,28600.0,100,Buy,234883443
2024-08-27 09:00:26,28600.0,100,Buy,234883447
2024-08-27 09:01:10,28600.0,200,Buy,234883592
2024-08-27 09:03:28,28600.0,100,Buy,234883895
2024-08-27 09:04:04,28600.0,100,Buy,234883971
2024-08-27 09:04:05,28500.0,500,Sell,234883972
2024-08-27 09:04:14,28600.0,5200,Buy,234883997
2024-08-27 09:04:29,28600.0,800,Buy,234884025
2024-08-27 09:04:48,28600.0,600,Buy,234884060
2024-08-27 09:04:57,28600.0,5000,Buy,234884076
2024-08-27 09:07:00,28600.0,700,Buy,234884323
2024-08-27 09:09:06,28600.0,2000,Buy,234884567
2024-08-27 09:09:30,28600.0,1000,Buy,234884609
2024-08-27 09:10:34,28600.0,500,Buy,234884706
2024-08-27 09:12:31,28600.0,1500,Buy,234884916
2024-08-27 09:13:01,28600.0,300,Buy,234884969
2024-08-27 09:13:12,28600.0,500,Buy,234884989
2024-08-27 09:13:51,28600.0,100,Buy,234885043
2024-08-27 09:14:14,28600.0,4200,Buy,234885077
2024-08-27 09:14:25,28600.0,500,Buy,234885093
2024-08-27 09:14:59,28600.0,100,Buy,234885149
2024-08-27 09:15:09,28600.0,100,Buy,234885627
2024-08-27 09:15:46,28600.0,200,Buy,234886128
2024-08-27 09:16:03,28500.0,2400,Sell,234886435
2024-08-27 09:16:36,28600.0,100,Buy,234887017
2024-08-27 09:16:46,28500.0,100,Sell,234887213
2024-08-27 09:16:55,28500.0,1800,Sell,234887411
2024-08-27 09:17:32,28600.0,1000,Buy,234888206
2024-08-27 09:17:46,28600.0,1000,Buy,234888477
2024-08-27 09:19:07,28600.0,1000,Buy,234890280
2024-08-27 09:21:23,28500.0,2000,Sell,234893258
2024-08-27 09:21:30,28600.0,10000,Buy,234893414
2024-08-27 09:21:46,28600.0,10200,Buy,234893855
2024-08-27 09:22:31,28600.0,200,Sell,234894980
2024-08-27 09:22:48,28600.0,500,Sell,234895386
2024-08-27 09:22:54,28600.0,1500,Sell,234895542
2024-08-27 09:22:59,28600.0,4600,Sell,234895725
2024-08-27 09:23:16,28600.0,500,Sell,234896025
2024-08-27 09:23:22,28600.0,2000,Sell,234896152
2024-08-27 09:23:35,28700.0,200,Buy,234896509
2024-08-27 09:23:44,28700.0,500,Buy,234896751
2024-08-27 09:23:52,28700.0,300,Buy,234896943
2024-08-27 09:24:18,28700.0,300,Buy,234897610
2024-08-27 09:24:40,28600.0,1000,Sell,234898168
2024-08-27 09:25:27,28600.0,1000,Sell,234899222
2024-08-27 09:26:28,28600.0,300,Sell,234900463
2024-08-27 09:27:04,28600.0,10000,Sell,234901344
2024-08-27 09:27:53,28700.0,400,Buy,234902468
2024-08-27 09:28:25,28700.0,100,Buy,234903372
2024-08-27 09:28:42,28600.0,1000,Sell,234903737
2024-08-27 09:28:45,28600.0,37300,Sell,234903806
2024-08-27 09:28:58,28600.0,1200,Sell,234904178
2024-08-27 09:31:07,28600.0,900,Buy,234908852
2024-08-27 09:31:14,28500.0,2000,Sell,234909141
2024-08-27 09:31:35,28500.0,3500,Sell,234909862
2024-08-27 09:31:49,28500.0,2000,Sell,234910261
2024-08-27 09:31:57,28500.0,5000,Sell,234910577
2024-08-27 09:32:03,28500.0,7600,Sell,234910866
2024-08-27 09:32:09,28500.0,400,Sell,234911036
2024-08-27 09:32:16,28500.0,2300,Sell,234911227
2024-08-27 09:32:23,28500.0,5100,Sell,234911470
2024-08-27 09:32:28,28500.0,600,Sell,234911604
2024-08-27 09:32:32,28500.0,1000,Sell,234911741
2024-08-27 09:32:35,28500.0,200,Sell,234911944
2024-08-27 09:32:36,28500.0,100,Sell,234911973
2024-08-27 09:32:53,28500.0,1500,Sell,234912351
2024-08-27 09:32:57,28500.0,200,Buy,234912490
2024-08-27 09:33:31,28400.0,4000,Sell,234913485
2024-08-27 09:33:53,28400.0,1700,Sell,234914045
2024-08-27 09:34:08,28500.0,100,Buy,234914476
2024-08-27 09:34:49,28400.0,2300,Sell,234915760
2024-08-27 09:35:08,28500.0,4600,Buy,234916325
2024-08-27 09:35:15,28400.0,6400,Sell,234916453
2024-08-27 09:35:21,28400.0,3200,Sell,234916681
2024-08-27 09:35:43,28400.0,1000,Sell,234917454
2024-08-27 09:35:49,28400.0,100,Sell,234917588
2024-08-27 09:35:53,28400.0,10000,Sell,234917671
2024-08-27 09:35:58,28400.0,2900,Sell,234917809
2024-08-27 09:36:12,28400.0,500,Sell,234918195
2024-08-27 09:36:19,28500.0,400,Buy,234918409
2024-08-27 09:37:02,28400.0,9000,Sell,234919566
2024-08-27 09:37:03,28400.0,400,Sell,234919582
2024-08-27 09:37:11,28400.0,2000,Sell,234919797
2024-08-27 09:37:33,28400.0,5000,Sell,234920395
2024-08-27 09:37:42,28400.0,200,Sell,234920722
2024-08-27 09:37:59,28400.0,400,Sell,234921186
2024-08-27 09:38:29,28400.0,1000,Sell,234922321
2024-08-27 09:38:36,28400.0,500,Sell,234922538
2024-08-27 09:38:41,28400.0,400,Sell,234922758
2024-08-27 09:38:48,28400.0,2000,Sell,234922952
2024-08-27 09:39:17,28400.0,500,Sell,234923742
2024-08-27 09:39:53,28400.0,300,Sell,234924742
2024-08-27 09:39:55,28400.0,200,Sell,234924812
2024-08-27 09:39:56,28400.0,100,Sell,234924839
2024-08-27 09:40:08,28400.0,500,Sell,234925112
2024-08-27 09:40:27,28400.0,500,Sell,234925665
2024-08-27 09:40:38,28500.0,500,Buy,234925990
2024-08-27 09:40:44,28400.0,4400,Sell,234926144
2024-08-27 09:40:50,28400.0,1200,Sell,234926337
2024-08-27 09:41:45,28500.0,300,Buy,234927734
2024-08-27 09:42:01,28500.0,100,Buy,234928208
2024-08-27 09:42:04,28500.0,200,Buy,234928266
2024-08-27 09:42:06,28500.0,1800,Buy,234928359
2024-08-27 09:42:09,28500.0,5000,Buy,234928443
2024-08-27 09:42:10,28500.0,300,Buy,234928457
2024-08-27 09:42:13,28500.0,400,Buy,234928682
2024-08-27 09:42:17,28500.0,100,Buy,234928763
2024-08-27 09:42:31,28500.0,400,Buy,234929458
2024-08-27 09:42:32,28500.0,1000,Buy,234929474
2024-08-27 09:42:33,28500.0,1400,Buy,234929499
2024-08-27 09:42:35,28500.0,3200,Buy,234929614
2024-08-27 09:42:38,28500.0,500,Buy,234929769
2024-08-27 09:42:40,28500.0,3000,Buy,234929810
2024-08-27 09:42:48,28500.0,1000,Buy,234930070
2024-08-27 09:43:11,28500.0,500,Buy,234930929
2024-08-27 09:43:24,28400.0,2000,Sell,234931383
2024-08-27 09:43:28,28500.0,2000,Buy,234931580
2024-08-27 09:43:29,28500.0,2000,Buy,234931630
2024-08-27 09:43:49,28500.0,3300,Sell,234932273
2024-08-27 09:43:54,28500.0,200,Sell,234932377
2024-08-27 09:44:32,28500.0,200,Sell,234933415
2024-08-27 09:44:42,28500.0,300,Sell,234933662
2024-08-27 09:45:42,28500.0,100,Sell,234935036
2024-08-27 09:46:50,28500.0,200,Sell,234936702
2024-08-27 09:46:56,28500.0,6900,Sell,234936860
2024-08-27 09:47:50,28500.0,600,Sell,234938063
2024-08-27 09:48:44,28500.0,100,Sell,234939252
2024-08-27 09:48:47,28600.0,100,Buy,234939319
2024-08-27 09:48:51,28500.0,300,Sell,234939392
2024-08-27 09:49:35,28600.0,300,Buy,234940285
2024-08-27 09:50:05,28600.0,200,Buy,234940854
2024-08-27 09:50:10,28600.0,100,Buy,234940913
2024-08-27 09:51:00,28500.0,4000,Sell,234941839
2024-08-27 09:51:41,28500.0,4000,Sell,234942757
2024-08-27 09:51:46,28600.0,100,Buy,234942824
2024-08-27 09:51:51,28600.0,200,Buy,234942885
2024-08-27 09:52:11,28600.0,300,Buy,234943325
2024-08-27 09:53:07,28500.0,300,Sell,234944327
2024-08-27 09:53:15,28600.0,200,Buy,234944547
2024-08-27 09:53:21,28500.0,1000,Sell,234944666
2024-08-27 09:53:43,28500.0,100,Sell,234945225
2024-08-27 09:53:47,28500.0,200,Sell,234945312
2024-08-27 09:53:58,28500.0,200,Sell,234945523
2024-08-27 09:54:05,28600.0,1100,Buy,234945648
2024-08-27 09:54:11,28500.0,300,Sell,234945764
2024-08-27 09:54:26,28500.0,8800,Sell,234946086
2024-08-27 09:54:48,28600.0,100,Buy,234946487
2024-08-27 09:55:32,28500.0,5000,Sell,234947252
2024-08-27 09:56:03,28500.0,20600,Sell,234947837
2024-08-27 09:56:43,28500.0,100,Buy,234948725
2024-08-27 09:56:55,28500.0,900,Buy,234948948
2024-08-27 09:57:03,28500.0,900,Buy,234949052
2024-08-27 09:57:37,28500.0,100,Buy,234949638
2024-08-27 09:58:00,28400.0,300,Sell,234950168
2024-08-27 09:58:49,28400.0,2000,Sell,234950864
2024-08-27 09:58:51,28400.0,2000,Sell,234950887
2024-08-27 09:58:53,28400.0,100,Sell,234950930
2024-08-27 09:58:58,28500.0,100,Buy,234950988
2024-08-27 10:00:59,28500.0,100,Buy,234952968
2024-08-27 10:03:52,28500.0,500,Buy,234955733
2024-08-27 10:04:20,28500.0,200,Buy,234956143
2024-08-27 10:04:25,28500.0,100,Buy,234956221
2024-08-27 10:04:29,28500.0,10000,Buy,234956278
2024-08-27 10:04:37,28500.0,10000,Buy,234956439
2024-08-27 10:06:02,28500.0,10000,Buy,234957803
2024-08-27 10:06:13,28500.0,4900,Buy,234957974
2024-08-27 10:06:45,28400.0,2000,Sell,234958540
2024-08-27 10:06:56,28500.0,100,Buy,234958756
2024-08-27 10:07:06,28500.0,200,Buy,234959082
2024-08-27 10:08:00,28400.0,1200,Sell,234960362
2024-08-27 10:08:14,28400.0,100,Sell,234960627
2024-08-27 10:08:55,28400.0,1000,Sell,234961653
2024-08-27 10:09:38,28400.0,3600,Sell,234962391
2024-08-27 10:10:39,28400.0,2000,Sell,234963967
2024-08-27 10:10:59,28400.0,2000,Sell,234964357
2024-08-27 10:11:31,28400.0,100,Sell,234965344
2024-08-27 10:11:33,28500.0,200,Buy,234965371
2024-08-27 10:11:56,28400.0,9500,Sell,234966028
2024-08-27 10:12:05,28500.0,100,Buy,234966286
2024-08-27 10:12:13,28500.0,100,Buy,234966517
2024-08-27 10:12:25,28400.0,100,Sell,234967059
2024-08-27 10:12:59,28500.0,3900,Buy,234967970
2024-08-27 10:13:05,28500.0,100,Buy,234968146
2024-08-27 10:13:09,28500.0,2000,Buy,234968229
2024-08-27 10:13:12,28400.0,100,Sell,234968296
2024-08-27 10:13:30,28400.0,100,Sell,234968848
2024-08-27 10:13:54,28500.0,500,Buy,234969665
2024-08-27 10:14:13,28500.0,1200,Buy,234970349
2024-08-27 10:14:16,28500.0,200,Buy,234970451
2024-08-27 10:14:17,28500.0,200,Buy,234970551
2024-08-27 10:14:22,28500.0,3000,Buy,234970683
2024-08-27 10:14:41,28500.0,300,Buy,234971231
2024-08-27 10:15:09,28500.0,5000,Buy,234972260
2024-08-27 10:15:13,28500.0,200,Buy,234972380
2024-08-27 10:15:20,28500.0,6000,Buy,234972595
2024-08-27 10:15:24,28500.0,2000,Buy,234972662
2024-08-27 10:15:27,28500.0,4000,Buy,234972710
2024-08-27 10:15:36,28500.0,13600,Buy,234972990
2024-08-27 10:15:41,28500.0,3000,Buy,234973314
2024-08-27 10:15:42,28500.0,4900,Buy,234973346
2024-08-27 10:15:59,28500.0,2200,Sell,234974094
2024-08-27 10:16:12,28500.0,100,Sell,234974684
2024-08-27 10:16:29,28500.0,1000,Sell,234975347
2024-08-27 10:16:51,28500.0,100,Sell,234975952
2024-08-27 10:17:06,28500.0,100,Sell,234976352
2024-08-27 10:17:13,28500.0,500,Sell,234976512
2024-08-27 10:18:02,28500.0,1000,Sell,234978028
2024-08-27 10:18:03,28500.0,1000,Sell,234978058
2024-08-27 10:18:08,28500.0,3000,Sell,234978224
2024-08-27 10:18:45,28500.0,100,Sell,234979619
2024-08-27 10:18:52,28500.0,500,Sell,234979869
2024-08-27 10:19:15,28600.0,30000,Buy,234980510
2024-08-27 10:19:29,28600.0,300,Buy,234980810
2024-08-27 10:20:07,28600.0,100,Buy,234982008
2024-08-27 10:20:19,28600.0,500,Buy,234982358
2024-08-27 10:20:33,28500.0,2600,Sell,234982825
2024-08-27 10:20:47,28500.0,500,Sell,234983298
2024-08-27 10:21:03,28500.0,100,Sell,234983767
2024-08-27 10:21:42,28500.0,100,Sell,234984722
2024-08-27 10:21:53,28500.0,4000,Sell,234985077
2024-08-27 10:22:13,28500.0,500,Sell,234985640
2024-08-27 10:22:25,28500.0,300,Sell,234985973
2024-08-27 10:22:26,28500.0,100,Sell,234985995
2024-08-27 10:22:55,28500.0,500,Sell,234986710
2024-08-27 10:23:28,28500.0,400,Sell,234987480
2024-08-27 10:23:38,28500.0,5000,Sell,234987703
2024-08-27 10:23:48,28500.0,100,Sell,234987947
2024-08-27 10:23:50,28500.0,800,Sell,234988002
2024-08-27 10:23:57,28500.0,3000,Sell,234988171
2024-08-27 10:24:09,28500.0,200,Sell,234988454
2024-08-27 10:24:16,28500.0,2000,Sell,234988668
2024-08-27 10:25:25,28500.0,500,Sell,234990092
2024-08-27 10:25:39,28500.0,3000,Sell,234990396
2024-08-27 10:26:00,28500.0,1000,Sell,234990811
2024-08-27 10:26:14,28500.0,3000,Sell,234991205
2024-08-27 10:26:26,28500.0,10000,Sell,234991419
2024-08-27 10:26:27,28500.0,3900,ATO/ATC,234991454
2024-08-27 10:27:43,28400.0,300,Sell,234992932
2024-08-27 10:28:04,28500.0,100,Buy,234993297
2024-08-27 10:28:31,28500.0,100,Buy,234993940
2024-08-27 10:28:40,28400.0,5000,Sell,234994071
2024-08-27 10:28:54,28500.0,400,Buy,234994261
2024-08-27 10:29:22,28500.0,500,Buy,234994734
2024-08-27 10:30:37,28500.0,100,Buy,234996394
2024-08-27 10:31:21,28500.0,3400,Buy,234997337
2024-08-27 10:31:46,28400.0,2000,Sell,234997773
2024-08-27 10:31:59,28400.0,2000,Sell,234997991
2024-08-27 10:32:01,28400.0,19300,Sell,234998021
2024-08-27 10:32:02,28400.0,29900,Buy,234998040
2024-08-27 10:32:22,28400.0,100,Buy,234998416
2024-08-27 10:32:25,28400.0,2700,Sell,234998451
2024-08-27 10:32:31,28400.0,1000,Sell,234998566
2024-08-27 10:34:06,28400.0,500,Sell,235000588
2024-08-27 10:34:45,28400.0,1000,Sell,235001042
2024-08-27 10:34:48,28400.0,800,Sell,235001110
2024-08-27 10:35:02,28400.0,10000,Sell,235001332
2024-08-27 10:35:07,28400.0,16700,Sell,235001450
2024-08-27 10:35:09,28400.0,200,Sell,235001553
2024-08-27 10:35:10,28400.0,100,Sell,235001568
2024-08-27 10:35:51,28400.0,100,Buy,235002385
2024-08-27 10:35:58,28400.0,300,Buy,235002484
2024-08-27 10:36:22,28400.0,1000,Buy,235003169
2024-08-27 10:36:50,28400.0,1000,Buy,235003628
2024-08-27 10:36:57,28400.0,1000,Buy,235003690
2024-08-27 10:37:39,28400.0,1000,Buy,235004358
2024-08-27 10:39:04,28400.0,100,Buy,235005696
2024-08-27 10:39:12,28400.0,100,Buy,235005843
2024-08-27 10:39:23,28400.0,100,Buy,235006021
2024-08-27 10:40:09,28400.0,3000,Buy,235006743
2024-08-27 10:40:18,28300.0,3000,Sell,235006937
2024-08-27 10:40:21,28400.0,500,Buy,235006995
2024-08-27 10:41:08,28400.0,200,Buy,235007728
2024-08-27 10:41:09,28400.0,400,Buy,235007741
2024-08-27 10:41:28,28400.0,100,Buy,235008404
2024-08-27 10:41:54,28400.0,2000,Buy,235008808
2024-08-27 10:42:15,28300.0,5000,Sell,235009133
2024-08-27 10:44:10,28300.0,10000,Sell,235011672
2024-08-27 10:44:34,28300.0,1000,Sell,235012356
2024-08-27 10:44:39,28300.0,700,Sell,235012469
2024-08-27 10:45:33,28400.0,300,Buy,235014323
2024-08-27 10:45:40,28300.0,800,Sell,235014586
2024-08-27 10:46:37,28300.0,16000,Sell,235016325
2024-08-27 10:46:37,28300.0,5000,Sell,235016353
2024-08-27 10:46:44,28300.0,100,Sell,235016559
2024-08-27 10:46:53,28300.0,100,Sell,235016804
2024-08-27 10:47:00,28300.0,100,Sell,235016991
2024-08-27 10:47:01,28300.0,3600,Sell,235017078
2024-08-27 10:47:33,28300.0,1000,Sell,235018209
2024-08-27 10:47:53,28300.0,1000,Sell,235019076
2024-08-27 10:48:22,28300.0,2500,Sell,235019970
2024-08-27 10:48:33,28300.0,86000,Buy,235020347
2024-08-27 10:49:02,28300.0,200,Buy,235021459
2024-08-27 10:49:23,28300.0,100,Buy,235022146
2024-08-27 10:49:25,28300.0,10000,Buy,235022230
2024-08-27 10:49:26,28200.0,300,Sell,235022245
2024-08-27 10:49:29,28300.0,2000,Buy,235022404
2024-08-27 10:49:32,28300.0,1000,Buy,235022535
2024-08-27 10:49:42,28300.0,200,Buy,235022842
2024-08-27 10:49:43,28200.0,400,Sell,235022864
2024-08-27 10:50:08,28200.0,2000,Sell,235023731
2024-08-27 10:50:14,28200.0,8000,Sell,235023957
2024-08-27 10:50:33,28200.0,8700,Sell,235024428
2024-08-27 10:50:39,28200.0,9000,Sell,235024586
2024-08-27 10:50:43,28200.0,800,Sell,235024696
2024-08-27 10:50:54,28200.0,10000,Sell,235025086
2024-08-27 10:51:01,28200.0,100,Sell,235025214
2024-08-27 10:51:03,28200.0,500,Sell,235025324
2024-08-27 10:51:48,28200.0,1000,Sell,235026607
2024-08-27 10:51:55,28200.0,200,Sell,235026863
2024-08-27 10:51:57,28200.0,5000,Sell,235026925
2024-08-27 10:52:10,28300.0,1500,Buy,235027316
2024-08-27 10:52:16,28300.0,100,Buy,235027506
2024-08-27 10:52:26,28300.0,200,Buy,235027756
2024-08-27 10:52:46,28300.0,100,Buy,235028124
2024-08-27 10:52:47,28300.0,100,Buy,235028140
2024-08-27 10:53:16,28300.0,2100,Buy,235028751
2024-08-27 10:53:39,28300.0,1500,Buy,235029225
2024-08-27 10:53:44,28300.0,300,Buy,235029320
2024-08-27 10:53:50,28300.0,2600,Buy,235029467
2024-08-27 10:53:51,28300.0,500,Buy,235029481
2024-08-27 10:53:52,28300.0,300,Buy,235029507
2024-08-27 10:54:02,28300.0,500,Buy,235029680
2024-08-27 10:54:04,28300.0,100,Buy,235029699
2024-08-27 10:54:07,28300.0,500,Buy,235029817
2024-08-27 10:54:18,28200.0,20000,Sell,235030008
2024-08-27 10:54:20,28300.0,2300,Buy,235030044
2024-08-27 10:54:36,28300.0,4000,Sell,235030285
2024-08-27 10:55:07,28300.0,300,Sell,235030778
2024-08-27 10:55:09,28300.0,200,Sell,235030799
2024-08-27 10:55:17,28300.0,7000,Sell,235030969
2024-08-27 10:55:21,28300.0,200,Sell,235031047
2024-08-27 10:55:51,28300.0,500,Sell,235031541
2024-08-27 10:56:30,28300.0,700,Sell,235032090
2024-08-27 10:57:18,28400.0,2000,Buy,235032755
2024-08-27 10:58:46,28400.0,200,Buy,235034069
2024-08-27 10:58:54,28400.0,200,Buy,235034160
2024-08-27 10:59:19,28400.0,100,Buy,235034513
2024-08-27 10:59:37,28400.0,500,Buy,235034768
2024-08-27 10:59:46,28400.0,1000,Buy,235034899
2024-08-27 11:01:30,28400.0,1500,Buy,235036232
2024-08-27 11:01:40,28300.0,200,Sell,235036345
2024-08-27 11:01:41,28400.0,10700,Buy,235036357
2024-08-27 11:02:04,28400.0,100,Buy,235036672
2024-08-27 11:02:13,28300.0,3000,Sell,235036950
2024-08-27 11:02:27,28300.0,5400,Buy,235037104
2024-08-27 11:02:32,28300.0,1000,Buy,235037209
2024-08-27 11:02:33,28300.0,600,Buy,235037229
2024-08-27 11:02:36,28300.0,100,Buy,235037265
2024-08-27 11:02:49,28300.0,900,Sell,235037457
2024-08-27 11:03:41,28300.0,800,Buy,235038261
2024-08-27 11:03:44,28300.0,400,Buy,235038309
2024-08-27 11:04:03,28300.0,100,Buy,235038584
2024-08-27 11:04:17,28300.0,700,Buy,235038747
2024-08-27 11:05:02,28200.0,200,Sell,235039477
2024-08-27 11:05:25,28300.0,100,Buy,235039846
2024-08-27 11:05:59,28200.0,100,Sell,235040536
2024-08-27 11:06:01,28300.0,10000,Buy,235040580
2024-08-27 11:06:43,28300.0,100,Buy,235041509
2024-08-27 11:07:42,28300.0,2000,Buy,235042608
2024-08-27 11:07:51,28300.0,700,Buy,235042809
2024-08-27 11:08:09,28200.0,46900,Buy,235043195
2024-08-27 11:08:19,28200.0,3100,Buy,235043367
2024-08-27 11:08:38,28200.0,100,Sell,235043767
2024-08-27 11:08:52,28200.0,3000,Sell,235043972
2024-08-27 11:08:57,28200.0,2800,Sell,235044053
2024-08-27 11:09:41,28200.0,700,Sell,235044853
2024-08-27 11:09:51,28200.0,800,Sell,235044983
2024-08-27 11:10:12,28200.0,2000,Sell,235045486
2024-08-27 11:10:27,28200.0,700,Sell,235045834
2024-08-27 11:10:32,28200.0,5300,Sell,235045928
2024-08-27 11:10:37,28200.0,1000,Sell,235046097
2024-08-27 11:10:41,28200.0,4900,Sell,235046187
2024-08-27 11:10:43,28200.0,10000,Sell,235046246
2024-08-27 11:10:52,28200.0,3000,Sell,235046529
2024-08-27 11:10:53,28200.0,1300,Sell,235046548
2024-08-27 11:11:03,28200.0,2000,Sell,235046747
2024-08-27 11:11:05,28200.0,17300,Sell,235046767
2024-08-27 11:11:39,28200.0,1500,Sell,235047903
2024-08-27 11:11:45,28200.0,2000,Sell,235048034
2024-08-27 11:11:53,28200.0,5000,Sell,235048239
2024-08-27 11:12:01,28200.0,2400,Sell,235048487
2024-08-27 11:12:08,28200.0,200,Buy,235048616
2024-08-27 11:12:27,28200.0,1000,Buy,235049111
2024-08-27 11:12:34,28100.0,10000,Sell,235049245
2024-08-27 11:12:35,28100.0,200,Sell,235049266
2024-08-27 11:13:11,28100.0,1000,Sell,235050171
2024-08-27 11:13:19,28100.0,8800,Sell,235050409
2024-08-27 11:13:25,28100.0,5000,Sell,235050534
2024-08-27 11:13:30,28100.0,4500,Sell,235050611
2024-08-27 11:13:44,28100.0,5400,Sell,235050897
2024-08-27 11:13:52,28200.0,100,Buy,235051117
2024-08-27 11:13:53,28100.0,500,Sell,235051159
2024-08-27 11:13:56,28100.0,2000,Sell,235051192
2024-08-27 11:14:17,28100.0,3000,Sell,235051659
2024-08-27 11:14:24,28100.0,500,Sell,235051774
2024-08-27 11:14:29,28100.0,5100,Sell,235051901
2024-08-27 11:14:31,28100.0,300,Sell,235051926
2024-08-27 11:14:42,28100.0,1000,Sell,235052114
2024-08-27 11:15:01,28100.0,800,Sell,235052555
2024-08-27 11:15:13,28100.0,500,Sell,235052785
2024-08-27 11:15:17,28100.0,2000,Sell,235052881
2024-08-27 11:15:23,28100.0,600,Sell,235052976
2024-08-27 11:15:25,28100.0,2400,Sell,235053001
2024-08-27 11:15:37,28100.0,9000,Sell,235053274
2024-08-27 11:15:44,28100.0,1000,Sell,235053432
2024-08-27 11:15:47,28200.0,300,Buy,235053465
2024-08-27 11:15:55,28200.0,500,Buy,235053628
2024-08-27 11:15:56,28100.0,10000,Sell,235053637
2024-08-27 11:16:07,28200.0,200,Buy,235053888
2024-08-27 11:16:16,28200.0,500,Buy,235054115
2024-08-27 11:16:18,28100.0,10000,Sell,235054132
2024-08-27 11:16:35,28100.0,1300,Sell,235054555
2024-08-27 11:16:44,28100.0,300,Sell,235054744
2024-08-27 11:17:02,28100.0,300,Sell,235055194
2024-08-27 11:17:07,28100.0,3000,Sell,235055268
2024-08-27 11:17:08,28100.0,4000,Sell,235055281
2024-08-27 11:17:14,28100.0,2500,Sell,235055376
2024-08-27 11:17:16,28100.0,12400,Sell,235055401
2024-08-27 11:17:25,28100.0,1000,Sell,235055529
2024-08-27 11:17:38,28100.0,3500,Sell,235055793
2024-08-27 11:17:42,28100.0,300,Buy,235055890
2024-08-27 11:17:47,28100.0,500,Buy,235056016
2024-08-27 11:17:49,28100.0,300,Buy,235056042
2024-08-27 11:17:51,28100.0,1000,Buy,235056078
2024-08-27 11:18:03,28100.0,900,Sell,235056261
2024-08-27 11:19:46,28100.0,500,Sell,235058142
2024-08-27 11:20:40,28100.0,10000,Sell,235058845
2024-08-27 11:20:50,28100.0,2500,Sell,235058971
2024-08-27 11:21:02,28200.0,200,Buy,235059132
2024-08-27 11:21:55,28100.0,2000,Sell,235059980
2024-08-27 11:22:00,28200.0,1000,Buy,235060069
2024-08-27 11:22:16,28200.0,1500,Buy,235060319
2024-08-27 11:22:32,28200.0,100,Buy,235060558
2024-08-27 11:22:35,28200.0,1300,Buy,235060609
2024-08-27 11:22:41,28200.0,1400,Buy,235060696
2024-08-27 11:22:49,28200.0,5000,Buy,235060789
2024-08-27 11:22:56,28100.0,2000,Sell,235060888
2024-08-27 11:23:04,28200.0,500,Buy,235061006
2024-08-27 11:23:16,28200.0,200,Buy,235061178
2024-08-27 11:23:22,28200.0,100,Buy,235061260
2024-08-27 11:23:45,28100.0,100,Sell,235061500
2024-08-27 11:23:51,28200.0,1500,Buy,235061576
2024-08-27 11:24:01,28200.0,5000,Buy,235061687
2024-08-27 11:24:06,28200.0,300,Buy,235061742
2024-08-27 11:24:09,28200.0,1000,Buy,235061758
2024-08-27 11:24:40,28200.0,500,Buy,235062148
2024-08-27 11:24:42,28200.0,100,Buy,235062163
2024-08-27 11:24:43,28100.0,50000,Sell,235062184
2024-08-27 11:25:00,28100.0,8900,Sell,235062432
2024-08-27 11:25:08,28100.0,100,Buy,235062552
2024-08-27 11:25:09,28100.0,3100,Buy,235062563
2024-08-27 11:25:15,28000.0,80000,Sell,235062642
2024-08-27 11:25:16,28000.0,5100,Sell,235062658
2024-08-27 11:25:36,28100.0,500,Buy,235062918
2024-08-27 11:25:38,28000.0,5000,Sell,235062958
2024-08-27 11:25:39,28000.0,23300,Sell,235062966
2024-08-27 11:25:49,28000.0,100,Buy,235063102
2024-08-27 11:25:50,28000.0,300,Buy,235063115
2024-08-27 11:25:58,28000.0,200,Buy,235063220
2024-08-27 11:26:03,28000.0,100,Buy,235063284
2024-08-27 11:26:09,27900.0,6600,Sell,235063352
2024-08-27 11:26:10,27900.0,100,Sell,235063363
2024-08-27 11:26:11,27900.0,1000,Sell,235063379
2024-08-27 11:26:12,28000.0,1000,Buy,235063404
2024-08-27 11:26:20,28000.0,500,Buy,235063493
2024-08-27 11:26:27,28000.0,500,Buy,235063582
2024-08-27 11:26:37,28000.0,100,Buy,235063871
2024-08-27 11:26:55,28000.0,100,Buy,235064105
2024-08-27 11:26:58,28000.0,100,Buy,235064139
2024-08-27 11:26:59,28000.0,300,Buy,235064157
2024-08-27 11:27:02,28000.0,10000,Buy,235064187
2024-08-27 11:27:08,28000.0,2000,Buy,235064275
2024-08-27 11:27:09,28000.0,10000,Buy,235064285
2024-08-27 11:27:10,28000.0,2000,Buy,235064294
2024-08-27 11:27:11,28000.0,300,Buy,235064302
2024-08-27 11:27:12,28000.0,3900,Buy,235064316
2024-08-27 11:27:31,28000.0,100,Sell,235064615
2024-08-27 11:27:47,28000.0,300,Sell,235064841
2024-08-27 11:27:49,28000.0,1200,Sell,235064865
2024-08-27 11:28:01,28000.0,1000,Sell,235065000
2024-08-27 11:28:18,28000.0,1200,Sell,235065352
2024-08-27 11:28:39,28000.0,2000,Sell,235065749
2024-08-27 11:29:07,28000.0,2000,Sell,235066379
2024-08-27 11:29:11,28000.0,3000,Sell,235066461
2024-08-27 11:29:14,28100.0,1200,Buy,235066495
2024-08-27 11:29:24,28100.0,2700,Buy,235066677
2024-08-27 11:29:36,28100.0,1100,Buy,235066885
2024-08-27 11:30:04,28000.0,1800,Sell,235067264
2024-08-27 13:00:09,28000.0,6300,Sell,235070239
2024-08-27 13:00:11,28100.0,5900,Buy,235070526
2024-08-27 13:00:12,28000.0,1300,Sell,235070667
2024-08-27 13:00:14,28000.0,600,Sell,235070874
2024-08-27 13:00:15,28000.0,800,Sell,235070931
2024-08-27 13:00:15,28000.0,2000,Sell,235070991
2024-08-27 13:00:16,28000.0,700,Sell,235071037
2024-08-27 13:00:16,28000.0,200,Sell,235071053
2024-08-27 13:00:26,28100.0,200,Buy,235071905
2024-08-27 13:00:41,28100.0,1200,Buy,235072487
2024-08-27 13:00:43,28100.0,100,Buy,235072551
2024-08-27 13:00:58,28100.0,1300,Buy,235072911
2024-08-27 13:01:24,28100.0,2000,Buy,235073483
2024-08-27 13:01:28,28100.0,1000,Buy,235073648
2024-08-27 13:01:39,28100.0,1000,Buy,235073921
2024-08-27 13:01:48,28100.0,1000,Buy,235074167
2024-08-27 13:01:50,28100.0,1000,Buy,235074246
2024-08-27 13:02:01,28100.0,100,Buy,235074502
2024-08-27 13:02:33,28100.0,1300,Buy,235075274
2024-08-27 13:02:38,28100.0,1000,Buy,235075395
2024-08-27 13:02:46,28100.0,100,Buy,235075649
2024-08-27 13:02:48,28100.0,100,Buy,235075715
2024-08-27 13:02:51,28100.0,200,Buy,235075779
2024-08-27 13:02:58,28100.0,600,Buy,235075954
2024-08-27 13:03:03,28100.0,200,Buy,235076084
2024-08-27 13:03:05,28100.0,700,Buy,235076126
2024-08-27 13:03:14,28100.0,1600,Sell,235076411
2024-08-27 13:03:18,28100.0,100,Sell,235076523
2024-08-27 13:03:37,28100.0,700,Sell,235077040
2024-08-27 13:03:39,28100.0,4000,Sell,235077138
2024-08-27 13:03:49,28100.0,100,Buy,235077452
2024-08-27 13:03:53,28100.0,900,Sell,235077543
2024-08-27 13:05:09,28100.0,1000,Sell,235079331
2024-08-27 13:06:28,28100.0,100,Sell,235081576
2024-08-27 13:06:50,28100.0,2000,Sell,235082272
2024-08-27 13:07:19,28200.0,100,Buy,235083003
2024-08-27 13:07:33,28100.0,7800,Sell,235083321
2024-08-27 13:09:11,28200.0,20000,Buy,235086342
2024-08-27 13:09:37,28200.0,1500,Buy,235087584
2024-08-27 13:09:50,28200.0,1500,Buy,235088043
2024-08-27 13:09:51,28200.0,1000,Buy,235088096
2024-08-27 13:09:54,28200.0,100,Buy,235088242
2024-08-27 13:09:56,28200.0,1100,Buy,235088323
2024-08-27 13:10:02,28200.0,500,Buy,235088549
2024-08-27 13:10:19,28200.0,1500,Buy,235089132
2024-08-27 13:10:21,28200.0,1000,Buy,235089172
2024-08-27 13:10:25,28200.0,2600,Buy,235089411
2024-08-27 13:10:28,28200.0,1900,Buy,235089482
2024-08-27 13:10:34,28200.0,5000,Buy,235089636
2024-08-27 13:10:38,28200.0,2000,Buy,235089871
2024-08-27 13:10:38,28200.0,1000,Buy,235089909
2024-08-27 13:10:39,28200.0,100,Buy,235089945
2024-08-27 13:10:46,28200.0,1000,Buy,235090196
2024-08-27 13:10:48,28200.0,11200,Sell,235090368
2024-08-27 13:11:14,28200.0,3000,Sell,235091444
2024-08-27 13:11:23,28300.0,100,Buy,235091732
2024-08-27 13:11:59,28300.0,2000,Buy,235093091
2024-08-27 13:12:12,28300.0,1600,Buy,235093528
2024-08-27 13:12:24,28300.0,100,Buy,235093895
2024-08-27 13:12:31,28300.0,100,Buy,235094106
2024-08-27 13:12:36,28300.0,100,Buy,235094220
2024-08-27 13:12:43,28300.0,2400,Buy,235094425
2024-08-27 13:12:54,28400.0,100,Buy,235094715
2024-08-27 13:13:02,28300.0,2500,Buy,235094961
2024-08-27 13:13:14,28300.0,800,Buy,235095264
2024-08-27 13:13:20,28300.0,100,Buy,235095444
2024-08-27 13:13:26,28300.0,3600,Buy,235095633
2024-08-27 13:13:27,28300.0,1400,Sell,235095665
2024-08-27 13:13:32,28300.0,1000,Buy,235095778
2024-08-27 13:14:13,28300.0,3000,Buy,235096904
2024-08-27 13:14:22,28300.0,100,Buy,235097217
2024-08-27 13:14:43,28200.0,200,Sell,235097778
2024-08-27 13:15:11,28200.0,10000,Sell,235098375
2024-08-27 13:15:35,28200.0,10000,Sell,235098925
2024-08-27 13:16:05,28300.0,100,Buy,235099820
2024-08-27 13:17:12,28300.0,100,Buy,235101534
2024-08-27 13:17:57,28200.0,9800,Buy,235102621
2024-08-27 13:18:01,28200.0,200,Buy,235102713
2024-08-27 13:18:05,28200.0,1000,Sell,235102827
2024-08-27 13:18:22,28200.0,10000,Sell,235103281
2024-08-27 13:18:29,28200.0,1700,Sell,235103449
2024-08-27 13:18:57,28200.0,200,Buy,235104145
2024-08-27 13:19:12,28200.0,100,Buy,235104544
2024-08-27 13:19:20,28200.0,1000,Buy,235104785
2024-08-27 13:19:41,28200.0,100,Buy,235105270
2024-08-27 13:20:15,28200.0,10000,Buy,235106045
2024-08-27 13:20:18,28200.0,5100,Buy,235106142
2024-08-27 13:20:22,28200.0,100,Buy,235106230
2024-08-27 13:20:23,28200.0,100,Buy,235106252
2024-08-27 13:20:30,28200.0,2200,Buy,235106445
2024-08-27 13:20:33,28200.0,200,Buy,235106498
2024-08-27 13:20:40,28200.0,1000,Buy,235106659
2024-08-27 13:20:48,28200.0,700,Buy,235106846
2024-08-27 13:21:45,28200.0,400,Sell,235108646
2024-08-27 13:21:55,28200.0,1000,Sell,235108931
2024-08-27 13:21:58,28200.0,200,Sell,235109006
2024-08-27 13:22:02,28200.0,200,Buy,235109143
2024-08-27 13:22:04,28200.0,200,Buy,235109190
2024-08-27 13:22:19,28200.0,10000,Buy,235109536
2024-08-27 13:22:40,28200.0,200,Buy,235110183
2024-08-27 13:22:51,28200.0,1400,Buy,235110563
2024-08-27 13:23:15,28300.0,100,Buy,235111170
2024-08-27 13:23:30,28200.0,1600,Sell,235111604
2024-08-27 13:24:03,28100.0,13800,Sell,235112439
2024-08-27 13:24:16,28100.0,14600,Sell,235112950
2024-08-27 13:25:26,28100.0,200,Sell,235114618
2024-08-27 13:25:57,28200.0,3200,Buy,235115171
2024-08-27 13:26:23,28200.0,100,Sell,235115740
2024-08-27 13:26:45,28200.0,200,Sell,235116177
2024-08-27 13:27:01,28200.0,1400,Sell,235116504
2024-08-27 13:27:20,28200.0,400,Buy,235116968
2024-08-27 13:27:21,28200.0,100,Buy,235116986
2024-08-27 13:27:42,28200.0,300,Buy,235117507
2024-08-27 13:27:52,28200.0,1300,Buy,235117734
2024-08-27 13:28:18,28200.0,200,Sell,235118305
2024-08-27 13:28:25,28200.0,6900,Sell,235118426
2024-08-27 13:28:34,28200.0,1000,Buy,235118665
2024-08-27 13:29:11,28200.0,4900,Buy,235119483
2024-08-27 13:30:08,28200.0,1800,Sell,235120769
2024-08-27 13:33:07,28200.0,400,Sell,235124890
2024-08-27 13:33:28,28200.0,10000,Sell,235125383
2024-08-27 13:33:42,28200.0,200,Sell,235125839
2024-08-27 13:34:25,28300.0,3000,Buy,235126971
2024-08-27 13:34:51,28300.0,5000,Buy,235127736
2024-08-27 13:35:14,28300.0,600,Buy,235128457
2024-08-27 13:35:36,28300.0,5800,Buy,235129173
2024-08-27 13:35:45,28300.0,100,Buy,235129439
2024-08-27 13:35:48,28300.0,300,Buy,235129546
2024-08-27 13:36:10,28300.0,300,Buy,235130301
2024-08-27 13:36:24,28300.0,3000,Buy,235130845
2024-08-27 13:36:28,28300.0,300,Buy,235131014
2024-08-27 13:37:19,28300.0,2000,Buy,235132880
2024-08-27 13:37:23,28300.0,10000,Buy,235132988
2024-08-27 13:37:27,28300.0,1000,Buy,235133144
2024-08-27 13:37:31,28300.0,1500,Buy,235133278
2024-08-27 13:37:32,28300.0,1000,Buy,235133313
2024-08-27 13:37:43,28300.0,400,Buy,235133660
2024-08-27 13:37:44,28300.0,300,Buy,235133671
2024-08-27 13:37:54,28300.0,200,Buy,235134029
2024-08-27 13:37:58,28300.0,8700,Sell,235134167
2024-08-27 13:38:27,28300.0,1000,Sell,235135038
2024-08-27 13:38:31,28400.0,5000,Buy,235135143
2024-08-27 13:38:39,28400.0,100,Buy,235135364
2024-08-27 13:38:46,28400.0,5000,Buy,235135574
2024-08-27 13:38:48,28400.0,5000,Buy,235135727
2024-08-27 13:38:53,28400.0,1000,Buy,235135901
2024-08-27 13:39:01,28400.0,300,Buy,235136258
2024-08-27 13:39:06,28400.0,5000,Buy,235136427
2024-08-27 13:39:11,28400.0,1000,Buy,235136578
2024-08-27 13:39:16,28400.0,100,Buy,235136694
2024-08-27 13:39:23,28400.0,5000,Buy,235136901
2024-08-27 13:39:30,28400.0,3500,Buy,235137115
2024-08-27 13:39:41,28400.0,2000,Buy,235137336
2024-08-27 13:39:42,28400.0,1700,Buy,235137375
2024-08-27 13:39:49,28400.0,1000,Buy,235137712
2024-08-27 13:39:53,28400.0,1000,Buy,235137824
2024-08-27 13:40:16,28300.0,10000,Sell,235138553
2024-08-27 13:41:05,28300.0,2000,Sell,235140058
2024-08-27 13:41:46,28300.0,200,Sell,235141523
2024-08-27 13:42:13,28300.0,500,Sell,235142297
2024-08-27 13:42:15,28400.0,2700,Buy,235142347
2024-08-27 13:42:17,28300.0,200,Sell,235142397
2024-08-27 13:43:00,28300.0,1500,Sell,235143567
2024-08-27 13:43:08,28400.0,400,Buy,235143777
2024-08-27 13:43:23,28400.0,100,Buy,235144182
2024-08-27 13:43:31,28300.0,700,Sell,235144401
2024-08-27 13:43:57,28400.0,300,Buy,235145042
2024-08-27 13:44:22,28400.0,100,Buy,235145647
2024-08-27 13:44:26,28400.0,1000,Buy,235145743
2024-08-27 13:44:27,28300.0,20000,Sell,235145764
2024-08-27 13:44:30,28300.0,2600,Sell,235145859
2024-08-27 13:44:34,28300.0,3000,Buy,235145970
2024-08-27 13:45:06,28300.0,6000,Buy,235146949
2024-08-27 13:45:24,28300.0,500,Buy,235147358
2024-08-27 13:45:46,28300.0,300,Buy,235147982
2024-08-27 13:46:30,28200.0,3000,Sell,235149208
2024-08-27 13:46:41,28200.0,1000,Sell,235149576
2024-08-27 13:46:49,28300.0,500,Buy,235149911
2024-08-27 13:47:08,28200.0,10000,Sell,235150528
2024-08-27 13:47:15,28200.0,21700,Buy,235150779
2024-08-27 13:47:19,28200.0,500,Buy,235150982
2024-08-27 13:47:20,28200.0,2000,Buy,235151025
2024-08-27 13:47:23,28200.0,100,Buy,235151157
2024-08-27 13:47:26,28200.0,200,Buy,235151239
2024-08-27 13:47:27,28200.0,100,Buy,235151267
2024-08-27 13:47:36,28200.0,2000,Buy,235151454
2024-08-27 13:47:40,28200.0,200,Buy,235151533
2024-08-27 13:47:46,28200.0,100,Buy,235151660
2024-08-27 13:47:50,28200.0,6100,Sell,235151769
2024-08-27 13:48:25,28200.0,1000,Sell,235152609
2024-08-27 13:48:31,28200.0,3000,Sell,235152714
2024-08-27 13:48:32,28200.0,1000,Sell,235152763
2024-08-27 13:48:39,28200.0,300,Sell,235152915
2024-08-27 13:49:02,28200.0,1700,Buy,235153349
2024-08-27 13:49:47,28200.0,4000,Buy,235154285
2024-08-27 13:49:53,28200.0,13000,Sell,235154378
2024-08-27 13:49:59,28200.0,2000,Buy,235154510
2024-08-27 13:50:07,28200.0,4800,Sell,235154666
2024-08-27 13:50:26,28200.0,1000,Sell,235155242
2024-08-27 13:50:29,28200.0,300,Sell,235155309
2024-08-27 13:50:57,28200.0,200,Sell,235155977
2024-08-27 13:51:16,28200.0,700,Sell,235156329
2024-08-27 13:51:25,28200.0,3000,Sell,235156490
2024-08-27 13:51:29,28200.0,200,Sell,235156587
2024-08-27 13:52:20,28200.0,1000,Sell,235157886
2024-08-27 13:52:40,28200.0,5000,Sell,235158311
2024-08-27 13:52:43,28200.0,2000,Sell,235158359
2024-08-27 13:52:59,28300.0,5000,Buy,235158644
2024-08-27 13:53:24,28200.0,500,Sell,235159107
2024-08-27 13:54:22,28200.0,5000,Sell,235160203
2024-08-27 13:55:12,28200.0,3000,Sell,235161572
2024-08-27 13:56:09,28200.0,200,Sell,235162764
2024-08-27 13:56:19,28200.0,1000,Sell,235162936
2024-08-27 13:57:03,28200.0,500,Sell,235163803
2024-08-27 13:57:07,28200.0,5000,Sell,235163893
2024-08-27 13:57:09,28200.0,3000,Sell,235163925
2024-08-27 13:57:33,28200.0,300,Sell,235164390
2024-08-27 13:57:55,28200.0,100,Sell,235164789
2024-08-27 13:58:24,28200.0,4000,Sell,235165369
2024-08-27 13:58:48,28200.0,1000,Sell,235165838
2024-08-27 13:59:25,28200.0,3000,Sell,235166586
2024-08-27 14:00:31,28300.0,300,Buy,235168170
2024-08-27 14:00:43,28300.0,200,Buy,235168540
2024-08-27 14:00:44,28200.0,3000,Sell,235168567
2024-08-27 14:01:28,28300.0,600,Buy,235170027
2024-08-27 14:01:46,28300.0,200,Buy,235170650
2024-08-27 14:01:49,28300.0,1000,Buy,235170752
2024-08-27 14:01:50,28300.0,32700,Buy,235170772
2024-08-27 14:01:51,28300.0,4200,Buy,235170846
2024-08-27 14:01:52,28300.0,7700,Buy,235170872
2024-08-27 14:01:54,28300.0,600,Buy,235170933
2024-08-27 14:01:55,28300.0,6400,Buy,235170962
2024-08-27 14:01:58,28400.0,200,Buy,235171074
2024-08-27 14:02:22,28400.0,300,Buy,235171715
2024-08-27 14:02:25,28400.0,100,Buy,235171814
2024-08-27 14:02:26,28400.0,600,Buy,235171868
2024-08-27 14:02:37,28400.0,100,Buy,235172172
2024-08-27 14:02:42,28400.0,1000,Buy,235172287
2024-08-27 14:02:56,28400.0,1400,Buy,235172681
2024-08-27 14:03:05,28400.0,1000,Buy,235172963
2024-08-27 14:03:13,28400.0,100,Buy,235173183
2024-08-27 14:03:18,28400.0,1000,Buy,235173305
2024-08-27 14:03:26,28400.0,1000,Buy,235173481
2024-08-27 14:03:32,28400.0,2600,Buy,235173678
2024-08-27 14:03:55,28400.0,1300,Sell,235174377
2024-08-27 14:04:12,28400.0,500,Sell,235174845
2024-08-27 14:04:24,28400.0,1000,Sell,235175157
2024-08-27 14:04:41,28400.0,2300,Buy,235175838
2024-08-27 14:04:51,28300.0,500,Sell,235176435
2024-08-27 14:05:33,28400.0,500,Buy,235177876
2024-08-27 14:05:38,28400.0,5000,Buy,235178009
2024-08-27 14:05:47,28400.0,100,Buy,235178136
2024-08-27 14:05:50,28400.0,1000,Buy,235178257
2024-08-27 14:05:52,28400.0,1000,Buy,235178289
2024-08-27 14:05:54,28400.0,300,Buy,235178343
2024-08-27 14:05:56,28400.0,300,Buy,235178387
2024-08-27 14:06:04,28400.0,2800,Buy,235178635
2024-08-27 14:06:07,28400.0,1000,Buy,235178710
2024-08-27 14:06:17,28400.0,100,Buy,235178949
2024-08-27 14:06:27,28400.0,1100,Buy,235179153
2024-08-27 14:06:39,28400.0,400,Sell,235179518
2024-08-27 14:07:09,28400.0,500,Buy,235180459
2024-08-27 14:07:14,28400.0,200,Buy,235180603
2024-08-27 14:07:19,28300.0,400,Sell,235180758
2024-08-27 14:07:33,28500.0,300,Buy,235181087
2024-08-27 14:07:39,28400.0,1000,Sell,235181276
2024-08-27 14:08:25,28400.0,300,Sell,235182664
2024-08-27 14:08:32,28400.0,200,Sell,235182912
2024-08-27 14:08:33,28500.0,200,Buy,235182944
2024-08-27 14:09:25,28400.0,4300,Sell,235184409
2024-08-27 14:09:52,28400.0,100,Buy,235185127
2024-08-27 14:09:55,28400.0,2000,Buy,235185230
2024-08-27 14:09:57,28300.0,1500,Sell,235185263
2024-08-27 14:11:10,28300.0,2000,Sell,235186972
2024-08-27 14:11:19,28300.0,1000,Sell,235187204
2024-08-27 14:12:34,28300.0,500,Sell,235189280
2024-08-27 14:12:52,28300.0,10000,Sell,235189785
2024-08-27 14:12:55,28400.0,5000,Buy,235189869
2024-08-27 14:13:43,28300.0,20000,Sell,235191340
2024-08-27 14:13:53,28300.0,20000,Sell,235191595
2024-08-27 14:13:56,28300.0,400,Sell,235191685
2024-08-27 14:14:00,28300.0,6000,Sell,235191781
2024-08-27 14:14:03,28300.0,100,Sell,235191913
2024-08-27 14:14:04,28300.0,1100,Buy,235191931
2024-08-27 14:14:26,28200.0,3000,Sell,235192931
2024-08-27 14:15:31,28200.0,100,Sell,235195308
2024-08-27 14:15:36,28200.0,500,Sell,235195409
2024-08-27 14:15:50,28200.0,5000,Sell,235195809
2024-08-27 14:15:52,28200.0,5000,Sell,235195872
2024-08-27 14:16:21,28200.0,1500,Sell,235196923
2024-08-27 14:16:44,28300.0,3000,Buy,235197586
2024-08-27 14:17:01,28300.0,100,Buy,235198076
2024-08-27 14:17:06,28300.0,1000,Buy,235198233
2024-08-27 14:17:36,28300.0,9000,Buy,235199386
2024-08-27 14:17:46,28300.0,100,Buy,235199802
2024-08-27 14:17:55,28300.0,1000,Buy,235200050
2024-08-27 14:18:17,28200.0,400,Sell,235200758
2024-08-27 14:18:23,28200.0,2500,Sell,235200983
2024-08-27 14:19:36,28200.0,3000,Sell,235203036
2024-08-27 14:20:22,28200.0,500,Sell,235204178
2024-08-27 14:20:43,28200.0,2000,Sell,235204703
2024-08-27 14:22:00,28200.0,1000,Sell,235207166
2024-08-27 14:22:08,28300.0,10000,Buy,235207404
2024-08-27 14:22:21,28300.0,500,Buy,235207797
2024-08-27 14:22:37,28300.0,600,Buy,235208374
2024-08-27 14:23:24,28300.0,500,Buy,235210194
2024-08-27 14:23:44,28300.0,200,Buy,235211073
2024-08-27 14:23:48,28300.0,1000,Buy,235211201
2024-08-27 14:23:50,28300.0,500,Buy,235211253
2024-08-27 14:24:01,28300.0,39600,Sell,235211700
2024-08-27 14:24:07,28300.0,500,Sell,235211983
2024-08-27 14:25:14,28300.0,5000,Sell,235214679
2024-08-27 14:25:22,28300.0,200,Sell,235214923
2024-08-27 14:25:34,28300.0,3000,Sell,235215441
2024-08-27 14:26:00,28400.0,10000,Buy,235216382
2024-08-27 14:26:09,28400.0,5000,Buy,235216807
2024-08-27 14:26:40,28400.0,500,Buy,235218015
2024-08-27 14:26:43,28400.0,300,Buy,235218108
2024-08-27 14:26:47,28400.0,7900,Buy,235218247
2024-08-27 14:27:00,28400.0,500,Sell,235218783
2024-08-27 14:27:08,28400.0,200,Sell,235219102
2024-08-27 14:27:14,28400.0,800,Sell,235219273
2024-08-27 14:27:23,28400.0,1000,Buy,235219652
2024-08-27 14:27:33,28400.0,1000,Buy,235219983
2024-08-27 14:27:54,28400.0,700,Buy,235220757
2024-08-27 14:28:40,28400.0,2500,Buy,235222587
2024-08-27 14:29:04,28400.0,100,Buy,235223573
2024-08-27 14:29:19,28400.0,400,Buy,235224321
2024-08-27 14:29:23,28400.0,500,Buy,235224510
2024-08-27 14:29:42,28300.0,3000,Sell,235225396
2024-08-27 14:29:50,28300.0,100,Sell,235225720
2024-08-27 14:29:52,28400.0,10000,Buy,235225783
2024-08-27 14:45:11,28500.0,74200,Buy,235227263
2024-08-27 14:47:07,28500.0,100,Buy,235227400
2024-08-27 14:49:01,28500.0,100,Buy,235227487
2024-08-27 14:50:12,28500.0,100,Buy,235227537
2024-08-27 14:52:45,28500.0,200,Sell,235227652
