time,price,volume,match_type,id
2024-08-20 09:00:08,27800.0,300,Buy,232872008
2024-08-20 09:00:20,27500.0,600,Sell,232872100
2024-08-20 09:02:15,27400.0,1400,Sell,232872339
2024-08-20 09:05:33,27500.0,200,Buy,232872719
2024-08-20 09:05:41,27600.0,2000,Buy,232872746
2024-08-20 09:06:45,27600.0,3000,Buy,232872872
2024-08-20 09:06:56,27600.0,200,Buy,232872893
2024-08-20 09:07:46,27500.0,200,Sell,232873007
2024-08-20 09:08:29,27600.0,200,Buy,232873099
2024-08-20 09:09:42,27600.0,100,Buy,232873251
2024-08-20 09:11:24,27600.0,200,Buy,232873471
2024-08-20 09:12:04,27600.0,500,Buy,232873541
2024-08-20 09:12:48,27600.0,500,Buy,232873653
2024-08-20 09:12:52,27500.0,500,Sell,232873660
2024-08-20 09:13:13,27500.0,4000,Sell,232873705
2024-08-20 09:13:43,27500.0,300,Sell,232873761
2024-08-20 09:14:08,27500.0,2000,Sell,232873804
2024-08-20 09:14:20,27600.0,200,Buy,232873831
2024-08-20 09:15:23,27600.0,1000,Buy,232874604
2024-08-20 09:16:49,27500.0,300,Sell,232876418
2024-08-20 09:16:50,27600.0,600,Buy,232876430
2024-08-20 09:16:51,27500.0,4800,Sell,232876459
2024-08-20 09:17:15,27600.0,200,Buy,232877052
2024-08-20 09:17:38,27500.0,600,Sell,232877676
2024-08-20 09:17:53,27500.0,1500,Buy,232878019
2024-08-20 09:17:57,27500.0,100,Buy,232878087
2024-08-20 09:18:02,27500.0,500,Buy,232878231
2024-08-20 09:18:15,27500.0,100,Buy,232878511
2024-08-20 09:18:39,27500.0,200,Buy,232879117
2024-08-20 09:20:10,27500.0,200,Buy,232881610
2024-08-20 09:20:19,27500.0,500,Buy,232881805
2024-08-20 09:20:32,27500.0,1100,Buy,232882118
2024-08-20 09:20:43,27500.0,3200,Buy,232882376
2024-08-20 09:20:58,27500.0,800,Buy,232882749
2024-08-20 09:21:24,27500.0,500,Buy,232883372
2024-08-20 09:21:51,27500.0,2000,Buy,232884064
2024-08-20 09:22:30,27500.0,100,Buy,232885083
2024-08-20 09:22:45,27500.0,10000,Buy,232885569
2024-08-20 09:22:59,27500.0,10000,Buy,232885907
2024-08-20 09:23:06,27500.0,200,Buy,232886087
2024-08-20 09:23:15,27500.0,1000,Buy,232886376
2024-08-20 09:23:29,27500.0,24500,Sell,232886627
2024-08-20 09:23:45,27500.0,500,Sell,232887061
2024-08-20 09:23:48,27500.0,400,Sell,232887241
2024-08-20 09:24:15,27500.0,600,Buy,232888057
2024-08-20 09:24:32,27500.0,100,Buy,232888481
2024-08-20 09:25:38,27500.0,200,Buy,232890114
2024-08-20 09:26:02,27500.0,200,Buy,232891007
2024-08-20 09:26:11,27500.0,100,Buy,232891224
2024-08-20 09:26:30,27500.0,200,Buy,232891659
2024-08-20 09:26:42,27500.0,2000,Buy,232891966
2024-08-20 09:27:30,27500.0,100,Buy,232893337
2024-08-20 09:27:40,27500.0,100,Buy,232893580
2024-08-20 09:28:29,27500.0,400,Buy,232894861
2024-08-20 09:28:58,27500.0,100,Buy,232895627
2024-08-20 09:29:01,27500.0,100,Buy,232895711
2024-08-20 09:29:04,27500.0,300,Buy,232895799
2024-08-20 09:29:22,27500.0,300,Buy,232896233
2024-08-20 09:29:29,27500.0,500,Buy,232896451
2024-08-20 09:29:51,27500.0,100,Buy,232897022
2024-08-20 09:30:05,27500.0,200,Buy,232897335
2024-08-20 09:30:24,27500.0,200,Buy,232897759
2024-08-20 09:30:26,27500.0,1000,Buy,232897790
2024-08-20 09:30:28,27500.0,400,Buy,232897828
2024-08-20 09:30:37,27500.0,1000,Buy,232898030
2024-08-20 09:30:40,27500.0,100,Buy,232898108
2024-08-20 09:31:00,27500.0,100,Buy,232898633
2024-08-20 09:31:11,27500.0,200,Buy,232898928
2024-08-20 09:31:16,27500.0,100,Buy,232899148
2024-08-20 09:31:26,27500.0,2000,Buy,232899394
2024-08-20 09:31:42,27500.0,100,Buy,232899711
2024-08-20 09:31:43,27500.0,200,Buy,232899742
2024-08-20 09:32:05,27500.0,100,Buy,232900358
2024-08-20 09:32:07,27500.0,100,Buy,232900400
2024-08-20 09:32:16,27500.0,200,Buy,232900661
2024-08-20 09:32:28,27500.0,1000,Buy,232901006
2024-08-20 09:32:54,27500.0,5000,Buy,232901707
2024-08-20 09:33:00,27500.0,6500,Buy,232901897
2024-08-20 09:33:03,27500.0,200,Buy,232901978
2024-08-20 09:33:10,27500.0,500,Buy,232902174
2024-08-20 09:33:11,27500.0,500,Buy,232902217
2024-08-20 09:33:13,27500.0,500,Buy,232902294
2024-08-20 09:33:18,27500.0,300,Buy,232902405
2024-08-20 09:33:23,27500.0,300,Buy,232902526
2024-08-20 09:33:33,27500.0,200,Buy,232902826
2024-08-20 09:33:48,27400.0,10000,Sell,232903169
2024-08-20 09:33:49,27500.0,500,Buy,232903199
2024-08-20 09:33:59,27500.0,600,Buy,232903470
2024-08-20 09:34:07,27500.0,500,Buy,232903624
2024-08-20 09:34:14,27500.0,1000,Buy,232903792
2024-08-20 09:34:23,27500.0,200,Buy,232904053
2024-08-20 09:34:24,27500.0,300,Sell,232904072
2024-08-20 09:34:33,27500.0,100,Sell,232904370
2024-08-20 09:34:46,27500.0,300,Buy,232904702
2024-08-20 09:34:59,27500.0,600,Buy,232905122
2024-08-20 09:35:32,27500.0,1900,Sell,232906025
2024-08-20 09:35:43,27600.0,200,Buy,232906338
2024-08-20 09:35:46,27500.0,3000,Sell,232906420
2024-08-20 09:36:12,27500.0,500,Sell,232907049
2024-08-20 09:36:16,27500.0,1900,Sell,232907151
2024-08-20 09:36:29,27500.0,200,Buy,232907499
2024-08-20 09:36:35,27500.0,100,Buy,232907767
2024-08-20 09:36:39,27500.0,700,Buy,232907901
2024-08-20 09:37:03,27500.0,200,Buy,232908553
2024-08-20 09:37:20,27500.0,100,Buy,232908967
2024-08-20 09:37:42,27500.0,500,Buy,232909643
2024-08-20 09:38:23,27500.0,200,Buy,232911066
2024-08-20 09:38:35,27500.0,1300,Buy,232911476
2024-08-20 09:38:57,27500.0,200,Buy,232912214
2024-08-20 09:39:07,27500.0,500,Buy,232912563
2024-08-20 09:39:15,27500.0,100,Buy,232912813
2024-08-20 09:39:25,27500.0,100,Buy,232913258
2024-08-20 09:39:33,27500.0,200,Buy,232913585
2024-08-20 09:39:34,27500.0,2000,Buy,232913601
2024-08-20 09:39:39,27500.0,100,Buy,232913721
2024-08-20 09:39:43,27500.0,200,Buy,232913820
2024-08-20 09:39:49,27500.0,3000,Buy,232914016
2024-08-20 09:39:58,27500.0,1000,Buy,232914212
2024-08-20 09:39:59,27500.0,800,Buy,232914247
2024-08-20 09:40:03,27500.0,3500,Buy,232914438
2024-08-20 09:40:07,27500.0,1600,Buy,232914554
2024-08-20 09:41:03,27600.0,200,Buy,232915990
2024-08-20 09:41:23,27600.0,2000,Buy,232916501
2024-08-20 09:42:16,27600.0,1000,Buy,232917898
2024-08-20 09:42:23,27600.0,200,Buy,232918116
2024-08-20 09:42:36,27600.0,200,Buy,232918468
2024-08-20 09:42:44,27600.0,6700,Buy,232918739
2024-08-20 09:42:47,27500.0,500,Sell,232918808
2024-08-20 09:42:57,27500.0,1000,Sell,232919088
2024-08-20 09:43:14,27500.0,500,Sell,232919589
2024-08-20 09:43:55,27600.0,1000,Buy,232921125
2024-08-20 09:43:57,27600.0,100,Buy,232921204
2024-08-20 09:44:14,27600.0,200,Buy,232921994
2024-08-20 09:44:51,27600.0,20000,Buy,232922907
2024-08-20 09:45:10,27600.0,300,Buy,232923454
2024-08-20 09:45:13,27600.0,40000,Buy,232923546
2024-08-20 09:45:18,27600.0,100,Buy,232923733
2024-08-20 09:45:23,27600.0,17000,Buy,232923886
2024-08-20 09:45:25,27600.0,100,Buy,232923935
2024-08-20 09:45:34,27600.0,1000,Buy,232924141
2024-08-20 09:45:55,27600.0,5100,Sell,232924624
2024-08-20 09:46:02,27600.0,600,Sell,232924789
2024-08-20 09:46:38,27700.0,200,Buy,232925672
2024-08-20 09:47:03,27600.0,500,Sell,232926490
2024-08-20 09:47:21,27600.0,4000,Sell,232926913
2024-08-20 09:47:23,27600.0,2900,Sell,232926980
2024-08-20 09:47:32,27600.0,100,Buy,232927213
2024-08-20 09:47:59,27600.0,100,Buy,232928033
2024-08-20 09:48:02,27600.0,900,Buy,232928079
2024-08-20 09:48:07,27600.0,1000,Buy,232928229
2024-08-20 09:48:12,27600.0,2000,Buy,232928398
2024-08-20 09:48:29,27600.0,1000,Buy,232928830
2024-08-20 09:48:37,27600.0,100,Buy,232929023
2024-08-20 09:48:53,27600.0,400,Buy,232929494
2024-08-20 09:49:21,27600.0,200,Buy,232930210
2024-08-20 09:49:23,27600.0,500,Buy,232930336
2024-08-20 09:50:10,27600.0,2000,Buy,232931791
2024-08-20 09:50:27,27600.0,100,Buy,232932285
2024-08-20 09:50:42,27600.0,100,Buy,232932912
2024-08-20 09:51:12,27600.0,400,Buy,232933947
2024-08-20 09:51:32,27600.0,400,Buy,232934790
2024-08-20 09:51:53,27600.0,500,Buy,232935342
2024-08-20 09:52:02,27600.0,100,Buy,232935557
2024-08-20 09:52:25,27500.0,1000,Sell,232936378
2024-08-20 09:52:43,27600.0,100,Buy,232936892
2024-08-20 09:53:22,27600.0,200,Buy,232938230
2024-08-20 09:53:37,27600.0,6000,Buy,232938651
2024-08-20 09:54:12,27600.0,1000,Buy,232939836
2024-08-20 09:54:41,27600.0,1000,Buy,232940488
2024-08-20 09:54:43,27600.0,100,Buy,232940530
2024-08-20 09:55:48,27600.0,500,Buy,232942296
2024-08-20 09:56:04,27600.0,100,Buy,232942669
2024-08-20 09:57:13,27500.0,10000,Sell,232944699
2024-08-20 09:57:25,27600.0,200,Buy,232944974
2024-08-20 09:57:35,27500.0,500,Sell,232945312
2024-08-20 09:58:46,27600.0,100,Buy,232947593
2024-08-20 09:59:06,27500.0,800,Sell,232948050
2024-08-20 09:59:17,27500.0,500,Sell,232948544
2024-08-20 10:00:00,27500.0,500,Sell,232949786
2024-08-20 10:00:02,27500.0,20000,Sell,232949815
2024-08-20 10:00:06,27600.0,200,Buy,232949938
2024-08-20 10:00:55,27500.0,1400,Sell,232951373
2024-08-20 10:01:27,27600.0,100,Buy,232952221
2024-08-20 10:02:48,27600.0,100,Buy,232954451
2024-08-20 10:03:17,27500.0,61200,Sell,232955313
2024-08-20 10:03:34,27500.0,1000,Buy,232955694
2024-08-20 10:03:45,27500.0,300,Buy,232956099
2024-08-20 10:03:47,27500.0,500,Buy,232956140
2024-08-20 10:03:52,27500.0,200,Buy,232956289
2024-08-20 10:04:09,27500.0,200,Buy,232956718
2024-08-20 10:04:51,27500.0,100,Buy,232957868
2024-08-20 10:05:01,27500.0,3500,Buy,232958163
2024-08-20 10:05:30,27500.0,100,Buy,232959108
2024-08-20 10:06:18,27500.0,500,Buy,232960455
2024-08-20 10:06:35,27500.0,2000,Buy,232960898
2024-08-20 10:06:50,27500.0,100,Buy,232961242
2024-08-20 10:08:11,27400.0,6200,Sell,232963192
2024-08-20 10:08:56,27400.0,600,Sell,232964246
2024-08-20 10:09:32,27500.0,100,Buy,232965196
2024-08-20 10:10:18,27400.0,9600,Sell,232966416
2024-08-20 10:10:52,27400.0,1500,Sell,232967305
2024-08-20 10:10:53,27500.0,100,Buy,232967322
2024-08-20 10:11:40,27500.0,1000,Buy,232968688
2024-08-20 10:11:41,27500.0,1100,Buy,232968718
2024-08-20 10:11:48,27500.0,1000,Buy,232968870
2024-08-20 10:11:53,27400.0,4100,Sell,232969143
2024-08-20 10:12:14,27500.0,200,Buy,232969845
2024-08-20 10:12:45,27500.0,74000,Buy,232970742
2024-08-20 10:12:52,27500.0,26000,Sell,232971071
2024-08-20 10:13:10,27400.0,100,Sell,232971528
2024-08-20 10:13:33,27500.0,100,Buy,232972222
2024-08-20 10:14:05,27500.0,200,Buy,232972977
2024-08-20 10:14:45,27400.0,200,Sell,232973760
2024-08-20 10:14:55,27500.0,200,Buy,232974030
2024-08-20 10:15:20,27500.0,700,Buy,232974777
2024-08-20 10:15:37,27500.0,2000,Buy,232975413
2024-08-20 10:16:16,27500.0,100,Buy,232976254
2024-08-20 10:17:25,27400.0,5000,Sell,232977975
2024-08-20 10:17:37,27500.0,100,Buy,232978257
2024-08-20 10:18:58,27500.0,200,Buy,232980100
2024-08-20 10:19:34,27500.0,1000,Buy,232980913
2024-08-20 10:20:18,27500.0,100,Buy,232981805
2024-08-20 10:21:39,27500.0,100,Buy,232983858
2024-08-20 10:22:20,27400.0,100,Sell,232984638
2024-08-20 10:22:56,27400.0,100,Sell,232985412
2024-08-20 10:23:00,27500.0,200,Buy,232985498
2024-08-20 10:23:13,27500.0,2000,Buy,232985758
2024-08-20 10:23:15,27400.0,500,Sell,232985803
2024-08-20 10:23:19,27400.0,2000,Sell,232985896
2024-08-20 10:23:44,27400.0,2000,Sell,232986464
2024-08-20 10:24:21,27500.0,100,Buy,232987058
2024-08-20 10:24:29,27400.0,1500,Sell,232987173
2024-08-20 10:24:39,27400.0,100,Sell,232987351
2024-08-20 10:24:58,27400.0,3000,Sell,232987730
2024-08-20 10:25:11,27400.0,500,Sell,232988025
2024-08-20 10:25:22,27500.0,100,Buy,232988233
2024-08-20 10:25:36,27400.0,600,Sell,232988504
2024-08-20 10:25:42,27500.0,200,Buy,232988584
2024-08-20 10:25:57,27500.0,500,Buy,232988863
2024-08-20 10:26:37,27500.0,200,Buy,232989649
2024-08-20 10:26:40,27400.0,2000,Sell,232989688
2024-08-20 10:27:02,27500.0,100,Buy,232990099
2024-08-20 10:27:10,27400.0,200,Sell,232990195
2024-08-20 10:28:23,27500.0,100,Buy,232991423
2024-08-20 10:29:16,27500.0,100,Buy,232992495
2024-08-20 10:29:44,27400.0,1200,Sell,232993309
2024-08-20 10:29:56,27400.0,100,Sell,232993560
2024-08-20 10:30:41,27400.0,1000,Sell,232995012
2024-08-20 10:31:05,27500.0,100,Buy,232995671
2024-08-20 10:31:13,27400.0,200,Sell,232995907
2024-08-20 10:31:53,27400.0,100,Sell,232996551
2024-08-20 10:31:59,27400.0,100,Sell,232996670
2024-08-20 10:32:19,27400.0,400,Sell,232996919
2024-08-20 10:32:26,27500.0,100,Buy,232996998
2024-08-20 10:33:46,27500.0,200,Buy,232998653
2024-08-20 10:34:09,27400.0,100,Sell,232999062
2024-08-20 10:35:06,27400.0,10000,Sell,232999866
2024-08-20 10:35:07,27500.0,100,Buy,232999887
2024-08-20 10:35:13,27500.0,1000,Buy,232999960
2024-08-20 10:36:09,27400.0,100,Sell,233000945
2024-08-20 10:36:28,27500.0,200,Buy,233001257
2024-08-20 10:36:45,27400.0,500,Sell,233001622
2024-08-20 10:37:03,27400.0,300,Sell,233001914
2024-08-20 10:37:17,27400.0,1500,Sell,233002165
2024-08-20 10:37:49,27500.0,100,Buy,233002667
2024-08-20 10:39:09,27500.0,100,Buy,233003823
2024-08-20 10:40:16,27500.0,100,Buy,233004902
2024-08-20 10:40:30,27500.0,200,Buy,233005074
2024-08-20 10:41:08,27500.0,2500,Buy,233005561
2024-08-20 10:41:12,27500.0,6000,Buy,233005621
2024-08-20 10:41:37,27500.0,100,Buy,233005924
2024-08-20 10:41:51,27500.0,100,Buy,233006059
2024-08-20 10:42:11,27500.0,2000,Buy,233006266
2024-08-20 10:43:02,27500.0,300,Buy,233007226
2024-08-20 10:43:12,27500.0,100,Buy,233007365
2024-08-20 10:43:23,27500.0,100,Buy,233007535
2024-08-20 10:43:45,27500.0,100,Buy,233007894
2024-08-20 10:44:18,27400.0,1000,Sell,233008335
2024-08-20 10:44:33,27500.0,200,Buy,233008674
2024-08-20 10:45:37,27500.0,100,Buy,233009596
2024-08-20 10:45:40,27500.0,1000,Buy,233009629
2024-08-20 10:45:53,27500.0,600,Buy,233009763
2024-08-20 10:46:15,27500.0,700,Buy,233010068
2024-08-20 10:46:22,27500.0,100,Buy,233010159
2024-08-20 10:46:29,27500.0,1000,Buy,233010249
2024-08-20 10:46:35,27400.0,2000,Sell,233010329
2024-08-20 10:46:36,27500.0,500,Buy,233010349
2024-08-20 10:47:13,27500.0,200,Buy,233010828
2024-08-20 10:47:15,27500.0,500,Buy,233010844
2024-08-20 10:47:16,27500.0,100,Buy,233010859
2024-08-20 10:47:53,27500.0,1000,Buy,233011234
2024-08-20 10:48:35,27500.0,100,Buy,233011878
2024-08-20 10:49:00,27500.0,500,Buy,233012238
2024-08-20 10:49:56,27500.0,100,Buy,233012882
2024-08-20 10:50:27,27500.0,100,Buy,233013430
2024-08-20 10:50:29,27400.0,400,Sell,233013445
2024-08-20 10:50:50,27400.0,1200,Sell,233013776
2024-08-20 10:51:17,27500.0,200,Buy,233014255
2024-08-20 10:52:37,27500.0,100,Buy,233015574
2024-08-20 10:53:05,27400.0,500,Sell,233015938
2024-08-20 10:53:15,27400.0,100,Sell,233016298
2024-08-20 10:53:43,27400.0,600,Sell,233016908
2024-08-20 10:53:58,27500.0,100,Buy,233017183
2024-08-20 10:54:51,27400.0,10000,Sell,233018116
2024-08-20 10:55:19,27500.0,200,Buy,233018814
2024-08-20 10:56:39,27400.0,20000,Sell,233020479
2024-08-20 10:56:40,27500.0,100,Buy,233020486
2024-08-20 10:57:28,27400.0,300,Sell,233021371
2024-08-20 10:57:42,27400.0,1500,Sell,233021637
2024-08-20 10:58:01,27500.0,200,Buy,233021987
2024-08-20 10:58:43,27400.0,200,Sell,233022818
2024-08-20 10:58:50,27400.0,6000,Sell,233023161
2024-08-20 10:58:51,27400.0,600,Sell,233023183
2024-08-20 10:59:15,27400.0,34000,Sell,233023564
2024-08-20 10:59:16,27400.0,100,Sell,233023626
2024-08-20 10:59:21,27500.0,100,Buy,233023729
2024-08-20 11:00:07,27400.0,2700,Sell,233024742
2024-08-20 11:00:16,27400.0,1000,Sell,233024940
2024-08-20 11:00:20,27400.0,700,Sell,233025009
2024-08-20 11:00:38,27400.0,700,Sell,233025311
2024-08-20 11:00:42,27500.0,100,Buy,233025375
2024-08-20 11:00:43,27400.0,1800,Sell,233025390
2024-08-20 11:00:51,27400.0,1000,Sell,233025504
2024-08-20 11:01:24,27400.0,2000,Sell,233026293
2024-08-20 11:01:27,27400.0,1800,Sell,233026335
2024-08-20 11:01:50,27400.0,1000,Sell,233026880
2024-08-20 11:02:03,27500.0,200,Buy,233027459
2024-08-20 11:02:04,27400.0,1000,Sell,233027480
2024-08-20 11:03:00,27400.0,10700,Sell,233028890
2024-08-20 11:03:03,27400.0,1500,Sell,233028974
2024-08-20 11:03:24,27500.0,100,Buy,233029424
2024-08-20 11:03:25,27400.0,1000,Sell,233029478
2024-08-20 11:04:36,27400.0,1000,Sell,233031097
2024-08-20 11:04:45,27500.0,100,Buy,233031285
2024-08-20 11:05:22,27400.0,1800,Sell,233032107
2024-08-20 11:05:35,27400.0,100,Sell,233032355
2024-08-20 11:05:40,27400.0,3000,Sell,233032471
2024-08-20 11:05:49,27400.0,2000,Sell,233032631
2024-08-20 11:06:00,27400.0,100,Sell,233032802
2024-08-20 11:06:05,27500.0,200,Buy,233032963
2024-08-20 11:06:20,27400.0,800,Sell,233033235
2024-08-20 11:07:04,27400.0,3000,Sell,233034216
2024-08-20 11:07:12,27400.0,500,Sell,233034342
2024-08-20 11:07:13,27400.0,3500,Sell,233034364
2024-08-20 11:07:26,27500.0,100,Buy,233034625
2024-08-20 11:08:17,27400.0,1000,Sell,233035488
2024-08-20 11:08:45,27400.0,2000,Sell,233035965
2024-08-20 11:08:47,27500.0,100,Buy,233035991
2024-08-20 11:10:08,27500.0,200,Buy,233037561
2024-08-20 11:10:39,27400.0,300,Sell,233038123
2024-08-20 11:11:29,27500.0,100,Buy,233039004
2024-08-20 11:12:10,27400.0,200,Sell,233039653
2024-08-20 11:12:49,27500.0,200,Buy,233040445
2024-08-20 11:12:54,27400.0,100,Sell,233040542
2024-08-20 11:13:05,27400.0,500,Sell,233040702
2024-08-20 11:13:41,27400.0,200,Sell,233041653
2024-08-20 11:13:43,27400.0,100,Sell,233041692
2024-08-20 11:13:52,27400.0,3500,Sell,233041835
2024-08-20 11:13:59,27400.0,1500,Sell,233041934
2024-08-20 11:14:10,27500.0,100,Buy,233042090
2024-08-20 11:14:32,27500.0,900,Buy,233042381
2024-08-20 11:14:50,27400.0,2000,Sell,233042642
2024-08-20 11:15:31,27500.0,100,Buy,233043351
2024-08-20 11:16:15,27400.0,400,Sell,233044004
2024-08-20 11:16:52,27500.0,200,Buy,233044572
2024-08-20 11:18:12,27500.0,100,Buy,233045550
2024-08-20 11:19:17,27400.0,3800,Sell,233046545
2024-08-20 11:19:32,27500.0,300,Buy,233046810
2024-08-20 11:19:54,27500.0,1000,Buy,233047088
2024-08-20 11:20:54,27500.0,200,Buy,233047926
2024-08-20 11:21:22,27400.0,1000,Sell,233048260
2024-08-20 11:22:15,27500.0,100,Buy,233048984
2024-08-20 11:22:16,27400.0,100,Sell,233048990
2024-08-20 11:23:33,27400.0,700,Sell,233049945
2024-08-20 11:23:36,27500.0,200,Buy,233049963
2024-08-20 11:23:51,27400.0,100,Sell,233050169
2024-08-20 11:24:23,27400.0,1000,Sell,233050595
2024-08-20 11:24:56,27400.0,1300,Sell,233051134
2024-08-20 11:24:57,27500.0,100,Buy,233051141
2024-08-20 11:25:16,27400.0,1000,Sell,233051408
2024-08-20 11:26:04,27400.0,2000,Sell,233051960
2024-08-20 11:26:17,27500.0,100,Buy,233052211
2024-08-20 11:26:37,27400.0,100,Sell,233052497
2024-08-20 11:27:29,27400.0,200,Sell,233053258
2024-08-20 11:27:38,27500.0,100,Buy,233053381
2024-08-20 11:28:59,27400.0,3000,Sell,233054443
2024-08-20 11:29:00,27500.0,200,Buy,233054469
2024-08-20 11:29:25,27500.0,500,Buy,233054723
2024-08-20 11:29:43,27500.0,500,Buy,233054920
2024-08-20 11:29:51,27400.0,100,Sell,233054996
2024-08-20 11:29:57,27400.0,2000,Sell,233055080
2024-08-20 13:00:05,27400.0,12400,Sell,233057529
2024-08-20 13:00:07,27400.0,1900,Sell,233057880
2024-08-20 13:00:10,27400.0,10800,Sell,233058299
2024-08-20 13:00:12,27400.0,5000,Sell,233058485
2024-08-20 13:00:13,27400.0,10300,Sell,233058744
2024-08-20 13:00:14,27400.0,3000,Sell,233059022
2024-08-20 13:00:15,27400.0,1800,Sell,233059126
2024-08-20 13:00:18,27400.0,55000,Sell,233059312
2024-08-20 13:00:26,27400.0,1300,Sell,233059830
2024-08-20 13:00:29,27400.0,600,Sell,233060022
2024-08-20 13:00:33,27400.0,1000,Sell,233060266
2024-08-20 13:00:40,27400.0,5000,Sell,233060446
2024-08-20 13:00:45,27400.0,10000,Sell,233060770
2024-08-20 13:00:47,27400.0,1500,Sell,233060888
2024-08-20 13:00:49,27400.0,7800,Sell,233060954
2024-08-20 13:00:59,27400.0,1000,Sell,233061234
2024-08-20 13:01:12,27400.0,1000,Sell,233061828
2024-08-20 13:01:13,27400.0,100,Sell,233061873
2024-08-20 13:01:16,27400.0,200,Sell,233061936
2024-08-20 13:01:26,27400.0,5000,Sell,233062373
2024-08-20 13:01:36,27400.0,6700,Buy,233062816
2024-08-20 13:01:53,27400.0,3000,Buy,233063409
2024-08-20 13:01:57,27300.0,1000,Sell,233063511
2024-08-20 13:02:10,27300.0,100,Sell,233063982
2024-08-20 13:02:34,27300.0,300,Sell,233064784
2024-08-20 13:02:44,27300.0,100,Sell,233065087
2024-08-20 13:02:50,27300.0,1700,Sell,233065246
2024-08-20 13:03:11,27300.0,100,Sell,233065877
2024-08-20 13:03:23,27300.0,600,Sell,233066297
2024-08-20 13:03:38,27300.0,300,Sell,233066752
2024-08-20 13:04:03,27300.0,2000,Sell,233067804
2024-08-20 13:04:19,27300.0,1000,Sell,233068400
2024-08-20 13:04:24,27300.0,500,Sell,233068558
2024-08-20 13:04:31,27400.0,600,Buy,233068991
2024-08-20 13:04:34,27400.0,5000,Buy,233069116
2024-08-20 13:04:41,27400.0,1000,Buy,233069367
2024-08-20 13:04:47,27300.0,400,Sell,233069606
2024-08-20 13:05:18,27300.0,200,Sell,233070918
2024-08-20 13:05:30,27400.0,5500,Buy,233071442
2024-08-20 13:05:31,27400.0,300,Sell,233071491
2024-08-20 13:05:33,27400.0,300,Sell,233071569
2024-08-20 13:05:56,27500.0,600,Buy,233072707
2024-08-20 13:06:00,27400.0,100,Sell,233072957
2024-08-20 13:06:52,27500.0,600,Buy,233075282
2024-08-20 13:07:11,27500.0,100000,Buy,233076313
2024-08-20 13:07:23,27500.0,1000,Buy,233076956
2024-08-20 13:07:24,27500.0,50000,Buy,233077002
2024-08-20 13:07:29,27500.0,2000,Buy,233077243
2024-08-20 13:07:31,27500.0,2000,Buy,233077307
2024-08-20 13:07:37,27500.0,5000,Buy,233077570
2024-08-20 13:07:39,27500.0,900,Buy,233077613
2024-08-20 13:07:45,27500.0,1600,Sell,233077875
2024-08-20 13:08:17,27600.0,600,Buy,233079387
2024-08-20 13:08:22,27500.0,3000,Sell,233079618
2024-08-20 13:08:33,27500.0,8000,Sell,233080055
2024-08-20 13:09:07,27500.0,1100,Sell,233081729
2024-08-20 13:09:16,27600.0,200,Buy,233082088
2024-08-20 13:09:43,27600.0,600,Buy,233083270
2024-08-20 13:10:32,27600.0,500,Buy,233085421
2024-08-20 13:10:34,27600.0,15000,Buy,233085495
2024-08-20 13:10:43,27600.0,10000,Buy,233085942
2024-08-20 13:10:54,27600.0,1800,Buy,233086498
2024-08-20 13:10:55,27600.0,2000,Buy,233086532
2024-08-20 13:10:57,27600.0,500,Buy,233086648
2024-08-20 13:11:00,27600.0,1200,Buy,233086865
2024-08-20 13:11:07,27600.0,600,Buy,233087247
2024-08-20 13:11:08,27600.0,3000,Buy,233087282
2024-08-20 13:11:17,27600.0,100,Buy,233087640
2024-08-20 13:11:21,27600.0,9000,Buy,233087782
2024-08-20 13:11:28,27600.0,2000,Buy,233088128
2024-08-20 13:11:31,27600.0,15000,Buy,233088282
2024-08-20 13:11:39,27600.0,13400,Buy,233088582
2024-08-20 13:11:40,27600.0,800,Buy,233088648
2024-08-20 13:11:48,27600.0,5000,Buy,233089056
2024-08-20 13:11:49,27600.0,2000,Buy,233089165
2024-08-20 13:11:56,27600.0,1400,Buy,233089419
2024-08-20 13:11:58,27600.0,3000,Buy,233089502
2024-08-20 13:11:59,27600.0,400,Buy,233089533
2024-08-20 13:12:01,27600.0,1000,Buy,233089636
2024-08-20 13:12:03,27600.0,2400,Buy,233089742
2024-08-20 13:12:24,27600.0,5000,Sell,233090705
2024-08-20 13:12:26,27600.0,20000,Sell,233090836
2024-08-20 13:12:28,27500.0,15600,Sell,233090912
2024-08-20 13:12:32,27600.0,100,Buy,233091064
2024-08-20 13:12:33,27600.0,400,Buy,233091122
2024-08-20 13:12:43,27600.0,700,Sell,233091614
2024-08-20 13:12:45,27600.0,1000,Buy,233091755
2024-08-20 13:12:52,27600.0,10000,Buy,233092008
2024-08-20 13:12:55,27600.0,1000,Buy,233092291
2024-08-20 13:13:00,27600.0,500,Buy,233092564
2024-08-20 13:13:09,27600.0,1000,Buy,233093196
2024-08-20 13:13:14,27600.0,500,Buy,233093415
2024-08-20 13:13:16,27600.0,100,Buy,233093538
2024-08-20 13:13:23,27600.0,400,Buy,233093863
2024-08-20 13:13:29,27600.0,500,Buy,233094259
2024-08-20 13:13:39,27600.0,10000,Buy,233094984
2024-08-20 13:13:40,27600.0,1000,Buy,233095059
2024-08-20 13:13:42,27600.0,800,Buy,233095251
2024-08-20 13:13:45,27600.0,500,Buy,233095531
2024-08-20 13:13:48,27600.0,20000,Buy,233095923
2024-08-20 13:13:51,27600.0,200,Buy,233096150
2024-08-20 13:13:53,27600.0,2000,Buy,233096243
2024-08-20 13:13:55,27600.0,22300,Buy,233096432
2024-08-20 13:13:56,27600.0,20600,Buy,233096492
2024-08-20 13:13:57,27600.0,200,ATO/ATC,233096563
2024-08-20 13:13:58,27700.0,600,Buy,233096634
2024-08-20 13:14:06,27700.0,2000,Buy,233097144
2024-08-20 13:14:08,27700.0,1000,Buy,233097237
2024-08-20 13:14:10,27700.0,100,Buy,233097427
2024-08-20 13:14:14,27700.0,100,Buy,233097780
2024-08-20 13:14:17,27700.0,400,Buy,233098114
2024-08-20 13:14:18,27700.0,500,Buy,233098156
2024-08-20 13:14:20,27700.0,1300,Buy,233098321
2024-08-20 13:14:22,27700.0,1000,Buy,233098489
2024-08-20 13:14:25,27700.0,200,Buy,233098962
2024-08-20 13:14:28,27700.0,200,Buy,233099129
2024-08-20 13:14:30,27700.0,78000,Buy,233099263
2024-08-20 13:14:31,27700.0,10400,Buy,233099331
2024-08-20 13:14:32,27700.0,25500,Buy,233099394
2024-08-20 13:14:33,27700.0,500,Buy,233099464
2024-08-20 13:14:35,27700.0,34700,Buy,233099601
2024-08-20 13:14:46,27700.0,600,Sell,233100467
2024-08-20 13:14:50,27800.0,1500,Buy,233100749
2024-08-20 13:14:52,27700.0,32100,Sell,233100846
2024-08-20 13:14:54,27800.0,800,Buy,233101002
2024-08-20 13:14:55,27800.0,3000,Buy,233101056
2024-08-20 13:14:58,27800.0,200,Buy,233101370
2024-08-20 13:15:03,27800.0,200,Buy,233101702
2024-08-20 13:15:04,27800.0,1000,Buy,233101806
2024-08-20 13:15:10,27800.0,600,Buy,233102326
2024-08-20 13:15:11,27800.0,2100,Buy,233102473
2024-08-20 13:15:13,27800.0,15000,Buy,233102666
2024-08-20 13:15:19,27800.0,7800,Buy,233103217
2024-08-20 13:15:23,27800.0,500,Buy,233103625
2024-08-20 13:15:24,27800.0,100,Buy,233103680
2024-08-20 13:15:25,27800.0,51000,Buy,233103774
2024-08-20 13:15:26,27800.0,1000,Buy,233103859
2024-08-20 13:15:27,27800.0,30100,Buy,233103912
2024-08-20 13:15:28,27800.0,200,Buy,233103953
2024-08-20 13:15:30,27800.0,3400,Buy,233104078
2024-08-20 13:15:32,27800.0,500,Buy,233104212
2024-08-20 13:15:43,27800.0,1000,Sell,233104907
2024-08-20 13:15:49,27800.0,100,Sell,233105310
2024-08-20 13:16:06,27800.0,500,Sell,233106576
2024-08-20 13:16:18,27900.0,10000,Buy,233107314
2024-08-20 13:16:30,27900.0,500,Buy,233108018
2024-08-20 13:16:31,27900.0,500,Buy,233108060
2024-08-20 13:16:35,27900.0,600,Buy,233108383
2024-08-20 13:16:39,27900.0,1000,Buy,233108653
2024-08-20 13:16:49,27900.0,700,Buy,233109161
2024-08-20 13:17:03,27800.0,2300,Sell,233109918
2024-08-20 13:17:05,27800.0,2700,Sell,233110022
2024-08-20 13:17:19,27900.0,300,Buy,233110523
2024-08-20 13:17:25,27800.0,90700,Sell,233110828
2024-08-20 13:17:29,27800.0,100,Sell,233111028
2024-08-20 13:17:39,27800.0,2000,Sell,233111544
2024-08-20 13:17:42,27800.0,600,Sell,233111690
2024-08-20 13:17:50,27800.0,5000,Sell,233112122
2024-08-20 13:18:02,27800.0,700,Sell,233112766
2024-08-20 13:18:03,27900.0,800,Buy,233112806
2024-08-20 13:18:14,27900.0,600,Buy,233113237
2024-08-20 13:18:28,27900.0,2000,Buy,233113986
2024-08-20 13:18:29,27900.0,300,Buy,233114045
2024-08-20 13:18:39,27900.0,1000,Buy,233114486
2024-08-20 13:18:41,27800.0,21300,Sell,233114576
2024-08-20 13:18:46,27800.0,100,Buy,233114866
2024-08-20 13:18:47,27800.0,2000,Buy,233114914
2024-08-20 13:18:48,27800.0,100,Buy,233115039
2024-08-20 13:18:49,27800.0,2800,Buy,233115073
2024-08-20 13:18:52,27700.0,2000,Sell,233115210
2024-08-20 13:19:32,27700.0,300,Sell,233117188
2024-08-20 13:19:39,27800.0,600,Buy,233117508
2024-08-20 13:19:59,27800.0,20000,Buy,233118298
2024-08-20 13:20:02,27800.0,9000,Sell,233118429
2024-08-20 13:20:05,27800.0,1300,Sell,233118546
2024-08-20 13:20:09,27800.0,2000,Sell,233118708
2024-08-20 13:20:10,27800.0,2000,Sell,233118737
2024-08-20 13:20:13,27800.0,5000,Sell,233118855
2024-08-20 13:20:14,27800.0,100,Sell,233118878
2024-08-20 13:20:15,27800.0,10000,Sell,233118916
2024-08-20 13:20:19,27800.0,100,Sell,233119025
2024-08-20 13:20:24,27800.0,5000,Sell,233119297
2024-08-20 13:20:27,27800.0,100,Sell,233119479
2024-08-20 13:20:31,27800.0,10000,Sell,233119623
2024-08-20 13:20:40,27800.0,1000,Sell,233119979
2024-08-20 13:20:42,27800.0,100,Sell,233120022
2024-08-20 13:20:46,27800.0,100,Sell,233120208
2024-08-20 13:20:49,27800.0,200,Sell,233120314
2024-08-20 13:20:53,27800.0,2000,Sell,233120470
2024-08-20 13:20:55,27800.0,1300,Sell,233120486
2024-08-20 13:20:56,27800.0,100,Sell,233120508
2024-08-20 13:20:56,27800.0,1000,Sell,233120542
2024-08-20 13:21:00,27800.0,1000,Sell,233120690
2024-08-20 13:21:03,27800.0,1500,Sell,233120799
2024-08-20 13:21:05,27800.0,2300,Sell,233120826
2024-08-20 13:21:05,27800.0,600,Buy,233120856
2024-08-20 13:21:07,27800.0,100,Sell,233120917
2024-08-20 13:21:08,27800.0,900,Sell,233120945
2024-08-20 13:21:14,27800.0,4100,Sell,233121199
2024-08-20 13:21:21,27800.0,200,Sell,233121408
2024-08-20 13:21:28,27800.0,100,Sell,233121738
2024-08-20 13:21:39,27900.0,2000,Buy,233122036
2024-08-20 13:21:47,27800.0,10000,Sell,233122286
2024-08-20 13:21:58,27800.0,300,Sell,233122674
2024-08-20 13:22:00,27900.0,600,Buy,233122719
2024-08-20 13:22:09,27800.0,500,Sell,233123003
2024-08-20 13:22:16,27800.0,2900,Sell,233123252
2024-08-20 13:22:31,27900.0,600,Buy,233123731
2024-08-20 13:22:35,27800.0,20000,Sell,233123868
2024-08-20 13:22:38,27800.0,200,Sell,233123955
2024-08-20 13:22:40,27800.0,1000,Sell,233124038
2024-08-20 13:22:41,27800.0,4000,Sell,233124080
2024-08-20 13:22:43,27800.0,5000,Sell,233124162
2024-08-20 13:22:46,27800.0,1000,Sell,233124325
2024-08-20 13:22:48,27800.0,2200,Buy,233124381
2024-08-20 13:23:18,27800.0,200,Buy,233125412
2024-08-20 13:23:21,27800.0,1000,Buy,233125554
2024-08-20 13:23:40,27800.0,3000,Buy,233126155
2024-08-20 13:23:47,27800.0,100,Buy,233126336
2024-08-20 13:23:57,27700.0,1200,Sell,233126668
2024-08-20 13:24:07,27700.0,3800,Sell,233126973
2024-08-20 13:24:12,27700.0,300,Sell,233127116
2024-08-20 13:24:28,27700.0,100,Sell,233127633
2024-08-20 13:24:29,27700.0,100,Sell,233127654
2024-08-20 13:24:38,27700.0,100,Sell,233127942
2024-08-20 13:24:52,27700.0,100,Sell,233128408
2024-08-20 13:25:18,27700.0,200,Sell,233129341
2024-08-20 13:25:22,27800.0,600,Buy,233129412
2024-08-20 13:25:42,27800.0,200,Buy,233129992
2024-08-20 13:26:10,27800.0,900,Buy,233130961
2024-08-20 13:26:47,27800.0,600,Buy,233132291
2024-08-20 13:27:12,27800.0,200,Buy,233133140
2024-08-20 13:27:14,27700.0,2000,Sell,233133215
2024-08-20 13:27:57,27700.0,3000,Sell,233134827
2024-08-20 13:28:06,27700.0,100,Sell,233135548
2024-08-20 13:28:13,27800.0,600,Buy,233135924
2024-08-20 13:28:39,27700.0,1000,Sell,233137651
2024-08-20 13:28:53,27700.0,800,Sell,233138338
2024-08-20 13:28:59,27700.0,1000,Sell,233138780
2024-08-20 13:29:00,27700.0,200,Sell,233138812
2024-08-20 13:29:19,27700.0,100,Sell,233139964
2024-08-20 13:29:37,27800.0,600,Buy,233141169
2024-08-20 13:29:40,27800.0,1000,Buy,233141370
2024-08-20 13:29:45,27800.0,100,Buy,233141775
2024-08-20 13:29:47,27800.0,19500,Buy,233141918
2024-08-20 13:29:51,27800.0,5000,Buy,233142215
2024-08-20 13:29:52,27800.0,4000,Buy,233142266
2024-08-20 13:29:53,27800.0,20000,Buy,233142310
2024-08-20 13:29:55,27800.0,1100,Buy,233142422
2024-08-20 13:29:59,27800.0,19000,Sell,233142729
2024-08-20 13:30:09,27900.0,20000,Buy,233143393
2024-08-20 13:30:22,27900.0,100,Buy,233144207
2024-08-20 13:30:23,27900.0,10000,Buy,233144244
2024-08-20 13:30:32,27900.0,2000,Buy,233144854
2024-08-20 13:30:38,27900.0,2100,Buy,233145272
2024-08-20 13:30:48,27900.0,2200,Buy,233145873
2024-08-20 13:30:49,27900.0,36300,Buy,233145937
2024-08-20 13:31:03,28000.0,500,Buy,233146958
2024-08-20 13:31:18,28000.0,13000,Buy,233148208
2024-08-20 13:31:19,28000.0,4000,Buy,233148304
2024-08-20 13:31:20,28000.0,2000,Buy,233148370
2024-08-20 13:31:23,28000.0,100,Buy,233148530
2024-08-20 13:31:25,28000.0,100,Buy,233148670
2024-08-20 13:31:29,28000.0,2000,Buy,233148992
2024-08-20 13:31:30,28000.0,2000,Buy,233149049
2024-08-20 13:31:33,28000.0,500,Buy,233149215
2024-08-20 13:31:34,28000.0,5000,Buy,233149258
2024-08-20 13:31:41,27900.0,300,Sell,233149642
2024-08-20 13:31:42,28000.0,500,Buy,233149698
2024-08-20 13:31:44,28000.0,100,Buy,233149770
2024-08-20 13:31:45,28000.0,3000,Buy,233149809
2024-08-20 13:31:47,28000.0,2800,Buy,233149957
2024-08-20 13:31:57,28000.0,700,Buy,233150627
2024-08-20 13:32:03,28000.0,400,Buy,233150960
2024-08-20 13:32:09,28000.0,600,Buy,233151382
2024-08-20 13:32:13,27900.0,100,Sell,233151684
2024-08-20 13:32:19,28000.0,40000,Buy,233152089
2024-08-20 13:32:27,28000.0,4500,Buy,233152617
2024-08-20 13:32:28,28000.0,600,Buy,233152665
2024-08-20 13:32:30,28000.0,200,Buy,233152748
2024-08-20 13:32:35,28000.0,1900,Buy,233153065
2024-08-20 13:32:37,28000.0,1000,Buy,233153172
2024-08-20 13:32:53,28000.0,1000,Buy,233154261
2024-08-20 13:32:56,28000.0,200,Buy,233154534
2024-08-20 13:33:00,28000.0,400,Buy,233154770
2024-08-20 13:33:06,28000.0,2800,Buy,233155209
2024-08-20 13:33:09,28000.0,6000,Buy,233155383
2024-08-20 13:33:18,28000.0,7000,Buy,233155985
2024-08-20 13:33:19,28000.0,2000,Buy,233156043
2024-08-20 13:33:21,28000.0,1000,Buy,233156186
2024-08-20 13:33:34,28000.0,4400,Buy,233156776
2024-08-20 13:33:37,28000.0,1000,Buy,233157057
2024-08-20 13:33:41,28000.0,700,Buy,233157314
2024-08-20 13:33:43,28000.0,5000,Buy,233157424
2024-08-20 13:33:44,28000.0,2500,Buy,233157470
2024-08-20 13:33:47,28000.0,500,Sell,233157638
2024-08-20 13:33:53,28000.0,7200,Sell,233157957
2024-08-20 13:33:54,28000.0,200,Buy,233157998
2024-08-20 13:33:59,28000.0,200,Buy,233158444
2024-08-20 13:34:03,28000.0,100,Buy,233158725
2024-08-20 13:34:04,28000.0,2000,Buy,233158781
2024-08-20 13:34:06,28000.0,1000,Buy,233158950
2024-08-20 13:34:12,28000.0,100,Sell,233159348
2024-08-20 13:34:14,28100.0,800,Buy,233159497
2024-08-20 13:34:17,28000.0,10400,Buy,233159709
2024-08-20 13:34:20,28000.0,400,Buy,233159848
2024-08-20 13:34:22,28000.0,300,Buy,233159958
2024-08-20 13:34:26,28000.0,100,Buy,233160110
2024-08-20 13:34:29,28000.0,5000,Buy,233160338
2024-08-20 13:34:30,28000.0,1700,Buy,233160380
2024-08-20 13:34:33,28000.0,100,Buy,233160578
2024-08-20 13:34:34,28000.0,1000,Buy,233160611
2024-08-20 13:34:36,28000.0,1000,Buy,233160732
2024-08-20 13:34:44,28000.0,200,Buy,233161137
2024-08-20 13:34:47,28000.0,500,Buy,233161309
2024-08-20 13:34:51,28100.0,3000,Buy,233161522
2024-08-20 13:34:54,28000.0,100,ATO/ATC,233161704
2024-08-20 13:34:56,28100.0,500,Buy,233161790
2024-08-20 13:34:59,28100.0,10000,Buy,233162020
2024-08-20 13:35:04,28100.0,100,Buy,233162359
2024-08-20 13:35:05,28000.0,2000,Sell,233162403
2024-08-20 13:35:07,28000.0,200,Buy,233162508
2024-08-20 13:35:09,28000.0,100,Buy,233162602
2024-08-20 13:35:13,28000.0,2000,Buy,233162873
2024-08-20 13:35:14,28000.0,200,Buy,233162929
2024-08-20 13:35:15,28000.0,100,Buy,233162963
2024-08-20 13:35:18,28000.0,1000,Buy,233163118
2024-08-20 13:35:19,28000.0,600,Buy,233163156
2024-08-20 13:35:20,28000.0,700,Buy,233163186
2024-08-20 13:35:21,28000.0,4900,Buy,233163280
2024-08-20 13:35:52,28000.0,500,Sell,233165719
2024-08-20 13:35:59,28100.0,10000,Buy,233166094
2024-08-20 13:36:02,28100.0,1000,Buy,233166311
2024-08-20 13:36:09,28100.0,300,Buy,233166709
2024-08-20 13:36:14,28100.0,1900,Buy,233166971
2024-08-20 13:36:17,28100.0,1100,Buy,233167136
2024-08-20 13:36:21,28100.0,200,Buy,233167358
2024-08-20 13:36:25,28000.0,600,Sell,233167653
2024-08-20 13:36:31,28100.0,1500,Buy,233167879
2024-08-20 13:36:44,28100.0,600,Buy,233168585
2024-08-20 13:36:53,28000.0,200,Sell,233169084
2024-08-20 13:36:55,28000.0,100,Sell,233169162
2024-08-20 13:37:00,28100.0,100,Buy,233169401
2024-08-20 13:37:01,28100.0,100,Buy,233169465
2024-08-20 13:37:10,28000.0,2000,Sell,233169961
2024-08-20 13:37:14,28000.0,100,Sell,233170185
2024-08-20 13:37:19,28000.0,400,Sell,233170408
2024-08-20 13:37:34,28000.0,500,Sell,233171258
2024-08-20 13:37:36,28100.0,900,Buy,233171384
2024-08-20 13:37:38,28000.0,500,Sell,233171484
2024-08-20 13:37:46,28100.0,100,Buy,233172185
2024-08-20 13:37:59,28100.0,5000,Buy,233173017
2024-08-20 13:38:09,28100.0,600,Buy,233173621
2024-08-20 13:38:10,28100.0,1000,Buy,233173714
2024-08-20 13:38:12,28000.0,100,Sell,233173831
2024-08-20 13:38:16,28100.0,4000,Buy,233174082
2024-08-20 13:38:21,28100.0,6000,Buy,233174359
2024-08-20 13:38:23,28100.0,10000,Buy,233174432
2024-08-20 13:38:28,28100.0,100,Buy,233174694
2024-08-20 13:38:29,28100.0,2000,Buy,233174734
2024-08-20 13:38:30,28100.0,2500,Buy,233174786
2024-08-20 13:38:32,28100.0,200,Buy,233174928
2024-08-20 13:38:33,28100.0,100,Buy,233174991
2024-08-20 13:38:34,28100.0,31000,Buy,233175032
2024-08-20 13:38:35,28100.0,200,Buy,233175073
2024-08-20 13:38:37,28100.0,5900,Buy,233175128
2024-08-20 13:38:45,28100.0,2000,Sell,233175861
2024-08-20 13:38:53,28100.0,2100,Sell,233176247
2024-08-20 13:38:56,28100.0,7000,Sell,233176425
2024-08-20 13:39:03,28200.0,8800,Buy,233176741
2024-08-20 13:39:15,28200.0,600,Buy,233177464
2024-08-20 13:39:22,28200.0,500,Buy,233177819
2024-08-20 13:39:25,28200.0,10100,Buy,233177938
2024-08-20 13:39:35,28200.0,600,Buy,233178380
2024-08-20 13:39:39,28200.0,20200,Buy,233178538
2024-08-20 13:39:43,28100.0,3000,Sell,233178680
2024-08-20 13:39:44,28100.0,3000,Sell,233178743
2024-08-20 13:39:45,28100.0,1000,Sell,233178780
2024-08-20 13:39:47,28200.0,2200,Buy,233178964
2024-08-20 13:40:04,28200.0,4000,Buy,233179838
2024-08-20 13:40:08,28100.0,700,Sell,233180001
2024-08-20 13:40:10,28200.0,2000,Buy,233180118
2024-08-20 13:40:14,28200.0,200,Buy,233180271
2024-08-20 13:40:24,28200.0,200,Buy,233180644
2024-08-20 13:40:38,28200.0,2000,Buy,233181302
2024-08-20 13:40:42,28200.0,1000,Buy,233181476
2024-08-20 13:40:42,28100.0,300,Sell,233181535
2024-08-20 13:40:47,28200.0,100,Buy,233181729
2024-08-20 13:41:00,28200.0,5000,Buy,233182327
2024-08-20 13:41:01,28200.0,600,Buy,233182371
2024-08-20 13:41:09,28200.0,1000,Buy,233182832
2024-08-20 13:41:11,28100.0,400,Sell,233182889
2024-08-20 13:41:13,28200.0,100,Buy,233182979
2024-08-20 13:41:18,28100.0,1000,Sell,233183222
2024-08-20 13:41:20,28200.0,400,Buy,233183345
2024-08-20 13:41:23,28100.0,1000,Sell,233183407
2024-08-20 13:41:30,28100.0,1000,Sell,233183764
2024-08-20 13:41:39,28200.0,3300,Buy,233184083
2024-08-20 13:41:41,28100.0,5000,Sell,233184157
2024-08-20 13:41:46,28100.0,5000,Sell,233184424
2024-08-20 13:41:47,28200.0,100,Buy,233184501
2024-08-20 13:42:05,28100.0,200,Sell,233185471
2024-08-20 13:42:06,28200.0,200,Buy,233185503
2024-08-20 13:42:07,28200.0,100,Buy,233185552
2024-08-20 13:42:08,28100.0,400,Sell,233185606
2024-08-20 13:42:14,28100.0,100,Sell,233185917
2024-08-20 13:42:17,28100.0,10000,Sell,233186032
2024-08-20 13:42:18,28100.0,400,Sell,233186064
2024-08-20 13:42:20,28100.0,1000,Sell,233186143
2024-08-20 13:42:21,28100.0,500,Sell,233186175
2024-08-20 13:42:23,28100.0,400,Sell,233186258
2024-08-20 13:42:24,28100.0,1000,Sell,233186298
2024-08-20 13:42:27,28200.0,600,Buy,233186396
2024-08-20 13:42:28,28100.0,10000,Sell,233186429
2024-08-20 13:42:29,28100.0,3500,Buy,233186494
2024-08-20 13:42:48,28100.0,500,Buy,233187334
2024-08-20 13:42:56,28100.0,500,Buy,233187695
2024-08-20 13:43:00,28100.0,100,Buy,233187835
2024-08-20 13:43:09,28000.0,1000,Sell,233188367
2024-08-20 13:43:26,28000.0,1700,Sell,233189175
2024-08-20 13:43:49,28000.0,900,Sell,233190213
2024-08-20 13:43:52,28100.0,600,Buy,233190325
2024-08-20 13:44:20,28000.0,600,Sell,233191522
2024-08-20 13:44:48,28000.0,800,Sell,233192656
2024-08-20 13:45:11,28000.0,200,Sell,233193629
2024-08-20 13:45:17,28100.0,600,Buy,233193905
2024-08-20 13:45:33,28100.0,500,Buy,233194542
2024-08-20 13:45:35,28000.0,2000,Sell,233194634
2024-08-20 13:45:39,28000.0,3900,Sell,233194764
2024-08-20 13:45:54,28000.0,600,Sell,233195310
2024-08-20 13:45:57,28000.0,200,Sell,233195397
2024-08-20 13:46:00,28000.0,600,Sell,233195518
2024-08-20 13:46:02,28000.0,300,Sell,233195573
2024-08-20 13:46:09,28000.0,600,Sell,233195793
2024-08-20 13:46:11,28000.0,30000,Sell,233195868
2024-08-20 13:46:12,28000.0,300,Sell,233195889
2024-08-20 13:46:17,28000.0,3000,Sell,233196069
2024-08-20 13:46:26,28000.0,2000,Sell,233196488
2024-08-20 13:46:27,28000.0,200,Sell,233196516
2024-08-20 13:46:29,28000.0,5000,Sell,233196559
2024-08-20 13:46:32,28000.0,12800,Sell,233196658
2024-08-20 13:46:43,28000.0,500,Buy,233197067
2024-08-20 13:46:46,28000.0,100,Buy,233197177
2024-08-20 13:46:55,28000.0,400,Buy,233197577
2024-08-20 13:46:56,28000.0,100,Buy,233197608
2024-08-20 13:47:04,28000.0,100,Buy,233197953
2024-08-20 13:47:18,28000.0,1000,Buy,233198436
2024-08-20 13:47:22,27900.0,500,Sell,233198612
2024-08-20 13:47:27,27900.0,100,Sell,233198844
2024-08-20 13:47:41,28000.0,200,Buy,233199406
2024-08-20 13:48:07,28000.0,600,Buy,233200541
2024-08-20 13:48:24,28000.0,5000,Buy,233201341
2024-08-20 13:48:28,28000.0,4500,Buy,233201527
2024-08-20 13:48:31,28000.0,1000,Buy,233201622
2024-08-20 13:48:34,28000.0,4600,Buy,233201742
2024-08-20 13:48:40,27900.0,100,Sell,233202077
2024-08-20 13:48:46,28000.0,13100,Buy,233202313
2024-08-20 13:48:47,28000.0,1000,Sell,233202345
2024-08-20 13:48:55,28000.0,2000,Sell,233202836
2024-08-20 13:49:07,28000.0,300,Sell,233203353
2024-08-20 13:49:24,28000.0,1000,Sell,233204106
2024-08-20 13:49:27,28000.0,100,Sell,233204229
2024-08-20 13:49:33,28100.0,600,Buy,233204536
2024-08-20 13:50:04,28000.0,5000,Sell,233206276
2024-08-20 13:50:05,28100.0,3700,Buy,233206310
2024-08-20 13:50:29,28100.0,2000,Buy,233207329
2024-08-20 13:50:34,28000.0,1000,Sell,233207520
2024-08-20 13:50:35,28000.0,10900,Sell,233207569
2024-08-20 13:50:38,28000.0,100,Buy,233207714
2024-08-20 13:50:40,28000.0,1500,Buy,233207826
2024-08-20 13:50:46,28000.0,100,Buy,233208111
2024-08-20 13:50:58,28000.0,600,Buy,233208728
2024-08-20 13:51:13,28000.0,2000,Buy,233209563
2024-08-20 13:51:21,28000.0,1000,Buy,233210113
2024-08-20 13:51:24,28000.0,10000,Buy,233210245
2024-08-20 13:51:25,28000.0,5000,Buy,233210353
2024-08-20 13:51:29,28000.0,400,Buy,233210545
2024-08-20 13:51:34,28000.0,5000,Buy,233210788
2024-08-20 13:51:38,28000.0,100,Buy,233210967
2024-08-20 13:51:41,28000.0,13800,Sell,233211141
2024-08-20 13:51:44,28000.0,1000,Sell,233211374
2024-08-20 13:51:51,28000.0,500,Sell,233211892
2024-08-20 13:51:52,28000.0,300,Sell,233211934
2024-08-20 13:51:55,28000.0,400,Sell,233212084
2024-08-20 13:52:13,28000.0,100,Sell,233213165
2024-08-20 13:52:18,28100.0,200,Buy,233213479
2024-08-20 13:52:23,28100.0,600,Buy,233213698
2024-08-20 13:52:32,28100.0,18000,Buy,233214288
2024-08-20 13:52:34,28100.0,2000,Buy,233214500
2024-08-20 13:52:35,28100.0,200,Buy,233214558
2024-08-20 13:52:36,28100.0,2300,Buy,233214664
2024-08-20 13:52:45,28100.0,5000,Buy,233215372
2024-08-20 13:52:52,28100.0,100,Buy,233215742
2024-08-20 13:52:54,28100.0,28900,Buy,233215828
2024-08-20 13:53:26,28200.0,600,Buy,233217655
2024-08-20 13:53:34,28200.0,1000,Buy,233218100
2024-08-20 13:53:35,28200.0,10000,Buy,233218157
2024-08-20 13:53:36,28200.0,200,Buy,233218207
2024-08-20 13:53:38,28200.0,2000,Buy,233218288
2024-08-20 13:53:39,28200.0,100,Buy,233218342
2024-08-20 13:53:40,28200.0,10000,Buy,233218380
2024-08-20 13:53:41,28200.0,100,Buy,233218425
2024-08-20 13:53:43,28200.0,30000,Buy,233218497
2024-08-20 13:53:46,28200.0,2200,Buy,233218729
2024-08-20 13:53:48,28200.0,2000,Buy,233218908
2024-08-20 13:53:49,28200.0,600,Buy,233218967
2024-08-20 13:53:56,28200.0,500,Buy,233219391
2024-08-20 13:54:03,28200.0,6000,Buy,233219855
2024-08-20 13:54:04,28200.0,5000,Buy,233219906
2024-08-20 13:54:05,28200.0,900,Buy,233219963
2024-08-20 13:54:06,28200.0,2100,Buy,233220005
2024-08-20 13:54:17,28300.0,50000,Buy,233220627
2024-08-20 13:54:18,28200.0,7000,Sell,233220724
2024-08-20 13:54:26,28300.0,16000,Buy,233221249
2024-08-20 13:54:34,28300.0,100,Sell,233221834
2024-08-20 13:54:37,28400.0,25000,Buy,233221979
2024-08-20 13:54:47,28300.0,100,Sell,233222713
2024-08-20 13:54:49,28400.0,22100,Buy,233222866
2024-08-20 13:54:50,28400.0,300,Sell,233222898
2024-08-20 13:54:51,28400.0,200,Sell,233222956
2024-08-20 13:54:53,28400.0,7400,Sell,233223183
2024-08-20 13:54:57,28400.0,1000,Buy,233223558
2024-08-20 13:55:00,28400.0,1300,Buy,233223658
2024-08-20 13:55:02,28400.0,400,Buy,233223871
2024-08-20 13:55:13,28400.0,5000,Sell,233224627
2024-08-20 13:55:14,28500.0,600,Buy,233224681
2024-08-20 13:55:24,28400.0,1200,Sell,233225272
2024-08-20 13:55:25,28500.0,700,Buy,233225439
2024-08-20 13:55:26,28400.0,2100,Sell,233225518
2024-08-20 13:55:27,28500.0,1500,Buy,233225574
2024-08-20 13:55:31,28400.0,1500,Buy,233225869
2024-08-20 13:55:32,28400.0,100,Buy,233225974
2024-08-20 13:55:33,28400.0,19100,Buy,233226056
2024-08-20 13:55:34,28400.0,1300,Buy,233226114
2024-08-20 13:55:36,28400.0,1000,Buy,233226206
2024-08-20 13:55:37,28400.0,100,Buy,233226298
2024-08-20 13:55:38,28400.0,200,Buy,233226429
2024-08-20 13:55:42,28400.0,1000,Buy,233226710
2024-08-20 13:55:50,28400.0,1100,Buy,233227124
2024-08-20 13:55:51,28400.0,5000,Buy,233227182
2024-08-20 13:55:54,28400.0,100,Buy,233227380
2024-08-20 13:55:55,28400.0,500,Buy,233227473
2024-08-20 13:55:56,28400.0,400,Buy,233227519
2024-08-20 13:56:01,28400.0,1000,Sell,233227879
2024-08-20 13:56:03,28400.0,100,Sell,233228044
2024-08-20 13:56:04,28400.0,2000,Sell,233228076
2024-08-20 13:56:10,28400.0,100,Sell,233228387
2024-08-20 13:56:11,28400.0,2500,Sell,233228444
2024-08-20 13:56:12,28400.0,500,Buy,233228497
2024-08-20 13:56:13,28500.0,100,Buy,233228575
2024-08-20 13:56:20,28500.0,10000,Buy,233228954
2024-08-20 13:56:24,28400.0,100,Sell,233229149
2024-08-20 13:56:25,28500.0,200,Buy,233229200
2024-08-20 13:56:29,28400.0,1700,Sell,233229393
2024-08-20 13:56:40,28500.0,600,Buy,233230032
2024-08-20 13:56:42,28400.0,200,Sell,233230174
2024-08-20 13:56:43,28500.0,2000,Buy,233230229
2024-08-20 13:56:47,28400.0,300,Sell,233230421
2024-08-20 13:56:48,28500.0,500,Buy,233230459
2024-08-20 13:57:08,28500.0,1000,Buy,233231440
2024-08-20 13:57:12,28500.0,500,Buy,233231656
2024-08-20 13:57:13,28400.0,200,Sell,233231706
2024-08-20 13:57:15,28500.0,13000,Buy,233231752
2024-08-20 13:57:23,28500.0,300,Buy,233232439
2024-08-20 13:57:31,28400.0,1000,Sell,233232860
2024-08-20 13:57:32,28500.0,500,Buy,233232904
2024-08-20 13:57:34,28400.0,1000,Sell,233233023
2024-08-20 13:57:35,28400.0,30000,Sell,233233074
2024-08-20 13:57:43,28400.0,1000,Sell,233233414
2024-08-20 13:57:51,28400.0,5000,Sell,233233853
2024-08-20 13:57:52,28400.0,900,Sell,233233898
2024-08-20 13:57:54,28400.0,300,Sell,233233976
2024-08-20 13:57:55,28400.0,3500,Sell,233234086
2024-08-20 13:57:59,28400.0,100,Sell,233234287
2024-08-20 13:58:05,28500.0,600,Buy,233234643
2024-08-20 13:58:08,28400.0,300,Sell,233234783
2024-08-20 13:58:09,28400.0,600,Sell,233234832
2024-08-20 13:58:11,28400.0,700,Sell,233234904
2024-08-20 13:58:13,28400.0,100,Sell,233235028
2024-08-20 13:58:21,28400.0,7000,Sell,233235466
2024-08-20 13:58:23,28400.0,21200,Buy,233235561
2024-08-20 13:58:27,28500.0,100000,Buy,233235774
2024-08-20 13:58:36,28400.0,400,Buy,233236327
2024-08-20 13:58:41,28400.0,500,Buy,233236495
2024-08-20 13:58:41,28400.0,3400,Buy,233236521
2024-08-20 13:58:42,28400.0,7000,Buy,233236548
2024-08-20 13:58:48,28400.0,400,Buy,233236826
2024-08-20 13:58:54,28400.0,100,Buy,233237068
2024-08-20 13:59:01,28400.0,2000,Buy,233237406
2024-08-20 13:59:04,28400.0,11700,Buy,233237509
2024-08-20 13:59:13,28400.0,2000,Buy,233238048
2024-08-20 13:59:18,28400.0,100,Buy,233238283
2024-08-20 13:59:22,28400.0,3000,Buy,233238600
2024-08-20 13:59:30,28400.0,600,Buy,233239025
2024-08-20 13:59:41,28400.0,1100,Buy,233239702
2024-08-20 13:59:43,28400.0,1700,Buy,233239764
2024-08-20 13:59:44,28400.0,1100,Buy,233239882
2024-08-20 13:59:53,28400.0,500,Buy,233240211
2024-08-20 13:59:54,28400.0,100,Buy,233240259
2024-08-20 13:59:56,28300.0,100,Sell,233240324
2024-08-20 14:00:13,28400.0,200,Buy,233241227
2024-08-20 14:00:19,28400.0,200,Buy,233241471
2024-08-20 14:00:32,28300.0,5000,Sell,233242113
2024-08-20 14:00:45,28400.0,800,Buy,233242724
2024-08-20 14:00:50,28300.0,15000,Sell,233242932
2024-08-20 14:00:57,28300.0,600,Buy,233243281
2024-08-20 14:00:59,28200.0,100,Sell,233243374
2024-08-20 14:01:04,28200.0,500,Sell,233243770
2024-08-20 14:01:09,28300.0,500,Buy,233243987
2024-08-20 14:01:14,28200.0,1000,Sell,233244184
2024-08-20 14:01:19,28200.0,500,Sell,233244347
2024-08-20 14:01:21,28200.0,1000,Sell,233244428
2024-08-20 14:01:28,28200.0,100,Sell,233244709
2024-08-20 14:01:32,28200.0,100,Sell,233244834
2024-08-20 14:01:40,28200.0,100,Sell,233245138
2024-08-20 14:01:41,28200.0,7800,Sell,233245186
2024-08-20 14:01:43,28200.0,100,Buy,233245300
2024-08-20 14:01:54,28200.0,10000,Buy,233245802
2024-08-20 14:02:07,28200.0,1100,Buy,233246319
2024-08-20 14:02:23,28200.0,900,Buy,233247119
2024-08-20 14:02:27,28200.0,2700,Buy,233247294
2024-08-20 14:02:32,28200.0,2000,Buy,233247470
2024-08-20 14:02:35,28200.0,900,Buy,233247639
2024-08-20 14:02:38,28200.0,2100,Sell,233247801
2024-08-20 14:02:59,28200.0,500,Buy,233249000
2024-08-20 14:03:02,28200.0,200,Buy,233249109
2024-08-20 14:03:03,28200.0,3000,Buy,233249149
2024-08-20 14:03:09,28200.0,4700,Buy,233249366
2024-08-20 14:03:28,28200.0,400,Buy,233250399
2024-08-20 14:03:31,28200.0,2900,Sell,233250564
2024-08-20 14:03:36,28200.0,1000,Buy,233250765
2024-08-20 14:03:40,28200.0,1000,Buy,233251081
2024-08-20 14:03:46,28200.0,100,Buy,233251355
2024-08-20 14:03:47,28200.0,600,Buy,233251392
2024-08-20 14:03:52,28200.0,500,Buy,233251607
2024-08-20 14:03:53,28200.0,300,Buy,233251633
2024-08-20 14:03:56,28200.0,500,Buy,233251800
2024-08-20 14:03:58,28200.0,600,Buy,233251888
2024-08-20 14:04:04,28200.0,1500,Buy,233252217
2024-08-20 14:04:15,28200.0,500,Sell,233252974
2024-08-20 14:04:27,28200.0,1000,Sell,233253529
2024-08-20 14:04:42,28200.0,1000,Sell,233254181
2024-08-20 14:04:56,28200.0,5000,Sell,233254861
2024-08-20 14:05:08,28200.0,1500,Sell,233255572
2024-08-20 14:05:12,28200.0,1000,Sell,233255807
2024-08-20 14:05:13,28300.0,600,Buy,233255846
2024-08-20 14:05:28,28200.0,4200,Sell,233256514
2024-08-20 14:05:34,28200.0,100,Sell,233256763
2024-08-20 14:06:33,28200.0,600,Sell,233259306
2024-08-20 14:06:37,28300.0,600,Buy,233259479
2024-08-20 14:06:45,28300.0,3000,Buy,233259827
2024-08-20 14:06:59,28300.0,200,Buy,233260549
2024-08-20 14:07:10,28300.0,8000,Buy,233260938
2024-08-20 14:07:24,28300.0,1000,Buy,233261446
2024-08-20 14:07:25,28200.0,300,Sell,233261482
2024-08-20 14:07:43,28200.0,100,Sell,233262276
2024-08-20 14:07:58,28200.0,2000,Sell,233262861
2024-08-20 14:08:03,28300.0,600,Buy,233263108
2024-08-20 14:08:25,28300.0,400,Buy,233264011
2024-08-20 14:08:29,28300.0,400,Buy,233264179
2024-08-20 14:08:30,28300.0,100,Buy,233264260
2024-08-20 14:08:46,28200.0,1100,Sell,233265003
2024-08-20 14:09:09,28300.0,3000,Buy,233265982
2024-08-20 14:09:22,28300.0,300,Buy,233266501
2024-08-20 14:09:28,28300.0,600,Buy,233266712
2024-08-20 14:09:34,28300.0,2300,Buy,233266934
2024-08-20 14:09:48,28200.0,10000,Sell,233267509
2024-08-20 14:09:49,28300.0,200,Buy,233267520
2024-08-20 14:09:50,28200.0,100,Sell,233267542
2024-08-20 14:10:37,28200.0,2000,Sell,233269589
2024-08-20 14:10:38,28200.0,200,Sell,233269695
2024-08-20 14:10:42,28300.0,300,Buy,233269873
2024-08-20 14:10:49,28200.0,16500,Sell,233270178
2024-08-20 14:10:53,28300.0,600,Buy,233270405
2024-08-20 14:10:54,28200.0,100,Sell,233270429
2024-08-20 14:11:06,28200.0,300,Sell,233270918
2024-08-20 14:11:08,28200.0,5000,Sell,233271010
2024-08-20 14:11:13,28200.0,4000,Sell,233271262
2024-08-20 14:11:18,28200.0,1000,Sell,233271518
2024-08-20 14:11:20,28200.0,3400,Sell,233271583
2024-08-20 14:11:23,28200.0,700,Sell,233271701
2024-08-20 14:11:25,28200.0,5200,Sell,233271823
2024-08-20 14:11:42,28100.0,100,Sell,233272676
2024-08-20 14:12:01,28100.0,400,Sell,233273499
2024-08-20 14:12:19,28200.0,600,Buy,233274621
2024-08-20 14:12:33,28100.0,500,Sell,233275329
2024-08-20 14:12:49,28100.0,2000,Sell,233276115
2024-08-20 14:12:50,28200.0,1200,Buy,233276158
2024-08-20 14:12:56,28200.0,1000,Buy,233276399
2024-08-20 14:13:04,28100.0,500,Sell,233276934
2024-08-20 14:13:06,28200.0,3000,Buy,233277070
2024-08-20 14:13:11,28200.0,3000,Buy,233277332
2024-08-20 14:13:42,28200.0,200,Buy,233279099
2024-08-20 14:13:44,28200.0,600,Buy,233279269
2024-08-20 14:13:47,28200.0,100,Buy,233279489
2024-08-20 14:13:49,28200.0,100,Buy,233279617
2024-08-20 14:13:52,28100.0,500,Sell,233279777
2024-08-20 14:14:22,28100.0,4400,Sell,233281695
2024-08-20 14:14:31,28100.0,2000,Sell,233282119
2024-08-20 14:14:36,28100.0,500,Sell,233282348
2024-08-20 14:14:51,28100.0,1000,Sell,233283011
2024-08-20 14:14:53,28100.0,2000,Sell,233283225
2024-08-20 14:14:59,28100.0,300,Sell,233283527
2024-08-20 14:15:07,28100.0,500,Sell,233283855
2024-08-20 14:15:09,28100.0,500,Sell,233283943
2024-08-20 14:15:10,28200.0,600,Buy,233284073
2024-08-20 14:15:55,28100.0,1000,Sell,233286395
2024-08-20 14:15:58,28100.0,1000,Sell,233286544
2024-08-20 14:16:04,28100.0,1000,Sell,233286788
2024-08-20 14:16:07,28100.0,1000,Sell,233286915
2024-08-20 14:16:08,28100.0,300,Sell,233286989
2024-08-20 14:16:14,28100.0,100,Sell,233287373
2024-08-20 14:16:17,28100.0,100,Sell,233287522
2024-08-20 14:16:21,28100.0,2700,Sell,233287829
2024-08-20 14:16:26,28100.0,200,Sell,233288103
2024-08-20 14:16:28,28100.0,1000,Sell,233288221
2024-08-20 14:16:29,28100.0,1000,Sell,233288284
2024-08-20 14:16:32,28100.0,500,Sell,233288442
2024-08-20 14:16:35,28200.0,600,Buy,233288588
2024-08-20 14:16:38,28100.0,2000,Sell,233288811
2024-08-20 14:16:54,28100.0,3000,Sell,233289606
2024-08-20 14:17:03,28100.0,1000,Sell,233290024
2024-08-20 14:17:13,28100.0,5000,Sell,233290460
2024-08-20 14:17:16,28100.0,1000,Sell,233290697
2024-08-20 14:17:22,28100.0,5000,Sell,233290986
2024-08-20 14:17:25,28100.0,2100,Sell,233291086
2024-08-20 14:17:28,28100.0,1500,Sell,233291239
2024-08-20 14:17:30,28100.0,500,Sell,233291305
2024-08-20 14:17:31,28100.0,1000,Sell,233291361
2024-08-20 14:17:31,28100.0,5100,Sell,233291342
2024-08-20 14:17:32,28100.0,3000,Sell,233291385
2024-08-20 14:17:33,28100.0,6000,Sell,233291420
2024-08-20 14:17:35,28100.0,1100,Sell,233291487
2024-08-20 14:17:40,28100.0,5000,Sell,233291802
2024-08-20 14:17:42,28100.0,6000,Sell,233291857
2024-08-20 14:17:43,28100.0,500,Sell,233291885
2024-08-20 14:17:44,28100.0,100,Sell,233291922
2024-08-20 14:17:45,28100.0,1000,Sell,233291953
2024-08-20 14:17:50,28100.0,1000,Sell,233292335
2024-08-20 14:17:52,28100.0,1700,Sell,233292416
2024-08-20 14:17:56,28100.0,500,Sell,233292584
2024-08-20 14:17:57,28100.0,2200,Sell,233292643
2024-08-20 14:17:59,28100.0,1300,Sell,233292775
2024-08-20 14:18:01,28100.0,3100,Buy,233292814
2024-08-20 14:18:39,28100.0,100,Buy,233294616
2024-08-20 14:18:44,28100.0,200,Buy,233294825
2024-08-20 14:18:54,28100.0,200,Buy,233295277
2024-08-20 14:19:27,28100.0,600,Buy,233297024
2024-08-20 14:19:42,28000.0,200,Sell,233297691
2024-08-20 14:19:56,28000.0,1000,Sell,233298203
2024-08-20 14:19:58,28000.0,5000,Sell,233298313
2024-08-20 14:20:04,28000.0,1500,Sell,233298576
2024-08-20 14:20:13,28000.0,500,Sell,233298930
2024-08-20 14:20:14,28000.0,2300,Sell,233298956
2024-08-20 14:20:18,28000.0,2100,Sell,233299072
2024-08-20 14:20:29,28000.0,500,Sell,233299483
2024-08-20 14:20:35,28000.0,100,Sell,233299731
2024-08-20 14:20:52,28100.0,600,Buy,233300469
2024-08-20 14:21:00,28000.0,500,Sell,233300851
2024-08-20 14:21:01,28100.0,1000,Buy,233300909
2024-08-20 14:21:25,28100.0,1000,Buy,233301820
2024-08-20 14:21:35,28100.0,600,Buy,233302169
2024-08-20 14:21:37,28100.0,1000,Buy,233302239
2024-08-20 14:21:38,28100.0,7400,Sell,233302295
2024-08-20 14:21:42,28100.0,3000,Sell,233302458
2024-08-20 14:21:55,28100.0,1000,Sell,233302869
2024-08-20 14:22:03,28100.0,300,Sell,233303160
2024-08-20 14:22:17,28200.0,600,Buy,233303642
2024-08-20 14:22:34,28200.0,500,Buy,233304401
2024-08-20 14:22:41,28200.0,300,Buy,233304622
2024-08-20 14:23:33,28100.0,4900,Buy,233306324
2024-08-20 14:23:43,28100.0,600,Buy,233306814
2024-08-20 14:23:48,28100.0,200,Buy,233306949
2024-08-20 14:24:07,28100.0,2000,Buy,233307664
2024-08-20 14:24:13,28100.0,2000,Buy,233307842
2024-08-20 14:24:25,28100.0,100,Buy,233308302
2024-08-20 14:24:27,28100.0,1000,Buy,233308379
2024-08-20 14:24:35,28100.0,500,Buy,233308606
2024-08-20 14:24:53,28100.0,200,Buy,233309294
2024-08-20 14:24:54,28100.0,1000,Buy,233309313
2024-08-20 14:24:56,28100.0,1000,Buy,233309411
2024-08-20 14:24:59,28100.0,500,Buy,233309517
2024-08-20 14:25:08,28100.0,600,Buy,233309779
2024-08-20 14:25:12,28100.0,2000,Buy,233309934
2024-08-20 14:25:15,28100.0,2000,Buy,233310064
2024-08-20 14:25:21,28100.0,3000,Buy,233310290
2024-08-20 14:25:28,28100.0,500,Buy,233310525
2024-08-20 14:25:34,28100.0,100,Buy,233310778
2024-08-20 14:25:41,28100.0,2000,Buy,233311015
2024-08-20 14:25:47,28100.0,400,Buy,233311314
2024-08-20 14:25:52,28100.0,5000,Buy,233311455
2024-08-20 14:25:54,28100.0,300,Buy,233311537
2024-08-20 14:26:13,28100.0,1700,Buy,233312295
2024-08-20 14:26:22,28100.0,4000,Buy,233312630
2024-08-20 14:26:25,28100.0,200,Buy,233312736
2024-08-20 14:26:28,28100.0,3000,Buy,233312842
2024-08-20 14:26:30,28100.0,2000,Buy,233312902
2024-08-20 14:26:33,28100.0,400,Buy,233313017
2024-08-20 14:26:47,28200.0,1100,Buy,233313555
2024-08-20 14:27:03,28200.0,1000,Buy,233314178
2024-08-20 14:27:22,28200.0,1000,Buy,233315054
2024-08-20 14:27:58,28200.0,600,Buy,233316677
2024-08-20 14:28:34,28200.0,1000,Buy,233318179
2024-08-20 14:28:38,28200.0,200,Buy,233318372
2024-08-20 14:28:40,28100.0,500,Sell,233318488
2024-08-20 14:28:41,28100.0,10000,Sell,233318521
2024-08-20 14:28:45,28200.0,800,Buy,233318701
2024-08-20 14:29:06,28100.0,300,Sell,233319708
2024-08-20 14:29:07,28100.0,1500,Sell,233319765
2024-08-20 14:29:18,28100.0,3000,Sell,233320259
2024-08-20 14:29:22,28100.0,2000,Sell,233320554
2024-08-20 14:29:25,28100.0,3000,Sell,233320718
2024-08-20 14:29:26,28100.0,1000,Sell,233320787
2024-08-20 14:29:34,28100.0,300,Sell,233321215
2024-08-20 14:29:38,28100.0,1000,Sell,233321408
2024-08-20 14:29:40,28100.0,300,Sell,233321500
2024-08-20 14:29:44,28100.0,1300,Sell,233321796
2024-08-20 14:29:58,28100.0,900,Sell,233322520
2024-08-20 14:45:02,28000.0,34000,Sell,233323798
2024-08-20 14:45:13,28000.0,63500,Sell,233323853
