time,price,volume,match_type,id
2024-07-26 09:00:04,30500.0,100,Buy,226560315
2024-07-26 09:00:17,30500.0,400,Buy,226560429
2024-07-26 09:02:36,30500.0,2900,Sell,226560780
2024-07-26 09:02:54,30500.0,1500,Buy,226560825
2024-07-26 09:03:08,30500.0,4600,Buy,226560853
2024-07-26 09:03:20,30500.0,100,Buy,226560885
2024-07-26 09:03:41,30500.0,300,Buy,226560931
2024-07-26 09:04:36,30500.0,500,Buy,226561045
2024-07-26 09:05:01,30500.0,1000,Sell,226561099
2024-07-26 09:05:36,30500.0,500,Buy,226561163
2024-07-26 09:09:35,30600.0,3000,Buy,226561600
2024-07-26 09:10:02,30600.0,400,Buy,226561657
2024-07-26 09:10:14,30500.0,2100,Sell,226561681
2024-07-26 09:10:27,30600.0,500,Buy,226561709
2024-07-26 09:10:41,30600.0,2600,Buy,226561742
2024-07-26 09:10:47,30600.0,200,Buy,226561753
2024-07-26 09:11:24,30600.0,1000,Buy,226561830
2024-07-26 09:12:36,30600.0,500,Buy,226561969
2024-07-26 09:13:58,30600.0,100,Buy,226562171
2024-07-26 09:14:20,30600.0,300,Buy,226562226
2024-07-26 09:15:07,30600.0,100,Buy,226562706
2024-07-26 09:15:17,30600.0,2000,Buy,226562830
2024-07-26 09:15:39,30600.0,400,Buy,226563188
2024-07-26 09:15:42,30600.0,2300,Buy,226563220
2024-07-26 09:15:43,30600.0,200,Buy,226563234
2024-07-26 09:16:01,30600.0,3000,Buy,226563476
2024-07-26 09:16:33,30600.0,300,Buy,226564032
2024-07-26 09:17:12,30600.0,800,Buy,226564661
2024-07-26 09:17:14,30600.0,200,Buy,226564686
2024-07-26 09:17:23,30600.0,17400,Sell,226564826
2024-07-26 09:17:41,30600.0,18200,Sell,226565124
2024-07-26 09:18:12,30600.0,2000,Sell,226565632
2024-07-26 09:18:16,30600.0,1000,Sell,226565692
2024-07-26 09:18:20,30600.0,2500,Sell,226565758
2024-07-26 09:18:31,30600.0,500,Buy,226565994
2024-07-26 09:18:44,30600.0,200,Buy,226566256
2024-07-26 09:19:06,30600.0,500,Buy,226566631
2024-07-26 09:19:18,30500.0,500,Sell,226566854
2024-07-26 09:20:56,30600.0,500,Buy,226568668
2024-07-26 09:20:57,30600.0,2000,Buy,226568678
2024-07-26 09:21:47,30600.0,7000,Sell,226569472
2024-07-26 09:21:53,30600.0,300,Sell,226569569
2024-07-26 09:22:07,30600.0,10000,Sell,226569851
2024-07-26 09:22:18,30800.0,30000,Buy,226570039
2024-07-26 09:22:19,30600.0,1800,Sell,226570062
2024-07-26 09:22:24,30600.0,200,ATO/ATC,226570145
2024-07-26 09:22:36,30600.0,1000,Sell,226570355
2024-07-26 09:22:58,30600.0,100,Sell,226570777
2024-07-26 09:23:00,30700.0,100,ATO/ATC,226570806
2024-07-26 09:23:28,30700.0,400,Buy,226571343
2024-07-26 09:23:52,30700.0,400,Buy,226571769
2024-07-26 09:24:04,30700.0,100,Buy,226571991
2024-07-26 09:25:09,30700.0,200,Buy,226573286
2024-07-26 09:25:14,30700.0,100,Buy,226573385
2024-07-26 09:25:18,30700.0,600,Buy,226573446
2024-07-26 09:25:42,30700.0,100,Buy,226573860
2024-07-26 09:25:45,30700.0,200,Buy,226573906
2024-07-26 09:25:54,30700.0,100,Buy,226574060
2024-07-26 09:25:59,30700.0,5000,Buy,226574166
2024-07-26 09:26:04,30700.0,200,Buy,226574244
2024-07-26 09:26:06,30700.0,1700,Sell,226574275
2024-07-26 09:26:23,30700.0,2800,Buy,226574581
2024-07-26 09:26:27,30700.0,200,Buy,226574657
2024-07-26 09:26:29,30700.0,100,Buy,226574696
2024-07-26 09:26:38,30700.0,200,Buy,226574834
2024-07-26 09:27:23,30700.0,400,Buy,226575638
2024-07-26 09:27:47,30700.0,300,Buy,226576115
2024-07-26 09:28:17,30700.0,200,Buy,226576646
2024-07-26 09:28:27,30700.0,200,Buy,226576823
2024-07-26 09:28:35,30600.0,100,Sell,226576983
2024-07-26 09:29:10,30600.0,100,Sell,226577640
2024-07-26 09:29:39,30600.0,1300,Sell,226578138
2024-07-26 09:29:46,30600.0,29500,Buy,226578288
2024-07-26 09:30:10,30600.0,1500,Buy,226578779
2024-07-26 09:30:19,30600.0,200,Buy,226578921
2024-07-26 09:30:52,30600.0,200,Buy,226579630
2024-07-26 09:31:18,30500.0,41000,ATO/ATC,226580164
2024-07-26 09:31:54,30600.0,200,Buy,226581046
2024-07-26 09:32:53,30600.0,100,Buy,226582356
2024-07-26 09:32:59,30600.0,1000,Buy,226582458
2024-07-26 09:33:10,30600.0,2000,Buy,226582681
2024-07-26 09:33:16,30500.0,7500,ATO/ATC,226582798
2024-07-26 09:34:35,30500.0,200,ATO/ATC,226584207
2024-07-26 09:35:45,30500.0,200,Buy,226585476
2024-07-26 09:36:25,30500.0,200,Buy,226586202
2024-07-26 09:36:39,30500.0,1000,Buy,226586415
2024-07-26 09:36:51,30500.0,100,Buy,226586612
2024-07-26 09:37:10,30500.0,1000,Buy,226586941
2024-07-26 09:37:25,30500.0,100,Buy,226587160
2024-07-26 09:37:35,30400.0,100,Sell,226587343
2024-07-26 09:37:56,30400.0,100,Sell,226587719
2024-07-26 09:37:58,30400.0,10000,Sell,226587765
2024-07-26 09:38:13,30500.0,1800,Buy,226588029
2024-07-26 09:38:36,30500.0,100,Buy,226588397
2024-07-26 09:38:53,30500.0,5200,Buy,226588632
2024-07-26 09:39:06,30500.0,200,Buy,226588808
2024-07-26 09:40:28,30500.0,100,Buy,226590046
2024-07-26 09:40:48,30400.0,500,Sell,226590362
2024-07-26 09:42:05,30400.0,100,Sell,226591686
2024-07-26 09:42:37,30500.0,200,Buy,226592139
2024-07-26 09:43:15,30400.0,8900,Buy,226592728
2024-07-26 09:43:36,30400.0,100,Buy,226592978
2024-07-26 09:43:38,30400.0,1000,ATO/ATC,226593003
2024-07-26 09:43:43,30500.0,200,Buy,226593083
2024-07-26 09:43:59,30500.0,100,Buy,226593348
2024-07-26 09:44:00,30400.0,5000,Sell,226593360
2024-07-26 09:44:02,30500.0,200,Buy,226593383
2024-07-26 09:44:21,30500.0,100,Buy,226593640
2024-07-26 09:44:49,30500.0,2800,Buy,226594083
2024-07-26 09:45:35,30500.0,100,Buy,226594820
2024-07-26 09:45:56,30500.0,7900,Buy,226595166
2024-07-26 09:46:47,30500.0,500,Sell,226595855
2024-07-26 09:47:12,30500.0,200,Sell,226596270
2024-07-26 09:47:46,30500.0,500,Sell,226596922
2024-07-26 09:48:55,30600.0,5000,Buy,226597964
2024-07-26 09:49:03,30600.0,1000,Buy,226598130
2024-07-26 09:49:31,30600.0,5800,Buy,226598640
2024-07-26 09:49:34,30600.0,1000,Buy,226598671
2024-07-26 09:49:46,30600.0,100,Buy,226598915
2024-07-26 09:49:49,30600.0,100,Buy,226598968
2024-07-26 09:50:03,30600.0,300,Sell,226599253
2024-07-26 09:50:28,30600.0,300,Sell,226599705
2024-07-26 09:50:32,30600.0,200,Buy,226599763
2024-07-26 09:51:12,30600.0,100,Buy,226600527
2024-07-26 09:51:24,30600.0,1800,Buy,226600704
2024-07-26 09:52:11,30600.0,1000,Sell,226601590
2024-07-26 09:53:19,30600.0,27300,Buy,226602903
2024-07-26 09:54:42,30600.0,1000,Buy,226604605
2024-07-26 09:55:40,30500.0,500,Sell,226605707
2024-07-26 09:55:42,30600.0,200,Buy,226605745
2024-07-26 09:57:06,30600.0,100,Buy,226607316
2024-07-26 09:57:35,30600.0,100,Buy,226607850
2024-07-26 09:58:41,30600.0,200,Buy,226609068
2024-07-26 09:59:25,30500.0,300,Sell,226609820
2024-07-26 09:59:46,30500.0,2900,Sell,226610108
2024-07-26 10:00:05,30500.0,100,Sell,226610411
2024-07-26 10:00:33,30500.0,900,Sell,226610917
2024-07-26 10:00:35,30500.0,800,Sell,226610961
2024-07-26 10:01:11,30600.0,700,Buy,226611505
2024-07-26 10:01:17,30500.0,100,Sell,226611574
2024-07-26 10:01:25,30500.0,200,Sell,226611678
2024-07-26 10:01:32,30600.0,100,Buy,226611789
2024-07-26 10:01:41,30500.0,100,Sell,226611880
2024-07-26 10:01:56,30600.0,200,Buy,226612089
2024-07-26 10:02:17,30600.0,800,Buy,226612588
2024-07-26 10:03:05,30600.0,300,Buy,226613352
2024-07-26 10:03:09,30600.0,100,Buy,226613468
2024-07-26 10:03:41,30600.0,100,Buy,226614164
2024-07-26 10:04:06,30600.0,100,Buy,226614543
2024-07-26 10:05:19,30500.0,100,Sell,226615532
2024-07-26 10:05:40,30500.0,2000,Sell,226615861
2024-07-26 10:06:13,30500.0,500,Sell,226616420
2024-07-26 10:06:29,30500.0,200,Sell,226616666
2024-07-26 10:06:30,30500.0,200,Sell,226616678
2024-07-26 10:06:36,30500.0,100,Sell,226616744
2024-07-26 10:06:47,30600.0,100,Buy,226616937
2024-07-26 10:06:48,30500.0,100,Sell,226616945
2024-07-26 10:07:05,30500.0,5000,Sell,226617160
2024-07-26 10:07:07,30500.0,7700,Sell,226617173
2024-07-26 10:07:13,30500.0,1000,Buy,226617262
2024-07-26 10:07:44,30500.0,100,Buy,226617660
2024-07-26 10:08:04,30500.0,500,Buy,226617919
2024-07-26 10:08:53,30500.0,3100,Buy,226618643
2024-07-26 10:10:14,30600.0,100,Buy,226620039
2024-07-26 10:10:15,30600.0,100,Buy,226620055
2024-07-26 10:10:25,30600.0,500,Buy,226620231
2024-07-26 10:10:47,30600.0,100,Buy,226620506
2024-07-26 10:11:00,30600.0,100,Buy,226620662
2024-07-26 10:12:00,30600.0,500,Buy,226621739
2024-07-26 10:13:30,30600.0,100,Buy,226623108
2024-07-26 10:14:13,30600.0,6800,Buy,226623758
2024-07-26 10:14:19,30600.0,9800,Buy,226623920
2024-07-26 10:14:23,30500.0,700,Sell,226623972
2024-07-26 10:16:26,30500.0,2000,Sell,226626216
2024-07-26 10:16:47,30600.0,100,Buy,226626597
2024-07-26 10:17:45,30600.0,100,Buy,226627482
2024-07-26 10:17:46,30600.0,100,Buy,226627491
2024-07-26 10:18:03,30600.0,5000,Buy,226627691
2024-07-26 10:19:57,30600.0,100,Buy,226629125
2024-07-26 10:20:18,30600.0,2000,Buy,226629419
2024-07-26 10:20:22,30600.0,900,Buy,226629588
2024-07-26 10:20:24,30600.0,2300,Buy,226629628
2024-07-26 10:21:11,30600.0,100,Buy,226630331
2024-07-26 10:22:46,30600.0,3000,Buy,226631783
2024-07-26 10:23:19,30600.0,200,Buy,226632341
2024-07-26 10:23:21,30600.0,10100,Buy,226632360
2024-07-26 10:24:18,30500.0,100,Sell,226633214
2024-07-26 10:25:20,30600.0,100,Buy,226634129
2024-07-26 10:25:41,30600.0,100,Buy,226634398
2024-07-26 10:27:33,30600.0,300,Buy,226636079
2024-07-26 10:28:12,30600.0,500,Buy,226636558
2024-07-26 10:29:33,30600.0,100,Buy,226637726
2024-07-26 10:29:55,30600.0,200,Buy,226638064
2024-07-26 10:31:08,30600.0,10000,Buy,226638936
2024-07-26 10:31:12,30600.0,900,Buy,226638988
2024-07-26 10:32:26,30600.0,200,Buy,226640132
2024-07-26 10:32:41,30600.0,100,Buy,226640356
2024-07-26 10:33:17,30600.0,1000,Buy,226640880
2024-07-26 10:35:22,30500.0,30000,Sell,226642763
2024-07-26 10:36:11,30500.0,1000,Sell,226643544
2024-07-26 10:36:14,30500.0,2000,Sell,226643570
2024-07-26 10:36:30,30500.0,1400,Sell,226643837
2024-07-26 10:37:05,30400.0,18700,Sell,226644388
2024-07-26 10:38:16,30400.0,5800,Sell,226645218
2024-07-26 10:38:30,30400.0,300,Sell,226645420
2024-07-26 10:38:32,30400.0,700,Sell,226645449
2024-07-26 10:40:53,30500.0,500,Buy,226647474
2024-07-26 10:41:51,30500.0,1400,Sell,226648292
2024-07-26 10:42:20,30500.0,1000,Sell,226648848
2024-07-26 10:44:04,30500.0,500,Sell,226650350
2024-07-26 10:44:06,30500.0,3600,Buy,226650384
2024-07-26 10:44:28,30500.0,100,Buy,226650796
2024-07-26 10:44:56,30500.0,100,Buy,226651207
2024-07-26 10:45:36,30500.0,200,Buy,226651766
2024-07-26 10:45:51,30400.0,100,Sell,226651930
2024-07-26 10:46:02,30400.0,500,Sell,226652080
2024-07-26 10:46:11,30500.0,3000,Buy,226652199
2024-07-26 10:47:11,30500.0,2000,Buy,226652916
2024-07-26 10:47:21,30500.0,2100,Buy,226653041
2024-07-26 10:47:27,30500.0,1200,Buy,226653115
2024-07-26 10:47:33,30400.0,500,Sell,226653189
2024-07-26 10:47:39,30500.0,200,Buy,226653262
2024-07-26 10:47:45,30500.0,400,Buy,226653346
2024-07-26 10:48:05,30500.0,100,Buy,226653679
2024-07-26 10:48:27,30500.0,100,Buy,226653976
2024-07-26 10:49:44,30500.0,200,Buy,226655236
2024-07-26 10:50:27,30500.0,9900,Buy,226656036
2024-07-26 10:50:33,30500.0,1500,Buy,226656122
2024-07-26 10:50:38,30500.0,5200,Buy,226656228
2024-07-26 10:51:14,30500.0,500,Buy,226656723
2024-07-26 10:51:29,30500.0,1000,Buy,226656980
2024-07-26 10:51:46,30500.0,2000,Buy,226657250
2024-07-26 10:51:51,30500.0,500,Buy,226657325
2024-07-26 10:51:57,30500.0,5000,Buy,226657412
2024-07-26 10:52:04,30500.0,5000,Buy,226657551
2024-07-26 10:52:08,30500.0,100,Buy,226657598
2024-07-26 10:52:10,30500.0,6000,Buy,226657640
2024-07-26 10:52:13,30400.0,100,Sell,226657704
2024-07-26 10:52:19,30400.0,900,Sell,226657814
2024-07-26 10:52:49,30500.0,4700,Buy,226658248
2024-07-26 10:53:12,30500.0,7200,Buy,226658528
2024-07-26 10:53:23,30500.0,100,Buy,226658709
2024-07-26 10:53:24,30500.0,3500,Buy,226658723
2024-07-26 10:53:31,30500.0,5400,Buy,226658839
2024-07-26 10:54:05,30500.0,1000,Sell,226659270
2024-07-26 10:54:19,30500.0,200,Sell,226659492
2024-07-26 10:54:36,30500.0,100,Sell,226659725
2024-07-26 10:55:01,30500.0,10000,Sell,226660009
2024-07-26 10:55:38,30500.0,20000,Sell,226660535
2024-07-26 10:55:50,30500.0,5000,Sell,226660674
2024-07-26 10:56:14,30500.0,5000,Sell,226661042
2024-07-26 10:56:15,30500.0,500,Sell,226661051
2024-07-26 10:57:07,30500.0,1700,Buy,226661721
2024-07-26 10:58:24,30500.0,1000,Buy,226662564
2024-07-26 10:58:32,30500.0,500,Buy,226662649
2024-07-26 10:59:24,30500.0,500,Buy,226663347
2024-07-26 10:59:25,30500.0,100,Buy,226663358
2024-07-26 10:59:54,30500.0,1000,Buy,226663725
2024-07-26 11:00:29,30500.0,500,Buy,226664167
2024-07-26 11:00:49,30500.0,1000,Buy,226664555
2024-07-26 11:00:59,30500.0,2000,Buy,226664654
2024-07-26 11:01:56,30500.0,1000,Buy,226665417
2024-07-26 11:02:07,30500.0,100,Buy,226665574
2024-07-26 11:03:43,30500.0,500,Buy,226666932
2024-07-26 11:04:29,30500.0,2100,Buy,226667656
2024-07-26 11:04:43,30400.0,700,Sell,226667867
2024-07-26 11:04:49,30400.0,2000,Sell,226667983
2024-07-26 11:06:42,30500.0,200,Buy,226670085
2024-07-26 11:07:24,30500.0,5000,Buy,226670981
2024-07-26 11:07:26,30500.0,500,Buy,226671012
2024-07-26 11:09:01,30500.0,10000,Buy,226672486
2024-07-26 11:09:23,30400.0,500,Sell,226672986
2024-07-26 11:09:28,30400.0,100,Sell,226673058
2024-07-26 11:09:58,30400.0,500,Sell,226673504
2024-07-26 11:10:25,30400.0,200,Sell,226673996
2024-07-26 11:10:28,30400.0,500,Sell,226674025
2024-07-26 11:11:28,30400.0,700,Sell,226674692
2024-07-26 11:11:29,30400.0,1000,Sell,226674703
2024-07-26 11:11:32,30500.0,600,Buy,226674742
2024-07-26 11:12:07,30500.0,1000,Buy,226675209
2024-07-26 11:12:22,30500.0,100,Buy,226675446
2024-07-26 11:12:47,30400.0,2000,Sell,226675691
2024-07-26 11:13:38,30400.0,600,Sell,226676338
2024-07-26 11:14:54,30400.0,100,Sell,226677259
2024-07-26 11:16:32,30400.0,2000,Sell,226678291
2024-07-26 11:17:40,30400.0,2000,Sell,226679073
2024-07-26 11:18:20,30400.0,1300,Sell,226679541
2024-07-26 11:19:59,30400.0,800,Sell,226680608
2024-07-26 11:21:30,30400.0,600,Sell,226681594
2024-07-26 11:22:13,30400.0,2100,Sell,226682079
2024-07-26 11:23:28,30500.0,200,Buy,226682908
2024-07-26 11:24:19,30500.0,10000,Buy,226683447
2024-07-26 11:27:08,30400.0,400,Sell,226685370
2024-07-26 11:27:30,30400.0,100,Sell,226685631
2024-07-26 11:27:51,30400.0,200,Sell,226685867
2024-07-26 11:29:00,30400.0,6500,Sell,226686669
2024-07-26 13:00:05,30400.0,3600,Sell,226690632
2024-07-26 13:00:07,30400.0,1900,Sell,226690870
2024-07-26 13:00:09,30500.0,34800,Sell,226691123
2024-07-26 13:00:10,30400.0,11700,Sell,226691268
2024-07-26 13:00:11,30500.0,2000,Sell,226691486
2024-07-26 13:00:13,30500.0,100,Sell,226691630
2024-07-26 13:00:16,30500.0,7900,Sell,226691873
2024-07-26 13:01:40,30400.0,6000,Sell,226693643
2024-07-26 13:01:43,30400.0,3000,Sell,226693718
2024-07-26 13:01:49,30400.0,100,Sell,226693844
2024-07-26 13:01:51,30400.0,1000,Sell,226693852
2024-07-26 13:02:02,30400.0,100,Sell,226694177
2024-07-26 13:02:11,30400.0,400,Sell,226694385
2024-07-26 13:02:55,30400.0,800,Sell,226695266
2024-07-26 13:03:02,30400.0,300,Sell,226695443
2024-07-26 13:03:06,30400.0,500,Sell,226695561
2024-07-26 13:04:40,30400.0,9400,Sell,226697690
2024-07-26 13:04:53,30400.0,100,Sell,226697906
2024-07-26 13:05:49,30400.0,200,Sell,226699111
2024-07-26 13:06:22,30400.0,500,Sell,226699752
2024-07-26 13:06:23,30400.0,1400,Sell,226699764
2024-07-26 13:06:31,30400.0,1000,Sell,226699930
2024-07-26 13:06:32,30400.0,14000,Sell,226699956
2024-07-26 13:06:51,30400.0,1000,Sell,226700333
2024-07-26 13:06:55,30400.0,100,Sell,226700416
2024-07-26 13:06:58,30400.0,2000,Sell,226700478
2024-07-26 13:07:02,30400.0,200,Sell,226700538
2024-07-26 13:07:08,30400.0,200,Sell,226700678
2024-07-26 13:07:15,30400.0,200,Sell,226700897
2024-07-26 13:07:16,30400.0,1600,Buy,226700909
2024-07-26 13:07:32,30400.0,100,Buy,226701191
2024-07-26 13:07:40,30400.0,100,Buy,226701336
2024-07-26 13:07:44,30400.0,100,Buy,226701404
2024-07-26 13:07:57,30400.0,3600,Sell,226701756
2024-07-26 13:08:18,30400.0,1000,Sell,226702267
2024-07-26 13:08:42,30400.0,100,Sell,226702646
2024-07-26 13:08:44,30400.0,500,Sell,226702698
2024-07-26 13:10:02,30400.0,23000,Sell,226704554
2024-07-26 13:10:36,30400.0,1000,Sell,226705411
2024-07-26 13:10:49,30400.0,100,Sell,226705762
2024-07-26 13:10:53,30500.0,38700,Sell,226705858
2024-07-26 13:11:12,30500.0,500,Sell,226706337
2024-07-26 13:11:22,30500.0,800,Buy,226706579
2024-07-26 13:12:06,30500.0,1000,Buy,226707637
2024-07-26 13:12:24,30500.0,1000,Buy,226708020
2024-07-26 13:12:54,30400.0,2800,Sell,226708784
2024-07-26 13:13:44,30400.0,300,Sell,226710008
2024-07-26 13:14:16,30400.0,3000,Sell,226710752
2024-07-26 13:14:18,30500.0,6000,Buy,226710795
2024-07-26 13:16:06,30500.0,300,Buy,226713478
2024-07-26 13:16:24,30500.0,2000,Buy,226713889
2024-07-26 13:16:41,30500.0,2000,Buy,226714276
2024-07-26 13:16:46,30500.0,6000,Buy,226714529
2024-07-26 13:17:35,30500.0,3200,Buy,226715796
2024-07-26 13:17:48,30500.0,1000,Buy,226716193
2024-07-26 13:17:52,30500.0,800,Buy,226716303
2024-07-26 13:18:04,30500.0,100,Buy,226716566
2024-07-26 13:18:14,30500.0,11500,Buy,226716969
2024-07-26 13:18:17,30500.0,3000,Sell,226717064
2024-07-26 13:18:38,30600.0,600,Buy,226717516
2024-07-26 13:18:59,30600.0,100,Buy,226718014
2024-07-26 13:19:29,30600.0,1800,Buy,226718691
2024-07-26 13:19:33,30500.0,1000,Sell,226718807
2024-07-26 13:19:52,30600.0,500,Buy,226719374
2024-07-26 13:20:12,30600.0,100,Buy,226719882
2024-07-26 13:20:14,30500.0,400,Sell,226719924
2024-07-26 13:20:26,30500.0,200,Sell,226720388
2024-07-26 13:20:36,30500.0,100,Sell,226720631
2024-07-26 13:20:37,30600.0,100,Buy,226720682
2024-07-26 13:20:48,30600.0,200,Buy,226720995
2024-07-26 13:20:55,30600.0,300,Buy,226721112
2024-07-26 13:21:05,30600.0,5000,Buy,226721357
2024-07-26 13:22:22,30500.0,1300,Sell,226723794
2024-07-26 13:22:44,30500.0,100,Sell,226724482
2024-07-26 13:22:50,30600.0,400,Buy,226724661
2024-07-26 13:23:46,30600.0,300,Buy,226726255
2024-07-26 13:23:47,30500.0,5000,Sell,226726277
2024-07-26 13:24:03,30500.0,2000,Sell,226726710
2024-07-26 13:24:55,30500.0,1700,Sell,226728198
2024-07-26 13:25:03,30500.0,100,Sell,226728385
2024-07-26 13:25:30,30500.0,1000,Sell,226729048
2024-07-26 13:25:39,30500.0,20000,Sell,226729243
2024-07-26 13:25:53,30500.0,1500,Sell,226729750
2024-07-26 13:26:01,30500.0,100,Sell,226730027
2024-07-26 13:26:18,30500.0,9100,Sell,226730501
2024-07-26 13:26:26,30500.0,100,Sell,226730673
2024-07-26 13:26:33,30500.0,100,Sell,226730824
2024-07-26 13:26:34,30500.0,3800,Sell,226730836
2024-07-26 13:26:38,30500.0,900,Buy,226730963
2024-07-26 13:27:00,30500.0,1000,Buy,226731480
2024-07-26 13:27:01,30500.0,200,Buy,226731495
2024-07-26 13:28:26,30400.0,200,Sell,226733281
2024-07-26 13:28:29,30500.0,1000,Buy,226733331
2024-07-26 13:28:49,30500.0,500,Buy,226733794
2024-07-26 13:29:35,30500.0,200,Buy,226734710
2024-07-26 13:30:42,30500.0,900,Buy,226736103
2024-07-26 13:30:52,30500.0,2000,Buy,226736296
2024-07-26 13:30:55,30500.0,200,Buy,226736345
2024-07-26 13:31:05,30400.0,100,Sell,226736552
2024-07-26 13:31:29,30400.0,500,Sell,226737029
2024-07-26 13:31:36,30400.0,100,Sell,226737160
2024-07-26 13:32:17,30400.0,100,Sell,226737918
2024-07-26 13:32:18,30400.0,500,Sell,226737944
2024-07-26 13:32:22,30500.0,400,Buy,226738018
2024-07-26 13:32:31,30400.0,30000,Sell,226738239
2024-07-26 13:33:06,30400.0,200,Sell,226738903
2024-07-26 13:33:28,30400.0,300,Sell,226739286
2024-07-26 13:34:26,30400.0,1300,Buy,226740527
2024-07-26 13:34:27,30400.0,100,ATO/ATC,226740545
2024-07-26 13:34:35,30400.0,600,Buy,226740721
2024-07-26 13:34:52,30400.0,100,Sell,226741057
2024-07-26 13:35:11,30400.0,500,Sell,226741407
2024-07-26 13:35:41,30500.0,200,Buy,226741957
2024-07-26 13:35:51,30500.0,100,Buy,226742191
2024-07-26 13:35:54,30500.0,3900,Buy,226742264
2024-07-26 13:36:08,30500.0,200,Buy,226742571
2024-07-26 13:38:38,30500.0,200,Buy,226745893
2024-07-26 13:38:41,30500.0,400,Buy,226745937
2024-07-26 13:38:43,30500.0,200,Buy,226745985
2024-07-26 13:38:47,30500.0,200,Buy,226746039
2024-07-26 13:38:53,30500.0,200,Buy,226746166
2024-07-26 13:38:58,30500.0,200,Buy,226746297
2024-07-26 13:39:04,30500.0,1700,Buy,226746432
2024-07-26 13:39:13,30500.0,1900,Buy,226746695
2024-07-26 13:39:14,30500.0,400,Buy,226746717
2024-07-26 13:39:17,30500.0,200,Buy,226746785
2024-07-26 13:39:19,30500.0,500,Buy,226746815
2024-07-26 13:39:25,30500.0,100,Buy,226747045
2024-07-26 13:39:26,30500.0,200,Buy,226747056
2024-07-26 13:39:31,30500.0,200,Buy,226747245
2024-07-26 13:39:44,30500.0,1000,Buy,226747681
2024-07-26 13:40:03,30500.0,200,Buy,226747991
2024-07-26 13:40:14,30500.0,300,Buy,226748221
2024-07-26 13:40:24,30500.0,300,Buy,226748573
2024-07-26 13:40:53,30500.0,200,Buy,226749226
2024-07-26 13:41:03,30500.0,7100,Buy,226749431
2024-07-26 13:41:04,30500.0,200,Buy,226749462
2024-07-26 13:41:13,30500.0,400,Buy,226749702
2024-07-26 13:41:18,30500.0,200,Buy,226749937
2024-07-26 13:41:19,30500.0,1300,Buy,226749952
2024-07-26 13:41:23,30500.0,200,Buy,226750063
2024-07-26 13:41:26,30500.0,700,Buy,226750196
2024-07-26 13:41:27,30500.0,200,Buy,226750217
2024-07-26 13:41:28,30500.0,200,Buy,226750258
2024-07-26 13:41:29,30400.0,15600,Sell,226750277
2024-07-26 13:41:31,30400.0,400,Buy,226750341
2024-07-26 13:41:35,30400.0,700,Buy,226750428
2024-07-26 13:41:36,30400.0,100,Buy,226750448
2024-07-26 13:41:40,30400.0,200,Buy,226750540
2024-07-26 13:41:41,30400.0,200,Buy,226750557
2024-07-26 13:41:54,30400.0,200,Buy,226750906
2024-07-26 13:41:55,30400.0,200,Buy,226750926
2024-07-26 13:41:59,30400.0,200,Buy,226751026
2024-07-26 13:42:01,30400.0,200,Buy,226751078
2024-07-26 13:42:16,30400.0,100,Buy,226751396
2024-07-26 13:42:20,30400.0,200,Buy,226751502
2024-07-26 13:42:30,30300.0,11400,Sell,226751797
2024-07-26 13:42:32,30300.0,3000,Sell,226751841
2024-07-26 13:42:48,30300.0,1700,Sell,226752215
2024-07-26 13:42:55,30400.0,700,Buy,226752381
2024-07-26 13:42:56,30400.0,200,Buy,226752405
2024-07-26 13:43:13,30400.0,400,Buy,226752816
2024-07-26 13:43:29,30300.0,20800,Sell,226753281
2024-07-26 13:43:30,30300.0,12000,Sell,226753313
2024-07-26 13:43:37,30400.0,200,Buy,226753522
2024-07-26 13:43:43,30300.0,2500,Sell,226753635
2024-07-26 13:43:49,30300.0,2000,Sell,226753749
2024-07-26 13:43:51,30400.0,400,Buy,226753825
2024-07-26 13:44:13,30400.0,200,Buy,226754297
2024-07-26 13:44:44,30300.0,100,Sell,226755006
2024-07-26 13:45:38,30400.0,200,Buy,226756061
2024-07-26 13:45:48,30400.0,200,Buy,226756459
2024-07-26 13:46:08,30400.0,500,Buy,226756958
2024-07-26 13:46:15,30300.0,5000,Sell,226757099
2024-07-26 13:46:32,30400.0,100,Buy,226757414
2024-07-26 13:47:00,30400.0,100,Buy,226757922
2024-07-26 13:47:30,30300.0,3000,Sell,226758484
2024-07-26 13:48:04,30400.0,200,Buy,226759101
2024-07-26 13:48:24,30400.0,200,Buy,226759598
2024-07-26 13:48:44,30300.0,900,Sell,226760085
2024-07-26 13:48:56,30300.0,1500,Sell,226760442
2024-07-26 13:49:46,30300.0,5000,Sell,226761722
2024-07-26 13:50:10,30300.0,1000,Sell,226762206
2024-07-26 13:50:39,30300.0,1000,Sell,226762919
2024-07-26 13:50:44,30300.0,100,Sell,226763078
2024-07-26 13:51:16,30300.0,4000,Sell,226763829
2024-07-26 13:51:29,30300.0,1900,Sell,226764346
2024-07-26 13:51:32,30300.0,9000,Sell,226764425
2024-07-26 13:51:35,30300.0,500,Sell,226764496
2024-07-26 13:51:43,30300.0,1000,Sell,226764645
2024-07-26 13:51:44,30300.0,400,Sell,226764676
2024-07-26 13:51:45,30400.0,3000,Buy,226764712
2024-07-26 13:52:03,30300.0,3000,Buy,226765106
2024-07-26 13:52:07,30300.0,1000,Sell,226765166
2024-07-26 13:52:49,30300.0,2000,Sell,226766249
2024-07-26 13:52:59,30200.0,73100,Sell,226766717
2024-07-26 13:53:07,30200.0,1500,Sell,226766876
2024-07-26 13:53:16,30200.0,5000,Sell,226767111
2024-07-26 13:53:19,30200.0,1500,Sell,226767191
2024-07-26 13:53:20,30200.0,1800,Sell,226767229
2024-07-26 13:53:23,30200.0,5000,Sell,226767381
2024-07-26 13:53:48,30200.0,1900,Sell,226767987
2024-07-26 13:53:53,30200.0,500,Sell,226768121
2024-07-26 13:54:43,30200.0,500,Sell,226769558
2024-07-26 13:54:56,30300.0,5600,Buy,226769864
2024-07-26 13:55:01,30300.0,1100,Sell,226770084
2024-07-26 13:55:09,30300.0,700,Sell,226770262
2024-07-26 13:55:10,30300.0,100,Sell,226770292
2024-07-26 13:55:27,30200.0,600,Sell,226770875
2024-07-26 13:55:53,30300.0,200,Sell,226771818
2024-07-26 13:55:57,30400.0,500,Buy,226771883
2024-07-26 13:58:05,30400.0,200,Buy,226775834
2024-07-26 13:58:29,30400.0,300,Buy,226776663
2024-07-26 13:58:53,30300.0,500,Sell,226777358
2024-07-26 13:58:56,30300.0,2300,Sell,226777425
2024-07-26 13:59:14,30300.0,100,Buy,226777878
2024-07-26 13:59:17,30300.0,200,Buy,226777923
2024-07-26 13:59:41,30200.0,8000,Sell,226778708
2024-07-26 13:59:45,30300.0,300,Buy,226778835
2024-07-26 13:59:53,30300.0,300,Buy,226779000
2024-07-26 14:00:04,30300.0,100,Sell,226779335
2024-07-26 14:00:05,30300.0,100,Sell,226779374
2024-07-26 14:00:19,30300.0,600,Buy,226779716
2024-07-26 14:00:22,30300.0,1000,Buy,226779778
2024-07-26 14:00:41,30300.0,1000,Buy,226780279
2024-07-26 14:00:58,30300.0,200,Buy,226780670
2024-07-26 14:01:00,30300.0,500,Buy,226780733
2024-07-26 14:01:48,30300.0,2000,Sell,226781728
2024-07-26 14:01:56,30300.0,700,Sell,226781903
2024-07-26 14:01:57,30300.0,100,Buy,226781924
2024-07-26 14:02:05,30300.0,200,Buy,226782151
2024-07-26 14:02:29,30300.0,700,Sell,226782618
2024-07-26 14:02:48,30300.0,100,Buy,226783050
2024-07-26 14:02:53,30300.0,3000,Buy,226783179
2024-07-26 14:02:59,30300.0,1000,Buy,226783355
2024-07-26 14:03:08,30300.0,1000,Buy,226783622
2024-07-26 14:03:18,30300.0,200,Buy,226783882
2024-07-26 14:03:29,30300.0,200,Buy,226784217
2024-07-26 14:03:41,30300.0,100,Buy,226784445
2024-07-26 14:03:44,30300.0,1000,Buy,226784507
2024-07-26 14:04:16,30300.0,200,Buy,226785169
2024-07-26 14:04:17,30300.0,1000,Buy,226785183
2024-07-26 14:04:18,30300.0,100,Buy,226785196
2024-07-26 14:04:24,30300.0,2100,Buy,226785327
2024-07-26 14:04:30,30300.0,100,Buy,226785437
2024-07-26 14:04:31,30300.0,10300,Buy,226785473
2024-07-26 14:07:10,30300.0,100,Sell,226788883
2024-07-26 14:07:30,30400.0,5000,Buy,226789303
2024-07-26 14:07:34,30400.0,1000,Buy,226789406
2024-07-26 14:07:38,30400.0,100,Buy,226789505
2024-07-26 14:07:46,30400.0,100,Buy,226789673
2024-07-26 14:07:58,30400.0,8500,Buy,226790028
2024-07-26 14:08:06,30400.0,200,Buy,226790181
2024-07-26 14:08:09,30400.0,1500,Buy,226790247
2024-07-26 14:08:13,30400.0,1000,Buy,226790343
2024-07-26 14:08:26,30400.0,2800,Sell,226790717
2024-07-26 14:08:30,30400.0,100,Sell,226790780
2024-07-26 14:09:08,30500.0,2000,Buy,226791886
2024-07-26 14:09:15,30500.0,200,Buy,226792099
2024-07-26 14:09:17,30400.0,500,Sell,226792141
2024-07-26 14:09:29,30500.0,3400,Buy,226792470
2024-07-26 14:09:50,30500.0,100,Buy,226793012
2024-07-26 14:09:55,30400.0,1800,Sell,226793221
2024-07-26 14:10:44,30400.0,1000,Sell,226794716
2024-07-26 14:10:48,30400.0,2000,Sell,226794794
2024-07-26 14:11:10,30400.0,700,Sell,226795465
2024-07-26 14:11:58,30400.0,300,Sell,226797014
2024-07-26 14:12:25,30400.0,1200,Sell,226797729
2024-07-26 14:12:42,30500.0,100,Buy,226798171
2024-07-26 14:12:47,30500.0,1000,Buy,226798356
2024-07-26 14:12:55,30400.0,200,Sell,226798640
2024-07-26 14:13:19,30400.0,200,Sell,226799488
2024-07-26 14:13:22,30500.0,8000,Buy,226799558
2024-07-26 14:13:31,30500.0,2000,Buy,226799933
2024-07-26 14:13:34,30500.0,2000,Buy,226800031
2024-07-26 14:13:35,30500.0,10000,Buy,226800094
2024-07-26 14:13:37,30500.0,2000,Buy,226800140
2024-07-26 14:13:39,30500.0,4300,Sell,226800235
2024-07-26 14:14:20,30500.0,200,Sell,226801473
2024-07-26 14:14:24,30500.0,200,Sell,226801606
2024-07-26 14:14:45,30500.0,500,Sell,226802274
2024-07-26 14:14:58,30500.0,1000,Sell,226802738
2024-07-26 14:15:05,30500.0,1000,Sell,226802895
2024-07-26 14:15:28,30500.0,100,Sell,226803568
2024-07-26 14:16:06,30500.0,100,Sell,226804644
2024-07-26 14:16:08,30500.0,100,Sell,226804663
2024-07-26 14:16:20,30500.0,6000,Sell,226804942
2024-07-26 14:16:43,30600.0,5400,Buy,226805572
2024-07-26 14:16:48,30600.0,100,Buy,226805716
2024-07-26 14:16:49,30600.0,50000,Buy,226805748
2024-07-26 14:16:50,30600.0,19600,Buy,226805769
2024-07-26 14:17:04,30600.0,100,Sell,226806182
2024-07-26 14:17:11,30600.0,3000,Sell,226806378
2024-07-26 14:17:12,30600.0,3900,Sell,226806399
2024-07-26 14:17:21,30600.0,3400,Buy,226806725
2024-07-26 14:17:26,30600.0,200,Buy,226806835
2024-07-26 14:17:30,30600.0,700,Buy,226806978
2024-07-26 14:17:33,30600.0,400,Buy,226807092
2024-07-26 14:17:37,30600.0,900,Buy,226807184
2024-07-26 14:17:47,30600.0,400,Sell,226807596
2024-07-26 14:18:31,30600.0,400,Sell,226808850
2024-07-26 14:18:39,30600.0,200,Sell,226809042
2024-07-26 14:18:51,30600.0,11000,Sell,226809318
2024-07-26 14:18:55,30600.0,500,Sell,226809421
2024-07-26 14:18:58,30600.0,1000,Sell,226809492
2024-07-26 14:19:01,30600.0,6500,Sell,226809559
2024-07-26 14:19:10,30600.0,100,Buy,226809836
2024-07-26 14:19:37,30600.0,500,Buy,226810645
2024-07-26 14:20:06,30600.0,5000,Buy,226811674
2024-07-26 14:20:30,30600.0,500,Buy,226812356
2024-07-26 14:20:40,30600.0,5000,Buy,226812632
2024-07-26 14:20:47,30600.0,700,Buy,226812816
2024-07-26 14:20:54,30600.0,4000,Buy,226812983
2024-07-26 14:21:11,30600.0,5000,Buy,226813512
2024-07-26 14:21:16,30600.0,1100,Buy,226813612
2024-07-26 14:21:27,30500.0,100,Sell,226813978
2024-07-26 14:22:06,30500.0,2000,Sell,226815379
2024-07-26 14:22:52,30500.0,500,Sell,226816724
2024-07-26 14:23:32,30500.0,100,Sell,226818002
2024-07-26 14:24:02,30500.0,1600,Sell,226818832
2024-07-26 14:24:23,30600.0,700,Buy,226819505
2024-07-26 14:24:25,30600.0,300,Buy,226819553
2024-07-26 14:24:37,30600.0,2500,Buy,226819908
2024-07-26 14:24:40,30600.0,15000,Buy,226819965
2024-07-26 14:24:47,30600.0,6100,Buy,226820157
2024-07-26 14:25:03,30600.0,400,Sell,226820635
2024-07-26 14:25:12,30700.0,3500,Buy,226820906
2024-07-26 14:25:20,30600.0,100,Sell,226821115
2024-07-26 14:25:22,30700.0,5500,Buy,226821165
2024-07-26 14:25:26,30700.0,200,Buy,226821328
2024-07-26 14:25:36,30700.0,500,Buy,226821799
2024-07-26 14:25:39,30700.0,7000,Buy,226821943
2024-07-26 14:25:41,30700.0,700,Buy,226822019
2024-07-26 14:25:49,30700.0,10000,Buy,226822285
2024-07-26 14:25:55,30600.0,1500,Sell,226822498
2024-07-26 14:25:56,30700.0,1900,Buy,226822520
2024-07-26 14:26:02,30700.0,500,Buy,226822738
2024-07-26 14:26:11,30700.0,20000,Buy,226823003
2024-07-26 14:26:16,30700.0,5000,Buy,226823224
2024-07-26 14:26:17,30700.0,2000,Buy,226823254
2024-07-26 14:26:18,30700.0,9500,Buy,226823286
2024-07-26 14:26:20,30700.0,100,Buy,226823382
2024-07-26 14:26:24,30700.0,1000,Buy,226823496
2024-07-26 14:26:28,30700.0,500,Buy,226823622
2024-07-26 14:26:31,30700.0,3000,Buy,226823716
2024-07-26 14:26:32,30700.0,1000,Buy,226823739
2024-07-26 14:26:38,30700.0,500,Buy,226824019
2024-07-26 14:26:41,30700.0,2000,Sell,226824126
2024-07-26 14:26:51,30700.0,1300,Sell,226824471
2024-07-26 14:27:05,30800.0,5000,Buy,226825003
2024-07-26 14:27:11,30800.0,100,Buy,226825223
2024-07-26 14:27:20,30800.0,300,Buy,226825550
2024-07-26 14:27:22,30800.0,700,Buy,226825680
2024-07-26 14:27:26,30800.0,10300,Buy,226825836
2024-07-26 14:27:29,30800.0,5000,Buy,226825961
2024-07-26 14:27:32,30800.0,10000,Buy,226826163
2024-07-26 14:27:36,30800.0,100,Buy,226826325
2024-07-26 14:27:47,30800.0,200,Buy,226826765
2024-07-26 14:27:48,30800.0,200,Buy,226826787
2024-07-26 14:27:59,30800.0,13600,Sell,226827546
2024-07-26 14:28:05,30800.0,10000,Sell,226827850
2024-07-26 14:28:07,30800.0,100,Sell,226827926
2024-07-26 14:28:10,30800.0,20000,Sell,226828097
2024-07-26 14:28:12,30900.0,3000,Buy,226828151
2024-07-26 14:28:14,30900.0,1000,Buy,226828232
2024-07-26 14:28:15,30900.0,1000,Buy,226828285
2024-07-26 14:28:25,30900.0,400,Buy,226828832
2024-07-26 14:28:29,30800.0,300,Sell,226829028
2024-07-26 14:28:31,30900.0,100,Buy,226829113
2024-07-26 14:28:34,30900.0,5000,Buy,226829223
2024-07-26 14:28:37,30900.0,4000,Buy,226829360
2024-07-26 14:28:46,30900.0,3000,Buy,226829880
2024-07-26 14:28:51,30900.0,6000,Buy,226830086
2024-07-26 14:28:52,30900.0,1000,Buy,226830153
2024-07-26 14:28:56,30800.0,15000,Sell,226830327
2024-07-26 14:28:59,30800.0,900,Sell,226830452
2024-07-26 14:29:00,30800.0,1500,Sell,226830502
2024-07-26 14:29:11,30800.0,900,Sell,226831166
2024-07-26 14:29:12,30800.0,100,Sell,226831228
2024-07-26 14:29:13,30800.0,2200,Sell,226831286
2024-07-26 14:29:31,30800.0,12000,Sell,226832433
2024-07-26 14:29:32,30800.0,1000,Sell,226832467
2024-07-26 14:29:35,30800.0,600,Buy,226832690
2024-07-26 14:29:45,30800.0,200,Buy,226833299
2024-07-26 14:29:47,30800.0,200,Buy,226833435
2024-07-26 14:29:52,30700.0,3000,Sell,226833739
2024-07-26 14:29:53,30800.0,4000,ATO/ATC,226833771
2024-07-26 14:45:06,31000.0,166000,Buy,226835263
2024-07-26 14:52:20,31000.0,500,Sell,226835919
