time,price,volume,match_type,id
2024-07-29 09:00:11,31100.0,300,Buy,226836742
2024-07-29 09:00:15,31100.0,400,Sell,226836777
2024-07-29 09:00:22,31100.0,5500,Sell,226836838
2024-07-29 09:00:24,31000.0,10700,Sell,226836851
2024-07-29 09:00:26,31000.0,200,Buy,226836861
2024-07-29 09:00:32,31000.0,2000,Buy,226836900
2024-07-29 09:00:48,31400.0,5000,Buy,226836975
2024-07-29 09:00:49,31400.0,100,Buy,226836977
2024-07-29 09:01:44,31300.0,500,Buy,226837112
2024-07-29 09:02:25,31300.0,500,Buy,226837230
2024-07-29 09:02:28,31300.0,2000,Buy,226837240
2024-07-29 09:02:42,31300.0,5300,Sell,226837283
2024-07-29 09:02:43,31300.0,1200,ATO/ATC,226837285
2024-07-29 09:02:55,31300.0,1000,Sell,226837318
2024-07-29 09:03:16,31300.0,500,Sell,226837365
2024-07-29 09:03:42,31300.0,200,Sell,226837452
2024-07-29 09:03:57,31400.0,200,Buy,226837496
2024-07-29 09:04:10,31400.0,3000,Buy,226837533
2024-07-29 09:04:21,31400.0,500,Buy,226837578
2024-07-29 09:04:29,31300.0,300,Buy,226837602
2024-07-29 09:04:36,31300.0,100,Buy,226837617
2024-07-29 09:04:44,31300.0,500,Buy,226837638
2024-07-29 09:04:49,31300.0,4000,Buy,226837645
2024-07-29 09:05:13,31300.0,400,Buy,226837711
2024-07-29 09:05:29,31300.0,200,Buy,226837755
2024-07-29 09:05:38,31300.0,100,Buy,226837777
2024-07-29 09:05:48,31200.0,6200,Buy,226837800
2024-07-29 09:06:11,31200.0,6200,Buy,226837873
2024-07-29 09:07:11,31200.0,700,Sell,226838036
2024-07-29 09:07:21,31200.0,500,Buy,226838067
2024-07-29 09:07:41,31200.0,500,Buy,226838120
2024-07-29 09:07:47,31200.0,100,Buy,226838138
2024-07-29 09:08:40,31200.0,1000,Buy,226838260
2024-07-29 09:09:20,31200.0,900,Buy,226838368
2024-07-29 09:09:24,31200.0,1000,Buy,226838382
2024-07-29 09:10:14,31200.0,500,Buy,226838517
2024-07-29 09:10:54,31200.0,3200,Buy,226838616
2024-07-29 09:11:16,31200.0,300,Buy,226838674
2024-07-29 09:11:27,31200.0,2000,Buy,226838703
2024-07-29 09:12:18,31200.0,100,Buy,226838837
2024-07-29 09:12:25,31200.0,600,Sell,226838864
2024-07-29 09:12:37,31200.0,100,Sell,226838893
2024-07-29 09:12:42,31200.0,300,Sell,226838902
2024-07-29 09:12:44,31200.0,3400,Buy,226838905
2024-07-29 09:12:50,31200.0,500,Buy,226838925
2024-07-29 09:12:55,31200.0,300,Buy,226838939
2024-07-29 09:13:35,31200.0,100,Buy,226839037
2024-07-29 09:13:48,31200.0,100,Buy,226839071
2024-07-29 09:13:49,31200.0,100,Buy,226839078
2024-07-29 09:13:53,31200.0,4000,Buy,226839090
2024-07-29 09:14:00,31200.0,2500,Buy,226839110
2024-07-29 09:14:06,31200.0,1000,Buy,226839121
2024-07-29 09:14:22,31200.0,100,Buy,226839174
2024-07-29 09:14:44,31200.0,1900,Buy,226839240
2024-07-29 09:14:54,31200.0,5000,Buy,226839273
2024-07-29 09:15:24,31200.0,500,Sell,226840310
2024-07-29 09:15:25,31200.0,1000,Sell,226840364
2024-07-29 09:16:26,31200.0,100,Sell,226842078
2024-07-29 09:17:02,31200.0,200,Sell,226843268
2024-07-29 09:17:04,31200.0,200,Sell,226843323
2024-07-29 09:17:21,31300.0,100,Buy,226843816
2024-07-29 09:17:29,31300.0,4000,Buy,226844075
2024-07-29 09:17:30,31300.0,400,Buy,226844116
2024-07-29 09:17:35,31300.0,5000,Buy,226844219
2024-07-29 09:17:44,31200.0,2000,Sell,226844543
2024-07-29 09:17:53,31200.0,100,Sell,226844959
2024-07-29 09:18:16,31300.0,2000,Buy,226845778
2024-07-29 09:18:35,31300.0,200,Buy,226846450
2024-07-29 09:18:36,31300.0,200,Buy,226846469
2024-07-29 09:18:39,31300.0,200,Buy,226846608
2024-07-29 09:18:40,31300.0,400,Buy,226846644
2024-07-29 09:18:47,31300.0,2000,Buy,226846931
2024-07-29 09:18:55,31300.0,300,Buy,226847171
2024-07-29 09:19:06,31300.0,20000,Buy,226847474
2024-07-29 09:19:08,31300.0,200,Buy,226847536
2024-07-29 09:19:11,31300.0,200,Buy,226847633
2024-07-29 09:19:17,31300.0,200,Buy,226847810
2024-07-29 09:19:19,31300.0,200,Buy,226847882
2024-07-29 09:19:25,31300.0,200,Buy,226848087
2024-07-29 09:19:48,31300.0,200,Buy,226848913
2024-07-29 09:19:50,31300.0,9300,Buy,226848988
2024-07-29 09:19:53,31300.0,200,Buy,226849085
2024-07-29 09:20:12,31300.0,1000,Buy,226849634
2024-07-29 09:20:13,31300.0,6600,Buy,226849692
2024-07-29 09:20:17,31300.0,100,Buy,226849815
2024-07-29 09:20:31,31300.0,12900,Buy,226850211
2024-07-29 09:20:33,31300.0,200,Buy,226850267
2024-07-29 09:20:35,31200.0,3000,Sell,226850349
2024-07-29 09:20:36,31200.0,1700,Sell,226850371
2024-07-29 09:20:37,31300.0,400,Buy,226850396
2024-07-29 09:20:41,31200.0,4400,Sell,226850494
2024-07-29 09:20:50,31200.0,1000,Buy,226850826
2024-07-29 09:21:01,31200.0,1900,Buy,226851093
2024-07-29 09:21:16,31200.0,200,Buy,226851623
2024-07-29 09:21:20,31200.0,200,Buy,226851708
2024-07-29 09:21:21,31200.0,200,Buy,226851745
2024-07-29 09:21:28,31200.0,200,Buy,226851978
2024-07-29 09:21:30,31200.0,700,Buy,226852029
2024-07-29 09:21:33,31200.0,400,Buy,226852105
2024-07-29 09:21:36,31200.0,2000,Buy,226852223
2024-07-29 09:21:48,31200.0,200,Buy,226852709
2024-07-29 09:21:52,31200.0,200,Buy,226852850
2024-07-29 09:21:56,31200.0,200,Buy,226852973
2024-07-29 09:22:03,31100.0,500,Sell,226853197
2024-07-29 09:22:08,31200.0,200,Buy,226853367
2024-07-29 09:22:10,31200.0,200,Buy,226853477
2024-07-29 09:22:11,31200.0,3200,Buy,226853505
2024-07-29 09:22:13,31200.0,1000,Buy,226853571
2024-07-29 09:22:16,31100.0,300,Sell,226853666
2024-07-29 09:22:29,31200.0,200,Buy,226854037
2024-07-29 09:22:36,31200.0,200,Buy,226854216
2024-07-29 09:22:42,31200.0,3700,Buy,226854409
2024-07-29 09:22:50,31200.0,200,Buy,226854602
2024-07-29 09:22:52,31100.0,1000,Sell,226854658
2024-07-29 09:22:56,31200.0,200,Buy,226854765
2024-07-29 09:23:11,31200.0,200,Buy,226855195
2024-07-29 09:23:13,31200.0,200,Buy,226855280
2024-07-29 09:23:23,31200.0,200,Buy,226855562
2024-07-29 09:23:27,31200.0,200,Buy,226855676
2024-07-29 09:23:32,31200.0,500,Sell,226855806
2024-07-29 09:23:43,31200.0,100,Sell,226856073
2024-07-29 09:23:45,31300.0,400,Buy,226856117
2024-07-29 09:23:54,31200.0,500,Sell,226856344
2024-07-29 09:24:00,31200.0,100,Sell,226856483
2024-07-29 09:24:02,31300.0,200,Buy,226856524
2024-07-29 09:24:06,31300.0,2000,Buy,226856625
2024-07-29 09:24:10,31300.0,400,Buy,226856754
2024-07-29 09:24:14,31300.0,200,Buy,226856832
2024-07-29 09:24:21,31300.0,200,Buy,226857058
2024-07-29 09:24:24,31300.0,200,Buy,226857174
2024-07-29 09:24:27,31300.0,2000,Buy,226857335
2024-07-29 09:24:28,31300.0,500,Buy,226857385
2024-07-29 09:24:31,31300.0,10000,Buy,226857490
2024-07-29 09:24:31,31300.0,300,Buy,226857460
2024-07-29 09:24:34,31300.0,200,Buy,226857624
2024-07-29 09:24:54,31300.0,200,Buy,226858193
2024-07-29 09:25:05,31300.0,700,Buy,226858464
2024-07-29 09:25:16,31300.0,200,Buy,226858685
2024-07-29 09:25:18,31300.0,1000,Buy,226858743
2024-07-29 09:25:36,31300.0,300,Buy,226859168
2024-07-29 09:25:47,31300.0,1000,Buy,226859484
2024-07-29 09:25:57,31300.0,200,Buy,226859779
2024-07-29 09:26:25,31300.0,100,Buy,226860429
2024-07-29 09:26:53,31300.0,500,Buy,226861095
2024-07-29 09:27:16,31300.0,200,Buy,226861556
2024-07-29 09:27:21,31300.0,200,Buy,226861654
2024-07-29 09:27:37,31300.0,200,Buy,226862027
2024-07-29 09:27:53,31300.0,500,Buy,226862330
2024-07-29 09:27:54,31200.0,100,Sell,226862348
2024-07-29 09:28:06,31300.0,800,Buy,226862608
2024-07-29 09:28:09,31200.0,100,Sell,226862695
2024-07-29 09:28:27,31300.0,600,Buy,226863093
2024-07-29 09:28:56,31300.0,1000,Buy,226863825
2024-07-29 09:29:09,31300.0,2000,Buy,226864072
2024-07-29 09:29:26,31300.0,100,Buy,226864454
2024-07-29 09:29:32,31300.0,1000,Buy,226864549
2024-07-29 09:29:45,31300.0,100,Buy,226864809
2024-07-29 09:29:48,31300.0,300,Buy,226864940
2024-07-29 09:29:53,31300.0,200,Buy,226865068
2024-07-29 09:29:58,31300.0,500,Buy,226865158
2024-07-29 09:30:13,31300.0,10400,Buy,226865500
2024-07-29 09:30:38,31300.0,200,Buy,226866198
2024-07-29 09:30:40,31300.0,100,Buy,226866238
2024-07-29 09:31:10,31300.0,500,Buy,226866966
2024-07-29 09:31:16,31300.0,200,Buy,226867101
2024-07-29 09:31:20,31300.0,1000,Buy,226867206
2024-07-29 09:31:45,31200.0,800,Sell,226867755
2024-07-29 09:31:47,31200.0,100,Sell,226867811
2024-07-29 09:31:59,31300.0,500,Buy,226868039
2024-07-29 09:32:08,31300.0,200,Buy,226868248
2024-07-29 09:32:09,31300.0,200,Buy,226868252
2024-07-29 09:32:32,31200.0,1500,Sell,226868781
2024-07-29 09:32:44,31200.0,800,Sell,226869029
2024-07-29 09:32:46,31200.0,200,Sell,226869065
2024-07-29 09:32:52,31200.0,5000,Sell,226869214
2024-07-29 09:33:14,31300.0,200,Buy,226869684
2024-07-29 09:33:15,31300.0,200,Buy,226869719
2024-07-29 09:33:20,31300.0,200,Buy,226869858
2024-07-29 09:33:29,31300.0,200,Buy,226870071
2024-07-29 09:33:33,31300.0,200,Buy,226870182
2024-07-29 09:33:37,31300.0,200,Buy,226870293
2024-07-29 09:33:39,31300.0,1000,Buy,226870348
2024-07-29 09:33:43,31300.0,200,Buy,226870436
2024-07-29 09:33:45,31300.0,200,Buy,226870485
2024-07-29 09:33:46,31300.0,200,Buy,226870505
2024-07-29 09:33:48,31300.0,1000,Buy,226870532
2024-07-29 09:33:57,31300.0,200,Buy,226870770
2024-07-29 09:33:58,31300.0,200,Buy,226870784
2024-07-29 09:33:59,31300.0,200,Buy,226870804
2024-07-29 09:34:00,31300.0,200,Buy,226870836
2024-07-29 09:34:09,31300.0,1200,Buy,226871102
2024-07-29 09:34:10,31300.0,200,Buy,226871111
2024-07-29 09:34:11,31300.0,22400,Buy,226871143
2024-07-29 09:34:12,31300.0,500,Buy,226871158
2024-07-29 09:34:17,31300.0,200,Buy,226871282
2024-07-29 09:34:19,31300.0,1000,Buy,226871353
2024-07-29 09:34:20,31300.0,100,Buy,226871375
2024-07-29 09:34:21,31300.0,1200,Buy,226871400
2024-07-29 09:34:22,31300.0,200,Buy,226871408
2024-07-29 09:34:24,31300.0,200,Buy,226871475
2024-07-29 09:34:25,31300.0,200,Buy,226871483
2024-07-29 09:34:29,31300.0,200,Buy,226871572
2024-07-29 09:34:30,31300.0,700,Buy,226871582
2024-07-29 09:34:34,31300.0,800,Buy,226871672
2024-07-29 09:34:35,31300.0,200,Buy,226871683
2024-07-29 09:34:38,31300.0,5000,Buy,226871734
2024-07-29 09:34:39,31300.0,400,Buy,226871744
2024-07-29 09:34:41,31300.0,1600,Sell,226871816
2024-07-29 09:34:42,31400.0,200,Buy,226871854
2024-07-29 09:34:44,31400.0,200,Buy,226871920
2024-07-29 09:34:50,31400.0,200,Buy,226872033
2024-07-29 09:34:51,31300.0,500,Sell,226872060
2024-07-29 09:34:53,31400.0,200,Buy,226872088
2024-07-29 09:35:13,31400.0,200,Buy,226872554
2024-07-29 09:35:16,31400.0,200,Buy,226872607
2024-07-29 09:35:22,31400.0,200,Buy,226872765
2024-07-29 09:35:29,31300.0,100,Sell,226873032
2024-07-29 09:35:39,31300.0,100,Sell,226873240
2024-07-29 09:35:53,31400.0,200,Buy,226873654
2024-07-29 09:36:08,31400.0,200,Buy,226874004
2024-07-29 09:36:16,31400.0,500,Buy,226874226
2024-07-29 09:36:53,31400.0,200,Buy,226875178
2024-07-29 09:36:54,31400.0,100,Buy,226875207
2024-07-29 09:37:00,31400.0,2400,Buy,226875330
2024-07-29 09:37:21,31400.0,400,Buy,226876013
2024-07-29 09:37:37,31400.0,1500,Buy,226876372
2024-07-29 09:37:48,31400.0,3000,Buy,226876648
2024-07-29 09:37:52,31400.0,10400,Buy,226876763
2024-07-29 09:37:58,31400.0,500,Buy,226876918
2024-07-29 09:38:07,31400.0,400,Buy,226877174
2024-07-29 09:38:08,31400.0,200,Buy,226877192
2024-07-29 09:38:20,31400.0,800,Buy,226877504
2024-07-29 09:38:31,31400.0,1500,Buy,226877818
2024-07-29 09:38:32,31400.0,5000,Buy,226877853
2024-07-29 09:38:36,31400.0,1000,Buy,226877957
2024-07-29 09:38:43,31400.0,1000,Buy,226878093
2024-07-29 09:38:44,31400.0,8300,Buy,226878120
2024-07-29 09:38:59,31400.0,13100,Sell,226878496
2024-07-29 09:39:09,31400.0,1800,Buy,226878725
2024-07-29 09:39:12,31400.0,1000,Buy,226878805
2024-07-29 09:39:17,31400.0,1200,Buy,226878906
2024-07-29 09:39:18,31400.0,4200,Buy,226878935
2024-07-29 09:39:20,31400.0,3200,Buy,226878990
2024-07-29 09:39:23,31400.0,100,Buy,226879049
2024-07-29 09:39:32,31300.0,100,Sell,226879255
2024-07-29 09:39:34,31400.0,300,Buy,226879300
2024-07-29 09:39:40,31400.0,100,Buy,226879397
2024-07-29 09:39:43,31400.0,1000,Buy,226879459
2024-07-29 09:39:46,31400.0,100,Buy,226879549
2024-07-29 09:39:53,31400.0,3600,Buy,226879747
2024-07-29 09:40:27,31400.0,200,Sell,226880542
2024-07-29 09:40:55,31400.0,200,Sell,226881307
2024-07-29 09:40:56,31400.0,500,Sell,226881323
2024-07-29 09:41:23,31400.0,300,Sell,226881964
2024-07-29 09:41:52,31400.0,1000,Sell,226882754
2024-07-29 09:42:02,31400.0,200,Sell,226882912
2024-07-29 09:42:08,31400.0,500,Sell,226883046
2024-07-29 09:42:10,31400.0,10000,Sell,226883087
2024-07-29 09:42:14,31400.0,100,Sell,226883163
2024-07-29 09:42:18,31400.0,1000,Sell,226883244
2024-07-29 09:42:22,31400.0,400,Sell,226883327
2024-07-29 09:42:24,31400.0,5000,Sell,226883374
2024-07-29 09:42:25,31400.0,8700,Sell,226883404
2024-07-29 09:42:41,31400.0,5000,Buy,226883755
2024-07-29 09:42:42,31400.0,2100,Sell,226883776
2024-07-29 09:42:43,31400.0,10000,Sell,226883818
2024-07-29 09:42:46,31400.0,2000,Sell,226883867
2024-07-29 09:42:48,31400.0,1000,Sell,226883896
2024-07-29 09:42:49,31400.0,2000,Sell,226883919
2024-07-29 09:42:52,31400.0,2000,Sell,226883993
2024-07-29 09:42:55,31400.0,2000,Sell,226884073
2024-07-29 09:43:00,31400.0,5000,Sell,226884198
2024-07-29 09:43:05,31400.0,900,Buy,226884289
2024-07-29 09:43:25,31300.0,100,Sell,226884769
2024-07-29 09:43:26,31400.0,3000,Buy,226884786
2024-07-29 09:44:13,31400.0,5000,Buy,226885688
2024-07-29 09:44:16,31400.0,5000,Buy,226885734
2024-07-29 09:44:20,31400.0,5000,Buy,226885813
2024-07-29 09:44:21,31400.0,600,Buy,226885853
2024-07-29 09:44:31,31400.0,200,Buy,226886154
2024-07-29 09:44:42,31400.0,5000,Buy,226886367
2024-07-29 09:44:58,31400.0,300,Buy,226886697
2024-07-29 09:45:08,31400.0,3000,Buy,226886890
2024-07-29 09:45:09,31400.0,1700,Sell,226886904
2024-07-29 09:45:20,31400.0,100,Sell,226887102
2024-07-29 09:45:22,31400.0,300,Sell,226887128
2024-07-29 09:45:41,31400.0,1000,Buy,226887478
2024-07-29 09:45:53,31400.0,200,Buy,226887813
2024-07-29 09:46:10,31400.0,200,Buy,226888168
2024-07-29 09:46:12,31400.0,1600,Buy,226888196
2024-07-29 09:46:21,31400.0,100,Buy,226888409
2024-07-29 09:46:23,31400.0,1000,Buy,226888449
2024-07-29 09:46:32,31400.0,5000,Buy,226888620
2024-07-29 09:46:38,31400.0,700,Buy,226888794
2024-07-29 09:46:49,31400.0,1000,Buy,226889009
2024-07-29 09:47:18,31300.0,100,Sell,226889636
2024-07-29 09:48:01,31400.0,300,Buy,226890570
2024-07-29 09:48:37,31400.0,200,Buy,226891292
2024-07-29 09:48:41,31400.0,1000,Buy,226891367
2024-07-29 09:48:44,31400.0,200,Buy,226891408
2024-07-29 09:48:49,31400.0,1700,Buy,226891493
2024-07-29 09:48:50,31400.0,200,Buy,226891518
2024-07-29 09:48:54,31400.0,200,Buy,226891597
2024-07-29 09:49:11,31400.0,8000,Buy,226891983
2024-07-29 09:49:15,31400.0,200,Buy,226892109
2024-07-29 09:49:18,31400.0,1000,Buy,226892168
2024-07-29 09:49:40,31400.0,10000,Buy,226892815
2024-07-29 09:49:43,31400.0,100,Buy,226892903
2024-07-29 09:49:53,31400.0,300,Buy,226893110
2024-07-29 09:49:55,31400.0,1000,Buy,226893235
2024-07-29 09:50:00,31400.0,100,Buy,226893351
2024-07-29 09:50:08,31400.0,1000,Buy,226893776
2024-07-29 09:50:34,31400.0,100,Buy,226894442
2024-07-29 09:51:04,31400.0,200,Buy,226895309
2024-07-29 09:51:10,31400.0,39300,Buy,226895448
2024-07-29 09:51:11,31400.0,700,Sell,226895484
2024-07-29 09:51:26,31400.0,1300,Sell,226895894
2024-07-29 09:51:27,31500.0,200,Buy,226895914
2024-07-29 09:51:54,31500.0,200,Buy,226896573
2024-07-29 09:51:54,31500.0,700,Buy,226896586
2024-07-29 09:52:12,31500.0,5000,Buy,226896970
2024-07-29 09:52:17,31500.0,200,Buy,226897081
2024-07-29 09:52:28,31500.0,2000,Buy,226897372
2024-07-29 09:52:30,31500.0,200,Buy,226897400
2024-07-29 09:52:49,31400.0,1000,Sell,226897988
2024-07-29 09:53:14,31400.0,200,Sell,226898606
2024-07-29 09:53:48,31400.0,200,Sell,226899639
2024-07-29 09:54:33,31400.0,600,Sell,226900762
2024-07-29 09:54:41,31500.0,100,Buy,226900976
2024-07-29 09:54:43,31500.0,500,Buy,226901023
2024-07-29 09:54:46,31500.0,2000,Buy,226901117
2024-07-29 09:55:05,31400.0,100,Sell,226901624
2024-07-29 09:55:10,31500.0,200,Buy,226901787
2024-07-29 09:55:15,31400.0,100,Sell,226901889
2024-07-29 09:55:17,31500.0,500,Buy,226901926
2024-07-29 09:55:23,31500.0,100,Buy,226902057
2024-07-29 09:55:39,31500.0,5000,Buy,226902528
2024-07-29 09:55:45,31500.0,100,Buy,226902733
2024-07-29 09:56:42,31500.0,1000,Buy,226904172
2024-07-29 09:56:54,31500.0,200,Buy,226904430
2024-07-29 09:56:58,31500.0,200,Buy,226904505
2024-07-29 09:57:00,31500.0,200,Buy,226904553
2024-07-29 09:57:23,31400.0,300,Sell,226905046
2024-07-29 09:57:47,31500.0,300,Buy,226905633
2024-07-29 09:57:48,31400.0,8300,Sell,226905639
2024-07-29 09:57:53,31400.0,200,Sell,226905740
2024-07-29 09:57:55,31400.0,31500,Sell,226905778
2024-07-29 09:57:56,31400.0,800,Sell,226905799
2024-07-29 09:58:08,31400.0,20000,Sell,226906167
2024-07-29 09:58:10,31500.0,9600,Buy,226906218
2024-07-29 09:58:24,31400.0,1000,Buy,226906516
2024-07-29 09:58:33,31400.0,500,Buy,226906689
2024-07-29 09:58:58,31300.0,100,Sell,226907162
2024-07-29 09:59:36,31400.0,200,Buy,226907784
2024-07-29 09:59:53,31400.0,200,Buy,226908082
2024-07-29 10:00:07,31300.0,300,Sell,226908300
2024-07-29 10:00:23,31300.0,200,Sell,226908505
2024-07-29 10:00:28,31300.0,200,Sell,226908638
2024-07-29 10:00:52,31400.0,2000,Buy,226909036
2024-07-29 10:01:05,31400.0,900,Buy,226909298
2024-07-29 10:01:29,31400.0,1000,Buy,226909704
2024-07-29 10:01:40,31400.0,100,Buy,226909870
2024-07-29 10:02:05,31400.0,8000,Buy,226910248
2024-07-29 10:02:08,31400.0,200,Buy,226910300
2024-07-29 10:02:21,31400.0,2000,Buy,226910557
2024-07-29 10:02:30,31300.0,5000,Sell,226910748
2024-07-29 10:02:39,31400.0,2000,Buy,226910968
2024-07-29 10:02:44,31400.0,1000,Buy,226911048
2024-07-29 10:02:50,31300.0,300,Sell,226911176
2024-07-29 10:02:53,31300.0,41800,Sell,226911238
2024-07-29 10:03:08,31400.0,500,Buy,226911553
2024-07-29 10:03:22,31400.0,200,Buy,226911916
2024-07-29 10:03:53,31400.0,100,Buy,226912524
2024-07-29 10:04:25,31300.0,300,Sell,226913066
2024-07-29 10:05:17,31400.0,200,Buy,226914237
2024-07-29 10:05:38,31400.0,400,Buy,226914562
2024-07-29 10:06:30,31400.0,200,Buy,226915490
2024-07-29 10:06:38,31400.0,100,Buy,226915596
2024-07-29 10:06:43,31300.0,100,Sell,226915691
2024-07-29 10:07:11,31400.0,10000,Buy,226916082
2024-07-29 10:07:35,31400.0,200,Buy,226916466
2024-07-29 10:08:03,31400.0,300,Buy,226916931
2024-07-29 10:08:14,31400.0,200,Buy,226917086
2024-07-29 10:08:18,31400.0,200,Buy,226917144
2024-07-29 10:08:32,31400.0,200,Buy,226917423
2024-07-29 10:08:41,31400.0,200,Buy,226917581
2024-07-29 10:09:11,31400.0,100,Buy,226918105
2024-07-29 10:09:19,31400.0,200,Buy,226918316
2024-07-29 10:09:45,31400.0,500,Buy,226918726
2024-07-29 10:10:36,31300.0,100,Sell,226919548
2024-07-29 10:11:10,31300.0,500,Sell,226920041
2024-07-29 10:11:35,31300.0,900,Sell,226920379
2024-07-29 10:11:36,31300.0,2300,Sell,226920394
2024-07-29 10:11:37,31300.0,5000,Sell,226920400
2024-07-29 10:11:42,31300.0,400,Sell,226920466
2024-07-29 10:11:49,31300.0,200,Sell,226920555
2024-07-29 10:11:50,31300.0,1400,Sell,226920580
2024-07-29 10:12:00,31300.0,4500,Sell,226920708
2024-07-29 10:12:35,31300.0,100,Sell,226921192
2024-07-29 10:13:04,31300.0,2000,Sell,226921601
2024-07-29 10:13:05,31300.0,55800,Sell,226921671
2024-07-29 10:13:14,31300.0,100,Sell,226921778
2024-07-29 10:13:15,31300.0,500,Sell,226921790
2024-07-29 10:13:21,31300.0,15200,Sell,226921868
2024-07-29 10:13:23,31300.0,600,Sell,226921910
2024-07-29 10:13:30,31300.0,2600,Buy,226922068
2024-07-29 10:13:34,31300.0,500,Buy,226922138
2024-07-29 10:13:38,31300.0,4000,Buy,226922179
2024-07-29 10:13:39,31300.0,100,Buy,226922207
2024-07-29 10:13:44,31200.0,200,Sell,226922320
2024-07-29 10:14:06,31200.0,400,Sell,226922593
2024-07-29 10:14:36,31200.0,100,Sell,226922966
2024-07-29 10:14:37,31300.0,500,Buy,226922983
2024-07-29 10:14:42,31300.0,500,Buy,226923040
2024-07-29 10:14:55,31300.0,18000,Buy,226923247
2024-07-29 10:15:22,31300.0,200,Buy,226923610
2024-07-29 10:16:04,31300.0,200,Buy,226924204
2024-07-29 10:16:06,31200.0,10000,Sell,226924273
2024-07-29 10:16:35,31300.0,200,Buy,226924712
2024-07-29 10:16:54,31300.0,200,Buy,226925112
2024-07-29 10:17:09,31300.0,200,Buy,226925365
2024-07-29 10:17:36,31300.0,2000,Buy,226925830
2024-07-29 10:17:46,31300.0,200,Buy,226926140
2024-07-29 10:17:57,31300.0,300,Buy,226926309
2024-07-29 10:18:07,31300.0,600,Buy,226926438
2024-07-29 10:18:17,31300.0,300,Buy,226926533
2024-07-29 10:18:19,31300.0,500,Buy,226926558
2024-07-29 10:18:21,31300.0,200,Buy,226926590
2024-07-29 10:18:22,31200.0,100,Sell,226926601
2024-07-29 10:18:47,31200.0,20000,Sell,226927023
2024-07-29 10:19:11,31300.0,1200,Buy,226927338
2024-07-29 10:19:17,31300.0,1200,Buy,226927424
2024-07-29 10:19:49,31200.0,2000,Sell,226927922
2024-07-29 10:19:51,31300.0,200,Buy,226927931
2024-07-29 10:20:19,31200.0,500,Sell,226928314
2024-07-29 10:20:53,31300.0,200,Buy,226928782
2024-07-29 10:21:11,31200.0,200,Sell,226929037
2024-07-29 10:21:27,31200.0,200,Sell,226929333
2024-07-29 10:21:50,31200.0,300,Sell,226929725
2024-07-29 10:22:08,31200.0,2000,Sell,226929986
2024-07-29 10:22:16,31200.0,100,Sell,226930146
2024-07-29 10:22:33,31200.0,600,Sell,226930470
2024-07-29 10:23:14,31300.0,400,Buy,226931694
2024-07-29 10:24:30,31200.0,100,Sell,226932987
2024-07-29 10:24:33,31300.0,200,Buy,226933038
2024-07-29 10:25:04,31300.0,400,Buy,226933578
2024-07-29 10:26:09,31200.0,100,Sell,226934383
2024-07-29 10:27:03,31200.0,1000,Sell,226935244
2024-07-29 10:28:07,31200.0,100,Sell,226936222
2024-07-29 10:28:32,31200.0,100,Sell,226936539
2024-07-29 10:29:07,31300.0,3000,Buy,226937111
2024-07-29 10:29:11,31200.0,100,Sell,226937172
2024-07-29 10:29:19,31300.0,100,Buy,226937265
2024-07-29 10:29:36,31300.0,200,Buy,226937608
2024-07-29 10:30:02,31200.0,100,Sell,226938004
2024-07-29 10:30:51,31200.0,3000,Sell,226938703
2024-07-29 10:31:22,31200.0,100,Sell,226939076
2024-07-29 10:32:48,31200.0,4600,Sell,226940384
2024-07-29 10:33:38,31200.0,300,Sell,226940944
2024-07-29 10:33:54,31200.0,5800,Sell,226941182
2024-07-29 10:33:55,31200.0,100,Sell,226941190
2024-07-29 10:35:13,31200.0,10100,Sell,226942341
2024-07-29 10:35:34,31200.0,500,Sell,226942660
2024-07-29 10:35:38,31200.0,100,Sell,226942710
2024-07-29 10:36:11,31200.0,2000,Sell,226943240
2024-07-29 10:36:37,31200.0,50000,Sell,226943589
2024-07-29 10:36:44,31200.0,200,Sell,226943647
2024-07-29 10:36:50,31200.0,10000,Sell,226943716
2024-07-29 10:37:03,31200.0,1200,Sell,226943870
2024-07-29 10:37:16,31200.0,6000,Sell,226944054
2024-07-29 10:37:25,31200.0,900,Buy,226944152
2024-07-29 10:37:48,31100.0,100,Sell,226944475
2024-07-29 10:37:49,31200.0,6000,Buy,226944486
2024-07-29 10:38:14,31200.0,100,Buy,226944751
2024-07-29 10:38:31,31200.0,100,Buy,226944996
2024-07-29 10:40:16,31200.0,100,Buy,226946628
2024-07-29 10:41:40,31100.0,100,Sell,226947953
2024-07-29 10:42:17,31200.0,200,Buy,226948554
2024-07-29 10:42:18,31100.0,6600,Sell,226948562
2024-07-29 10:42:36,31200.0,3000,Buy,226948735
2024-07-29 10:42:51,31200.0,2000,Buy,226948916
2024-07-29 10:43:30,31100.0,100,Sell,226949423
2024-07-29 10:43:38,31100.0,3000,Sell,226949580
2024-07-29 10:43:42,31200.0,5500,Buy,226949621
2024-07-29 10:43:43,31100.0,2700,Sell,226949631
2024-07-29 10:43:47,31100.0,100,Sell,226949722
2024-07-29 10:43:59,31100.0,100,Sell,226949867
2024-07-29 10:44:08,31200.0,1500,Buy,226949979
2024-07-29 10:44:46,31200.0,100,Sell,226950480
2024-07-29 10:45:25,31200.0,6700,Sell,226950956
2024-07-29 10:45:29,31200.0,1000,Sell,226951008
2024-07-29 10:45:33,31200.0,100,Sell,226951088
2024-07-29 10:46:14,31300.0,5000,Buy,226951586
2024-07-29 10:46:42,31200.0,3100,Sell,226951985
2024-07-29 10:47:03,31300.0,200,Buy,226952273
2024-07-29 10:47:10,31300.0,200,Buy,226952370
2024-07-29 10:47:15,31300.0,200,Buy,226952462
2024-07-29 10:47:29,31300.0,10000,Buy,226952633
2024-07-29 10:47:34,31300.0,200,Buy,226952675
2024-07-29 10:47:37,31300.0,400,Buy,226952713
2024-07-29 10:47:39,31300.0,200,Buy,226952736
2024-07-29 10:47:40,31300.0,200,Buy,226952752
2024-07-29 10:47:43,31300.0,400,Buy,226952797
2024-07-29 10:47:47,31300.0,400,Buy,226952826
2024-07-29 10:47:50,31300.0,200,Buy,226952865
2024-07-29 10:47:55,31300.0,200,Buy,226952925
2024-07-29 10:47:56,31300.0,200,Buy,226952938
2024-07-29 10:48:10,31300.0,200,Buy,226953090
2024-07-29 10:48:12,31300.0,200,Buy,226953107
2024-07-29 10:48:15,31300.0,300,Buy,226953151
2024-07-29 10:48:18,31300.0,200,Buy,226953179
2024-07-29 10:48:19,31300.0,300,Buy,226953188
2024-07-29 10:48:21,31300.0,200,Buy,226953204
2024-07-29 10:48:28,31300.0,200,Buy,226953307
2024-07-29 10:48:30,31300.0,200,Buy,226953324
2024-07-29 10:48:39,31300.0,200,Buy,226953437
2024-07-29 10:48:44,31300.0,200,Buy,226953498
2024-07-29 10:48:59,31300.0,9100,Buy,226953641
2024-07-29 10:49:00,31300.0,200,Buy,226953649
2024-07-29 10:49:13,31300.0,200,Buy,226953899
2024-07-29 10:49:26,31200.0,100,Sell,226954138
2024-07-29 10:49:27,31300.0,200,Buy,226954152
2024-07-29 10:49:37,31300.0,100,Buy,226954382
2024-07-29 10:49:49,31300.0,200,Buy,226954571
2024-07-29 10:50:58,31300.0,200,Buy,226955551
2024-07-29 10:51:10,31300.0,200,Buy,226955693
2024-07-29 10:51:17,31300.0,200,Buy,226955816
2024-07-29 10:51:29,31200.0,100,Sell,226955940
2024-07-29 10:51:38,31300.0,1000,Buy,226956082
2024-07-29 10:51:59,31300.0,400,Buy,226956549
2024-07-29 10:52:20,31300.0,1800,Buy,226956857
2024-07-29 10:52:23,31200.0,6000,Sell,226956895
2024-07-29 10:52:27,31300.0,1800,Buy,226956924
2024-07-29 10:53:19,31200.0,100,Sell,226957660
2024-07-29 10:53:37,31200.0,700,Sell,226957834
2024-07-29 10:53:42,31300.0,700,Buy,226957904
2024-07-29 10:53:48,31300.0,700,Buy,226957975
2024-07-29 10:54:17,31200.0,1000,Sell,226958372
2024-07-29 10:54:25,31300.0,400,Buy,226958517
2024-07-29 10:54:26,31200.0,200,Sell,226958531
2024-07-29 10:54:40,31200.0,1000,Sell,226958708
2024-07-29 10:54:58,31200.0,500,Sell,226958967
2024-07-29 10:55:00,31300.0,200,Buy,226959015
2024-07-29 10:55:22,31300.0,200,Buy,226959254
2024-07-29 10:55:37,31300.0,500,Buy,226959455
2024-07-29 10:57:12,31200.0,100,Sell,226960904
2024-07-29 10:57:21,31300.0,1200,Buy,226961001
2024-07-29 10:57:46,31300.0,200,Buy,226961250
2024-07-29 10:57:51,31300.0,500,Buy,226961317
2024-07-29 10:59:20,31300.0,1300,Buy,226962327
2024-07-29 10:59:30,31300.0,200,Buy,226962475
2024-07-29 11:00:05,31300.0,500,Buy,226963010
2024-07-29 11:00:06,31300.0,200,Buy,226963024
2024-07-29 11:00:11,31300.0,200,Buy,226963071
2024-07-29 11:00:14,31200.0,1900,Sell,226963084
2024-07-29 11:00:24,31300.0,200,Buy,226963208
2024-07-29 11:00:29,31300.0,200,Buy,226963317
2024-07-29 11:01:00,31200.0,5000,Sell,226963771
2024-07-29 11:01:05,31200.0,100,Sell,226963820
2024-07-29 11:01:07,31300.0,200,Buy,226963828
2024-07-29 11:01:17,31200.0,1000,Sell,226963938
2024-07-29 11:01:21,31200.0,100,Sell,226963972
2024-07-29 11:01:38,31200.0,200,Sell,226964183
2024-07-29 11:01:58,31300.0,100,Buy,226964431
2024-07-29 11:02:01,31200.0,100,Sell,226964474
2024-07-29 11:02:03,31300.0,200,Buy,226964488
2024-07-29 11:02:18,31300.0,200,Buy,226964693
2024-07-29 11:02:34,31300.0,400,Buy,226964867
2024-07-29 11:02:38,31200.0,500,Sell,226964991
2024-07-29 11:02:41,31300.0,200,Buy,226965022
2024-07-29 11:02:55,31300.0,200,Buy,226965185
2024-07-29 11:03:02,31300.0,200,Buy,226965311
2024-07-29 11:03:04,31300.0,200,Buy,226965351
2024-07-29 11:03:05,31300.0,200,Buy,226965379
2024-07-29 11:03:34,31300.0,200,Buy,226965955
2024-07-29 11:03:48,31300.0,200,Buy,226966170
2024-07-29 11:04:00,31300.0,200,Buy,226966306
2024-07-29 11:04:14,31200.0,500,Sell,226966455
2024-07-29 11:04:28,31300.0,200,Buy,226966665
2024-07-29 11:04:36,31300.0,700,Buy,226966757
2024-07-29 11:04:37,31300.0,400,Buy,226966778
2024-07-29 11:04:40,31200.0,100,Sell,226966819
2024-07-29 11:04:59,31200.0,100,Sell,226967071
2024-07-29 11:06:46,31200.0,500,Sell,226968373
2024-07-29 11:07:01,31200.0,2000,Sell,226968558
2024-07-29 11:08:18,31300.0,200,Buy,226969358
2024-07-29 11:08:52,31200.0,100,Sell,226969842
2024-07-29 11:09:12,31200.0,1000,Sell,226970083
2024-07-29 11:10:15,31200.0,5000,Sell,226970964
2024-07-29 11:10:23,31200.0,500,Sell,226971077
2024-07-29 11:10:28,31200.0,200,Sell,226971155
2024-07-29 11:11:01,31300.0,200,Buy,226971534
2024-07-29 11:11:26,31300.0,1900,Buy,226971866
2024-07-29 11:11:33,31200.0,200,Sell,226971951
2024-07-29 11:12:27,31200.0,1000,Sell,226972629
2024-07-29 11:12:36,31200.0,1000,Sell,226972755
2024-07-29 11:12:45,31200.0,100,Sell,226972864
2024-07-29 11:12:48,31200.0,100,Sell,226972900
2024-07-29 11:13:01,31200.0,100,Sell,226973056
2024-07-29 11:13:22,31300.0,300,Buy,226973267
2024-07-29 11:13:32,31200.0,2300,Sell,226973497
2024-07-29 11:13:36,31200.0,1000,Sell,226973543
2024-07-29 11:13:37,31200.0,5000,Sell,226973555
2024-07-29 11:13:49,31200.0,5400,Buy,226973748
2024-07-29 11:14:17,31200.0,500,Buy,226974047
2024-07-29 11:15:56,31200.0,700,Buy,226975740
2024-07-29 11:16:37,31100.0,100,Sell,226976266
2024-07-29 11:17:11,31100.0,1000,Sell,226976746
2024-07-29 11:17:17,31100.0,100,Sell,226976828
2024-07-29 11:18:04,31100.0,2000,Sell,226977528
2024-07-29 11:18:32,31100.0,1000,Sell,226977945
2024-07-29 11:18:34,31100.0,1000,Sell,226977969
2024-07-29 11:18:55,31200.0,2000,Buy,226978206
2024-07-29 11:20:02,31200.0,1900,Buy,226978885
2024-07-29 11:20:04,31200.0,200,Buy,226978930
2024-07-29 11:20:30,31100.0,100,Sell,226979149
2024-07-29 11:21:20,31100.0,300,Sell,226979616
2024-07-29 11:21:34,31100.0,100,Sell,226979769
2024-07-29 11:21:59,31100.0,200,Sell,226980057
2024-07-29 11:22:17,31200.0,700,Buy,226980245
2024-07-29 11:22:30,31100.0,100,Sell,226980397
2024-07-29 11:23:46,31200.0,300,Buy,226981146
2024-07-29 11:24:23,31200.0,100,Buy,226981604
2024-07-29 11:24:24,31100.0,100,Sell,226981618
2024-07-29 11:25:17,31100.0,100,Sell,226982218
2024-07-29 11:26:16,31100.0,100,Sell,226982935
2024-07-29 11:26:48,31200.0,5000,Buy,226983317
2024-07-29 11:27:17,31200.0,2900,Buy,226983671
2024-07-29 11:27:33,31100.0,200,Sell,226983798
2024-07-29 11:27:47,31200.0,2800,Buy,226983930
2024-07-29 11:28:18,31100.0,100,Sell,226984238
2024-07-29 11:29:01,31200.0,300,Buy,226984746
2024-07-29 11:29:22,31100.0,6000,Sell,226985001
2024-07-29 11:29:33,31100.0,6000,Sell,226985176
2024-07-29 11:29:37,31100.0,15000,Sell,226985210
2024-07-29 13:00:05,31100.0,8600,Sell,226987250
2024-07-29 13:00:08,31200.0,35600,Buy,226987977
2024-07-29 13:00:10,31100.0,13100,Sell,226988174
2024-07-29 13:00:12,31100.0,1600,Sell,226988404
2024-07-29 13:01:13,31200.0,900,Buy,226990229
2024-07-29 13:01:33,31200.0,400,Buy,226990661
2024-07-29 13:01:49,31100.0,100,Sell,226991024
2024-07-29 13:02:04,31100.0,100,Sell,226991342
2024-07-29 13:02:13,31100.0,100,Sell,226991509
2024-07-29 13:02:34,31200.0,200,Buy,226991896
2024-07-29 13:02:55,31100.0,500,Sell,226992506
2024-07-29 13:02:56,31100.0,400,Sell,226992517
2024-07-29 13:03:33,31100.0,3000,Sell,226993371
2024-07-29 13:04:07,31200.0,1000,Buy,226994099
2024-07-29 13:04:09,31100.0,1000,Sell,226994141
2024-07-29 13:04:11,31100.0,500,Sell,226994222
2024-07-29 13:04:12,31100.0,1000,Sell,226994240
2024-07-29 13:04:16,31100.0,1000,Sell,226994427
2024-07-29 13:04:37,31100.0,2000,Sell,226994919
2024-07-29 13:04:52,31100.0,600,Sell,226995220
2024-07-29 13:05:57,31100.0,500,Sell,226996773
2024-07-29 13:06:04,31100.0,100,Sell,226996926
2024-07-29 13:06:08,31100.0,100,Sell,226996987
2024-07-29 13:06:14,31100.0,400,Sell,226997093
2024-07-29 13:06:21,31100.0,35700,Buy,226997199
2024-07-29 13:06:52,31100.0,500,Buy,226997892
2024-07-29 13:07:02,31100.0,200,Buy,226998105
2024-07-29 13:07:18,31100.0,300,Buy,226998453
2024-07-29 13:07:22,31100.0,2000,Buy,226998552
2024-07-29 13:07:25,31100.0,2000,Buy,226998708
2024-07-29 13:07:33,31100.0,100,Buy,226998880
2024-07-29 13:07:43,31100.0,500,Buy,226999093
2024-07-29 13:07:52,31100.0,6000,Buy,226999302
2024-07-29 13:07:55,31100.0,1800,Buy,226999398
2024-07-29 13:08:16,31100.0,100,Buy,226999861
2024-07-29 13:08:42,31100.0,1900,Sell,227000321
2024-07-29 13:08:57,31100.0,200,Sell,227000648
2024-07-29 13:09:09,31100.0,100,Sell,227000996
2024-07-29 13:09:22,31100.0,800,Buy,227001284
2024-07-29 13:09:25,31000.0,500,Sell,227001344
2024-07-29 13:09:26,31000.0,3700,Sell,227001358
2024-07-29 13:09:37,31100.0,500,Buy,227001723
2024-07-29 13:09:56,31100.0,100,Buy,227002144
2024-07-29 13:10:01,31100.0,100,Buy,227002260
2024-07-29 13:10:04,31000.0,100,Sell,227002358
2024-07-29 13:10:22,31000.0,100,Sell,227002882
2024-07-29 13:10:41,31100.0,1400,Buy,227003328
2024-07-29 13:10:42,31000.0,100,Sell,227003340
2024-07-29 13:10:49,31100.0,200,Buy,227003445
2024-07-29 13:11:01,31100.0,5000,Buy,227003699
2024-07-29 13:11:05,31200.0,1000,Buy,227003967
2024-07-29 13:11:30,31000.0,30000,Sell,227004507
2024-07-29 13:11:35,31300.0,18000,Buy,227004640
2024-07-29 13:11:55,31100.0,3000,Buy,227005125
2024-07-29 13:11:59,31100.0,1000,Buy,227005263
2024-07-29 13:12:01,31100.0,8300,Buy,227005319
2024-07-29 13:12:02,31100.0,7700,Buy,227005346
2024-07-29 13:12:08,31300.0,200,Buy,227005497
2024-07-29 13:12:39,31100.0,100,Sell,227006193
2024-07-29 13:13:12,31100.0,15000,Sell,227006938
2024-07-29 13:13:18,31100.0,1000,Sell,227007111
2024-07-29 13:13:33,31100.0,6100,Buy,227007492
2024-07-29 13:13:39,31100.0,200,Buy,227007686
2024-07-29 13:13:47,31100.0,100,Buy,227007964
2024-07-29 13:13:48,31100.0,100,Buy,227007989
2024-07-29 13:13:52,31100.0,9300,Sell,227008059
2024-07-29 13:14:00,31100.0,100,Sell,227008209
2024-07-29 13:14:17,31100.0,21700,Buy,227008576
2024-07-29 13:14:22,31100.0,200,Buy,227008705
2024-07-29 13:14:24,31100.0,1500,Buy,227008746
2024-07-29 13:14:27,31100.0,200,Buy,227008806
2024-07-29 13:14:36,31100.0,500,Buy,227009058
2024-07-29 13:14:37,31100.0,14100,Sell,227009076
2024-07-29 13:14:41,31200.0,200,Buy,227009145
2024-07-29 13:14:45,31200.0,100,Buy,227009256
2024-07-29 13:14:50,31100.0,100,Sell,227009348
2024-07-29 13:15:30,31200.0,12800,Sell,227010425
2024-07-29 13:15:31,31200.0,2200,Sell,227010475
2024-07-29 13:15:36,31200.0,200,Buy,227010651
2024-07-29 13:15:47,31200.0,2600,Sell,227010903
2024-07-29 13:16:04,31200.0,5000,Sell,227011298
2024-07-29 13:16:06,31100.0,4000,Sell,227011360
2024-07-29 13:16:09,31200.0,800,Buy,227011447
2024-07-29 13:16:13,31100.0,100,Sell,227011570
2024-07-29 13:16:21,31200.0,2000,Buy,227011753
2024-07-29 13:16:24,31200.0,600,Buy,227011820
2024-07-29 13:16:27,31200.0,2200,Buy,227011880
2024-07-29 13:16:33,31200.0,2000,Buy,227011984
2024-07-29 13:16:46,31200.0,600,Buy,227012297
2024-07-29 13:16:48,31200.0,200,Buy,227012332
2024-07-29 13:16:50,31200.0,1000,Buy,227012354
2024-07-29 13:16:52,31200.0,400,Buy,227012430
2024-07-29 13:16:57,31200.0,200,Buy,227012554
2024-07-29 13:17:02,31200.0,200,Buy,227012692
2024-07-29 13:17:07,31200.0,3000,Buy,227012819
2024-07-29 13:17:25,31200.0,200,Buy,227013275
2024-07-29 13:17:56,31100.0,100,Sell,227013905
2024-07-29 13:17:57,31100.0,2500,Sell,227013931
2024-07-29 13:18:02,31200.0,400,Buy,227014056
2024-07-29 13:18:36,31200.0,1300,Buy,227014902
2024-07-29 13:18:43,31200.0,200,Buy,227015033
2024-07-29 13:18:46,31200.0,200,Buy,227015073
2024-07-29 13:19:32,31200.0,4000,Buy,227016056
2024-07-29 13:19:46,31200.0,800,Buy,227016443
2024-07-29 13:20:01,31200.0,100,Buy,227016878
2024-07-29 13:20:17,31200.0,1100,Buy,227017225
2024-07-29 13:20:23,31200.0,200,Buy,227017349
2024-07-29 13:20:58,31200.0,100,Buy,227018066
2024-07-29 13:21:22,31200.0,200,Buy,227018545
2024-07-29 13:21:53,31100.0,100,Sell,227019151
2024-07-29 13:21:55,31200.0,3000,Buy,227019210
2024-07-29 13:22:08,31200.0,200,Buy,227019495
2024-07-29 13:22:41,31100.0,20900,Sell,227020218
2024-07-29 13:23:12,31200.0,100,Buy,227020716
2024-07-29 13:23:29,31100.0,100,Sell,227021039
2024-07-29 13:23:44,31100.0,100,Sell,227021382
2024-07-29 13:24:02,31100.0,2000,Sell,227021720
2024-07-29 13:24:15,31100.0,18900,Sell,227022171
2024-07-29 13:25:00,31100.0,2100,Buy,227023113
2024-07-29 13:25:18,31100.0,200,Buy,227023562
2024-07-29 13:25:49,31000.0,100,Sell,227024382
2024-07-29 13:26:24,31000.0,200,Sell,227025357
2024-07-29 13:26:27,31000.0,2000,Sell,227025425
2024-07-29 13:26:37,31000.0,2500,Sell,227025687
2024-07-29 13:27:00,31000.0,200,Sell,227026197
2024-07-29 13:27:12,31000.0,100,Sell,227026436
2024-07-29 13:27:27,31000.0,4200,Sell,227026736
2024-07-29 13:27:41,31100.0,100,Buy,227027006
2024-07-29 13:27:49,31100.0,200,Buy,227027201
2024-07-29 13:27:59,31100.0,500,Buy,227027487
2024-07-29 13:28:12,31100.0,5000,Buy,227027734
2024-07-29 13:28:24,31100.0,500,Buy,227028009
2024-07-29 13:28:41,31100.0,200,Buy,227028380
2024-07-29 13:28:57,31100.0,10400,Buy,227028713
2024-07-29 13:29:10,31100.0,2600,Buy,227029044
2024-07-29 13:29:13,31000.0,300,Sell,227029126
2024-07-29 13:29:29,31000.0,17000,Sell,227029643
2024-07-29 13:29:42,31000.0,5000,Sell,227030191
2024-07-29 13:29:46,31000.0,100,Sell,227030292
2024-07-29 13:29:49,31000.0,4000,Sell,227030392
2024-07-29 13:29:50,31000.0,65000,Sell,227030438
2024-07-29 13:29:56,31000.0,1000,Sell,227030571
2024-07-29 13:29:58,31000.0,300,Sell,227030629
2024-07-29 13:30:01,31100.0,300,Buy,227030687
2024-07-29 13:30:25,31000.0,100,Sell,227031194
2024-07-29 13:30:41,31000.0,3000,Sell,227031471
2024-07-29 13:31:03,31000.0,1700,Sell,227032049
2024-07-29 13:32:11,31000.0,2000,Sell,227034165
2024-07-29 13:32:35,31000.0,20000,Sell,227034790
2024-07-29 13:32:52,31000.0,1200,Sell,227035159
2024-07-29 13:32:54,31000.0,200,Buy,227035192
2024-07-29 13:33:11,31000.0,3900,Buy,227035606
2024-07-29 13:33:30,31000.0,500,Buy,227036036
2024-07-29 13:33:31,31000.0,100,Buy,227036063
2024-07-29 13:33:43,31000.0,2300,Buy,227036370
2024-07-29 13:33:45,31000.0,100,Buy,227036403
2024-07-29 13:33:51,31000.0,200,Buy,227036554
2024-07-29 13:33:58,31000.0,500,Buy,227036706
2024-07-29 13:34:05,31000.0,500,Buy,227036897
2024-07-29 13:34:11,31000.0,200,Buy,227037096
2024-07-29 13:34:17,31000.0,500,Buy,227037251
2024-07-29 13:34:22,31000.0,200,Buy,227037378
2024-07-29 13:34:23,31000.0,1300,Buy,227037392
2024-07-29 13:34:25,31000.0,1000,Buy,227037451
2024-07-29 13:34:26,31000.0,1000,Buy,227037478
2024-07-29 13:34:34,31000.0,500,Buy,227037674
2024-07-29 13:34:39,31000.0,100,Buy,227037802
2024-07-29 13:34:54,31000.0,700,Buy,227038236
2024-07-29 13:34:55,31000.0,200,Buy,227038262
2024-07-29 13:35:04,31000.0,5000,Buy,227038492
2024-07-29 13:35:07,31000.0,200,Buy,227038597
2024-07-29 13:35:17,31000.0,1000,Buy,227038879
2024-07-29 13:35:20,31000.0,200,Buy,227038951
2024-07-29 13:35:33,31000.0,1000,Buy,227039336
2024-07-29 13:35:38,31000.0,1500,Buy,227039443
2024-07-29 13:35:41,31000.0,1000,Buy,227039500
2024-07-29 13:35:42,31000.0,100,Buy,227039552
2024-07-29 13:35:45,31000.0,3500,Buy,227039602
2024-07-29 13:35:47,31000.0,500,Buy,227039658
2024-07-29 13:35:48,31000.0,4800,Buy,227039701
2024-07-29 13:36:02,31000.0,100,Sell,227040057
2024-07-29 13:36:09,31000.0,5800,Sell,227040219
2024-07-29 13:36:10,31000.0,4300,Sell,227040236
2024-07-29 13:36:13,31000.0,200,Sell,227040282
2024-07-29 13:36:26,30900.0,2100,Sell,227040612
2024-07-29 13:36:27,30900.0,200,Sell,227040625
2024-07-29 13:36:41,30900.0,4900,Sell,227041060
2024-07-29 13:36:59,31000.0,1100,Buy,227041505
2024-07-29 13:37:16,31000.0,500,Buy,227041926
2024-07-29 13:37:32,31000.0,200,Buy,227042260
2024-07-29 13:37:34,31000.0,7500,Sell,227042308
2024-07-29 13:37:40,31000.0,100,Sell,227042447
2024-07-29 13:38:01,31000.0,900,Sell,227043096
2024-07-29 13:38:05,31000.0,700,Sell,227043162
2024-07-29 13:40:37,31000.0,600,Sell,227047551
2024-07-29 13:41:02,31000.0,1000,Sell,227048357
2024-07-29 13:41:15,31100.0,10000,Buy,227048715
2024-07-29 13:41:30,31100.0,200,Buy,227049157
2024-07-29 13:41:31,31100.0,1100,Buy,227049218
2024-07-29 13:41:36,31000.0,600,Sell,227049353
2024-07-29 13:41:41,31100.0,200,Buy,227049550
2024-07-29 13:41:47,31100.0,6000,Buy,227049726
2024-07-29 13:41:50,31100.0,100,Buy,227049849
2024-07-29 13:41:51,31100.0,2000,Buy,227049868
2024-07-29 13:42:00,31100.0,2000,Buy,227050185
2024-07-29 13:42:11,31100.0,600,Buy,227050648
2024-07-29 13:42:19,31000.0,100,Sell,227050909
2024-07-29 13:42:25,31100.0,300,Buy,227051041
2024-07-29 13:42:47,31100.0,1500,Buy,227051779
2024-07-29 13:42:48,31100.0,600,Buy,227051817
2024-07-29 13:42:55,31100.0,200,Buy,227051998
2024-07-29 13:42:58,31100.0,600,Buy,227052068
2024-07-29 13:43:03,31100.0,700,Sell,227052290
2024-07-29 13:43:19,31200.0,200,Buy,227052925
2024-07-29 13:44:02,31200.0,1000,Buy,227054118
2024-07-29 13:44:03,31200.0,100,Buy,227054141
2024-07-29 13:44:05,31200.0,1000,Buy,227054175
2024-07-29 13:44:11,31200.0,700,Buy,227054355
2024-07-29 13:44:29,31200.0,1900,Buy,227054866
2024-07-29 13:44:41,31200.0,400,Buy,227055181
2024-07-29 13:44:57,31100.0,6000,Sell,227055842
2024-07-29 13:45:04,31200.0,500,Buy,227056029
2024-07-29 13:45:32,31200.0,2000,Buy,227056907
2024-07-29 13:45:33,31100.0,100,Sell,227056927
2024-07-29 13:45:57,31200.0,200,Buy,227057663
2024-07-29 13:46:07,31100.0,100,Sell,227057978
2024-07-29 13:46:24,31200.0,3000,Buy,227058520
2024-07-29 13:46:48,31100.0,1000,Sell,227059318
2024-07-29 13:46:56,31200.0,400,Buy,227059561
2024-07-29 13:47:13,31100.0,16500,Sell,227059994
2024-07-29 13:47:21,31200.0,2000,Buy,227060249
2024-07-29 13:48:27,31200.0,200,Buy,227062326
2024-07-29 13:48:51,31100.0,1000,Sell,227063047
2024-07-29 13:49:22,31100.0,200,Sell,227063953
2024-07-29 13:49:30,31100.0,100,Sell,227064189
2024-07-29 13:49:53,31100.0,2000,Sell,227064798
2024-07-29 13:49:54,31100.0,7000,Sell,227064829
2024-07-29 13:50:01,31100.0,300,Sell,227065025
2024-07-29 13:50:11,31100.0,7000,Sell,227065304
2024-07-29 13:50:23,31100.0,5000,Sell,227065627
2024-07-29 13:50:29,31100.0,1000,Sell,227065792
2024-07-29 13:50:36,31100.0,2800,Sell,227066011
2024-07-29 13:51:03,31100.0,100,Buy,227066812
2024-07-29 13:51:05,31100.0,5000,Buy,227066832
2024-07-29 13:51:34,31000.0,200,Sell,227067592
2024-07-29 13:51:40,31100.0,2000,Buy,227067836
2024-07-29 13:52:17,31100.0,2200,Buy,227068843
2024-07-29 13:52:30,31100.0,200,Buy,227069171
2024-07-29 13:52:43,31000.0,500,Sell,227069589
2024-07-29 13:52:45,31000.0,2000,Sell,227069633
2024-07-29 13:52:51,31000.0,100,Sell,227069824
2024-07-29 13:53:27,31000.0,100,Sell,227070712
2024-07-29 13:54:35,31000.0,1000,Sell,227072338
2024-07-29 13:55:02,31000.0,200,Sell,227073001
2024-07-29 13:55:07,31000.0,200,Sell,227073120
2024-07-29 13:55:09,31000.0,500,Sell,227073162
2024-07-29 13:55:23,31000.0,1000,Sell,227073484
2024-07-29 13:55:28,31000.0,5000,Sell,227073596
2024-07-29 13:55:43,31000.0,100,Sell,227073935
2024-07-29 13:55:51,31000.0,200,Sell,227074130
2024-07-29 13:56:02,31000.0,1000,Sell,227074356
2024-07-29 13:56:14,31100.0,500,Buy,227074640
2024-07-29 13:56:30,31100.0,3600,Buy,227075151
2024-07-29 13:57:25,31000.0,100,Sell,227076449
2024-07-29 13:57:31,31000.0,100,Sell,227076573
2024-07-29 13:57:42,31100.0,200,Buy,227076808
2024-07-29 13:57:48,31000.0,1000,Sell,227076923
2024-07-29 13:59:46,31100.0,600,Buy,227080213
2024-07-29 13:59:56,31000.0,100,Sell,227080531
2024-07-29 14:00:05,31100.0,1200,Buy,227080999
2024-07-29 14:00:22,31000.0,500,Sell,227081380
2024-07-29 14:01:22,31000.0,100,Sell,227082699
2024-07-29 14:01:30,31100.0,500,Buy,227082890
2024-07-29 14:01:52,31100.0,1500,Buy,227083442
2024-07-29 14:02:04,31100.0,2600,Buy,227083713
2024-07-29 14:02:12,31100.0,800,Buy,227084047
2024-07-29 14:02:34,31100.0,100,Buy,227084792
2024-07-29 14:02:51,31100.0,500,Buy,227085576
2024-07-29 14:03:14,31100.0,800,Buy,227086242
2024-07-29 14:03:25,31000.0,100,Sell,227086546
2024-07-29 14:04:36,31000.0,100,Sell,227088937
2024-07-29 14:04:40,31100.0,200,Buy,227089027
2024-07-29 14:04:46,31100.0,200,Buy,227089182
2024-07-29 14:04:50,31100.0,300,Buy,227089312
2024-07-29 14:04:59,31100.0,200,Buy,227089632
2024-07-29 14:05:08,31100.0,700,Buy,227089872
2024-07-29 14:05:19,31000.0,100,Sell,227090181
2024-07-29 14:05:39,31000.0,100,Sell,227090698
2024-07-29 14:06:03,31000.0,100,Sell,227091484
2024-07-29 14:06:08,31100.0,100,Buy,227091643
2024-07-29 14:06:47,31100.0,100,Buy,227092726
2024-07-29 14:07:07,31100.0,2000,Buy,227093361
2024-07-29 14:07:19,31100.0,1000,Buy,227093679
2024-07-29 14:07:31,31100.0,31200,Buy,227094140
2024-07-29 14:07:38,31100.0,500,Buy,227094290
2024-07-29 14:07:42,31100.0,100,Buy,227094419
2024-07-29 14:07:43,31100.0,1000,Buy,227094442
2024-07-29 14:07:46,31100.0,200,Buy,227094540
2024-07-29 14:07:50,31100.0,2000,Buy,227094675
2024-07-29 14:07:52,31100.0,200,Buy,227094723
2024-07-29 14:07:59,31100.0,200,Sell,227094989
2024-07-29 14:08:37,31100.0,2000,Sell,227096055
2024-07-29 14:09:16,31100.0,100,Sell,227097063
2024-07-29 14:09:18,31100.0,100,Sell,227097103
2024-07-29 14:09:19,31100.0,300,Sell,227097153
2024-07-29 14:09:31,31100.0,200,Sell,227097427
2024-07-29 14:09:53,31100.0,100,Sell,227098002
2024-07-29 14:10:00,31100.0,1000,Sell,227098142
2024-07-29 14:10:10,31100.0,500,Sell,227098407
2024-07-29 14:10:32,31100.0,600,Sell,227098938
2024-07-29 14:11:09,31100.0,1000,Sell,227099935
2024-07-29 14:11:19,31100.0,1000,Sell,227100201
2024-07-29 14:11:44,31100.0,1000,Sell,227100853
2024-07-29 14:11:58,31100.0,13000,Sell,227101184
2024-07-29 14:12:00,31100.0,200,Buy,227101237
2024-07-29 14:12:13,31100.0,5000,Buy,227101545
2024-07-29 14:12:20,31100.0,600,Buy,227101716
2024-07-29 14:12:35,31100.0,100,Buy,227102077
2024-07-29 14:12:39,31100.0,2000,Buy,227102156
2024-07-29 14:12:57,31100.0,9800,Buy,227102581
2024-07-29 14:13:01,31100.0,2000,Buy,227102717
2024-07-29 14:13:06,31100.0,5000,Buy,227102838
2024-07-29 14:13:07,31100.0,1000,Buy,227102859
2024-07-29 14:13:13,31100.0,100,Sell,227102982
2024-07-29 14:13:24,31100.0,12000,Buy,227103235
2024-07-29 14:13:32,31100.0,10000,Buy,227103504
2024-07-29 14:14:00,31100.0,200,Sell,227104289
2024-07-29 14:14:03,31100.0,1000,Sell,227104382
2024-07-29 14:14:11,31100.0,1000,Sell,227104530
2024-07-29 14:14:23,31200.0,200,Buy,227104860
2024-07-29 14:14:28,31200.0,1000,Buy,227105002
2024-07-29 14:14:42,31200.0,3000,Buy,227105272
2024-07-29 14:14:55,31100.0,9900,Sell,227105644
2024-07-29 14:14:56,31200.0,2000,Buy,227105662
2024-07-29 14:15:14,31200.0,200,Buy,227106090
2024-07-29 14:15:25,31200.0,2000,Buy,227106416
2024-07-29 14:15:51,31100.0,1000,Sell,227107110
2024-07-29 14:15:55,31100.0,1600,Sell,227107308
2024-07-29 14:16:00,31100.0,3000,Sell,227107625
2024-07-29 14:16:30,31200.0,2000,Buy,227108418
2024-07-29 14:17:09,31100.0,100,Sell,227109391
2024-07-29 14:17:13,31200.0,15000,Buy,227109484
2024-07-29 14:17:20,31100.0,100,Sell,227109650
2024-07-29 14:17:21,31100.0,4400,Sell,227109675
2024-07-29 14:17:34,31200.0,2000,Buy,227110033
2024-07-29 14:18:07,31200.0,600,Buy,227110990
2024-07-29 14:18:11,31200.0,200,Buy,227111054
2024-07-29 14:18:33,31200.0,600,Buy,227111922
2024-07-29 14:18:39,31200.0,100,Buy,227112063
2024-07-29 14:19:01,31200.0,14500,Buy,227112706
2024-07-29 14:19:08,31200.0,300,Buy,227112847
2024-07-29 14:19:10,31200.0,400,Buy,227112896
2024-07-29 14:19:19,31200.0,2700,Buy,227113114
2024-07-29 14:19:26,31200.0,22900,Sell,227113363
2024-07-29 14:19:37,31200.0,100,Sell,227113632
2024-07-29 14:19:40,31200.0,100,Sell,227113704
2024-07-29 14:19:51,31200.0,400,Sell,227114042
2024-07-29 14:20:01,31200.0,100,Buy,227114330
2024-07-29 14:20:34,31200.0,500,Buy,227115325
2024-07-29 14:20:37,31100.0,200,Sell,227115462
2024-07-29 14:21:00,31200.0,500,Buy,227116079
2024-07-29 14:21:06,31100.0,100,Sell,227116195
2024-07-29 14:21:34,31100.0,900,Sell,227116952
2024-07-29 14:21:42,31100.0,500,Sell,227117116
2024-07-29 14:21:43,31100.0,2000,Sell,227117162
2024-07-29 14:22:34,31100.0,1400,Sell,227118798
2024-07-29 14:22:39,31100.0,900,Sell,227118904
2024-07-29 14:23:17,31200.0,3000,Buy,227120359
2024-07-29 14:23:23,31100.0,1000,Sell,227120534
2024-07-29 14:23:33,31100.0,200,Sell,227120737
2024-07-29 14:23:37,31200.0,200,Buy,227120905
2024-07-29 14:24:19,31200.0,500,Buy,227122272
2024-07-29 14:24:42,31200.0,200,Buy,227122953
2024-07-29 14:25:03,31100.0,100,Sell,227123719
2024-07-29 14:25:29,31100.0,300,Sell,227124774
2024-07-29 14:25:31,31100.0,1000,Sell,227124843
2024-07-29 14:25:41,31100.0,5000,Sell,227125454
2024-07-29 14:25:43,31100.0,300,Sell,227125522
2024-07-29 14:25:46,31100.0,200,Sell,227125633
2024-07-29 14:26:07,31100.0,3100,Sell,227126681
2024-07-29 14:26:10,31100.0,9300,Sell,227126801
2024-07-29 14:26:12,31100.0,3000,Sell,227126858
2024-07-29 14:26:24,31100.0,700,Sell,227127205
2024-07-29 14:26:27,31100.0,28900,Buy,227127287
2024-07-29 14:26:46,31000.0,1000,Sell,227127903
2024-07-29 14:27:05,31000.0,500,Sell,227128556
2024-07-29 14:27:09,31000.0,2000,Sell,227128751
2024-07-29 14:27:30,31000.0,200,Sell,227129503
2024-07-29 14:27:35,31100.0,5000,Buy,227129708
2024-07-29 14:28:04,31100.0,200,Buy,227130647
2024-07-29 14:28:11,31100.0,5000,Buy,227130870
2024-07-29 14:28:15,31100.0,4100,Buy,227131079
2024-07-29 14:28:27,31100.0,3000,Buy,227131506
2024-07-29 14:28:29,31100.0,12900,Buy,227131577
2024-07-29 14:28:36,31100.0,600,Sell,227131891
2024-07-29 14:29:18,31100.0,1000,Sell,227133439
2024-07-29 14:29:20,31100.0,2000,Sell,227133596
2024-07-29 14:29:28,31200.0,4800,Buy,227134028
2024-07-29 14:29:33,31200.0,2000,Buy,227134180
2024-07-29 14:29:56,31200.0,6000,Buy,227135135
2024-07-29 14:45:16,31100.0,73700,Sell,227136365
