time,price,volume,match_type,id
2024-07-18 09:00:01,34300.0,100,Sell,224072559
2024-07-18 09:00:02,34300.0,100,Buy,224072572
2024-07-18 09:00:04,34300.0,400,Buy,224072591
2024-07-18 09:00:09,34400.0,1000,Sell,224072639
2024-07-18 09:00:13,34400.0,1000,Sell,224072682
2024-07-18 09:01:15,34500.0,100,Buy,224072901
2024-07-18 09:01:31,34500.0,5000,ATO/ATC,224072938
2024-07-18 09:01:52,34500.0,3000,Sell,224072984
2024-07-18 09:02:05,34600.0,200,Buy,224073025
2024-07-18 09:02:18,34500.0,100,Sell,224073063
2024-07-18 09:02:21,34600.0,100,Buy,224073071
2024-07-18 09:02:36,34600.0,5000,Buy,224073109
2024-07-18 09:02:40,34600.0,900,Buy,224073123
2024-07-18 09:02:42,34600.0,1000,Buy,224073133
2024-07-18 09:02:43,34600.0,100,Buy,224073138
2024-07-18 09:02:53,34600.0,3000,Buy,224073174
2024-07-18 09:03:00,34600.0,600,Buy,224073194
2024-07-18 09:03:10,34600.0,1000,Buy,224073227
2024-07-18 09:03:14,34600.0,1000,Buy,224073243
2024-07-18 09:03:15,34600.0,900,Sell,224073246
2024-07-18 09:03:30,34600.0,1900,Buy,224073291
2024-07-18 09:04:07,34600.0,1600,Buy,224073406
2024-07-18 09:04:11,34600.0,1000,Buy,224073412
2024-07-18 09:04:13,34600.0,900,Buy,224073421
2024-07-18 09:04:22,34700.0,1300,Buy,224073447
2024-07-18 09:04:58,34700.0,4900,Buy,224073557
2024-07-18 09:05:03,34700.0,1000,Buy,224073577
2024-07-18 09:05:06,34700.0,400,Buy,224073590
2024-07-18 09:05:17,34700.0,500,Buy,224073613
2024-07-18 09:05:24,34700.0,500,Buy,224073631
2024-07-18 09:06:01,34700.0,5000,Buy,224073735
2024-07-18 09:06:06,34700.0,300,Buy,224073750
2024-07-18 09:06:56,34700.0,100,Buy,224073878
2024-07-18 09:07:08,34700.0,2000,Buy,224073907
2024-07-18 09:07:22,34700.0,4700,Buy,224073952
2024-07-18 09:07:26,34700.0,1000,Buy,224073966
2024-07-18 09:07:52,34700.0,10000,Buy,224074041
2024-07-18 09:08:03,34700.0,800,Buy,224074077
2024-07-18 09:08:19,34700.0,2000,Buy,224074120
2024-07-18 09:09:03,34700.0,100,Buy,224074253
2024-07-18 09:09:26,34700.0,2000,Buy,224074316
2024-07-18 09:09:34,34700.0,500,Buy,224074340
2024-07-18 09:09:35,34700.0,500,Buy,224074343
2024-07-18 09:09:38,34700.0,1000,Buy,224074354
2024-07-18 09:09:54,34600.0,3000,Sell,224074391
2024-07-18 09:10:03,34600.0,1000,Sell,224074413
2024-07-18 09:10:17,34600.0,400,Sell,224074450
2024-07-18 09:10:58,34600.0,200,Buy,224074560
2024-07-18 09:11:32,34600.0,200,Buy,224074646
2024-07-18 09:11:33,34600.0,500,Buy,224074648
2024-07-18 09:11:34,34500.0,3000,Sell,224074657
2024-07-18 09:11:58,34600.0,200,Sell,224074718
2024-07-18 09:12:14,34600.0,400,Sell,224074758
2024-07-18 09:12:32,34600.0,600,Buy,224074803
2024-07-18 09:12:38,34600.0,1000,Buy,224074819
2024-07-18 09:12:43,34600.0,400,Sell,224074829
2024-07-18 09:14:14,34600.0,100,Sell,224075076
2024-07-18 09:15:53,34600.0,200,Sell,224077077
2024-07-18 09:16:09,34700.0,2800,Buy,224077580
2024-07-18 09:16:16,34700.0,500,Buy,224077829
2024-07-18 09:16:30,34700.0,1000,Buy,224078352
2024-07-18 09:16:42,34700.0,1000,Buy,224078822
2024-07-18 09:16:47,34700.0,500,Buy,224078992
2024-07-18 09:17:04,34700.0,400,Buy,224079635
2024-07-18 09:17:11,34700.0,2000,Buy,224079870
2024-07-18 09:17:41,34700.0,800,Buy,224081184
2024-07-18 09:17:44,34700.0,800,Buy,224081269
2024-07-18 09:17:54,34700.0,100,Buy,224081740
2024-07-18 09:18:00,34700.0,600,Buy,224081891
2024-07-18 09:18:06,34600.0,100,Sell,224082170
2024-07-18 09:18:13,34600.0,600,Sell,224082439
2024-07-18 09:19:29,34700.0,600,Buy,224085684
2024-07-18 09:19:30,34600.0,600,Sell,224085748
2024-07-18 09:19:49,34600.0,100,Sell,224086598
2024-07-18 09:20:29,34600.0,800,Sell,224088584
2024-07-18 09:20:51,34600.0,100,Sell,224089601
2024-07-18 09:21:01,34600.0,1500,Sell,224090067
2024-07-18 09:21:09,34600.0,10000,Sell,224090409
2024-07-18 09:21:16,34600.0,2500,Sell,224090727
2024-07-18 09:21:20,34600.0,3000,Sell,224090845
2024-07-18 09:21:23,34600.0,6900,Buy,224090978
2024-07-18 09:21:24,34600.0,100,Sell,224091055
2024-07-18 09:21:27,34600.0,300,Sell,224091144
2024-07-18 09:22:34,34600.0,1000,Sell,224094203
2024-07-18 09:22:35,34600.0,2000,Sell,224094232
2024-07-18 09:22:50,34600.0,1600,Buy,224094855
2024-07-18 09:23:01,34600.0,200,Buy,224095222
2024-07-18 09:23:04,34600.0,300,Buy,224095315
2024-07-18 09:23:16,34600.0,700,Sell,224095804
2024-07-18 09:23:28,34600.0,300,Sell,224096269
2024-07-18 09:23:32,34600.0,500,Sell,224096404
2024-07-18 09:23:35,34600.0,300,Sell,224096477
2024-07-18 09:23:37,34600.0,500,Sell,224096545
2024-07-18 09:24:20,34600.0,1000,Buy,224098450
2024-07-18 09:24:33,34600.0,200,Buy,224099005
2024-07-18 09:25:17,34500.0,300,Sell,224100513
2024-07-18 09:25:45,34500.0,700,Sell,224101604
2024-07-18 09:25:53,34500.0,1000,Sell,224101912
2024-07-18 09:26:14,34500.0,300,Sell,224102757
2024-07-18 09:26:27,34600.0,5000,Buy,224103198
2024-07-18 09:26:41,34500.0,10000,Sell,224103748
2024-07-18 09:26:44,34500.0,10000,Sell,224103858
2024-07-18 09:27:26,34500.0,500,Sell,224105182
2024-07-18 09:27:51,34500.0,5000,Sell,224106109
2024-07-18 09:28:01,34400.0,10000,Sell,224106411
2024-07-18 09:28:16,34400.0,1000,Sell,224106815
2024-07-18 09:28:31,34400.0,3000,Sell,224107358
2024-07-18 09:28:42,34500.0,2000,Buy,224107673
2024-07-18 09:28:51,34500.0,200,Buy,224107879
2024-07-18 09:29:05,34500.0,2000,Buy,224108444
2024-07-18 09:29:13,34500.0,1000,Buy,224108681
2024-07-18 09:29:17,34500.0,1400,Buy,224108778
2024-07-18 09:29:49,34500.0,600,Buy,224110054
2024-07-18 09:30:04,34500.0,500,Buy,224110503
2024-07-18 09:30:30,34500.0,1000,Buy,224111457
2024-07-18 09:31:02,34500.0,500,Buy,224112568
2024-07-18 09:31:03,34500.0,10000,Buy,224112632
2024-07-18 09:31:05,34500.0,2900,Buy,224112672
2024-07-18 09:31:07,34500.0,3100,Buy,224112718
2024-07-18 09:31:08,34500.0,1000,Buy,224112744
2024-07-18 09:31:10,34500.0,3500,ATO/ATC,224112795
2024-07-18 09:31:25,34500.0,2000,Sell,224113219
2024-07-18 09:31:34,34500.0,1000,Sell,224113439
2024-07-18 09:31:39,34500.0,100,Sell,224113620
2024-07-18 09:31:42,34500.0,3100,Sell,224113703
2024-07-18 09:31:50,34500.0,200,Buy,224113861
2024-07-18 09:31:51,34500.0,100,Buy,224113899
2024-07-18 09:31:59,34500.0,300,Buy,224114158
2024-07-18 09:32:02,34500.0,300,Buy,224114246
2024-07-18 09:32:13,34400.0,1200,Sell,224114532
2024-07-18 09:32:16,34500.0,100,Buy,224114604
2024-07-18 09:32:40,34400.0,900,Sell,224115335
2024-07-18 09:32:52,34500.0,3000,Buy,224115731
2024-07-18 09:32:54,34500.0,800,Buy,224115780
2024-07-18 09:33:01,34500.0,2700,Sell,224116006
2024-07-18 09:33:15,34500.0,3500,Sell,224116506
2024-07-18 09:33:55,34600.0,2000,Buy,224117588
2024-07-18 09:34:06,34500.0,300,Sell,224117868
2024-07-18 09:34:12,34600.0,100,Buy,224118076
2024-07-18 09:35:16,34600.0,2000,Buy,224119707
2024-07-18 09:35:28,34500.0,200,Sell,224120047
2024-07-18 09:35:33,34600.0,1000,Buy,224120190
2024-07-18 09:35:34,34600.0,1000,Buy,224120216
2024-07-18 09:35:45,34600.0,100,Buy,224120474
2024-07-18 09:36:01,34600.0,10000,Buy,224120771
2024-07-18 09:36:21,34600.0,200,Buy,224121259
2024-07-18 09:36:59,34600.0,1000,Buy,224122366
2024-07-18 09:37:55,34600.0,100,Buy,224123868
2024-07-18 09:37:56,34600.0,500,Buy,224123887
2024-07-18 09:38:58,34600.0,500,Buy,224125678
2024-07-18 09:39:12,34600.0,100,Buy,224126159
2024-07-18 09:39:19,34600.0,200,Buy,224126312
2024-07-18 09:39:27,34600.0,100,Buy,224126518
2024-07-18 09:39:32,34600.0,1000,Buy,224126652
2024-07-18 09:39:35,34600.0,700,Buy,224126711
2024-07-18 09:39:38,34600.0,200,Buy,224126796
2024-07-18 09:39:40,34600.0,1000,Buy,224126829
2024-07-18 09:39:58,34600.0,600,Buy,224127230
2024-07-18 09:40:14,34600.0,100,Buy,224127697
2024-07-18 09:40:16,34600.0,500,Buy,224127733
2024-07-18 09:40:21,34600.0,100,Buy,224127833
2024-07-18 09:40:27,34500.0,2000,Sell,224127972
2024-07-18 09:41:34,34600.0,300,Buy,224129816
2024-07-18 09:41:44,34600.0,5800,Buy,224130075
2024-07-18 09:42:00,34700.0,300,Buy,224130610
2024-07-18 09:43:05,34700.0,100,Buy,224132259
2024-07-18 09:43:36,34600.0,100,Sell,224132937
2024-07-18 09:43:49,34600.0,100,Sell,224133224
2024-07-18 09:44:01,34600.0,100,Sell,224133471
2024-07-18 09:44:51,34600.0,1000,Sell,224134427
2024-07-18 09:44:59,34700.0,2000,Buy,224134598
2024-07-18 09:45:23,34700.0,200,Buy,224135230
2024-07-18 09:46:14,34700.0,900,Buy,224136480
2024-07-18 09:46:43,34600.0,2800,Sell,224137341
2024-07-18 09:48:08,34600.0,5000,Sell,224139185
2024-07-18 09:49:17,34600.0,1000,Sell,224140669
2024-07-18 09:50:59,34700.0,40000,Buy,224142938
2024-07-18 09:51:31,34700.0,500,Buy,224143763
2024-07-18 09:51:33,34700.0,6800,Buy,224143836
2024-07-18 09:51:35,34700.0,11800,Buy,224143890
2024-07-18 09:51:37,34700.0,17700,Buy,224143913
2024-07-18 09:51:56,34700.0,2000,Sell,224144349
2024-07-18 09:52:07,34700.0,1000,Sell,224144517
2024-07-18 09:52:10,34700.0,1000,Sell,224144630
2024-07-18 09:52:15,34700.0,100,Sell,224144731
2024-07-18 09:52:38,34600.0,5000,Sell,224145225
2024-07-18 09:52:48,34700.0,300,Sell,224145532
2024-07-18 09:52:49,34700.0,600,Sell,224145560
2024-07-18 09:53:06,34700.0,500,Buy,224146004
2024-07-18 09:53:41,34700.0,100,Buy,224146789
2024-07-18 09:54:13,34700.0,5200,Buy,224147568
2024-07-18 09:54:17,34700.0,500,Buy,224147636
2024-07-18 09:54:38,34700.0,100,Sell,224148011
2024-07-18 09:54:43,34700.0,100,Sell,224148142
2024-07-18 09:55:11,34700.0,1000,Sell,224148796
2024-07-18 09:55:21,34700.0,200,ATO/ATC,224149006
2024-07-18 09:57:19,34700.0,500,Buy,224151728
2024-07-18 09:57:27,34700.0,4100,Sell,224151885
2024-07-18 09:57:29,34600.0,35000,Sell,224151912
2024-07-18 09:57:40,34600.0,1000,Sell,224152113
2024-07-18 09:59:38,34600.0,3000,Sell,224154988
2024-07-18 09:59:53,34600.0,1000,Sell,224155443
2024-07-18 10:00:37,34600.0,1000,Sell,224156626
2024-07-18 10:00:57,34600.0,200,Sell,224157086
2024-07-18 10:01:04,34600.0,900,Buy,224157191
2024-07-18 10:01:05,34600.0,100,ATO/ATC,224157214
2024-07-18 10:01:11,34600.0,500,Sell,224157408
2024-07-18 10:01:19,34600.0,400,Sell,224157578
2024-07-18 10:02:16,34600.0,1100,Sell,224159192
2024-07-18 10:02:36,34600.0,500,Sell,224159632
2024-07-18 10:02:50,34600.0,900,Buy,224159916
2024-07-18 10:02:57,34600.0,1100,Sell,224160085
2024-07-18 10:03:20,34600.0,1000,Sell,224160529
2024-07-18 10:05:22,34600.0,200,Sell,224163078
2024-07-18 10:05:25,34600.0,500,Sell,224163163
2024-07-18 10:05:28,34600.0,2000,Sell,224163201
2024-07-18 10:05:41,34600.0,100,Sell,224163680
2024-07-18 10:05:57,34600.0,1500,Sell,224163968
2024-07-18 10:07:34,34600.0,1000,Buy,224166211
2024-07-18 10:08:08,34600.0,100,Buy,224166977
2024-07-18 10:08:18,34500.0,100,Sell,224167295
2024-07-18 10:08:47,34500.0,5000,Sell,224168215
2024-07-18 10:09:13,34500.0,3000,Sell,224168990
2024-07-18 10:10:44,34500.0,12600,Buy,224171963
2024-07-18 10:10:50,34500.0,1000,Buy,224172073
2024-07-18 10:10:52,34500.0,400,Buy,224172132
2024-07-18 10:11:11,34500.0,100,Buy,224172560
2024-07-18 10:11:45,34500.0,300,Buy,224173610
2024-07-18 10:11:50,34500.0,500,Buy,224173774
2024-07-18 10:12:09,34500.0,500,Buy,224174434
2024-07-18 10:12:35,34500.0,100,Buy,224175086
2024-07-18 10:13:24,34500.0,300,Buy,224176566
2024-07-18 10:13:35,34400.0,1000,Sell,224176907
2024-07-18 10:13:53,34400.0,1000,Sell,224177285
2024-07-18 10:13:54,34400.0,5000,Sell,224177302
2024-07-18 10:14:06,34400.0,2000,Sell,224177571
2024-07-18 10:14:39,34400.0,3000,Sell,224178514
2024-07-18 10:14:46,34400.0,2000,Sell,224178697
2024-07-18 10:14:52,34400.0,400,Sell,224178807
2024-07-18 10:14:58,34400.0,600,Sell,224178952
2024-07-18 10:15:05,34500.0,1000,Buy,224179164
2024-07-18 10:15:18,34500.0,700,Buy,224179528
2024-07-18 10:15:31,34500.0,1000,Buy,224179958
2024-07-18 10:15:33,34500.0,10000,Buy,224179988
2024-07-18 10:15:39,34500.0,100,Buy,224180120
2024-07-18 10:15:43,34400.0,100,Sell,224180238
2024-07-18 10:15:58,34500.0,600,Buy,224180669
2024-07-18 10:16:33,34500.0,7000,Buy,224181577
2024-07-18 10:16:47,34500.0,100,Buy,224181909
2024-07-18 10:16:48,34500.0,5000,Buy,224181934
2024-07-18 10:16:55,34500.0,100,Buy,224182124
2024-07-18 10:16:58,34500.0,1500,Buy,224182208
2024-07-18 10:17:01,34500.0,100,Buy,224182263
2024-07-18 10:17:04,34500.0,2000,Buy,224182368
2024-07-18 10:17:07,34500.0,400,Buy,224182478
2024-07-18 10:17:13,34500.0,2300,Sell,224182606
2024-07-18 10:18:06,34600.0,2000,Buy,224183749
2024-07-18 10:18:18,34600.0,100,Buy,224184036
2024-07-18 10:18:33,34600.0,3900,Buy,224184334
2024-07-18 10:18:43,34600.0,100,Buy,224184605
2024-07-18 10:18:47,34500.0,1000,Sell,224184680
2024-07-18 10:18:48,34600.0,100,Buy,224184689
2024-07-18 10:18:49,34600.0,500,Buy,224184722
2024-07-18 10:18:50,34600.0,300,Buy,224184741
2024-07-18 10:19:02,34600.0,100,Buy,224185015
2024-07-18 10:19:06,34600.0,7000,Sell,224185071
2024-07-18 10:20:36,34700.0,35500,Sell,224187075
2024-07-18 10:20:49,34700.0,1000,Sell,224187386
2024-07-18 10:21:06,34700.0,500,ATO/ATC,224187835
2024-07-18 10:21:24,34700.0,1000,Sell,224188272
2024-07-18 10:21:34,34800.0,8800,Buy,224188514
2024-07-18 10:22:04,34800.0,1000,Buy,224189142
2024-07-18 10:22:24,34800.0,1000,Buy,224189574
2024-07-18 10:23:16,34800.0,1200,Buy,224190599
2024-07-18 10:23:18,34700.0,500,Sell,224190633
2024-07-18 10:23:25,34800.0,100,Buy,224190743
2024-07-18 10:23:38,34800.0,100,Buy,224191008
2024-07-18 10:23:41,34800.0,26000,Buy,224191048
2024-07-18 10:23:44,34800.0,200,Buy,224191121
2024-07-18 10:23:51,34800.0,33700,Sell,224191210
2024-07-18 10:24:09,34800.0,400,Sell,224191573
2024-07-18 10:24:32,34800.0,2000,Sell,224192025
2024-07-18 10:24:36,34800.0,200,Sell,224192139
2024-07-18 10:24:38,34800.0,600,Sell,224192184
2024-07-18 10:24:57,34800.0,2000,Sell,224192531
2024-07-18 10:25:01,34800.0,10000,Sell,224192754
2024-07-18 10:25:04,34800.0,1000,Sell,224192807
2024-07-18 10:25:14,34800.0,700,Buy,224192978
2024-07-18 10:25:24,34800.0,200,Buy,224193150
2024-07-18 10:26:38,34800.0,3000,Buy,224194522
2024-07-18 10:26:49,34700.0,16000,Sell,224194680
2024-07-18 10:27:41,34700.0,5000,Sell,224195637
2024-07-18 10:28:02,34700.0,700,Sell,224195994
2024-07-18 10:31:24,34700.0,200,Sell,224199964
2024-07-18 10:31:41,34700.0,6400,Sell,224200199
2024-07-18 10:31:54,34700.0,200,Buy,224200526
2024-07-18 10:32:12,34700.0,700,Sell,224200802
2024-07-18 10:32:39,34800.0,600,Buy,224201290
2024-07-18 10:32:42,34700.0,1000,Buy,224201356
2024-07-18 10:32:47,34700.0,700,Sell,224201444
2024-07-18 10:32:56,34700.0,100,Sell,224201562
2024-07-18 10:33:32,34700.0,1000,Sell,224202147
2024-07-18 10:34:02,34700.0,1000,Sell,224202712
2024-07-18 10:34:17,34700.0,100,Sell,224202993
2024-07-18 10:34:22,34700.0,1600,Buy,224203101
2024-07-18 10:35:00,34600.0,10000,Sell,224203879
2024-07-18 10:35:27,34700.0,600,Buy,224204468
2024-07-18 10:35:38,34600.0,100,Sell,224204669
2024-07-18 10:36:58,34700.0,100,Buy,224206097
2024-07-18 10:37:17,34600.0,10000,Sell,224206382
2024-07-18 10:38:14,34600.0,300,Sell,224207545
2024-07-18 10:38:15,34700.0,600,Buy,224207561
2024-07-18 10:39:33,34700.0,1100,Buy,224208887
2024-07-18 10:39:50,34600.0,400,Sell,224209125
2024-07-18 10:40:42,34600.0,2600,Sell,224209900
2024-07-18 10:41:03,34700.0,600,Buy,224210273
2024-07-18 10:43:12,34700.0,100,Buy,224212022
2024-07-18 10:43:34,34700.0,6000,Buy,224212315
2024-07-18 10:43:51,34700.0,600,Buy,224212513
2024-07-18 10:45:54,34700.0,2500,Buy,224214033
2024-07-18 10:46:07,34700.0,1000,Buy,224214202
2024-07-18 10:46:35,34700.0,2000,Buy,224214554
2024-07-18 10:46:40,34700.0,600,Buy,224214609
2024-07-18 10:47:29,34700.0,8900,Buy,224215204
2024-07-18 10:47:47,34700.0,200,Buy,224215502
2024-07-18 10:47:49,34700.0,200,Buy,224215518
2024-07-18 10:49:28,34700.0,600,Buy,224217015
2024-07-18 10:49:40,34700.0,900,Buy,224217177
2024-07-18 10:50:47,34600.0,1000,Sell,224218207
2024-07-18 10:50:50,34700.0,300,Buy,224218231
2024-07-18 10:50:56,34600.0,1000,Sell,224218302
2024-07-18 10:51:09,34600.0,300,Sell,224218453
2024-07-18 10:52:16,34600.0,5600,Sell,224219430
2024-07-18 10:52:51,34600.0,10000,Sell,224219943
2024-07-18 10:52:53,34600.0,1500,Sell,224219991
2024-07-18 10:52:54,34600.0,10000,Sell,224220004
2024-07-18 10:53:35,34600.0,20000,Sell,224220617
2024-07-18 10:53:40,34600.0,400,Sell,224220678
2024-07-18 10:54:01,34600.0,3700,Sell,224220914
2024-07-18 10:55:03,34600.0,600,Buy,224221642
2024-07-18 10:55:04,34600.0,500,Buy,224221656
2024-07-18 10:55:27,34600.0,200,Buy,224221914
2024-07-18 10:55:32,34600.0,400,Sell,224221954
2024-07-18 10:55:34,34600.0,2600,Sell,224221980
2024-07-18 10:56:27,34600.0,3300,Sell,224222657
2024-07-18 10:57:35,34600.0,5000,Sell,224223599
2024-07-18 10:57:51,34700.0,600,Buy,224223813
2024-07-18 10:57:56,34600.0,1000,Sell,224223883
2024-07-18 10:59:12,34600.0,500,Sell,224225103
2024-07-18 10:59:50,34600.0,2500,Sell,224225599
2024-07-18 11:00:39,34600.0,600,Buy,224226313
2024-07-18 11:00:41,34600.0,400,Sell,224226328
2024-07-18 11:02:01,34600.0,500,Sell,224227860
2024-07-18 11:03:17,34600.0,2500,Buy,224229455
2024-07-18 11:03:27,34600.0,600,Buy,224229624
2024-07-18 11:03:58,34600.0,1100,Buy,224230272
2024-07-18 11:05:02,34500.0,200,Sell,224231968
2024-07-18 11:06:09,34500.0,100,Sell,224233605
2024-07-18 11:06:15,34600.0,600,Buy,224233772
2024-07-18 11:06:36,34500.0,1000,Sell,224234229
2024-07-18 11:06:47,34500.0,600,Sell,224234463
2024-07-18 11:06:52,34500.0,1000,Sell,224234546
2024-07-18 11:06:56,34500.0,5000,Sell,224234639
2024-07-18 11:07:02,34500.0,1000,Sell,224234717
2024-07-18 11:07:07,34500.0,1000,Sell,224234790
2024-07-18 11:07:27,34500.0,1000,Sell,224235142
2024-07-18 11:07:36,34500.0,1000,Sell,224235319
2024-07-18 11:07:46,34500.0,5000,Sell,224235565
2024-07-18 11:08:36,34500.0,10000,Sell,224236634
2024-07-18 11:09:04,34600.0,600,Buy,224237133
2024-07-18 11:09:09,34500.0,20000,Sell,224237202
2024-07-18 11:09:12,34500.0,10000,Sell,224237267
2024-07-18 11:09:14,34500.0,2000,Sell,224237358
2024-07-18 11:09:21,34500.0,2100,Sell,224237506
2024-07-18 11:09:22,34500.0,3000,Buy,224237555
2024-07-18 11:09:28,34500.0,100,Buy,224237709
2024-07-18 11:09:49,34500.0,100,Buy,224238203
2024-07-18 11:10:17,34400.0,1000,Sell,224238999
2024-07-18 11:10:44,34500.0,1000,Buy,224239640
2024-07-18 11:11:12,34500.0,2000,Buy,224240143
2024-07-18 11:11:22,34400.0,2000,Sell,224240342
2024-07-18 11:11:53,34500.0,600,Buy,224241092
2024-07-18 11:12:01,34400.0,200,Sell,224241240
2024-07-18 11:12:15,34400.0,9000,Sell,224241432
2024-07-18 11:12:23,34500.0,200,Buy,224241589
2024-07-18 11:12:26,34500.0,200,Buy,224241631
2024-07-18 11:12:37,34400.0,1000,Sell,224241865
2024-07-18 11:12:39,34500.0,300,Buy,224241904
2024-07-18 11:13:01,34500.0,1000,Buy,224242213
2024-07-18 11:13:14,34500.0,800,Buy,224242518
2024-07-18 11:13:17,34400.0,200,Sell,224242652
2024-07-18 11:13:36,34400.0,700,Sell,224242966
2024-07-18 11:14:08,34500.0,2500,Buy,224243483
2024-07-18 11:14:41,34400.0,1500,Sell,224244212
2024-07-18 11:14:45,34500.0,2000,Buy,224244413
2024-07-18 11:15:09,34500.0,700,Buy,224245009
2024-07-18 11:15:10,34500.0,300,Buy,224245027
2024-07-18 11:15:12,34500.0,100,ATO/ATC,224245061
2024-07-18 11:15:44,34500.0,100,Buy,224245881
2024-07-18 11:16:40,34500.0,100,Buy,224247376
2024-07-18 11:17:29,34500.0,600,Buy,224248387
2024-07-18 11:17:42,34500.0,1000,Buy,224248586
2024-07-18 11:18:52,34400.0,1000,Sell,224250448
2024-07-18 11:19:18,34400.0,300,Sell,224250871
2024-07-18 11:19:25,34400.0,200,Sell,224251035
2024-07-18 11:20:17,34500.0,600,Buy,224252169
2024-07-18 11:22:32,34500.0,500,Buy,224254734
2024-07-18 11:22:39,34500.0,500,Buy,224254862
2024-07-18 11:23:05,34500.0,600,Buy,224255328
2024-07-18 11:23:12,34500.0,100,Buy,224255445
2024-07-18 11:23:37,34500.0,300,Buy,224255921
2024-07-18 11:23:45,34500.0,2000,Buy,224256050
2024-07-18 11:24:21,34400.0,300,Sell,224256646
2024-07-18 11:24:34,34500.0,100,Buy,224256905
2024-07-18 11:24:55,34500.0,2000,Buy,224257209
2024-07-18 11:24:56,34500.0,500,Buy,224257239
2024-07-18 11:25:04,34500.0,100,Buy,224257378
2024-07-18 11:25:11,34500.0,200,Buy,224257491
2024-07-18 11:25:13,34500.0,3000,Buy,224257569
2024-07-18 11:25:18,34500.0,100,Buy,224257680
2024-07-18 11:25:19,34500.0,100,Buy,224257697
2024-07-18 11:25:20,34500.0,3800,Buy,224257716
2024-07-18 11:25:39,34500.0,2000,Buy,224258086
2024-07-18 11:25:53,34500.0,600,Buy,224258452
2024-07-18 11:26:08,34500.0,1000,Buy,224258768
2024-07-18 11:26:19,34400.0,4000,Sell,224258996
2024-07-18 11:26:26,34500.0,100,Buy,224259130
2024-07-18 11:27:10,34500.0,1800,Sell,224259927
2024-07-18 11:27:30,34500.0,100,Sell,224260253
2024-07-18 11:28:41,34600.0,600,Buy,224261480
2024-07-18 11:28:45,34500.0,5000,Sell,224261544
2024-07-18 11:29:07,34600.0,100,Buy,224261995
2024-07-18 11:29:08,34500.0,5000,Sell,224262023
2024-07-18 11:29:34,34600.0,100,Buy,224262489
2024-07-18 13:00:03,34500.0,100,Sell,224266080
2024-07-18 13:00:06,34600.0,3700,Buy,224266905
2024-07-18 13:00:08,34500.0,5900,Sell,224267267
2024-07-18 13:00:10,34500.0,1000,Sell,224267519
2024-07-18 13:00:11,34600.0,1000,Buy,224267729
2024-07-18 13:00:11,34500.0,1000,Sell,224267794
2024-07-18 13:00:14,34500.0,1000,Sell,224268157
2024-07-18 13:00:41,34500.0,100,Sell,224269970
2024-07-18 13:01:09,34500.0,2000,Sell,224270858
2024-07-18 13:01:14,34500.0,11700,Sell,224270966
2024-07-18 13:01:16,34500.0,1800,Buy,224271027
2024-07-18 13:01:30,34500.0,600,Buy,224271397
2024-07-18 13:02:48,34500.0,500,Buy,224274445
2024-07-18 13:02:59,34400.0,1000,Sell,224274854
2024-07-18 13:03:10,34400.0,500,Sell,224275372
2024-07-18 13:03:18,34400.0,1000,Sell,224275613
2024-07-18 13:03:19,34400.0,500,Sell,224275646
2024-07-18 13:03:27,34500.0,500,Buy,224276217
2024-07-18 13:03:32,34400.0,1000,Sell,224276527
2024-07-18 13:04:07,34400.0,500,Sell,224278024
2024-07-18 13:04:08,34400.0,500,Sell,224278048
2024-07-18 13:04:18,34500.0,1900,Buy,224278416
2024-07-18 13:04:53,34500.0,500,Buy,224280054
2024-07-18 13:04:56,34400.0,700,Sell,224280203
2024-07-18 13:04:57,34500.0,800,Buy,224280260
2024-07-18 13:05:32,34500.0,400,Buy,224281739
2024-07-18 13:05:47,34400.0,700,Sell,224282363
2024-07-18 13:05:55,34400.0,100,Sell,224282780
2024-07-18 13:06:03,34400.0,200,Sell,224283172
2024-07-18 13:06:31,34400.0,4000,Sell,224284337
2024-07-18 13:06:51,34500.0,4000,Buy,224285277
2024-07-18 13:07:00,34500.0,300,Buy,224285678
2024-07-18 13:07:06,34500.0,600,Buy,224286056
2024-07-18 13:07:36,34500.0,200,Buy,224287262
2024-07-18 13:07:53,34400.0,200,Sell,224288004
2024-07-18 13:07:55,34500.0,100,Buy,224288087
2024-07-18 13:08:03,34500.0,1000,Buy,224288565
2024-07-18 13:08:11,34500.0,1000,Buy,224289133
2024-07-18 13:08:15,34400.0,200,Sell,224289286
2024-07-18 13:08:35,34400.0,200,Sell,224290043
2024-07-18 13:08:38,34500.0,1000,Buy,224290133
2024-07-18 13:08:41,34500.0,300,Buy,224290260
2024-07-18 13:08:42,34500.0,300,Buy,224290338
2024-07-18 13:08:43,34500.0,300,Buy,224290369
2024-07-18 13:08:47,34500.0,200,Buy,224290551
2024-07-18 13:08:48,34400.0,400,Sell,224290582
2024-07-18 13:08:49,34500.0,5000,Buy,224290617
2024-07-18 13:08:54,34500.0,2500,Sell,224290846
2024-07-18 13:08:56,34500.0,1900,Sell,224290933
2024-07-18 13:09:02,34500.0,10500,Sell,224291216
2024-07-18 13:09:16,34500.0,500,Sell,224291723
2024-07-18 13:09:41,34600.0,100,Buy,224292653
2024-07-18 13:09:45,34500.0,100,Sell,224292904
2024-07-18 13:09:54,34600.0,600,Buy,224293261
2024-07-18 13:09:57,34500.0,200,Sell,224293380
2024-07-18 13:10:17,34600.0,5000,Buy,224294024
2024-07-18 13:10:26,34600.0,2000,Buy,224294320
2024-07-18 13:10:37,34500.0,1000,Sell,224294772
2024-07-18 13:10:42,34600.0,200,Buy,224294908
2024-07-18 13:10:48,34500.0,400,Sell,224295192
2024-07-18 13:10:52,34600.0,2000,Buy,224295316
2024-07-18 13:10:53,34600.0,3400,Buy,224295342
2024-07-18 13:10:54,34600.0,400,Buy,224295373
2024-07-18 13:11:12,34500.0,1000,Sell,224295991
2024-07-18 13:11:28,34500.0,200,Sell,224296505
2024-07-18 13:12:03,34600.0,2000,Buy,224297744
2024-07-18 13:12:04,34600.0,5000,Buy,224297772
2024-07-18 13:12:09,34600.0,15000,Buy,224297935
2024-07-18 13:12:14,34600.0,6000,Buy,224298105
2024-07-18 13:12:16,34600.0,5000,Buy,224298173
2024-07-18 13:12:20,34600.0,1000,Buy,224298347
2024-07-18 13:12:22,34600.0,2000,Buy,224298435
2024-07-18 13:12:24,34600.0,300,Buy,224298497
2024-07-18 13:12:26,34600.0,200,Buy,224298549
2024-07-18 13:12:27,34600.0,100,Buy,224298590
2024-07-18 13:12:32,34600.0,200,Buy,224298766
2024-07-18 13:12:37,34600.0,2300,Buy,224298997
2024-07-18 13:12:42,34700.0,600,Buy,224299174
2024-07-18 13:12:55,34700.0,1000,Buy,224299599
2024-07-18 13:13:00,34600.0,8600,Buy,224299768
2024-07-18 13:13:05,34600.0,5000,Buy,224299984
2024-07-18 13:13:10,34600.0,1100,Buy,224300141
2024-07-18 13:13:11,34600.0,200,Buy,224300154
2024-07-18 13:13:19,34600.0,5000,Buy,224300435
2024-07-18 13:13:22,34600.0,200,Buy,224300561
2024-07-18 13:13:30,34600.0,900,Buy,224300767
2024-07-18 13:13:32,34600.0,1000,Buy,224300844
2024-07-18 13:13:40,34600.0,1000,Buy,224301053
2024-07-18 13:13:42,34500.0,300,Sell,224301130
2024-07-18 13:13:55,34600.0,200,Buy,224301550
2024-07-18 13:13:58,34600.0,100,Buy,224301654
2024-07-18 13:14:05,34600.0,2000,Buy,224301809
2024-07-18 13:14:09,34600.0,600,Buy,224301900
2024-07-18 13:14:12,34600.0,300,Buy,224301957
2024-07-18 13:14:19,34600.0,600,Buy,224302116
2024-07-18 13:14:29,34600.0,500,Buy,224302422
2024-07-18 13:14:39,34600.0,5000,Buy,224302691
2024-07-18 13:14:50,34500.0,800,Sell,224303042
2024-07-18 13:15:05,34600.0,3000,Buy,224303620
2024-07-18 13:15:06,34600.0,1000,Buy,224303661
2024-07-18 13:15:09,34600.0,100,Buy,224303830
2024-07-18 13:15:20,34600.0,500,Buy,224304149
2024-07-18 13:15:23,34600.0,3000,Buy,224304249
2024-07-18 13:15:25,34600.0,100,Buy,224304299
2024-07-18 13:15:26,34600.0,1800,Buy,224304321
2024-07-18 13:15:30,34600.0,600,Buy,224304437
2024-07-18 13:15:45,34600.0,100,Buy,224304912
2024-07-18 13:15:55,34500.0,3000,Sell,224305183
2024-07-18 13:15:56,34600.0,600,Buy,224305216
2024-07-18 13:16:26,34600.0,200,Buy,224306164
2024-07-18 13:16:37,34600.0,1800,Buy,224306509
2024-07-18 13:17:09,34600.0,400,Buy,224307331
2024-07-18 13:17:11,34600.0,100,Buy,224307390
2024-07-18 13:17:20,34600.0,13000,Buy,224307642
2024-07-18 13:17:28,34600.0,500,Buy,224307934
2024-07-18 13:17:36,34600.0,5000,Buy,224308175
2024-07-18 13:17:42,34600.0,700,Buy,224308318
2024-07-18 13:17:49,34600.0,100,Buy,224308569
2024-07-18 13:17:54,34600.0,600,Buy,224308732
2024-07-18 13:18:06,34600.0,2000,Buy,224309088
2024-07-18 13:18:08,34600.0,400,Buy,224309138
2024-07-18 13:18:12,34600.0,500,Buy,224309195
2024-07-18 13:18:15,34600.0,2500,Buy,224309270
2024-07-18 13:18:18,34600.0,600,Buy,224309348
2024-07-18 13:18:20,34600.0,200,Buy,224309400
2024-07-18 13:18:23,34600.0,300,Buy,224309473
2024-07-18 13:18:25,34600.0,2000,Buy,224309514
2024-07-18 13:18:27,34600.0,2200,Buy,224309577
2024-07-18 13:18:37,34600.0,1000,Buy,224309820
2024-07-18 13:18:43,34600.0,2000,Buy,224309957
2024-07-18 13:18:45,34600.0,100,Buy,224309992
2024-07-18 13:18:51,34600.0,200,Buy,224310174
2024-07-18 13:18:53,34600.0,100,Buy,224310236
2024-07-18 13:19:08,34600.0,1600,Buy,224310743
2024-07-18 13:19:15,34600.0,100,Buy,224310949
2024-07-18 13:19:31,34600.0,400,Buy,224311367
2024-07-18 13:19:57,34600.0,100,Buy,224312256
2024-07-18 13:19:58,34600.0,6000,Buy,224312302
2024-07-18 13:20:16,34600.0,3000,Buy,224312933
2024-07-18 13:21:06,34600.0,600,Buy,224314646
2024-07-18 13:21:33,34600.0,100,Buy,224315484
2024-07-18 13:21:46,34600.0,100,Buy,224316009
2024-07-18 13:21:50,34600.0,100,Buy,224316137
2024-07-18 13:22:05,34600.0,2000,Buy,224316574
2024-07-18 13:22:29,34600.0,1000,Buy,224317328
2024-07-18 13:22:35,34600.0,200,Buy,224317467
2024-07-18 13:22:42,34600.0,200,Buy,224317777
2024-07-18 13:22:44,34600.0,200,Buy,224317843
2024-07-18 13:23:03,34600.0,200,Buy,224318480
2024-07-18 13:23:14,34500.0,300,Sell,224318874
2024-07-18 13:23:15,34600.0,100,Buy,224318911
2024-07-18 13:23:16,34600.0,1000,Buy,224318937
2024-07-18 13:23:49,34600.0,1000,Buy,224320465
2024-07-18 13:23:54,34600.0,600,Buy,224320817
2024-07-18 13:24:18,34600.0,100,Buy,224321858
2024-07-18 13:25:02,34600.0,3000,Buy,224323650
2024-07-18 13:25:08,34600.0,28000,Buy,224323907
2024-07-18 13:25:11,34600.0,6100,Buy,224324048
2024-07-18 13:25:17,34600.0,1100,Buy,224324343
2024-07-18 13:25:22,34600.0,5000,Buy,224324556
2024-07-18 13:25:26,34600.0,200,Buy,224324671
2024-07-18 13:25:31,34600.0,1600,Buy,224324812
2024-07-18 13:25:34,34500.0,25000,Sell,224324915
2024-07-18 13:25:51,34600.0,500,Buy,224325394
2024-07-18 13:26:22,34600.0,100,Buy,224326566
2024-07-18 13:26:35,34600.0,1000,Buy,224326918
2024-07-18 13:26:42,34600.0,600,Buy,224327213
2024-07-18 13:26:49,34600.0,1900,Buy,224327384
2024-07-18 13:26:52,34600.0,200,Buy,224327481
2024-07-18 13:26:59,34600.0,3000,Buy,224327649
2024-07-18 13:27:09,34600.0,10300,Buy,224327911
2024-07-18 13:27:11,34600.0,300,Buy,224327981
2024-07-18 13:27:14,34600.0,200,Buy,224328059
2024-07-18 13:27:25,34600.0,500,Buy,224328354
2024-07-18 13:27:30,34600.0,100,Buy,224328479
2024-07-18 13:27:35,34600.0,1200,Buy,224328661
2024-07-18 13:27:42,34600.0,1000,Buy,224328918
2024-07-18 13:27:46,34600.0,2000,Buy,224329028
2024-07-18 13:27:49,34600.0,1500,Buy,224329094
2024-07-18 13:27:50,34600.0,2000,Buy,224329106
2024-07-18 13:28:19,34600.0,400,Buy,224330005
2024-07-18 13:28:46,34500.0,100,Sell,224330727
2024-07-18 13:28:55,34600.0,7500,Buy,224330962
2024-07-18 13:29:02,34600.0,500,Buy,224331110
2024-07-18 13:29:25,34600.0,200,Buy,224331764
2024-07-18 13:29:27,34600.0,100,Buy,224331805
2024-07-18 13:29:31,34600.0,600,Buy,224331870
2024-07-18 13:29:58,34600.0,3000,Buy,224332722
2024-07-18 13:30:03,34600.0,1000,Buy,224332985
2024-07-18 13:30:11,34600.0,100,Buy,224333220
2024-07-18 13:30:42,34600.0,100,Buy,224334139
2024-07-18 13:30:52,34600.0,100,Buy,224334479
2024-07-18 13:30:55,34600.0,1100,Buy,224334614
2024-07-18 13:30:58,34600.0,300,Buy,224334757
2024-07-18 13:31:02,34600.0,2000,Buy,224334832
2024-07-18 13:31:10,34500.0,200,Sell,224335076
2024-07-18 13:31:11,34600.0,2000,Buy,224335099
2024-07-18 13:31:14,34600.0,5300,Buy,224335198
2024-07-18 13:31:37,34700.0,300,Buy,224336068
2024-07-18 13:31:44,34600.0,21200,Sell,224336351
2024-07-18 13:31:44,34600.0,500,Buy,224336367
2024-07-18 13:31:52,34600.0,200,Buy,224336567
2024-07-18 13:31:56,34600.0,1000,Buy,224336678
2024-07-18 13:32:00,34600.0,100,Buy,224336853
2024-07-18 13:32:02,34600.0,2300,Buy,224336904
2024-07-18 13:32:06,34600.0,1000,Buy,224337065
2024-07-18 13:32:09,34600.0,3800,Buy,224337164
2024-07-18 13:32:14,34600.0,200,ATO/ATC,224337290
2024-07-18 13:32:19,34700.0,600,Buy,224337493
2024-07-18 13:32:43,34700.0,100,Buy,224338208
2024-07-18 13:32:54,34700.0,5000,Buy,224338712
2024-07-18 13:33:05,34700.0,500,Buy,224339228
2024-07-18 13:33:07,34700.0,100,Buy,224339307
2024-07-18 13:33:12,34700.0,100,Buy,224339463
2024-07-18 13:33:19,34700.0,100,Buy,224339683
2024-07-18 13:33:30,34700.0,500,Buy,224340081
2024-07-18 13:33:33,34700.0,6200,Buy,224340182
2024-07-18 13:33:38,34700.0,2000,Buy,224340368
2024-07-18 13:34:09,34700.0,2000,Buy,224341392
2024-07-18 13:34:19,34700.0,1500,Buy,224341810
2024-07-18 13:34:28,34700.0,3000,Buy,224342110
2024-07-18 13:34:40,34700.0,2000,Buy,224342621
2024-07-18 13:34:42,34700.0,1000,Buy,224342682
2024-07-18 13:35:00,34700.0,1000,Buy,224343397
2024-07-18 13:35:03,34700.0,900,Buy,224343536
2024-07-18 13:35:07,34700.0,600,Buy,224343674
2024-07-18 13:35:25,34700.0,32000,Buy,224344377
2024-07-18 13:35:33,34700.0,1000,Buy,224344652
2024-07-18 13:35:42,34700.0,2000,Buy,224344924
2024-07-18 13:35:46,34700.0,1000,Buy,224345021
2024-07-18 13:35:48,34700.0,300,Buy,224345087
2024-07-18 13:35:55,34700.0,4000,Buy,224345285
2024-07-18 13:35:58,34700.0,300,Buy,224345387
2024-07-18 13:36:01,34700.0,1000,Buy,224345468
2024-07-18 13:36:42,34600.0,1100,Sell,224346759
2024-07-18 13:36:46,34700.0,1800,Buy,224346850
2024-07-18 13:37:30,34700.0,1000,Buy,224348232
2024-07-18 13:37:37,34600.0,600,Sell,224348435
2024-07-18 13:37:55,34700.0,600,Buy,224348962
2024-07-18 13:38:17,34700.0,500,Buy,224349619
2024-07-18 13:38:41,34700.0,900,Buy,224350361
2024-07-18 13:38:47,34700.0,1000,Buy,224350532
2024-07-18 13:38:56,34700.0,8000,Buy,224350863
2024-07-18 13:39:14,34700.0,500,Buy,224351379
2024-07-18 13:39:19,34700.0,500,Buy,224351562
2024-07-18 13:39:39,34700.0,10000,Buy,224352163
2024-07-18 13:39:44,34700.0,600,Buy,224352352
2024-07-18 13:40:22,34700.0,300,Buy,224353432
2024-07-18 13:40:39,34700.0,2000,Buy,224353907
2024-07-18 13:40:43,34700.0,600,Buy,224354022
2024-07-18 13:41:03,34700.0,5000,Buy,224354637
2024-07-18 13:41:11,34700.0,100,Buy,224354929
2024-07-18 13:41:14,34700.0,1000,Buy,224354992
2024-07-18 13:41:27,34700.0,5000,Buy,224355338
2024-07-18 13:41:42,34700.0,1400,Buy,224355743
2024-07-18 13:41:51,34700.0,1000,Buy,224356063
2024-07-18 13:42:03,34700.0,500,Buy,224356392
2024-07-18 13:42:16,34700.0,2000,Buy,224356792
2024-07-18 13:42:50,34700.0,200,Buy,224357783
2024-07-18 13:42:55,34700.0,7000,Buy,224357888
2024-07-18 13:42:58,34700.0,500,Buy,224357948
2024-07-18 13:43:09,34600.0,1000,Sell,224358320
2024-07-18 13:43:30,34700.0,600,Buy,224358843
2024-07-18 13:44:11,34700.0,500,Buy,224360080
2024-07-18 13:45:12,34700.0,500,Buy,224362363
2024-07-18 13:45:41,34700.0,2400,Buy,224363135
2024-07-18 13:45:45,34700.0,100,Buy,224363213
2024-07-18 13:46:11,34700.0,10000,Buy,224363730
2024-07-18 13:46:20,34700.0,600,Buy,224363989
2024-07-18 13:46:33,34700.0,2000,Buy,224364294
2024-07-18 13:46:44,34700.0,3000,Buy,224364510
2024-07-18 13:46:50,34700.0,100,Buy,224364638
2024-07-18 13:47:04,34700.0,2000,Buy,224364951
2024-07-18 13:47:36,34600.0,1200,Sell,224365852
2024-07-18 13:48:40,34700.0,100,Buy,224367374
2024-07-18 13:49:06,34700.0,100,Buy,224367971
2024-07-18 13:49:07,34700.0,600,Buy,224368013
2024-07-18 13:49:11,34700.0,100,Buy,224368097
2024-07-18 13:49:25,34600.0,10000,Sell,224368443
2024-07-18 13:49:58,34600.0,18000,Sell,224369285
2024-07-18 13:50:30,34600.0,3000,Sell,224370133
2024-07-18 13:50:32,34600.0,13100,Sell,224370175
2024-07-18 13:50:43,34600.0,100,Sell,224370408
2024-07-18 13:50:57,34600.0,5000,Sell,224370701
2024-07-18 13:51:03,34700.0,100,Buy,224370842
2024-07-18 13:51:56,34700.0,600,Buy,224372670
2024-07-18 13:52:21,34700.0,1000,Buy,224373422
2024-07-18 13:52:43,34700.0,100,Buy,224374280
2024-07-18 13:52:45,34600.0,900,Sell,224374329
2024-07-18 13:53:07,34600.0,100,Sell,224374990
2024-07-18 13:53:24,34600.0,500,Sell,224375460
2024-07-18 13:53:37,34600.0,5000,Sell,224376030
2024-07-18 13:53:54,34700.0,4500,Buy,224376612
2024-07-18 13:54:21,34700.0,1500,Buy,224377471
2024-07-18 13:54:43,34700.0,600,Buy,224378344
2024-07-18 13:55:19,34700.0,600,Buy,224379292
2024-07-18 13:55:38,34600.0,10000,Sell,224379794
2024-07-18 13:55:47,34600.0,400,Sell,224380047
2024-07-18 13:55:51,34600.0,4000,Sell,224380151
2024-07-18 13:55:55,34600.0,200,Sell,224380274
2024-07-18 13:56:05,34600.0,1300,Sell,224380603
2024-07-18 13:56:14,34600.0,1900,Sell,224380884
2024-07-18 13:56:45,34600.0,1000,Buy,224382276
2024-07-18 13:56:50,34600.0,700,Buy,224382558
2024-07-18 13:57:09,34500.0,600,Sell,224383196
2024-07-18 13:57:22,34500.0,500,Sell,224383686
2024-07-18 13:57:31,34600.0,600,Buy,224383997
2024-07-18 13:57:38,34500.0,500,Sell,224384483
2024-07-18 13:57:40,34500.0,4000,Sell,224384544
2024-07-18 13:57:43,34500.0,600,Sell,224384705
2024-07-18 13:57:51,34500.0,1100,Sell,224385041
2024-07-18 13:57:59,34500.0,500,Sell,224385306
2024-07-18 13:58:06,34500.0,300,Sell,224385583
2024-07-18 13:58:49,34500.0,500,Sell,224387919
2024-07-18 13:58:55,34500.0,5000,Sell,224388164
2024-07-18 13:59:04,34500.0,500,Sell,224388881
2024-07-18 13:59:08,34500.0,5200,Sell,224389081
2024-07-18 13:59:18,34500.0,400,Sell,224389615
2024-07-18 13:59:20,34500.0,5000,Sell,224389742
2024-07-18 13:59:23,34500.0,300,Sell,224389914
2024-07-18 13:59:26,34500.0,100,Sell,224390139
2024-07-18 13:59:32,34500.0,500,Sell,224390686
2024-07-18 13:59:32,34500.0,200,Sell,224390792
2024-07-18 13:59:40,34500.0,56100,Buy,224391358
2024-07-18 13:59:47,34500.0,1000,Buy,224391940
2024-07-18 13:59:53,34400.0,10000,Sell,224392569
2024-07-18 14:00:01,34400.0,7500,Sell,224393120
2024-07-18 14:00:03,34400.0,200,Sell,224393342
2024-07-18 14:00:13,34400.0,20000,Sell,224394246
2024-07-18 14:00:20,34500.0,8100,Buy,224394850
2024-07-18 14:00:35,34400.0,3000,Sell,224396080
2024-07-18 14:00:43,34400.0,2000,Sell,224396678
2024-07-18 14:00:46,34400.0,3600,Sell,224396917
2024-07-18 14:00:52,34400.0,8000,Buy,224397228
2024-07-18 14:01:01,34400.0,100,Buy,224397908
2024-07-18 14:01:12,34400.0,100,Buy,224398738
2024-07-18 14:01:15,34400.0,2000,Buy,224399065
2024-07-18 14:01:19,34400.0,300,Buy,224399322
2024-07-18 14:01:22,34400.0,2100,Buy,224399459
2024-07-18 14:01:30,34400.0,400,Buy,224399993
2024-07-18 14:01:31,34400.0,2000,Buy,224400072
2024-07-18 14:01:34,34300.0,5000,Sell,224400306
2024-07-18 14:01:35,34300.0,1400,Sell,224400414
2024-07-18 14:01:45,34400.0,300,Buy,224401278
2024-07-18 14:01:46,34300.0,200,Sell,224401330
2024-07-18 14:01:52,34300.0,800,Sell,224401786
2024-07-18 14:01:58,34300.0,100,Sell,224402753
2024-07-18 14:02:01,34400.0,5000,Buy,224402968
2024-07-18 14:02:02,34400.0,1000,Buy,224403028
2024-07-18 14:02:03,34300.0,100,Sell,224403085
2024-07-18 14:02:05,34400.0,400,Buy,224403278
2024-07-18 14:02:09,34300.0,100,Sell,224403704
2024-07-18 14:02:28,34400.0,2000,Buy,224405820
2024-07-18 14:02:33,34400.0,2000,Buy,224406256
2024-07-18 14:02:34,34400.0,100,Buy,224406357
2024-07-18 14:02:43,34400.0,2000,Buy,224407288
2024-07-18 14:02:51,34400.0,100,Buy,224408062
2024-07-18 14:02:56,34300.0,1000,Sell,224408529
2024-07-18 14:02:58,34400.0,500,Buy,224408701
2024-07-18 14:03:07,34400.0,300,Buy,224409444
2024-07-18 14:03:08,34400.0,600,Buy,224409493
2024-07-18 14:03:09,34300.0,100,Sell,224409559
2024-07-18 14:03:15,34400.0,4200,Buy,224409991
2024-07-18 14:03:19,34400.0,100,Buy,224410226
2024-07-18 14:03:23,34400.0,100,Buy,224410598
2024-07-18 14:03:24,34400.0,1500,Buy,224410735
2024-07-18 14:03:26,34400.0,300,Buy,224410910
2024-07-18 14:03:28,34400.0,1000,Buy,224411174
2024-07-18 14:03:30,34300.0,1000,Sell,224411434
2024-07-18 14:03:31,34300.0,1300,Sell,224411493
2024-07-18 14:03:32,34400.0,1000,Buy,224411559
2024-07-18 14:03:34,34400.0,200,Buy,224411661
2024-07-18 14:03:38,34300.0,100,Sell,224411921
2024-07-18 14:03:39,34400.0,1100,Buy,224411980
2024-07-18 14:03:53,34400.0,1500,Buy,224413146
2024-07-18 14:03:58,34400.0,200,Buy,224413484
2024-07-18 14:04:02,34400.0,100,Buy,224413746
2024-07-18 14:04:08,34400.0,200,Buy,224414226
2024-07-18 14:04:09,34400.0,100,Buy,224414273
2024-07-18 14:04:13,34400.0,300,Buy,224414468
2024-07-18 14:04:14,34400.0,50000,Buy,224414586
2024-07-18 14:04:16,34400.0,1000,Buy,224414790
2024-07-18 14:04:18,34400.0,2400,Buy,224414936
2024-07-18 14:04:20,34400.0,1900,Sell,224415092
2024-07-18 14:04:28,34400.0,600,Sell,224415557
2024-07-18 14:04:33,34500.0,300,Buy,224415883
2024-07-18 14:04:37,34500.0,23000,Buy,224416181
2024-07-18 14:04:39,34500.0,5500,Sell,224416390
2024-07-18 14:04:44,34400.0,40000,Sell,224416643
2024-07-18 14:04:59,34400.0,5000,Sell,224417520
2024-07-18 14:05:07,34400.0,1500,Sell,224417917
2024-07-18 14:05:11,34400.0,1000,Sell,224418200
2024-07-18 14:05:12,34400.0,20400,Sell,224418234
2024-07-18 14:05:14,34400.0,400,Sell,224418336
2024-07-18 14:05:19,34500.0,100,Sell,224418589
2024-07-18 14:05:32,34500.0,100,Sell,224419401
2024-07-18 14:05:39,34600.0,1700,Buy,224419870
2024-07-18 14:05:42,34600.0,10000,Buy,224420043
2024-07-18 14:05:45,34600.0,1500,Buy,224420214
2024-07-18 14:05:47,34500.0,100,Sell,224420321
2024-07-18 14:05:48,34600.0,200,Buy,224420380
2024-07-18 14:05:50,34600.0,1000,Buy,224420512
2024-07-18 14:05:51,34600.0,3400,Sell,224420597
2024-07-18 14:05:54,34600.0,500,Sell,224420795
2024-07-18 14:05:56,34700.0,600,Buy,224420877
2024-07-18 14:06:01,34600.0,2000,Sell,224421096
2024-07-18 14:06:03,34700.0,500,Buy,224421192
2024-07-18 14:06:07,34600.0,1900,Sell,224421388
2024-07-18 14:06:09,34600.0,500,Sell,224421482
2024-07-18 14:06:10,34600.0,1000,Sell,224421506
2024-07-18 14:06:29,34600.0,16000,Sell,224422570
2024-07-18 14:06:33,34600.0,1300,Sell,224422742
2024-07-18 14:06:38,34600.0,2500,Buy,224422995
2024-07-18 14:06:42,34600.0,1000,Buy,224423158
2024-07-18 14:06:49,34600.0,1000,Buy,224423448
2024-07-18 14:07:17,34600.0,1000,Buy,224424822
2024-07-18 14:07:29,34600.0,300,Buy,224425256
2024-07-18 14:07:32,34600.0,100,Buy,224425393
2024-07-18 14:07:39,34600.0,500,Buy,224425737
2024-07-18 14:07:45,34500.0,600,Sell,224425917
2024-07-18 14:07:51,34600.0,300,Buy,224426154
2024-07-18 14:08:16,34600.0,1000,Buy,224427138
2024-07-18 14:08:22,34600.0,18900,Buy,224427374
2024-07-18 14:08:41,34600.0,500,Buy,224428366
2024-07-18 14:08:44,34600.0,500,Buy,224428512
2024-07-18 14:08:45,34600.0,600,Buy,224428559
2024-07-18 14:08:46,34600.0,10000,Buy,224428590
2024-07-18 14:08:50,34600.0,2500,Buy,224428833
2024-07-18 14:08:51,34600.0,1100,Buy,224428858
2024-07-18 14:08:53,34600.0,20000,Buy,224428994
2024-07-18 14:08:56,34600.0,6000,Buy,224429125
2024-07-18 14:08:58,34600.0,100,Buy,224429192
2024-07-18 14:08:59,34600.0,800,Sell,224429228
2024-07-18 14:09:34,34700.0,200,Buy,224430643
2024-07-18 14:09:35,34600.0,200,Sell,224430679
2024-07-18 14:10:30,34700.0,9700,Buy,224433150
2024-07-18 14:10:55,34700.0,100,Buy,224434191
2024-07-18 14:10:58,34700.0,100,Buy,224434357
2024-07-18 14:10:59,34700.0,100,Buy,224434389
2024-07-18 14:11:09,34700.0,15000,Buy,224434771
2024-07-18 14:11:11,34700.0,100,Buy,224434845
2024-07-18 14:11:14,34700.0,200,Buy,224434937
2024-07-18 14:11:25,34700.0,700,Buy,224435374
2024-07-18 14:11:26,34700.0,200,Buy,224435438
2024-07-18 14:11:27,34700.0,15000,Buy,224435539
2024-07-18 14:11:30,34700.0,10100,Buy,224435622
2024-07-18 14:11:31,34700.0,5700,Buy,224435639
2024-07-18 14:11:32,34700.0,600,Buy,224435659
2024-07-18 14:11:34,34700.0,2000,Buy,224435702
2024-07-18 14:11:35,34700.0,2000,Buy,224435744
2024-07-18 14:11:38,34700.0,1000,Buy,224435845
2024-07-18 14:11:41,34700.0,3000,Buy,224435980
2024-07-18 14:11:42,34700.0,600,Buy,224436039
2024-07-18 14:11:43,34700.0,2200,Buy,224436099
2024-07-18 14:11:45,34700.0,300,Sell,224436155
2024-07-18 14:12:05,34700.0,1100,Sell,224436872
2024-07-18 14:12:16,34800.0,5000,Buy,224437401
2024-07-18 14:12:30,34800.0,2000,Buy,224438014
2024-07-18 14:12:40,34800.0,500,Buy,224438431
2024-07-18 14:12:41,34800.0,200,Buy,224438490
2024-07-18 14:12:50,34800.0,2000,Buy,224438783
2024-07-18 14:12:56,34800.0,800,Buy,224439018
2024-07-18 14:13:04,34800.0,300,Buy,224439336
2024-07-18 14:13:11,34800.0,100,Buy,224439638
2024-07-18 14:13:38,34800.0,500,Buy,224440708
2024-07-18 14:13:42,34800.0,2000,Buy,224440810
2024-07-18 14:13:50,34700.0,1000,Sell,224441004
2024-07-18 14:13:51,34800.0,100,Buy,224441096
2024-07-18 14:13:53,34700.0,20100,Buy,224441184
2024-07-18 14:14:14,34700.0,10800,Buy,224441870
2024-07-18 14:14:19,34700.0,5000,Buy,224442038
2024-07-18 14:14:20,34700.0,600,Buy,224442069
2024-07-18 14:14:26,34700.0,1000,Buy,224442323
2024-07-18 14:14:30,34700.0,200,Buy,224442489
2024-07-18 14:14:43,34700.0,300,Buy,224442928
2024-07-18 14:14:54,34700.0,100,Buy,224443269
2024-07-18 14:15:00,34700.0,200,Buy,224443474
2024-07-18 14:15:09,34600.0,900,Sell,224443914
2024-07-18 14:15:15,34600.0,200,Sell,224444119
2024-07-18 14:15:24,34600.0,300,Sell,224444420
2024-07-18 14:15:29,34600.0,100,Sell,224444601
2024-07-18 14:15:49,34700.0,500,Buy,224445536
2024-07-18 14:16:03,34700.0,600,Buy,224446067
2024-07-18 14:16:12,34700.0,400,Buy,224446408
2024-07-18 14:16:14,34700.0,200,Buy,224446474
2024-07-18 14:16:15,34600.0,200,Sell,224446497
2024-07-18 14:16:26,34700.0,100,Buy,224447130
2024-07-18 14:17:08,34700.0,600,Buy,224448819
2024-07-18 14:17:54,34700.0,200,Buy,224450378
2024-07-18 14:18:18,34700.0,1000,Buy,224451468
2024-07-18 14:18:43,34700.0,600,Buy,224452447
2024-07-18 14:18:58,34700.0,100,Buy,224452914
2024-07-18 14:19:10,34700.0,10000,Buy,224453567
2024-07-18 14:19:16,34700.0,2000,Buy,224453851
2024-07-18 14:19:21,34600.0,2500,Sell,224453990
2024-07-18 14:19:25,34700.0,2000,Buy,224454092
2024-07-18 14:19:30,34600.0,20000,Sell,224454365
2024-07-18 14:19:33,34600.0,100,Sell,224454631
2024-07-18 14:19:40,34600.0,1900,Sell,224454899
2024-07-18 14:19:56,34700.0,300,Buy,224455620
2024-07-18 14:20:13,34700.0,200,Buy,224456439
2024-07-18 14:20:20,34600.0,10000,Sell,224456671
2024-07-18 14:21:07,34700.0,800,Buy,224458938
2024-07-18 14:21:25,34700.0,100,Buy,224459802
2024-07-18 14:21:29,34700.0,10000,Buy,224460018
2024-07-18 14:21:37,34700.0,1000,Buy,224460439
2024-07-18 14:21:53,34700.0,100,Buy,224461189
2024-07-18 14:21:55,34700.0,1000,Buy,224461226
2024-07-18 14:22:07,34700.0,100,Buy,224461849
2024-07-18 14:22:08,34700.0,11000,Buy,224461892
2024-07-18 14:22:15,34700.0,2000,Buy,224462229
2024-07-18 14:22:19,34700.0,100,Buy,224462411
2024-07-18 14:22:27,34700.0,7700,Buy,224462893
2024-07-18 14:22:31,34700.0,200,Buy,224463132
2024-07-18 14:22:46,34700.0,100,Buy,224464029
2024-07-18 14:22:48,34700.0,100,Buy,224464080
2024-07-18 14:22:49,34700.0,4300,Buy,224464175
2024-07-18 14:22:55,34700.0,2000,Buy,224464774
2024-07-18 14:23:01,34700.0,100,Buy,224465089
2024-07-18 14:23:01,34700.0,300,Buy,224465152
2024-07-18 14:23:02,34600.0,100,Sell,224465175
2024-07-18 14:23:05,34700.0,1000,Buy,224465339
2024-07-18 14:23:09,34700.0,1000,Buy,224465604
2024-07-18 14:23:12,34700.0,10000,Buy,224465866
2024-07-18 14:23:17,34700.0,1000,Buy,224466268
2024-07-18 14:23:20,34700.0,3000,Buy,224466453
2024-07-18 14:23:21,34700.0,29000,Buy,224466493
2024-07-18 14:23:23,34700.0,1000,Buy,224466604
2024-07-18 14:23:26,34700.0,3400,Sell,224466829
2024-07-18 14:23:53,34700.0,100,Sell,224468544
2024-07-18 14:24:12,34700.0,2600,Sell,224469786
2024-07-18 14:25:17,34700.0,1100,Sell,224473932
2024-07-18 14:25:22,34800.0,10000,Buy,224474284
2024-07-18 14:25:23,34700.0,3000,Sell,224474331
2024-07-18 14:25:27,34800.0,1000,Buy,224474516
2024-07-18 14:25:34,34800.0,10000,Buy,224475031
2024-07-18 14:25:37,34800.0,200,Buy,224475219
2024-07-18 14:25:40,34800.0,100,Buy,224475517
2024-07-18 14:25:47,34800.0,1000,Buy,224476035
2024-07-18 14:25:49,34800.0,10000,Buy,224476142
2024-07-18 14:25:53,34800.0,5000,Buy,224476370
2024-07-18 14:25:56,34800.0,1000,Buy,224476566
2024-07-18 14:25:56,34800.0,300,Buy,224476641
2024-07-18 14:25:58,34800.0,10000,Buy,224476729
2024-07-18 14:25:59,34800.0,3000,Buy,224476856
2024-07-18 14:26:00,34800.0,1000,Buy,224476921
2024-07-18 14:26:01,34800.0,100,Buy,224477030
2024-07-18 14:26:05,34800.0,900,Buy,224477228
2024-07-18 14:26:08,34800.0,11000,Buy,224477642
2024-07-18 14:26:08,34800.0,1000,Buy,224477513
2024-07-18 14:26:14,34800.0,23600,Sell,224477954
2024-07-18 14:26:33,34900.0,1000,Buy,224479460
2024-07-18 14:26:35,34900.0,2000,Buy,224479758
2024-07-18 14:26:45,34900.0,14500,Buy,224480643
2024-07-18 14:26:55,34900.0,1000,Buy,224481382
2024-07-18 14:27:00,34900.0,1000,Buy,224481746
2024-07-18 14:27:06,34900.0,500,Buy,224482160
2024-07-18 14:27:18,34900.0,300,Buy,224483004
2024-07-18 14:27:22,34900.0,1000,Buy,224483379
2024-07-18 14:27:23,34900.0,100,Buy,224483438
2024-07-18 14:27:27,34900.0,100,Buy,224483643
2024-07-18 14:27:40,34900.0,100,Buy,224484514
2024-07-18 14:27:42,34800.0,100,Sell,224484689
2024-07-18 14:27:43,34900.0,200,Buy,224484783
2024-07-18 14:27:54,34800.0,2000,Sell,224485819
2024-07-18 14:27:59,34900.0,2000,Buy,224486279
2024-07-18 14:28:12,34800.0,300,Sell,224487239
2024-07-18 14:28:21,34900.0,300,Buy,224487977
2024-07-18 14:28:29,34900.0,100,Buy,224488652
2024-07-18 14:28:34,34900.0,100,Buy,224489015
2024-07-18 14:28:42,34900.0,300,Buy,224489575
2024-07-18 14:28:51,34900.0,500,Buy,224490281
2024-07-18 14:28:53,34900.0,500,Buy,224490401
2024-07-18 14:28:55,34900.0,300,Buy,224490618
2024-07-18 14:29:00,34900.0,900,Buy,224490976
2024-07-18 14:29:02,34900.0,2000,Buy,224491141
2024-07-18 14:29:03,34900.0,200,Buy,224491244
2024-07-18 14:29:08,34900.0,100,Buy,224491791
2024-07-18 14:29:12,34900.0,200,Buy,224492062
2024-07-18 14:29:13,34900.0,1000,Buy,224492204
2024-07-18 14:29:17,34900.0,100,Buy,224492535
2024-07-18 14:29:18,34900.0,9000,Buy,224492627
2024-07-18 14:29:20,34900.0,600,Buy,224492780
2024-07-18 14:29:23,34900.0,2000,Buy,224493022
2024-07-18 14:29:24,34900.0,3200,Buy,224493106
2024-07-18 14:29:29,34900.0,2000,Buy,224493563
2024-07-18 14:29:33,34900.0,7000,Buy,224493842
2024-07-18 14:29:34,34900.0,200,Buy,224493874
2024-07-18 14:29:38,34900.0,1200,Buy,224494130
2024-07-18 14:29:39,34800.0,100,Sell,224494215
2024-07-18 14:29:43,34900.0,1500,Buy,224494511
2024-07-18 14:29:50,34900.0,1000,Buy,224495051
2024-07-18 14:45:12,35000.0,371800,Sell,224497270
2024-07-18 14:56:30,35000.0,300,Buy,224498140
