time,price,volume,match_type,id
2024-07-23 09:00:05,33000.0,100,Buy,225455876
2024-07-23 09:00:07,33000.0,100,ATO/ATC,225455892
2024-07-23 09:00:16,33000.0,100,Buy,225455951
2024-07-23 09:00:21,33000.0,300,Buy,225455984
2024-07-23 09:00:23,32900.0,300,Sell,225455997
2024-07-23 09:00:25,33000.0,100,Buy,225456012
2024-07-23 09:00:27,32800.0,900,Sell,225456020
2024-07-23 09:00:48,33000.0,100,Buy,225456078
2024-07-23 09:01:16,33000.0,300,Buy,225456134
2024-07-23 09:01:30,33000.0,400,Buy,225456156
2024-07-23 09:01:36,33000.0,1000,Buy,225456170
2024-07-23 09:01:42,33000.0,600,Buy,225456178
2024-07-23 09:01:46,33000.0,4300,Sell,225456184
2024-07-23 09:02:01,33100.0,100,Sell,225456210
2024-07-23 09:02:37,33100.0,900,Buy,225456273
2024-07-23 09:02:47,33100.0,1000,Buy,225456278
2024-07-23 09:02:54,33100.0,100,Buy,225456288
2024-07-23 09:02:58,33100.0,200,Buy,225456294
2024-07-23 09:03:22,33100.0,100,Sell,225456337
2024-07-23 09:03:34,33100.0,900,Sell,225456364
2024-07-23 09:03:38,33200.0,1000,Buy,225456371
2024-07-23 09:03:53,33200.0,400,Buy,225456397
2024-07-23 09:04:13,33200.0,200,Sell,225456429
2024-07-23 09:04:30,33200.0,3000,Sell,225456456
2024-07-23 09:04:44,33200.0,100,Buy,225456478
2024-07-23 09:04:45,33200.0,200,Buy,225456481
2024-07-23 09:04:49,33200.0,500,Buy,225456486
2024-07-23 09:04:51,33200.0,500,Buy,225456491
2024-07-23 09:04:58,33200.0,700,ATO/ATC,225456509
2024-07-23 09:05:19,33200.0,800,Sell,225456545
2024-07-23 09:07:00,33300.0,100,Buy,225456721
2024-07-23 09:07:03,33300.0,300,Buy,225456723
2024-07-23 09:07:35,33300.0,100,Buy,225456787
2024-07-23 09:07:43,33300.0,1000,Buy,225456799
2024-07-23 09:07:45,33300.0,100,Buy,225456802
2024-07-23 09:07:59,33300.0,100,Buy,225456826
2024-07-23 09:08:00,33300.0,100,Buy,225456829
2024-07-23 09:08:15,33300.0,100,Buy,225456856
2024-07-23 09:08:27,33300.0,5000,Buy,225456877
2024-07-23 09:08:30,33400.0,3000,Buy,225456882
2024-07-23 09:09:04,33300.0,100,Buy,225456935
2024-07-23 09:09:20,33300.0,100,Buy,225456961
2024-07-23 09:09:28,33300.0,200,Buy,225456975
2024-07-23 09:09:35,33300.0,100,Buy,225456991
2024-07-23 09:10:42,33300.0,3000,Buy,225457101
2024-07-23 09:10:45,33300.0,100,Buy,225457110
2024-07-23 09:11:23,33300.0,31600,Sell,225457199
2024-07-23 09:12:21,33400.0,100,Buy,225457305
2024-07-23 09:12:30,33400.0,1300,Buy,225457323
2024-07-23 09:12:36,33400.0,1000,Buy,225457337
2024-07-23 09:12:37,33400.0,2000,Buy,225457340
2024-07-23 09:13:04,33400.0,4000,Buy,225457388
2024-07-23 09:13:06,33400.0,200,Buy,225457391
2024-07-23 09:13:18,33400.0,500,Buy,225457415
2024-07-23 09:13:51,33400.0,300,Buy,225457472
2024-07-23 09:14:05,33400.0,500,Buy,225457496
2024-07-23 09:14:07,33400.0,500,Buy,225457498
2024-07-23 09:14:11,33400.0,3700,Sell,225457507
2024-07-23 09:14:12,33400.0,1300,ATO/ATC,225457512
2024-07-23 09:14:35,33400.0,200,Buy,225457550
2024-07-23 09:14:48,33400.0,400,Buy,225457579
2024-07-23 09:14:50,33400.0,100,Buy,225457582
2024-07-23 09:14:56,33400.0,100,Buy,225457591
2024-07-23 09:14:59,33300.0,700,Sell,225457596
2024-07-23 09:15:04,33400.0,100,Buy,225457942
2024-07-23 09:15:08,33400.0,100,Buy,225458011
2024-07-23 09:15:10,33300.0,800,Sell,225458037
2024-07-23 09:15:52,33400.0,4100,Sell,225458577
2024-07-23 09:15:53,33400.0,100,Sell,225458591
2024-07-23 09:16:12,33400.0,100,Sell,225458875
2024-07-23 09:16:14,33500.0,100,Buy,225458913
2024-07-23 09:16:22,33500.0,500,Buy,225459067
2024-07-23 09:16:27,33500.0,10000,Buy,225459160
2024-07-23 09:16:43,33500.0,200,Buy,225459435
2024-07-23 09:16:48,33500.0,12000,Buy,225459526
2024-07-23 09:16:49,33500.0,100,Sell,225459538
2024-07-23 09:17:03,33500.0,500,Buy,225459789
2024-07-23 09:17:07,33500.0,300,Sell,225459887
2024-07-23 09:17:14,33600.0,1900,Buy,225460018
2024-07-23 09:17:31,33600.0,1000,Buy,225460373
2024-07-23 09:17:36,33600.0,100,Buy,225460501
2024-07-23 09:17:41,33600.0,300,Buy,225460599
2024-07-23 09:17:48,33600.0,200,Buy,225460708
2024-07-23 09:17:55,33600.0,700,Buy,225460836
2024-07-23 09:18:54,33600.0,800,Buy,225462058
2024-07-23 09:18:58,33600.0,7000,Buy,225462143
2024-07-23 09:19:13,33600.0,9000,Buy,225462436
2024-07-23 09:19:19,33600.0,200,Buy,225462570
2024-07-23 09:19:23,33600.0,1300,Buy,225462651
2024-07-23 09:19:37,33600.0,4300,Sell,225462938
2024-07-23 09:19:46,33600.0,1000,Sell,225463197
2024-07-23 09:19:50,33600.0,1000,Sell,225463325
2024-07-23 09:19:59,33600.0,500,Sell,225463505
2024-07-23 09:20:00,33600.0,100,Sell,225463522
2024-07-23 09:20:10,33600.0,500,Sell,225463786
2024-07-23 09:20:11,33600.0,11100,Sell,225463803
2024-07-23 09:20:17,33500.0,100,Sell,225463957
2024-07-23 09:20:24,33500.0,5000,Sell,225464114
2024-07-23 09:20:26,33500.0,6700,Sell,225464161
2024-07-23 09:20:27,33500.0,1300,Buy,225464187
2024-07-23 09:20:44,33400.0,1500,Sell,225464606
2024-07-23 09:20:51,33400.0,300,Sell,225464791
2024-07-23 09:20:59,33400.0,1100,Sell,225464961
2024-07-23 09:21:11,33400.0,4000,Sell,225465223
2024-07-23 09:21:31,33400.0,2000,Sell,225465815
2024-07-23 09:21:36,33400.0,1200,Sell,225465906
2024-07-23 09:21:44,33400.0,900,Sell,225466105
2024-07-23 09:21:45,33400.0,2000,Sell,225466132
2024-07-23 09:21:46,33400.0,1100,Buy,225466150
2024-07-23 09:21:57,33300.0,1500,Sell,225466356
2024-07-23 09:21:59,33300.0,7300,Buy,225466404
2024-07-23 09:22:07,33300.0,100,Buy,225466548
2024-07-23 09:22:12,33300.0,10000,Buy,225466650
2024-07-23 09:22:16,33300.0,1000,Buy,225466718
2024-07-23 09:22:17,33200.0,3000,Sell,225466745
2024-07-23 09:22:21,33200.0,1900,Sell,225466847
2024-07-23 09:22:31,33300.0,200,Buy,225467094
2024-07-23 09:22:33,33200.0,2400,Buy,225467139
2024-07-23 09:22:38,33200.0,500,Buy,225467298
2024-07-23 09:22:46,33200.0,100,Buy,225467507
2024-07-23 09:22:49,33200.0,100,Buy,225467626
2024-07-23 09:22:54,33200.0,400,Sell,225467818
2024-07-23 09:23:04,33200.0,100,Sell,225468060
2024-07-23 09:23:13,33200.0,500,Sell,225468263
2024-07-23 09:23:16,33200.0,100,Buy,225468315
2024-07-23 09:23:19,33200.0,2900,Sell,225468409
2024-07-23 09:23:26,33200.0,2400,Sell,225468592
2024-07-23 09:23:31,33200.0,3100,Sell,225468692
2024-07-23 09:23:35,33200.0,500,Buy,225468772
2024-07-23 09:23:47,33100.0,1000,Sell,225469029
2024-07-23 09:24:07,33100.0,200,Sell,225469573
2024-07-23 09:24:10,33100.0,100,Sell,225469637
2024-07-23 09:24:12,33100.0,500,Sell,225469707
2024-07-23 09:24:20,33200.0,500,Buy,225469913
2024-07-23 09:24:24,33200.0,16000,Buy,225470007
2024-07-23 09:24:33,33200.0,200,Buy,225470215
2024-07-23 09:25:01,33100.0,100,Sell,225470812
2024-07-23 09:25:15,33100.0,2000,Sell,225471064
2024-07-23 09:25:23,33100.0,800,Sell,225471233
2024-07-23 09:25:49,33100.0,9900,Sell,225471855
2024-07-23 09:26:14,33100.0,500,Sell,225472406
2024-07-23 09:26:16,33100.0,500,Sell,225472441
2024-07-23 09:26:25,33100.0,500,Sell,225472651
2024-07-23 09:26:44,33200.0,100,Buy,225473036
2024-07-23 09:26:45,33100.0,5000,Sell,225473052
2024-07-23 09:26:47,33100.0,2700,Sell,225473106
2024-07-23 09:26:54,33100.0,19700,Sell,225473219
2024-07-23 09:26:57,33100.0,100,Buy,225473252
2024-07-23 09:27:02,33100.0,300,Buy,225473319
2024-07-23 09:27:26,33100.0,500,Buy,225473787
2024-07-23 09:27:35,33100.0,1000,Buy,225473984
2024-07-23 09:27:42,33100.0,14000,Sell,225474130
2024-07-23 09:28:04,33200.0,500,Buy,225474554
2024-07-23 09:28:51,33100.0,3000,Sell,225475328
2024-07-23 09:29:10,33100.0,500,Sell,225475688
2024-07-23 09:29:19,33200.0,5000,Buy,225475885
2024-07-23 09:29:41,33200.0,20000,Buy,225476462
2024-07-23 09:29:46,33200.0,2600,Buy,225476568
2024-07-23 09:29:50,33200.0,1100,Buy,225476661
2024-07-23 09:30:15,33200.0,2000,Sell,225477207
2024-07-23 09:30:22,33300.0,200,Buy,225477340
2024-07-23 09:30:51,33300.0,100,Buy,225477933
2024-07-23 09:31:21,33300.0,12000,Buy,225478580
2024-07-23 09:31:46,33200.0,400,Sell,225479146
2024-07-23 09:32:01,33200.0,200,Buy,225479510
2024-07-23 09:32:22,33200.0,100,Buy,225479849
2024-07-23 09:33:04,33200.0,2000,Buy,225480728
2024-07-23 09:33:08,33200.0,100,Buy,225480808
2024-07-23 09:33:09,33100.0,2000,Sell,225480837
2024-07-23 09:33:58,33100.0,100,Sell,225481846
2024-07-23 09:34:04,33100.0,300,Sell,225481944
2024-07-23 09:34:55,33100.0,100,Sell,225482975
2024-07-23 09:35:04,33200.0,100,Buy,225483176
2024-07-23 09:35:18,33200.0,100,Buy,225483552
2024-07-23 09:35:21,33200.0,400,Buy,225483604
2024-07-23 09:35:28,33200.0,400,Buy,225483741
2024-07-23 09:35:43,33100.0,100,Sell,225484020
2024-07-23 09:35:53,33200.0,100,Buy,225484225
2024-07-23 09:36:16,33100.0,5000,Sell,225484656
2024-07-23 09:36:51,33100.0,100,Sell,225485214
2024-07-23 09:37:05,33100.0,300,Sell,225485520
2024-07-23 09:37:15,33100.0,5000,Sell,225485739
2024-07-23 09:37:34,33100.0,1000,Sell,225486217
2024-07-23 09:37:54,33100.0,500,Sell,225486645
2024-07-23 09:38:14,33100.0,5000,Sell,225487018
2024-07-23 09:38:16,33200.0,100,Buy,225487044
2024-07-23 09:38:30,33100.0,5000,Sell,225487302
2024-07-23 09:38:31,33200.0,100,Buy,225487322
2024-07-23 09:38:35,33100.0,3000,Sell,225487405
2024-07-23 09:38:44,33100.0,3900,Sell,225487550
2024-07-23 09:38:52,33100.0,500,Sell,225487681
2024-07-23 09:38:54,33100.0,3000,Sell,225487818
2024-07-23 09:38:55,33100.0,4500,Sell,225487830
2024-07-23 09:38:55,33100.0,100,Buy,225487846
2024-07-23 09:39:07,33100.0,100,Buy,225488056
2024-07-23 09:39:10,33000.0,6300,Sell,225488123
2024-07-23 09:39:28,33000.0,500,Sell,225488517
2024-07-23 09:39:36,33000.0,4900,Sell,225488708
2024-07-23 09:39:39,33000.0,2000,Sell,225488803
2024-07-23 09:39:42,33000.0,5000,Sell,225488878
2024-07-23 09:39:48,33000.0,1000,Sell,225488988
2024-07-23 09:39:54,33000.0,10000,Sell,225489093
2024-07-23 09:39:56,33100.0,500,Buy,225489132
2024-07-23 09:40:00,33000.0,100,Sell,225489198
2024-07-23 09:40:07,33000.0,500,Sell,225489361
2024-07-23 09:40:18,33100.0,100,Buy,225489585
2024-07-23 09:40:45,33100.0,5600,Buy,225490155
2024-07-23 09:40:50,33100.0,500,Sell,225490304
2024-07-23 09:41:03,33100.0,1000,Sell,225490576
2024-07-23 09:41:09,33100.0,500,Sell,225490697
2024-07-23 09:41:17,33100.0,500,Sell,225490836
2024-07-23 09:41:19,33100.0,100,Sell,225490880
2024-07-23 09:41:20,33100.0,2000,Sell,225490893
2024-07-23 09:41:23,33100.0,600,Sell,225490977
2024-07-23 09:41:25,33100.0,100,Buy,225491006
2024-07-23 09:41:29,33100.0,100,Buy,225491084
2024-07-23 09:41:38,33100.0,100,Buy,225491230
2024-07-23 09:42:03,33100.0,1500,Buy,225491727
2024-07-23 09:42:14,33100.0,1100,Sell,225492027
2024-07-23 09:42:15,33100.0,900,Buy,225492043
2024-07-23 09:42:31,33100.0,14100,ATO/ATC,225492528
2024-07-23 09:42:46,33100.0,500,Sell,225492858
2024-07-23 09:43:00,33100.0,1900,Sell,225493212
2024-07-23 09:43:03,33100.0,2600,Sell,225493333
2024-07-23 09:43:11,33100.0,400,Sell,225493494
2024-07-23 09:43:12,33100.0,1000,Sell,225493509
2024-07-23 09:43:23,33100.0,500,Sell,225493711
2024-07-23 09:43:29,33100.0,100,Sell,225493869
2024-07-23 09:44:27,33100.0,700,Sell,225495173
2024-07-23 09:44:29,33200.0,200,Buy,225495203
2024-07-23 09:44:31,33100.0,300,Sell,225495233
2024-07-23 09:44:40,33100.0,400,Sell,225495421
2024-07-23 09:44:42,33100.0,100,Sell,225495447
2024-07-23 09:45:04,33100.0,100,Sell,225495935
2024-07-23 09:45:25,33100.0,800,Sell,225496452
2024-07-23 09:45:44,33100.0,1000,Sell,225496786
2024-07-23 09:45:50,33100.0,6200,Sell,225496895
2024-07-23 09:45:59,33100.0,6000,Sell,225497101
2024-07-23 09:46:25,33100.0,5000,Buy,225497734
2024-07-23 09:46:44,33100.0,1000,Buy,225498088
2024-07-23 09:46:48,33100.0,400,Sell,225498161
2024-07-23 09:46:55,33100.0,200,Sell,225498266
2024-07-23 09:47:25,33100.0,600,Sell,225498833
2024-07-23 09:47:29,33100.0,100,Sell,225498921
2024-07-23 09:47:30,33100.0,6100,Sell,225498936
2024-07-23 09:47:34,33100.0,100,Buy,225499015
2024-07-23 09:47:48,33100.0,200,Buy,225499273
2024-07-23 09:47:49,33100.0,400,Buy,225499292
2024-07-23 09:48:05,33100.0,400,Buy,225499579
2024-07-23 09:48:16,33100.0,100,Buy,225499821
2024-07-23 09:48:20,33100.0,3500,Buy,225499883
2024-07-23 09:48:30,33100.0,100,Buy,225500083
2024-07-23 09:48:33,33200.0,13000,Buy,225500134
2024-07-23 09:48:53,33100.0,100,Sell,225500493
2024-07-23 09:49:43,33100.0,100,Sell,225501395
2024-07-23 09:49:44,33100.0,19900,Sell,225501404
2024-07-23 09:50:46,33100.0,2000,Sell,225502470
2024-07-23 09:50:57,33100.0,100,Sell,225502640
2024-07-23 09:52:24,33200.0,1200,Buy,225504451
2024-07-23 09:52:28,33200.0,100,Buy,225504530
2024-07-23 09:52:30,33200.0,5000,Buy,225504569
2024-07-23 09:52:37,33200.0,100,Buy,225504721
2024-07-23 09:53:11,33200.0,1000,Buy,225505374
2024-07-23 09:53:31,33200.0,5000,Buy,225505780
2024-07-23 09:53:39,33200.0,3000,Buy,225505921
2024-07-23 09:53:40,33200.0,1100,Buy,225505951
2024-07-23 09:53:46,33200.0,500,Buy,225506063
2024-07-23 09:53:47,33200.0,900,Buy,225506081
2024-07-23 09:53:49,33200.0,1000,Buy,225506113
2024-07-23 09:53:54,33200.0,200,Buy,225506214
2024-07-23 09:53:56,33200.0,100,Buy,225506241
2024-07-23 09:53:57,33200.0,300,Buy,225506250
2024-07-23 09:53:59,33200.0,2500,Buy,225506292
2024-07-23 09:54:14,33200.0,100,Buy,225506557
2024-07-23 09:54:20,33200.0,1000,Buy,225506653
2024-07-23 09:54:25,33200.0,100,Buy,225506737
2024-07-23 09:54:42,33200.0,500,Buy,225507074
2024-07-23 09:54:44,33200.0,6000,Sell,225507105
2024-07-23 09:55:02,33200.0,500,Sell,225507498
2024-07-23 09:55:19,33300.0,100,Buy,225507835
2024-07-23 09:55:44,33200.0,1000,Sell,225508240
2024-07-23 09:55:50,33200.0,700,Sell,225508342
2024-07-23 09:56:04,33200.0,100,Buy,225508540
2024-07-23 09:56:06,33200.0,100,Buy,225508567
2024-07-23 09:56:15,33200.0,2000,Buy,225508691
2024-07-23 09:56:41,33200.0,300,Buy,225509082
2024-07-23 09:56:54,33200.0,800,Buy,225509297
2024-07-23 09:57:05,33200.0,2800,Buy,225509513
2024-07-23 09:58:15,33200.0,800,ATO/ATC,225510520
2024-07-23 09:58:48,33100.0,200,Sell,225511053
2024-07-23 09:59:51,33100.0,3000,Sell,225512186
2024-07-23 10:00:26,33100.0,100,Sell,225512847
2024-07-23 10:00:51,33100.0,3100,Sell,225513454
2024-07-23 10:01:28,33100.0,1300,Sell,225514306
2024-07-23 10:01:52,33100.0,1700,Sell,225514716
2024-07-23 10:02:43,33100.0,400,Sell,225515505
2024-07-23 10:03:22,33200.0,100,Buy,225516220
2024-07-23 10:03:43,33200.0,300,Buy,225516553
2024-07-23 10:04:03,33200.0,1600,Buy,225516851
2024-07-23 10:04:31,33200.0,10000,Buy,225517254
2024-07-23 10:04:43,33200.0,200,Buy,225517570
2024-07-23 10:05:09,33200.0,1000,Buy,225518040
2024-07-23 10:05:10,33200.0,100,Buy,225518048
2024-07-23 10:05:33,33200.0,100,Buy,225518437
2024-07-23 10:05:42,33200.0,16700,Buy,225518623
2024-07-23 10:05:44,33200.0,1700,Sell,225518723
2024-07-23 10:05:55,33200.0,3000,Sell,225518940
2024-07-23 10:07:01,33300.0,1600,Buy,225520138
2024-07-23 10:07:17,33300.0,500,Buy,225520495
2024-07-23 10:08:34,33200.0,100,Sell,225522150
2024-07-23 10:08:55,33200.0,1000,Sell,225522447
2024-07-23 10:08:59,33200.0,100,Sell,225522550
2024-07-23 10:09:13,33200.0,2000,Sell,225522821
2024-07-23 10:09:15,33200.0,300,Sell,225522850
2024-07-23 10:09:17,33200.0,100,Sell,225522891
2024-07-23 10:09:46,33200.0,2000,Sell,225523523
2024-07-23 10:09:57,33200.0,400,Sell,225523666
2024-07-23 10:10:25,33300.0,100,Buy,225524133
2024-07-23 10:10:32,33200.0,100,Sell,225524215
2024-07-23 10:10:35,33200.0,2000,Sell,225524242
2024-07-23 10:10:41,33200.0,100,Sell,225524312
2024-07-23 10:10:46,33200.0,3500,Sell,225524434
2024-07-23 10:10:47,33200.0,600,Buy,225524446
2024-07-23 10:11:12,33200.0,10000,Buy,225524926
2024-07-23 10:11:19,33100.0,900,Sell,225525007
2024-07-23 10:11:40,33200.0,1200,Buy,225525316
2024-07-23 10:11:50,33200.0,300,Sell,225525464
2024-07-23 10:12:34,33200.0,100,Sell,225526074
2024-07-23 10:12:48,33300.0,100,Buy,225526309
2024-07-23 10:13:07,33200.0,15000,Sell,225526573
2024-07-23 10:13:30,33200.0,1000,Sell,225527019
2024-07-23 10:13:32,33200.0,1000,Sell,225527107
2024-07-23 10:14:11,33200.0,1000,Sell,225527855
2024-07-23 10:14:19,33200.0,1000,Sell,225527998
2024-07-23 10:14:48,33200.0,100,ATO/ATC,225528524
2024-07-23 10:14:57,33200.0,100,Buy,225528701
2024-07-23 10:16:48,33100.0,500,Sell,225530932
2024-07-23 10:18:16,33200.0,100,Buy,225533318
2024-07-23 10:18:39,33200.0,1500,Buy,225533774
2024-07-23 10:19:39,33200.0,1400,Buy,225534979
2024-07-23 10:19:50,33200.0,2000,Buy,225535255
2024-07-23 10:19:52,33200.0,1500,Buy,225535281
2024-07-23 10:20:03,33100.0,5000,Sell,225535485
2024-07-23 10:20:04,33200.0,2000,Buy,225535503
2024-07-23 10:20:12,33200.0,200,Buy,225535618
2024-07-23 10:20:20,33200.0,2800,Buy,225535851
2024-07-23 10:20:55,33200.0,100,Buy,225536479
2024-07-23 10:20:56,33200.0,200,Buy,225536533
2024-07-23 10:21:16,33200.0,100,Buy,225536878
2024-07-23 10:22:15,33200.0,100,Buy,225537780
2024-07-23 10:22:34,33100.0,200,Sell,225538153
2024-07-23 10:22:38,33200.0,100,Buy,225538257
2024-07-23 10:22:45,33200.0,16100,Sell,225538391
2024-07-23 10:22:57,33200.0,6000,Sell,225538630
2024-07-23 10:23:05,33200.0,5000,Sell,225538783
2024-07-23 10:23:15,33200.0,500,Sell,225538947
2024-07-23 10:23:44,33200.0,2000,Sell,225539411
2024-07-23 10:24:00,33200.0,300,Sell,225539648
2024-07-23 10:24:37,33200.0,5000,Sell,225540082
2024-07-23 10:25:19,33200.0,100,Sell,225540658
2024-07-23 10:25:28,33200.0,100,Sell,225540771
2024-07-23 10:25:29,33200.0,1500,Sell,225540786
2024-07-23 10:26:35,33200.0,100,Sell,225541852
2024-07-23 10:26:51,33200.0,1000,Sell,225542120
2024-07-23 10:26:57,33200.0,500,Sell,225542224
2024-07-23 10:27:58,33200.0,100,Sell,225543021
2024-07-23 10:28:15,33200.0,11000,Sell,225543222
2024-07-23 10:28:30,33200.0,2000,Sell,225543471
2024-07-23 10:28:40,33200.0,6500,Sell,225543624
2024-07-23 10:28:55,33200.0,3800,Sell,225543936
2024-07-23 10:29:15,33200.0,1000,Sell,225544209
2024-07-23 10:29:34,33200.0,500,Sell,225544466
2024-07-23 10:29:41,33200.0,5000,Sell,225544542
2024-07-23 10:29:58,33200.0,1000,Sell,225544756
2024-07-23 10:30:03,33200.0,1200,Sell,225544811
2024-07-23 10:30:12,33200.0,300,Buy,225544956
2024-07-23 10:31:01,33200.0,500,Buy,225545627
2024-07-23 10:31:21,33200.0,5000,Buy,225545956
2024-07-23 10:31:35,33100.0,40000,Sell,225546209
2024-07-23 10:31:42,33200.0,100,Buy,225546326
2024-07-23 10:32:01,33200.0,900,Buy,225546620
2024-07-23 10:33:05,33200.0,200,Buy,225547734
2024-07-23 10:35:26,33100.0,100,Sell,225550219
2024-07-23 10:36:31,33100.0,10000,Sell,225551256
2024-07-23 10:37:00,33100.0,1000,Sell,225551806
2024-07-23 10:38:04,33100.0,400,Sell,225553357
2024-07-23 10:38:15,33100.0,4000,Sell,225553616
2024-07-23 10:38:42,33100.0,900,Sell,225554177
2024-07-23 10:39:26,33100.0,10000,Sell,225555241
2024-07-23 10:40:30,33100.0,1000,Sell,225556999
2024-07-23 10:40:49,33100.0,3500,Sell,225557513
2024-07-23 10:40:55,33100.0,400,Sell,225557736
2024-07-23 10:41:07,33100.0,200,Sell,225558051
2024-07-23 10:41:08,33200.0,100,Buy,225558093
2024-07-23 10:41:14,33100.0,1000,Sell,225558183
2024-07-23 10:41:22,33100.0,4000,Sell,225558348
2024-07-23 10:41:49,33100.0,6200,Buy,225559165
2024-07-23 10:42:30,33100.0,1000,Buy,225560169
2024-07-23 10:42:42,33100.0,1800,Sell,225560420
2024-07-23 10:43:33,33100.0,1000,ATO/ATC,225561254
2024-07-23 10:43:46,33100.0,1400,Buy,225561431
2024-07-23 10:43:59,33100.0,100,Buy,225561693
2024-07-23 10:44:20,33100.0,600,Buy,225561980
2024-07-23 10:44:44,33100.0,100,Buy,225562359
2024-07-23 10:44:53,33100.0,200,Buy,225562487
2024-07-23 10:44:59,33100.0,1000,Buy,225562574
2024-07-23 10:45:05,33100.0,1000,Buy,225562662
2024-07-23 10:45:12,33100.0,1500,Buy,225562811
2024-07-23 10:46:07,33100.0,22000,Buy,225563588
2024-07-23 10:46:35,33100.0,1900,Buy,225563931
2024-07-23 10:47:14,33100.0,5000,Buy,225564513
2024-07-23 10:47:32,33100.0,900,Buy,225564753
2024-07-23 10:47:32,33100.0,4800,Buy,225564764
2024-07-23 10:47:46,33100.0,200,Buy,225564934
2024-07-23 10:48:07,33100.0,3500,Buy,225565152
2024-07-23 10:48:24,33100.0,400,Buy,225565477
2024-07-23 10:48:35,33100.0,900,Buy,225565582
2024-07-23 10:49:10,33100.0,9100,Buy,225566041
2024-07-23 10:50:35,33200.0,100,Buy,225567117
2024-07-23 10:51:26,33100.0,1000,Sell,225567737
2024-07-23 10:52:32,33100.0,200,Sell,225568552
2024-07-23 10:52:51,33200.0,1000,Buy,225568729
2024-07-23 10:54:07,33200.0,600,Buy,225569772
2024-07-23 10:54:58,33200.0,10000,Buy,225570466
2024-07-23 10:55:07,33200.0,12000,Buy,225570551
2024-07-23 10:55:11,33200.0,3400,Buy,225570591
2024-07-23 10:55:19,33200.0,10000,Buy,225570665
2024-07-23 10:55:28,33200.0,10000,Buy,225570804
2024-07-23 10:55:39,33200.0,10000,Buy,225570924
2024-07-23 10:55:40,33200.0,4800,Buy,225570937
2024-07-23 10:57:04,33200.0,400,Sell,225571964
2024-07-23 10:57:10,33300.0,12000,Buy,225572010
2024-07-23 10:58:40,33200.0,300,Sell,225573057
2024-07-23 10:59:43,33200.0,1000,Sell,225573965
2024-07-23 11:00:01,33300.0,100,Buy,225574176
2024-07-23 11:01:40,33300.0,2000,Buy,225575248
2024-07-23 11:01:42,33200.0,1400,Sell,225575260
2024-07-23 11:01:58,33200.0,100,Sell,225575492
2024-07-23 11:02:32,33200.0,700,Sell,225575920
2024-07-23 11:03:21,33200.0,500,Sell,225576551
2024-07-23 11:03:25,33300.0,400,Buy,225576649
2024-07-23 11:06:03,33300.0,5000,Buy,225578805
2024-07-23 11:07:05,33200.0,2000,Sell,225579464
2024-07-23 11:08:22,33200.0,1000,Sell,225580433
2024-07-23 11:09:19,33200.0,1000,Sell,225581106
2024-07-23 11:09:44,33200.0,200,Sell,225581381
2024-07-23 11:09:49,33200.0,100,Sell,225581426
2024-07-23 11:09:57,33200.0,400,Sell,225581533
2024-07-23 11:10:11,33300.0,200,Buy,225581681
2024-07-23 11:11:56,33300.0,1000,Buy,225583053
2024-07-23 11:12:07,33300.0,500,Buy,225583153
2024-07-23 11:13:05,33300.0,30000,Buy,225583768
2024-07-23 11:13:23,33300.0,1100,Buy,225583993
2024-07-23 11:13:56,33300.0,1000,Buy,225584575
2024-07-23 11:13:58,33300.0,500,Buy,225584594
2024-07-23 11:14:06,33300.0,100,Buy,225584683
2024-07-23 11:15:37,33300.0,1000,Buy,225585921
2024-07-23 11:15:40,33300.0,1000,Buy,225585945
2024-07-23 11:16:45,33300.0,300,Buy,225586744
2024-07-23 11:18:00,33300.0,400,Buy,225587617
2024-07-23 11:18:26,33300.0,500,Buy,225587849
2024-07-23 11:19:00,33200.0,5000,Sell,225588288
2024-07-23 11:19:37,33200.0,1000,Sell,225588736
2024-07-23 11:20:45,33200.0,5000,Sell,225589604
2024-07-23 11:20:47,33200.0,1000,Sell,225589614
2024-07-23 11:21:08,33200.0,400,Sell,225589868
2024-07-23 11:23:52,33200.0,5000,Sell,225591840
2024-07-23 11:24:00,33200.0,2000,Sell,225591999
2024-07-23 11:25:26,33200.0,2000,Sell,225593365
2024-07-23 11:28:05,33300.0,8800,Buy,225595765
2024-07-23 11:29:51,33300.0,1600,Sell,225597436
2024-07-23 13:00:08,33300.0,13000,Sell,225599677
2024-07-23 13:00:10,33300.0,11000,Buy,225600174
2024-07-23 13:00:12,33300.0,500,Buy,225600467
2024-07-23 13:00:14,33300.0,100,Buy,225600748
2024-07-23 13:00:15,33200.0,1300,Sell,225600867
2024-07-23 13:00:27,33200.0,1000,Sell,225601631
2024-07-23 13:00:35,33300.0,300,Buy,225601799
2024-07-23 13:00:49,33200.0,500,Sell,225602088
2024-07-23 13:00:50,33200.0,100,Sell,225602109
2024-07-23 13:01:02,33200.0,3000,Sell,225602382
2024-07-23 13:01:23,33200.0,13000,Sell,225602990
2024-07-23 13:01:26,33200.0,9000,Sell,225603052
2024-07-23 13:01:31,33200.0,300,Sell,225603289
2024-07-23 13:01:33,33200.0,500,Sell,225603316
2024-07-23 13:01:51,33200.0,100,Sell,225603731
2024-07-23 13:01:57,33200.0,2900,Buy,225603794
2024-07-23 13:02:08,33200.0,600,Buy,225604075
2024-07-23 13:02:22,33200.0,100,Buy,225604298
2024-07-23 13:02:23,33200.0,200,Buy,225604326
2024-07-23 13:02:32,33200.0,900,Buy,225604487
2024-07-23 13:02:42,33100.0,5000,Sell,225604684
2024-07-23 13:02:56,33100.0,100,Sell,225605001
2024-07-23 13:03:03,33100.0,3000,Sell,225605196
2024-07-23 13:03:05,33100.0,300,Sell,225605247
2024-07-23 13:03:21,33100.0,1200,Sell,225605537
2024-07-23 13:03:26,33100.0,2000,Sell,225605600
2024-07-23 13:03:57,33100.0,3000,Sell,225606475
2024-07-23 13:04:07,33100.0,1000,Sell,225606735
2024-07-23 13:04:33,33100.0,500,Sell,225607316
2024-07-23 13:04:41,33100.0,400,Sell,225607462
2024-07-23 13:04:49,33100.0,800,Sell,225607637
2024-07-23 13:05:29,33200.0,500,Buy,225608528
2024-07-23 13:05:36,33200.0,100,Buy,225608654
2024-07-23 13:05:49,33100.0,2000,Sell,225608933
2024-07-23 13:05:52,33200.0,100,Buy,225609005
2024-07-23 13:06:04,33200.0,6600,Buy,225609351
2024-07-23 13:06:11,33200.0,100,Buy,225609561
2024-07-23 13:06:26,33200.0,1400,Buy,225609813
2024-07-23 13:06:44,33200.0,500,Buy,225610200
2024-07-23 13:07:00,33100.0,1900,Sell,225610637
2024-07-23 13:07:15,33200.0,13000,Sell,225610856
2024-07-23 13:07:21,33200.0,100,Sell,225610936
2024-07-23 13:07:36,33300.0,5000,Buy,225611233
2024-07-23 13:07:37,33200.0,600,Sell,225611250
2024-07-23 13:08:01,33200.0,1000,Sell,225611809
2024-07-23 13:08:08,33200.0,1000,Sell,225612019
2024-07-23 13:08:36,33200.0,1000,Sell,225612733
2024-07-23 13:08:42,33200.0,300,Sell,225612922
2024-07-23 13:09:20,33200.0,5000,Sell,225613779
2024-07-23 13:09:26,33200.0,300,Sell,225614061
2024-07-23 13:09:27,33200.0,12500,Sell,225614096
2024-07-23 13:09:31,33200.0,2100,Buy,225614230
2024-07-23 13:09:59,33200.0,600,Buy,225614697
2024-07-23 13:10:04,33200.0,400,Buy,225614789
2024-07-23 13:10:31,33200.0,200,Buy,225615280
2024-07-23 13:10:54,33200.0,100,Buy,225615846
2024-07-23 13:11:59,33200.0,1000,Buy,225617433
2024-07-23 13:12:19,33200.0,300,Buy,225617799
2024-07-23 13:12:46,33200.0,800,Buy,225618440
2024-07-23 13:13:03,33100.0,900,Sell,225618812
2024-07-23 13:13:12,33200.0,100,Buy,225618999
2024-07-23 13:13:31,33100.0,3000,Sell,225619440
2024-07-23 13:13:48,33100.0,300,Sell,225619808
2024-07-23 13:13:49,33100.0,100,Sell,225619828
2024-07-23 13:14:58,33100.0,5000,Sell,225621735
2024-07-23 13:15:21,33100.0,1000,Sell,225622434
2024-07-23 13:15:37,33100.0,1000,Sell,225622872
2024-07-23 13:16:05,33100.0,5000,Sell,225623352
2024-07-23 13:16:11,33100.0,2500,Sell,225623448
2024-07-23 13:16:29,33100.0,4400,Sell,225623827
2024-07-23 13:16:33,33200.0,4000,Buy,225623959
2024-07-23 13:16:34,33200.0,2000,Buy,225623992
2024-07-23 13:16:45,33200.0,200,Buy,225624268
2024-07-23 13:16:57,33100.0,200,Sell,225624499
2024-07-23 13:17:09,33100.0,100,Sell,225624788
2024-07-23 13:17:28,33100.0,2500,Sell,225625243
2024-07-23 13:17:35,33100.0,100,Sell,225625376
2024-07-23 13:17:40,33100.0,5000,Sell,225625489
2024-07-23 13:17:45,33100.0,200,Sell,225625599
2024-07-23 13:17:49,33100.0,500,Sell,225625688
2024-07-23 13:17:53,33100.0,42000,Sell,225625853
2024-07-23 13:17:53,33100.0,9300,Sell,225625866
2024-07-23 13:18:29,33000.0,200,Sell,225626707
2024-07-23 13:18:30,33000.0,300,Sell,225626724
2024-07-23 13:18:39,33000.0,1100,Sell,225626952
2024-07-23 13:18:44,33000.0,2000,Sell,225627071
2024-07-23 13:18:50,33100.0,100,Buy,225627148
2024-07-23 13:19:03,33100.0,2900,Sell,225627535
2024-07-23 13:19:04,33100.0,1000,Sell,225627549
2024-07-23 13:19:15,33100.0,6500,Sell,225627812
2024-07-23 13:19:29,33100.0,100,Sell,225628197
2024-07-23 13:19:41,33100.0,15500,Sell,225628498
2024-07-23 13:19:49,33100.0,3000,Sell,225628665
2024-07-23 13:20:13,33100.0,500,Sell,225629269
2024-07-23 13:20:23,33100.0,300,Sell,225629501
2024-07-23 13:20:41,33100.0,1000,Sell,225629882
2024-07-23 13:20:47,33200.0,500,Buy,225629989
2024-07-23 13:21:13,33100.0,4000,Sell,225630576
2024-07-23 13:21:23,33100.0,1000,Sell,225630844
2024-07-23 13:21:27,33100.0,200,Sell,225630926
2024-07-23 13:21:28,33100.0,1000,Sell,225630939
2024-07-23 13:21:34,33100.0,1500,Sell,225631082
2024-07-23 13:21:37,33100.0,1000,Sell,225631153
2024-07-23 13:21:42,33100.0,600,Sell,225631303
2024-07-23 13:22:30,33100.0,100,Sell,225632421
2024-07-23 13:22:52,33100.0,400,Sell,225632806
2024-07-23 13:23:31,33100.0,1000,Sell,225633571
2024-07-23 13:23:42,33100.0,2000,Sell,225633731
2024-07-23 13:23:44,33100.0,1000,Sell,225633757
2024-07-23 13:24:40,33100.0,19900,Sell,225634846
2024-07-23 13:24:50,33100.0,2000,Sell,225635062
2024-07-23 13:24:57,33100.0,500,Sell,225635234
2024-07-23 13:24:59,33100.0,1000,Sell,225635272
2024-07-23 13:25:03,33100.0,5000,Sell,225635351
2024-07-23 13:25:07,33200.0,1000,Buy,225635449
2024-07-23 13:25:10,33100.0,1000,Sell,225635506
2024-07-23 13:25:17,33100.0,100,Sell,225635714
2024-07-23 13:25:18,33100.0,1000,Sell,225635750
2024-07-23 13:25:24,33100.0,2000,Sell,225635973
2024-07-23 13:25:27,33100.0,2600,Sell,225636047
2024-07-23 13:25:28,33100.0,400,Buy,225636061
2024-07-23 13:25:39,33100.0,600,Sell,225636349
2024-07-23 13:25:58,33000.0,1200,Sell,225636761
2024-07-23 13:26:08,33100.0,100,Buy,225636955
2024-07-23 13:26:21,33100.0,2000,Sell,225637406
2024-07-23 13:26:24,33100.0,200,Sell,225637443
2024-07-23 13:26:39,33100.0,100,Sell,225637993
2024-07-23 13:26:44,33100.0,1000,Sell,225638102
2024-07-23 13:26:56,33100.0,5000,Sell,225638301
2024-07-23 13:27:41,33100.0,1000,Sell,225639335
2024-07-23 13:28:45,33100.0,200,Sell,225640731
2024-07-23 13:29:11,33200.0,5000,Buy,225641230
2024-07-23 13:29:45,33200.0,20000,Buy,225642027
2024-07-23 13:29:51,33100.0,200,Sell,225642163
2024-07-23 13:29:57,33200.0,200,Buy,225642249
2024-07-23 13:30:24,33200.0,1000,Buy,225642898
2024-07-23 13:30:32,33200.0,100,Buy,225643122
2024-07-23 13:30:40,33200.0,400,Buy,225643275
2024-07-23 13:31:41,33100.0,200,Sell,225644948
2024-07-23 13:31:56,33100.0,23300,Sell,225645611
2024-07-23 13:32:06,33100.0,600,Sell,225645903
2024-07-23 13:32:07,33100.0,10000,Sell,225645935
2024-07-23 13:32:20,33100.0,300,Sell,225646444
2024-07-23 13:32:25,33100.0,500,Sell,225646628
2024-07-23 13:32:30,33100.0,5000,Sell,225646843
2024-07-23 13:32:32,33100.0,100,Sell,225646962
2024-07-23 13:32:37,33100.0,2000,Sell,225647089
2024-07-23 13:32:45,33100.0,400,Sell,225647428
2024-07-23 13:33:04,33000.0,50000,Sell,225648313
2024-07-23 13:33:18,33000.0,200,Sell,225648780
2024-07-23 13:33:20,33000.0,2500,Sell,225648834
2024-07-23 13:33:22,33000.0,56800,Sell,225648895
2024-07-23 13:33:24,33000.0,20000,Sell,225649021
2024-07-23 13:33:25,33000.0,10700,Sell,225649051
2024-07-23 13:33:43,33000.0,200,Buy,225650336
2024-07-23 13:33:44,33000.0,3900,Buy,225650367
2024-07-23 13:33:45,33000.0,10000,Buy,225650461
2024-07-23 13:34:01,33000.0,500,Buy,225651495
2024-07-23 13:34:02,33000.0,500,Sell,225651529
2024-07-23 13:34:17,33000.0,500,Buy,225652485
2024-07-23 13:34:22,33000.0,500,Buy,225652819
2024-07-23 13:34:25,32900.0,15000,Sell,225652966
2024-07-23 13:34:26,32800.0,11200,Sell,225652996
2024-07-23 13:34:27,32800.0,4500,Sell,225653157
2024-07-23 13:34:35,32800.0,2000,Sell,225654046
2024-07-23 13:34:39,32800.0,1100,Sell,225654328
2024-07-23 13:34:45,32800.0,22000,Sell,225654809
2024-07-23 13:34:48,32800.0,15600,Sell,225654949
2024-07-23 13:34:49,32800.0,100,Buy,225655052
2024-07-23 13:34:52,32800.0,4100,Buy,225655242
2024-07-23 13:34:53,32700.0,8000,Buy,225655374
2024-07-23 13:34:54,32600.0,1000,Sell,225655444
2024-07-23 13:34:55,32600.0,400,Sell,225655525
2024-07-23 13:34:56,32600.0,6500,Sell,225655587
2024-07-23 13:34:57,32500.0,8000,Sell,225655650
2024-07-23 13:34:58,32500.0,9100,Sell,225655720
2024-07-23 13:34:59,32600.0,5100,Buy,225655830
2024-07-23 13:35:03,32600.0,11600,Buy,225656053
2024-07-23 13:35:04,32600.0,100,Buy,225656153
2024-07-23 13:35:07,32600.0,1000,Buy,225656315
2024-07-23 13:35:16,32600.0,700,Buy,225656925
2024-07-23 13:35:17,32500.0,24300,Sell,225656975
2024-07-23 13:35:23,32500.0,2100,Buy,225657357
2024-07-23 13:35:25,32500.0,4000,Buy,225657482
2024-07-23 13:35:26,32400.0,1100,Sell,225657549
2024-07-23 13:35:27,32400.0,2500,Sell,225657611
2024-07-23 13:35:33,32300.0,2000,Sell,225658148
2024-07-23 13:35:34,32400.0,1600,Buy,225658300
2024-07-23 13:35:35,32400.0,8400,Sell,225658345
2024-07-23 13:35:40,32300.0,3000,Sell,225658708
2024-07-23 13:35:42,32400.0,5000,Buy,225658838
2024-07-23 13:35:46,32300.0,100,Sell,225659051
2024-07-23 13:35:57,32300.0,2000,Sell,225659722
2024-07-23 13:35:58,32300.0,500,Sell,225659760
2024-07-23 13:35:59,32300.0,3000,Sell,225659873
2024-07-23 13:36:00,32300.0,1500,Sell,225659909
2024-07-23 13:36:01,32400.0,1200,Buy,225659964
2024-07-23 13:36:02,32300.0,2000,Sell,225660063
2024-07-23 13:36:16,32300.0,1000,Sell,225660835
2024-07-23 13:36:25,32300.0,1000,Sell,225661710
2024-07-23 13:36:27,32400.0,10000,Buy,225661818
2024-07-23 13:36:29,32400.0,800,Buy,225661899
2024-07-23 13:36:30,32400.0,1200,Buy,225661944
2024-07-23 13:36:31,32300.0,15000,Sell,225662039
2024-07-23 13:36:33,32400.0,300,Sell,225662172
2024-07-23 13:36:34,32400.0,1200,Sell,225662216
2024-07-23 13:36:46,32200.0,92600,Sell,225662752
2024-07-23 13:36:48,32100.0,3400,Sell,225662821
2024-07-23 13:36:49,32200.0,1800,Buy,225662887
2024-07-23 13:36:50,32200.0,800,Buy,225662949
2024-07-23 13:36:56,32200.0,11000,Buy,225663228
2024-07-23 13:36:58,32200.0,100,Buy,225663316
2024-07-23 13:37:00,32200.0,500,Buy,225663481
2024-07-23 13:37:02,32200.0,100,Buy,225663553
2024-07-23 13:37:03,32200.0,100,Buy,225663591
2024-07-23 13:37:05,32200.0,1800,Buy,225663785
2024-07-23 13:37:08,32200.0,300,Buy,225663938
2024-07-23 13:37:10,32200.0,100,Buy,225664032
2024-07-23 13:37:13,32200.0,5000,Buy,225664174
2024-07-23 13:37:14,32200.0,100,Buy,225664195
2024-07-23 13:37:15,32200.0,5100,Buy,225664240
2024-07-23 13:37:16,32300.0,1000,Buy,225664306
2024-07-23 13:37:20,32200.0,500,Sell,225664465
2024-07-23 13:37:21,32300.0,1300,Buy,225664492
2024-07-23 13:37:26,32200.0,500,Sell,225664758
2024-07-23 13:37:31,32200.0,4600,Sell,225664943
2024-07-23 13:37:34,32300.0,1000,Buy,225665048
2024-07-23 13:37:40,32300.0,1500,Sell,225665300
2024-07-23 13:37:42,32400.0,3500,Buy,225665371
2024-07-23 13:37:44,32300.0,500,Sell,225665452
2024-07-23 13:37:45,32300.0,400,Sell,225665487
2024-07-23 13:37:59,32400.0,100,Buy,225666141
2024-07-23 13:38:01,32400.0,1500,Buy,225666276
2024-07-23 13:38:09,32400.0,1000,Buy,225666621
2024-07-23 13:38:10,32300.0,4100,Sell,225666662
2024-07-23 13:38:13,32400.0,1400,Buy,225666818
2024-07-23 13:38:14,32400.0,5100,Buy,225666858
2024-07-23 13:38:16,32500.0,1200,Buy,225666921
2024-07-23 13:38:17,32500.0,900,Buy,225666946
2024-07-23 13:38:18,32500.0,200,Buy,225666975
2024-07-23 13:38:24,32500.0,1000,Buy,225667244
2024-07-23 13:38:25,32400.0,1100,Sell,225667275
2024-07-23 13:38:28,32500.0,4600,Buy,225667413
2024-07-23 13:38:29,32500.0,2100,Buy,225667440
2024-07-23 13:38:30,32400.0,2000,Sell,225667462
2024-07-23 13:38:33,32500.0,100,Buy,225667550
2024-07-23 13:38:35,32500.0,200,Buy,225667600
2024-07-23 13:38:36,32500.0,300,Buy,225667615
2024-07-23 13:38:37,32500.0,1000,Buy,225667644
2024-07-23 13:38:38,32500.0,1000,Buy,225667682
2024-07-23 13:38:39,32500.0,200,Buy,225667776
2024-07-23 13:38:40,32500.0,300,Buy,225667831
2024-07-23 13:38:41,32500.0,1100,Buy,225667875
2024-07-23 13:39:22,32500.0,100,Sell,225669320
2024-07-23 13:39:23,32600.0,100,Buy,225669372
2024-07-23 13:39:24,32600.0,500,Buy,225669427
2024-07-23 13:39:27,32600.0,500,Buy,225669514
2024-07-23 13:39:30,32600.0,8000,Buy,225669575
2024-07-23 13:39:41,32600.0,1000,Buy,225669936
2024-07-23 13:39:46,32600.0,9000,Buy,225670092
2024-07-23 13:39:48,32600.0,2000,Buy,225670144
2024-07-23 13:39:52,32600.0,800,Buy,225670252
2024-07-23 13:39:53,32600.0,100,Buy,225670310
2024-07-23 13:39:58,32600.0,100,Buy,225670447
2024-07-23 13:39:59,32600.0,5000,Buy,225670470
2024-07-23 13:40:01,32600.0,900,Buy,225670553
2024-07-23 13:40:02,32600.0,400,Buy,225670572
2024-07-23 13:40:11,32600.0,500,Sell,225670900
2024-07-23 13:40:26,32600.0,3000,Sell,225671389
2024-07-23 13:40:31,32700.0,100,Buy,225671535
2024-07-23 13:40:36,32700.0,1000,Buy,225671683
2024-07-23 13:40:37,32600.0,200,Sell,225671712
2024-07-23 13:40:44,32700.0,400,Buy,225671849
2024-07-23 13:40:46,32700.0,200,Sell,225671892
2024-07-23 13:41:00,32700.0,700,Buy,225672238
2024-07-23 13:41:05,32700.0,100,Buy,225672346
2024-07-23 13:41:13,32700.0,100,Buy,225672588
2024-07-23 13:41:14,32700.0,2100,Buy,225672608
2024-07-23 13:41:19,32700.0,3000,Buy,225672792
2024-07-23 13:41:20,32600.0,5100,Sell,225672822
2024-07-23 13:41:22,32700.0,100,Buy,225672870
2024-07-23 13:41:25,32500.0,5000,Sell,225672994
2024-07-23 13:41:26,32500.0,3000,Sell,225673018
2024-07-23 13:41:33,32600.0,2000,Sell,225673200
2024-07-23 13:41:44,32600.0,700,Buy,225673545
2024-07-23 13:41:46,32600.0,300,Sell,225673606
2024-07-23 13:41:50,32500.0,35000,Sell,225673710
2024-07-23 13:41:53,32500.0,2000,Buy,225673778
2024-07-23 13:41:56,32500.0,1000,Buy,225673890
2024-07-23 13:42:09,32400.0,1500,Sell,225674223
2024-07-23 13:42:16,32500.0,2000,Buy,225674427
2024-07-23 13:42:20,32500.0,600,Buy,225674485
2024-07-23 13:42:28,32500.0,1000,Buy,225674654
2024-07-23 13:42:29,32500.0,2800,Buy,225674681
2024-07-23 13:42:31,32500.0,5600,Buy,225674729
2024-07-23 13:42:35,32500.0,1600,Sell,225674815
2024-07-23 13:42:36,32500.0,500,Buy,225674830
2024-07-23 13:42:44,32500.0,1000,Buy,225675004
2024-07-23 13:42:59,32500.0,500,Buy,225675388
2024-07-23 13:43:11,32500.0,100,Buy,225675705
2024-07-23 13:43:12,32500.0,2000,Buy,225675734
2024-07-23 13:43:16,32500.0,100,Buy,225675837
2024-07-23 13:43:19,32500.0,1000,Buy,225675994
2024-07-23 13:43:24,32400.0,100,Sell,225676090
2024-07-23 13:43:25,32400.0,600,Sell,225676157
2024-07-23 13:43:28,32400.0,1000,Sell,225676220
2024-07-23 13:43:33,32400.0,300,Sell,225676332
2024-07-23 13:43:40,32500.0,100,Buy,225676546
2024-07-23 13:43:41,32400.0,500,Sell,225676616
2024-07-23 13:43:50,32400.0,2600,Sell,225676815
2024-07-23 13:43:55,32400.0,100,Sell,225676892
2024-07-23 13:44:04,32500.0,200,Buy,225677144
2024-07-23 13:44:07,32500.0,200,Buy,225677190
2024-07-23 13:44:08,32400.0,30300,Sell,225677210
2024-07-23 13:44:10,32500.0,1000,Buy,225677264
2024-07-23 13:44:22,32500.0,2000,Buy,225677773
2024-07-23 13:44:28,32500.0,6900,Buy,225677950
2024-07-23 13:44:29,32500.0,100,Buy,225678016
2024-07-23 13:44:30,32500.0,100,Buy,225678042
2024-07-23 13:44:31,32400.0,200,Sell,225678090
2024-07-23 13:44:32,32400.0,1000,Sell,225678137
2024-07-23 13:44:34,32400.0,2000,Sell,225678214
2024-07-23 13:44:36,32400.0,3800,Sell,225678247
2024-07-23 13:44:38,32300.0,100,Sell,225678303
2024-07-23 13:44:40,32400.0,3400,Buy,225678415
2024-07-23 13:44:51,32300.0,800,Sell,225678867
2024-07-23 13:44:53,32400.0,1400,Buy,225678900
2024-07-23 13:44:55,32400.0,5000,Buy,225678982
2024-07-23 13:44:57,32400.0,500,Buy,225679091
2024-07-23 13:45:02,32400.0,300,Buy,225679235
2024-07-23 13:45:07,32300.0,1200,Sell,225679377
2024-07-23 13:45:10,32300.0,4400,Sell,225679468
2024-07-23 13:45:11,32300.0,200,Sell,225679545
2024-07-23 13:45:11,32300.0,18200,Sell,225679576
2024-07-23 13:45:12,32300.0,200,Buy,225679668
2024-07-23 13:45:16,32300.0,1000,Buy,225679881
2024-07-23 13:45:17,32300.0,1500,Buy,225679932
2024-07-23 13:45:19,32300.0,21800,Sell,225680018
2024-07-23 13:45:24,32300.0,1000,Buy,225680187
2024-07-23 13:45:31,32300.0,100,Buy,225680470
2024-07-23 13:45:32,32300.0,500,Buy,225680488
2024-07-23 13:45:33,32100.0,60000,Sell,225680526
2024-07-23 13:45:39,32300.0,100,Buy,225680818
2024-07-23 13:45:39,32200.0,1000,Buy,225680844
2024-07-23 13:45:40,32200.0,300,Buy,225680872
2024-07-23 13:45:42,32100.0,1200,Sell,225680914
2024-07-23 13:45:47,32200.0,500,Buy,225681331
2024-07-23 13:45:48,32100.0,4000,Sell,225681389
2024-07-23 13:45:49,32100.0,700,Sell,225681418
2024-07-23 13:45:51,32100.0,4800,Sell,225681472
2024-07-23 13:45:53,32200.0,200,Buy,225681584
2024-07-23 13:45:54,32200.0,100,Buy,225681642
2024-07-23 13:45:55,32200.0,800,Buy,225681702
2024-07-23 13:45:56,32200.0,100,Buy,225681749
2024-07-23 13:45:57,32200.0,200,Sell,225681776
2024-07-23 13:45:58,32000.0,90000,Sell,225681870
2024-07-23 13:45:59,32200.0,11600,Sell,225681921
2024-07-23 13:46:00,32000.0,3000,Sell,225681958
2024-07-23 13:46:02,32100.0,1100,Buy,225682077
2024-07-23 13:46:07,32100.0,9700,Buy,225682396
2024-07-23 13:46:08,32100.0,3000,Sell,225682471
2024-07-23 13:46:13,32100.0,2000,Sell,225682630
2024-07-23 13:46:17,32200.0,100,Buy,225682899
2024-07-23 13:46:18,32100.0,5500,Sell,225682927
2024-07-23 13:46:19,32100.0,1000,Sell,225682960
2024-07-23 13:46:19,32100.0,2300,Sell,225682998
2024-07-23 13:46:21,32100.0,1300,Buy,225683038
2024-07-23 13:46:22,32100.0,200,Buy,225683072
2024-07-23 13:46:25,32100.0,1100,Buy,225683224
2024-07-23 13:46:27,32100.0,500,Buy,225683347
2024-07-23 13:46:31,32100.0,200,Buy,225683581
2024-07-23 13:46:32,32000.0,800,Sell,225683639
2024-07-23 13:46:35,32000.0,25800,Sell,225683814
2024-07-23 13:46:35,32000.0,100,Buy,225683848
2024-07-23 13:46:38,32000.0,100,Buy,225683972
2024-07-23 13:46:39,32000.0,1000,Buy,225684016
2024-07-23 13:46:40,32000.0,500,Buy,225684103
2024-07-23 13:46:41,32000.0,10000,Buy,225684187
2024-07-23 13:46:42,32000.0,100,Buy,225684239
2024-07-23 13:46:43,31900.0,1000,Sell,225684335
2024-07-23 13:46:45,31900.0,1200,Sell,225684535
2024-07-23 13:46:46,32000.0,700,Buy,225684565
2024-07-23 13:46:47,32000.0,200,Buy,225684641
2024-07-23 13:46:48,31900.0,4500,Sell,225684689
2024-07-23 13:46:49,31900.0,5800,Sell,225684724
2024-07-23 13:46:52,31900.0,300,Buy,225685050
2024-07-23 13:46:53,31900.0,500,Buy,225685080
2024-07-23 13:46:54,31900.0,1500,Buy,225685149
2024-07-23 13:46:55,31900.0,100,Buy,225685210
2024-07-23 13:46:56,31900.0,400,Buy,225685278
2024-07-23 13:46:57,31900.0,900,Buy,225685357
2024-07-23 13:46:59,31800.0,500,Sell,225685521
2024-07-23 13:47:01,31800.0,11000,Sell,225685645
2024-07-23 13:47:08,31800.0,1000,Sell,225686452
2024-07-23 13:47:11,31800.0,1200,Sell,225686752
2024-07-23 13:47:15,31800.0,3700,Sell,225687076
2024-07-23 13:47:16,31900.0,15100,Buy,225687185
2024-07-23 13:47:17,31900.0,12500,ATO/ATC,225687284
2024-07-23 13:47:21,31900.0,1000,Sell,225687514
2024-07-23 13:47:23,31900.0,500,Sell,225687779
2024-07-23 13:47:28,31900.0,2100,Sell,225688082
2024-07-23 13:47:32,31900.0,500,Sell,225688322
2024-07-23 13:47:38,31900.0,3000,Sell,225688663
2024-07-23 13:47:42,32000.0,2500,Buy,225688817
2024-07-23 13:47:43,31900.0,2000,Sell,225688883
2024-07-23 13:47:45,31900.0,1000,Sell,225688974
2024-07-23 13:47:46,31900.0,1900,Sell,225689019
2024-07-23 13:47:47,31900.0,2200,Sell,225689138
2024-07-23 13:47:48,31900.0,1500,Sell,225689177
2024-07-23 13:47:49,31900.0,1100,Sell,225689225
2024-07-23 13:47:50,31900.0,500,Sell,225689299
2024-07-23 13:47:51,31900.0,500,Sell,225689330
2024-07-23 13:47:52,32000.0,1300,Buy,225689395
2024-07-23 13:47:53,31900.0,2500,Sell,225689442
2024-07-23 13:47:54,31900.0,7200,Sell,225689526
2024-07-23 13:47:56,31900.0,200,Sell,225689642
2024-07-23 13:48:05,31900.0,1300,Sell,225690125
2024-07-23 13:48:12,31900.0,16700,Sell,225690459
2024-07-23 13:48:13,31900.0,200,Sell,225690552
2024-07-23 13:48:17,31900.0,2800,Sell,225690768
2024-07-23 13:48:18,31900.0,20200,Sell,225690868
2024-07-23 13:48:20,31900.0,2600,Sell,225690973
2024-07-23 13:48:22,31900.0,1300,Buy,225691177
2024-07-23 13:48:23,31900.0,200,Buy,225691218
2024-07-23 13:48:24,31900.0,200,Buy,225691316
2024-07-23 13:48:25,31900.0,800,Buy,225691387
2024-07-23 13:48:28,31900.0,300,Buy,225691546
2024-07-23 13:48:29,31900.0,1600,Buy,225691613
2024-07-23 13:48:34,32000.0,35000,Buy,225691909
2024-07-23 13:48:35,31900.0,200,Buy,225691937
2024-07-23 13:48:42,31900.0,1500,Buy,225692274
2024-07-23 13:48:45,31800.0,1000,Sell,225692415
2024-07-23 13:48:47,31900.0,600,Buy,225692574
2024-07-23 13:48:49,31900.0,13400,Buy,225692680
2024-07-23 13:48:51,31900.0,2500,Buy,225692787
2024-07-23 13:48:55,31900.0,200,Buy,225692966
2024-07-23 13:48:57,31900.0,10000,Buy,225693037
2024-07-23 13:49:00,31900.0,1000,Buy,225693225
2024-07-23 13:49:01,31900.0,5500,Buy,225693286
2024-07-23 13:49:03,31900.0,2200,Buy,225693467
2024-07-23 13:49:08,31900.0,1600,Sell,225693770
2024-07-23 13:49:10,31900.0,100,Sell,225693862
2024-07-23 13:49:11,31900.0,1700,Sell,225693914
2024-07-23 13:49:17,32000.0,1100,Buy,225694170
2024-07-23 13:49:18,31900.0,7000,Sell,225694213
2024-07-23 13:49:19,31900.0,300,Sell,225694252
2024-07-23 13:49:22,31900.0,5000,Sell,225694385
2024-07-23 13:49:23,31900.0,200,Sell,225694439
2024-07-23 13:49:28,31900.0,1000,Sell,225694656
2024-07-23 13:49:29,32000.0,500,Buy,225694718
2024-07-23 13:49:36,31900.0,1700,Sell,225695003
2024-07-23 13:49:38,31900.0,300,Sell,225695104
2024-07-23 13:49:39,32000.0,200,Buy,225695134
2024-07-23 13:49:40,31900.0,10000,Sell,225695177
2024-07-23 13:49:43,31900.0,300,Sell,225695291
2024-07-23 13:49:44,32000.0,2000,Buy,225695332
2024-07-23 13:49:46,31900.0,13300,Sell,225695410
2024-07-23 13:49:47,32000.0,100,Buy,225695449
2024-07-23 13:49:48,31900.0,900,Sell,225695517
2024-07-23 13:49:49,32000.0,200,Buy,225695557
2024-07-23 13:49:50,32000.0,400,Buy,225695586
2024-07-23 13:49:52,32000.0,100,Buy,225695703
2024-07-23 13:49:55,32000.0,12000,Buy,225695817
2024-07-23 13:50:02,32000.0,100,Buy,225696116
2024-07-23 13:50:04,32000.0,300,Buy,225696207
2024-07-23 13:50:07,32000.0,16200,Buy,225696363
2024-07-23 13:50:09,32000.0,700,Buy,225696444
2024-07-23 13:50:12,32000.0,5500,Buy,225696544
2024-07-23 13:50:13,32000.0,500,Buy,225696609
2024-07-23 13:50:15,31900.0,2000,Sell,225696658
2024-07-23 13:50:16,32000.0,14200,Buy,225696694
2024-07-23 13:50:18,32000.0,1100,Buy,225696750
2024-07-23 13:50:20,32000.0,24600,Buy,225696837
2024-07-23 13:50:21,32000.0,5000,Buy,225696865
2024-07-23 13:50:23,32000.0,10500,Buy,225696918
2024-07-23 13:50:24,32000.0,15500,Buy,225696993
2024-07-23 13:50:25,32000.0,4500,Buy,225697028
2024-07-23 13:50:26,32000.0,10100,Buy,225697086
2024-07-23 13:50:27,32000.0,30700,Buy,225697122
2024-07-23 13:50:28,32000.0,24400,Buy,225697150
2024-07-23 13:50:29,32000.0,17300,Buy,225697163
2024-07-23 13:50:30,32000.0,10300,Buy,225697192
2024-07-23 13:50:31,32000.0,9800,Buy,225697221
2024-07-23 13:50:32,32000.0,1200,Sell,225697253
2024-07-23 13:50:34,32000.0,100,Sell,225697308
2024-07-23 13:50:39,32000.0,3100,Sell,225697472
2024-07-23 13:50:43,32100.0,3000,Buy,225697586
2024-07-23 13:50:44,32100.0,1700,Buy,225697606
2024-07-23 13:50:47,32100.0,500,Buy,225697719
2024-07-23 13:50:48,32100.0,6200,Buy,225697741
2024-07-23 13:50:49,32100.0,2700,Sell,225697754
2024-07-23 13:50:52,32100.0,1700,Sell,225697829
2024-07-23 13:50:57,32200.0,500,Buy,225697993
2024-07-23 13:50:59,32200.0,500,Buy,225698073
2024-07-23 13:51:00,32200.0,300,Buy,225698109
2024-07-23 13:51:02,32200.0,900,Buy,225698145
2024-07-23 13:51:06,32200.0,300,Buy,225698258
2024-07-23 13:51:07,32200.0,100,Buy,225698293
2024-07-23 13:51:09,32200.0,200,Sell,225698346
2024-07-23 13:51:11,32300.0,8500,Buy,225698407
2024-07-23 13:51:17,32400.0,2000,Buy,225698571
2024-07-23 13:51:22,32300.0,200,Sell,225698734
2024-07-23 13:51:23,32400.0,300,Buy,225698762
2024-07-23 13:51:26,32400.0,11800,Buy,225698885
2024-07-23 13:51:29,32400.0,3000,Buy,225699010
2024-07-23 13:51:32,32400.0,200,Sell,225699101
2024-07-23 13:51:34,32400.0,100,Sell,225699136
2024-07-23 13:51:41,32400.0,1600,Sell,225699354
2024-07-23 13:51:51,32500.0,200,Sell,225699653
2024-07-23 13:51:58,32500.0,200,Buy,225699852
2024-07-23 13:52:03,32500.0,300,Sell,225699951
2024-07-23 13:52:04,32500.0,6400,Sell,225700018
2024-07-23 13:52:09,32500.0,1000,Sell,225700194
2024-07-23 13:52:11,32500.0,500,Sell,225700240
2024-07-23 13:52:14,32400.0,1000,Sell,225700350
2024-07-23 13:52:15,32500.0,100,Buy,225700377
2024-07-23 13:52:19,32400.0,10000,Sell,225700498
2024-07-23 13:52:32,32400.0,500,Sell,225700826
2024-07-23 13:52:34,32400.0,10000,Sell,225700904
2024-07-23 13:52:35,32400.0,14100,Sell,225700955
2024-07-23 13:52:36,32400.0,4000,Buy,225700982
2024-07-23 13:52:40,32400.0,1000,Buy,225701095
2024-07-23 13:52:52,32300.0,1200,Sell,225701461
2024-07-23 13:52:58,32200.0,2000,Sell,225701670
2024-07-23 13:53:08,32200.0,200,Sell,225701970
2024-07-23 13:53:09,32200.0,100,Sell,225702005
2024-07-23 13:53:11,32200.0,11000,Sell,225702072
2024-07-23 13:53:14,32200.0,500,Buy,225702145
2024-07-23 13:53:16,32200.0,200,Sell,225702251
2024-07-23 13:53:18,32200.0,400,Sell,225702377
2024-07-23 13:53:20,32200.0,900,Sell,225702436
2024-07-23 13:53:24,32100.0,800,Sell,225702573
2024-07-23 13:53:31,32100.0,1200,Sell,225702818
2024-07-23 13:53:38,32100.0,2700,Buy,225703095
2024-07-23 13:53:40,32100.0,10000,Buy,225703170
2024-07-23 13:53:41,32100.0,300,Buy,225703186
2024-07-23 13:53:42,32100.0,10000,Buy,225703229
2024-07-23 13:53:44,32100.0,3700,Buy,225703316
2024-07-23 13:53:49,32100.0,100,Buy,225703706
2024-07-23 13:53:50,32100.0,7800,Buy,225703792
2024-07-23 13:53:51,32100.0,100,Buy,225703806
2024-07-23 13:53:53,32000.0,500,Sell,225703901
2024-07-23 13:53:55,32000.0,2000,Sell,225703961
2024-07-23 13:54:12,32100.0,200,Buy,225704461
2024-07-23 13:54:19,32000.0,2600,Sell,225704741
2024-07-23 13:54:22,32000.0,10000,Sell,225704846
2024-07-23 13:54:24,32100.0,2100,Buy,225704915
2024-07-23 13:54:27,32000.0,4500,Sell,225705002
2024-07-23 13:54:30,32100.0,100,Buy,225705098
2024-07-23 13:54:33,32100.0,500,Buy,225705211
2024-07-23 13:54:36,32000.0,900,Sell,225705293
2024-07-23 13:54:39,32100.0,1000,Buy,225705397
2024-07-23 13:54:42,32100.0,1000,Buy,225705487
2024-07-23 13:54:44,32100.0,2000,Buy,225705601
2024-07-23 13:54:46,32000.0,600,Sell,225705663
2024-07-23 13:54:47,32100.0,2400,Buy,225705750
2024-07-23 13:54:53,32100.0,2900,Sell,225705978
2024-07-23 13:54:56,32100.0,500,Sell,225706057
2024-07-23 13:55:02,32200.0,5000,Buy,225706335
2024-07-23 13:55:06,32100.0,2100,Sell,225706461
2024-07-23 13:55:37,32100.0,10000,Sell,225707511
2024-07-23 13:55:38,32100.0,200,Sell,225707577
2024-07-23 13:55:43,32100.0,700,Sell,225707821
2024-07-23 13:55:44,32100.0,2000,Sell,225707845
2024-07-23 13:55:48,32100.0,1400,Sell,225708000
2024-07-23 13:55:52,32100.0,500,Sell,225708103
2024-07-23 13:55:58,32100.0,4200,Buy,225708366
2024-07-23 13:56:17,32100.0,20000,Buy,225709014
2024-07-23 13:56:19,32100.0,5000,Buy,225709077
2024-07-23 13:56:23,32000.0,500,Sell,225709202
2024-07-23 13:56:24,32100.0,1600,Buy,225709236
2024-07-23 13:56:29,32000.0,1200,Sell,225709414
2024-07-23 13:56:37,32100.0,22200,Buy,225709771
2024-07-23 13:56:45,32100.0,400,Buy,225710095
2024-07-23 13:56:52,32100.0,100,Buy,225710280
2024-07-23 13:56:54,32100.0,5000,Buy,225710415
2024-07-23 13:56:56,32000.0,700,Sell,225710480
2024-07-23 13:56:59,32100.0,100,Buy,225710572
2024-07-23 13:57:03,32100.0,1000,Buy,225710665
2024-07-23 13:57:18,32100.0,500,Buy,225711260
2024-07-23 13:57:22,32100.0,100,Buy,225711416
2024-07-23 13:57:24,32000.0,1000,Sell,225711466
2024-07-23 13:57:26,32000.0,500,Sell,225711541
2024-07-23 13:57:42,32000.0,1600,Sell,225712613
2024-07-23 13:57:50,32000.0,5100,Sell,225713130
2024-07-23 13:57:51,32000.0,10000,Sell,225713154
2024-07-23 13:57:54,32000.0,9300,Sell,225713331
2024-07-23 13:57:58,32000.0,10000,Sell,225713458
2024-07-23 13:57:59,32000.0,3000,Sell,225713476
2024-07-23 13:58:04,32000.0,200,Sell,225713673
2024-07-23 13:58:05,32000.0,9000,Sell,225713713
2024-07-23 13:58:07,32000.0,1100,Sell,225713782
2024-07-23 13:58:10,32000.0,1000,Sell,225713887
2024-07-23 13:58:11,32000.0,15000,Sell,225713958
2024-07-23 13:58:32,32000.0,100,Buy,225715109
2024-07-23 13:58:37,32000.0,200,Buy,225715301
2024-07-23 13:58:39,32000.0,500,Buy,225715399
2024-07-23 13:58:48,31900.0,700,Sell,225716032
2024-07-23 13:58:49,32000.0,1000,Buy,225716068
2024-07-23 13:58:53,32000.0,100,Buy,225716226
2024-07-23 13:58:54,32000.0,100,Buy,225716257
2024-07-23 13:58:56,31800.0,129400,Sell,225716354
2024-07-23 13:59:03,31800.0,100,Buy,225716747
2024-07-23 13:59:06,31700.0,1200,Sell,225716854
2024-07-23 13:59:10,31800.0,2100,Buy,225716969
2024-07-23 13:59:12,31700.0,200,Sell,225717077
2024-07-23 13:59:15,31700.0,9500,Sell,225717252
2024-07-23 13:59:17,31700.0,600,Sell,225717348
2024-07-23 13:59:19,31800.0,500,Buy,225717420
2024-07-23 13:59:20,31700.0,800,Sell,225717505
2024-07-23 13:59:30,31700.0,500,Sell,225718079
2024-07-23 13:59:32,31800.0,100,Buy,225718167
2024-07-23 13:59:36,31700.0,1000,Sell,225718388
2024-07-23 13:59:37,31800.0,600,Buy,225718451
2024-07-23 13:59:39,31800.0,300,Buy,225718527
2024-07-23 13:59:40,31800.0,5100,Buy,225718577
2024-07-23 13:59:41,31800.0,2000,Buy,225718616
2024-07-23 13:59:42,31700.0,2500,Sell,225718674
2024-07-23 13:59:43,31700.0,7000,Sell,225718766
2024-07-23 13:59:45,31800.0,4800,Sell,225718882
2024-07-23 13:59:49,31800.0,9500,Sell,225719077
2024-07-23 13:59:50,31800.0,11000,Sell,225719099
2024-07-23 13:59:51,31700.0,4000,Sell,225719126
2024-07-23 13:59:55,31800.0,400,Buy,225719278
2024-07-23 13:59:56,31800.0,3500,Buy,225719306
2024-07-23 13:59:57,31800.0,3100,Sell,225719344
2024-07-23 14:00:02,31800.0,800,Sell,225719528
2024-07-23 14:00:03,31800.0,100,Sell,225719585
2024-07-23 14:00:04,31900.0,3000,Buy,225719631
2024-07-23 14:00:09,31800.0,2000,Sell,225720045
2024-07-23 14:00:10,31800.0,300,Sell,225720127
2024-07-23 14:00:11,31900.0,100,Buy,225720183
2024-07-23 14:00:15,31800.0,5000,Sell,225720373
2024-07-23 14:00:20,31900.0,1000,Buy,225720599
2024-07-23 14:00:21,31800.0,1600,Sell,225720638
2024-07-23 14:00:23,31900.0,500,Buy,225720704
2024-07-23 14:00:28,31900.0,400,Buy,225721058
2024-07-23 14:00:29,31800.0,700,Sell,225721142
2024-07-23 14:00:32,31900.0,300,Buy,225721273
2024-07-23 14:00:36,31900.0,500,Buy,225721486
2024-07-23 14:00:37,31800.0,800,Sell,225721516
2024-07-23 14:00:38,31900.0,100,Buy,225721553
2024-07-23 14:00:43,31900.0,2000,Buy,225721782
2024-07-23 14:00:44,31900.0,100,Buy,225721825
2024-07-23 14:00:45,31900.0,300,Sell,225721860
2024-07-23 14:01:01,31900.0,1000,Sell,225722553
2024-07-23 14:01:04,32000.0,2700,Buy,225722696
2024-07-23 14:01:14,31900.0,1000,Sell,225723129
2024-07-23 14:01:24,32000.0,900,Buy,225723510
2024-07-23 14:01:25,32000.0,30400,Buy,225723556
2024-07-23 14:01:28,32000.0,3000,Buy,225723683
2024-07-23 14:01:29,32000.0,8100,Sell,225723707
2024-07-23 14:01:30,32000.0,1900,Sell,225723739
2024-07-23 14:01:31,32000.0,100,Buy,225723782
2024-07-23 14:01:36,32000.0,100,Sell,225723944
2024-07-23 14:01:37,32000.0,1000,Sell,225723976
2024-07-23 14:01:41,32000.0,2000,Sell,225724142
2024-07-23 14:01:50,32000.0,500,Sell,225724517
2024-07-23 14:01:58,32100.0,2000,Buy,225724865
2024-07-23 14:01:59,32000.0,100,Sell,225724959
2024-07-23 14:02:02,32100.0,12000,Buy,225725052
2024-07-23 14:02:04,32100.0,500,Buy,225725109
2024-07-23 14:02:05,32100.0,100,Buy,225725145
2024-07-23 14:02:11,32000.0,300,Sell,225725310
2024-07-23 14:02:16,32100.0,3600,Buy,225725449
2024-07-23 14:02:23,32100.0,2000,Sell,225725677
2024-07-23 14:02:25,32200.0,500,Buy,225725772
2024-07-23 14:02:34,32200.0,1200,Sell,225726093
2024-07-23 14:02:36,32200.0,200,Buy,225726168
2024-07-23 14:02:42,32200.0,200,Buy,225726334
2024-07-23 14:02:43,32200.0,100,Buy,225726356
2024-07-23 14:02:48,32200.0,100,Sell,225726510
2024-07-23 14:03:04,32200.0,300,Sell,225726971
2024-07-23 14:03:21,32200.0,700,Sell,225727469
2024-07-23 14:03:25,32200.0,500,Sell,225727660
2024-07-23 14:03:42,32200.0,5000,Sell,225728170
2024-07-23 14:03:55,32200.0,2000,ATO/ATC,225728494
2024-07-23 14:04:14,32200.0,10000,Sell,225728999
2024-07-23 14:04:21,32300.0,1000,Buy,225729116
2024-07-23 14:04:28,32200.0,2000,Sell,225729267
2024-07-23 14:04:38,32300.0,1600,Buy,225729521
2024-07-23 14:04:49,32300.0,100,Buy,225729825
2024-07-23 14:04:57,32300.0,200,Buy,225730057
2024-07-23 14:04:58,32300.0,5000,Buy,225730102
2024-07-23 14:05:02,32300.0,200,Buy,225730168
2024-07-23 14:05:04,32300.0,1700,Buy,225730219
2024-07-23 14:05:05,32300.0,500,Buy,225730244
2024-07-23 14:05:09,32300.0,100,Buy,225730326
2024-07-23 14:05:18,32300.0,2500,Sell,225730584
2024-07-23 14:05:26,32200.0,10000,Sell,225730805
2024-07-23 14:05:37,32300.0,500,Sell,225731111
2024-07-23 14:05:41,32300.0,200,Sell,225731220
2024-07-23 14:06:12,32300.0,900,Sell,225731964
2024-07-23 14:06:14,32300.0,700,Buy,225732012
2024-07-23 14:06:22,32300.0,300,ATO/ATC,225732198
2024-07-23 14:06:39,32300.0,300,Buy,225732715
2024-07-23 14:06:44,32300.0,1700,Sell,225732849
2024-07-23 14:06:58,32300.0,2000,Sell,225733215
2024-07-23 14:06:59,32300.0,400,Buy,225733239
2024-07-23 14:07:07,32300.0,200,ATO/ATC,225733460
2024-07-23 14:07:17,32300.0,100,Buy,225733703
2024-07-23 14:07:20,32400.0,1800,Buy,225733772
2024-07-23 14:07:42,32300.0,2700,Buy,225734303
2024-07-23 14:07:47,32300.0,100,Buy,225734445
2024-07-23 14:07:50,32300.0,600,Sell,225734538
2024-07-23 14:08:06,32400.0,1000,Buy,225734987
2024-07-23 14:08:10,32400.0,1000,Buy,225735078
2024-07-23 14:08:13,32400.0,200,Buy,225735142
2024-07-23 14:08:18,32400.0,600,Buy,225735286
2024-07-23 14:08:20,32400.0,100,Buy,225735354
2024-07-23 14:08:21,32400.0,100,Buy,225735371
2024-07-23 14:08:25,32400.0,1300,Buy,225735560
2024-07-23 14:08:26,32400.0,500,Buy,225735596
2024-07-23 14:08:30,32400.0,2300,Buy,225735757
2024-07-23 14:08:34,32400.0,6200,Sell,225735854
2024-07-23 14:08:45,32400.0,100,Sell,225736210
2024-07-23 14:09:07,32500.0,5000,Buy,225736928
2024-07-23 14:09:14,32500.0,10000,Buy,225737174
2024-07-23 14:09:23,32500.0,15000,Buy,225737439
2024-07-23 14:09:27,32500.0,1100,Buy,225737551
2024-07-23 14:09:47,32500.0,4300,Buy,225738106
2024-07-23 14:09:48,32500.0,700,Buy,225738139
2024-07-23 14:09:51,32500.0,500,Buy,225738194
2024-07-23 14:09:56,32500.0,6000,Sell,225738427
2024-07-23 14:09:59,32500.0,5000,Sell,225738523
2024-07-23 14:10:10,32500.0,100,Sell,225738912
2024-07-23 14:10:13,32600.0,10000,Buy,225738995
2024-07-23 14:10:19,32500.0,500,Sell,225739236
2024-07-23 14:10:21,32600.0,500,Sell,225739296
2024-07-23 14:10:22,32600.0,1500,ATO/ATC,225739320
2024-07-23 14:10:39,32700.0,20000,Buy,225739878
2024-07-23 14:10:40,32700.0,3000,Buy,225739891
2024-07-23 14:11:11,32600.0,3000,Sell,225740811
2024-07-23 14:11:12,32600.0,2000,Sell,225740844
2024-07-23 14:11:14,32700.0,4000,Buy,225740880
2024-07-23 14:11:28,32700.0,1600,Buy,225741322
2024-07-23 14:11:38,32600.0,7600,Sell,225741627
2024-07-23 14:12:12,32600.0,5000,Buy,225742566
2024-07-23 14:12:18,32600.0,100,Buy,225742751
2024-07-23 14:12:31,32600.0,100,Buy,225743070
2024-07-23 14:12:39,32600.0,3000,Buy,225743304
2024-07-23 14:13:02,32500.0,4100,Sell,225743945
2024-07-23 14:13:05,32500.0,1700,Sell,225744094
2024-07-23 14:13:10,32500.0,1000,Sell,225744203
2024-07-23 14:13:14,32500.0,5000,Sell,225744319
2024-07-23 14:13:15,32500.0,7900,Sell,225744368
2024-07-23 14:13:18,32500.0,5700,Buy,225744420
2024-07-23 14:13:21,32500.0,500,Buy,225744478
2024-07-23 14:13:30,32400.0,7100,Buy,225744733
2024-07-23 14:13:31,32400.0,200,Buy,225744754
2024-07-23 14:13:34,32400.0,500,Buy,225744862
2024-07-23 14:13:42,32400.0,200,Buy,225745148
2024-07-23 14:14:00,32300.0,100,Sell,225745683
2024-07-23 14:14:10,32400.0,100,Buy,225745946
2024-07-23 14:14:15,32400.0,10000,Buy,225746093
2024-07-23 14:14:16,32300.0,1000,Sell,225746105
2024-07-23 14:14:23,32300.0,100,Sell,225746306
2024-07-23 14:14:52,32400.0,1000,Buy,225747152
2024-07-23 14:15:12,32400.0,300,Buy,225747639
2024-07-23 14:15:15,32400.0,100,Buy,225747740
2024-07-23 14:15:16,32400.0,100,Buy,225747827
2024-07-23 14:15:19,32300.0,100,Sell,225747907
2024-07-23 14:15:25,32400.0,1000,Buy,225748113
2024-07-23 14:15:33,32400.0,100,Buy,225748559
2024-07-23 14:15:52,32400.0,3500,Buy,225749466
2024-07-23 14:15:54,32300.0,1000,Sell,225749548
2024-07-23 14:15:55,32300.0,100000,Sell,225749629
2024-07-23 14:16:04,32300.0,200,Sell,225749938
2024-07-23 14:16:06,32300.0,9400,Sell,225750017
2024-07-23 14:16:07,32300.0,9900,Buy,225750041
2024-07-23 14:16:12,32200.0,1000,Sell,225750305
2024-07-23 14:16:14,32300.0,100,Buy,225750404
2024-07-23 14:16:17,32200.0,12000,Sell,225750618
2024-07-23 14:16:20,32200.0,44700,Sell,225750841
2024-07-23 14:16:23,32200.0,600,Buy,225751036
2024-07-23 14:16:29,32100.0,12400,Sell,225751329
2024-07-23 14:16:31,32200.0,1000,Buy,225751385
2024-07-23 14:16:33,32100.0,11000,Sell,225751603
2024-07-23 14:16:34,32100.0,3400,Sell,225751695
2024-07-23 14:16:35,32100.0,100,Buy,225751744
2024-07-23 14:16:36,32000.0,7900,Sell,225751779
2024-07-23 14:16:38,32100.0,2100,Buy,225751978
2024-07-23 14:16:43,32000.0,13600,Buy,225752203
2024-07-23 14:16:48,32000.0,500,Buy,225752492
2024-07-23 14:16:50,32000.0,100,Buy,225752618
2024-07-23 14:16:55,32000.0,500,Buy,225753048
2024-07-23 14:16:56,31900.0,2900,Sell,225753149
2024-07-23 14:17:01,31900.0,1000,Sell,225753509
2024-07-23 14:17:04,31900.0,11000,Buy,225753858
2024-07-23 14:17:05,31900.0,13300,Buy,225754028
2024-07-23 14:17:08,31900.0,900,Buy,225754379
2024-07-23 14:17:11,31900.0,800,Buy,225754868
2024-07-23 14:17:15,31800.0,1900,Sell,225755290
2024-07-23 14:17:19,31800.0,200,Sell,225755713
2024-07-23 14:17:20,31800.0,30000,Sell,225755821
2024-07-23 14:17:23,31800.0,1700,Sell,225756106
2024-07-23 14:17:25,31900.0,900,Sell,225756382
2024-07-23 14:17:26,31800.0,3500,Sell,225756661
2024-07-23 14:17:27,31900.0,400,Sell,225756843
2024-07-23 14:17:29,31900.0,1000,Sell,225757089
2024-07-23 14:17:33,31900.0,500,Sell,225757392
2024-07-23 14:17:36,31900.0,200,Sell,225757725
2024-07-23 14:17:37,31900.0,4900,Sell,225757792
2024-07-23 14:17:38,31900.0,600,Sell,225758281
2024-07-23 14:17:40,31800.0,700,Sell,225758700
2024-07-23 14:17:46,31900.0,800,Buy,225759811
2024-07-23 14:17:49,31800.0,4900,Sell,225760408
2024-07-23 14:17:51,31900.0,500,Buy,225761176
2024-07-23 14:17:55,31800.0,3500,Sell,225762025
2024-07-23 14:17:56,31800.0,600,Sell,225762196
2024-07-23 14:17:58,31800.0,200,Sell,225762625
2024-07-23 14:18:00,31800.0,10000,Sell,225763285
2024-07-23 14:18:02,31800.0,39900,Buy,225763586
2024-07-23 14:18:03,31800.0,100,Sell,225763956
2024-07-23 14:18:05,31800.0,1500,Sell,225764289
2024-07-23 14:18:09,31800.0,4800,Buy,225764906
2024-07-23 14:18:12,31800.0,500,Buy,225765572
2024-07-23 14:18:16,31700.0,22300,Sell,225766377
2024-07-23 14:18:17,31800.0,4000,Buy,225766633
2024-07-23 14:18:18,31800.0,300,Buy,225766798
2024-07-23 14:18:22,31700.0,1500,Sell,225767415
2024-07-23 14:18:23,31700.0,19500,Sell,225767611
2024-07-23 14:18:27,31700.0,10000,Sell,225768519
2024-07-23 14:18:28,31700.0,2000,Sell,225768652
2024-07-23 14:18:29,31700.0,23200,Sell,225768728
2024-07-23 14:18:30,31700.0,2000,Sell,225768844
2024-07-23 14:18:31,31700.0,100,Sell,225769020
2024-07-23 14:18:33,31700.0,200,Buy,225769555
2024-07-23 14:18:34,31700.0,400,Buy,225769647
2024-07-23 14:18:35,31600.0,1500,Sell,225769779
2024-07-23 14:18:37,31600.0,9100,Sell,225770090
2024-07-23 14:18:39,31600.0,4500,Sell,225770477
2024-07-23 14:18:42,31600.0,1000,Sell,225771175
2024-07-23 14:18:45,31600.0,40300,Sell,225771882
2024-07-23 14:18:47,31600.0,1000,Sell,225772383
2024-07-23 14:18:48,31600.0,4200,Sell,225772856
2024-07-23 14:18:49,31600.0,6600,Buy,225773035
2024-07-23 14:18:50,31600.0,200,Buy,225773171
2024-07-23 14:18:53,31500.0,6000,Sell,225773907
2024-07-23 14:18:54,31500.0,700,Sell,225774064
2024-07-23 14:18:56,31600.0,600,Buy,225774461
2024-07-23 14:18:58,31500.0,9000,Sell,225774914
2024-07-23 14:19:01,31500.0,10000,Sell,225775798
2024-07-23 14:19:02,31500.0,30000,Sell,225775979
2024-07-23 14:19:03,31500.0,30100,Sell,225776467
2024-07-23 14:19:05,31500.0,700,Sell,225776828
2024-07-23 14:19:07,31600.0,13200,Buy,225777280
2024-07-23 14:19:09,31500.0,5300,Sell,225777647
2024-07-23 14:19:10,31500.0,600,Sell,225777876
2024-07-23 14:19:12,31500.0,50600,Sell,225778233
2024-07-23 14:19:13,31500.0,1000,Sell,225778504
2024-07-23 14:19:14,31400.0,2300,Sell,225778606
2024-07-23 14:19:18,31500.0,200,Buy,225779325
2024-07-23 14:19:22,31500.0,4000,Buy,225780075
2024-07-23 14:19:23,31400.0,1000,Sell,225780245
2024-07-23 14:19:24,31500.0,1600,Sell,225780439
2024-07-23 14:19:25,31500.0,1400,Sell,225780942
2024-07-23 14:19:26,31500.0,400,Sell,225781168
2024-07-23 14:19:27,31500.0,300,Sell,225781272
2024-07-23 14:19:28,31400.0,1400,Sell,225781524
2024-07-23 14:19:30,31500.0,2000,Sell,225781933
2024-07-23 14:19:31,31500.0,500,Sell,225782075
2024-07-23 14:19:32,31400.0,3200,Sell,225782363
2024-07-23 14:19:35,31500.0,1500,Sell,225783003
2024-07-23 14:19:36,31400.0,1000,Sell,225783163
2024-07-23 14:19:40,31500.0,3200,Buy,225783795
2024-07-23 14:19:41,31400.0,8000,Sell,225783993
2024-07-23 14:19:43,31500.0,600,Buy,225784329
2024-07-23 14:19:44,31500.0,1000,Buy,225784574
2024-07-23 14:19:49,31500.0,600,Buy,225785545
2024-07-23 14:19:50,31500.0,20700,Buy,225785758
2024-07-23 14:19:51,31300.0,1000,Sell,225786011
2024-07-23 14:19:52,31500.0,400,Buy,225786218
2024-07-23 14:19:53,31500.0,200,Buy,225786379
2024-07-23 14:19:54,31500.0,5000,Buy,225786549
2024-07-23 14:19:57,31500.0,2500,Buy,225787026
2024-07-23 14:20:02,31500.0,100,Buy,225788022
2024-07-23 14:20:03,31400.0,1000,Sell,225788174
2024-07-23 14:20:05,31400.0,1400,Buy,225788354
2024-07-23 14:20:06,31300.0,1600,Sell,225788502
2024-07-23 14:20:08,31400.0,1000,Buy,225788856
2024-07-23 14:20:09,31400.0,200,Buy,225789406
2024-07-23 14:20:10,31400.0,100,Buy,225789735
2024-07-23 14:20:11,31400.0,300,Buy,225790025
2024-07-23 14:20:14,31400.0,500,Buy,225790575
2024-07-23 14:20:15,31400.0,300,Buy,225790770
2024-07-23 14:20:16,31400.0,200,Buy,225790856
2024-07-23 14:20:17,31400.0,100,Buy,225791093
2024-07-23 14:20:18,31400.0,2000,Buy,225791241
2024-07-23 14:20:19,31400.0,1400,Buy,225791430
2024-07-23 14:20:20,31400.0,1000,Buy,225791600
2024-07-23 14:20:22,31200.0,70200,Sell,225792059
2024-07-23 14:20:23,31400.0,600,Buy,225792170
2024-07-23 14:20:25,31200.0,500,Sell,225792542
2024-07-23 14:20:26,31400.0,100,Buy,225792689
2024-07-23 14:20:28,31400.0,500,Buy,225793024
2024-07-23 14:20:33,31200.0,6300,Buy,225794035
2024-07-23 14:20:34,31200.0,100,Buy,225794236
2024-07-23 14:20:35,31200.0,100,Buy,225794404
2024-07-23 14:20:37,31100.0,1000,Sell,225794702
2024-07-23 14:20:39,31100.0,7000,Sell,225795001
2024-07-23 14:20:41,31200.0,1900,ATO/ATC,225795491
2024-07-23 14:20:42,31300.0,500,Buy,225795653
2024-07-23 14:20:43,31200.0,4400,Buy,225795872
2024-07-23 14:20:44,31200.0,600,Sell,225796056
2024-07-23 14:20:47,31200.0,500,Buy,225796508
2024-07-23 14:20:48,31200.0,1500,Buy,225796650
2024-07-23 14:20:51,31200.0,1000,Buy,225797112
2024-07-23 14:20:52,31200.0,3600,Buy,225797363
2024-07-23 14:20:53,31200.0,16500,Buy,225797430
2024-07-23 14:20:55,31200.0,6100,Sell,225797727
2024-07-23 14:20:57,31200.0,7000,Sell,225797917
2024-07-23 14:20:58,31200.0,400,Sell,225798021
2024-07-23 14:20:59,31200.0,10000,Sell,225798116
2024-07-23 14:21:00,31200.0,100,Sell,225798301
2024-07-23 14:21:01,31200.0,3100,Sell,225798451
2024-07-23 14:21:04,31200.0,4900,Buy,225798748
2024-07-23 14:21:06,31200.0,800,Buy,225799020
2024-07-23 14:21:07,31200.0,3000,Buy,225799124
2024-07-23 14:21:08,31200.0,400,Buy,225799243
2024-07-23 14:21:09,31200.0,900,Sell,225799375
2024-07-23 14:21:10,31200.0,2000,Buy,225799494
2024-07-23 14:21:11,31200.0,600,Buy,225799647
2024-07-23 14:21:14,31100.0,2400,Sell,225800047
2024-07-23 14:21:16,31200.0,500,Buy,225800327
2024-07-23 14:21:17,31200.0,9300,Sell,225800489
2024-07-23 14:21:22,31200.0,200,Sell,225801139
2024-07-23 14:21:24,31200.0,300,Sell,225801372
2024-07-23 14:21:25,31300.0,600,Buy,225801514
2024-07-23 14:21:26,31300.0,2100,Buy,225801623
2024-07-23 14:21:27,31200.0,900,Sell,225801807
2024-07-23 14:21:28,31300.0,23100,Sell,225801904
2024-07-23 14:21:32,31000.0,200000,Sell,225802362
2024-07-23 14:21:35,31300.0,40500,Sell,225802733
2024-07-23 14:21:37,31300.0,700,Sell,225802996
2024-07-23 14:21:40,31300.0,300,Sell,225803380
2024-07-23 14:21:41,31300.0,1400,Sell,225803487
2024-07-23 14:21:43,31300.0,1400,Sell,225803731
2024-07-23 14:21:44,31300.0,3000,Sell,225803854
2024-07-23 14:21:48,31400.0,32700,Buy,225804440
2024-07-23 14:21:49,31400.0,700,Sell,225804542
2024-07-23 14:21:50,31400.0,5500,Sell,225804649
2024-07-23 14:21:56,31500.0,10000,Buy,225805436
2024-07-23 14:21:58,31500.0,3200,Sell,225805704
2024-07-23 14:22:00,31600.0,1200,Buy,225805996
2024-07-23 14:22:03,31500.0,3000,Sell,225806447
2024-07-23 14:22:06,31600.0,400,Buy,225806861
2024-07-23 14:22:08,31600.0,1900,Buy,225807022
2024-07-23 14:22:12,31500.0,200,Sell,225807448
2024-07-23 14:22:13,31600.0,6000,Buy,225807530
2024-07-23 14:22:17,31500.0,400,Sell,225807911
2024-07-23 14:22:18,31600.0,600,Buy,225808022
2024-07-23 14:22:21,31600.0,400,Buy,225808278
2024-07-23 14:22:22,31600.0,100,Buy,225808423
2024-07-23 14:22:23,31600.0,10500,Buy,225808487
2024-07-23 14:22:26,31600.0,1000,Buy,225808777
2024-07-23 14:22:27,31600.0,100,Buy,225808858
2024-07-23 14:22:28,31600.0,500,Buy,225808933
2024-07-23 14:22:29,31600.0,1000,Buy,225809074
2024-07-23 14:22:31,31500.0,8500,Sell,225809278
2024-07-23 14:22:33,31600.0,800,Buy,225809434
2024-07-23 14:22:35,31600.0,1000,Buy,225809654
2024-07-23 14:22:37,31600.0,500,Buy,225809861
2024-07-23 14:22:41,31600.0,4000,Buy,225810336
2024-07-23 14:22:42,31600.0,500,Buy,225810458
2024-07-23 14:22:45,31600.0,10000,Buy,225810724
2024-07-23 14:22:47,31600.0,7900,Buy,225810913
2024-07-23 14:22:48,31600.0,100,Sell,225811048
2024-07-23 14:22:50,31700.0,2400,Buy,225811246
2024-07-23 14:23:02,31800.0,500,Sell,225812251
2024-07-23 14:23:06,31900.0,500,Buy,225812621
2024-07-23 14:23:15,31900.0,300,Buy,225813598
2024-07-23 14:23:17,31900.0,100,Buy,225813770
2024-07-23 14:23:21,31900.0,2500,Buy,225814027
2024-07-23 14:23:22,31900.0,500,Buy,225814120
2024-07-23 14:23:23,31900.0,100,Buy,225814172
2024-07-23 14:23:24,31900.0,1000,Buy,225814272
2024-07-23 14:23:26,31900.0,500,Buy,225814470
2024-07-23 14:23:34,32000.0,200,Buy,225815088
2024-07-23 14:23:39,32000.0,1100,Buy,225815560
2024-07-23 14:23:43,32000.0,1000,Buy,225815911
2024-07-23 14:23:45,32000.0,6600,Buy,225816132
2024-07-23 14:23:46,32000.0,300,Buy,225816195
2024-07-23 14:23:47,32000.0,500,Buy,225816251
2024-07-23 14:23:50,32000.0,500,Buy,225816533
2024-07-23 14:23:51,32000.0,500,Buy,225816635
2024-07-23 14:23:53,32000.0,1000,Buy,225816761
2024-07-23 14:23:54,32000.0,3000,Buy,225816865
2024-07-23 14:23:55,32000.0,4600,Buy,225816967
2024-07-23 14:23:56,32000.0,500,Buy,225817017
2024-07-23 14:23:58,31900.0,500,Sell,225817131
2024-07-23 14:23:59,32000.0,6100,Buy,225817198
2024-07-23 14:24:03,32000.0,8400,Sell,225817475
2024-07-23 14:24:14,32100.0,2500,Buy,225818282
2024-07-23 14:24:19,32000.0,900,Sell,225818628
2024-07-23 14:24:27,32100.0,1100,Buy,225819185
2024-07-23 14:24:31,32100.0,2000,Buy,225819405
2024-07-23 14:24:34,32000.0,500,Sell,225819592
2024-07-23 14:24:35,32100.0,1000,Buy,225819720
2024-07-23 14:24:36,32100.0,200,Buy,225819780
2024-07-23 14:24:37,32100.0,500,Buy,225819822
2024-07-23 14:24:38,32100.0,300,Buy,225819889
2024-07-23 14:24:40,32100.0,2900,Sell,225820064
2024-07-23 14:24:48,32100.0,700,Sell,225820592
2024-07-23 14:24:56,32200.0,1400,Sell,225821057
2024-07-23 14:25:00,32200.0,100,Sell,225821364
2024-07-23 14:25:02,32200.0,100,Sell,225821488
2024-07-23 14:25:20,32200.0,2600,Buy,225822504
2024-07-23 14:25:23,32200.0,900,Buy,225822682
2024-07-23 14:25:25,32300.0,11600,Buy,225822864
2024-07-23 14:25:33,32300.0,500,Buy,225823414
2024-07-23 14:25:47,32300.0,1100,Buy,225824312
2024-07-23 14:25:49,32200.0,300,Buy,225824452
2024-07-23 14:25:50,32200.0,100,Sell,225824529
2024-07-23 14:25:53,32100.0,1000,Sell,225824719
2024-07-23 14:25:59,32100.0,400,Sell,225825165
2024-07-23 14:26:04,32100.0,10000,Sell,225825502
2024-07-23 14:26:09,32100.0,1600,Buy,225825855
2024-07-23 14:26:10,32100.0,1600,Buy,225825933
2024-07-23 14:26:11,32100.0,1500,Sell,225825978
2024-07-23 14:26:14,32200.0,4700,Buy,225826113
2024-07-23 14:26:19,32100.0,1500,Sell,225826496
2024-07-23 14:26:21,32200.0,1000,Buy,225826671
2024-07-23 14:26:22,32100.0,2000,Sell,225826714
2024-07-23 14:26:24,32100.0,700,Sell,225826854
2024-07-23 14:26:25,32000.0,1000,Sell,225826955
2024-07-23 14:26:29,32100.0,200,Buy,225827330
2024-07-23 14:26:30,32100.0,100,Buy,225827363
2024-07-23 14:26:34,32100.0,600,Buy,225827662
2024-07-23 14:26:36,32100.0,32000,Buy,225827816
2024-07-23 14:26:37,32100.0,1000,Buy,225827877
2024-07-23 14:26:40,32100.0,2200,Buy,225828051
2024-07-23 14:26:43,32000.0,1000,Sell,225828247
2024-07-23 14:26:44,32000.0,1000,ATO/ATC,225828343
2024-07-23 14:26:47,32000.0,100,Buy,225828561
2024-07-23 14:26:48,32000.0,200,Buy,225828670
2024-07-23 14:26:53,32000.0,500,Buy,225829050
2024-07-23 14:26:54,31900.0,6000,Sell,225829132
2024-07-23 14:26:56,32000.0,100,Buy,225829260
2024-07-23 14:26:57,32000.0,300,Buy,225829313
2024-07-23 14:27:03,31900.0,800,Buy,225829789
2024-07-23 14:27:04,31900.0,500,Buy,225829852
2024-07-23 14:27:05,31800.0,10000,Sell,225829974
2024-07-23 14:27:06,31800.0,200,Sell,225830040
2024-07-23 14:27:07,31900.0,400,Buy,225830160
2024-07-23 14:27:08,31900.0,1300,Sell,225830248
2024-07-23 14:27:19,31900.0,2700,Buy,225831112
2024-07-23 14:27:20,32000.0,600,Buy,225831194
2024-07-23 14:27:24,31900.0,100,Buy,225831656
2024-07-23 14:27:26,32000.0,50300,Sell,225831802
2024-07-23 14:27:30,32000.0,2500,Sell,225832287
2024-07-23 14:27:32,32000.0,700,Sell,225832477
2024-07-23 14:27:33,32000.0,2000,Sell,225832561
2024-07-23 14:27:34,32000.0,1000,Sell,225832650
2024-07-23 14:27:35,32000.0,100,Sell,225832704
2024-07-23 14:27:37,32100.0,1000,Buy,225832892
2024-07-23 14:27:38,32000.0,200,Sell,225833025
2024-07-23 14:27:43,32100.0,17700,Sell,225833346
2024-07-23 14:27:45,32100.0,3300,ATO/ATC,225833501
2024-07-23 14:27:48,32000.0,5000,Sell,225833751
2024-07-23 14:27:55,32100.0,4300,Sell,225834250
2024-07-23 14:27:59,32000.0,1300,Sell,225834620
2024-07-23 14:28:04,32000.0,3000,Sell,225835118
2024-07-23 14:28:05,32100.0,1000,Buy,225835196
2024-07-23 14:28:08,32000.0,1600,Sell,225835414
2024-07-23 14:28:15,32000.0,1000,Sell,225836071
2024-07-23 14:28:17,32100.0,500,Buy,225836279
2024-07-23 14:28:22,32100.0,11000,Buy,225836763
2024-07-23 14:28:29,32000.0,2200,Sell,225837513
2024-07-23 14:28:41,32000.0,500,Sell,225838887
2024-07-23 14:28:42,32000.0,8000,Sell,225838943
2024-07-23 14:28:46,32000.0,3000,Sell,225839424
2024-07-23 14:28:48,32000.0,1800,Sell,225839630
2024-07-23 14:28:49,32000.0,5000,Sell,225839742
2024-07-23 14:28:50,32000.0,500,Sell,225839831
2024-07-23 14:28:52,32000.0,1000,Sell,225840041
2024-07-23 14:28:53,32000.0,2800,Sell,225840177
2024-07-23 14:28:55,32000.0,2000,Sell,225840284
2024-07-23 14:28:57,32000.0,2000,Sell,225840476
2024-07-23 14:29:00,32000.0,100,Sell,225840752
2024-07-23 14:29:01,32000.0,9900,Sell,225840835
2024-07-23 14:29:02,32000.0,1100,Sell,225840952
2024-07-23 14:29:04,32000.0,10000,Sell,225841141
2024-07-23 14:29:05,32000.0,1000,Sell,225841245
2024-07-23 14:29:06,32000.0,14900,Sell,225841313
2024-07-23 14:29:07,32000.0,10000,Sell,225841375
2024-07-23 14:29:08,32000.0,6200,Sell,225841478
2024-07-23 14:29:09,32000.0,5800,Sell,225841559
2024-07-23 14:29:17,32000.0,400,Buy,225842448
2024-07-23 14:29:18,32000.0,400,Buy,225842498
2024-07-23 14:29:28,32000.0,3000,Buy,225843531
2024-07-23 14:29:29,32000.0,500,Buy,225843710
2024-07-23 14:29:30,32000.0,700,Buy,225843854
2024-07-23 14:29:33,31900.0,24700,Buy,225844260
2024-07-23 14:29:34,31900.0,5000,Buy,225844336
2024-07-23 14:29:39,31900.0,200,Buy,225844888
2024-07-23 14:29:46,31800.0,2100,Sell,225845705
2024-07-23 14:29:48,31800.0,4000,Sell,225845879
2024-07-23 14:29:51,31800.0,500,Sell,225846144
2024-07-23 14:29:52,31800.0,2000,Sell,225846215
2024-07-23 14:29:54,31800.0,10000,Sell,225846450
2024-07-23 14:29:55,31900.0,700,Buy,225846595
2024-07-23 14:29:56,31900.0,100,Buy,225846650
2024-07-23 14:29:59,31800.0,300,Sell,225846981
2024-07-23 14:30:00,31900.0,300,Buy,225847037
2024-07-23 14:45:23,31200.0,614500,ATO/ATC,225849308
