time,price,volume,match_type,id
2024-08-23 09:00:04,28600.0,1500,Buy,234116703
2024-08-23 09:00:08,28400.0,3300,Sell,234116736
2024-08-23 09:00:10,28400.0,100,Sell,234116748
2024-08-23 09:00:12,28500.0,1000,Buy,234116766
2024-08-23 09:00:13,28500.0,100,Buy,234116774
2024-08-23 09:00:14,28500.0,200,Buy,234116783
2024-08-23 09:00:34,28300.0,500,Sell,234116900
2024-08-23 09:00:51,28400.0,100,Buy,234116938
2024-08-23 09:00:55,28400.0,200,Sell,234116946
2024-08-23 09:01:03,28400.0,500,Sell,234116960
2024-08-23 09:01:05,28500.0,300,Buy,234116965
2024-08-23 09:01:06,28400.0,300,Sell,234116966
2024-08-23 09:01:16,28400.0,10000,Sell,234116987
2024-08-23 09:01:46,28500.0,700,Buy,234117060
2024-08-23 09:02:33,28400.0,5000,Sell,234117178
2024-08-23 09:02:54,28500.0,700,Sell,234117224
2024-08-23 09:03:31,28600.0,1600,Buy,234117325
2024-08-23 09:04:10,28500.0,200,Sell,234117417
2024-08-23 09:05:16,28500.0,200,Sell,234117562
2024-08-23 09:06:35,28500.0,500,Sell,234117721
2024-08-23 09:06:37,28500.0,100,Sell,234117724
2024-08-23 09:06:52,28500.0,100,Sell,234117755
2024-08-23 09:06:53,28500.0,2000,Sell,234117757
2024-08-23 09:06:54,28500.0,300,Sell,234117759
2024-08-23 09:07:01,28500.0,1000,Sell,234117778
2024-08-23 09:07:25,28500.0,1500,Sell,234117830
2024-08-23 09:07:36,28500.0,500,Sell,234117850
2024-08-23 09:07:58,28500.0,500,Sell,234117895
2024-08-23 09:08:48,28500.0,2700,Sell,234118013
2024-08-23 09:09:30,28500.0,1000,Sell,234118109
2024-08-23 09:10:19,28500.0,2000,Sell,234118231
2024-08-23 09:10:33,28500.0,500,Sell,234118250
2024-08-23 09:10:54,28500.0,200,Sell,234118291
2024-08-23 09:11:07,28500.0,200,Sell,234118320
2024-08-23 09:12:34,28600.0,100,Buy,234118503
2024-08-23 09:12:37,28600.0,100,Buy,234118511
2024-08-23 09:13:13,28500.0,100,Sell,234118595
2024-08-23 09:14:02,28500.0,500,Sell,234118712
2024-08-23 09:14:14,28500.0,100,Sell,234118732
2024-08-23 09:15:30,28500.0,3000,Sell,234119663
2024-08-23 09:15:55,28500.0,100,Sell,234120154
2024-08-23 09:16:22,28500.0,500,Sell,234120861
2024-08-23 09:16:43,28500.0,29100,Buy,234121411
2024-08-23 09:16:46,28500.0,500,Buy,234121464
2024-08-23 09:17:07,28500.0,500,Buy,234121957
2024-08-23 09:17:31,28400.0,400,Sell,234122493
2024-08-23 09:17:46,28400.0,500,Sell,234123017
2024-08-23 09:18:04,28500.0,300,Buy,234123455
2024-08-23 09:19:26,28400.0,1900,Sell,234125773
2024-08-23 09:19:43,28400.0,1000,Sell,234126236
2024-08-23 09:19:54,28400.0,200,Sell,234126492
2024-08-23 09:19:56,28400.0,10000,Sell,234126538
2024-08-23 09:20:00,28400.0,10000,Sell,234126668
2024-08-23 09:20:10,28400.0,2000,Sell,234126849
2024-08-23 09:20:13,28400.0,1000,Sell,234126933
2024-08-23 09:20:15,28400.0,3700,Sell,234127012
2024-08-23 09:20:17,28400.0,9100,Sell,234127099
2024-08-23 09:20:23,28400.0,100,Sell,234127230
2024-08-23 09:20:37,28400.0,1000,Buy,234127565
2024-08-23 09:20:38,28400.0,200,Buy,234127590
2024-08-23 09:21:00,28400.0,1000,Buy,234128103
2024-08-23 09:21:54,28400.0,3000,Buy,234129535
2024-08-23 09:21:55,28400.0,1000,Buy,234129559
2024-08-23 09:22:08,28400.0,100,Buy,234129916
2024-08-23 09:22:09,28400.0,1000,Buy,234129933
2024-08-23 09:22:11,28400.0,2200,Sell,234129998
2024-08-23 09:22:14,28400.0,2900,Sell,234130072
2024-08-23 09:22:24,28400.0,600,Buy,234130295
2024-08-23 09:22:40,28400.0,100,Buy,234130667
2024-08-23 09:23:06,28400.0,3900,Buy,234131332
2024-08-23 09:24:24,28500.0,100,Buy,234133297
2024-08-23 09:24:48,28500.0,15500,Buy,234133846
2024-08-23 09:24:57,28500.0,100,Sell,234134058
2024-08-23 09:25:01,28500.0,200,Sell,234134139
2024-08-23 09:25:28,28500.0,1000,Sell,234134818
2024-08-23 09:25:33,28500.0,7500,Buy,234134935
2024-08-23 09:25:50,28500.0,100,Buy,234135369
2024-08-23 09:26:09,28500.0,100,Buy,234135838
2024-08-23 09:26:27,28500.0,600,Buy,234136424
2024-08-23 09:26:36,28500.0,5000,Buy,234136671
2024-08-23 09:26:40,28500.0,300,Buy,234136766
2024-08-23 09:26:52,28500.0,4900,Sell,234137092
2024-08-23 09:27:09,28500.0,600,Sell,234137519
2024-08-23 09:27:23,28500.0,5900,Buy,234137956
2024-08-23 09:27:33,28500.0,100,ATO/ATC,234138268
2024-08-23 09:28:25,28500.0,1700,Buy,234139866
2024-08-23 09:28:36,28500.0,100,Buy,234140177
2024-08-23 09:28:43,28500.0,100,Buy,234140342
2024-08-23 09:28:44,28500.0,100,Buy,234140357
2024-08-23 09:29:08,28500.0,5000,Buy,234141052
2024-08-23 09:29:14,28500.0,500,Buy,234141267
2024-08-23 09:30:39,28600.0,2000,Buy,234143979
2024-08-23 09:30:50,28600.0,5000,Buy,234144273
2024-08-23 09:31:07,28600.0,800,Buy,234144805
2024-08-23 09:31:37,28600.0,10000,Buy,234145690
2024-08-23 09:31:45,28600.0,10000,Buy,234145904
2024-08-23 09:31:55,28600.0,10000,Buy,234146172
2024-08-23 09:31:59,28600.0,4500,Buy,234146274
2024-08-23 09:32:03,28600.0,800,Sell,234146434
2024-08-23 09:32:13,28600.0,4200,ATO/ATC,234146713
2024-08-23 09:32:42,28600.0,100,Sell,234147508
2024-08-23 09:32:46,28600.0,9300,Sell,234147604
2024-08-23 09:32:50,28700.0,200,Buy,234147691
2024-08-23 09:32:53,28600.0,800,Sell,234147774
2024-08-23 09:33:05,28600.0,10000,Sell,234148055
2024-08-23 09:33:19,28600.0,200,Sell,234148343
2024-08-23 09:33:20,28600.0,4800,Buy,234148360
2024-08-23 09:33:21,28600.0,400,Buy,234148380
2024-08-23 09:33:26,28600.0,100,Buy,234148513
2024-08-23 09:33:52,28500.0,1400,Sell,234149142
2024-08-23 09:34:09,28500.0,4700,Sell,234149574
2024-08-23 09:34:13,28500.0,500,Sell,234149662
2024-08-23 09:35:31,28500.0,10000,Sell,234151757
2024-08-23 09:35:32,28500.0,500,Sell,234151803
2024-08-23 09:36:17,28500.0,200,Sell,234152718
2024-08-23 09:36:18,28500.0,100,Sell,234152748
2024-08-23 09:36:22,28500.0,10000,Sell,234152854
2024-08-23 09:36:28,28500.0,100,Sell,234153095
2024-08-23 09:36:51,28500.0,600,Buy,234153718
2024-08-23 09:37:41,28500.0,2000,Buy,234155069
2024-08-23 09:39:41,28400.0,500,Sell,234157669
2024-08-23 09:40:12,28400.0,100,Sell,234158207
2024-08-23 09:40:29,28500.0,100,Buy,234158489
2024-08-23 09:41:09,28400.0,500,Sell,234159275
2024-08-23 09:42:09,28400.0,200,Sell,234160532
2024-08-23 09:43:06,28400.0,100,Sell,234161564
2024-08-23 09:43:12,28400.0,1400,Sell,234161661
2024-08-23 09:43:45,28400.0,1000,Sell,234162200
2024-08-23 09:43:58,28400.0,100,Sell,234162425
2024-08-23 09:44:05,28400.0,29000,Buy,234162626
2024-08-23 09:44:30,28300.0,100,Sell,234163078
2024-08-23 09:44:56,28400.0,100,Buy,234163536
2024-08-23 09:45:18,28400.0,2000,Buy,234163970
2024-08-23 09:45:23,28400.0,500,Buy,234164037
2024-08-23 09:46:05,28400.0,200,Buy,234164868
2024-08-23 09:46:22,28400.0,200,Buy,234165094
2024-08-23 09:46:40,28400.0,100,Buy,234165339
2024-08-23 09:46:41,28400.0,1500,Buy,234165370
2024-08-23 09:46:48,28400.0,100,Buy,234165490
2024-08-23 09:47:00,28400.0,500,Buy,234165721
2024-08-23 09:47:06,28400.0,300,Buy,234165821
2024-08-23 09:47:08,28400.0,1900,Sell,234165842
2024-08-23 09:48:47,28400.0,100,Sell,234167674
2024-08-23 09:49:01,28400.0,3200,Buy,234167934
2024-08-23 09:49:38,28400.0,200,Buy,234168542
2024-08-23 09:50:23,28400.0,2500,Buy,234169350
2024-08-23 09:51:08,28400.0,200,Buy,234170136
2024-08-23 09:51:33,28400.0,100,Buy,234170557
2024-08-23 09:52:19,28300.0,1000,Sell,234171235
2024-08-23 09:53:54,28400.0,200,Buy,234172910
2024-08-23 09:54:57,28400.0,100,Buy,234174178
2024-08-23 09:55:29,28400.0,500,Buy,234174905
2024-08-23 09:55:48,28400.0,1000,Buy,234175207
2024-08-23 09:56:21,28400.0,100,Buy,234175792
2024-08-23 09:57:38,28300.0,500,Sell,234177306
2024-08-23 09:57:52,28300.0,500,Sell,234177493
2024-08-23 09:58:26,28400.0,100,Buy,234178253
2024-08-23 09:58:46,28400.0,200,Buy,234178598
2024-08-23 09:59:04,28400.0,100,Buy,234178892
2024-08-23 09:59:26,28400.0,500,Buy,234179393
2024-08-23 09:59:39,28300.0,8300,Sell,234179734
2024-08-23 10:00:24,28400.0,200,Buy,234180977
2024-08-23 10:00:31,28300.0,800,Sell,234181115
2024-08-23 10:00:44,28300.0,300,Sell,234181419
2024-08-23 10:00:59,28400.0,100,Buy,234181743
2024-08-23 10:01:13,28400.0,400,Buy,234182069
2024-08-23 10:01:46,28300.0,2000,Sell,234182699
2024-08-23 10:02:07,28300.0,10000,Sell,234183211
2024-08-23 10:02:09,28300.0,100,Sell,234183220
2024-08-23 10:02:15,28300.0,100,Sell,234183380
2024-08-23 10:02:25,28300.0,300,Sell,234183651
2024-08-23 10:02:33,28300.0,100,Sell,234183960
2024-08-23 10:02:57,28300.0,29000,Sell,234184688
2024-08-23 10:02:59,28300.0,800,Sell,234184764
2024-08-23 10:03:08,28300.0,200,Sell,234184973
2024-08-23 10:03:35,28300.0,200,Sell,234185697
2024-08-23 10:04:16,28300.0,300,Sell,234186894
2024-08-23 10:04:59,28300.0,500,Sell,234187962
2024-08-23 10:05:51,28300.0,3000,Sell,234189235
2024-08-23 10:06:09,28300.0,500,Sell,234189564
2024-08-23 10:07:05,28300.0,500,Sell,234190697
2024-08-23 10:07:07,28300.0,500,Sell,234190754
2024-08-23 10:07:33,28300.0,10000,Sell,234191327
2024-08-23 10:07:45,28300.0,100,Sell,234191568
2024-08-23 10:08:15,28300.0,100,Sell,234192155
2024-08-23 10:08:39,28300.0,200,Sell,234192805
2024-08-23 10:09:18,28300.0,100,Sell,234193689
2024-08-23 10:09:21,28300.0,100,Sell,234193753
2024-08-23 10:09:27,28400.0,5000,Buy,234193855
2024-08-23 10:11:26,28400.0,300,Buy,234196677
2024-08-23 10:11:32,28400.0,100,Buy,234196890
2024-08-23 10:12:24,28300.0,400,Sell,234198113
2024-08-23 10:12:40,28300.0,100,Sell,234198557
2024-08-23 10:13:10,28300.0,500,Sell,234199537
2024-08-23 10:13:14,28300.0,100,Sell,234199584
2024-08-23 10:13:19,28300.0,700,Sell,234199718
2024-08-23 10:13:21,28300.0,300,Sell,234199764
2024-08-23 10:13:37,28300.0,100,Sell,234200128
2024-08-23 10:13:42,28300.0,500,Sell,234200249
2024-08-23 10:13:48,28300.0,200,Sell,234200368
2024-08-23 10:13:50,28300.0,1800,Sell,234200416
2024-08-23 10:13:54,28300.0,30000,Sell,234200516
2024-08-23 10:14:01,28300.0,200,Sell,234200701
2024-08-23 10:14:06,28300.0,300,Sell,234200898
2024-08-23 10:14:07,28300.0,300,Sell,234200932
2024-08-23 10:14:52,28300.0,7000,Sell,234201849
2024-08-23 10:15:02,28300.0,300,Sell,234202066
2024-08-23 10:15:10,28300.0,4000,Sell,234202217
2024-08-23 10:15:12,28300.0,100,Buy,234202275
2024-08-23 10:15:37,28300.0,100,Buy,234202753
2024-08-23 10:15:39,28300.0,500,Buy,234202792
2024-08-23 10:15:40,28300.0,600,Buy,234202813
2024-08-23 10:15:45,28300.0,100,Buy,234202946
2024-08-23 10:15:53,28300.0,100,Buy,234203141
2024-08-23 10:15:55,28200.0,1400,Sell,234203246
2024-08-23 10:16:01,28200.0,23700,Sell,234203346
2024-08-23 10:16:48,28300.0,3000,Sell,234204606
2024-08-23 10:17:04,28300.0,2000,Sell,234204931
2024-08-23 10:17:42,28300.0,100,Buy,234205737
2024-08-23 10:17:51,28300.0,100,Buy,234205863
2024-08-23 10:18:00,28300.0,1000,Buy,234205990
2024-08-23 10:18:15,28300.0,1000,Buy,234206211
2024-08-23 10:18:24,28300.0,1500,Buy,234206380
2024-08-23 10:18:39,28300.0,800,Sell,234206671
2024-08-23 10:19:01,28300.0,100,Sell,234207082
2024-08-23 10:19:44,28300.0,100,Sell,234207899
2024-08-23 10:19:45,28300.0,1000,Sell,234207906
2024-08-23 10:21:15,28400.0,100,Buy,234209469
2024-08-23 10:21:45,28400.0,1000,Buy,234210159
2024-08-23 10:22:09,28400.0,200,Buy,234210771
2024-08-23 10:22:56,28300.0,5000,Sell,234211623
2024-08-23 10:25:01,28300.0,100,Sell,234213684
2024-08-23 10:25:04,28300.0,3000,Sell,234213718
2024-08-23 10:25:13,28300.0,100,Sell,234213855
2024-08-23 10:26:43,28300.0,1000,Sell,234215752
2024-08-23 10:27:58,28300.0,20000,Sell,234218123
2024-08-23 10:28:56,28400.0,3000,Buy,234219471
2024-08-23 10:28:59,28300.0,1000,Sell,234219505
2024-08-23 10:29:20,28400.0,2000,Buy,234219908
2024-08-23 10:29:51,28400.0,1000,Buy,234220489
2024-08-23 10:30:13,28400.0,100,Buy,234220896
2024-08-23 10:30:17,28400.0,2800,Buy,234221016
2024-08-23 10:30:31,28400.0,600,Buy,234221285
2024-08-23 10:30:56,28400.0,2500,Sell,234221790
2024-08-23 10:31:17,28400.0,4300,Sell,234222158
2024-08-23 10:32:22,28400.0,100,Sell,234223460
2024-08-23 10:32:58,28400.0,200,Sell,234224036
2024-08-23 10:33:11,28400.0,1000,Sell,234224307
2024-08-23 10:33:39,28400.0,100,Sell,234224689
2024-08-23 10:35:03,28500.0,400,Buy,234225871
2024-08-23 10:35:07,28400.0,10000,Sell,234225908
2024-08-23 10:35:10,28500.0,400,Buy,234225950
2024-08-23 10:37:19,28400.0,2500,Sell,234228034
2024-08-23 10:37:22,28400.0,4100,Sell,234228080
2024-08-23 10:37:28,28400.0,800,Sell,234228163
2024-08-23 10:37:29,28400.0,700,Buy,234228199
2024-08-23 10:37:55,28400.0,100,Buy,234228609
2024-08-23 10:38:22,28300.0,8000,Sell,234229009
2024-08-23 10:38:35,28300.0,500,Sell,234229166
2024-08-23 10:38:48,28300.0,500,Sell,234229373
2024-08-23 10:39:18,28300.0,17000,Sell,234229820
2024-08-23 10:39:19,28300.0,10000,Sell,234229830
2024-08-23 10:39:44,28300.0,2800,Sell,234230143
2024-08-23 10:40:16,28300.0,500,Sell,234230521
2024-08-23 10:40:48,28300.0,200,Sell,234231054
2024-08-23 10:41:20,28300.0,4000,Sell,234231604
2024-08-23 10:41:44,28300.0,1000,Sell,234231897
2024-08-23 10:42:21,28300.0,200,Sell,234232337
2024-08-23 10:44:06,28300.0,10000,Sell,234233746
2024-08-23 10:44:23,28300.0,2000,Sell,234233968
2024-08-23 10:44:40,28300.0,1000,Sell,234234204
2024-08-23 10:44:50,28300.0,2000,Sell,234234329
2024-08-23 10:45:20,28300.0,200,Sell,234234642
2024-08-23 10:45:26,28300.0,100,Sell,234234721
2024-08-23 10:45:27,28300.0,700,Sell,234234738
2024-08-23 10:46:31,28300.0,100,Sell,234235656
2024-08-23 10:46:33,28300.0,8000,Sell,234235678
2024-08-23 10:49:15,28300.0,7000,Sell,234238333
2024-08-23 10:50:00,28300.0,100,Sell,234238928
2024-08-23 10:50:02,28300.0,1000,Sell,234238970
2024-08-23 10:50:34,28300.0,300,Buy,234239357
2024-08-23 10:50:41,28300.0,1000,Buy,234239423
2024-08-23 10:52:30,28300.0,100,Buy,234240852
2024-08-23 10:52:35,28300.0,100,Buy,234240932
2024-08-23 10:52:36,28200.0,100,Sell,234240936
2024-08-23 10:53:26,28200.0,2000,Sell,234241561
2024-08-23 10:55:19,28200.0,23000,Sell,234242852
2024-08-23 10:56:12,28200.0,10000,Sell,234243580
2024-08-23 10:56:26,28200.0,39200,Sell,234243751
2024-08-23 10:56:36,28200.0,200,Sell,234243883
2024-08-23 10:58:52,28200.0,500,Sell,234245810
2024-08-23 10:59:04,28300.0,1600,Buy,234245919
2024-08-23 10:59:31,28300.0,1000,Buy,234246314
2024-08-23 10:59:37,28300.0,100,Buy,234246378
2024-08-23 10:59:40,28300.0,500,Buy,234246406
2024-08-23 10:59:43,28300.0,300,Buy,234246451
2024-08-23 10:59:46,28300.0,100,Buy,234246481
2024-08-23 10:59:58,28200.0,500,Sell,234246628
2024-08-23 11:00:50,28200.0,500,Sell,234247203
2024-08-23 11:01:41,28300.0,1000,Buy,234248077
2024-08-23 11:03:17,28300.0,500,Buy,234249217
2024-08-23 11:03:37,28300.0,1000,Buy,234249538
2024-08-23 11:03:44,28300.0,2000,Buy,234249633
2024-08-23 11:03:51,28300.0,1800,Buy,234249726
2024-08-23 11:04:11,28300.0,200,Buy,234250005
2024-08-23 11:04:19,28300.0,1000,Buy,234250118
2024-08-23 11:06:48,28300.0,100,Buy,234252407
2024-08-23 11:06:49,28300.0,200,Buy,234252426
2024-08-23 11:08:13,28300.0,1400,Buy,234254120
2024-08-23 11:08:30,28300.0,200,Buy,234254345
2024-08-23 11:08:34,28200.0,10000,Sell,234254410
2024-08-23 11:09:09,28200.0,200,Sell,234255150
2024-08-23 11:09:27,28200.0,700,Sell,234255516
2024-08-23 11:09:30,28200.0,2000,Sell,234255545
2024-08-23 11:09:38,28200.0,4000,Sell,234255673
2024-08-23 11:11:21,28200.0,100,Sell,234257446
2024-08-23 11:11:47,28200.0,1000,Sell,234257946
2024-08-23 11:11:54,28200.0,100,Sell,234258033
2024-08-23 11:11:59,28200.0,700,Sell,234258087
2024-08-23 11:13:02,28200.0,3000,Sell,234259254
2024-08-23 11:13:17,28200.0,1100,Sell,234259574
2024-08-23 11:13:31,28200.0,100,Sell,234259866
2024-08-23 11:13:35,28200.0,500,Sell,234259904
2024-08-23 11:13:45,28200.0,2000,Sell,234260120
2024-08-23 11:14:29,28300.0,1000,Buy,234261070
2024-08-23 11:14:45,28200.0,400,Sell,234261402
2024-08-23 11:16:30,28200.0,1000,Sell,234264245
2024-08-23 11:17:05,28200.0,4000,Sell,234265038
2024-08-23 11:17:11,28200.0,500,Sell,234265209
2024-08-23 11:17:19,28300.0,100,Buy,234265452
2024-08-23 11:17:46,28300.0,100,Buy,234266046
2024-08-23 11:20:16,28200.0,20000,Sell,234269092
2024-08-23 11:20:49,28200.0,10000,Sell,234269807
2024-08-23 11:20:51,28200.0,200,Sell,234269858
2024-08-23 11:20:58,28200.0,600,Sell,234270000
2024-08-23 11:21:13,28200.0,1100,Sell,234270337
2024-08-23 11:21:44,28200.0,200,Sell,234271044
2024-08-23 11:21:52,28200.0,3500,Sell,234271257
2024-08-23 11:21:56,28200.0,100,Sell,234271430
2024-08-23 11:22:00,28200.0,500,Sell,234271491
2024-08-23 11:22:06,28200.0,4000,Sell,234271678
2024-08-23 11:22:51,28200.0,3000,Sell,234272802
2024-08-23 11:23:10,28200.0,200,Sell,234273319
2024-08-23 11:23:12,28200.0,500,Sell,234273381
2024-08-23 11:23:14,28200.0,1000,Sell,234273422
2024-08-23 11:23:16,28200.0,500,Sell,234273503
2024-08-23 11:23:22,28200.0,4500,Sell,234273663
2024-08-23 11:23:35,28200.0,2000,Sell,234273910
2024-08-23 11:23:36,28200.0,400,Sell,234273950
2024-08-23 11:23:42,28200.0,5000,Sell,234274199
2024-08-23 11:23:43,28200.0,10000,Sell,234274219
2024-08-23 11:23:47,28200.0,2000,Sell,234274366
2024-08-23 11:23:57,28200.0,300,Sell,234274717
2024-08-23 11:23:59,28200.0,1000,Sell,234274744
2024-08-23 11:24:00,28200.0,2000,Sell,234274829
2024-08-23 11:24:15,28200.0,3000,Sell,234275142
2024-08-23 11:24:22,28200.0,1100,Sell,234275249
2024-08-23 11:24:23,28200.0,1000,Sell,234275257
2024-08-23 11:24:25,28200.0,500,Buy,234275290
2024-08-23 11:24:52,28100.0,2000,Sell,234275950
2024-08-23 11:24:54,28100.0,6000,Sell,234275980
2024-08-23 11:24:57,28200.0,100,Buy,234276040
2024-08-23 11:25:00,28100.0,100,Sell,234276120
2024-08-23 11:25:08,28100.0,100,Sell,234276338
2024-08-23 11:25:44,28200.0,900,Buy,234277078
2024-08-23 11:25:49,28200.0,100,Buy,234277166
2024-08-23 11:26:12,28200.0,1000,Buy,234277619
2024-08-23 11:26:16,28200.0,500,Buy,234277684
2024-08-23 11:26:40,28200.0,2400,Buy,234278235
2024-08-23 11:26:45,28200.0,100,Buy,234278330
2024-08-23 11:26:50,28200.0,1700,Buy,234278446
2024-08-23 11:27:16,28100.0,1000,Sell,234279410
2024-08-23 11:27:22,28100.0,1800,Sell,234279580
2024-08-23 11:27:50,28100.0,8000,Sell,234280089
2024-08-23 11:27:53,28100.0,200,Sell,234280211
2024-08-23 11:28:13,28100.0,200,Sell,234280545
2024-08-23 11:28:40,28100.0,100,Sell,234281203
2024-08-23 11:29:14,28200.0,1000,Buy,234281802
2024-08-23 11:29:25,28200.0,5000,Buy,234282211
2024-08-23 11:29:31,28100.0,8500,Sell,234282377
2024-08-23 11:29:51,28100.0,2000,Sell,234282811
2024-08-23 13:00:03,28100.0,900,Sell,234285811
2024-08-23 13:00:05,28100.0,3400,Sell,234286103
2024-08-23 13:00:07,28100.0,11000,Sell,234286408
2024-08-23 13:00:09,28200.0,1000,Buy,234286735
2024-08-23 13:00:10,28100.0,2000,Sell,234286892
2024-08-23 13:00:10,28100.0,100,Sell,234286835
2024-08-23 13:00:27,28200.0,300,Buy,234288377
2024-08-23 13:02:03,28100.0,300,Sell,234291892
2024-08-23 13:02:10,28100.0,10000,Sell,234292041
2024-08-23 13:02:18,28100.0,1000,Sell,234292265
2024-08-23 13:02:25,28100.0,400,Sell,234292459
2024-08-23 13:02:34,28100.0,500,Sell,234292710
2024-08-23 13:02:39,28100.0,200,Sell,234292839
2024-08-23 13:02:45,28200.0,100,Buy,234293008
2024-08-23 13:02:52,28100.0,10000,Sell,234293174
2024-08-23 13:03:10,28200.0,1000,Buy,234293628
2024-08-23 13:03:12,28100.0,3000,Sell,234293679
2024-08-23 13:03:13,28200.0,1000,Buy,234293713
2024-08-23 13:03:29,28200.0,2000,Buy,234294206
2024-08-23 13:03:31,28100.0,300,Sell,234294267
2024-08-23 13:03:33,28200.0,200,Buy,234294316
2024-08-23 13:03:39,28200.0,500,Buy,234294512
2024-08-23 13:03:40,28100.0,100,Sell,234294560
2024-08-23 13:03:43,28100.0,2000,Sell,234294667
2024-08-23 13:04:19,28200.0,12000,Buy,234295637
2024-08-23 13:04:30,28200.0,500,Buy,234295949
2024-08-23 13:04:33,28200.0,600,Buy,234296067
2024-08-23 13:04:55,28200.0,20000,Buy,234296955
2024-08-23 13:04:56,28200.0,500,Buy,234297002
2024-08-23 13:04:58,28200.0,6700,Sell,234297043
2024-08-23 13:05:10,28200.0,300,Sell,234297532
2024-08-23 13:05:54,28200.0,400,Sell,234299282
2024-08-23 13:05:58,28200.0,2000,Sell,234299392
2024-08-23 13:06:11,28200.0,100,Sell,234299911
2024-08-23 13:06:49,28300.0,2000,Buy,234301218
2024-08-23 13:07:25,28200.0,100,Sell,234302357
2024-08-23 13:07:40,28300.0,500,Buy,234302788
2024-08-23 13:07:50,28300.0,2000,Buy,234303041
2024-08-23 13:08:06,28300.0,5000,Buy,234303518
2024-08-23 13:08:44,28300.0,300,Buy,234305016
2024-08-23 13:09:35,28300.0,1000,Buy,234307087
2024-08-23 13:09:42,28300.0,200,Buy,234307437
2024-08-23 13:09:58,28300.0,5000,Buy,234308038
2024-08-23 13:10:11,28300.0,300,Buy,234308483
2024-08-23 13:10:14,28300.0,100,Buy,234308611
2024-08-23 13:10:18,28300.0,10000,Buy,234308754
2024-08-23 13:10:22,28300.0,1300,Buy,234308876
2024-08-23 13:10:29,28300.0,1500,Sell,234309209
2024-08-23 13:10:33,28300.0,2000,Sell,234309626
2024-08-23 13:10:47,28400.0,3000,Buy,234310255
2024-08-23 13:11:00,28400.0,200,Buy,234310815
2024-08-23 13:11:10,28300.0,100,Sell,234311381
2024-08-23 13:11:53,28400.0,1000,Buy,234313129
2024-08-23 13:12:00,28300.0,300,Sell,234313380
2024-08-23 13:13:07,28300.0,600,Sell,234315666
2024-08-23 13:13:29,28300.0,300,Sell,234316232
2024-08-23 13:13:45,28300.0,200,Sell,234316733
2024-08-23 13:13:47,28400.0,500,Buy,234316803
2024-08-23 13:13:59,28300.0,3000,Sell,234317271
2024-08-23 13:14:08,28400.0,500,Buy,234317481
2024-08-23 13:14:16,28400.0,3000,Buy,234317820
2024-08-23 13:14:20,28400.0,1000,Buy,234317978
2024-08-23 13:14:27,28400.0,5000,Buy,234318192
2024-08-23 13:14:32,28400.0,500,Buy,234318389
2024-08-23 13:14:39,28400.0,1000,Buy,234318701
2024-08-23 13:14:43,28400.0,1000,Buy,234318832
2024-08-23 13:14:56,28400.0,2100,Buy,234319358
2024-08-23 13:15:01,28400.0,2000,Buy,234319548
2024-08-23 13:15:07,28400.0,200,Buy,234319766
2024-08-23 13:15:10,28400.0,1000,Buy,234319851
2024-08-23 13:15:11,28400.0,400,Buy,234319919
2024-08-23 13:15:11,28400.0,1000,Buy,234319881
2024-08-23 13:15:14,28400.0,100,Buy,234319987
2024-08-23 13:15:18,28400.0,500,Buy,234320144
2024-08-23 13:15:21,28400.0,300,Buy,234320225
2024-08-23 13:15:22,28400.0,500,Buy,234320244
2024-08-23 13:15:30,28400.0,500,ATO/ATC,234320519
2024-08-23 13:15:47,28400.0,200,Sell,234321037
2024-08-23 13:16:04,28500.0,300,Buy,234321499
2024-08-23 13:16:05,28400.0,100,Sell,234321530
2024-08-23 13:16:20,28400.0,500,Sell,234322027
2024-08-23 13:16:41,28400.0,1000,Sell,234322561
2024-08-23 13:16:51,28500.0,100,Buy,234322877
2024-08-23 13:16:54,28500.0,3000,Buy,234322962
2024-08-23 13:17:12,28500.0,1000,Buy,234323457
2024-08-23 13:17:39,28500.0,100,Buy,234324184
2024-08-23 13:18:05,28400.0,2000,Sell,234324830
2024-08-23 13:18:07,28400.0,800,Sell,234324867
2024-08-23 13:18:09,28400.0,200,Sell,234324922
2024-08-23 13:18:25,28400.0,10300,Sell,234325330
2024-08-23 13:18:28,28400.0,200,Sell,234325434
2024-08-23 13:18:31,28400.0,500,Sell,234325516
2024-08-23 13:18:34,28400.0,1000,Sell,234325597
2024-08-23 13:18:40,28400.0,5900,Sell,234325744
2024-08-23 13:18:43,28400.0,100,Buy,234325837
2024-08-23 13:20:05,28400.0,1000,Buy,234328243
2024-08-23 13:20:10,28400.0,100,Buy,234328387
2024-08-23 13:20:51,28400.0,500,Buy,234329519
2024-08-23 13:21:12,28300.0,4000,Sell,234330125
2024-08-23 13:21:14,28300.0,2000,Sell,234330174
2024-08-23 13:21:32,28400.0,200,Buy,234330633
2024-08-23 13:22:04,28400.0,1000,Buy,234331672
2024-08-23 13:22:25,28300.0,100,Sell,234332200
2024-08-23 13:23:54,28300.0,5000,Sell,234334871
2024-08-23 13:24:01,28300.0,2000,Sell,234335090
2024-08-23 13:24:19,28300.0,1000,Sell,234335712
2024-08-23 13:24:40,28300.0,2000,Sell,234336395
2024-08-23 13:25:29,28300.0,1300,Sell,234337805
2024-08-23 13:25:42,28300.0,1000,Sell,234338142
2024-08-23 13:25:48,28400.0,5000,Buy,234338297
2024-08-23 13:25:49,28400.0,400,Buy,234338339
2024-08-23 13:25:55,28400.0,18000,Sell,234338516
2024-08-23 13:26:10,28400.0,100,Sell,234338903
2024-08-23 13:26:14,28400.0,100,Sell,234339040
2024-08-23 13:26:17,28500.0,200,Buy,234339129
2024-08-23 13:26:42,28500.0,100,Buy,234339782
2024-08-23 13:26:43,28500.0,700,Buy,234339792
2024-08-23 13:26:50,28500.0,3000,Buy,234339945
2024-08-23 13:27:18,28400.0,100,Sell,234340628
2024-08-23 13:27:31,28400.0,900,Sell,234340948
2024-08-23 13:27:49,28400.0,500,Sell,234341391
2024-08-23 13:27:52,28400.0,100,Sell,234341487
2024-08-23 13:28:19,28400.0,1000,Sell,234342084
2024-08-23 13:28:27,28400.0,100,Sell,234342350
2024-08-23 13:28:37,28400.0,4000,Sell,234342628
2024-08-23 13:28:53,28400.0,1000,Sell,234342968
2024-08-23 13:29:03,28400.0,100,Sell,234343210
2024-08-23 13:29:04,28400.0,100,Sell,234343265
2024-08-23 13:29:15,28400.0,16000,Sell,234343594
2024-08-23 13:29:21,28500.0,8000,Buy,234343728
2024-08-23 13:29:43,28500.0,500,Buy,234344658
2024-08-23 13:29:55,28400.0,100,Sell,234345003
2024-08-23 13:30:34,28500.0,5000,Buy,234346430
2024-08-23 13:30:36,28500.0,400,Buy,234346571
2024-08-23 13:30:50,28500.0,500,Buy,234347194
2024-08-23 13:30:53,28500.0,500,Buy,234347324
2024-08-23 13:30:54,28400.0,9900,Sell,234347405
2024-08-23 13:31:02,28500.0,1000,Buy,234347720
2024-08-23 13:31:07,28400.0,1000,Sell,234347929
2024-08-23 13:31:13,28500.0,40000,Buy,234348241
2024-08-23 13:31:20,28500.0,17500,Buy,234348524
2024-08-23 13:31:23,28500.0,1000,Buy,234348654
2024-08-23 13:31:25,28500.0,5000,Buy,234348759
2024-08-23 13:31:30,28500.0,5200,Buy,234349067
2024-08-23 13:31:31,28500.0,15700,Buy,234349100
2024-08-23 13:31:33,28500.0,2500,Buy,234349203
2024-08-23 13:31:35,28500.0,1000,Buy,234349360
2024-08-23 13:31:40,28500.0,500,ATO/ATC,234349758
2024-08-23 13:31:51,28500.0,5700,Buy,234350346
2024-08-23 13:31:55,28500.0,11300,Buy,234350514
2024-08-23 13:31:59,28500.0,500,Buy,234350791
2024-08-23 13:32:00,28500.0,13500,Sell,234350817
2024-08-23 13:32:06,28500.0,100,Sell,234351220
2024-08-23 13:32:26,28600.0,2000,Buy,234352491
2024-08-23 13:32:30,28600.0,5000,Buy,234352798
2024-08-23 13:32:33,28600.0,20000,Buy,234353015
2024-08-23 13:32:35,28500.0,30800,Sell,234353184
2024-08-23 13:32:37,28600.0,8400,Buy,234353286
2024-08-23 13:32:38,28600.0,50000,Buy,234353302
2024-08-23 13:32:39,28600.0,22800,Buy,234353429
2024-08-23 13:32:46,28600.0,400,Sell,234353838
2024-08-23 13:32:51,28700.0,80000,Buy,234354223
2024-08-23 13:32:54,28700.0,600,Buy,234354420
2024-08-23 13:32:58,28700.0,32200,Buy,234354636
2024-08-23 13:33:00,28700.0,3300,Buy,234354776
2024-08-23 13:33:01,28700.0,12400,Buy,234354842
2024-08-23 13:33:02,28700.0,4500,Buy,234354907
2024-08-23 13:33:03,28700.0,33300,Buy,234354935
2024-08-23 13:33:04,28700.0,4300,Buy,234354978
2024-08-23 13:33:05,28700.0,500,Buy,234355023
2024-08-23 13:33:07,28700.0,3000,Buy,234355120
2024-08-23 13:33:08,28700.0,100,Buy,234355309
2024-08-23 13:33:09,28700.0,29700,Sell,234355338
2024-08-23 13:33:11,28800.0,4000,Buy,234355431
2024-08-23 13:33:18,28800.0,5000,Buy,234355856
2024-08-23 13:33:19,28800.0,4000,Buy,234355942
2024-08-23 13:33:22,28800.0,2000,Buy,234356145
2024-08-23 13:33:24,28800.0,1600,Buy,234356312
2024-08-23 13:33:25,28800.0,900,Buy,234356381
2024-08-23 13:33:27,28800.0,10000,Buy,234356543
2024-08-23 13:33:28,28800.0,10000,Buy,234356627
2024-08-23 13:33:30,28800.0,7600,Buy,234356753
2024-08-23 13:33:33,28800.0,32000,Buy,234357065
2024-08-23 13:33:34,28800.0,4800,Sell,234357095
2024-08-23 13:33:42,28900.0,200,Buy,234357759
2024-08-23 13:33:47,28900.0,20000,Buy,234358032
2024-08-23 13:33:48,28900.0,100,Buy,234358091
2024-08-23 13:33:49,28800.0,300,Sell,234358149
2024-08-23 13:33:50,28900.0,400,Buy,234358216
2024-08-23 13:33:52,28900.0,400,Buy,234358333
2024-08-23 13:33:53,28900.0,1000,Buy,234358467
2024-08-23 13:33:55,28900.0,6100,Buy,234358668
2024-08-23 13:33:59,28900.0,900,Buy,234358941
2024-08-23 13:34:02,28900.0,400,Buy,234359194
2024-08-23 13:34:06,28900.0,500,Buy,234359472
2024-08-23 13:34:07,28900.0,21000,Buy,234359520
2024-08-23 13:34:08,28900.0,500,Buy,234359574
2024-08-23 13:34:09,28900.0,2200,Buy,234359633
2024-08-23 13:34:12,28900.0,47900,Sell,234359831
2024-08-23 13:34:14,28900.0,100,Sell,234359981
2024-08-23 13:34:17,28900.0,100,Sell,234360163
2024-08-23 13:34:18,28900.0,100,Sell,234360226
2024-08-23 13:34:22,28900.0,4100,Sell,234360520
2024-08-23 13:34:23,28900.0,100,Sell,234360572
2024-08-23 13:34:30,28900.0,2000,Sell,234360912
2024-08-23 13:34:32,29000.0,2500,Buy,234361059
2024-08-23 13:34:36,28900.0,3000,Sell,234361286
2024-08-23 13:34:38,28900.0,3300,Sell,234361387
2024-08-23 13:34:40,28900.0,200,Sell,234361647
2024-08-23 13:34:45,28900.0,4000,Sell,234361978
2024-08-23 13:34:50,28900.0,400,Sell,234362302
2024-08-23 13:34:57,29000.0,4000,Buy,234362603
2024-08-23 13:34:58,28900.0,100,Sell,234362655
2024-08-23 13:35:00,28900.0,1000,Sell,234362786
2024-08-23 13:35:01,28900.0,100,Sell,234362848
2024-08-23 13:35:02,28900.0,1000,Sell,234362880
2024-08-23 13:35:05,29000.0,10200,Buy,234362996
2024-08-23 13:35:06,28900.0,600,Sell,234363064
2024-08-23 13:35:09,29000.0,2000,Buy,234363183
2024-08-23 13:35:14,28900.0,100,Sell,234363377
2024-08-23 13:35:15,29000.0,17200,Buy,234363418
2024-08-23 13:35:17,29000.0,1000,Buy,234363488
2024-08-23 13:35:18,29000.0,1000,Buy,234363520
2024-08-23 13:35:19,29000.0,3000,Buy,234363566
2024-08-23 13:35:21,29000.0,300,Buy,234363667
2024-08-23 13:35:27,29000.0,2500,Buy,234364074
2024-08-23 13:35:29,28900.0,500,Sell,234364185
2024-08-23 13:35:36,29000.0,14300,Buy,234364545
2024-08-23 13:35:37,28900.0,100,Sell,234364595
2024-08-23 13:35:38,29000.0,200,Buy,234364629
2024-08-23 13:35:39,29000.0,10000,Buy,234364675
2024-08-23 13:35:42,29000.0,3000,Buy,234364927
2024-08-23 13:35:44,28900.0,300,Sell,234365041
2024-08-23 13:35:45,28900.0,500,Sell,234365097
2024-08-23 13:35:47,29000.0,2300,Buy,234365184
2024-08-23 13:35:48,29000.0,5000,Buy,234365229
2024-08-23 13:35:49,29000.0,5800,Buy,234365307
2024-08-23 13:35:50,28900.0,700,Sell,234365351
2024-08-23 13:35:56,29000.0,200,Buy,234365670
2024-08-23 13:36:02,29000.0,500,Buy,234365992
2024-08-23 13:36:07,29000.0,1000,Buy,234366236
2024-08-23 13:36:11,29000.0,300,Buy,234366468
2024-08-23 13:36:17,29000.0,700,Buy,234366917
2024-08-23 13:36:19,29000.0,5000,Buy,234366993
2024-08-23 13:36:20,29000.0,10000,Buy,234367033
2024-08-23 13:36:21,29000.0,5000,Buy,234367089
2024-08-23 13:36:23,29000.0,5000,Buy,234367208
2024-08-23 13:36:26,29000.0,20000,Buy,234367304
2024-08-23 13:36:26,29000.0,500,Buy,234367355
2024-08-23 13:36:27,29000.0,13800,Buy,234367439
2024-08-23 13:36:30,28900.0,3500,Sell,234367582
2024-08-23 13:36:30,29000.0,2000,Buy,234367610
2024-08-23 13:36:33,29000.0,500,Buy,234367703
2024-08-23 13:36:34,29000.0,100,Buy,234367732
2024-08-23 13:36:36,29000.0,10000,Buy,234367806
2024-08-23 13:36:36,29000.0,100,Buy,234367838
2024-08-23 13:36:38,29000.0,300,Buy,234367931
2024-08-23 13:36:40,29000.0,100,Buy,234367959
2024-08-23 13:36:41,29000.0,2000,Buy,234368008
2024-08-23 13:36:42,29000.0,500,Buy,234368143
2024-08-23 13:36:45,29000.0,200,Buy,234368224
2024-08-23 13:36:48,29000.0,2000,Buy,234368437
2024-08-23 13:36:48,29000.0,15000,Buy,234368464
2024-08-23 13:36:52,29000.0,3000,Buy,234368587
2024-08-23 13:36:53,28900.0,10200,Sell,234368665
2024-08-23 13:36:57,28900.0,10000,Sell,234368803
2024-08-23 13:36:58,29000.0,1000,Buy,234368895
2024-08-23 13:37:01,29000.0,2000,Buy,234369018
2024-08-23 13:37:03,29000.0,100,Buy,234369156
2024-08-23 13:37:06,29000.0,1000,Buy,234369239
2024-08-23 13:37:07,29000.0,3800,Buy,234369362
2024-08-23 13:37:08,28900.0,200,Sell,234369385
2024-08-23 13:37:11,28900.0,200,Sell,234369520
2024-08-23 13:37:12,28900.0,20000,Sell,234369542
2024-08-23 13:37:14,28900.0,100,Sell,234369580
2024-08-23 13:37:15,28900.0,4100,Buy,234369652
2024-08-23 13:37:18,28900.0,300,Buy,234369756
2024-08-23 13:37:19,28900.0,1200,Buy,234369823
2024-08-23 13:37:20,28900.0,500,Buy,234369875
2024-08-23 13:37:21,28900.0,1600,Buy,234369985
2024-08-23 13:37:23,28900.0,10000,Buy,234370123
2024-08-23 13:37:32,28900.0,400,Buy,234370540
2024-08-23 13:37:34,28800.0,43900,Sell,234370711
2024-08-23 13:37:34,28900.0,2500,Buy,234370756
2024-08-23 13:37:47,28800.0,500,Sell,234371365
2024-08-23 13:37:51,28900.0,800,Buy,234371696
2024-08-23 13:37:54,28900.0,400,Buy,234371940
2024-08-23 13:37:57,28800.0,1000,Sell,234372022
2024-08-23 13:38:00,28800.0,8000,Sell,234372236
2024-08-23 13:38:01,28800.0,500,Sell,234372272
2024-08-23 13:38:01,28800.0,500,Sell,234372321
2024-08-23 13:38:07,28800.0,1000,Sell,234372579
2024-08-23 13:38:08,28800.0,2300,Buy,234372606
2024-08-23 13:38:09,28700.0,2000,Sell,234372715
2024-08-23 13:38:11,28800.0,500,Buy,234372900
2024-08-23 13:38:16,28800.0,500,Buy,234373084
2024-08-23 13:38:17,28800.0,2000,Buy,234373176
2024-08-23 13:38:23,28800.0,200,Buy,234373472
2024-08-23 13:38:28,28800.0,2000,Buy,234373646
2024-08-23 13:38:45,28800.0,8300,Sell,234374356
2024-08-23 13:38:50,28800.0,1000,Sell,234374548
2024-08-23 13:38:51,28800.0,100,Sell,234374577
2024-08-23 13:38:52,28800.0,3000,Sell,234374622
2024-08-23 13:38:53,28800.0,200,Sell,234374661
2024-08-23 13:38:57,28900.0,200,Buy,234374763
2024-08-23 13:39:03,28800.0,2500,Sell,234374997
2024-08-23 13:39:05,28800.0,200,Sell,234375044
2024-08-23 13:39:11,28800.0,400,Sell,234375358
2024-08-23 13:39:19,28800.0,3000,Sell,234375729
2024-08-23 13:39:23,28800.0,1000,Sell,234375906
2024-08-23 13:39:24,28800.0,400,Sell,234375939
2024-08-23 13:39:25,28800.0,6900,Buy,234375970
2024-08-23 13:39:28,28800.0,2000,Buy,234376155
2024-08-23 13:39:30,28800.0,300,Buy,234376222
2024-08-23 13:39:36,28800.0,3000,Buy,234376442
2024-08-23 13:39:43,28800.0,10000,Buy,234376694
2024-08-23 13:39:49,28800.0,2000,Buy,234376929
2024-08-23 13:39:50,28800.0,5000,Buy,234376983
2024-08-23 13:40:02,28800.0,200,Buy,234377377
2024-08-23 13:40:06,28800.0,500,Buy,234377598
2024-08-23 13:40:17,28800.0,10000,Buy,234378062
2024-08-23 13:40:25,28700.0,15000,Sell,234378419
2024-08-23 13:40:33,28700.0,100,Sell,234378802
2024-08-23 13:40:35,28800.0,200,Buy,234378886
2024-08-23 13:40:36,28700.0,1000,Sell,234378949
2024-08-23 13:40:38,28800.0,3000,Buy,234379048
2024-08-23 13:40:48,28700.0,300,Sell,234379424
2024-08-23 13:40:57,28800.0,100,Buy,234379770
2024-08-23 13:40:58,28800.0,1000,Buy,234379806
2024-08-23 13:41:08,28800.0,300,Buy,234380181
2024-08-23 13:41:16,28700.0,100,Sell,234380508
2024-08-23 13:41:37,28800.0,3000,Buy,234381300
2024-08-23 13:41:41,28700.0,700,Sell,234381523
2024-08-23 13:41:49,28700.0,45000,Sell,234381767
2024-08-23 13:41:53,28700.0,600,Sell,234381919
2024-08-23 13:41:54,28700.0,5400,Sell,234381957
2024-08-23 13:42:01,28700.0,100,Buy,234382239
2024-08-23 13:42:11,28700.0,500,Buy,234382491
2024-08-23 13:42:14,28700.0,200,Buy,234382590
2024-08-23 13:42:24,28700.0,1000,Buy,234382925
2024-08-23 13:42:43,28700.0,200,Buy,234383451
2024-08-23 13:42:47,28700.0,300,Buy,234383598
2024-08-23 13:42:56,28700.0,2400,Buy,234383904
2024-08-23 13:43:00,28700.0,500,Buy,234384004
2024-08-23 13:43:20,28700.0,200,Buy,234384802
2024-08-23 13:43:45,28700.0,400,Buy,234385619
2024-08-23 13:43:53,28700.0,200,Buy,234385935
2024-08-23 13:44:13,28600.0,100,Sell,234386486
2024-08-23 13:44:26,28700.0,300,Buy,234386897
2024-08-23 13:44:28,28600.0,500,Sell,234386963
2024-08-23 13:44:36,28600.0,500,Sell,234387264
2024-08-23 13:44:38,28600.0,200,Sell,234387324
2024-08-23 13:44:45,28600.0,2900,Sell,234387462
2024-08-23 13:44:50,28700.0,4000,Buy,234387650
2024-08-23 13:44:51,28600.0,1000,Sell,234387678
2024-08-23 13:44:59,28700.0,200,Buy,234387865
2024-08-23 13:45:00,28600.0,5000,Sell,234387931
2024-08-23 13:45:14,28600.0,800,Sell,234388361
2024-08-23 13:45:24,28600.0,100,Sell,234388754
2024-08-23 13:45:26,28600.0,1000,Sell,234388807
2024-08-23 13:45:32,28700.0,200,Buy,234388992
2024-08-23 13:46:05,28700.0,300,Buy,234390232
2024-08-23 13:46:07,28700.0,12200,Buy,234390317
2024-08-23 13:46:27,28700.0,200,Buy,234390944
2024-08-23 13:46:38,28700.0,200,Buy,234391276
2024-08-23 13:46:44,28600.0,200,Sell,234391458
2024-08-23 13:46:51,28700.0,1300,Buy,234391638
2024-08-23 13:46:56,28700.0,200,Buy,234391806
2024-08-23 13:47:11,28700.0,200,Buy,234392195
2024-08-23 13:47:21,28700.0,800,Buy,234392620
2024-08-23 13:47:22,28700.0,500,Buy,234392651
2024-08-23 13:47:34,28600.0,100,Sell,234393019
2024-08-23 13:47:38,28600.0,3200,Sell,234393118
2024-08-23 13:47:41,28600.0,500,Sell,234393187
2024-08-23 13:47:43,28700.0,1000,Buy,234393247
2024-08-23 13:47:44,28700.0,200,Buy,234393271
2024-08-23 13:47:54,28700.0,3300,Buy,234393609
2024-08-23 13:48:17,28700.0,300,Buy,234394218
2024-08-23 13:48:18,28700.0,2000,Buy,234394245
2024-08-23 13:48:37,28700.0,400,Buy,234394860
2024-08-23 13:48:40,28600.0,400,Sell,234394989
2024-08-23 13:48:47,28600.0,30200,Sell,234395186
2024-08-23 13:48:50,28700.0,200,Buy,234395261
2024-08-23 13:48:56,28600.0,15900,Buy,234395381
2024-08-23 13:49:04,28600.0,5200,Sell,234395695
2024-08-23 13:49:07,28600.0,300,Sell,234395791
2024-08-23 13:49:20,28600.0,600,Sell,234396134
2024-08-23 13:49:23,28700.0,200,Buy,234396200
2024-08-23 13:49:38,28600.0,7500,Sell,234396693
2024-08-23 13:49:47,28600.0,1600,Buy,234397044
2024-08-23 13:49:56,28600.0,1300,Buy,234397413
2024-08-23 13:50:06,28600.0,700,Buy,234397681
2024-08-23 13:50:20,28600.0,500,Buy,234398228
2024-08-23 13:50:29,28600.0,200,Buy,234398467
2024-08-23 13:50:32,28600.0,8200,Buy,234398567
2024-08-23 13:50:59,28600.0,1000,Sell,234399318
2024-08-23 13:51:01,28700.0,200,Buy,234399383
2024-08-23 13:51:34,28700.0,300,Buy,234400236
2024-08-23 13:51:45,28600.0,400,Sell,234400554
2024-08-23 13:51:48,28600.0,100,Sell,234400660
2024-08-23 13:52:07,28700.0,200,Buy,234401203
2024-08-23 13:52:08,28600.0,800,Sell,234401239
2024-08-23 13:52:40,28700.0,200,Buy,234402117
2024-08-23 13:53:06,28700.0,1000,Buy,234402855
2024-08-23 13:53:12,28700.0,300,Buy,234402971
2024-08-23 13:53:45,28700.0,200,Buy,234403996
2024-08-23 13:54:11,28700.0,300,Buy,234404623
2024-08-23 13:54:18,28700.0,200,Buy,234404773
2024-08-23 13:54:26,28700.0,900,Buy,234404970
2024-08-23 13:54:51,28700.0,300,Buy,234405691
2024-08-23 13:55:08,28700.0,200,Buy,234406140
2024-08-23 13:55:11,28700.0,1000,Buy,234406203
2024-08-23 13:55:24,28700.0,200,Buy,234406492
2024-08-23 13:55:28,28700.0,10000,Buy,234406622
2024-08-23 13:55:57,28700.0,200,Buy,234407433
2024-08-23 13:56:07,28600.0,100,Sell,234407718
2024-08-23 13:56:21,28700.0,10000,Buy,234408047
2024-08-23 13:56:30,28700.0,300,Buy,234408211
2024-08-23 13:56:37,28700.0,500,Buy,234408414
2024-08-23 13:56:52,28600.0,300,Sell,234408758
2024-08-23 13:56:58,28700.0,200,Buy,234408905
2024-08-23 13:57:03,28700.0,200,Buy,234409037
2024-08-23 13:57:28,28600.0,4000,Sell,234409719
2024-08-23 13:57:36,28700.0,200,Buy,234409900
2024-08-23 13:57:53,28600.0,6000,Sell,234410313
2024-08-23 13:57:55,28700.0,100,Buy,234410361
2024-08-23 13:58:00,28700.0,1000,Buy,234410453
2024-08-23 13:58:05,28600.0,2000,Sell,234410559
2024-08-23 13:58:09,28700.0,300,Buy,234410731
2024-08-23 13:58:29,28700.0,1000,Buy,234411227
2024-08-23 13:58:42,28700.0,200,Buy,234411561
2024-08-23 13:59:04,28600.0,300,Sell,234412302
2024-08-23 13:59:06,28700.0,200,Buy,234412338
2024-08-23 13:59:15,28700.0,200,Buy,234412573
2024-08-23 13:59:22,28600.0,21000,Sell,234412799
2024-08-23 13:59:30,28600.0,1000,Sell,234413058
2024-08-23 13:59:32,28600.0,2000,Sell,234413133
2024-08-23 13:59:39,28600.0,1500,Sell,234413284
2024-08-23 13:59:45,28600.0,1000,Buy,234413468
2024-08-23 13:59:48,28600.0,300,Buy,234413527
2024-08-23 13:59:56,28600.0,500,Buy,234413662
2024-08-23 14:00:02,28600.0,300,Buy,234413786
2024-08-23 14:00:03,28600.0,2000,Buy,234413810
2024-08-23 14:00:18,28600.0,400,Buy,234414302
2024-08-23 14:00:21,28600.0,100,Buy,234414346
2024-08-23 14:00:21,28600.0,200,Buy,234414373
2024-08-23 14:00:22,28600.0,2000,Buy,234414405
2024-08-23 14:00:30,28600.0,100,Buy,234414640
2024-08-23 14:00:32,28600.0,200,Buy,234414698
2024-08-23 14:00:37,28500.0,1000,Sell,234414853
2024-08-23 14:00:37,28500.0,200,Sell,234414864
2024-08-23 14:00:39,28600.0,5000,Buy,234414901
2024-08-23 14:00:54,28600.0,200,Buy,234415266
2024-08-23 14:01:08,28600.0,900,Buy,234415651
2024-08-23 14:01:14,28600.0,100,Buy,234415781
2024-08-23 14:01:28,28600.0,300,Buy,234416128
2024-08-23 14:01:30,28600.0,1000,Buy,234416181
2024-08-23 14:01:34,28600.0,500,Buy,234416276
2024-08-23 14:02:00,28600.0,200,Buy,234417105
2024-08-23 14:02:06,28600.0,5000,Buy,234417261
2024-08-23 14:02:13,28600.0,7100,Buy,234417451
2024-08-23 14:02:17,28600.0,300,Sell,234417554
2024-08-23 14:02:24,28600.0,200,Sell,234417797
2024-08-23 14:02:33,28700.0,200,Buy,234418037
2024-08-23 14:02:48,28700.0,200,Buy,234418453
2024-08-23 14:02:57,28700.0,5000,Buy,234418642
2024-08-23 14:03:06,28700.0,300,Buy,234418834
2024-08-23 14:03:39,28700.0,200,Buy,234419594
2024-08-23 14:03:52,28600.0,3000,Sell,234419860
2024-08-23 14:04:10,28600.0,300,Sell,234420323
2024-08-23 14:04:12,28700.0,200,Buy,234420374
2024-08-23 14:04:13,28600.0,12800,Buy,234420406
2024-08-23 14:04:22,28600.0,2200,Buy,234420646
2024-08-23 14:04:45,28700.0,300,Buy,234421325
2024-08-23 14:04:48,28600.0,200,Sell,234421455
2024-08-23 14:04:54,28600.0,1000,Sell,234421581
2024-08-23 14:05:05,28600.0,1000,Sell,234421916
2024-08-23 14:05:10,28600.0,1000,Sell,234422046
2024-08-23 14:05:16,28600.0,1000,Sell,234422169
2024-08-23 14:05:18,28700.0,200,Buy,234422200
2024-08-23 14:05:23,28600.0,500,Sell,234422265
2024-08-23 14:05:32,28600.0,1300,Sell,234422654
2024-08-23 14:05:51,28700.0,200,Buy,234423223
2024-08-23 14:06:17,28700.0,2000,Buy,234423939
2024-08-23 14:06:24,28700.0,300,Buy,234424141
2024-08-23 14:06:28,28600.0,300,Sell,234424253
2024-08-23 14:06:57,28700.0,200,Buy,234425234
2024-08-23 14:07:00,28600.0,12000,Sell,234425344
2024-08-23 14:07:06,28600.0,100,Sell,234425783
2024-08-23 14:07:09,28600.0,10000,Sell,234425901
2024-08-23 14:07:10,28600.0,100,Sell,234425922
2024-08-23 14:07:12,28600.0,9400,Buy,234425993
2024-08-23 14:07:30,28600.0,300,Buy,234426668
2024-08-23 14:07:34,28600.0,500,Buy,234426846
2024-08-23 14:08:03,28600.0,300,Buy,234427906
2024-08-23 14:08:19,28500.0,9000,Sell,234428286
2024-08-23 14:08:28,28500.0,500,Sell,234428536
2024-08-23 14:08:36,28600.0,200,Buy,234428829
2024-08-23 14:08:55,28600.0,100,Buy,234429478
2024-08-23 14:09:03,28500.0,500,Sell,234429728
2024-08-23 14:09:09,28600.0,200,Buy,234429856
2024-08-23 14:09:27,28500.0,2800,Sell,234430492
2024-08-23 14:09:36,28600.0,1000,Buy,234430786
2024-08-23 14:09:42,28600.0,300,Buy,234431032
2024-08-23 14:09:44,28500.0,400,Sell,234431113
2024-08-23 14:09:51,28500.0,500,Sell,234431545
2024-08-23 14:10:15,28600.0,200,Buy,234432436
2024-08-23 14:10:23,28500.0,500,Sell,234432771
2024-08-23 14:10:28,28500.0,64200,Sell,234432940
2024-08-23 14:10:35,28500.0,7500,Sell,234433311
2024-08-23 14:10:41,28500.0,2400,Sell,234433558
2024-08-23 14:10:45,28500.0,500,Sell,234433690
2024-08-23 14:10:48,28600.0,200,Buy,234433811
2024-08-23 14:11:21,28600.0,300,Buy,234435090
2024-08-23 14:11:30,28500.0,1000,Sell,234435435
2024-08-23 14:11:42,28500.0,200,Sell,234435879
2024-08-23 14:11:54,28600.0,200,Buy,234436203
2024-08-23 14:12:01,28600.0,2000,Buy,234436425
2024-08-23 14:12:09,28500.0,9500,Sell,234436909
2024-08-23 14:12:17,28600.0,100,Buy,234437129
2024-08-23 14:12:27,28600.0,200,Buy,234437570
2024-08-23 14:12:35,28600.0,200,Buy,234437761
2024-08-23 14:12:59,28600.0,300,Buy,234438556
2024-08-23 14:13:08,28500.0,1000,Sell,234438822
2024-08-23 14:13:32,28600.0,200,Buy,234439575
2024-08-23 14:13:51,28600.0,4000,Buy,234440211
2024-08-23 14:13:54,28600.0,100,Buy,234440278
2024-08-23 14:13:57,28600.0,500,Buy,234440381
2024-08-23 14:14:05,28600.0,200,Buy,234440731
2024-08-23 14:14:12,28500.0,100,Sell,234441072
2024-08-23 14:14:32,28500.0,2000,Sell,234441964
2024-08-23 14:14:38,28600.0,200,Buy,234442126
2024-08-23 14:15:06,28600.0,10000,Buy,234443281
2024-08-23 14:15:11,28600.0,300,Buy,234443380
2024-08-23 14:15:12,28600.0,9800,Buy,234443399
2024-08-23 14:15:18,28600.0,500,Buy,234443539
2024-08-23 14:15:20,28600.0,100,Buy,234443595
2024-08-23 14:15:21,28600.0,1000,Buy,234443621
2024-08-23 14:15:30,28600.0,2000,Buy,234443846
2024-08-23 14:15:34,28600.0,7000,Buy,234443974
2024-08-23 14:15:37,28600.0,4100,Buy,234444432
2024-08-23 14:15:38,28600.0,200,Buy,234444465
2024-08-23 14:15:43,28700.0,200,Buy,234444994
2024-08-23 14:16:04,28700.0,3800,Buy,234445815
2024-08-23 14:16:06,28600.0,500,Sell,234445885
2024-08-23 14:16:16,28700.0,200,Buy,234446393
2024-08-23 14:16:27,28600.0,5000,Sell,234446874
2024-08-23 14:16:43,28600.0,100,Sell,234447376
2024-08-23 14:16:49,28700.0,300,Buy,234447568
2024-08-23 14:16:51,28700.0,500,Buy,234447732
2024-08-23 14:16:52,28600.0,200,Sell,234447757
2024-08-23 14:17:22,28700.0,200,Buy,234449156
2024-08-23 14:17:45,28700.0,1400,Buy,234449856
2024-08-23 14:17:55,28700.0,200,Buy,234450157
2024-08-23 14:18:28,28700.0,300,Buy,234451439
2024-08-23 14:18:48,28700.0,500,Buy,234452184
2024-08-23 14:19:01,28700.0,200,Buy,234452738
2024-08-23 14:19:32,28600.0,100,Sell,234454090
2024-08-23 14:19:34,28700.0,200,Buy,234454168
2024-08-23 14:19:38,28700.0,40000,Buy,234454321
2024-08-23 14:19:53,28700.0,4000,Buy,234454934
2024-08-23 14:19:57,28700.0,20000,Buy,234455120
2024-08-23 14:19:58,28700.0,1300,Buy,234455162
2024-08-23 14:20:03,28700.0,100,Sell,234455333
2024-08-23 14:20:07,28800.0,300,Buy,234455541
2024-08-23 14:20:18,28800.0,600,Buy,234456343
2024-08-23 14:20:40,28800.0,200,Buy,234457383
2024-08-23 14:20:48,28800.0,1900,Buy,234457808
2024-08-23 14:21:03,28800.0,100,Buy,234458809
2024-08-23 14:21:13,28800.0,500,Buy,234459388
2024-08-23 14:21:33,28800.0,100,Buy,234460443
2024-08-23 14:21:46,28800.0,300,Buy,234461164
2024-08-23 14:21:47,28800.0,100,Buy,234461245
2024-08-23 14:21:59,28800.0,500,Buy,234461772
2024-08-23 14:22:19,28800.0,200,Buy,234463102
2024-08-23 14:22:23,28800.0,500,Buy,234463266
2024-08-23 14:22:53,28800.0,200,Buy,234465160
2024-08-23 14:23:03,28800.0,500,Buy,234465940
2024-08-23 14:23:03,28800.0,10000,Buy,234466018
2024-08-23 14:23:15,28800.0,10000,Buy,234466712
2024-08-23 14:23:23,28800.0,2000,Buy,234467197
2024-08-23 14:23:26,28800.0,5100,Buy,234467357
2024-08-23 14:23:28,28700.0,15000,Sell,234467515
2024-08-23 14:23:32,28800.0,20000,Buy,234467695
2024-08-23 14:23:42,28800.0,1000,Buy,234468380
2024-08-23 14:23:51,28800.0,2000,Buy,234469061
2024-08-23 14:23:58,28800.0,200,Buy,234469570
2024-08-23 14:24:00,28800.0,2500,Buy,234469643
2024-08-23 14:24:05,28800.0,1500,Buy,234469967
2024-08-23 14:24:11,28800.0,4500,Buy,234470379
2024-08-23 14:24:13,28800.0,200,Buy,234470545
2024-08-23 14:24:14,28800.0,1000,Buy,234470625
2024-08-23 14:24:17,28800.0,1000,Buy,234470759
2024-08-23 14:24:19,28800.0,200,Buy,234470854
2024-08-23 14:24:31,28800.0,200,Buy,234471577
2024-08-23 14:24:45,28800.0,500,Buy,234472291
2024-08-23 14:24:46,28800.0,100,Buy,234472419
2024-08-23 14:25:04,28800.0,300,Buy,234473523
2024-08-23 14:25:34,28800.0,200,Buy,234475258
2024-08-23 14:25:37,28800.0,4200,Buy,234475419
2024-08-23 14:25:43,28700.0,600,Sell,234475820
2024-08-23 14:25:56,28700.0,5000,Sell,234476561
2024-08-23 14:26:09,28800.0,1100,Buy,234477289
2024-08-23 14:26:10,28800.0,200,Buy,234477357
2024-08-23 14:26:11,28800.0,3000,Buy,234477448
2024-08-23 14:26:12,28700.0,20000,Sell,234477509
2024-08-23 14:26:15,28800.0,500,Buy,234477771
2024-08-23 14:26:20,28700.0,2000,Sell,234478108
2024-08-23 14:26:27,28800.0,25000,Buy,234478662
2024-08-23 14:26:43,28800.0,300,Buy,234479782
2024-08-23 14:26:58,28800.0,10000,Buy,234480826
2024-08-23 14:27:11,28800.0,10000,Buy,234481796
2024-08-23 14:27:16,28800.0,200,Buy,234482167
2024-08-23 14:27:24,28700.0,6000,Sell,234482836
2024-08-23 14:27:36,28700.0,500,Sell,234483529
2024-08-23 14:27:37,28700.0,100,Sell,234483589
2024-08-23 14:27:38,28700.0,3000,Sell,234483641
2024-08-23 14:27:47,28700.0,500,Sell,234484234
2024-08-23 14:27:49,28800.0,200,Buy,234484348
2024-08-23 14:27:51,28700.0,3000,Sell,234484485
2024-08-23 14:28:22,28800.0,200,Buy,234486419
2024-08-23 14:28:27,28700.0,100,Sell,234486765
2024-08-23 14:28:43,28700.0,1000,Sell,234487936
2024-08-23 14:28:46,28700.0,300,Sell,234488140
2024-08-23 14:28:48,28700.0,1500,Sell,234488306
2024-08-23 14:28:51,28700.0,1000,Sell,234488479
2024-08-23 14:28:55,28700.0,1300,Sell,234488680
2024-08-23 14:29:04,28700.0,1000,Sell,234489298
2024-08-23 14:29:05,28700.0,3000,Sell,234489362
2024-08-23 14:29:09,28700.0,500,Sell,234489652
2024-08-23 14:29:11,28700.0,500,Sell,234489841
2024-08-23 14:29:18,28700.0,800,Sell,234490390
2024-08-23 14:29:19,28700.0,2100,Sell,234490440
2024-08-23 14:29:20,28700.0,20000,Sell,234490519
2024-08-23 14:29:21,28700.0,1000,Sell,234490592
2024-08-23 14:29:25,28700.0,100,Sell,234490843
2024-08-23 14:29:29,28700.0,1000,Buy,234491072
2024-08-23 14:29:38,28700.0,400,Buy,234491737
2024-08-23 14:29:47,28600.0,5000,Sell,234492244
2024-08-23 14:29:53,28700.0,4900,Buy,234492735
2024-08-23 14:45:12,28700.0,93300,Sell,234494154
2024-08-23 14:55:12,28700.0,100,Buy,234494823
