time,price,volume,match_type,id
2024-08-30 09:00:08,27900.0,1000,Sell,235891738
2024-08-30 09:00:10,28100.0,300,Sell,235891755
2024-08-30 09:00:18,28100.0,100,Sell,235891811
2024-08-30 09:01:18,28200.0,200,Sell,235892009
2024-08-30 09:01:52,28200.0,800,Sell,235892078
2024-08-30 09:03:07,28200.0,100,Buy,235892192
2024-08-30 09:05:27,28200.0,1000,Buy,235892440
2024-08-30 09:05:37,28200.0,2000,Buy,235892457
2024-08-30 09:05:44,28200.0,1000,Buy,235892472
2024-08-30 09:05:54,28200.0,1000,Buy,235892494
2024-08-30 09:10:09,28200.0,500,Buy,235892873
2024-08-30 09:12:20,28200.0,2000,Buy,235893088
2024-08-30 09:12:39,28200.0,200,Buy,235893121
2024-08-30 09:14:26,28200.0,1900,Buy,235893304
2024-08-30 09:15:21,28200.0,1000,Buy,235893834
2024-08-30 09:16:29,28200.0,200,Buy,235894982
2024-08-30 09:18:27,28200.0,100,Buy,235896612
2024-08-30 09:19:27,28100.0,100,Sell,235897511
2024-08-30 09:19:45,28200.0,1000,Buy,235897863
2024-08-30 09:19:54,28200.0,100,Buy,235898019
2024-08-30 09:20:34,28100.0,900,Sell,235898711
2024-08-30 09:21:39,28100.0,100,Sell,235899514
2024-08-30 09:23:05,28100.0,1000,Sell,235901219
2024-08-30 09:23:06,28100.0,10000,Sell,235901229
2024-08-30 09:23:10,28100.0,100,Sell,235901294
2024-08-30 09:23:12,28100.0,8100,Sell,235901317
2024-08-30 09:23:13,28100.0,10000,Sell,235901327
2024-08-30 09:23:15,28100.0,14500,Sell,235901422
2024-08-30 09:23:25,28100.0,1000,Sell,235901581
2024-08-30 09:23:36,28100.0,1000,Sell,235901867
2024-08-30 09:23:40,28200.0,100,Buy,235901922
2024-08-30 09:24:00,28100.0,100,Sell,235902291
2024-08-30 09:24:12,28100.0,200,Sell,235902551
2024-08-30 09:24:38,28100.0,100,Sell,235903155
2024-08-30 09:25:02,28100.0,500,Sell,235903621
2024-08-30 09:25:04,28100.0,100,Sell,235903670
2024-08-30 09:25:16,28100.0,100,Sell,235903898
2024-08-30 09:25:21,28100.0,6000,Sell,235904014
2024-08-30 09:25:33,28100.0,100,Sell,235904193
2024-08-30 09:25:37,28100.0,100,Sell,235904260
2024-08-30 09:25:39,28100.0,500,Sell,235904315
2024-08-30 09:25:58,28100.0,100,Sell,235904716
2024-08-30 09:26:01,28100.0,100,Sell,235904761
2024-08-30 09:26:24,28100.0,100,Sell,235905136
2024-08-30 09:26:50,28100.0,100,Sell,235905502
2024-08-30 09:27:10,28100.0,1000,Sell,235905825
2024-08-30 09:27:17,28100.0,100,Sell,235905956
2024-08-30 09:27:44,28100.0,100,Sell,235906395
2024-08-30 09:28:00,28100.0,500,Sell,235906765
2024-08-30 09:28:05,28100.0,2000,Sell,235906857
2024-08-30 09:28:09,28100.0,100,Sell,235906947
2024-08-30 09:28:34,28100.0,100,Sell,235907376
2024-08-30 09:29:01,28100.0,100,Sell,235907840
2024-08-30 09:29:27,28100.0,100,Sell,235908287
2024-08-30 09:29:53,28100.0,100,Sell,235908858
2024-08-30 09:30:04,28100.0,1100,Sell,235909033
2024-08-30 09:30:19,28100.0,100,Sell,235909267
2024-08-30 09:30:30,28100.0,200,Sell,235909442
2024-08-30 09:30:37,28100.0,300,Sell,235909590
2024-08-30 09:30:45,28100.0,100,Sell,235909720
2024-08-30 09:31:11,28100.0,100,Sell,235910211
2024-08-30 09:31:38,28100.0,100,Sell,235910618
2024-08-30 09:31:50,28200.0,700,Buy,235910953
2024-08-30 09:31:56,28200.0,10000,Buy,235911095
2024-08-30 09:32:03,28100.0,100,Sell,235911198
2024-08-30 09:32:17,28200.0,3000,Buy,235911549
2024-08-30 09:32:30,28100.0,100,Sell,235911874
2024-08-30 09:32:56,28100.0,100,Sell,235912409
2024-08-30 09:33:23,28100.0,100,Sell,235913083
2024-08-30 09:33:50,28100.0,100,Sell,235913680
2024-08-30 09:34:16,28100.0,100,Sell,235914259
2024-08-30 09:34:30,28100.0,2000,Sell,235914679
2024-08-30 09:34:43,28100.0,100,Sell,235914984
2024-08-30 09:35:09,28100.0,100,Sell,235915547
2024-08-30 09:35:35,28100.0,100,Sell,235916118
2024-08-30 09:35:45,28100.0,16100,Sell,235916301
2024-08-30 09:36:02,28100.0,100,Sell,235916731
2024-08-30 09:36:28,28100.0,100,Sell,235917306
2024-08-30 09:36:51,28100.0,40400,Sell,235917741
2024-08-30 09:36:53,28100.0,100,Sell,235917764
2024-08-30 09:37:19,28100.0,100,Sell,235918189
2024-08-30 09:37:46,28100.0,100,Sell,235918706
2024-08-30 09:38:13,28100.0,100,Sell,235919184
2024-08-30 09:38:40,28100.0,100,Sell,235919693
2024-08-30 09:38:50,28100.0,12600,Buy,235919886
2024-08-30 09:39:06,28000.0,100,Sell,235920140
2024-08-30 09:39:11,28000.0,600,Sell,235920303
2024-08-30 09:39:32,28000.0,100,Sell,235920704
2024-08-30 09:39:51,28100.0,5000,Buy,235921017
2024-08-30 09:39:59,28000.0,100,Sell,235921162
2024-08-30 09:40:15,28000.0,500,Sell,235921436
2024-08-30 09:40:26,28000.0,100,Sell,235921627
2024-08-30 09:40:47,28100.0,700,Buy,235921906
2024-08-30 09:40:52,28000.0,100,Sell,235921965
2024-08-30 09:40:55,28000.0,1200,Sell,235922026
2024-08-30 09:41:18,28000.0,100,Sell,235922376
2024-08-30 09:41:29,28100.0,100,Buy,235922572
2024-08-30 09:41:45,28000.0,100,Sell,235922962
2024-08-30 09:41:56,28100.0,100,Buy,235923157
2024-08-30 09:42:11,28100.0,3300,Buy,235923598
2024-08-30 09:42:38,28100.0,400,Buy,235924164
2024-08-30 09:42:42,28100.0,200,Buy,235924227
2024-08-30 09:42:52,28100.0,500,Buy,235924404
2024-08-30 09:42:53,28100.0,3000,Buy,235924424
2024-08-30 09:42:54,28100.0,4200,Buy,235924434
2024-08-30 09:42:58,28100.0,1600,Sell,235924528
2024-08-30 09:43:03,28100.0,100,Sell,235924649
2024-08-30 09:43:30,28100.0,100,Sell,235925315
2024-08-30 09:43:56,28100.0,100,Sell,235925854
2024-08-30 09:44:17,28100.0,1300,Buy,235926340
2024-08-30 09:44:22,28000.0,100,Sell,235926533
2024-08-30 09:44:33,28000.0,21000,Sell,235926785
2024-08-30 09:44:48,28000.0,100,Sell,235927151
2024-08-30 09:45:02,28100.0,500,Buy,235927456
2024-08-30 09:45:07,28100.0,200,Buy,235927545
2024-08-30 09:45:14,28000.0,100,Sell,235927780
2024-08-30 09:45:40,28000.0,100,Sell,235928321
2024-08-30 09:46:06,28000.0,100,Sell,235928965
2024-08-30 09:46:33,28000.0,100,Sell,235929584
2024-08-30 09:46:34,28100.0,1200,Buy,235929620
2024-08-30 09:46:59,28000.0,100,Sell,235930168
2024-08-30 09:47:26,28000.0,100,Sell,235930879
2024-08-30 09:47:52,28000.0,100,Sell,235931421
2024-08-30 09:48:18,28000.0,100,Sell,235932087
2024-08-30 09:48:23,28000.0,100,Sell,235932174
2024-08-30 09:48:25,28000.0,1000,Sell,235932202
2024-08-30 09:48:44,28000.0,100,Sell,235932680
2024-08-30 09:48:48,28000.0,200,Sell,235932787
2024-08-30 09:49:11,28000.0,100,Sell,235933324
2024-08-30 09:49:31,28000.0,3400,Sell,235933916
2024-08-30 09:49:37,28000.0,100,Sell,235934093
2024-08-30 09:49:42,28000.0,30000,Sell,235934279
2024-08-30 09:49:53,28000.0,4000,Sell,235934648
2024-08-30 09:50:02,28000.0,100,Sell,235934922
2024-08-30 09:50:24,28000.0,2100,Sell,235935639
2024-08-30 09:50:28,28000.0,100,Sell,235935699
2024-08-30 09:50:54,28000.0,100,Sell,235936555
2024-08-30 09:51:10,28000.0,1000,Sell,235937097
2024-08-30 09:51:21,28000.0,100,Sell,235937443
2024-08-30 09:51:29,28000.0,2500,Sell,235937680
2024-08-30 09:51:43,28000.0,3000,Sell,235938164
2024-08-30 09:51:48,28000.0,100,Sell,235938315
2024-08-30 09:52:13,28000.0,100,Sell,235939243
2024-08-30 09:52:14,28000.0,500,Sell,235939283
2024-08-30 09:52:40,28000.0,100,Sell,235939905
2024-08-30 09:52:56,28000.0,100,Sell,235940352
2024-08-30 09:52:59,28000.0,100,Sell,235940418
2024-08-30 09:53:05,28000.0,100,Sell,235940616
2024-08-30 09:53:06,28000.0,100,Sell,235940645
2024-08-30 09:53:22,28000.0,100,Sell,235941042
2024-08-30 09:53:25,28000.0,500,Sell,235941135
2024-08-30 09:53:32,28000.0,100,Sell,235941297
2024-08-30 09:53:58,28000.0,100,Sell,235942044
2024-08-30 09:54:00,28000.0,100,Sell,235942075
2024-08-30 09:54:20,28000.0,2000,Sell,235942480
2024-08-30 09:54:24,28000.0,100,Sell,235942545
2024-08-30 09:54:31,28000.0,100,Sell,235942680
2024-08-30 09:54:37,28000.0,100,Sell,235942793
2024-08-30 09:54:43,28000.0,400,Sell,235942936
2024-08-30 09:54:51,28000.0,100,Sell,235943128
2024-08-30 09:55:03,28000.0,800,Sell,235943342
2024-08-30 09:55:16,28000.0,100,Sell,235943665
2024-08-30 09:55:42,28000.0,100,Sell,235944232
2024-08-30 09:55:51,28000.0,4500,Sell,235944446
2024-08-30 09:56:09,28000.0,100,Sell,235944783
2024-08-30 09:56:35,28000.0,3100,Sell,235945420
2024-08-30 09:56:40,28000.0,1000,Sell,235945511
2024-08-30 09:57:01,28000.0,100,Sell,235945877
2024-08-30 09:57:10,28000.0,30600,Buy,235946006
2024-08-30 09:57:37,28000.0,100,Buy,235946550
2024-08-30 09:57:42,28000.0,3000,Buy,235946626
2024-08-30 09:57:47,28000.0,400,Buy,235946724
2024-08-30 09:57:49,28000.0,100,Buy,235946804
2024-08-30 09:57:50,28000.0,100,Buy,235946819
2024-08-30 09:57:56,28000.0,500,Buy,235946904
2024-08-30 09:59:45,27900.0,100,Sell,235948947
2024-08-30 10:00:44,27900.0,100,Sell,235950225
2024-08-30 10:01:10,27900.0,1000,Sell,235950701
2024-08-30 10:01:45,28000.0,100,Buy,235951363
2024-08-30 10:01:53,28000.0,100,Buy,235951575
2024-08-30 10:02:14,28000.0,2000,Buy,235952088
2024-08-30 10:02:23,28000.0,100,Buy,235952262
2024-08-30 10:02:32,28000.0,1000,Buy,235952431
2024-08-30 10:03:37,28000.0,1000,Buy,235953709
2024-08-30 10:04:07,28000.0,200,Buy,235954357
2024-08-30 10:04:45,27900.0,400,Sell,235955047
2024-08-30 10:04:48,28000.0,300,Buy,235955195
2024-08-30 10:05:11,28000.0,24700,Buy,235955638
2024-08-30 10:05:33,28000.0,5000,Buy,235955984
2024-08-30 10:05:34,28000.0,200,Buy,235956011
2024-08-30 10:05:35,28000.0,100,Buy,235956033
2024-08-30 10:05:39,28000.0,200,Buy,235956094
2024-08-30 10:05:53,28000.0,4300,Sell,235956411
2024-08-30 10:06:09,28000.0,100,Sell,235956673
2024-08-30 10:06:12,28000.0,300,Sell,235956755
2024-08-30 10:06:27,28000.0,2000,Sell,235956992
2024-08-30 10:06:36,28000.0,100,Sell,235957137
2024-08-30 10:07:02,28000.0,100,Sell,235957638
2024-08-30 10:07:12,28000.0,500,Sell,235957770
2024-08-30 10:07:28,28000.0,100,Sell,235958068
2024-08-30 10:07:35,28000.0,500,Sell,235958160
2024-08-30 10:07:52,28000.0,6000,Sell,235958445
2024-08-30 10:07:55,28000.0,100,Sell,235958489
2024-08-30 10:08:10,28000.0,7000,Sell,235958737
2024-08-30 10:08:14,28000.0,100,Sell,235958775
2024-08-30 10:08:22,28000.0,100,Sell,235958883
2024-08-30 10:08:48,28000.0,100,Sell,235959325
2024-08-30 10:09:15,28000.0,100,Sell,235959741
2024-08-30 10:09:41,28000.0,100,Sell,235960115
2024-08-30 10:10:08,28000.0,100,Sell,235960527
2024-08-30 10:10:11,28000.0,100,Sell,235960578
2024-08-30 10:10:34,28000.0,100,Sell,235960954
2024-08-30 10:10:48,28000.0,200,Sell,235961182
2024-08-30 10:11:00,28000.0,100,Sell,235961404
2024-08-30 10:11:26,28000.0,100,Sell,235961767
2024-08-30 10:11:52,28000.0,100,Sell,235962126
2024-08-30 10:12:18,28000.0,100,Sell,235962574
2024-08-30 10:12:20,28000.0,2000,Sell,235962588
2024-08-30 10:12:22,28000.0,1000,Sell,235962643
2024-08-30 10:12:35,28000.0,2000,Sell,235962902
2024-08-30 10:12:45,28000.0,100,Sell,235963106
2024-08-30 10:13:11,28000.0,100,Sell,235963525
2024-08-30 10:13:14,28000.0,200,Sell,235963572
2024-08-30 10:13:37,28000.0,100,Sell,235963967
2024-08-30 10:13:56,28000.0,300,Sell,235964317
2024-08-30 10:13:59,28000.0,1300,Sell,235964368
2024-08-30 10:14:06,28000.0,100,Sell,235964489
2024-08-30 10:14:31,28000.0,300,Sell,235964962
2024-08-30 10:14:33,28000.0,100,Sell,235964989
2024-08-30 10:14:59,28000.0,100,Sell,235965342
2024-08-30 10:15:16,28100.0,10000,Buy,235965532
2024-08-30 10:15:17,28000.0,400,Sell,235965544
2024-08-30 10:15:25,28000.0,100,Sell,235965660
2024-08-30 10:15:51,28000.0,100,Sell,235966157
2024-08-30 10:16:18,28000.0,100,Sell,235966538
2024-08-30 10:16:36,28100.0,2000,Buy,235966810
2024-08-30 10:16:44,28000.0,100,Sell,235966918
2024-08-30 10:17:10,28000.0,100,Sell,235967300
2024-08-30 10:17:18,28100.0,200,Buy,235967436
2024-08-30 10:17:36,28000.0,100,Sell,235967719
2024-08-30 10:17:45,28100.0,5000,Buy,235967871
2024-08-30 10:17:47,28000.0,100,Sell,235967902
2024-08-30 10:17:51,28100.0,700,Buy,235967979
2024-08-30 10:18:02,28000.0,100,Sell,235968157
2024-08-30 10:18:25,28100.0,1000,Buy,235968414
2024-08-30 10:18:28,28000.0,100,Sell,235968444
2024-08-30 10:18:55,28000.0,100,Sell,235968885
2024-08-30 10:19:21,28000.0,100,Sell,235969364
2024-08-30 10:19:47,28000.0,100,Sell,235969683
2024-08-30 10:20:14,28000.0,100,Sell,235970051
2024-08-30 10:20:39,28000.0,100,Sell,235970381
2024-08-30 10:20:41,28100.0,100,Buy,235970409
2024-08-30 10:21:06,28000.0,100,Sell,235970911
2024-08-30 10:21:33,28000.0,100,Sell,235971352
2024-08-30 10:21:59,28000.0,100,Sell,235971727
2024-08-30 10:22:25,28000.0,100,Sell,235972129
2024-08-30 10:22:39,28000.0,3000,Sell,235972291
2024-08-30 10:22:52,28000.0,100,Sell,235972436
2024-08-30 10:22:53,28000.0,2000,Sell,235972446
2024-08-30 10:23:10,28000.0,500,Sell,235972713
2024-08-30 10:23:20,28000.0,100,Sell,235972881
2024-08-30 10:23:44,28000.0,500,Sell,235973291
2024-08-30 10:23:45,28000.0,100,Sell,235973298
2024-08-30 10:23:46,28000.0,100,Sell,235973314
2024-08-30 10:24:12,28000.0,100,Sell,235973709
2024-08-30 10:24:37,28000.0,100,Sell,235973999
2024-08-30 10:25:04,28000.0,100,Sell,235974398
2024-08-30 10:25:22,28000.0,300,Sell,235974568
2024-08-30 10:25:30,28000.0,100,Sell,235974718
2024-08-30 10:25:56,28000.0,100,Sell,235975066
2024-08-30 10:26:22,28000.0,100,Sell,235975535
2024-08-30 10:26:49,28000.0,100,Sell,235976026
2024-08-30 10:26:51,28000.0,500,Sell,235976117
2024-08-30 10:27:14,28000.0,100,Sell,235976410
2024-08-30 10:27:41,28000.0,100,Sell,235976802
2024-08-30 10:28:08,28000.0,100,Sell,235977133
2024-08-30 10:28:33,28000.0,100,Sell,235977419
2024-08-30 10:29:00,28000.0,100,Sell,235977768
2024-08-30 10:29:24,28100.0,100,Buy,235978078
2024-08-30 10:29:26,28000.0,100,Sell,235978111
2024-08-30 10:29:52,28000.0,100,Sell,235978544
2024-08-30 10:30:02,28000.0,800,Sell,235978676
2024-08-30 10:30:09,28000.0,92200,Buy,235978763
2024-08-30 10:30:23,28000.0,3000,Buy,235979064
2024-08-30 10:30:31,28000.0,200,Buy,235979169
2024-08-30 10:30:36,28000.0,2000,Buy,235979255
2024-08-30 10:30:38,28000.0,5000,Buy,235979271
2024-08-30 10:30:53,28000.0,200,Buy,235979446
2024-08-30 10:31:04,28000.0,3000,Buy,235979635
2024-08-30 10:31:12,28000.0,200,Buy,235979745
2024-08-30 10:31:49,28000.0,300,Buy,235980378
2024-08-30 10:32:30,28000.0,1000,Buy,235981194
2024-08-30 10:32:43,28000.0,5000,Buy,235981456
2024-08-30 10:32:45,28000.0,300,Buy,235981471
2024-08-30 10:33:05,28000.0,1000,Buy,235981865
2024-08-30 10:33:41,27900.0,200,Sell,235982557
2024-08-30 10:33:49,28000.0,2000,Buy,235982690
2024-08-30 10:33:55,28000.0,1000,Buy,235982800
2024-08-30 10:34:03,28000.0,300,Buy,235982913
2024-08-30 10:34:06,28000.0,500,Buy,235982965
2024-08-30 10:34:20,28000.0,1000,Buy,235983145
2024-08-30 10:35:05,28000.0,5000,Buy,235984119
2024-08-30 10:35:11,28000.0,5000,Buy,235984328
2024-08-30 10:35:29,28000.0,100,Buy,235984666
2024-08-30 10:35:32,28000.0,200,Buy,235984704
2024-08-30 10:36:12,28000.0,100,Buy,235985442
2024-08-30 10:36:24,27900.0,100,Sell,235985588
2024-08-30 10:36:27,28000.0,100,Buy,235985629
2024-08-30 10:36:32,28000.0,500,Buy,235985691
2024-08-30 10:36:36,28000.0,200,Buy,235985775
2024-08-30 10:36:55,28000.0,1000,Buy,235986123
2024-08-30 10:38:49,28000.0,100,Buy,235988219
2024-08-30 10:39:03,28000.0,100,Buy,235988496
2024-08-30 10:39:20,28000.0,10000,Buy,235988741
2024-08-30 10:39:43,28000.0,1000,Buy,235989062
2024-08-30 10:39:51,28000.0,500,Buy,235989123
2024-08-30 10:40:07,28000.0,4000,Buy,235989505
2024-08-30 10:40:48,27900.0,40000,Sell,235990111
2024-08-30 10:40:50,28000.0,2000,Buy,235990152
2024-08-30 10:42:11,27900.0,500,Sell,235991286
2024-08-30 10:42:54,27900.0,20000,Sell,235991932
2024-08-30 10:43:17,27900.0,100,Sell,235992401
2024-08-30 10:43:43,27900.0,1000,Sell,235992859
2024-08-30 10:44:37,27900.0,100,Sell,235993969
2024-08-30 10:44:41,27900.0,1000,Sell,235994051
2024-08-30 10:46:53,27900.0,2000,Sell,235996053
2024-08-30 10:47:14,28000.0,500,Buy,235996405
2024-08-30 10:47:26,28000.0,1000,Buy,235996631
2024-08-30 10:48:00,27900.0,500,Sell,235997071
2024-08-30 10:48:04,27900.0,500,Sell,235997127
2024-08-30 10:48:08,27900.0,2000,Sell,235997183
2024-08-30 10:48:38,28000.0,600,Buy,235997646
2024-08-30 10:48:44,28000.0,1000,Buy,235997724
2024-08-30 10:48:56,28000.0,500,Buy,235997914
2024-08-30 10:49:05,28000.0,500,Buy,235998065
2024-08-30 10:49:10,28000.0,200,Buy,235998144
2024-08-30 10:49:28,27900.0,1000,Sell,235998389
2024-08-30 10:49:34,27900.0,2500,Sell,235998493
2024-08-30 10:50:02,28000.0,7000,Buy,235998940
2024-08-30 10:50:07,28000.0,2000,Buy,235999007
2024-08-30 10:50:15,28000.0,2000,Buy,235999137
2024-08-30 10:50:24,28000.0,600,Buy,235999243
2024-08-30 10:50:27,28000.0,9500,Buy,235999262
2024-08-30 10:50:38,28000.0,200,Sell,235999392
2024-08-30 10:50:43,28000.0,100,Sell,235999434
2024-08-30 10:50:57,28100.0,100,Buy,235999584
2024-08-30 10:51:09,28000.0,100,Sell,235999745
2024-08-30 10:51:34,28000.0,100,Sell,236000078
2024-08-30 10:52:01,28000.0,100,Sell,236000404
2024-08-30 10:52:18,28000.0,200,Sell,236000624
2024-08-30 10:52:26,28000.0,100,Sell,236000758
2024-08-30 10:52:53,28000.0,100,Sell,236001078
2024-08-30 10:53:19,28000.0,30100,Sell,236001348
2024-08-30 10:53:46,28000.0,100,Sell,236001709
2024-08-30 10:54:12,28000.0,100,Sell,236002128
2024-08-30 10:54:38,28000.0,100,Sell,236002472
2024-08-30 10:54:53,28000.0,2000,Sell,236002662
2024-08-30 10:55:01,28100.0,18000,Buy,236002769
2024-08-30 10:55:05,28100.0,100,Sell,236002800
2024-08-30 10:55:12,28100.0,1800,Sell,236002905
2024-08-30 10:55:30,28100.0,100,Sell,236003295
2024-08-30 10:55:57,28000.0,100,Sell,236003648
2024-08-30 10:56:24,28000.0,100,Sell,236003956
2024-08-30 10:56:51,28000.0,100,Sell,236004257
2024-08-30 10:57:17,28000.0,100,Sell,236004608
2024-08-30 10:57:43,28000.0,100,Sell,236004940
2024-08-30 10:57:50,28000.0,500,Sell,236005014
2024-08-30 10:58:10,28000.0,200,Sell,236005227
2024-08-30 10:58:14,28100.0,100,Buy,236005257
2024-08-30 10:58:37,28000.0,200,Sell,236005511
2024-08-30 10:59:03,28000.0,200,Sell,236005870
2024-08-30 10:59:30,28000.0,200,Sell,236006152
2024-08-30 10:59:55,28000.0,200,Sell,236006425
2024-08-30 11:00:22,28000.0,200,Sell,236006739
2024-08-30 11:00:48,28000.0,200,Sell,236007003
2024-08-30 11:01:15,28000.0,200,Sell,236007331
2024-08-30 11:01:40,28000.0,200,Sell,236007611
2024-08-30 11:02:06,28000.0,200,Sell,236007938
2024-08-30 11:02:28,28000.0,1000,Sell,236008226
2024-08-30 11:02:34,28000.0,200,Sell,236008277
2024-08-30 11:02:59,28000.0,200,Sell,236008583
2024-08-30 11:03:23,28000.0,500,Sell,236008889
2024-08-30 11:03:26,28000.0,200,Sell,236008916
2024-08-30 11:03:49,28000.0,18700,Sell,236009196
2024-08-30 11:04:22,28000.0,500,Buy,236009627
2024-08-30 11:04:29,28000.0,100,Buy,236009701
2024-08-30 11:05:21,28000.0,100,Buy,236010409
2024-08-30 11:05:24,28000.0,1000,Buy,236010486
2024-08-30 11:05:28,28000.0,100,Buy,236010525
2024-08-30 11:05:31,28000.0,100,Buy,236010549
2024-08-30 11:05:39,28000.0,700,Buy,236010675
2024-08-30 11:06:10,28000.0,1000,Buy,236011018
2024-08-30 11:06:46,28000.0,1000,Buy,236011580
2024-08-30 11:07:11,28000.0,400,Buy,236011845
2024-08-30 11:07:31,28000.0,4000,Buy,236012031
2024-08-30 11:07:51,28000.0,600,Buy,236012279
2024-08-30 11:08:08,28000.0,100,Buy,236012546
2024-08-30 11:08:26,28000.0,100,Buy,236012756
2024-08-30 11:08:30,28000.0,4000,Buy,236012787
2024-08-30 11:08:31,28000.0,100,Buy,236012809
2024-08-30 11:08:34,28000.0,400,Sell,236012826
2024-08-30 11:08:47,28000.0,200,Sell,236012964
2024-08-30 11:08:48,28000.0,100,Buy,236012986
2024-08-30 11:08:54,28000.0,100,Buy,236013062
2024-08-30 11:09:34,28000.0,1700,Buy,236013644
2024-08-30 11:10:03,28000.0,1000,Buy,236014029
2024-08-30 11:10:16,28000.0,1000,Buy,236014311
2024-08-30 11:10:24,28000.0,1000,Buy,236014405
2024-08-30 11:10:30,28000.0,500,Sell,236014476
2024-08-30 11:10:33,28000.0,200,Sell,236014518
2024-08-30 11:10:58,28000.0,200,Sell,236014856
2024-08-30 11:11:22,28000.0,1500,ATO/ATC,236015220
2024-08-30 11:11:33,28000.0,200,Buy,236015343
2024-08-30 11:11:51,28000.0,200,Sell,236015576
2024-08-30 11:12:18,28000.0,200,Sell,236015933
2024-08-30 11:12:36,28000.0,1000,Sell,236016175
2024-08-30 11:12:44,28000.0,200,Sell,236016283
2024-08-30 11:13:00,28000.0,2000,Sell,236016504
2024-08-30 11:13:10,28000.0,200,Sell,236016608
2024-08-30 11:13:36,28000.0,200,Sell,236016896
2024-08-30 11:14:02,28000.0,200,Sell,236017165
2024-08-30 11:14:31,28000.0,200,Sell,236017556
2024-08-30 11:14:39,28000.0,1000,ATO/ATC,236017663
2024-08-30 11:14:57,28000.0,200,Sell,236017879
2024-08-30 11:15:23,28000.0,200,Sell,236018163
2024-08-30 11:15:48,28000.0,200,Sell,236018511
2024-08-30 11:16:15,28000.0,300,Sell,236018859
2024-08-30 11:16:27,28000.0,2000,Buy,236019013
2024-08-30 11:16:57,28000.0,300,Buy,236019380
2024-08-30 11:17:16,28000.0,300,Buy,236019582
2024-08-30 11:17:54,27900.0,500,Sell,236019936
2024-08-30 11:18:04,27900.0,400,Sell,236020113
2024-08-30 11:19:14,28000.0,5000,Buy,236020941
2024-08-30 11:19:59,28000.0,1000,Buy,236021483
2024-08-30 11:20:03,28000.0,100,Buy,236021532
2024-08-30 11:20:31,27900.0,7000,Sell,236021831
2024-08-30 11:20:33,28000.0,500,Buy,236021865
2024-08-30 11:20:37,28000.0,1000,Buy,236021904
2024-08-30 11:20:44,28000.0,500,Buy,236022001
2024-08-30 11:21:07,27900.0,75000,Sell,236022230
2024-08-30 11:21:15,28000.0,3000,Buy,236022302
2024-08-30 11:22:06,28000.0,2300,Buy,236022969
2024-08-30 11:22:24,28000.0,12200,Sell,236023185
2024-08-30 11:22:38,28000.0,300,Sell,236023296
2024-08-30 11:22:43,28000.0,100,Sell,236023343
2024-08-30 11:22:48,28000.0,500,Sell,236023390
2024-08-30 11:23:14,28000.0,400,Buy,236023607
2024-08-30 11:23:24,28000.0,100,Sell,236023777
2024-08-30 11:23:40,28000.0,500,Sell,236023936
2024-08-30 11:24:03,28000.0,400,Buy,236024214
2024-08-30 11:24:32,28000.0,100,Buy,236024512
2024-08-30 11:25:18,28000.0,100,Buy,236024989
2024-08-30 11:26:15,27900.0,14400,Sell,236025638
2024-08-30 11:26:36,28000.0,200,Buy,236025935
2024-08-30 11:26:40,27900.0,500,Sell,236025977
2024-08-30 11:26:59,28000.0,500,Buy,236026152
2024-08-30 11:27:03,28000.0,200,Buy,236026204
2024-08-30 11:27:19,28000.0,500,Buy,236026354
2024-08-30 11:27:21,28000.0,2000,Buy,236026375
2024-08-30 11:27:22,28000.0,100,Buy,236026392
2024-08-30 11:27:35,28000.0,500,Buy,236026662
2024-08-30 11:27:57,28000.0,100,Buy,236027032
2024-08-30 11:27:58,28000.0,200,Buy,236027050
2024-08-30 11:28:02,28000.0,3500,Buy,236027110
2024-08-30 11:28:23,28000.0,100,Buy,236027402
2024-08-30 11:28:31,28000.0,1000,Buy,236027535
2024-08-30 11:28:36,28000.0,2000,Buy,236027614
2024-08-30 11:28:40,28000.0,1000,Buy,236027646
2024-08-30 11:28:41,28000.0,1300,Buy,236027654
2024-08-30 11:28:44,28000.0,3000,Buy,236027685
2024-08-30 11:28:46,28000.0,2000,Buy,236027698
2024-08-30 11:28:48,28000.0,100,Sell,236027726
2024-08-30 11:28:53,28000.0,3500,Sell,236027778
2024-08-30 11:29:52,28000.0,5000,Sell,236028369
2024-08-30 13:00:11,28000.0,15700,Sell,236030837
2024-08-30 13:00:14,28000.0,9600,Sell,236031051
2024-08-30 13:00:17,28000.0,1000,Sell,236031277
2024-08-30 13:00:21,28000.0,3000,Sell,236031568
2024-08-30 13:00:34,28000.0,800,Sell,236031901
2024-08-30 13:00:45,28000.0,2000,Sell,236032075
2024-08-30 13:01:36,28000.0,500,Sell,236033239
2024-08-30 13:01:38,28000.0,2000,Sell,236033279
2024-08-30 13:01:44,28000.0,700,Buy,236033440
2024-08-30 13:01:47,28000.0,500,Buy,236033472
2024-08-30 13:01:57,28000.0,300,Buy,236033606
2024-08-30 13:02:34,27900.0,3500,Sell,236034219
2024-08-30 13:03:04,28000.0,2000,Sell,236034835
2024-08-30 13:03:36,28000.0,1600,Buy,236035510
2024-08-30 13:03:46,28000.0,500,Buy,236035672
2024-08-30 13:04:15,28000.0,1000,Buy,236036177
2024-08-30 13:04:18,28000.0,1000,Buy,236036232
2024-08-30 13:04:23,28000.0,900,Buy,236036368
2024-08-30 13:04:51,28000.0,200,Buy,236036844
2024-08-30 13:05:20,28000.0,2000,Buy,236037298
2024-08-30 13:05:25,28000.0,300,Buy,236037397
2024-08-30 13:05:42,28000.0,1200,Buy,236037673
2024-08-30 13:05:49,28000.0,100,Buy,236037798
2024-08-30 13:06:07,27900.0,500,Sell,236038240
2024-08-30 13:06:18,28000.0,46900,Sell,236038406
2024-08-30 13:06:23,28000.0,200,Sell,236038491
2024-08-30 13:06:31,28000.0,1000,Sell,236038644
2024-08-30 13:06:45,28000.0,1000,Sell,236038939
2024-08-30 13:06:58,28000.0,4300,Buy,236039215
2024-08-30 13:07:02,28000.0,700,Sell,236039276
2024-08-30 13:07:29,28000.0,3000,Sell,236039813
2024-08-30 13:08:07,28000.0,2300,Sell,236040582
2024-08-30 13:08:20,28000.0,17500,Sell,236040824
2024-08-30 13:08:27,28000.0,11100,Buy,236041005
2024-08-30 13:08:33,28000.0,500,Buy,236041201
2024-08-30 13:08:51,28000.0,400,Buy,236041678
2024-08-30 13:08:57,28000.0,2000,Buy,236041806
2024-08-30 13:08:58,28000.0,5000,Buy,236041835
2024-08-30 13:09:34,28000.0,3000,Buy,236042544
2024-08-30 13:09:37,28000.0,6400,Buy,236042587
2024-08-30 13:09:51,28000.0,1800,Buy,236042931
2024-08-30 13:09:52,28000.0,6400,Buy,236042941
2024-08-30 13:09:54,28000.0,100,Buy,236042977
2024-08-30 13:09:55,28000.0,600,Buy,236042992
2024-08-30 13:09:55,28000.0,15500,Sell,236043003
2024-08-30 13:09:59,28000.0,2000,Sell,236043190
2024-08-30 13:10:50,28000.0,1100,Sell,236044497
2024-08-30 13:11:04,28000.0,500,Sell,236044817
2024-08-30 13:11:13,28000.0,1000,Sell,236045068
2024-08-30 13:11:19,28100.0,5000,Buy,236045231
2024-08-30 13:11:48,28000.0,2000,Sell,236045807
2024-08-30 13:12:16,28000.0,100,Sell,236046488
2024-08-30 13:12:22,28100.0,100,Buy,236046623
2024-08-30 13:12:44,28100.0,1000,Buy,236047110
2024-08-30 13:12:57,28100.0,500,Buy,236047333
2024-08-30 13:13:11,28100.0,500,Buy,236047662
2024-08-30 13:13:12,28100.0,2000,Buy,236047698
2024-08-30 13:13:16,28100.0,500,Buy,236047785
2024-08-30 13:13:27,28000.0,500,Sell,236048066
2024-08-30 13:13:46,28000.0,1000,Sell,236048664
2024-08-30 13:13:48,28100.0,1200,Buy,236048691
2024-08-30 13:13:53,28100.0,300,Buy,236048791
2024-08-30 13:14:03,28100.0,1300,Buy,236049028
2024-08-30 13:14:07,28100.0,300,Buy,236049141
2024-08-30 13:14:10,28100.0,100,Buy,236049194
2024-08-30 13:14:11,28100.0,100,Buy,236049238
2024-08-30 13:14:14,28100.0,21500,Buy,236049285
2024-08-30 13:14:19,28100.0,1000,Buy,236049419
2024-08-30 13:14:21,28100.0,300,Sell,236049487
2024-08-30 13:14:39,28200.0,4700,Buy,236049786
2024-08-30 13:14:45,28200.0,28000,Buy,236049991
2024-08-30 13:14:47,28200.0,8000,Buy,236050041
2024-08-30 13:14:53,28200.0,100,Buy,236050163
2024-08-30 13:14:55,28200.0,100,ATO/ATC,236050230
2024-08-30 13:15:18,28200.0,1000,Sell,236050825
2024-08-30 13:15:23,28200.0,2000,Sell,236050986
2024-08-30 13:16:39,28200.0,1000,Sell,236053339
2024-08-30 13:16:49,28200.0,200,Sell,236053585
2024-08-30 13:16:51,28200.0,1000,Sell,236053636
2024-08-30 13:17:21,28200.0,500,Sell,236054423
2024-08-30 13:17:29,28200.0,500,Sell,236054625
2024-08-30 13:17:33,28200.0,200,Sell,236054772
2024-08-30 13:17:37,28200.0,2000,Sell,236054941
2024-08-30 13:17:59,28200.0,1000,Sell,236055438
2024-08-30 13:18:07,28200.0,100,Sell,236055624
2024-08-30 13:18:10,28200.0,1400,Sell,236055694
2024-08-30 13:18:24,28200.0,1000,Buy,236056100
2024-08-30 13:18:26,28200.0,300,Buy,236056144
2024-08-30 13:18:28,28200.0,1000,Buy,236056201
2024-08-30 13:18:37,28200.0,300,Buy,236056474
2024-08-30 13:18:38,28200.0,100,Sell,236056509
2024-08-30 13:18:47,28100.0,30000,Sell,236056709
2024-08-30 13:18:52,28200.0,200,Sell,236056837
2024-08-30 13:19:02,28200.0,500,Sell,236057084
2024-08-30 13:19:03,28200.0,1000,Sell,236057123
2024-08-30 13:19:21,28200.0,100,Sell,236057557
2024-08-30 13:19:53,28200.0,4400,Sell,236058457
2024-08-30 13:20:00,28200.0,3000,Buy,236058601
2024-08-30 13:20:26,28200.0,300,Buy,236059133
2024-08-30 13:20:50,28200.0,1300,Buy,236059860
2024-08-30 13:21:12,28200.0,100,Buy,236060604
2024-08-30 13:21:32,28200.0,1000,Buy,236061190
2024-08-30 13:21:49,28200.0,100,Buy,236061666
2024-08-30 13:22:07,28200.0,100,Buy,236062109
2024-08-30 13:22:09,28200.0,300,Buy,236062160
2024-08-30 13:22:16,28200.0,100,Buy,236062329
2024-08-30 13:22:17,28200.0,500,Buy,236062352
2024-08-30 13:22:25,28200.0,500,Buy,236062541
2024-08-30 13:22:41,28200.0,3500,Buy,236062962
2024-08-30 13:22:49,28100.0,20000,Sell,236063185
2024-08-30 13:22:52,28200.0,5000,Buy,236063312
2024-08-30 13:22:53,28200.0,100,Buy,236063366
2024-08-30 13:23:02,28200.0,500,Buy,236063549
2024-08-30 13:23:07,28200.0,2500,Buy,236063711
2024-08-30 13:23:29,28200.0,200,Buy,236064344
2024-08-30 13:23:32,28200.0,2000,Buy,236064401
2024-08-30 13:23:43,28200.0,2500,Buy,236064640
2024-08-30 13:25:29,28200.0,600,Buy,236067024
2024-08-30 13:25:46,28100.0,2000,Sell,236067383
2024-08-30 13:26:08,28100.0,100,Sell,236067818
2024-08-30 13:26:35,28100.0,2000,Sell,236068470
2024-08-30 13:26:36,28100.0,10000,Sell,236068502
2024-08-30 13:26:58,28100.0,1700,Sell,236068910
2024-08-30 13:27:02,28100.0,100,Sell,236069009
2024-08-30 13:27:30,28100.0,100,Sell,236069664
2024-08-30 13:27:46,28100.0,1000,Sell,236069982
2024-08-30 13:28:06,28200.0,100,Buy,236070387
2024-08-30 13:28:17,28100.0,100,Sell,236070636
2024-08-30 13:28:22,28100.0,1000,Sell,236070745
2024-08-30 13:28:59,28100.0,1500,Sell,236071565
2024-08-30 13:29:53,28100.0,500,Sell,236072997
2024-08-30 13:30:57,28100.0,2000,Sell,236074481
2024-08-30 13:31:16,28100.0,300,Sell,236074918
2024-08-30 13:31:24,28100.0,1000,Sell,236075151
2024-08-30 13:31:28,28100.0,6300,Sell,236075304
2024-08-30 13:31:48,28100.0,3000,Sell,236075748
2024-08-30 13:31:49,28100.0,5800,Sell,236075784
2024-08-30 13:31:51,28000.0,1000,Sell,236075831
2024-08-30 13:31:56,28100.0,600,Buy,236075952
2024-08-30 13:32:07,28100.0,100,Buy,236076308
2024-08-30 13:32:21,28100.0,2000,Buy,236076513
2024-08-30 13:32:23,28100.0,200,Buy,236076544
2024-08-30 13:32:24,28100.0,2100,Buy,236076555
2024-08-30 13:33:04,28100.0,200,Buy,236077487
2024-08-30 13:33:49,28100.0,1000,Buy,236078653
2024-08-30 13:34:19,28100.0,400,Buy,236079254
2024-08-30 13:34:23,28100.0,4600,Buy,236079311
2024-08-30 13:34:29,28100.0,200,Buy,236079416
2024-08-30 13:34:40,28100.0,16400,Buy,236079652
2024-08-30 13:34:52,28000.0,13900,Sell,236079904
2024-08-30 13:35:10,28000.0,2000,Sell,236080236
2024-08-30 13:35:43,28100.0,2000,Buy,236080883
2024-08-30 13:36:20,28100.0,1000,Sell,236081644
2024-08-30 13:36:55,28100.0,100,Sell,236082454
2024-08-30 13:37:03,28100.0,400,Sell,236082624
2024-08-30 13:37:38,28100.0,300,Buy,236083345
2024-08-30 13:37:48,28100.0,200,Buy,236083513
2024-08-30 13:37:49,28100.0,1600,Buy,236083528
2024-08-30 13:37:50,28200.0,1200,Buy,236083538
2024-08-30 13:38:36,28100.0,1000,Sell,236084487
2024-08-30 13:38:46,28100.0,2000,Sell,236084681
2024-08-30 13:39:04,28100.0,1000,Sell,236085033
2024-08-30 13:39:30,28100.0,2000,Sell,236085557
2024-08-30 13:39:47,28100.0,1000,Sell,236085930
2024-08-30 13:40:00,28100.0,2000,Sell,236086215
2024-08-30 13:40:17,28100.0,2000,Sell,236086597
2024-08-30 13:40:23,28100.0,3000,Sell,236086728
2024-08-30 13:40:49,28000.0,15000,Sell,236087493
2024-08-30 13:41:22,28000.0,2300,Sell,236088196
2024-08-30 13:41:32,28000.0,30600,Sell,236088407
2024-08-30 13:41:34,28100.0,200,Buy,236088482
2024-08-30 13:41:47,28100.0,18600,Buy,236088787
2024-08-30 13:42:17,28100.0,1000,Buy,236089546
2024-08-30 13:42:41,28100.0,1000,Buy,236090048
2024-08-30 13:42:52,28100.0,1000,Buy,236090307
2024-08-30 13:43:16,28100.0,200,Buy,236090919
2024-08-30 13:43:21,28100.0,300,Buy,236091030
2024-08-30 13:43:48,28100.0,500,Buy,236091545
2024-08-30 13:44:26,28000.0,2000,Sell,236092409
2024-08-30 13:44:43,28000.0,40000,Sell,236092784
2024-08-30 13:45:42,28000.0,4000,Sell,236094075
2024-08-30 13:45:50,28100.0,1200,Buy,236094297
2024-08-30 13:46:31,28100.0,400,Buy,236095220
2024-08-30 13:46:38,28100.0,5000,Buy,236095357
2024-08-30 13:47:20,28100.0,100,Buy,236096252
2024-08-30 13:47:43,28100.0,1500,Buy,236096885
2024-08-30 13:48:04,28100.0,100,Buy,236097462
2024-08-30 13:48:33,28100.0,200,Buy,236098184
2024-08-30 13:48:49,28100.0,100,Buy,236098674
2024-08-30 13:49:10,28100.0,9000,Buy,236099288
2024-08-30 13:49:56,28000.0,2000,Sell,236100414
2024-08-30 13:50:05,28100.0,2000,Buy,236100619
2024-08-30 13:50:14,28100.0,500,Buy,236100853
2024-08-30 13:50:18,28100.0,100,Buy,236100930
2024-08-30 13:50:54,28100.0,100,Buy,236101662
2024-08-30 13:51:04,28100.0,1000,Buy,236101882
2024-08-30 13:51:11,28100.0,300,Buy,236102040
2024-08-30 13:51:12,28100.0,300,Buy,236102064
2024-08-30 13:51:15,28000.0,400,Sell,236102122
2024-08-30 13:52:11,28100.0,300,Buy,236103423
2024-08-30 13:52:26,28100.0,1000,Buy,236103752
2024-08-30 13:52:48,28000.0,1000,Sell,236104288
2024-08-30 13:53:45,28100.0,1500,Buy,236105506
2024-08-30 13:53:55,28100.0,1800,Buy,236105718
2024-08-30 13:54:11,28100.0,500,Buy,236106069
2024-08-30 13:54:25,28100.0,500,Buy,236106398
2024-08-30 13:55:09,28100.0,700,Buy,236107209
2024-08-30 13:55:13,28100.0,200,Buy,236107293
2024-08-30 13:55:57,28000.0,1000,Sell,236108261
2024-08-30 13:58:59,28000.0,100,Sell,236112358
2024-08-30 13:59:31,28000.0,3000,Sell,236113075
2024-08-30 13:59:32,28000.0,700,Sell,236113106
2024-08-30 13:59:35,28000.0,2000,Sell,236113174
2024-08-30 14:00:00,28100.0,2500,Buy,236113710
2024-08-30 14:00:03,28000.0,1300,Sell,236113793
2024-08-30 14:00:31,28000.0,2000,Sell,236114345
2024-08-30 14:01:49,28100.0,200,Buy,236116093
2024-08-30 14:01:51,28000.0,5000,Sell,236116138
2024-08-30 14:02:00,28000.0,2000,Sell,236116350
2024-08-30 14:02:24,28000.0,1000,Sell,236116854
2024-08-30 14:02:25,28000.0,200,Sell,236116891
2024-08-30 14:02:45,28100.0,400,Buy,236117326
2024-08-30 14:02:52,28100.0,100,Buy,236117529
2024-08-30 14:02:53,28000.0,1000,Sell,236117553
2024-08-30 14:03:35,28100.0,5000,Buy,236118679
2024-08-30 14:03:37,28100.0,2000,Buy,236118775
2024-08-30 14:03:38,28100.0,3400,Buy,236118803
2024-08-30 14:03:47,28100.0,3000,Buy,236119051
2024-08-30 14:04:00,28100.0,3000,Buy,236119406
2024-08-30 14:04:05,28000.0,15000,Sell,236119587
2024-08-30 14:04:13,28100.0,100,Buy,236119818
2024-08-30 14:04:14,28100.0,500,Buy,236119833
2024-08-30 14:04:19,28100.0,500,Buy,236119984
2024-08-30 14:04:22,28100.0,100,Buy,236120079
2024-08-30 14:04:24,28100.0,1500,Sell,236120151
2024-08-30 14:05:03,28100.0,1000,Sell,236121173
2024-08-30 14:05:14,28100.0,300,Sell,236121454
2024-08-30 14:06:17,28100.0,5000,Sell,236123420
2024-08-30 14:06:39,28100.0,1000,Sell,236123970
2024-08-30 14:07:50,28100.0,300,Sell,236125870
2024-08-30 14:08:30,28100.0,5000,Sell,236127143
2024-08-30 14:09:13,28100.0,100,Sell,236128214
2024-08-30 14:09:16,28100.0,8500,Sell,236128367
2024-08-30 14:09:44,28100.0,100,Buy,236129238
2024-08-30 14:10:05,28100.0,100,Buy,236130108
2024-08-30 14:10:19,28100.0,300,Buy,236130458
2024-08-30 14:11:14,28100.0,1500,Buy,236132309
2024-08-30 14:11:24,28100.0,100,Buy,236132567
2024-08-30 14:11:44,28000.0,45000,Sell,236133095
2024-08-30 14:11:59,28000.0,1000,Sell,236133621
2024-08-30 14:12:06,28000.0,400,Sell,236133907
2024-08-30 14:12:50,28000.0,400,Sell,236135391
2024-08-30 14:13:03,28000.0,400,Sell,236135801
2024-08-30 14:13:08,28100.0,2000,Buy,236135960
2024-08-30 14:13:19,28100.0,100,Buy,236136360
2024-08-30 14:13:32,28100.0,300,Buy,236136840
2024-08-30 14:15:08,28100.0,600,Buy,236140897
2024-08-30 14:15:33,28000.0,3000,Sell,236141942
2024-08-30 14:15:46,28000.0,1000,Sell,236142529
2024-08-30 14:15:49,28000.0,1000,Sell,236142653
2024-08-30 14:16:21,28000.0,3000,Sell,236143895
2024-08-30 14:16:52,28000.0,1000,Sell,236145345
2024-08-30 14:17:07,28000.0,300,Sell,236145926
2024-08-30 14:17:14,28000.0,100,Sell,236146286
2024-08-30 14:17:31,28000.0,8000,Sell,236146825
2024-08-30 14:17:33,28000.0,500,Sell,236146884
2024-08-30 14:17:45,28000.0,1000,Sell,236147372
2024-08-30 14:18:09,28000.0,200,Sell,236148246
2024-08-30 14:18:10,28000.0,200,Sell,236148294
2024-08-30 14:18:40,28000.0,1700,Sell,236149342
2024-08-30 14:18:49,28000.0,5000,Sell,236149657
2024-08-30 14:19:04,28000.0,2000,Sell,236150139
2024-08-30 14:19:19,28000.0,1000,Sell,236150737
2024-08-30 14:19:28,28000.0,500,Sell,236151072
2024-08-30 14:21:02,28000.0,700,Sell,236155023
2024-08-30 14:21:11,28000.0,1000,Sell,236155347
2024-08-30 14:21:14,28000.0,600,Sell,236155447
2024-08-30 14:21:35,28000.0,8500,Sell,236156246
2024-08-30 14:21:43,28000.0,700,Sell,236156564
2024-08-30 14:21:45,28000.0,1000,Sell,236156631
2024-08-30 14:21:54,28000.0,5000,Sell,236156961
2024-08-30 14:21:58,28000.0,10500,Sell,236157155
2024-08-30 14:22:13,28000.0,6000,Sell,236157668
2024-08-30 14:22:24,28000.0,1000,Sell,236158010
2024-08-30 14:22:27,28000.0,1000,Sell,236158091
2024-08-30 14:22:33,28000.0,30000,Sell,236158302
2024-08-30 14:22:48,28000.0,1000,Sell,236158811
2024-08-30 14:23:02,28000.0,800,Sell,236159387
2024-08-30 14:23:07,28000.0,1000,Sell,236159604
2024-08-30 14:23:10,28000.0,500,Sell,236159709
2024-08-30 14:23:19,28000.0,100,Sell,236160071
2024-08-30 14:23:41,28000.0,3300,Sell,236161052
2024-08-30 14:23:47,28000.0,1700,Sell,236161359
2024-08-30 14:23:58,28000.0,2200,Sell,236161845
2024-08-30 14:24:02,28000.0,8000,Sell,236162026
2024-08-30 14:24:05,28000.0,1500,Sell,236162153
2024-08-30 14:24:07,28000.0,500,Sell,236162267
2024-08-30 14:24:13,28000.0,1100,Buy,236162527
2024-08-30 14:24:28,28000.0,2000,Buy,236163389
2024-08-30 14:24:29,28000.0,3600,Buy,236163502
2024-08-30 14:24:35,28000.0,700,Buy,236163794
2024-08-30 14:24:38,28000.0,500,Buy,236164004
2024-08-30 14:24:43,28000.0,5800,Sell,236164366
2024-08-30 14:25:13,28000.0,100,Sell,236166523
2024-08-30 14:25:15,28000.0,10000,Sell,236166660
2024-08-30 14:25:39,28100.0,500,Buy,236168287
2024-08-30 14:25:52,28000.0,100,Sell,236168962
2024-08-30 14:26:10,28000.0,4000,Sell,236170117
2024-08-30 14:26:14,28000.0,4500,Sell,236170366
2024-08-30 14:26:24,28000.0,100,Sell,236171131
2024-08-30 14:26:29,28000.0,100,Sell,236171406
2024-08-30 14:26:31,28000.0,2000,Sell,236171496
2024-08-30 14:26:43,28000.0,10000,Sell,236172158
2024-08-30 14:27:00,28000.0,15000,Sell,236173303
2024-08-30 14:27:16,28000.0,3000,Sell,236174347
2024-08-30 14:27:42,28100.0,300,Buy,236176062
2024-08-30 14:28:04,28100.0,500,Buy,236177377
2024-08-30 14:28:06,28000.0,500,Sell,236177551
2024-08-30 14:28:07,28100.0,700,Buy,236177609
2024-08-30 14:28:12,28100.0,1300,Buy,236177882
2024-08-30 14:28:19,28000.0,100,Sell,236178453
2024-08-30 14:28:26,28000.0,300,Sell,236178920
2024-08-30 14:28:30,28000.0,8500,Sell,236179197
2024-08-30 14:28:39,28000.0,8000,Sell,236179753
2024-08-30 14:28:51,28000.0,100,Sell,236180472
2024-08-30 14:29:13,28100.0,300,Buy,236182224
2024-08-30 14:29:19,28000.0,3000,Sell,236182819
2024-08-30 14:29:23,28000.0,100,Sell,236183145
2024-08-30 14:29:24,28000.0,500,Sell,236183206
2024-08-30 14:29:34,28100.0,500,Buy,236183969
2024-08-30 14:29:37,28000.0,5000,Sell,236184100
2024-08-30 14:30:00,28000.0,1000,Sell,236185432
2024-08-30 14:45:19,28000.0,204600,Sell,236186748
