time,price,volume,match_type,id
2024-07-19 09:00:07,35300.0,100,Buy,224498763
2024-07-19 09:00:09,35200.0,100,Sell,224498766
2024-07-19 09:00:11,35200.0,100,Buy,224498769
2024-07-19 09:00:12,35000.0,100,Sell,224498771
2024-07-19 09:00:30,35000.0,100,Sell,224498899
2024-07-19 09:00:32,35100.0,500,ATO/ATC,224498902
2024-07-19 09:00:41,35200.0,400,Buy,224498909
2024-07-19 09:00:45,35200.0,100,Buy,224498913
2024-07-19 09:00:49,35100.0,200,Buy,224498915
2024-07-19 09:00:54,35100.0,1300,Buy,224498918
2024-07-19 09:01:00,35100.0,700,Buy,224498922
2024-07-19 09:01:19,35100.0,500,Buy,224498929
2024-07-19 09:01:25,35100.0,100,Buy,224498931
2024-07-19 09:01:35,35100.0,600,Buy,224498935
2024-07-19 09:01:53,35100.0,100,Buy,224498941
2024-07-19 09:01:54,35100.0,1000,Buy,224498942
2024-07-19 09:02:00,35100.0,3900,Sell,224498943
2024-07-19 09:02:04,35100.0,1000,Sell,224498945
2024-07-19 09:02:38,35100.0,300,Buy,224498952
2024-07-19 09:02:41,35100.0,1000,Buy,224498954
2024-07-19 09:02:44,35100.0,300,Buy,224498956
2024-07-19 09:02:47,35100.0,400,Sell,224498957
2024-07-19 09:03:25,35100.0,2000,Sell,224498967
2024-07-19 09:03:33,35100.0,500,Buy,224498968
2024-07-19 09:03:37,35100.0,500,Buy,224498969
2024-07-19 09:03:44,35100.0,100,Sell,224498970
2024-07-19 09:03:46,35100.0,600,Sell,224498971
2024-07-19 09:03:55,35100.0,400,Sell,224498975
2024-07-19 09:03:59,35100.0,100,Sell,224498976
2024-07-19 09:04:15,35100.0,2900,ATO/ATC,224499346
2024-07-19 09:04:35,35100.0,100,Sell,224499397
2024-07-19 09:04:50,35100.0,100,Sell,224499431
2024-07-19 09:05:34,35100.0,3200,Buy,224499530
2024-07-19 09:06:07,35100.0,1000,Buy,224499610
2024-07-19 09:06:10,35100.0,500,Buy,224499616
2024-07-19 09:06:17,35100.0,100,Buy,224499631
2024-07-19 09:07:09,35100.0,5000,Buy,224499765
2024-07-19 09:07:49,35100.0,500,Buy,224499885
2024-07-19 09:08:22,35100.0,5900,Sell,224499972
2024-07-19 09:09:31,35100.0,4300,Buy,224500121
2024-07-19 09:09:34,35100.0,700,ATO/ATC,224500132
2024-07-19 09:10:01,35100.0,1800,Sell,224500203
2024-07-19 09:10:13,35100.0,3000,Sell,224500234
2024-07-19 09:10:26,35200.0,200,Buy,224500266
2024-07-19 09:10:34,35100.0,3000,Sell,224500287
2024-07-19 09:12:57,35100.0,100,Sell,224500618
2024-07-19 09:13:26,35100.0,2000,Sell,224500675
2024-07-19 09:13:42,35100.0,10000,Sell,224500706
2024-07-19 09:13:50,35200.0,26500,Sell,224500717
2024-07-19 09:14:34,35200.0,3000,Sell,224500800
2024-07-19 09:14:47,35200.0,15400,ATO/ATC,224500822
2024-07-19 09:14:51,35200.0,1000,Sell,224500834
2024-07-19 09:15:03,35200.0,200,Sell,224500985
2024-07-19 09:15:11,35200.0,700,Sell,224501322
2024-07-19 09:15:30,35200.0,200,Sell,224501622
2024-07-19 09:15:32,35100.0,18700,Buy,224501720
2024-07-19 09:15:37,35100.0,100,Buy,224501860
2024-07-19 09:15:41,35100.0,10000,Buy,224501965
2024-07-19 09:15:46,35100.0,300,Buy,224502077
2024-07-19 09:15:50,35100.0,1000,Buy,224502203
2024-07-19 09:16:01,35100.0,1000,Buy,224502465
2024-07-19 09:16:02,35100.0,500,Buy,224502483
2024-07-19 09:16:25,35100.0,500,Buy,224503005
2024-07-19 09:16:29,35000.0,1000,Sell,224503078
2024-07-19 09:16:31,35000.0,5000,Sell,224503115
2024-07-19 09:16:46,35000.0,300,Sell,224503487
2024-07-19 09:16:58,35000.0,5000,Sell,224503809
2024-07-19 09:17:03,35000.0,900,Sell,224503910
2024-07-19 09:17:31,35100.0,10500,Buy,224504753
2024-07-19 09:17:38,35000.0,5000,Sell,224504947
2024-07-19 09:17:49,35000.0,73000,Sell,224505335
2024-07-19 09:18:01,35000.0,3900,Buy,224505632
2024-07-19 09:18:06,35000.0,200,Buy,224505830
2024-07-19 09:18:09,35000.0,300,Buy,224505894
2024-07-19 09:18:15,35000.0,600,Sell,224506048
2024-07-19 09:19:13,35000.0,300,Sell,224507881
2024-07-19 09:19:14,35000.0,100,Sell,224507910
2024-07-19 09:19:30,35000.0,5000,Sell,224508442
2024-07-19 09:19:39,35000.0,500,Sell,224508703
2024-07-19 09:19:40,35000.0,2000,Sell,224508726
2024-07-19 09:19:56,35000.0,1000,Sell,224509167
2024-07-19 09:20:14,35000.0,1800,Buy,224509702
2024-07-19 09:20:56,35000.0,100,Buy,224510895
2024-07-19 09:20:59,35000.0,800,Buy,224510973
2024-07-19 09:21:08,35000.0,100,Buy,224511255
2024-07-19 09:21:09,35000.0,1400,Buy,224511285
2024-07-19 09:21:20,34900.0,200,Sell,224511556
2024-07-19 09:21:28,35000.0,2000,Buy,224511748
2024-07-19 09:21:40,35000.0,200,Buy,224512018
2024-07-19 09:21:58,35000.0,100,Buy,224512632
2024-07-19 09:22:07,34900.0,1000,Sell,224512951
2024-07-19 09:22:20,34900.0,17000,Sell,224513246
2024-07-19 09:22:21,34900.0,100,Sell,224513257
2024-07-19 09:22:47,34900.0,600,Sell,224513971
2024-07-19 09:22:53,34900.0,1000,Sell,224514110
2024-07-19 09:23:33,35000.0,6000,Buy,224515036
2024-07-19 09:23:49,35000.0,3700,Buy,224515554
2024-07-19 09:24:12,35000.0,1100,Buy,224516066
2024-07-19 09:24:15,35000.0,100,Sell,224516111
2024-07-19 09:24:29,35000.0,2000,Sell,224516411
2024-07-19 09:24:37,35000.0,1500,Sell,224516551
2024-07-19 09:24:50,35000.0,500,Sell,224516809
2024-07-19 09:25:28,35100.0,1000,Buy,224517698
2024-07-19 09:25:32,35100.0,200,Buy,224517763
2024-07-19 09:25:49,35200.0,10100,Sell,224518182
2024-07-19 09:26:07,35200.0,100,Sell,224518548
2024-07-19 09:26:10,35300.0,200,Buy,224518609
2024-07-19 09:26:17,35300.0,500,Buy,224518740
2024-07-19 09:26:18,35300.0,300,Buy,224518930
2024-07-19 09:26:26,35300.0,3000,Buy,224519090
2024-07-19 09:26:29,35300.0,500,Buy,224519167
2024-07-19 09:26:30,35300.0,500,Buy,224519185
2024-07-19 09:26:34,35300.0,100,Buy,224519378
2024-07-19 09:26:35,35300.0,100,Buy,224519404
2024-07-19 09:26:39,35300.0,1000,Buy,224519490
2024-07-19 09:26:40,35300.0,7000,Buy,224519517
2024-07-19 09:26:49,35300.0,7000,Buy,224519729
2024-07-19 09:26:51,35300.0,7000,Buy,224519772
2024-07-19 09:26:53,35300.0,6600,Buy,224519822
2024-07-19 09:27:04,35400.0,1400,Buy,224520105
2024-07-19 09:27:05,35400.0,23900,Buy,224520152
2024-07-19 09:27:08,35500.0,6900,Buy,224520285
2024-07-19 09:27:15,35400.0,100,Sell,224520508
2024-07-19 09:27:17,35500.0,15100,Buy,224520559
2024-07-19 09:27:22,35500.0,400,Buy,224520718
2024-07-19 09:27:25,35500.0,2500,Buy,224520810
2024-07-19 09:27:26,35500.0,300,Buy,224520850
2024-07-19 09:27:27,35500.0,2500,Buy,224520874
2024-07-19 09:27:32,35500.0,1000,Buy,224520971
2024-07-19 09:27:34,35500.0,100,Buy,224521055
2024-07-19 09:27:35,35500.0,2000,Buy,224521083
2024-07-19 09:27:39,35500.0,5000,Buy,224521208
2024-07-19 09:27:41,35500.0,5500,Buy,224521254
2024-07-19 09:27:43,35500.0,2000,Buy,224521293
2024-07-19 09:27:44,35500.0,300,Buy,224521348
2024-07-19 09:27:48,35500.0,500,Sell,224521478
2024-07-19 09:27:49,35500.0,500,Sell,224521507
2024-07-19 09:27:52,35500.0,100,Sell,224521644
2024-07-19 09:28:01,35600.0,100,Buy,224522013
2024-07-19 09:28:09,35600.0,5000,Buy,224522304
2024-07-19 09:28:12,35600.0,300,Buy,224522433
2024-07-19 09:28:14,35500.0,400,Sell,224522510
2024-07-19 09:28:15,35600.0,2000,Buy,224522546
2024-07-19 09:28:18,35600.0,4000,Buy,224522680
2024-07-19 09:28:21,35600.0,5900,Buy,224522827
2024-07-19 09:28:23,35600.0,1500,Buy,224523036
2024-07-19 09:28:26,35600.0,900,Buy,224523151
2024-07-19 09:28:31,35700.0,30000,Buy,224523372
2024-07-19 09:28:33,35600.0,300,Sell,224523443
2024-07-19 09:28:44,35700.0,9900,Buy,224523780
2024-07-19 09:28:46,35600.0,300,Sell,224523847
2024-07-19 09:28:52,35700.0,500,Sell,224524125
2024-07-19 09:28:54,35700.0,3700,Sell,224524234
2024-07-19 09:29:02,35700.0,1500,Sell,224524583
2024-07-19 09:29:04,35700.0,1000,Sell,224524650
2024-07-19 09:29:06,35700.0,1000,Sell,224524714
2024-07-19 09:29:08,35800.0,500,Buy,224524784
2024-07-19 09:29:09,35800.0,500,Buy,224524814
2024-07-19 09:29:11,35700.0,800,Sell,224524886
2024-07-19 09:29:12,35800.0,500,Buy,224524944
2024-07-19 09:29:15,35700.0,1200,Sell,224525035
2024-07-19 09:29:20,35700.0,200,Sell,224525216
2024-07-19 09:29:21,35700.0,2500,Sell,224525257
2024-07-19 09:29:22,35700.0,300,Sell,224525304
2024-07-19 09:29:23,35700.0,100,Sell,224525344
2024-07-19 09:29:25,35700.0,3000,Buy,224525429
2024-07-19 09:29:26,35700.0,100,Buy,224525470
2024-07-19 09:29:27,35700.0,1000,Buy,224525503
2024-07-19 09:29:32,35700.0,2000,Buy,224525651
2024-07-19 09:29:34,35700.0,200,Buy,224525689
2024-07-19 09:29:35,35700.0,100,Buy,224525734
2024-07-19 09:29:38,35700.0,500,Buy,224525856
2024-07-19 09:29:42,35700.0,10000,Buy,224526007
2024-07-19 09:29:43,35700.0,18800,Sell,224526035
2024-07-19 09:29:45,35700.0,200,Sell,224526133
2024-07-19 09:29:52,35700.0,3000,Sell,224526380
2024-07-19 09:29:59,35700.0,3500,Sell,224526655
2024-07-19 09:30:02,35700.0,100,Sell,224526763
2024-07-19 09:30:04,35700.0,500,Sell,224526815
2024-07-19 09:30:07,35700.0,1000,Sell,224526945
2024-07-19 09:30:11,35700.0,100,Sell,224527049
2024-07-19 09:30:13,35700.0,2200,Sell,224527101
2024-07-19 09:30:14,35700.0,2600,Buy,224527126
2024-07-19 09:30:15,35700.0,100,Sell,224527146
2024-07-19 09:30:16,35700.0,100,Sell,224527180
2024-07-19 09:30:17,35700.0,1000,Sell,224527199
2024-07-19 09:30:18,35700.0,500,Sell,224527223
2024-07-19 09:30:19,35700.0,600,Buy,224527252
2024-07-19 09:30:21,35700.0,100,Buy,224527315
2024-07-19 09:30:23,35700.0,200,Buy,224527435
2024-07-19 09:30:26,35700.0,500,Buy,224527531
2024-07-19 09:30:27,35700.0,500,Buy,224527549
2024-07-19 09:30:34,35700.0,900,Buy,224527849
2024-07-19 09:30:36,35700.0,100,Buy,224527944
2024-07-19 09:30:38,35700.0,1300,Buy,224528056
2024-07-19 09:30:42,35700.0,800,Buy,224528361
2024-07-19 09:30:46,35700.0,600,Buy,224528536
2024-07-19 09:30:47,35700.0,600,Buy,224528564
2024-07-19 09:30:48,35700.0,7500,Sell,224528641
2024-07-19 09:30:49,35700.0,500,Sell,224528673
2024-07-19 09:30:52,35800.0,100,Buy,224528800
2024-07-19 09:30:56,35600.0,600,Sell,224528917
2024-07-19 09:31:07,35600.0,5600,Sell,224529529
2024-07-19 09:31:10,35700.0,900,Sell,224529599
2024-07-19 09:31:10,35700.0,100,Sell,224529660
2024-07-19 09:31:16,35700.0,3900,Sell,224530011
2024-07-19 09:31:21,35700.0,1000,Sell,224530168
2024-07-19 09:31:26,35700.0,500,Sell,224530373
2024-07-19 09:31:27,35700.0,100,Sell,224530457
2024-07-19 09:31:27,35700.0,100,Sell,224530425
2024-07-19 09:31:30,35700.0,3200,Sell,224530548
2024-07-19 09:31:31,35700.0,400,Sell,224530576
2024-07-19 09:31:34,35800.0,200,Buy,224530720
2024-07-19 09:31:48,35800.0,500,Buy,224531375
2024-07-19 09:31:54,35800.0,1500,Buy,224531745
2024-07-19 09:32:04,35800.0,100,Buy,224532221
2024-07-19 09:32:06,35800.0,5000,Buy,224532353
2024-07-19 09:32:09,35800.0,4000,Buy,224532473
2024-07-19 09:32:15,35800.0,1000,Buy,224532770
2024-07-19 09:32:22,35800.0,10000,Buy,224533228
2024-07-19 09:32:26,35800.0,2500,Buy,224533355
2024-07-19 09:32:27,35800.0,100,Buy,224533395
2024-07-19 09:32:31,35800.0,2700,Buy,224533547
2024-07-19 09:32:35,35700.0,10000,Sell,224533813
2024-07-19 09:32:41,35700.0,10500,Sell,224534083
2024-07-19 09:32:45,35700.0,100,Sell,224534258
2024-07-19 09:32:46,35800.0,1100,Buy,224534301
2024-07-19 09:32:54,35800.0,50000,Buy,224534707
2024-07-19 09:32:55,35700.0,16900,Buy,224534848
2024-07-19 09:32:55,35700.0,10000,Sell,224534761
2024-07-19 09:33:02,35700.0,100,Buy,224535208
2024-07-19 09:33:08,35700.0,3000,Buy,224535518
2024-07-19 09:33:09,35700.0,1100,Buy,224535569
2024-07-19 09:33:11,35700.0,2100,Buy,224535658
2024-07-19 09:33:16,35700.0,1500,Buy,224535997
2024-07-19 09:33:27,35700.0,100,Buy,224536423
2024-07-19 09:33:29,35700.0,4700,Buy,224536500
2024-07-19 09:33:44,35700.0,900,Buy,224537333
2024-07-19 09:33:47,35700.0,11000,Buy,224537432
2024-07-19 09:33:49,35700.0,500,Buy,224537532
2024-07-19 09:33:50,35700.0,1800,Buy,224537574
2024-07-19 09:33:51,35700.0,1000,Buy,224537634
2024-07-19 09:33:52,35700.0,100,Buy,224537721
2024-07-19 09:33:54,35700.0,600,Buy,224537774
2024-07-19 09:33:57,35700.0,400,Buy,224537926
2024-07-19 09:33:59,35700.0,2000,Buy,224538040
2024-07-19 09:34:08,35700.0,1400,Buy,224538401
2024-07-19 09:34:10,35700.0,300,Buy,224538471
2024-07-19 09:34:13,35600.0,100,Sell,224538577
2024-07-19 09:34:14,35700.0,300,Buy,224538618
2024-07-19 09:34:19,35700.0,500,Buy,224538881
2024-07-19 09:34:20,35700.0,500,Buy,224538925
2024-07-19 09:34:38,35700.0,3400,Buy,224539771
2024-07-19 09:34:41,35600.0,2500,Sell,224539877
2024-07-19 09:34:48,35600.0,27900,Sell,224540217
2024-07-19 09:34:49,35700.0,700,Buy,224540289
2024-07-19 09:34:50,35700.0,1000,Buy,224540326
2024-07-19 09:34:51,35600.0,10000,Sell,224540362
2024-07-19 09:34:52,35600.0,100,Sell,224540391
2024-07-19 09:34:54,35700.0,100,Buy,224540470
2024-07-19 09:34:55,35600.0,2700,Sell,224540485
2024-07-19 09:34:56,35600.0,1500,Buy,224540518
2024-07-19 09:34:58,35600.0,100,Buy,224540631
2024-07-19 09:35:00,35600.0,3000,Buy,224540685
2024-07-19 09:35:10,35600.0,500,Buy,224541272
2024-07-19 09:35:27,35600.0,1600,Buy,224542032
2024-07-19 09:35:43,35600.0,200,Buy,224542639
2024-07-19 09:35:44,35600.0,200,Buy,224542684
2024-07-19 09:35:45,35600.0,900,Buy,224542740
2024-07-19 09:35:49,35600.0,4300,Sell,224542945
2024-07-19 09:35:52,35500.0,10000,Sell,224543053
2024-07-19 09:36:02,35600.0,200,Buy,224543451
2024-07-19 09:36:11,35600.0,100,Buy,224543770
2024-07-19 09:36:13,35600.0,5000,Buy,224543818
2024-07-19 09:36:20,35600.0,200,Buy,224544010
2024-07-19 09:36:23,35600.0,800,Buy,224544140
2024-07-19 09:36:26,35600.0,24500,Sell,224544235
2024-07-19 09:36:27,35600.0,300,Sell,224544267
2024-07-19 09:36:30,35600.0,6000,Sell,224544342
2024-07-19 09:36:36,35600.0,100,Buy,224544558
2024-07-19 09:36:39,35600.0,1000,Buy,224544657
2024-07-19 09:36:40,35600.0,400,Buy,224544743
2024-07-19 09:36:52,35600.0,300,Buy,224545152
2024-07-19 09:36:54,35600.0,2200,Sell,224545207
2024-07-19 09:37:15,35600.0,16000,Sell,224546042
2024-07-19 09:37:24,35600.0,1400,Sell,224546402
2024-07-19 09:37:28,35600.0,1000,Sell,224546496
2024-07-19 09:37:38,35600.0,200,Sell,224546842
2024-07-19 09:37:57,35600.0,30000,Sell,224547378
2024-07-19 09:38:01,35600.0,500,Sell,224547496
2024-07-19 09:38:08,35600.0,800,Sell,224547705
2024-07-19 09:38:13,35600.0,200,Buy,224547902
2024-07-19 09:38:18,35600.0,100,Sell,224548020
2024-07-19 09:38:19,35600.0,400,Buy,224548051
2024-07-19 09:38:25,35600.0,500,Buy,224548172
2024-07-19 09:38:31,35600.0,200,Buy,224548307
2024-07-19 09:39:40,35600.0,1500,Sell,224550370
2024-07-19 09:39:42,35600.0,10000,Sell,224550405
2024-07-19 09:39:47,35600.0,500,Sell,224550546
2024-07-19 09:40:13,35700.0,100,Buy,224551269
2024-07-19 09:40:20,35700.0,200,Buy,224551455
2024-07-19 09:40:22,35700.0,2000,Buy,224551513
2024-07-19 09:40:50,35700.0,500,Buy,224552323
2024-07-19 09:40:56,35700.0,100,Buy,224552631
2024-07-19 09:41:13,35700.0,100,Buy,224552964
2024-07-19 09:41:20,35600.0,3500,Sell,224553163
2024-07-19 09:41:36,35600.0,3000,Sell,224553612
2024-07-19 09:41:43,35600.0,3000,Sell,224553789
2024-07-19 09:41:51,35600.0,500,Sell,224553960
2024-07-19 09:42:02,35600.0,1000,Sell,224554245
2024-07-19 09:42:15,35600.0,100,Sell,224554614
2024-07-19 09:42:18,35600.0,1000,Sell,224554679
2024-07-19 09:42:21,35600.0,500,Sell,224554768
2024-07-19 09:42:22,35600.0,800,Buy,224554808
2024-07-19 09:42:44,35600.0,200,Buy,224555260
2024-07-19 09:42:50,35600.0,900,Buy,224555406
2024-07-19 09:43:03,35600.0,400,Sell,224555761
2024-07-19 09:43:05,35600.0,100,Sell,224555814
2024-07-19 09:43:26,35600.0,1900,Buy,224556290
2024-07-19 09:43:34,35600.0,1000,Buy,224556430
2024-07-19 09:43:36,35600.0,1000,Buy,224556463
2024-07-19 09:43:40,35600.0,5000,Buy,224556593
2024-07-19 09:43:45,35600.0,600,Buy,224556758
2024-07-19 09:43:51,35600.0,600,Buy,224556964
2024-07-19 09:44:04,35600.0,100,Buy,224557421
2024-07-19 09:44:09,35600.0,200,Sell,224557601
2024-07-19 09:44:13,35600.0,100,Sell,224557721
2024-07-19 09:44:36,35700.0,500,Buy,224558318
2024-07-19 09:44:46,35600.0,4000,Sell,224558563
2024-07-19 09:44:51,35600.0,7300,Sell,224558650
2024-07-19 09:45:07,35600.0,3800,Buy,224559073
2024-07-19 09:45:10,35600.0,1000,Sell,224559146
2024-07-19 09:45:14,35700.0,400,Buy,224559236
2024-07-19 09:45:19,35600.0,500,Sell,224559386
2024-07-19 09:45:23,35600.0,200,Buy,224559489
2024-07-19 09:45:30,35600.0,200,Buy,224559671
2024-07-19 09:45:35,35600.0,200,Buy,224559790
2024-07-19 09:45:36,35600.0,400,Buy,224559814
2024-07-19 09:45:44,35600.0,300,Buy,224559996
2024-07-19 09:45:45,35600.0,2600,Buy,224560013
2024-07-19 09:45:50,35600.0,2400,Sell,224560165
2024-07-19 09:45:51,35600.0,1000,Buy,224560185
2024-07-19 09:45:54,35600.0,1000,Buy,224560236
2024-07-19 09:45:55,35600.0,5000,Buy,224560273
2024-07-19 09:45:58,35600.0,100,Buy,224560335
2024-07-19 09:46:00,35600.0,1600,Buy,224560369
2024-07-19 09:46:04,35600.0,100,Buy,224560459
2024-07-19 09:46:12,35600.0,5000,Buy,224560640
2024-07-19 09:46:13,35600.0,3100,Buy,224560683
2024-07-19 09:46:24,35600.0,100,Buy,224560997
2024-07-19 09:46:28,35600.0,3100,Buy,224561073
2024-07-19 09:46:40,35600.0,100,Sell,224561392
2024-07-19 09:46:47,35700.0,1100,Buy,224561538
2024-07-19 09:46:48,35700.0,11900,Buy,224561549
2024-07-19 09:46:50,35700.0,1000,Buy,224561597
2024-07-19 09:46:51,35700.0,12300,Buy,224561607
2024-07-19 09:46:52,35700.0,1000,Buy,224561650
2024-07-19 09:46:53,35700.0,1000,Buy,224561656
2024-07-19 09:46:59,35700.0,3000,Buy,224561782
2024-07-19 09:47:01,35700.0,1000,Buy,224561810
2024-07-19 09:47:06,35700.0,1000,Buy,224561916
2024-07-19 09:47:18,35700.0,600,Buy,224562140
2024-07-19 09:47:26,35600.0,1000,Sell,224562354
2024-07-19 09:47:32,35700.0,1000,Buy,224562456
2024-07-19 09:47:35,35700.0,500,Buy,224562512
2024-07-19 09:47:36,35700.0,1000,Buy,224562544
2024-07-19 09:47:37,35700.0,1000,Buy,224562557
2024-07-19 09:47:38,35700.0,1000,Buy,224562588
2024-07-19 09:47:42,35600.0,1300,Sell,224562640
2024-07-19 09:48:11,35700.0,7700,Buy,224563354
2024-07-19 09:48:14,35600.0,1200,Sell,224563422
2024-07-19 09:48:18,35600.0,300,Sell,224563478
2024-07-19 09:48:39,35600.0,200,Sell,224563988
2024-07-19 09:48:53,35700.0,100,Buy,224564246
2024-07-19 09:48:54,35600.0,1000,Sell,224564263
2024-07-19 09:49:12,35600.0,100,Sell,224564707
2024-07-19 09:49:27,35600.0,50000,Sell,224565109
2024-07-19 09:49:32,35600.0,2000,Sell,224565226
2024-07-19 09:49:36,35600.0,5000,Sell,224565302
2024-07-19 09:49:51,35600.0,400,Sell,224565685
2024-07-19 09:50:01,35600.0,8500,Sell,224565875
2024-07-19 09:50:07,35600.0,3000,Buy,224565998
2024-07-19 09:50:10,35600.0,300,Sell,224566077
2024-07-19 09:50:14,35600.0,1700,Buy,224566158
2024-07-19 09:50:24,35600.0,200,ATO/ATC,224566340
2024-07-19 09:50:28,35600.0,200,Sell,224566413
2024-07-19 09:50:34,35600.0,1700,Sell,224566539
2024-07-19 09:50:38,35600.0,1300,Sell,224566618
2024-07-19 09:50:44,35600.0,100,Sell,224566753
2024-07-19 09:50:50,35600.0,2200,Sell,224566893
2024-07-19 09:50:58,35600.0,200,Buy,224567059
2024-07-19 09:51:03,35600.0,200,Buy,224567166
2024-07-19 09:51:04,35600.0,100,Buy,224567182
2024-07-19 09:51:09,35600.0,300,Buy,224567391
2024-07-19 09:51:14,35600.0,500,Buy,224567496
2024-07-19 09:51:22,35600.0,500,Sell,224567655
2024-07-19 09:51:38,35600.0,1000,Sell,224568114
2024-07-19 09:51:47,35600.0,1500,Sell,224568330
2024-07-19 09:52:05,35600.0,5000,Buy,224568706
2024-07-19 09:52:10,35600.0,200,Buy,224568887
2024-07-19 09:52:19,35600.0,1000,Buy,224569231
2024-07-19 09:52:20,35600.0,300,Buy,224569260
2024-07-19 09:52:26,35600.0,1300,Buy,224569372
2024-07-19 09:52:28,35600.0,3000,Buy,224569415
2024-07-19 09:52:38,35600.0,1000,Buy,224569590
2024-07-19 09:53:03,35600.0,1000,Buy,224570389
2024-07-19 09:53:17,35600.0,1000,Buy,224570846
2024-07-19 09:53:23,35600.0,700,Buy,224571004
2024-07-19 09:53:31,35600.0,300,Buy,224571207
2024-07-19 09:53:49,35600.0,400,Buy,224571713
2024-07-19 09:53:50,35600.0,10000,Buy,224571736
2024-07-19 09:53:52,35600.0,1000,Buy,224571755
2024-07-19 09:54:13,35600.0,100,Buy,224572579
2024-07-19 09:54:30,35600.0,30000,Buy,224573015
2024-07-19 09:54:32,35500.0,100,Sell,224573053
2024-07-19 09:54:42,35600.0,500,Buy,224573362
2024-07-19 09:54:46,35600.0,200,Buy,224573446
2024-07-19 09:54:52,35600.0,500,Buy,224573689
2024-07-19 09:54:55,35600.0,300,Buy,224573835
2024-07-19 09:55:04,35600.0,500,Buy,224574063
2024-07-19 09:55:11,35600.0,500,Buy,224574247
2024-07-19 09:55:20,35600.0,200,Buy,224574431
2024-07-19 09:55:25,35500.0,3500,Sell,224574570
2024-07-19 09:55:42,35600.0,700,Buy,224575004
2024-07-19 09:56:02,35600.0,500,Buy,224575661
2024-07-19 09:56:07,35600.0,200,Buy,224575783
2024-07-19 09:56:08,35600.0,1300,Buy,224575805
2024-07-19 09:56:10,35600.0,600,Buy,224575839
2024-07-19 09:56:25,35600.0,200,Buy,224576272
2024-07-19 09:56:49,35600.0,500,Buy,224576934
2024-07-19 09:56:53,35600.0,2000,Buy,224576996
2024-07-19 09:56:56,35600.0,1200,Buy,224577056
2024-07-19 09:57:00,35600.0,500,Buy,224577132
2024-07-19 09:57:02,35600.0,100,Buy,224577173
2024-07-19 09:57:13,35500.0,10500,Sell,224577398
2024-07-19 09:57:28,35500.0,300,Sell,224577602
2024-07-19 09:57:30,35500.0,500,Sell,224577651
2024-07-19 09:57:43,35500.0,200,Sell,224577888
2024-07-19 09:57:52,35500.0,2500,Sell,224578047
2024-07-19 09:58:02,35500.0,2000,Sell,224578221
2024-07-19 09:58:11,35500.0,1000,Sell,224578417
2024-07-19 09:58:33,35500.0,200,Sell,224579106
2024-07-19 09:58:50,35500.0,1100,Sell,224579485
2024-07-19 09:59:01,35500.0,300,Sell,224579643
2024-07-19 09:59:15,35500.0,1900,Sell,224579926
2024-07-19 09:59:33,35500.0,100,Sell,224580254
2024-07-19 09:59:47,35500.0,500,Sell,224580477
2024-07-19 09:59:48,35500.0,500,Sell,224580496
2024-07-19 10:00:02,35500.0,1000,Sell,224580734
2024-07-19 10:00:04,35600.0,3200,Buy,224580753
2024-07-19 10:00:10,35500.0,500,Sell,224580890
2024-07-19 10:00:13,35500.0,100,Sell,224580941
2024-07-19 10:00:25,35500.0,5000,Sell,224581128
2024-07-19 10:00:40,35500.0,200,Sell,224581432
2024-07-19 10:00:58,35600.0,5000,Buy,224581760
2024-07-19 10:01:09,35600.0,4200,Buy,224581944
2024-07-19 10:01:10,35600.0,8600,Buy,224581954
2024-07-19 10:01:20,35600.0,100,Buy,224582138
2024-07-19 10:01:21,35600.0,1700,Buy,224582149
2024-07-19 10:01:22,35600.0,5000,Buy,224582161
2024-07-19 10:01:23,35600.0,2700,Buy,224582174
2024-07-19 10:01:24,35600.0,8600,Buy,224582181
2024-07-19 10:01:26,35600.0,8700,Buy,224582227
2024-07-19 10:01:29,35600.0,3000,Buy,224582290
2024-07-19 10:01:31,35600.0,6200,Buy,224582385
2024-07-19 10:01:40,35600.0,500,Sell,224582523
2024-07-19 10:01:56,35600.0,200,Sell,224582825
2024-07-19 10:02:01,35600.0,1000,Sell,224582909
2024-07-19 10:02:25,35600.0,1000,Sell,224583332
2024-07-19 10:02:35,35600.0,2200,Sell,224583469
2024-07-19 10:02:38,35600.0,1000,Sell,224583530
2024-07-19 10:02:41,35600.0,10000,Sell,224583597
2024-07-19 10:03:07,35600.0,200,Sell,224584060
2024-07-19 10:03:13,35600.0,12200,Sell,224584163
2024-07-19 10:03:14,35600.0,1000,Buy,224584215
2024-07-19 10:03:17,35600.0,4500,Buy,224584288
2024-07-19 10:03:23,35600.0,100,Buy,224584453
2024-07-19 10:03:54,35600.0,3500,Buy,224585157
2024-07-19 10:03:55,35600.0,300,Buy,224585171
2024-07-19 10:04:08,35600.0,300,Buy,224585426
2024-07-19 10:04:13,35600.0,1000,Buy,224585538
2024-07-19 10:04:14,35600.0,1000,Buy,224585555
2024-07-19 10:04:15,35600.0,1000,Buy,224585570
2024-07-19 10:04:16,35600.0,1000,Buy,224585581
2024-07-19 10:04:17,35600.0,11100,Buy,224585623
2024-07-19 10:04:30,35600.0,1000,Buy,224585987
2024-07-19 10:04:31,35500.0,800,Sell,224586013
2024-07-19 10:04:36,35600.0,300,Buy,224586123
2024-07-19 10:04:54,35600.0,2000,Buy,224586591
2024-07-19 10:05:42,35600.0,4200,Buy,224587681
2024-07-19 10:05:44,35600.0,1000,Buy,224587731
2024-07-19 10:05:45,35600.0,1000,Buy,224587743
2024-07-19 10:05:46,35600.0,1000,Buy,224587776
2024-07-19 10:05:47,35600.0,1000,Buy,224587790
2024-07-19 10:05:48,35600.0,9000,Buy,224587800
2024-07-19 10:05:51,35600.0,5000,Buy,224587878
2024-07-19 10:05:58,35600.0,1700,Buy,224588033
2024-07-19 10:06:02,35600.0,4800,Buy,224588096
2024-07-19 10:06:22,35600.0,1100,Sell,224588482
2024-07-19 10:06:23,35600.0,8900,Sell,224588509
2024-07-19 10:06:45,35600.0,6000,Sell,224588877
2024-07-19 10:06:54,35600.0,1000,Sell,224589032
2024-07-19 10:06:58,35600.0,500,Sell,224589085
2024-07-19 10:07:07,35700.0,100,Buy,224589282
2024-07-19 10:07:13,35600.0,1000,Sell,224589401
2024-07-19 10:07:34,35600.0,600,Sell,224589916
2024-07-19 10:08:26,35600.0,300,Sell,224591941
2024-07-19 10:08:29,35700.0,700,Buy,224592003
2024-07-19 10:08:46,35700.0,5000,Buy,224592441
2024-07-19 10:09:29,35700.0,12800,Buy,224593653
2024-07-19 10:09:31,35700.0,500,Buy,224593697
2024-07-19 10:09:51,35700.0,1000,Buy,224594241
2024-07-19 10:09:56,35700.0,4000,Buy,224594455
2024-07-19 10:10:11,35700.0,1500,Buy,224594927
2024-07-19 10:10:14,35700.0,400,Buy,224595041
2024-07-19 10:10:20,35600.0,100,Sell,224595363
2024-07-19 10:10:29,35700.0,100,Buy,224595686
2024-07-19 10:10:53,35600.0,200,Sell,224596706
2024-07-19 10:10:54,35700.0,1000,Buy,224596719
2024-07-19 10:11:02,35600.0,100,Sell,224596938
2024-07-19 10:11:10,35600.0,300,Sell,224597163
2024-07-19 10:11:38,35700.0,1000,Buy,224597919
2024-07-19 10:11:45,35700.0,100,Buy,224598133
2024-07-19 10:12:13,35700.0,10000,Buy,224598955
2024-07-19 10:12:14,35700.0,4300,Buy,224598964
2024-07-19 10:12:15,35700.0,56200,Buy,224598993
2024-07-19 10:12:23,35700.0,5000,Buy,224599188
2024-07-19 10:12:25,35600.0,100,Sell,224599219
2024-07-19 10:12:32,35700.0,700,Buy,224599371
2024-07-19 10:12:33,35600.0,500,Sell,224599408
2024-07-19 10:12:41,35600.0,30000,Sell,224599556
2024-07-19 10:12:46,35600.0,1000,Sell,224599628
2024-07-19 10:12:50,35700.0,31300,Buy,224599693
2024-07-19 10:12:57,35600.0,200,Sell,224599779
2024-07-19 10:13:28,35600.0,19700,Sell,224600456
2024-07-19 10:13:48,35600.0,400,Sell,224600954
2024-07-19 10:14:06,35600.0,2000,Sell,224601562
2024-07-19 10:14:11,35700.0,500,Buy,224601775
2024-07-19 10:14:30,35700.0,6500,Buy,224602166
2024-07-19 10:14:32,35700.0,1000,Buy,224602197
2024-07-19 10:14:45,35700.0,1000,Buy,224602430
2024-07-19 10:14:48,35600.0,200,Sell,224602513
2024-07-19 10:14:50,35700.0,3000,Buy,224602651
2024-07-19 10:14:56,35700.0,10700,Sell,224602781
2024-07-19 10:14:59,35700.0,200,Sell,224602836
2024-07-19 10:15:00,35700.0,100,Sell,224602846
2024-07-19 10:15:14,35700.0,1400,Buy,224603152
2024-07-19 10:15:27,35700.0,200,Buy,224603404
2024-07-19 10:15:31,35700.0,5000,Buy,224603493
2024-07-19 10:15:47,35700.0,5000,Buy,224603739
2024-07-19 10:15:51,35700.0,800,Buy,224603793
2024-07-19 10:15:54,35700.0,500,Buy,224603828
2024-07-19 10:16:13,35700.0,2000,Buy,224604140
2024-07-19 10:16:27,35700.0,300,Buy,224604496
2024-07-19 10:16:37,35700.0,800,Buy,224604791
2024-07-19 10:17:12,35700.0,25100,Sell,224605572
2024-07-19 10:17:22,35800.0,300,Buy,224605742
2024-07-19 10:17:23,35700.0,100,Sell,224605750
2024-07-19 10:17:31,35700.0,1000,Sell,224605979
2024-07-19 10:17:32,35800.0,600,Buy,224606004
2024-07-19 10:17:42,35700.0,100,Sell,224606192
2024-07-19 10:17:48,35800.0,100,Buy,224606310
2024-07-19 10:18:11,35700.0,5000,Sell,224606929
2024-07-19 10:18:18,35700.0,100,Sell,224607062
2024-07-19 10:18:25,35800.0,8000,Buy,224607234
2024-07-19 10:18:28,35700.0,200,Sell,224607297
2024-07-19 10:18:33,35700.0,200,Sell,224607364
2024-07-19 10:18:35,35800.0,300,Buy,224607408
2024-07-19 10:19:00,35700.0,10000,Sell,224607872
2024-07-19 10:19:07,35800.0,400,Buy,224607998
2024-07-19 10:19:08,35800.0,500,Buy,224608013
2024-07-19 10:19:21,35700.0,200,Sell,224608306
2024-07-19 10:19:35,35800.0,300,Buy,224608553
2024-07-19 10:19:55,35800.0,200,Buy,224609018
2024-07-19 10:19:59,35800.0,10000,Buy,224609135
2024-07-19 10:20:00,35700.0,400,Sell,224609150
2024-07-19 10:20:17,35800.0,500,Buy,224609535
2024-07-19 10:20:55,35800.0,600,Buy,224610510
2024-07-19 10:21:14,35800.0,300,Buy,224610985
2024-07-19 10:21:16,35800.0,100,Buy,224611016
2024-07-19 10:21:24,35800.0,200,Buy,224611183
2024-07-19 10:21:34,35800.0,2000,Buy,224611405
2024-07-19 10:21:40,35800.0,1000,Buy,224611524
2024-07-19 10:21:41,35800.0,500,Buy,224611533
2024-07-19 10:21:46,35700.0,1000,Sell,224611711
2024-07-19 10:22:01,35700.0,3000,Sell,224612155
2024-07-19 10:22:08,35800.0,200,Buy,224612326
2024-07-19 10:22:14,35800.0,10100,Buy,224612556
2024-07-19 10:22:17,35800.0,100,Buy,224612644
2024-07-19 10:22:18,35800.0,900,Buy,224612655
2024-07-19 10:22:24,35800.0,600,Buy,224612811
2024-07-19 10:22:25,35800.0,800,Buy,224612836
2024-07-19 10:22:32,35700.0,1000,Sell,224613020
2024-07-19 10:22:44,35700.0,100,Sell,224613278
2024-07-19 10:22:46,35800.0,100,Buy,224613335
2024-07-19 10:22:49,35700.0,200,Sell,224613417
2024-07-19 10:22:52,35800.0,500,Buy,224613462
2024-07-19 10:23:00,35700.0,1000,Sell,224613710
2024-07-19 10:23:13,35700.0,1000,Sell,224613996
2024-07-19 10:23:19,35700.0,100,Sell,224614383
2024-07-19 10:23:53,35800.0,100,Buy,224615262
2024-07-19 10:24:12,35800.0,1000,Buy,224615760
2024-07-19 10:24:13,35800.0,1000,Buy,224615779
2024-07-19 10:24:23,35800.0,1100,Buy,224616013
2024-07-19 10:24:27,35800.0,3000,Buy,224616055
2024-07-19 10:24:37,35800.0,200,Buy,224616333
2024-07-19 10:25:00,35800.0,500,Buy,224617093
2024-07-19 10:25:05,35800.0,1200,Buy,224617177
2024-07-19 10:25:10,35800.0,500,Buy,224617299
2024-07-19 10:25:14,35800.0,31300,Buy,224617361
2024-07-19 10:25:15,35700.0,1000,Sell,224617383
2024-07-19 10:25:33,35700.0,500,Sell,224617815
2024-07-19 10:25:43,35700.0,500,Sell,224618031
2024-07-19 10:26:03,35700.0,1500,Sell,224618480
2024-07-19 10:26:20,35700.0,500,Sell,224618912
2024-07-19 10:26:30,35700.0,1000,Sell,224619095
2024-07-19 10:26:36,35700.0,200,Sell,224619204
2024-07-19 10:26:40,35700.0,1100,Sell,224619297
2024-07-19 10:26:43,35800.0,1000,Buy,224619325
2024-07-19 10:26:48,35700.0,100,Sell,224619426
2024-07-19 10:26:49,35700.0,100,Sell,224619446
2024-07-19 10:26:56,35800.0,300,Buy,224619489
2024-07-19 10:27:06,35700.0,300,Sell,224619714
2024-07-19 10:27:14,35700.0,100,Sell,224619904
2024-07-19 10:27:22,35700.0,3000,Sell,224620089
2024-07-19 10:27:24,35700.0,1100,Sell,224620130
2024-07-19 10:27:34,35700.0,100,Sell,224620355
2024-07-19 10:27:49,35700.0,1000,Sell,224620801
2024-07-19 10:27:50,35700.0,1000,Sell,224620815
2024-07-19 10:28:05,35700.0,1000,Sell,224621196
2024-07-19 10:28:06,35700.0,1200,Sell,224621206
2024-07-19 10:28:08,35700.0,100,Sell,224621295
2024-07-19 10:28:09,35700.0,200,Sell,224621309
2024-07-19 10:28:20,35700.0,100,Sell,224621555
2024-07-19 10:28:26,35700.0,9500,Sell,224621702
2024-07-19 10:28:27,35700.0,500,Sell,224621714
2024-07-19 10:28:32,35700.0,500,Sell,224621809
2024-07-19 10:28:38,35700.0,2000,Sell,224621987
2024-07-19 10:28:46,35700.0,10000,Sell,224622137
2024-07-19 10:28:49,35700.0,3000,Sell,224622166
2024-07-19 10:28:49,35700.0,5000,Sell,224622193
2024-07-19 10:28:59,35700.0,100,Sell,224622448
2024-07-19 10:29:00,35700.0,3000,Sell,224622453
2024-07-19 10:29:03,35700.0,3500,Sell,224622493
2024-07-19 10:29:04,35700.0,1000,Sell,224622505
2024-07-19 10:29:09,35700.0,4000,Sell,224622591
2024-07-19 10:29:13,35700.0,400,Sell,224622655
2024-07-19 10:29:15,35700.0,900,Sell,224622706
2024-07-19 10:29:24,35700.0,4200,Sell,224622873
2024-07-19 10:29:27,35700.0,100,Sell,224622944
2024-07-19 10:29:29,35700.0,1000,Sell,224622973
2024-07-19 10:29:31,35700.0,5000,Sell,224623018
2024-07-19 10:29:37,35700.0,100,Sell,224623335
2024-07-19 10:29:41,35700.0,100,Sell,224623436
2024-07-19 10:29:42,35700.0,5000,Sell,224623444
2024-07-19 10:29:43,35700.0,2800,Sell,224623473
2024-07-19 10:29:46,35700.0,1000,Sell,224623553
2024-07-19 10:29:48,35700.0,100,Sell,224623589
2024-07-19 10:29:49,35700.0,4000,Sell,224623606
2024-07-19 10:29:50,35700.0,600,Sell,224623625
2024-07-19 10:29:58,35700.0,600,Sell,224623785
2024-07-19 10:29:59,35700.0,20000,Sell,224623799
2024-07-19 10:30:03,35700.0,10000,Sell,224623911
2024-07-19 10:30:04,35700.0,16500,Buy,224623926
2024-07-19 10:30:20,35700.0,300,Buy,224624164
2024-07-19 10:30:25,35700.0,200,Buy,224624258
2024-07-19 10:30:30,35700.0,26100,Sell,224624393
2024-07-19 10:30:33,35700.0,1000,Sell,224624454
2024-07-19 10:30:36,35800.0,12900,Buy,224624490
2024-07-19 10:30:38,35700.0,100,Sell,224624523
2024-07-19 10:30:43,35800.0,500,Buy,224624608
2024-07-19 10:30:45,35700.0,500,Sell,224624637
2024-07-19 10:30:49,35700.0,2000,Sell,224624693
2024-07-19 10:30:52,35700.0,3500,Sell,224624743
2024-07-19 10:30:56,35700.0,100,Sell,224624797
2024-07-19 10:31:04,35700.0,100,Sell,224624936
2024-07-19 10:31:13,35700.0,2000,Sell,224625140
2024-07-19 10:31:17,35700.0,1400,Sell,224625207
2024-07-19 10:31:35,35700.0,100,Sell,224625568
2024-07-19 10:31:36,35700.0,1000,Sell,224625584
2024-07-19 10:31:42,35700.0,200,Sell,224625674
2024-07-19 10:31:43,35800.0,400,Buy,224625682
2024-07-19 10:32:02,35800.0,100,Buy,224625962
2024-07-19 10:32:24,35700.0,3000,Sell,224626263
2024-07-19 10:32:26,35800.0,200,Buy,224626266
2024-07-19 10:32:28,35700.0,300,Sell,224626273
2024-07-19 10:32:34,35700.0,1000,Sell,224626282
2024-07-19 10:32:55,35700.0,2000,Sell,224626327
2024-07-19 10:33:00,35700.0,100,Sell,224626335
2024-07-19 10:33:03,35700.0,3000,Sell,224626341
2024-07-19 10:33:28,35700.0,2500,Sell,224627982
2024-07-19 10:33:31,35700.0,600,Sell,224628016
2024-07-19 10:33:32,35700.0,2000,Sell,224628025
2024-07-19 10:33:35,35700.0,10000,Sell,224628099
2024-07-19 10:34:07,35700.0,5000,Sell,224628858
2024-07-19 10:34:12,35600.0,1500,Sell,224628953
2024-07-19 10:34:21,35700.0,800,Buy,224629150
2024-07-19 10:34:36,35700.0,100,Buy,224629489
2024-07-19 10:34:42,35700.0,1000,Buy,224629845
2024-07-19 10:35:19,35600.0,100,Sell,224630847
2024-07-19 10:36:11,35600.0,500,Sell,224631806
2024-07-19 10:36:33,35600.0,200,Sell,224632260
2024-07-19 10:36:41,35600.0,200,Sell,224632390
2024-07-19 10:37:03,35600.0,200,Sell,224632903
2024-07-19 10:37:29,35600.0,200,Sell,224633382
2024-07-19 10:37:43,35600.0,100,Sell,224633689
2024-07-19 10:38:11,35600.0,1000,Sell,224634154
2024-07-19 10:38:12,35600.0,100,Sell,224634172
2024-07-19 10:38:23,35600.0,1000,Sell,224634387
2024-07-19 10:38:29,35600.0,2300,Sell,224634485
2024-07-19 10:38:30,35600.0,100,Sell,224634531
2024-07-19 10:39:10,35600.0,100,Sell,224635267
2024-07-19 10:39:14,35600.0,300,Sell,224635316
2024-07-19 10:39:20,35700.0,8900,Buy,224635447
2024-07-19 10:39:23,35700.0,23800,ATO/ATC,224635537
2024-07-19 10:39:40,35800.0,20000,Buy,224635812
2024-07-19 10:40:11,35800.0,700,Buy,224636295
2024-07-19 10:41:04,35700.0,10000,Sell,224637090
2024-07-19 10:41:20,35700.0,5000,Sell,224637309
2024-07-19 10:41:27,35700.0,5000,Sell,224637414
2024-07-19 10:42:59,35700.0,18000,Sell,224639012
2024-07-19 10:43:16,35700.0,100,Sell,224639340
2024-07-19 10:43:41,35700.0,15000,Sell,224639741
2024-07-19 10:43:50,35700.0,100,Sell,224639859
2024-07-19 10:44:16,35700.0,18500,Sell,224640238
2024-07-19 10:44:29,35700.0,100,Sell,224640583
2024-07-19 10:44:31,35700.0,500,Sell,224640615
2024-07-19 10:44:35,35700.0,13000,Sell,224640716
2024-07-19 10:44:53,35700.0,500,Sell,224641139
2024-07-19 10:44:54,35700.0,100,Sell,224641144
2024-07-19 10:44:57,35700.0,1000,Sell,224641203
2024-07-19 10:45:10,35700.0,1000,ATO/ATC,224641608
2024-07-19 10:45:23,35700.0,1000,Sell,224641816
2024-07-19 10:45:30,35700.0,500,Sell,224641933
2024-07-19 10:45:46,35700.0,200,Sell,224642222
2024-07-19 10:45:47,35700.0,1000,Sell,224642279
2024-07-19 10:45:48,35700.0,100,Sell,224642306
2024-07-19 10:45:50,35700.0,1200,Sell,224642343
2024-07-19 10:45:57,35700.0,10000,Sell,224642520
2024-07-19 10:46:00,35700.0,900,Sell,224642567
2024-07-19 10:46:13,35700.0,2000,Sell,224642820
2024-07-19 10:46:15,35700.0,1000,Sell,224642848
2024-07-19 10:46:23,35700.0,3500,Buy,224643147
2024-07-19 10:47:09,35700.0,500,Buy,224644183
2024-07-19 10:47:11,35700.0,2000,Buy,224644253
2024-07-19 10:47:17,35700.0,8500,Sell,224644378
2024-07-19 10:47:32,35700.0,1000,Sell,224644798
2024-07-19 10:48:08,35700.0,500,Sell,224645705
2024-07-19 10:48:11,35700.0,1000,Sell,224645761
2024-07-19 10:48:12,35700.0,900,Sell,224645788
2024-07-19 10:48:25,35700.0,200,Sell,224646181
2024-07-19 10:48:27,35700.0,200,Sell,224646209
2024-07-19 10:48:28,35700.0,600,Sell,224646226
2024-07-19 10:48:35,35700.0,1200,Sell,224646379
2024-07-19 10:48:41,35700.0,500,Sell,224646622
2024-07-19 10:48:45,35700.0,300,Sell,224646728
2024-07-19 10:48:51,35700.0,5000,Sell,224646837
2024-07-19 10:48:52,35700.0,1000,Sell,224646839
2024-07-19 10:49:04,35700.0,500,Sell,224647228
2024-07-19 10:49:11,35700.0,100,Sell,224647478
2024-07-19 10:49:13,35700.0,3000,Sell,224647569
2024-07-19 10:49:24,35700.0,8000,Sell,224647816
2024-07-19 10:49:25,35700.0,10500,Sell,224647826
2024-07-19 10:49:26,35700.0,16000,Sell,224647851
2024-07-19 10:49:27,35700.0,3300,Sell,224647884
2024-07-19 10:50:17,35600.0,400,Sell,224649369
2024-07-19 10:50:27,35600.0,1000,Sell,224649634
2024-07-19 10:50:36,35600.0,10000,Sell,224649916
2024-07-19 10:50:40,35600.0,1000,Sell,224650028
2024-07-19 10:50:42,35600.0,300,Sell,224650052
2024-07-19 10:50:49,35600.0,100,Sell,224650223
2024-07-19 10:51:08,35600.0,800,Sell,224650677
2024-07-19 10:51:31,35600.0,100,Sell,224651295
2024-07-19 10:51:36,35600.0,100,Sell,224651430
2024-07-19 10:51:44,35600.0,100,Sell,224651575
2024-07-19 10:51:45,35600.0,1000,Sell,224651597
2024-07-19 10:51:47,35600.0,100,Sell,224651658
2024-07-19 10:51:50,35600.0,2000,Sell,224651725
2024-07-19 10:51:56,35600.0,100,Sell,224652063
2024-07-19 10:51:59,35600.0,400,Sell,224652143
2024-07-19 10:52:01,35600.0,200,Sell,224652177
2024-07-19 10:52:09,35600.0,10000,Sell,224652409
2024-07-19 10:52:12,35600.0,2000,Sell,224652479
2024-07-19 10:52:16,35600.0,100,Sell,224652545
2024-07-19 10:52:21,35600.0,1000,Sell,224652656
2024-07-19 10:52:23,35600.0,500,Sell,224652688
2024-07-19 10:52:27,35600.0,1000,Sell,224652784
2024-07-19 10:52:28,35600.0,2000,Sell,224652801
2024-07-19 10:52:29,35600.0,100,Sell,224652831
2024-07-19 10:52:31,35600.0,200,Sell,224652903
2024-07-19 10:52:32,35600.0,2000,Sell,224652932
2024-07-19 10:52:35,35600.0,7000,Sell,224652975
2024-07-19 10:52:36,35600.0,500,Sell,224653001
2024-07-19 10:52:40,35600.0,1100,Sell,224653092
2024-07-19 10:52:42,35600.0,5200,Sell,224653137
2024-07-19 10:52:45,35600.0,500,Sell,224653248
2024-07-19 10:52:46,35600.0,3300,Sell,224653259
2024-07-19 10:52:51,35600.0,3600,Sell,224653347
2024-07-19 10:52:53,35600.0,300,Sell,224653383
2024-07-19 10:52:56,35600.0,4000,Sell,224653425
2024-07-19 10:52:57,35600.0,1800,Sell,224653448
2024-07-19 10:53:02,35600.0,5000,Sell,224653568
2024-07-19 10:53:03,35600.0,2900,Sell,224653576
2024-07-19 10:53:04,35600.0,1100,Buy,224653588
2024-07-19 10:53:08,35600.0,500,Buy,224653687
2024-07-19 10:53:18,35600.0,500,Buy,224653913
2024-07-19 10:53:20,35500.0,3000,Sell,224653965
2024-07-19 10:53:21,35500.0,100,Sell,224654011
2024-07-19 10:53:33,35600.0,1000,Buy,224654316
2024-07-19 10:53:34,35500.0,200,Sell,224654328
2024-07-19 10:53:35,35500.0,500,Sell,224654411
2024-07-19 10:53:46,35600.0,1000,Buy,224654641
2024-07-19 10:53:50,35500.0,300,Sell,224654707
2024-07-19 10:53:58,35500.0,2000,Sell,224654926
2024-07-19 10:54:14,35500.0,3000,Sell,224655203
2024-07-19 10:54:17,35500.0,100,Sell,224655342
2024-07-19 10:54:19,35500.0,200,Sell,224655366
2024-07-19 10:54:24,35500.0,3000,Sell,224655457
2024-07-19 10:54:29,35500.0,1000,Sell,224655534
2024-07-19 10:54:33,35500.0,1500,Sell,224655603
2024-07-19 10:54:37,35500.0,5000,Sell,224655698
2024-07-19 10:54:39,35600.0,200,Buy,224655734
2024-07-19 10:54:44,35500.0,1500,Sell,224655891
2024-07-19 10:55:08,35500.0,1000,Sell,224656325
2024-07-19 10:55:29,35500.0,1600,Sell,224656721
2024-07-19 10:55:39,35500.0,5000,Sell,224656909
2024-07-19 10:55:40,35500.0,200,Sell,224656968
2024-07-19 10:55:47,35500.0,200,Sell,224657119
2024-07-19 10:55:52,35500.0,200,Sell,224657199
2024-07-19 10:56:04,35500.0,5000,Sell,224657496
2024-07-19 10:56:25,35600.0,4500,Buy,224657947
2024-07-19 10:56:53,35600.0,10000,Sell,224658679
2024-07-19 10:56:56,35600.0,200,Sell,224658800
2024-07-19 10:57:02,35600.0,8900,Sell,224658930
2024-07-19 10:57:09,35600.0,100,Sell,224659168
2024-07-19 10:57:10,35600.0,100,Sell,224659191
2024-07-19 10:57:13,35500.0,5000,Sell,224659273
2024-07-19 10:57:43,35500.0,1800,Sell,224659962
2024-07-19 10:57:45,35600.0,100,Buy,224660213
2024-07-19 10:58:15,35500.0,40000,Sell,224660808
2024-07-19 10:58:18,35500.0,1000,Sell,224660883
2024-07-19 10:58:20,35500.0,500,Sell,224660919
2024-07-19 10:58:30,35500.0,100,Sell,224661114
2024-07-19 10:58:44,35500.0,2500,Sell,224661343
2024-07-19 10:58:45,35500.0,200,Sell,224661368
2024-07-19 10:58:58,35500.0,1000,Sell,224661621
2024-07-19 10:59:03,35500.0,500,Sell,224661754
2024-07-19 10:59:04,35500.0,1000,Sell,224661777
2024-07-19 10:59:14,35500.0,11100,Sell,224661986
2024-07-19 10:59:15,35500.0,600,Sell,224662001
2024-07-19 10:59:24,35500.0,5000,Sell,224662117
2024-07-19 10:59:28,35500.0,3000,Sell,224662199
2024-07-19 11:00:00,35500.0,1000,Sell,224662712
2024-07-19 11:00:13,35500.0,600,Sell,224662938
2024-07-19 11:00:16,35500.0,2000,Sell,224662978
2024-07-19 11:00:28,35500.0,100,Sell,224663158
2024-07-19 11:00:57,35600.0,2500,Buy,224663699
2024-07-19 11:01:33,35500.0,100,Sell,224664214
2024-07-19 11:02:17,35500.0,3400,Sell,224665038
2024-07-19 11:02:18,35500.0,1000,Sell,224665052
2024-07-19 11:02:20,35500.0,1100,Sell,224665093
2024-07-19 11:02:39,35500.0,15000,Sell,224665389
2024-07-19 11:02:53,35500.0,500,Sell,224665708
2024-07-19 11:02:54,35500.0,100,Sell,224665722
2024-07-19 11:03:02,35500.0,4000,Sell,224665835
2024-07-19 11:03:12,35500.0,1500,Sell,224665960
2024-07-19 11:03:18,35500.0,300,Sell,224666045
2024-07-19 11:03:19,35600.0,1700,Buy,224666058
2024-07-19 11:03:35,35500.0,300,Sell,224666277
2024-07-19 11:04:01,35500.0,2500,Sell,224666665
2024-07-19 11:04:08,35500.0,500,Sell,224666754
2024-07-19 11:04:22,35500.0,3000,Sell,224666970
2024-07-19 11:04:34,35500.0,1600,Buy,224667132
2024-07-19 11:04:43,35500.0,400,Sell,224667289
2024-07-19 11:05:46,35500.0,500,Sell,224668647
2024-07-19 11:05:58,35500.0,300,Sell,224669009
2024-07-19 11:06:09,35500.0,1000,Sell,224669272
2024-07-19 11:06:12,35500.0,1000,Sell,224669308
2024-07-19 11:06:17,35600.0,200,Buy,224669413
2024-07-19 11:06:34,35600.0,900,Buy,224669758
2024-07-19 11:07:07,35600.0,1000,Buy,224670489
2024-07-19 11:07:27,35600.0,500,Buy,224671076
2024-07-19 11:07:50,35600.0,4000,Buy,224671665
2024-07-19 11:07:53,35600.0,100,Buy,224671763
2024-07-19 11:07:57,35500.0,200,Sell,224671861
2024-07-19 11:07:59,35600.0,100,Buy,224671956
2024-07-19 11:09:12,35500.0,10000,Sell,224673548
2024-07-19 11:09:14,35500.0,1000,Sell,224673630
2024-07-19 11:09:34,35500.0,1000,Sell,224674386
2024-07-19 11:09:43,35500.0,100,Sell,224674672
2024-07-19 11:09:45,35500.0,10000,Sell,224674771
2024-07-19 11:09:49,35500.0,22700,Buy,224674909
2024-07-19 11:09:57,35400.0,1000,Sell,224675182
2024-07-19 11:10:14,35400.0,5000,Sell,224676060
2024-07-19 11:10:17,35400.0,300,Sell,224676263
2024-07-19 11:10:19,35400.0,37000,Sell,224676329
2024-07-19 11:10:23,35400.0,2000,Sell,224676640
2024-07-19 11:10:25,35400.0,300,Sell,224676728
2024-07-19 11:10:26,35400.0,3300,Sell,224676799
2024-07-19 11:10:30,35400.0,4200,Sell,224676910
2024-07-19 11:10:44,35400.0,100,Buy,224677685
2024-07-19 11:10:49,35300.0,34300,Sell,224677874
2024-07-19 11:10:55,35200.0,27000,Sell,224678230
2024-07-19 11:10:56,35200.0,500,Sell,224678250
2024-07-19 11:10:57,35100.0,10000,Sell,224678326
2024-07-19 11:11:05,35200.0,1200,Sell,224678672
2024-07-19 11:11:11,35300.0,1000,Buy,224678928
2024-07-19 11:11:15,35200.0,200,Sell,224679080
2024-07-19 11:11:16,35200.0,12600,Sell,224679113
2024-07-19 11:11:19,35200.0,5000,Sell,224679216
2024-07-19 11:11:22,35300.0,200,Buy,224679373
2024-07-19 11:11:23,35200.0,600,Sell,224679399
2024-07-19 11:11:26,35300.0,200,Buy,224679462
2024-07-19 11:11:28,35200.0,900,Sell,224679561
2024-07-19 11:11:39,35200.0,1800,Sell,224680085
2024-07-19 11:11:53,35300.0,200,Buy,224680513
2024-07-19 11:11:58,35300.0,200,Buy,224680673
2024-07-19 11:12:03,35300.0,100,Buy,224680857
2024-07-19 11:12:04,35300.0,200,Buy,224680952
2024-07-19 11:12:15,35300.0,700,Buy,224681318
2024-07-19 11:12:27,35300.0,1000,Sell,224681623
2024-07-19 11:12:47,35300.0,100,Sell,224682333
2024-07-19 11:12:57,35400.0,200,Buy,224682731
2024-07-19 11:13:02,35300.0,3000,Sell,224682941
2024-07-19 11:13:04,35300.0,7200,Buy,224683029
2024-07-19 11:13:06,35300.0,800,Buy,224683087
2024-07-19 11:13:13,35300.0,1000,Buy,224683363
2024-07-19 11:13:23,35300.0,2000,Buy,224683641
2024-07-19 11:13:25,35300.0,100,Sell,224683682
2024-07-19 11:13:32,35300.0,2000,Sell,224683913
2024-07-19 11:13:33,35300.0,1000,Sell,224683938
2024-07-19 11:13:47,35200.0,1100,Sell,224684404
2024-07-19 11:14:08,35200.0,3000,Sell,224684974
2024-07-19 11:14:17,35300.0,3000,Sell,224685201
2024-07-19 11:14:32,35300.0,3300,Sell,224685646
2024-07-19 11:14:46,35300.0,2900,Sell,224686004
2024-07-19 11:14:52,35300.0,500,Sell,224686118
2024-07-19 11:14:56,35300.0,600,Sell,224686236
2024-07-19 11:14:57,35300.0,2900,Sell,224686267
2024-07-19 11:15:17,35300.0,1800,Sell,224687071
2024-07-19 11:15:51,35400.0,1000,Buy,224688119
2024-07-19 11:15:54,35300.0,800,Sell,224688227
2024-07-19 11:15:55,35400.0,500,Buy,224688254
2024-07-19 11:16:01,35400.0,2200,Buy,224688406
2024-07-19 11:16:06,35400.0,900,Sell,224688484
2024-07-19 11:16:34,35400.0,1500,Sell,224689218
2024-07-19 11:16:38,35400.0,3000,Sell,224689276
2024-07-19 11:17:14,35400.0,1000,Sell,224690153
2024-07-19 11:17:57,35400.0,5000,Sell,224691090
2024-07-19 11:18:04,35400.0,3600,Sell,224691195
2024-07-19 11:18:20,35400.0,4000,Sell,224691506
2024-07-19 11:18:51,35400.0,400,Sell,224692259
2024-07-19 11:18:59,35500.0,2000,Buy,224692399
2024-07-19 11:19:08,35400.0,5000,Sell,224692531
2024-07-19 11:19:22,35400.0,2000,Sell,224692852
2024-07-19 11:19:43,35400.0,300,Sell,224693266
2024-07-19 11:20:18,35400.0,1000,Sell,224693963
2024-07-19 11:20:23,35400.0,700,Sell,224694039
2024-07-19 11:20:45,35400.0,400,Sell,224694574
2024-07-19 11:20:47,35400.0,2000,Sell,224694593
2024-07-19 11:20:53,35400.0,500,Sell,224694682
2024-07-19 11:21:04,35400.0,700,Sell,224694881
2024-07-19 11:21:45,35400.0,1200,Sell,224695749
2024-07-19 11:22:07,35400.0,700,Sell,224696226
2024-07-19 11:22:18,35400.0,1000,Sell,224696394
2024-07-19 11:22:37,35400.0,500,Sell,224696715
2024-07-19 11:22:44,35400.0,500,Sell,224696896
2024-07-19 11:23:13,35400.0,1000,Sell,224697330
2024-07-19 11:23:32,35400.0,1000,Sell,224697655
2024-07-19 11:24:39,35500.0,200,Buy,224698819
2024-07-19 11:24:52,35400.0,100,Sell,224699005
2024-07-19 11:25:10,35400.0,7000,Sell,224699313
2024-07-19 11:25:17,35400.0,1000,Sell,224699451
2024-07-19 11:25:39,35500.0,600,Buy,224699826
2024-07-19 11:25:40,35400.0,8000,Sell,224699838
2024-07-19 11:25:47,35400.0,600,Sell,224699955
2024-07-19 11:25:57,35500.0,100,Buy,224700090
2024-07-19 11:26:21,35500.0,4200,Buy,224700421
2024-07-19 11:26:23,35500.0,10000,Buy,224700461
2024-07-19 11:26:39,35500.0,100,Buy,224700704
2024-07-19 11:26:40,35500.0,200,Buy,224700739
2024-07-19 11:26:43,35500.0,500,Buy,224700804
2024-07-19 11:26:53,35500.0,500,Buy,224700981
2024-07-19 11:26:59,35500.0,32700,Buy,224701206
2024-07-19 11:27:16,35600.0,500,Buy,224701463
2024-07-19 11:27:49,35600.0,2000,Buy,224701864
2024-07-19 11:27:54,35600.0,17300,Buy,224701932
2024-07-19 11:28:03,35600.0,500,Buy,224702020
2024-07-19 11:28:04,35600.0,400,Buy,224702046
2024-07-19 11:28:20,35600.0,500,Buy,224702267
2024-07-19 11:29:05,35600.0,4000,Buy,224702843
2024-07-19 11:29:12,35500.0,600,Sell,224702933
2024-07-19 11:29:16,35600.0,2000,Buy,224702982
2024-07-19 11:29:20,35500.0,500,Sell,224703039
2024-07-19 11:29:25,35600.0,300,Buy,224703123
2024-07-19 11:29:29,35500.0,1000,Sell,224703172
2024-07-19 13:00:07,35500.0,4000,Sell,224706452
2024-07-19 13:00:09,35500.0,2500,Sell,224707159
2024-07-19 13:00:12,35400.0,28200,Buy,224707586
2024-07-19 13:00:14,35400.0,1600,Buy,224707838
2024-07-19 13:00:16,35400.0,100,Buy,224708111
2024-07-19 13:00:18,35300.0,100,Sell,224708269
2024-07-19 13:00:18,35300.0,100,Sell,224708274
2024-07-19 13:00:19,35400.0,100,Buy,224708288
2024-07-19 13:00:27,35400.0,100,Buy,224709147
2024-07-19 13:00:28,35300.0,100,Sell,224709627
2024-07-19 13:00:33,35300.0,200,Sell,224709861
2024-07-19 13:00:38,35300.0,200,Sell,224710086
2024-07-19 13:00:42,35300.0,2000,Sell,224710220
2024-07-19 13:00:44,35300.0,400,Sell,224710257
2024-07-19 13:00:45,35300.0,100,Sell,224710273
2024-07-19 13:00:48,35300.0,4200,Buy,224710370
2024-07-19 13:00:48,35300.0,1000,Sell,224710323
2024-07-19 13:00:57,35300.0,2000,Buy,224710764
2024-07-19 13:01:00,35200.0,1300,Sell,224710837
2024-07-19 13:01:03,35200.0,500,Sell,224710995
2024-07-19 13:01:07,35200.0,200,Sell,224711077
2024-07-19 13:01:11,35200.0,100,Sell,224711274
2024-07-19 13:01:20,35200.0,2100,Sell,224711940
2024-07-19 13:01:24,35200.0,10300,Sell,224711993
2024-07-19 13:01:27,35200.0,1000,Sell,224712262
2024-07-19 13:01:29,35300.0,4100,Sell,224712289
2024-07-19 13:01:31,35200.0,5800,Sell,224712333
2024-07-19 13:01:45,35200.0,10000,Sell,224713017
2024-07-19 13:01:49,35300.0,500,Buy,224713267
2024-07-19 13:01:54,35300.0,500,Buy,224713458
2024-07-19 13:02:06,35200.0,700,Sell,224714377
2024-07-19 13:02:09,35200.0,500,Sell,224714497
2024-07-19 13:02:10,35200.0,1000,Sell,224714602
2024-07-19 13:02:16,35200.0,900,Sell,224714797
2024-07-19 13:02:22,35200.0,1600,Sell,224715023
2024-07-19 13:02:32,35200.0,200,Sell,224715450
2024-07-19 13:02:37,35200.0,1000,Sell,224715764
2024-07-19 13:02:43,35200.0,1000,Sell,224715947
2024-07-19 13:02:45,35300.0,6000,Buy,224716022
2024-07-19 13:02:50,35300.0,100,Buy,224716229
2024-07-19 13:02:51,35300.0,3600,Buy,224716249
2024-07-19 13:02:56,35300.0,5000,Buy,224716427
2024-07-19 13:03:02,35300.0,100,Buy,224716693
2024-07-19 13:03:04,35300.0,1900,Sell,224716817
2024-07-19 13:03:18,35300.0,900,Sell,224717352
2024-07-19 13:03:26,35300.0,800,Sell,224717711
2024-07-19 13:03:28,35300.0,5000,Buy,224717860
2024-07-19 13:03:35,35300.0,100,Sell,224718108
2024-07-19 13:03:41,35300.0,300,Buy,224718312
2024-07-19 13:03:52,35200.0,10000,Sell,224718622
2024-07-19 13:04:07,35200.0,17900,Buy,224719139
2024-07-19 13:04:14,35200.0,3100,Sell,224719394
2024-07-19 13:04:15,35200.0,1000,Sell,224719418
2024-07-19 13:04:18,35200.0,3500,Sell,224719533
2024-07-19 13:04:24,35200.0,14500,Buy,224719789
2024-07-19 13:04:28,35200.0,1000,Buy,224719912
2024-07-19 13:04:34,35200.0,9500,Sell,224720110
2024-07-19 13:04:35,35200.0,700,Sell,224720133
2024-07-19 13:04:40,35200.0,1000,Sell,224720352
2024-07-19 13:04:41,35200.0,1000,Sell,224720379
2024-07-19 13:04:42,35200.0,100,Sell,224720410
2024-07-19 13:04:43,35200.0,400,Sell,224720481
2024-07-19 13:04:45,35300.0,11800,Buy,224720544
2024-07-19 13:04:47,35200.0,800,Sell,224720611
2024-07-19 13:05:01,35200.0,1000,Sell,224721112
2024-07-19 13:05:23,35300.0,2400,Sell,224721948
2024-07-19 13:05:34,35300.0,100,Sell,224722276
2024-07-19 13:05:35,35300.0,900,Sell,224722310
2024-07-19 13:05:36,35300.0,500,Buy,224722332
2024-07-19 13:05:40,35300.0,900,Sell,224722485
2024-07-19 13:05:45,35300.0,500,Sell,224722661
2024-07-19 13:05:53,35300.0,200,Buy,224722885
2024-07-19 13:05:59,35300.0,300,Buy,224723048
2024-07-19 13:06:08,35300.0,1100,Buy,224723295
2024-07-19 13:06:15,35300.0,100,Buy,224723570
2024-07-19 13:06:17,35300.0,3800,Buy,224723639
2024-07-19 13:06:22,35300.0,1100,Sell,224723827
2024-07-19 13:06:32,35300.0,6000,Sell,224724069
2024-07-19 13:06:59,35300.0,1000,Sell,224724837
2024-07-19 13:07:14,35400.0,600,Buy,224725288
2024-07-19 13:07:21,35400.0,300,Buy,224725489
2024-07-19 13:07:35,35400.0,30000,Buy,224726004
2024-07-19 13:07:43,35400.0,100,Sell,224726271
2024-07-19 13:07:44,35400.0,1000,Sell,224726300
2024-07-19 13:07:56,35400.0,500,Sell,224726602
2024-07-19 13:07:58,35400.0,700,Sell,224726687
2024-07-19 13:08:14,35400.0,1000,Sell,224727124
2024-07-19 13:08:16,35400.0,500,Sell,224727159
2024-07-19 13:08:22,35500.0,200,Buy,224727304
2024-07-19 13:08:27,35400.0,300,Sell,224727434
2024-07-19 13:08:36,35400.0,200,Sell,224727720
2024-07-19 13:08:43,35400.0,1000,Sell,224727958
2024-07-19 13:08:47,35400.0,1800,Sell,224728091
2024-07-19 13:08:56,35400.0,1600,Sell,224728325
2024-07-19 13:09:03,35400.0,500,Buy,224728551
2024-07-19 13:09:07,35300.0,2300,Sell,224728652
2024-07-19 13:09:12,35300.0,2900,Sell,224728771
2024-07-19 13:09:13,35300.0,200,Sell,224728900
2024-07-19 13:09:18,35400.0,8300,Sell,224729026
2024-07-19 13:09:26,35400.0,100,Sell,224729254
2024-07-19 13:09:30,35400.0,800,Sell,224729369
2024-07-19 13:09:36,35300.0,1500,Sell,224729516
2024-07-19 13:10:04,35400.0,600,Sell,224730376
2024-07-19 13:10:11,35400.0,400,Sell,224730593
2024-07-19 13:10:30,35400.0,100,Buy,224731160
2024-07-19 13:10:31,35400.0,600,Buy,224731277
2024-07-19 13:10:32,35400.0,700,Sell,224731299
2024-07-19 13:10:35,35400.0,400,Buy,224731369
2024-07-19 13:10:36,35300.0,100,Sell,224731401
2024-07-19 13:10:37,35400.0,2000,Buy,224731427
2024-07-19 13:10:41,35400.0,200,Buy,224731529
2024-07-19 13:10:50,35400.0,3000,Buy,224731765
2024-07-19 13:10:52,35400.0,500,Buy,224731826
2024-07-19 13:10:57,35300.0,200,Sell,224731966
2024-07-19 13:11:08,35300.0,600,Sell,224732337
2024-07-19 13:11:11,35300.0,1000,Sell,224732393
2024-07-19 13:11:25,35300.0,4600,Sell,224732755
2024-07-19 13:11:27,35400.0,2000,Buy,224732802
2024-07-19 13:11:30,35400.0,2000,Buy,224732893
2024-07-19 13:11:53,35400.0,1000,Buy,224733503
2024-07-19 13:11:54,35400.0,1000,Buy,224733533
2024-07-19 13:12:08,35400.0,400,Buy,224733946
2024-07-19 13:12:14,35300.0,2000,Sell,224734155
2024-07-19 13:12:16,35400.0,100,Buy,224734193
2024-07-19 13:12:17,35400.0,400,Buy,224734221
2024-07-19 13:12:24,35400.0,5000,Buy,224734407
2024-07-19 13:12:29,35400.0,400,Buy,224734494
2024-07-19 13:12:34,35400.0,100,Buy,224734661
2024-07-19 13:12:40,35400.0,2300,Buy,224734843
2024-07-19 13:12:50,35400.0,2000,Sell,224735128
2024-07-19 13:12:51,35400.0,6000,Buy,224735156
2024-07-19 13:12:56,35400.0,2400,Buy,224735295
2024-07-19 13:13:06,35400.0,7700,Buy,224735562
2024-07-19 13:13:11,35400.0,100,Sell,224735687
2024-07-19 13:13:17,35400.0,1000,Sell,224735852
2024-07-19 13:13:39,35400.0,6000,Sell,224736463
2024-07-19 13:13:53,35400.0,100,Sell,224736841
2024-07-19 13:14:03,35400.0,100,Sell,224737180
2024-07-19 13:14:23,35400.0,3000,Sell,224737900
2024-07-19 13:14:26,35400.0,200,Sell,224737996
2024-07-19 13:14:29,35400.0,5000,Sell,224738069
2024-07-19 13:14:31,35400.0,500,Sell,224738114
2024-07-19 13:14:33,35400.0,4500,Buy,224738168
2024-07-19 13:14:47,35400.0,200,Buy,224738796
2024-07-19 13:14:49,35400.0,100,Buy,224738852
2024-07-19 13:15:11,35400.0,1000,Buy,224739875
2024-07-19 13:15:13,35300.0,5000,Sell,224739953
2024-07-19 13:15:57,35400.0,500,Buy,224741298
2024-07-19 13:16:00,35300.0,200,Sell,224741404
2024-07-19 13:16:07,35300.0,200,Sell,224741623
2024-07-19 13:16:14,35300.0,200,Sell,224741817
2024-07-19 13:16:20,35400.0,5000,Buy,224742086
2024-07-19 13:16:22,35300.0,400,Sell,224742135
2024-07-19 13:16:30,35300.0,200,Sell,224742362
2024-07-19 13:16:34,35400.0,200,Buy,224742493
2024-07-19 13:16:41,35400.0,100,Buy,224742698
2024-07-19 13:17:06,35300.0,500,Sell,224743453
2024-07-19 13:17:09,35300.0,100,Sell,224743526
2024-07-19 13:17:25,35300.0,300,Sell,224743988
2024-07-19 13:17:34,35300.0,2000,Sell,224744198
2024-07-19 13:17:41,35300.0,400,Sell,224744408
2024-07-19 13:17:46,35300.0,100,Sell,224744529
2024-07-19 13:17:49,35300.0,1000,Sell,224744620
2024-07-19 13:17:50,35300.0,5000,Sell,224744640
2024-07-19 13:17:52,35300.0,1000,Sell,224744694
2024-07-19 13:17:58,35300.0,200,Sell,224744807
2024-07-19 13:18:02,35300.0,300,Sell,224744907
2024-07-19 13:18:08,35400.0,1100,Buy,224745054
2024-07-19 13:18:39,35400.0,300,Buy,224745942
2024-07-19 13:19:10,35400.0,200,Buy,224746909
2024-07-19 13:19:32,35300.0,200,Sell,224747603
2024-07-19 13:19:37,35300.0,3400,Sell,224747775
2024-07-19 13:19:41,35400.0,900,Buy,224747899
2024-07-19 13:19:46,35400.0,300,Buy,224748055
2024-07-19 13:20:07,35400.0,800,Buy,224748534
2024-07-19 13:20:27,35400.0,5000,Buy,224749240
2024-07-19 13:20:30,35300.0,500,Sell,224749338
2024-07-19 13:20:31,35400.0,100,Buy,224749376
2024-07-19 13:20:47,35400.0,100,Buy,224750102
2024-07-19 13:21:08,35300.0,100,Sell,224750654
2024-07-19 13:21:27,35300.0,100,Sell,224751201
2024-07-19 13:21:28,35300.0,100,Sell,224751219
2024-07-19 13:21:35,35300.0,2000,Sell,224751437
2024-07-19 13:21:38,35300.0,500,Sell,224751533
2024-07-19 13:21:42,35300.0,200,Sell,224751636
2024-07-19 13:21:52,35300.0,2500,Sell,224751824
2024-07-19 13:22:01,35300.0,100,Sell,224752072
2024-07-19 13:22:11,35300.0,1000,Sell,224752328
2024-07-19 13:22:13,35300.0,1000,Sell,224752354
2024-07-19 13:22:14,35300.0,500,Sell,224752371
2024-07-19 13:22:15,35300.0,14200,Sell,224752429
2024-07-19 13:22:19,35300.0,1000,Sell,224752638
2024-07-19 13:22:21,35300.0,100,Sell,224752770
2024-07-19 13:22:29,35300.0,1000,Sell,224752966
2024-07-19 13:22:33,35300.0,7100,Sell,224753042
2024-07-19 13:22:34,35300.0,1100,Sell,224753061
2024-07-19 13:22:36,35300.0,6000,Sell,224753158
2024-07-19 13:22:40,35300.0,2000,Sell,224753283
2024-07-19 13:22:42,35300.0,2500,Sell,224753347
2024-07-19 13:22:48,35300.0,500,Buy,224753644
2024-07-19 13:22:56,35300.0,500,Buy,224753895
2024-07-19 13:23:18,35300.0,500,Buy,224754695
2024-07-19 13:23:37,35300.0,100,Buy,224755250
2024-07-19 13:23:51,35300.0,100,Buy,224755715
2024-07-19 13:24:48,35300.0,4000,Buy,224757480
2024-07-19 13:25:10,35300.0,10000,Buy,224758255
2024-07-19 13:25:16,35300.0,200,Buy,224758508
2024-07-19 13:25:21,35300.0,2000,Buy,224758585
2024-07-19 13:25:24,35300.0,200,Buy,224758644
2024-07-19 13:25:25,35300.0,5500,Buy,224758678
2024-07-19 13:25:29,35300.0,300,Buy,224758852
2024-07-19 13:25:31,35300.0,2000,Buy,224758897
2024-07-19 13:25:32,35300.0,800,Buy,224758931
2024-07-19 13:25:36,35300.0,500,Buy,224759010
2024-07-19 13:25:41,35300.0,2300,Buy,224759155
2024-07-19 13:25:50,35300.0,100,Sell,224759437
2024-07-19 13:25:57,35300.0,800,Sell,224759768
2024-07-19 13:25:58,35300.0,1000,Sell,224759789
2024-07-19 13:26:07,35300.0,1000,Sell,224760077
2024-07-19 13:26:20,35300.0,5600,Sell,224760520
2024-07-19 13:26:32,35300.0,500,Sell,224760943
2024-07-19 13:26:50,35300.0,500,Sell,224761490
2024-07-19 13:26:53,35300.0,100,Sell,224761559
2024-07-19 13:26:57,35400.0,30000,Buy,224761669
2024-07-19 13:27:01,35300.0,300,Sell,224761758
2024-07-19 13:27:18,35400.0,500,Buy,224762207
2024-07-19 13:27:27,35400.0,500,Buy,224762436
2024-07-19 13:27:29,35300.0,600,Sell,224762478
2024-07-19 13:27:41,35400.0,300,Buy,224762885
2024-07-19 13:27:43,35300.0,3000,Sell,224762935
2024-07-19 13:27:50,35400.0,200,Buy,224763142
2024-07-19 13:27:51,35400.0,2000,Buy,224763173
2024-07-19 13:28:22,35400.0,300,Buy,224764160
2024-07-19 13:28:26,35400.0,3000,Buy,224764321
2024-07-19 13:28:30,35400.0,600,Buy,224764437
2024-07-19 13:28:35,35400.0,100,Buy,224764613
2024-07-19 13:28:41,35400.0,3000,Buy,224764832
2024-07-19 13:28:53,35400.0,100,Buy,224765212
2024-07-19 13:29:02,35400.0,2000,Buy,224765490
2024-07-19 13:29:04,35400.0,4200,Buy,224765540
2024-07-19 13:29:29,35400.0,500,Sell,224766385
2024-07-19 13:29:39,35400.0,9600,Sell,224766648
2024-07-19 13:29:54,35400.0,500,Buy,224767133
2024-07-19 13:30:01,35400.0,100,Buy,224767320
2024-07-19 13:30:16,35400.0,2000,Buy,224767852
2024-07-19 13:30:17,35400.0,100,Buy,224767870
2024-07-19 13:30:18,35400.0,400,Buy,224767948
2024-07-19 13:30:20,35400.0,500,Buy,224768009
2024-07-19 13:30:28,35400.0,10000,Buy,224768261
2024-07-19 13:30:29,35400.0,500,Buy,224768322
2024-07-19 13:30:31,35400.0,500,Buy,224768400
2024-07-19 13:30:33,35400.0,2000,Buy,224768492
2024-07-19 13:30:34,35400.0,1000,Buy,224768529
2024-07-19 13:30:40,35400.0,1000,Buy,224768695
2024-07-19 13:30:41,35400.0,300,Buy,224768780
2024-07-19 13:30:42,35400.0,2900,Buy,224768846
2024-07-19 13:31:18,35500.0,8000,Buy,224770005
2024-07-19 13:31:31,35500.0,2500,Buy,224770407
2024-07-19 13:31:44,35500.0,100,Buy,224770757
2024-07-19 13:31:48,35500.0,500,Buy,224770899
2024-07-19 13:31:50,35400.0,100,Sell,224770954
2024-07-19 13:32:15,35400.0,2000,Sell,224771770
2024-07-19 13:32:40,35400.0,3000,Sell,224772702
2024-07-19 13:32:55,35400.0,1500,Sell,224773318
2024-07-19 13:33:36,35400.0,200,Sell,224774595
2024-07-19 13:33:37,35500.0,1000,Buy,224774637
2024-07-19 13:33:41,35500.0,100,Buy,224774717
2024-07-19 13:33:53,35400.0,100,Sell,224774999
2024-07-19 13:34:05,35500.0,4700,Buy,224775306
2024-07-19 13:34:09,35400.0,1000,Sell,224775456
2024-07-19 13:34:12,35500.0,500,Buy,224775550
2024-07-19 13:34:28,35500.0,100,Buy,224775903
2024-07-19 13:35:28,35500.0,5700,Buy,224777600
2024-07-19 13:36:05,35400.0,500,Sell,224778772
2024-07-19 13:36:07,35500.0,100,Buy,224778867
2024-07-19 13:36:14,35500.0,200,Buy,224779070
2024-07-19 13:36:29,35400.0,5000,Sell,224779476
2024-07-19 13:36:37,35500.0,100,Buy,224779725
2024-07-19 13:36:54,35500.0,200,Buy,224780241
2024-07-19 13:36:56,35500.0,5000,Buy,224780330
2024-07-19 13:37:02,35400.0,500,Sell,224780489
2024-07-19 13:37:09,35400.0,200,Sell,224780740
2024-07-19 13:37:12,35400.0,2000,Sell,224780829
2024-07-19 13:37:13,35400.0,2000,Sell,224780898
2024-07-19 13:37:26,35400.0,3200,Sell,224781215
2024-07-19 13:37:31,35400.0,500,Sell,224781332
2024-07-19 13:37:50,35400.0,1000,Sell,224781888
2024-07-19 13:37:58,35400.0,100,Sell,224782099
2024-07-19 13:38:11,35400.0,1700,Sell,224782433
2024-07-19 13:38:15,35400.0,500,Sell,224782546
2024-07-19 13:38:22,35400.0,600,Sell,224782701
2024-07-19 13:38:49,35400.0,4000,Sell,224783366
2024-07-19 13:39:12,35400.0,500,Sell,224783960
2024-07-19 13:39:20,35400.0,30000,Sell,224784153
2024-07-19 13:39:24,35400.0,2300,Sell,224784351
2024-07-19 13:40:07,35400.0,1900,Sell,224785568
2024-07-19 13:40:20,35400.0,1800,Sell,224785961
2024-07-19 13:40:24,35400.0,900,Sell,224786122
2024-07-19 13:40:25,35400.0,2300,Sell,224786165
2024-07-19 13:40:34,35400.0,1000,Sell,224786402
2024-07-19 13:40:35,35400.0,1000,Sell,224786432
2024-07-19 13:40:38,35400.0,1100,Sell,224786507
2024-07-19 13:40:41,35400.0,500,Sell,224786673
2024-07-19 13:40:55,35400.0,500,Buy,224787189
2024-07-19 13:41:07,35400.0,300,Buy,224787675
2024-07-19 13:41:38,35400.0,600,Buy,224788953
2024-07-19 13:41:40,35400.0,1500,Buy,224789070
2024-07-19 13:41:51,35300.0,500,Sell,224789374
2024-07-19 13:41:58,35300.0,1000,Sell,224789584
2024-07-19 13:42:24,35400.0,200,Buy,224790240
2024-07-19 13:42:30,35400.0,100,Buy,224790373
2024-07-19 13:42:33,35300.0,1000,Sell,224790444
2024-07-19 13:42:51,35300.0,500,Sell,224791188
2024-07-19 13:42:58,35400.0,100,Buy,224791460
2024-07-19 13:43:38,35300.0,300,Sell,224792694
2024-07-19 13:43:48,35400.0,100,Buy,224793116
2024-07-19 13:44:13,35300.0,500,Sell,224794145
2024-07-19 13:44:58,35300.0,2500,Sell,224795637
2024-07-19 13:45:48,35300.0,1000,Sell,224797740
2024-07-19 13:45:55,35300.0,100,Sell,224798058
2024-07-19 13:46:03,35300.0,200,Sell,224798378
2024-07-19 13:46:07,35400.0,200,Buy,224798549
2024-07-19 13:46:44,35400.0,3000,Buy,224800100
2024-07-19 13:47:05,35400.0,100,Buy,224800913
2024-07-19 13:47:20,35400.0,100,Buy,224801477
2024-07-19 13:47:53,35400.0,700,Buy,224802631
2024-07-19 13:48:18,35400.0,500,Buy,224803370
2024-07-19 13:48:46,35300.0,2000,Sell,224804260
2024-07-19 13:48:52,35300.0,2000,Sell,224804478
2024-07-19 13:48:59,35400.0,1000,Buy,224804625
2024-07-19 13:49:05,35400.0,700,Buy,224804824
2024-07-19 13:49:32,35400.0,20000,Buy,224805636
2024-07-19 13:49:38,35400.0,300,Buy,224806057
2024-07-19 13:49:48,35400.0,200,Buy,224806431
2024-07-19 13:49:53,35400.0,1000,Buy,224806550
2024-07-19 13:49:54,35400.0,100,Buy,224806568
2024-07-19 13:50:01,35300.0,300,Sell,224806822
2024-07-19 13:50:10,35300.0,200,Sell,224807148
2024-07-19 13:50:13,35400.0,1000,Buy,224807219
2024-07-19 13:50:15,35300.0,100,Sell,224807280
2024-07-19 13:50:21,35400.0,1300,Buy,224807496
2024-07-19 13:50:26,35400.0,700,Buy,224807698
2024-07-19 13:50:35,35300.0,100,Sell,224808021
2024-07-19 13:50:43,35300.0,100,Sell,224808245
2024-07-19 13:50:50,35300.0,200,Sell,224808480
2024-07-19 13:50:50,35300.0,300,Sell,224808464
2024-07-19 13:50:59,35300.0,600,Sell,224808729
2024-07-19 13:51:01,35300.0,2100,Sell,224808822
2024-07-19 13:51:06,35300.0,100,Sell,224808979
2024-07-19 13:51:14,35300.0,200,Sell,224809236
2024-07-19 13:51:16,35300.0,2000,Sell,224809311
2024-07-19 13:51:20,35300.0,500,Sell,224809428
2024-07-19 13:51:21,35300.0,1500,Sell,224809455
2024-07-19 13:51:23,35300.0,200,Sell,224809492
2024-07-19 13:51:49,35300.0,100,Sell,224810267
2024-07-19 13:51:51,35300.0,100,Sell,224810325
2024-07-19 13:52:02,35300.0,500,Sell,224810669
2024-07-19 13:52:05,35300.0,100,Sell,224810776
2024-07-19 13:52:07,35300.0,1200,Sell,224810839
2024-07-19 13:52:16,35300.0,1000,Sell,224811179
2024-07-19 13:52:30,35300.0,200,Sell,224811558
2024-07-19 13:52:33,35300.0,300,Sell,224811705
2024-07-19 13:52:43,35400.0,10000,Buy,224812147
2024-07-19 13:52:51,35400.0,9100,Buy,224812365
2024-07-19 13:52:56,35400.0,14800,Buy,224812582
2024-07-19 13:52:57,35400.0,100,Buy,224812608
2024-07-19 13:53:00,35400.0,500,Buy,224812708
2024-07-19 13:53:02,35400.0,300,Buy,224812754
2024-07-19 13:53:03,35400.0,200,Buy,224812780
2024-07-19 13:53:05,35400.0,500,Buy,224812850
2024-07-19 13:53:12,35400.0,3000,Buy,224813077
2024-07-19 13:53:13,35400.0,400,Buy,224813107
2024-07-19 13:53:14,35400.0,400,Buy,224813147
2024-07-19 13:53:16,35400.0,500,Buy,224813217
2024-07-19 13:53:20,35400.0,200,Buy,224813364
2024-07-19 13:53:23,35400.0,5000,Buy,224813448
2024-07-19 13:53:25,35400.0,5000,Buy,224813482
2024-07-19 13:53:28,35400.0,3500,Sell,224813562
2024-07-19 13:53:32,35400.0,900,Sell,224813687
2024-07-19 13:53:33,35400.0,600,Sell,224813723
2024-07-19 13:53:37,35400.0,5000,Sell,224813862
2024-07-19 13:53:41,35400.0,1000,Sell,224814006
2024-07-19 13:53:49,35400.0,2000,Sell,224814314
2024-07-19 13:54:08,35400.0,100,Sell,224814929
2024-07-19 13:54:12,35400.0,200,Sell,224815090
2024-07-19 13:54:20,35400.0,200,Sell,224815379
2024-07-19 13:54:48,35400.0,300,Sell,224816533
2024-07-19 13:55:08,35500.0,1000,Buy,224817435
2024-07-19 13:55:25,35500.0,11000,Buy,224818014
2024-07-19 13:55:28,35500.0,500,Buy,224818120
2024-07-19 13:56:08,35500.0,2600,Buy,224819833
2024-07-19 13:56:13,35500.0,10000,Buy,224820104
2024-07-19 13:56:14,35500.0,200,Buy,224820142
2024-07-19 13:56:20,35500.0,2900,Buy,224820443
2024-07-19 13:56:34,35500.0,20000,Buy,224821036
2024-07-19 13:56:43,35500.0,10000,Buy,224821356
2024-07-19 13:56:48,35500.0,1000,Buy,224821526
2024-07-19 13:56:49,35500.0,500,Buy,224821556
2024-07-19 13:56:50,35500.0,5000,Buy,224821582
2024-07-19 13:56:51,35500.0,4000,Sell,224821611
2024-07-19 13:57:21,35500.0,1800,Sell,224822896
2024-07-19 13:57:23,35500.0,100,Sell,224822977
2024-07-19 13:57:32,35500.0,4000,Sell,224823247
2024-07-19 13:57:43,35600.0,5000,Buy,224823581
2024-07-19 13:57:55,35600.0,300,Buy,224823999
2024-07-19 13:58:00,35600.0,300,Buy,224824165
2024-07-19 13:58:03,35600.0,200,Buy,224824310
2024-07-19 13:58:07,35600.0,2800,Buy,224824469
2024-07-19 13:58:12,35600.0,5000,Buy,224824584
2024-07-19 13:58:41,35600.0,400,Buy,224825599
2024-07-19 13:58:47,35600.0,800,Buy,224825802
2024-07-19 13:58:49,35500.0,600,Sell,224825917
2024-07-19 13:58:50,35500.0,1000,Sell,224825961
2024-07-19 13:59:28,35500.0,500,Sell,224827171
2024-07-19 13:59:44,35500.0,5000,Sell,224827629
2024-07-19 13:59:46,35600.0,100,Buy,224827682
2024-07-19 13:59:54,35500.0,800,Sell,224827869
2024-07-19 14:00:22,35600.0,300,Buy,224828785
2024-07-19 14:00:35,35600.0,10000,Buy,224829178
2024-07-19 14:00:53,35600.0,1000,Buy,224829775
2024-07-19 14:01:10,35600.0,500,Buy,224830273
2024-07-19 14:01:15,35600.0,4400,Buy,224830408
2024-07-19 14:01:32,35600.0,1500,Buy,224831032
2024-07-19 14:01:45,35600.0,100,Buy,224831390
2024-07-19 14:01:53,35500.0,5000,Sell,224831771
2024-07-19 14:01:56,35500.0,500,Sell,224831874
2024-07-19 14:02:03,35500.0,500,Sell,224832108
2024-07-19 14:02:10,35500.0,20200,Sell,224832320
2024-07-19 14:02:18,35500.0,20000,Sell,224832622
2024-07-19 14:02:19,35500.0,500,Sell,224832674
2024-07-19 14:02:22,35500.0,1400,Sell,224832772
2024-07-19 14:02:23,35500.0,1500,Sell,224832806
2024-07-19 14:02:24,35500.0,200,Sell,224832889
2024-07-19 14:02:33,35500.0,100,Sell,224833260
2024-07-19 14:02:37,35500.0,500,Sell,224833437
2024-07-19 14:02:43,35600.0,10000,Buy,224833703
2024-07-19 14:02:51,35500.0,2000,Sell,224834095
2024-07-19 14:02:55,35500.0,100,Sell,224834214
2024-07-19 14:02:56,35500.0,2200,Sell,224834262
2024-07-19 14:03:00,35500.0,200,ATO/ATC,224834436
2024-07-19 14:03:06,35500.0,100,Buy,224835057
2024-07-19 14:03:09,35500.0,100,Buy,224835171
2024-07-19 14:03:28,35400.0,20000,Sell,224835852
2024-07-19 14:03:45,35400.0,1000,Sell,224836607
2024-07-19 14:03:57,35400.0,3000,Sell,224836981
2024-07-19 14:04:02,35400.0,500,Sell,224837135
2024-07-19 14:04:42,35400.0,4000,Sell,224838389
2024-07-19 14:04:43,35400.0,1500,Sell,224838412
2024-07-19 14:04:44,35400.0,500,Sell,224838457
2024-07-19 14:04:47,35400.0,3000,Sell,224838535
2024-07-19 14:04:49,35400.0,2000,Sell,224838626
2024-07-19 14:04:53,35500.0,100,Buy,224838749
2024-07-19 14:05:02,35400.0,500,Sell,224838990
2024-07-19 14:05:04,35400.0,2500,Sell,224839026
2024-07-19 14:05:06,35400.0,500,Sell,224839163
2024-07-19 14:05:14,35400.0,7900,Sell,224839400
2024-07-19 14:05:20,35400.0,700,Buy,224839666
2024-07-19 14:06:20,35300.0,2400,Sell,224841771
2024-07-19 14:06:33,35400.0,6100,Sell,224842116
2024-07-19 14:06:37,35400.0,13800,Sell,224842246
2024-07-19 14:06:40,35400.0,300,Buy,224842310
2024-07-19 14:06:43,35300.0,100,Sell,224842392
2024-07-19 14:07:10,35300.0,10900,Sell,224843346
2024-07-19 14:07:14,35300.0,1500,Sell,224843506
2024-07-19 14:07:34,35400.0,2400,Buy,224844387
2024-07-19 14:07:57,35400.0,400,Buy,224845503
2024-07-19 14:08:28,35300.0,1400,Sell,224848052
2024-07-19 14:08:30,35300.0,500,Sell,224848845
2024-07-19 14:08:34,35300.0,2500,Sell,224849323
2024-07-19 14:08:37,35400.0,800,Buy,224849709
2024-07-19 14:08:42,35300.0,600,Sell,224850525
2024-07-19 14:08:48,35300.0,2000,Sell,224851197
2024-07-19 14:09:00,35300.0,3000,Sell,224852193
2024-07-19 14:09:06,35300.0,100,Sell,224852577
2024-07-19 14:09:09,35300.0,1000,Sell,224852839
2024-07-19 14:09:10,35300.0,12800,Sell,224852917
2024-07-19 14:09:16,35300.0,2600,Sell,224853592
2024-07-19 14:09:24,35300.0,31700,Sell,224854492
2024-07-19 14:09:25,35300.0,1000,Sell,224854577
2024-07-19 14:09:27,35300.0,2100,Sell,224854732
2024-07-19 14:09:28,35300.0,2400,Buy,224854823
2024-07-19 14:09:36,35300.0,3200,Buy,224855808
2024-07-19 14:09:41,35200.0,7500,Sell,224856347
2024-07-19 14:09:42,35200.0,8600,Sell,224856381
2024-07-19 14:09:44,35200.0,10000,Sell,224856544
2024-07-19 14:09:49,35200.0,100,Sell,224857134
2024-07-19 14:09:50,35200.0,1000,Sell,224857209
2024-07-19 14:09:51,35200.0,500,Sell,224857266
2024-07-19 14:09:53,35200.0,3000,Sell,224857524
2024-07-19 14:09:56,35200.0,5000,Sell,224857956
2024-07-19 14:09:57,35200.0,13900,Sell,224858043
2024-07-19 14:09:58,35200.0,1500,Sell,224858136
2024-07-19 14:10:04,35200.0,2300,Sell,224858781
2024-07-19 14:10:07,35200.0,5400,Buy,224859124
2024-07-19 14:10:09,35200.0,100,Buy,224859391
2024-07-19 14:10:12,35200.0,6500,Sell,224859903
2024-07-19 14:10:19,35200.0,300,Sell,224860888
2024-07-19 14:10:20,35200.0,2000,Sell,224860979
2024-07-19 14:10:24,35200.0,1000,Sell,224861640
2024-07-19 14:10:28,35200.0,1500,Sell,224862188
2024-07-19 14:10:31,35200.0,9300,Buy,224862562
2024-07-19 14:10:38,35200.0,500,Buy,224863365
2024-07-19 14:10:48,35200.0,10000,Buy,224864584
2024-07-19 14:10:58,35200.0,1000,Buy,224865495
2024-07-19 14:11:01,35200.0,2700,Buy,224865833
2024-07-19 14:11:04,35100.0,100,Sell,224866236
2024-07-19 14:11:05,35100.0,600,Sell,224866420
2024-07-19 14:11:07,35200.0,1500,Sell,224866557
2024-07-19 14:11:07,35100.0,1000,Sell,224866639
2024-07-19 14:11:09,35100.0,37900,Sell,224866840
2024-07-19 14:11:16,35100.0,500,Sell,224867787
2024-07-19 14:11:25,35100.0,2000,Sell,224868702
2024-07-19 14:11:26,35100.0,1500,Sell,224869276
2024-07-19 14:11:29,35100.0,1900,Sell,224870040
2024-07-19 14:11:33,35100.0,1100,Sell,224870554
2024-07-19 14:11:33,35100.0,4000,Sell,224870620
2024-07-19 14:11:36,35100.0,1200,Sell,224870764
2024-07-19 14:11:39,35100.0,50800,Sell,224871242
2024-07-19 14:11:40,35100.0,2000,Buy,224871542
2024-07-19 14:11:53,35100.0,100,Buy,224872981
2024-07-19 14:11:53,35100.0,2000,Buy,224873076
2024-07-19 14:11:55,35100.0,700,Buy,224873315
2024-07-19 14:12:00,35200.0,100,Buy,224873747
2024-07-19 14:12:04,35100.0,1300,Buy,224874109
2024-07-19 14:12:09,35100.0,500,Buy,224874866
2024-07-19 14:12:11,35100.0,600,Buy,224875019
2024-07-19 14:12:13,35100.0,5000,Buy,224875059
2024-07-19 14:12:14,35100.0,1900,Buy,224875170
2024-07-19 14:12:15,35200.0,6600,Buy,224875222
2024-07-19 14:12:18,35100.0,500,Sell,224875379
2024-07-19 14:12:25,35200.0,100,Buy,224876008
2024-07-19 14:12:34,35200.0,5000,Buy,224876758
2024-07-19 14:12:45,35100.0,4000,Sell,224877526
2024-07-19 14:12:50,35200.0,100,Buy,224878038
2024-07-19 14:12:55,35200.0,100,Buy,224878421
2024-07-19 14:12:56,35200.0,100,Buy,224878477
2024-07-19 14:12:57,35200.0,100,Buy,224878543
2024-07-19 14:12:58,35200.0,3000,Buy,224878633
2024-07-19 14:12:59,35200.0,200,Buy,224878704
2024-07-19 14:13:00,35200.0,1400,Buy,224878753
2024-07-19 14:13:04,35200.0,3100,Buy,224879045
2024-07-19 14:13:07,35200.0,200,Buy,224879343
2024-07-19 14:13:08,35200.0,3700,Buy,224879474
2024-07-19 14:13:09,35200.0,1000,Buy,224879502
2024-07-19 14:13:10,35200.0,200,Buy,224879706
2024-07-19 14:13:15,35200.0,400,Sell,224880060
2024-07-19 14:13:28,35200.0,400,Sell,224880851
2024-07-19 14:13:30,35200.0,200,Sell,224880990
2024-07-19 14:13:33,35300.0,300,Buy,224881189
2024-07-19 14:13:36,35200.0,100,Sell,224881389
2024-07-19 14:13:42,35300.0,2000,Buy,224881954
2024-07-19 14:13:45,35300.0,1600,Buy,224882148
2024-07-19 14:13:46,35300.0,400,Buy,224882199
2024-07-19 14:13:51,35200.0,500,Sell,224882586
2024-07-19 14:13:53,35200.0,1000,Sell,224882691
2024-07-19 14:13:57,35300.0,400,Buy,224882907
2024-07-19 14:14:06,35300.0,100,Buy,224883532
2024-07-19 14:14:08,35300.0,8000,Buy,224883661
2024-07-19 14:14:11,35300.0,200,Buy,224883809
2024-07-19 14:14:12,35300.0,500,Buy,224883867
2024-07-19 14:14:14,35300.0,100,Buy,224883990
2024-07-19 14:14:15,35300.0,1700,Buy,224884036
2024-07-19 14:14:18,35300.0,1500,Buy,224884215
2024-07-19 14:14:19,35300.0,300,Buy,224884284
2024-07-19 14:14:20,35300.0,1400,Buy,224884324
2024-07-19 14:14:25,35300.0,200,Sell,224884610
2024-07-19 14:14:43,35400.0,500,Buy,224885836
2024-07-19 14:14:45,35300.0,3000,Sell,224885952
2024-07-19 14:14:47,35300.0,500,Sell,224886066
2024-07-19 14:15:42,35400.0,2000,Buy,224889017
2024-07-19 14:15:51,35400.0,1400,Buy,224889361
2024-07-19 14:15:53,35400.0,5000,Buy,224889446
2024-07-19 14:15:55,35400.0,100,Buy,224889577
2024-07-19 14:15:58,35400.0,5000,Buy,224889732
2024-07-19 14:15:59,35400.0,1300,Buy,224889760
2024-07-19 14:16:00,35400.0,7100,Buy,224889823
2024-07-19 14:16:01,35400.0,5000,Buy,224889899
2024-07-19 14:16:02,35400.0,5000,Buy,224889969
2024-07-19 14:16:03,35400.0,200,Buy,224890020
2024-07-19 14:16:05,35300.0,300,Sell,224890087
2024-07-19 14:16:06,35400.0,100,Buy,224890116
2024-07-19 14:16:09,35400.0,100,Sell,224890244
2024-07-19 14:16:26,35500.0,100,Buy,224890962
2024-07-19 14:16:28,35400.0,23300,Buy,224891064
2024-07-19 14:16:30,35400.0,500,Buy,224891175
2024-07-19 14:16:31,35400.0,100,Buy,224891201
2024-07-19 14:16:40,35400.0,1000,Buy,224891591
2024-07-19 14:16:41,35400.0,100,ATO/ATC,224891648
2024-07-19 14:16:59,35400.0,100,Buy,224892493
2024-07-19 14:17:22,35400.0,5500,Sell,224893388
2024-07-19 14:17:23,35400.0,1000,Buy,224893418
2024-07-19 14:17:28,35400.0,100,Buy,224893608
2024-07-19 14:17:40,35400.0,1600,Buy,224894085
2024-07-19 14:17:51,35400.0,17800,Sell,224894508
2024-07-19 14:17:54,35400.0,1100,Sell,224894597
2024-07-19 14:17:58,35400.0,3200,Buy,224894730
2024-07-19 14:18:04,35400.0,6800,Buy,224894911
2024-07-19 14:18:07,35400.0,300,Sell,224895064
2024-07-19 14:18:08,35400.0,100,Sell,224895097
2024-07-19 14:18:10,35400.0,800,Sell,224895155
2024-07-19 14:18:11,35400.0,1000,Sell,224895199
2024-07-19 14:18:13,35400.0,300,Sell,224895377
2024-07-19 14:18:16,35400.0,1600,Sell,224895524
2024-07-19 14:18:21,35500.0,1000,Buy,224895719
2024-07-19 14:18:40,35500.0,1000,Buy,224896478
2024-07-19 14:18:44,35400.0,100,Sell,224896717
2024-07-19 14:19:08,35400.0,300,Sell,224898031
2024-07-19 14:19:21,35400.0,7700,Sell,224898560
2024-07-19 14:19:30,35400.0,1700,Sell,224898916
2024-07-19 14:19:31,35400.0,500,Sell,224898946
2024-07-19 14:19:36,35400.0,7000,Sell,224899200
2024-07-19 14:19:37,35400.0,20800,Sell,224899237
2024-07-19 14:19:42,35400.0,6600,Sell,224899488
2024-07-19 14:19:57,35400.0,100,Buy,224900140
2024-07-19 14:20:11,35400.0,400,Buy,224900729
2024-07-19 14:20:18,35300.0,4200,Sell,224901034
2024-07-19 14:20:27,35300.0,23900,Buy,224901527
2024-07-19 14:20:38,35300.0,1000,Buy,224902138
2024-07-19 14:20:47,35300.0,400,Buy,224902745
2024-07-19 14:20:50,35300.0,100,Buy,224902895
2024-07-19 14:21:01,35300.0,100,Buy,224903789
2024-07-19 14:21:05,35200.0,2600,Sell,224904048
2024-07-19 14:21:12,35200.0,40000,Buy,224904697
2024-07-19 14:21:27,35100.0,48000,Sell,224905886
2024-07-19 14:21:31,35200.0,200,Buy,224906145
2024-07-19 14:21:35,35200.0,100,Buy,224906426
2024-07-19 14:21:38,35100.0,500,Sell,224906628
2024-07-19 14:21:45,35100.0,14700,Sell,224907124
2024-07-19 14:21:47,35100.0,300,Buy,224907320
2024-07-19 14:21:48,35100.0,1000,Buy,224907440
2024-07-19 14:21:51,35100.0,2000,Buy,224907635
2024-07-19 14:21:52,35100.0,300,Buy,224907684
2024-07-19 14:21:55,35100.0,200,Buy,224907851
2024-07-19 14:21:58,35100.0,11900,Sell,224908085
2024-07-19 14:21:59,35100.0,8100,Buy,224908126
2024-07-19 14:22:02,35100.0,200,Buy,224908347
2024-07-19 14:22:05,35100.0,100,Buy,224908475
2024-07-19 14:22:06,35100.0,200,Buy,224908554
2024-07-19 14:22:12,35000.0,100,Sell,224908977
2024-07-19 14:22:13,35100.0,11200,Buy,224909106
2024-07-19 14:22:14,35100.0,900,Sell,224909175
2024-07-19 14:22:17,35100.0,100,Sell,224909445
2024-07-19 14:22:21,35100.0,400,Sell,224909729
2024-07-19 14:22:22,35100.0,2900,Sell,224909759
2024-07-19 14:22:30,35100.0,800,Sell,224910498
2024-07-19 14:22:34,35100.0,12200,Sell,224910808
2024-07-19 14:22:35,35100.0,3000,Sell,224910867
2024-07-19 14:22:38,35100.0,600,Sell,224911055
2024-07-19 14:22:39,35100.0,600,Buy,224911103
2024-07-19 14:22:42,35100.0,200,Buy,224911349
2024-07-19 14:22:47,35100.0,4000,Buy,224911634
2024-07-19 14:22:49,35100.0,100,Buy,224911765
2024-07-19 14:22:50,35000.0,1000,Sell,224911809
2024-07-19 14:22:56,35100.0,3600,Buy,224912224
2024-07-19 14:23:01,35100.0,200,Buy,224912547
2024-07-19 14:23:03,35100.0,2000,Buy,224912704
2024-07-19 14:23:04,35100.0,6500,Buy,224912752
2024-07-19 14:23:05,35100.0,500,Buy,224912789
2024-07-19 14:23:06,35100.0,900,Sell,224912846
2024-07-19 14:23:07,35100.0,2200,Buy,224912896
2024-07-19 14:23:09,35100.0,100,Sell,224913014
2024-07-19 14:23:10,35100.0,2100,Buy,224913092
2024-07-19 14:23:11,35100.0,700,Buy,224913166
2024-07-19 14:23:16,35100.0,2200,Sell,224913416
2024-07-19 14:23:23,35100.0,1000,Sell,224913730
2024-07-19 14:23:33,35200.0,1000,Buy,224914223
2024-07-19 14:23:37,35200.0,900,Buy,224914441
2024-07-19 14:23:43,35200.0,100,Buy,224914789
2024-07-19 14:23:45,35200.0,200,Buy,224914861
2024-07-19 14:23:48,35200.0,5000,Sell,224915005
2024-07-19 14:24:40,35300.0,1000,Buy,224917801
2024-07-19 14:24:44,35300.0,3900,Buy,224918016
2024-07-19 14:24:45,35300.0,100,Buy,224918084
2024-07-19 14:24:49,35300.0,8100,Buy,224918308
2024-07-19 14:25:03,35300.0,1000,Sell,224919224
2024-07-19 14:25:04,35400.0,1000,Buy,224919300
2024-07-19 14:25:09,35400.0,10000,Buy,224919557
2024-07-19 14:25:14,35400.0,1000,Buy,224919938
2024-07-19 14:25:15,35400.0,2000,Buy,224920022
2024-07-19 14:25:17,35400.0,2000,Buy,224920095
2024-07-19 14:25:23,35400.0,200,Buy,224920494
2024-07-19 14:25:29,35400.0,500,Buy,224920878
2024-07-19 14:25:34,35400.0,100,Buy,224921150
2024-07-19 14:25:35,35400.0,10000,Buy,224921196
2024-07-19 14:25:36,35300.0,100,Sell,224921263
2024-07-19 14:25:39,35400.0,1500,Sell,224921441
2024-07-19 14:25:42,35400.0,4000,Buy,224921602
2024-07-19 14:25:44,35300.0,1500,Sell,224921734
2024-07-19 14:25:53,35300.0,1000,Sell,224922177
2024-07-19 14:25:58,35400.0,1300,Sell,224922445
2024-07-19 14:26:12,35500.0,100,Buy,224923096
2024-07-19 14:26:18,35500.0,500,Buy,224923404
2024-07-19 14:26:22,35500.0,1200,Buy,224923558
2024-07-19 14:26:26,35400.0,200,Sell,224923752
2024-07-19 14:26:41,35500.0,3000,Buy,224924504
2024-07-19 14:26:45,35400.0,35500,Sell,224924726
2024-07-19 14:26:46,35500.0,1000,Buy,224924804
2024-07-19 14:27:08,35500.0,10900,Buy,224926049
2024-07-19 14:27:11,35500.0,1000,Buy,224926192
2024-07-19 14:27:14,35500.0,200,Buy,224926284
2024-07-19 14:27:18,35500.0,200,Buy,224926491
2024-07-19 14:27:28,35500.0,1200,Buy,224926982
2024-07-19 14:27:39,35500.0,200,Buy,224927628
2024-07-19 14:27:45,35500.0,100,Buy,224928037
2024-07-19 14:27:46,35400.0,1200,Sell,224928097
2024-07-19 14:27:50,35500.0,100,Buy,224928271
2024-07-19 14:27:51,35500.0,20300,Buy,224928316
2024-07-19 14:27:54,35500.0,200,Buy,224928781
2024-07-19 14:27:57,35400.0,27100,Sell,224928905
2024-07-19 14:28:00,35500.0,4000,Buy,224929142
2024-07-19 14:28:02,35500.0,5000,Buy,224929297
2024-07-19 14:28:06,35500.0,200,Buy,224929516
2024-07-19 14:28:07,35500.0,5000,Buy,224929554
2024-07-19 14:28:10,35500.0,600,Buy,224929700
2024-07-19 14:28:11,35400.0,1000,Sell,224929758
2024-07-19 14:28:12,35500.0,2700,Buy,224929830
2024-07-19 14:28:19,35500.0,24200,Buy,224930172
2024-07-19 14:28:23,35500.0,3400,Buy,224930397
2024-07-19 14:28:25,35500.0,200,Buy,224930621
2024-07-19 14:28:26,35500.0,100,Buy,224930693
2024-07-19 14:28:28,35500.0,200,Buy,224930803
2024-07-19 14:28:32,35500.0,1100,Buy,224930996
2024-07-19 14:28:35,35500.0,700,Buy,224931138
2024-07-19 14:28:36,35500.0,1000,Buy,224931177
2024-07-19 14:28:38,35500.0,1000,Buy,224931270
2024-07-19 14:28:44,35500.0,500,Buy,224931580
2024-07-19 14:28:47,35500.0,5000,ATO/ATC,224931743
2024-07-19 14:28:53,35500.0,500,Buy,224932005
2024-07-19 14:28:56,35500.0,500,Buy,224932273
2024-07-19 14:28:58,35500.0,500,Sell,224932383
2024-07-19 14:29:02,35500.0,300,Sell,224932695
2024-07-19 14:29:14,35500.0,500,Sell,224933386
2024-07-19 14:29:19,35500.0,10300,Sell,224933790
2024-07-19 14:29:23,35500.0,3500,Sell,224934202
2024-07-19 14:29:28,35500.0,1000,Buy,224934620
2024-07-19 14:29:44,35500.0,5000,Buy,224935784
2024-07-19 14:29:49,35500.0,800,Buy,224936163
2024-07-19 14:29:52,35500.0,1500,Buy,224936404
2024-07-19 14:29:57,35500.0,1500,Buy,224936702
2024-07-19 14:29:59,35500.0,2000,Buy,224936793
2024-07-19 14:30:00,35500.0,300,Buy,224936875
2024-07-19 14:45:11,35400.0,199100,Sell,224938364
2024-07-19 14:45:17,35400.0,50000,Sell,224938425
2024-07-19 14:47:35,35400.0,100,Sell,224938587
2024-07-19 14:56:42,35400.0,100,Sell,224939351
