time,price,volume,match_type,id
2024-08-01 09:00:22,30400.0,3400,Buy,227891058
2024-08-01 09:00:26,30400.0,100,Buy,227891086
2024-08-01 09:00:27,30100.0,5000,Sell,227891099
2024-08-01 09:00:30,30700.0,6000,Buy,227891120
2024-08-01 09:00:58,30400.0,1000,ATO/ATC,227891198
2024-08-01 09:02:14,30400.0,1000,Buy,227891348
2024-08-01 09:03:10,30400.0,500,Buy,227891480
2024-08-01 09:04:11,30300.0,200,Sell,227891605
2024-08-01 09:05:24,30400.0,5000,Buy,227891747
2024-08-01 09:05:48,30400.0,500,Buy,227891786
2024-08-01 09:05:49,30400.0,200,Sell,227891789
2024-08-01 09:06:24,30600.0,4000,Buy,227891856
2024-08-01 09:08:22,30400.0,4000,Sell,227892055
2024-08-01 09:08:49,30400.0,100,Sell,227892096
2024-08-01 09:13:19,30400.0,2000,Sell,227892551
2024-08-01 09:13:21,30500.0,3000,Buy,227892552
2024-08-01 09:13:35,30500.0,100,Buy,227892575
2024-08-01 09:16:42,30500.0,200,Buy,227894969
2024-08-01 09:17:41,30400.0,300,Sell,227896206
2024-08-01 09:18:03,30400.0,1000,Sell,227896704
2024-08-01 09:18:18,30400.0,500,Sell,227897039
2024-08-01 09:18:19,30400.0,100,Sell,227897092
2024-08-01 09:18:22,30400.0,600,Sell,227897138
2024-08-01 09:18:44,30400.0,3000,Sell,227897591
2024-08-01 09:19:48,30400.0,100,Sell,227899268
2024-08-01 09:19:54,30400.0,1500,Sell,227899397
2024-08-01 09:20:16,30400.0,7000,Sell,227899915
2024-08-01 09:20:28,30400.0,1000,Sell,227900237
2024-08-01 09:20:43,30400.0,500,Sell,227900513
2024-08-01 09:20:53,30400.0,100,Sell,227900744
2024-08-01 09:23:05,30400.0,4900,Sell,227903875
2024-08-01 09:23:08,30400.0,1000,Sell,227903956
2024-08-01 09:24:00,30400.0,3000,Sell,227905187
2024-08-01 09:24:20,30500.0,400,Buy,227905780
2024-08-01 09:25:45,30400.0,3000,Sell,227907962
2024-08-01 09:25:54,30400.0,10000,Sell,227908256
2024-08-01 09:26:11,30400.0,1000,Sell,227908664
2024-08-01 09:26:14,30400.0,400,Sell,227908730
2024-08-01 09:26:15,30400.0,9000,Buy,227908739
2024-08-01 09:27:00,30400.0,200,Buy,227909959
2024-08-01 09:28:22,30400.0,14000,Buy,227912056
2024-08-01 09:28:45,30400.0,1000,Buy,227912602
2024-08-01 09:28:50,30400.0,1000,Buy,227912753
2024-08-01 09:29:36,30400.0,3000,Buy,227913921
2024-08-01 09:29:37,30400.0,1000,Buy,227913943
2024-08-01 09:30:11,30400.0,100,Buy,227914842
2024-08-01 09:30:15,30400.0,5000,Buy,227914933
2024-08-01 09:30:37,30400.0,10100,Buy,227915537
2024-08-01 09:31:33,30300.0,10000,Sell,227916919
2024-08-01 09:31:50,30300.0,3000,Sell,227917270
2024-08-01 09:32:55,30300.0,1500,Sell,227918879
2024-08-01 09:33:03,30300.0,3000,Sell,227919121
2024-08-01 09:33:29,30300.0,500,Sell,227920029
2024-08-01 09:33:51,30300.0,1000,Sell,227920678
2024-08-01 09:33:52,30300.0,100,Sell,227920706
2024-08-01 09:34:39,30300.0,200,Sell,227921771
2024-08-01 09:34:41,30300.0,7100,Sell,227921800
2024-08-01 09:35:02,30300.0,500,Sell,227922413
2024-08-01 09:35:14,30300.0,200,Sell,227922782
2024-08-01 09:35:20,30300.0,1000,Sell,227922900
2024-08-01 09:36:48,30300.0,2800,Sell,227924904
2024-08-01 09:37:18,30300.0,300,Sell,227925629
2024-08-01 09:37:29,30400.0,14200,Buy,227925853
2024-08-01 09:37:48,30400.0,1900,Sell,227926288
2024-08-01 09:38:07,30400.0,300,Sell,227926658
2024-08-01 09:38:13,30400.0,200,Sell,227926763
2024-08-01 09:38:42,30400.0,100,Sell,227927525
2024-08-01 09:38:49,30400.0,200,Sell,227927698
2024-08-01 09:40:30,30400.0,1000,Sell,227929928
2024-08-01 09:40:31,30400.0,10000,Sell,227929949
2024-08-01 09:40:57,30400.0,2700,Sell,227930462
2024-08-01 09:40:59,30400.0,10000,Sell,227930515
2024-08-01 09:41:36,30400.0,10000,Sell,227931228
2024-08-01 09:41:37,30400.0,16500,Sell,227931246
2024-08-01 09:41:49,30400.0,400,Sell,227931483
2024-08-01 09:41:57,30400.0,300,Sell,227931662
2024-08-01 09:42:15,30400.0,300,Sell,227932008
2024-08-01 09:42:32,30400.0,100,Buy,227932291
2024-08-01 09:43:17,30400.0,9800,Sell,227933210
2024-08-01 09:43:21,30400.0,400,Sell,227933274
2024-08-01 09:43:40,30300.0,25000,Sell,227933557
2024-08-01 09:44:00,30400.0,5000,Buy,227934009
2024-08-01 09:44:11,30300.0,3000,Sell,227934264
2024-08-01 09:45:19,30400.0,1200,Sell,227935829
2024-08-01 09:45:51,30400.0,3800,Buy,227936452
2024-08-01 09:46:14,30400.0,10000,Buy,227936886
2024-08-01 09:47:02,30400.0,5300,Sell,227938048
2024-08-01 09:47:19,30400.0,3000,Sell,227938438
2024-08-01 09:47:37,30400.0,1700,Sell,227938779
2024-08-01 09:47:59,30400.0,2300,Sell,227939058
2024-08-01 09:48:12,30400.0,600,Sell,227939279
2024-08-01 09:48:21,30400.0,2300,Sell,227939437
2024-08-01 09:48:40,30400.0,4800,Buy,227939808
2024-08-01 09:49:13,30400.0,200,Buy,227940458
2024-08-01 09:49:16,30300.0,500,Sell,227940532
2024-08-01 09:50:26,30400.0,5000,Buy,227942030
2024-08-01 09:50:53,30400.0,5000,ATO/ATC,227942419
2024-08-01 09:52:17,30400.0,5000,Sell,227943957
2024-08-01 09:52:24,30300.0,10000,Sell,227944083
2024-08-01 09:52:52,30300.0,10000,Sell,227944751
2024-08-01 09:53:08,30300.0,10000,Sell,227945079
2024-08-01 09:53:32,30300.0,3400,Sell,227945538
2024-08-01 09:53:40,30300.0,500,Buy,227945677
2024-08-01 09:54:21,30300.0,5000,Buy,227946645
2024-08-01 09:54:31,30300.0,1000,Buy,227946903
2024-08-01 09:54:37,30300.0,500,Buy,227947033
2024-08-01 09:54:40,30300.0,100,Buy,227947093
2024-08-01 09:54:44,30300.0,10000,Buy,227947156
2024-08-01 09:54:50,30300.0,100,Buy,227947310
2024-08-01 09:55:11,30300.0,1000,Buy,227947817
2024-08-01 09:55:13,30200.0,7000,Sell,227947854
2024-08-01 09:55:15,30200.0,18600,Sell,227947914
2024-08-01 09:55:23,30200.0,20000,Sell,227948144
2024-08-01 09:55:25,30200.0,4500,ATO/ATC,227948173
2024-08-01 09:56:11,30100.0,1000,Sell,227949407
2024-08-01 09:56:40,30100.0,2000,Sell,227950254
2024-08-01 09:56:43,30100.0,100,Sell,227950356
2024-08-01 09:56:58,30100.0,22700,Sell,227950869
2024-08-01 09:57:02,30100.0,20000,Sell,227950997
2024-08-01 09:57:05,30100.0,500,Sell,227951113
2024-08-01 09:57:07,30100.0,10000,Sell,227951162
2024-08-01 09:57:10,30100.0,7100,Buy,227951271
2024-08-01 09:57:21,30100.0,6700,Sell,227951757
2024-08-01 09:57:25,30100.0,500,Sell,227951882
2024-08-01 09:57:27,30100.0,1000,Sell,227951925
2024-08-01 09:57:28,30100.0,200,Sell,227951950
2024-08-01 09:57:55,30100.0,1000,Sell,227952846
2024-08-01 09:58:05,30100.0,2500,Buy,227953215
2024-08-01 09:58:24,30100.0,500,Buy,227953874
2024-08-01 09:58:31,30100.0,3300,Buy,227954101
2024-08-01 09:58:39,30100.0,100,Buy,227954319
2024-08-01 09:58:42,30100.0,1000,Buy,227954422
2024-08-01 09:58:50,30000.0,10000,Sell,227954627
2024-08-01 09:58:52,30000.0,55900,Sell,227954769
2024-08-01 09:58:56,30000.0,25800,Sell,227954980
2024-08-01 09:59:09,30000.0,10000,Buy,227955476
2024-08-01 09:59:16,29900.0,1400,Sell,227955801
2024-08-01 09:59:18,29900.0,1700,Sell,227955890
2024-08-01 09:59:24,29900.0,1000,Sell,227956107
2024-08-01 09:59:29,29900.0,200,Sell,227956248
2024-08-01 09:59:31,29900.0,2000,Sell,227956281
2024-08-01 09:59:35,29900.0,200,Sell,227956402
2024-08-01 09:59:41,29900.0,6600,Sell,227956585
2024-08-01 09:59:43,29900.0,500,Sell,227956664
2024-08-01 09:59:47,29900.0,1800,Buy,227956889
2024-08-01 09:59:53,29900.0,100,Buy,227957157
2024-08-01 09:59:54,29800.0,200,Sell,227957190
2024-08-01 09:59:55,29800.0,7400,Sell,227957196
2024-08-01 09:59:56,29800.0,500,Sell,227957262
2024-08-01 09:59:57,29800.0,30000,Sell,227957304
2024-08-01 10:00:03,29900.0,100,Buy,227957540
2024-08-01 10:00:04,29800.0,4000,Sell,227957561
2024-08-01 10:00:17,29800.0,1700,Sell,227958179
2024-08-01 10:00:24,29800.0,100,Buy,227958405
2024-08-01 10:00:35,29800.0,300,Buy,227958748
2024-08-01 10:00:49,30000.0,37900,Sell,227959204
2024-08-01 10:00:50,30000.0,300,Sell,227959257
2024-08-01 10:00:54,30000.0,100,Sell,227959398
2024-08-01 10:00:58,30000.0,10000,Sell,227959479
2024-08-01 10:01:08,30000.0,8000,Sell,227959854
2024-08-01 10:01:09,30000.0,500,Sell,227959908
2024-08-01 10:01:11,30000.0,43200,Sell,227959989
2024-08-01 10:01:17,30000.0,1000,Buy,227960169
2024-08-01 10:01:29,30000.0,100,Buy,227960563
2024-08-01 10:01:40,29900.0,10400,Buy,227961086
2024-08-01 10:01:52,29800.0,5000,Sell,227961508
2024-08-01 10:01:53,29800.0,1000,Buy,227961584
2024-08-01 10:01:56,29800.0,100,Buy,227961698
2024-08-01 10:02:03,29600.0,10000,Sell,227962094
2024-08-01 10:02:05,29600.0,7000,Sell,227962146
2024-08-01 10:02:16,29600.0,200,Buy,227962512
2024-08-01 10:02:17,29600.0,2000,Buy,227962529
2024-08-01 10:02:20,29500.0,14000,Sell,227962692
2024-08-01 10:02:21,29500.0,2300,Sell,227962712
2024-08-01 10:02:31,29500.0,1000,Sell,227963166
2024-08-01 10:02:34,29600.0,500,Buy,227963270
2024-08-01 10:02:41,29600.0,200,Buy,227963606
2024-08-01 10:02:44,29600.0,300,Buy,227963778
2024-08-01 10:02:47,29600.0,300,Buy,227963876
2024-08-01 10:02:48,29600.0,500,Buy,227963897
2024-08-01 10:02:50,29600.0,2000,Buy,227963956
2024-08-01 10:02:53,29600.0,1000,Buy,227964035
2024-08-01 10:02:56,29600.0,14400,Buy,227964171
2024-08-01 10:02:58,29600.0,300,Buy,227964243
2024-08-01 10:02:59,29600.0,10000,Buy,227964267
2024-08-01 10:03:01,29600.0,1500,Buy,227964334
2024-08-01 10:03:03,29600.0,1700,Buy,227964404
2024-08-01 10:03:04,29600.0,5000,Buy,227964448
2024-08-01 10:03:06,29600.0,200,Buy,227964499
2024-08-01 10:03:07,29600.0,3700,Buy,227964522
2024-08-01 10:03:08,29600.0,300,Buy,227964550
2024-08-01 10:03:09,29600.0,500,Buy,227964590
2024-08-01 10:03:12,29600.0,1000,Buy,227964789
2024-08-01 10:03:14,29600.0,600,Buy,227964868
2024-08-01 10:03:15,29600.0,100,Buy,227965011
2024-08-01 10:03:18,29600.0,300,Buy,227965100
2024-08-01 10:03:19,29600.0,7800,Sell,227965126
2024-08-01 10:03:21,29700.0,1700,Buy,227965177
2024-08-01 10:03:27,29700.0,100,Buy,227965478
2024-08-01 10:03:28,29700.0,1000,Buy,227965528
2024-08-01 10:03:30,29700.0,300,Buy,227965705
2024-08-01 10:03:37,29700.0,1600,Sell,227966067
2024-08-01 10:03:38,29700.0,500,Sell,227966111
2024-08-01 10:03:45,29800.0,6000,Buy,227966427
2024-08-01 10:03:46,29600.0,15000,Sell,227966482
2024-08-01 10:03:50,29800.0,200,Buy,227966597
2024-08-01 10:03:53,29700.0,1000,Sell,227966706
2024-08-01 10:03:59,29700.0,2000,Sell,227966966
2024-08-01 10:04:07,29700.0,700,Sell,227967350
2024-08-01 10:04:11,29700.0,4500,Sell,227967497
2024-08-01 10:04:13,29700.0,100,Sell,227967700
2024-08-01 10:04:16,29700.0,4800,Buy,227967834
2024-08-01 10:04:28,29600.0,6300,Sell,227968339
2024-08-01 10:04:39,29600.0,7000,Sell,227968980
2024-08-01 10:04:43,29600.0,200,Sell,227969211
2024-08-01 10:04:49,29600.0,17400,Buy,227969476
2024-08-01 10:04:56,29600.0,1000,Buy,227969761
2024-08-01 10:05:01,29700.0,500,Buy,227969937
2024-08-01 10:05:05,29600.0,200,Buy,227970129
2024-08-01 10:05:06,29600.0,100,Buy,227970173
2024-08-01 10:05:09,29600.0,200,Buy,227970388
2024-08-01 10:05:10,29600.0,200,Buy,227970425
2024-08-01 10:05:15,29600.0,800,Sell,227970576
2024-08-01 10:05:20,29700.0,1000,Buy,227970754
2024-08-01 10:05:26,29700.0,800,Buy,227971042
2024-08-01 10:05:38,29700.0,200,Buy,227971535
2024-08-01 10:05:53,29700.0,100,Buy,227972280
2024-08-01 10:06:02,29700.0,300,Buy,227972734
2024-08-01 10:06:05,29700.0,100,Buy,227972865
2024-08-01 10:06:13,29600.0,2000,Sell,227973214
2024-08-01 10:06:22,29700.0,100,Buy,227973747
2024-08-01 10:06:41,29600.0,10000,Sell,227974514
2024-08-01 10:06:47,29600.0,300,Sell,227974844
2024-08-01 10:07:00,29700.0,7000,Buy,227975267
2024-08-01 10:07:02,29600.0,200,Sell,227975337
2024-08-01 10:07:11,29700.0,1000,Buy,227975646
2024-08-01 10:07:14,29600.0,5000,Sell,227975732
2024-08-01 10:07:17,29600.0,1000,Sell,227975851
2024-08-01 10:07:19,29600.0,2000,Sell,227975942
2024-08-01 10:07:37,29700.0,3000,Buy,227976574
2024-08-01 10:07:38,29600.0,6500,Sell,227976602
2024-08-01 10:07:39,29600.0,4600,Sell,227976637
2024-08-01 10:07:40,29600.0,100,Sell,227976711
2024-08-01 10:07:46,29600.0,300,Sell,227976926
2024-08-01 10:07:53,29600.0,4200,Sell,227977164
2024-08-01 10:07:56,29600.0,4000,Sell,227977274
2024-08-01 10:07:57,29600.0,900,Buy,227977344
2024-08-01 10:07:59,29600.0,1400,Sell,227977399
2024-08-01 10:08:10,29600.0,400,Sell,227977765
2024-08-01 10:08:14,29600.0,1000,Sell,227977900
2024-08-01 10:08:23,29600.0,300,Sell,227978167
2024-08-01 10:08:25,29600.0,2000,Sell,227978225
2024-08-01 10:08:46,29600.0,8100,Buy,227978994
2024-08-01 10:08:54,29600.0,1000,Buy,227979171
2024-08-01 10:08:56,29600.0,3900,Sell,227979222
2024-08-01 10:09:00,29600.0,3000,Buy,227979351
2024-08-01 10:09:01,29600.0,100,Sell,227979389
2024-08-01 10:09:14,29600.0,3000,Sell,227979817
2024-08-01 10:09:18,29600.0,1000,Sell,227979936
2024-08-01 10:09:19,29600.0,500,Sell,227979960
2024-08-01 10:09:22,29600.0,100,Sell,227980037
2024-08-01 10:09:28,29600.0,4900,Sell,227980231
2024-08-01 10:09:51,29600.0,30000,Sell,227980927
2024-08-01 10:10:17,29600.0,10000,Sell,227981661
2024-08-01 10:10:21,29600.0,500,Sell,227981780
2024-08-01 10:10:25,29600.0,1300,Sell,227981860
2024-08-01 10:10:38,29600.0,400,Sell,227982181
2024-08-01 10:10:44,29600.0,300,Sell,227982342
2024-08-01 10:10:47,29600.0,200,Sell,227982406
2024-08-01 10:10:50,29600.0,200,Sell,227982461
2024-08-01 10:10:51,29600.0,200,Sell,227982494
2024-08-01 10:10:55,29600.0,200,Sell,227982577
2024-08-01 10:11:04,29600.0,700,Sell,227982901
2024-08-01 10:11:42,29700.0,100,Buy,227983709
2024-08-01 10:11:46,29700.0,100,Buy,227983791
2024-08-01 10:11:50,29700.0,600,Buy,227983872
2024-08-01 10:11:54,29700.0,5000,Buy,227983976
2024-08-01 10:11:55,29600.0,2000,Sell,227983996
2024-08-01 10:11:59,29700.0,100,Buy,227984105
2024-08-01 10:12:05,29700.0,500,Buy,227984248
2024-08-01 10:12:06,29700.0,200,Buy,227984274
2024-08-01 10:12:08,29700.0,1000,Buy,227984411
2024-08-01 10:12:11,29700.0,7000,Buy,227984467
2024-08-01 10:12:13,29700.0,3000,Buy,227984519
2024-08-01 10:12:14,29700.0,1000,Buy,227984539
2024-08-01 10:12:15,29700.0,2700,Buy,227984557
2024-08-01 10:12:17,29700.0,200,Buy,227984646
2024-08-01 10:12:19,29700.0,100,Sell,227984709
2024-08-01 10:12:27,29700.0,600,Sell,227984919
2024-08-01 10:12:34,29700.0,200,Sell,227985084
2024-08-01 10:12:38,29700.0,4300,ATO/ATC,227985144
2024-08-01 10:12:46,29700.0,200,Sell,227985315
2024-08-01 10:12:47,29700.0,700,ATO/ATC,227985334
2024-08-01 10:12:50,29700.0,1000,Buy,227985386
2024-08-01 10:12:52,29600.0,200,Sell,227985434
2024-08-01 10:12:56,29700.0,4600,Buy,227985508
2024-08-01 10:13:01,29700.0,100,Buy,227985620
2024-08-01 10:13:05,29700.0,4100,Buy,227985658
2024-08-01 10:13:10,29700.0,3000,Buy,227985738
2024-08-01 10:13:19,29700.0,1400,Sell,227985915
2024-08-01 10:13:36,29700.0,100,Sell,227986137
2024-08-01 10:13:38,29700.0,4800,ATO/ATC,227986199
2024-08-01 10:13:45,29700.0,200,Sell,227986302
2024-08-01 10:13:48,29700.0,2000,ATO/ATC,227986385
2024-08-01 10:13:56,29800.0,600,Buy,227986486
2024-08-01 10:14:38,29800.0,600,Buy,227987215
2024-08-01 10:14:47,29800.0,100,Buy,227987353
2024-08-01 10:14:50,29800.0,4400,Buy,227987396
2024-08-01 10:14:53,29800.0,11000,Buy,227987467
2024-08-01 10:15:04,29700.0,7000,Sell,227987638
2024-08-01 10:15:14,29700.0,200,Sell,227987846
2024-08-01 10:15:15,29700.0,4400,ATO/ATC,227987896
2024-08-01 10:15:17,29700.0,3000,Buy,227987913
2024-08-01 10:15:26,29600.0,200,Sell,227988074
2024-08-01 10:15:34,29600.0,200,Sell,227988231
2024-08-01 10:15:47,29700.0,100,Sell,227988461
2024-08-01 10:16:57,29800.0,5000,Buy,227989648
2024-08-01 10:17:10,29800.0,8000,Buy,227989938
2024-08-01 10:17:22,29800.0,500,Buy,227990106
2024-08-01 10:17:26,29800.0,300,Buy,227990170
2024-08-01 10:17:47,29800.0,3100,Buy,227990667
2024-08-01 10:18:07,29800.0,200,Buy,227991075
2024-08-01 10:18:10,29800.0,1000,Buy,227991145
2024-08-01 10:18:47,29800.0,5000,Buy,227992007
2024-08-01 10:19:06,29800.0,100,Buy,227992261
2024-08-01 10:19:14,29800.0,300,Buy,227992409
2024-08-01 10:19:21,29800.0,1000,Buy,227992561
2024-08-01 10:19:22,29800.0,100,Buy,227992601
2024-08-01 10:19:34,29800.0,2000,Buy,227992808
2024-08-01 10:19:52,29700.0,1000,Sell,227993151
2024-08-01 10:19:53,29700.0,2500,Sell,227993212
2024-08-01 10:20:00,29800.0,1500,Buy,227993321
2024-08-01 10:20:02,29800.0,1000,Buy,227993359
2024-08-01 10:20:14,29800.0,500,Buy,227993612
2024-08-01 10:20:18,29800.0,2000,Buy,227993684
2024-08-01 10:20:36,29800.0,300,Buy,227994050
2024-08-01 10:20:39,29700.0,6000,Sell,227994134
2024-08-01 10:20:46,29800.0,10000,Buy,227994276
2024-08-01 10:21:01,29700.0,1500,Sell,227994628
2024-08-01 10:21:39,29800.0,20000,Sell,227995430
2024-08-01 10:21:40,29800.0,7000,Sell,227995453
2024-08-01 10:21:43,29800.0,2400,Sell,227995494
2024-08-01 10:21:45,29800.0,7000,Sell,227995516
2024-08-01 10:21:46,29800.0,100,Sell,227995568
2024-08-01 10:22:02,29800.0,13500,Buy,227995861
2024-08-01 10:22:06,29800.0,500,Buy,227995972
2024-08-01 10:22:34,29800.0,1100,Buy,227996637
2024-08-01 10:22:47,29700.0,5000,Sell,227996971
2024-08-01 10:22:48,29800.0,300,Buy,227996985
2024-08-01 10:23:00,29800.0,100,Buy,227997214
2024-08-01 10:23:20,29800.0,100,Buy,227997643
2024-08-01 10:23:29,29700.0,5000,Sell,227997877
2024-08-01 10:23:35,29800.0,1000,Buy,227998017
2024-08-01 10:23:48,29700.0,200,Sell,227998363
2024-08-01 10:23:50,29800.0,100,Buy,227998398
2024-08-01 10:24:00,29700.0,1000,Sell,227998564
2024-08-01 10:24:02,29800.0,1000,Buy,227998598
2024-08-01 10:24:11,29800.0,10000,Buy,227998727
2024-08-01 10:24:20,29800.0,2800,Buy,227998912
2024-08-01 10:24:32,29800.0,10000,Buy,227999130
2024-08-01 10:24:54,29700.0,1000,Sell,227999522
2024-08-01 10:24:55,29800.0,10000,Buy,227999544
2024-08-01 10:25:07,29800.0,100,Buy,227999780
2024-08-01 10:25:20,29800.0,100,Buy,227999993
2024-08-01 10:25:57,29800.0,1000,Buy,228000875
2024-08-01 10:26:04,29700.0,800,Sell,228000988
2024-08-01 10:26:05,29700.0,1500,Sell,228001023
2024-08-01 10:26:06,29800.0,2000,Buy,228001059
2024-08-01 10:26:11,29800.0,1000,Buy,228001185
2024-08-01 10:26:21,29800.0,200,Buy,228001414
2024-08-01 10:26:26,29800.0,100,Buy,228001570
2024-08-01 10:26:27,29800.0,100,Buy,228001583
2024-08-01 10:26:33,29800.0,100,Buy,228001754
2024-08-01 10:26:48,29700.0,4200,Sell,228002273
2024-08-01 10:27:00,29700.0,5000,Sell,228002468
2024-08-01 10:27:04,29700.0,600,Sell,228002520
2024-08-01 10:27:09,29700.0,900,Sell,228002616
2024-08-01 10:27:28,29700.0,5900,Sell,228003014
2024-08-01 10:27:32,29700.0,100,Buy,228003088
2024-08-01 10:27:38,29700.0,2200,Sell,228003174
2024-08-01 10:27:42,29700.0,3000,Sell,228003298
2024-08-01 10:27:44,29700.0,200,Sell,228003323
2024-08-01 10:27:53,29700.0,200,Sell,228003512
2024-08-01 10:27:58,29700.0,200,Sell,228003593
2024-08-01 10:28:01,29700.0,200,Sell,228003638
2024-08-01 10:28:13,29700.0,200,Sell,228003873
2024-08-01 10:28:19,29700.0,200,Sell,228004047
2024-08-01 10:28:26,29700.0,1000,Sell,228004216
2024-08-01 10:28:28,29700.0,500,Sell,228004327
2024-08-01 10:28:52,29700.0,5000,Sell,228004833
2024-08-01 10:28:56,29700.0,1500,Sell,228004983
2024-08-01 10:29:17,29700.0,200,Sell,228005436
2024-08-01 10:29:28,29700.0,1000,Sell,228005669
2024-08-01 10:29:33,29700.0,200,Sell,228005794
2024-08-01 10:29:40,29700.0,200,Sell,228005918
2024-08-01 10:29:54,29700.0,5000,Sell,228006214
2024-08-01 10:29:59,29700.0,500,Buy,228006335
2024-08-01 10:30:08,29700.0,200,Buy,228006549
2024-08-01 10:30:18,29700.0,3300,ATO/ATC,228006743
2024-08-01 10:30:19,29600.0,8100,Sell,228006773
2024-08-01 10:30:32,29600.0,200,Sell,228007070
2024-08-01 10:30:42,29600.0,200,Sell,228007295
2024-08-01 10:30:54,29600.0,200,Sell,228007682
2024-08-01 10:31:02,29600.0,2000,Sell,228007922
2024-08-01 10:31:28,29600.0,200,Sell,228008730
2024-08-01 10:31:45,29600.0,200,Sell,228009175
2024-08-01 10:31:53,29600.0,200,Sell,228009351
2024-08-01 10:32:00,29700.0,5000,Buy,228009581
2024-08-01 10:32:13,29600.0,1000,Sell,228010087
2024-08-01 10:32:22,29600.0,200,Sell,228010374
2024-08-01 10:32:33,29600.0,200,Sell,228010796
2024-08-01 10:32:34,29700.0,200,Buy,228010810
2024-08-01 10:32:39,29700.0,100,Buy,228010935
2024-08-01 10:32:45,29600.0,200,Sell,228011100
2024-08-01 10:32:50,29600.0,21500,Sell,228011241
2024-08-01 10:33:02,29600.0,200,Sell,228011601
2024-08-01 10:33:10,29600.0,12000,Sell,228011954
2024-08-01 10:33:12,29600.0,1000,Sell,228012016
2024-08-01 10:33:18,29600.0,1500,Sell,228012135
2024-08-01 10:33:30,29600.0,200,Sell,228012361
2024-08-01 10:33:32,29600.0,3000,Sell,228012437
2024-08-01 10:33:33,29600.0,5000,Sell,228012463
2024-08-01 10:33:36,29600.0,400,Buy,228012587
2024-08-01 10:34:07,29500.0,2000,Sell,228013408
2024-08-01 10:34:09,29600.0,200,Buy,228013469
2024-08-01 10:34:18,29600.0,2900,Buy,228013891
2024-08-01 10:34:26,29500.0,200,Sell,228014121
2024-08-01 10:34:29,29600.0,1500,ATO/ATC,228014305
2024-08-01 10:34:32,29700.0,200,Buy,228014359
2024-08-01 10:34:44,29500.0,200,Sell,228014754
2024-08-01 10:34:54,29500.0,200,Sell,228015127
2024-08-01 10:35:10,29600.0,4000,Buy,228015634
2024-08-01 10:35:23,29600.0,500,Buy,228016094
2024-08-01 10:35:24,29600.0,500,Sell,228016122
2024-08-01 10:35:26,29600.0,600,Buy,228016351
2024-08-01 10:35:28,29600.0,200,Buy,228016425
2024-08-01 10:35:31,29600.0,200,ATO/ATC,228016626
2024-08-01 10:35:56,29600.0,10900,Sell,228017454
2024-08-01 10:36:13,29600.0,2600,Sell,228017967
2024-08-01 10:36:21,29600.0,300,Sell,228018214
2024-08-01 10:36:53,29600.0,200,Sell,228019297
2024-08-01 10:37:03,29600.0,4000,Sell,228019654
2024-08-01 10:37:07,29600.0,3900,Sell,228019766
2024-08-01 10:37:09,29600.0,100,Sell,228019817
2024-08-01 10:37:11,29600.0,200,Sell,228019918
2024-08-01 10:37:13,29600.0,300,Sell,228019944
2024-08-01 10:37:19,29700.0,1000,Buy,228020080
2024-08-01 10:37:22,29600.0,200,Sell,228020135
2024-08-01 10:37:31,29600.0,200,Sell,228020347
2024-08-01 10:37:41,29600.0,200,Sell,228020664
2024-08-01 10:37:55,29600.0,6000,Sell,228021008
2024-08-01 10:38:00,29600.0,100,Sell,228021153
2024-08-01 10:38:19,29600.0,4000,Sell,228021820
2024-08-01 10:38:24,29700.0,400,Buy,228021930
2024-08-01 10:38:26,29600.0,100,Sell,228021992
2024-08-01 10:38:41,29700.0,100,Buy,228022299
2024-08-01 10:38:58,29700.0,100,Buy,228022624
2024-08-01 10:39:09,29600.0,2500,Sell,228022846
2024-08-01 10:39:10,29600.0,13000,Buy,228022864
2024-08-01 10:39:11,29600.0,1000,Buy,228022902
2024-08-01 10:39:25,29500.0,200,Sell,228023215
2024-08-01 10:39:26,29500.0,1000,Sell,228023230
2024-08-01 10:39:39,29600.0,100,Buy,228023530
2024-08-01 10:39:43,29600.0,200,Sell,228023646
2024-08-01 10:39:51,29600.0,500,Sell,228023800
2024-08-01 10:39:53,29600.0,200,ATO/ATC,228023836
2024-08-01 10:40:01,29600.0,2200,Sell,228024011
2024-08-01 10:40:35,29600.0,10000,Sell,228024749
2024-08-01 10:40:51,29600.0,100,Sell,228025063
2024-08-01 10:40:55,29600.0,5000,Sell,228025142
2024-08-01 10:40:57,29600.0,600,Sell,228025172
2024-08-01 10:41:37,29600.0,1000,Sell,228026063
2024-08-01 10:41:44,29600.0,200,Sell,228026253
2024-08-01 10:41:47,29600.0,1000,Sell,228026291
2024-08-01 10:42:03,29600.0,200,Sell,228026692
2024-08-01 10:42:13,29600.0,200,Sell,228026875
2024-08-01 10:42:18,29600.0,200,Sell,228026959
2024-08-01 10:42:19,29600.0,200,Sell,228026974
2024-08-01 10:42:25,29600.0,3900,Sell,228027139
2024-08-01 10:42:36,29600.0,200,Sell,228027362
2024-08-01 10:42:46,29600.0,200,Sell,228027538
2024-08-01 10:43:10,29600.0,10000,Sell,228028041
2024-08-01 10:43:12,29600.0,1400,Sell,228028094
2024-08-01 10:44:13,29600.0,2000,Sell,228029369
2024-08-01 10:44:31,29600.0,200,Sell,228029655
2024-08-01 10:44:46,29600.0,8000,Sell,228029924
2024-08-01 10:44:49,29600.0,500,Sell,228030019
2024-08-01 10:44:50,29600.0,8000,Sell,228030051
2024-08-01 10:45:00,29600.0,200,Sell,228030212
2024-08-01 10:45:35,29600.0,1000,Sell,228030828
2024-08-01 10:46:03,29600.0,300,Sell,228031211
2024-08-01 10:46:52,29600.0,200,Sell,228032102
2024-08-01 10:47:12,29600.0,200,Sell,228032561
2024-08-01 10:47:21,29600.0,1200,Sell,228032702
2024-08-01 10:47:22,29600.0,200,Sell,228032731
2024-08-01 10:47:26,29600.0,1000,Sell,228032803
2024-08-01 10:47:35,29600.0,200,Sell,228032918
2024-08-01 10:47:45,29600.0,200,Sell,228033156
2024-08-01 10:47:47,29600.0,1900,Sell,228033215
2024-08-01 10:47:50,29600.0,300,Sell,228033264
2024-08-01 10:48:10,29600.0,2000,Sell,228033643
2024-08-01 10:48:18,29600.0,9200,Sell,228033751
2024-08-01 10:48:46,29600.0,2000,Sell,228034170
2024-08-01 10:48:56,29600.0,300,Sell,228034321
2024-08-01 10:49:16,29600.0,500,Sell,228034568
2024-08-01 10:49:19,29600.0,4700,Sell,228034605
2024-08-01 10:49:32,29500.0,200,Sell,228034905
2024-08-01 10:49:50,29500.0,100,Sell,228035298
2024-08-01 10:49:54,29500.0,234200,Buy,228035358
2024-08-01 10:49:56,29400.0,3000,Sell,228035418
2024-08-01 10:49:59,29400.0,300,Sell,228035462
2024-08-01 10:50:07,29400.0,2000,Sell,228035671
2024-08-01 10:50:27,29400.0,12500,Sell,228036087
2024-08-01 10:50:30,29500.0,6600,Buy,228036129
2024-08-01 10:50:33,29400.0,7700,Sell,228036195
2024-08-01 10:50:39,29400.0,1000,Sell,228036319
2024-08-01 10:50:45,29400.0,500,Sell,228036453
2024-08-01 10:50:58,29400.0,11700,Sell,228036675
2024-08-01 10:51:01,29400.0,13100,Sell,228036742
2024-08-01 10:51:05,29400.0,8400,Sell,228036851
2024-08-01 10:51:11,29400.0,500,Sell,228036979
2024-08-01 10:51:13,29400.0,500,Buy,228037030
2024-08-01 10:51:14,29500.0,19700,Buy,228037053
2024-08-01 10:51:20,29400.0,500,Sell,228037147
2024-08-01 10:51:36,29400.0,500,Buy,228037423
2024-08-01 10:51:37,29300.0,5000,Sell,228037442
2024-08-01 10:51:43,29400.0,8000,Buy,228037549
2024-08-01 10:51:44,29300.0,2000,Sell,228037571
2024-08-01 10:51:45,29400.0,200,Buy,228037589
2024-08-01 10:51:48,29300.0,10000,Sell,228037634
2024-08-01 10:51:50,29400.0,1000,Buy,228037658
2024-08-01 10:51:57,29400.0,5000,Buy,228037887
2024-08-01 10:52:05,29400.0,5000,Buy,228038040
2024-08-01 10:52:18,29400.0,5000,Buy,228038299
2024-08-01 10:52:21,29400.0,500,Buy,228038353
2024-08-01 10:52:23,29400.0,5000,Buy,228038390
2024-08-01 10:52:46,29400.0,200,Buy,228039082
2024-08-01 10:52:50,29300.0,1000,Sell,228039213
2024-08-01 10:52:57,29300.0,5000,Sell,228039345
2024-08-01 10:53:00,29300.0,3000,Sell,228039404
2024-08-01 10:53:03,29300.0,4500,Sell,228039523
2024-08-01 10:53:04,29300.0,8000,Sell,228039536
2024-08-01 10:53:09,29300.0,35700,Buy,228039644
2024-08-01 10:53:12,29300.0,2100,Buy,228039757
2024-08-01 10:53:17,29300.0,4100,Sell,228039905
2024-08-01 10:53:19,29300.0,1000,Sell,228040003
2024-08-01 10:53:21,29300.0,500,Sell,228040050
2024-08-01 10:53:22,29400.0,400,Buy,228040068
2024-08-01 10:53:24,29300.0,1200,Sell,228040179
2024-08-01 10:53:31,29200.0,5000,Sell,228040389
2024-08-01 10:53:32,29200.0,300,Sell,228040412
2024-08-01 10:53:35,29300.0,100,Buy,228040465
2024-08-01 10:53:49,29200.0,1600,Sell,228040794
2024-08-01 10:53:50,29300.0,100,Buy,228040812
2024-08-01 10:53:55,29200.0,1600,Sell,228041030
2024-08-01 10:54:00,29300.0,100,Buy,228041190
2024-08-01 10:54:13,29200.0,3000,Sell,228041657
2024-08-01 10:54:14,29300.0,100,Buy,228041774
2024-08-01 10:54:18,29300.0,100,Buy,228041903
2024-08-01 10:54:19,29200.0,6000,Sell,228041931
2024-08-01 10:54:27,29200.0,4200,Sell,228042307
2024-08-01 10:54:28,29200.0,9900,Buy,228042366
2024-08-01 10:54:32,29200.0,200,Buy,228042607
2024-08-01 10:54:32,29200.0,1000,Buy,228042487
2024-08-01 10:54:35,29200.0,100,Buy,228042773
2024-08-01 10:54:37,29200.0,100,Buy,228042972
2024-08-01 10:54:48,29100.0,300,Sell,228043529
2024-08-01 10:54:56,29100.0,400,Sell,228043836
2024-08-01 10:54:57,29100.0,4300,Sell,228043974
2024-08-01 10:55:02,29100.0,100,Sell,228044122
2024-08-01 10:55:05,29100.0,7500,Sell,228044233
2024-08-01 10:55:14,29100.0,500,Sell,228044718
2024-08-01 10:55:15,29100.0,10000,Sell,228044789
2024-08-01 10:55:17,29100.0,2300,Sell,228044871
2024-08-01 10:55:20,29100.0,600,Sell,228044996
2024-08-01 10:55:26,29100.0,100,Buy,228045358
2024-08-01 10:55:29,29100.0,200,Buy,228045604
2024-08-01 10:55:37,29100.0,100,Buy,228046056
2024-08-01 10:55:40,29000.0,10000,Sell,228046168
2024-08-01 10:55:41,29000.0,100,Sell,228046196
2024-08-01 10:55:42,29100.0,200,Buy,228046303
2024-08-01 10:55:43,29000.0,1000,Sell,228046448
2024-08-01 10:55:50,29000.0,5000,Sell,228046850
2024-08-01 10:55:52,29000.0,100600,Sell,228046969
2024-08-01 10:55:54,29000.0,100,Sell,228047072
2024-08-01 10:55:55,29000.0,6800,Sell,228047190
2024-08-01 10:55:56,29000.0,200,Buy,228047217
2024-08-01 10:55:59,29000.0,200,Buy,228047442
2024-08-01 10:56:01,29000.0,3000,Buy,228047663
2024-08-01 10:56:02,29000.0,500,Buy,228047726
2024-08-01 10:56:04,29000.0,2000,Buy,228047951
2024-08-01 10:56:05,28900.0,2000,Sell,228047985
2024-08-01 10:56:06,28900.0,1900,Sell,228048036
2024-08-01 10:56:07,29000.0,12700,Buy,228048089
2024-08-01 10:56:10,28900.0,13400,Buy,228048246
2024-08-01 10:56:11,28800.0,500,Sell,228048307
2024-08-01 10:56:12,28900.0,1000,Buy,228048351
2024-08-01 10:56:13,28900.0,100,Buy,228048439
2024-08-01 10:56:19,28800.0,10000,Sell,228048797
2024-08-01 10:56:21,28800.0,500,Sell,228048940
2024-08-01 10:56:25,28800.0,3100,Sell,228049183
2024-08-01 10:56:29,28800.0,100,Buy,228049499
2024-08-01 10:56:30,28800.0,100,Buy,228049699
2024-08-01 10:56:33,28800.0,1200,Buy,228049910
2024-08-01 10:56:35,28800.0,100,Buy,228050114
2024-08-01 10:56:36,28800.0,100,Buy,228050161
2024-08-01 10:56:40,28700.0,6000,Sell,228050483
2024-08-01 10:56:41,28700.0,3300,Sell,228050624
2024-08-01 10:56:42,28700.0,1700,Buy,228050742
2024-08-01 10:56:43,28700.0,100,Buy,228050767
2024-08-01 10:56:46,28700.0,600,Buy,228050977
2024-08-01 10:56:47,28600.0,300,Sell,228051052
2024-08-01 10:56:49,28700.0,100,Buy,228051120
2024-08-01 10:56:53,28700.0,1000,Buy,228051254
2024-08-01 10:56:56,28700.0,500,Buy,228051384
2024-08-01 10:56:59,28700.0,100,Buy,228051595
2024-08-01 10:57:01,28700.0,300,Buy,228051703
2024-08-01 10:57:02,28700.0,100,Buy,228051738
2024-08-01 10:57:03,28700.0,500,Buy,228051784
2024-08-01 10:57:04,28600.0,3000,Sell,228051847
2024-08-01 10:57:05,28600.0,500,Sell,228051889
2024-08-01 10:57:06,28500.0,10000,Sell,228051916
2024-08-01 10:57:07,28500.0,3000,Sell,228052001
2024-08-01 10:57:10,28500.0,4000,Sell,228052181
2024-08-01 10:57:12,28500.0,300,Sell,228052304
2024-08-01 10:57:16,28500.0,15600,Sell,228052450
2024-08-01 10:57:19,28500.0,200,Sell,228052687
2024-08-01 10:57:25,28500.0,300,Sell,228053001
2024-08-01 10:57:27,28600.0,5600,ATO/ATC,228053124
2024-08-01 10:57:28,28700.0,5600,Buy,228053158
2024-08-01 10:57:29,28300.0,32000,Sell,228053233
2024-08-01 10:57:33,28500.0,6100,Sell,228053437
2024-08-01 10:57:39,28500.0,3500,Sell,228053783
2024-08-01 10:57:40,28600.0,100,Sell,228053819
2024-08-01 10:57:50,28600.0,2100,Sell,228054285
2024-08-01 10:57:51,28600.0,5400,Sell,228054347
2024-08-01 10:57:52,28500.0,10000,Sell,228054455
2024-08-01 10:57:54,28600.0,1000,ATO/ATC,228054574
2024-08-01 10:57:55,28600.0,1000,ATO/ATC,228054637
2024-08-01 10:57:59,28600.0,2900,Sell,228054837
2024-08-01 10:58:02,28600.0,400,Sell,228055080
2024-08-01 10:58:08,28600.0,4000,Sell,228055376
2024-08-01 10:58:18,28600.0,1000,Sell,228055881
2024-08-01 10:58:20,28700.0,6000,Buy,228055959
2024-08-01 10:58:22,28700.0,10000,ATO/ATC,228056050
2024-08-01 10:58:24,28600.0,9000,Sell,228056107
2024-08-01 10:58:29,28800.0,300,Buy,228056311
2024-08-01 10:58:31,28700.0,100,Sell,228056457
2024-08-01 10:58:34,28800.0,10000,Buy,228056580
2024-08-01 10:58:36,28800.0,5000,Buy,228056812
2024-08-01 10:58:40,28800.0,2700,Sell,228057018
2024-08-01 10:58:42,28800.0,100,Sell,228057149
2024-08-01 10:58:44,28800.0,600,Sell,228057242
2024-08-01 10:58:51,28900.0,200,Buy,228057566
2024-08-01 10:58:56,28900.0,100,Buy,228057750
2024-08-01 10:58:58,28800.0,100,Sell,228057870
2024-08-01 10:59:00,28900.0,100,Buy,228057930
2024-08-01 10:59:01,28900.0,400,Buy,228057972
2024-08-01 10:59:07,28900.0,200,Sell,228058248
2024-08-01 10:59:11,29000.0,5500,Buy,228058395
2024-08-01 10:59:14,29000.0,600,Buy,228058567
2024-08-01 10:59:22,29000.0,3000,Sell,228058921
2024-08-01 10:59:33,29000.0,10000,Sell,228059375
2024-08-01 10:59:40,29000.0,500,Sell,228059643
2024-08-01 10:59:41,29000.0,1200,Buy,228059698
2024-08-01 10:59:44,29000.0,3000,Buy,228059835
2024-08-01 10:59:46,29000.0,1600,Buy,228059911
2024-08-01 10:59:59,28900.0,1000,Sell,228060471
2024-08-01 11:00:07,29000.0,8000,Buy,228060766
2024-08-01 11:00:08,28900.0,2000,Sell,228060801
2024-08-01 11:00:09,29000.0,2800,Buy,228060845
2024-08-01 11:00:10,28900.0,200,Buy,228060860
2024-08-01 11:00:15,28900.0,1800,Sell,228060996
2024-08-01 11:00:16,29000.0,1000,Buy,228061026
2024-08-01 11:00:25,28900.0,1000,Sell,228061423
2024-08-01 11:00:34,29000.0,200,Buy,228061667
2024-08-01 11:00:43,29000.0,20000,Buy,228062043
2024-08-01 11:00:45,29000.0,1000,Buy,228062161
2024-08-01 11:00:53,29000.0,1000,Buy,228062495
2024-08-01 11:00:55,29000.0,100,Buy,228062562
2024-08-01 11:00:58,29000.0,1500,Buy,228062683
2024-08-01 11:01:01,28900.0,200,Sell,228062787
2024-08-01 11:01:44,29000.0,2500,Buy,228064130
2024-08-01 11:01:48,29000.0,100,Buy,228064302
2024-08-01 11:01:59,28900.0,100,Sell,228064716
2024-08-01 11:02:01,29000.0,2000,Buy,228064789
2024-08-01 11:02:14,28900.0,2000,Sell,228065202
2024-08-01 11:02:15,29000.0,1000,Buy,228065222
2024-08-01 11:02:21,29000.0,2000,Buy,228065444
2024-08-01 11:02:24,29000.0,200,Buy,228065521
2024-08-01 11:02:30,28900.0,1000,Sell,228065749
2024-08-01 11:02:32,28900.0,9600,Sell,228065803
2024-08-01 11:02:33,29000.0,15000,Buy,228065834
2024-08-01 11:02:43,29000.0,2000,Buy,228066179
2024-08-01 11:02:45,29000.0,100,Buy,228066221
2024-08-01 11:02:46,29000.0,100,Buy,228066283
2024-08-01 11:02:50,28900.0,2000,Sell,228066394
2024-08-01 11:02:52,28900.0,1500,Sell,228066487
2024-08-01 11:03:00,28900.0,2000,Sell,228066788
2024-08-01 11:03:01,28900.0,1900,Sell,228066823
2024-08-01 11:03:09,28900.0,100,Sell,228067049
2024-08-01 11:03:10,28900.0,2700,Sell,228067080
2024-08-01 11:03:16,29000.0,5900,Buy,228067294
2024-08-01 11:03:29,29000.0,300,Buy,228067753
2024-08-01 11:03:36,29000.0,100,Buy,228068074
2024-08-01 11:03:43,29000.0,300,Buy,228068282
2024-08-01 11:03:48,29000.0,30200,Buy,228068423
2024-08-01 11:03:51,29000.0,10000,Buy,228068530
2024-08-01 11:03:52,29000.0,28800,Buy,228068547
2024-08-01 11:04:11,29100.0,100,Buy,228069244
2024-08-01 11:04:18,29100.0,3200,Buy,228069420
2024-08-01 11:04:20,29100.0,500,Sell,228069454
2024-08-01 11:04:27,29100.0,4400,Sell,228069643
2024-08-01 11:04:30,29100.0,1300,Sell,228069687
2024-08-01 11:04:33,29200.0,500,Buy,228069768
2024-08-01 11:04:34,29200.0,2000,Buy,228069791
2024-08-01 11:04:41,29200.0,500,Buy,228070015
2024-08-01 11:05:04,29200.0,100,Buy,228070589
2024-08-01 11:05:05,29200.0,3000,Buy,228070610
2024-08-01 11:05:06,29100.0,6100,Sell,228070627
2024-08-01 11:05:14,29100.0,10000,Buy,228070821
2024-08-01 11:05:15,29100.0,1700,Buy,228070844
2024-08-01 11:05:20,29100.0,1000,Buy,228070962
2024-08-01 11:05:24,29100.0,100,Buy,228071055
2024-08-01 11:05:27,29100.0,1000,Buy,228071136
2024-08-01 11:05:28,29100.0,1000,Buy,228071145
2024-08-01 11:05:38,29000.0,500,Sell,228071349
2024-08-01 11:05:42,29000.0,8000,Sell,228071425
2024-08-01 11:05:43,29000.0,3500,Sell,228071461
2024-08-01 11:05:45,29000.0,100,Buy,228071497
2024-08-01 11:05:49,29000.0,200,Buy,228071568
2024-08-01 11:05:55,29000.0,2200,Sell,228071685
2024-08-01 11:06:09,29000.0,3400,Sell,228072178
2024-08-01 11:06:13,29000.0,5900,Sell,228072248
2024-08-01 11:06:35,29000.0,500,Sell,228072739
2024-08-01 11:06:37,29000.0,600,Sell,228072777
2024-08-01 11:06:40,29000.0,4500,Sell,228072844
2024-08-01 11:06:44,29000.0,2900,Sell,228072954
2024-08-01 11:06:52,29000.0,100,Buy,228073097
2024-08-01 11:06:53,29100.0,10000,Buy,228073117
2024-08-01 11:06:56,29000.0,100,Sell,228073153
2024-08-01 11:06:59,29000.0,100,Buy,228073229
2024-08-01 11:07:00,29000.0,300,Buy,228073245
2024-08-01 11:07:02,28900.0,200,Sell,228073297
2024-08-01 11:07:06,29000.0,100,Buy,228073375
2024-08-01 11:07:11,28900.0,2000,Sell,228073491
2024-08-01 11:07:12,29000.0,100,Buy,228073514
2024-08-01 11:07:14,29000.0,4400,Buy,228073550
2024-08-01 11:07:29,29000.0,1700,Sell,228073870
2024-08-01 11:07:32,29000.0,300,Buy,228073934
2024-08-01 11:07:53,29000.0,600,Sell,228074319
2024-08-01 11:08:14,29100.0,5000,Buy,228074721
2024-08-01 11:08:16,29000.0,1300,Sell,228074779
2024-08-01 11:08:50,29000.0,5700,Buy,228075438
2024-08-01 11:08:51,29000.0,500,Buy,228075449
2024-08-01 11:08:56,29000.0,100,Buy,228075545
2024-08-01 11:08:57,28900.0,100,Sell,228075567
2024-08-01 11:09:05,29000.0,500,Buy,228075665
2024-08-01 11:09:07,28900.0,400,Sell,228075695
2024-08-01 11:09:15,28900.0,300,Sell,228075823
2024-08-01 11:09:19,28900.0,7100,Sell,228075903
2024-08-01 11:09:24,28900.0,5000,Sell,228075974
2024-08-01 11:09:26,28900.0,100,Sell,228076074
2024-08-01 11:09:27,28900.0,7200,Buy,228076086
2024-08-01 11:09:28,28900.0,300,Buy,228076111
2024-08-01 11:09:37,28900.0,100,Buy,228076273
2024-08-01 11:10:16,28900.0,500,Buy,228076976
2024-08-01 11:10:19,28900.0,100,Buy,228077012
2024-08-01 11:10:20,28800.0,500,Sell,228077029
2024-08-01 11:10:35,28800.0,1000,Sell,228077258
2024-08-01 11:10:44,28900.0,600,Buy,228077383
2024-08-01 11:10:59,28800.0,2000,Sell,228077677
2024-08-01 11:11:05,28900.0,400,Buy,228077802
2024-08-01 11:11:19,28900.0,500,Buy,228078127
2024-08-01 11:11:21,28800.0,1000,Sell,228078208
2024-08-01 11:11:34,28900.0,1000,Buy,228078414
2024-08-01 11:11:37,28800.0,5000,Sell,228078456
2024-08-01 11:11:38,28800.0,22500,Sell,228078483
2024-08-01 11:11:46,28800.0,1000,Sell,228078620
2024-08-01 11:11:48,28800.0,17600,Buy,228078711
2024-08-01 11:12:08,28700.0,800,Sell,228079203
2024-08-01 11:12:14,28700.0,2200,Sell,228079293
2024-08-01 11:12:25,28700.0,1000,Sell,228079590
2024-08-01 11:12:26,28700.0,200,Sell,228079627
2024-08-01 11:12:27,28700.0,2000,Sell,228079669
2024-08-01 11:12:28,28700.0,2000,Sell,228079736
2024-08-01 11:12:29,28700.0,3600,Sell,228079744
2024-08-01 11:12:32,28700.0,2000,Sell,228079851
2024-08-01 11:12:36,28700.0,1000,Sell,228079913
2024-08-01 11:12:41,28700.0,1100,Sell,228080024
2024-08-01 11:12:47,28800.0,800,Buy,228080174
2024-08-01 11:12:53,28700.0,100,Sell,228080289
2024-08-01 11:13:00,28700.0,100,Sell,228080424
2024-08-01 11:13:05,28700.0,5000,Sell,228080499
2024-08-01 11:13:16,28700.0,700,Sell,228080753
2024-08-01 11:14:13,28700.0,200,Sell,228081768
2024-08-01 11:14:21,28800.0,200,Buy,228081951
2024-08-01 11:14:27,28700.0,1000,Sell,228082064
2024-08-01 11:14:28,28800.0,5000,Buy,228082075
2024-08-01 11:14:45,28800.0,5000,Buy,228082469
2024-08-01 11:14:48,28800.0,24600,Sell,228082525
2024-08-01 11:14:50,28800.0,800,Sell,228082561
2024-08-01 11:14:59,28900.0,800,Buy,228082757
2024-08-01 11:15:11,28800.0,1000,Sell,228083008
2024-08-01 11:15:16,28800.0,9800,Buy,228083072
2024-08-01 11:15:26,28800.0,100,Buy,228083223
2024-08-01 11:15:33,28800.0,1100,Buy,228083348
2024-08-01 11:15:40,28800.0,500,Buy,228083544
2024-08-01 11:15:52,28800.0,1000,Buy,228083777
2024-08-01 11:16:08,28800.0,300,Buy,228084157
2024-08-01 11:16:16,28800.0,3200,Sell,228084311
2024-08-01 11:16:39,28800.0,200,Sell,228084801
2024-08-01 11:16:41,28800.0,5000,Sell,228084833
2024-08-01 11:17:06,28900.0,100,Buy,228085245
2024-08-01 11:17:08,28900.0,1000,Buy,228085270
2024-08-01 11:17:29,28900.0,100,Buy,228085820
2024-08-01 11:17:35,28900.0,300,Buy,228085934
2024-08-01 11:18:04,28900.0,100,Buy,228086524
2024-08-01 11:18:06,28900.0,100,Buy,228086568
2024-08-01 11:18:13,28800.0,5000,Sell,228086691
2024-08-01 11:18:22,28800.0,100,Sell,228086843
2024-08-01 11:18:24,28800.0,300,Sell,228086866
2024-08-01 11:18:38,28800.0,600,Sell,228087115
2024-08-01 11:18:49,28800.0,1800,Sell,228087337
2024-08-01 11:18:54,28800.0,5000,Sell,228087459
2024-08-01 11:19:09,28800.0,25600,Sell,228087792
2024-08-01 11:19:19,28800.0,500,Sell,228088041
2024-08-01 11:19:41,28800.0,1000,Sell,228088520
2024-08-01 11:19:43,28800.0,500,Buy,228088568
2024-08-01 11:19:54,28800.0,100,Buy,228088762
2024-08-01 11:20:00,28800.0,100,Buy,228088976
2024-08-01 11:20:30,28800.0,6800,Buy,228089643
2024-08-01 11:20:31,28800.0,200,Buy,228089661
2024-08-01 11:20:52,28800.0,100,Buy,228090097
2024-08-01 11:20:54,28800.0,100,Buy,228090139
2024-08-01 11:21:36,28800.0,4000,Buy,228091043
2024-08-01 11:21:43,28700.0,100,Sell,228091207
2024-08-01 11:21:53,28700.0,8100,Sell,228091476
2024-08-01 11:22:01,28700.0,500,Sell,228091639
2024-08-01 11:22:03,28700.0,2100,Sell,228091690
2024-08-01 11:22:08,28700.0,2500,Sell,228091777
2024-08-01 11:22:22,28700.0,300,Sell,228092109
2024-08-01 11:22:23,28600.0,50000,Sell,228092128
2024-08-01 11:22:33,28700.0,100,Buy,228092358
2024-08-01 11:22:58,28700.0,1000,Buy,228093086
2024-08-01 11:23:12,28700.0,200,Buy,228093403
2024-08-01 11:23:41,28600.0,14100,Buy,228094346
2024-08-01 11:23:42,28600.0,100,Buy,228094404
2024-08-01 11:23:43,28600.0,1000,Buy,228094452
2024-08-01 11:23:50,28500.0,5000,Sell,228094628
2024-08-01 11:23:50,28600.0,100,Buy,228094644
2024-08-01 11:23:52,28500.0,2900,Sell,228094676
2024-08-01 11:24:01,28500.0,50000,Sell,228095044
2024-08-01 11:24:05,28600.0,1000,Buy,228095161
2024-08-01 11:24:06,28500.0,6300,Sell,228095224
2024-08-01 11:24:09,28500.0,100,Buy,228095318
2024-08-01 11:24:16,28500.0,200,Buy,228095537
2024-08-01 11:24:27,28700.0,48300,Buy,228095803
2024-08-01 11:24:32,28700.0,1800,Sell,228095885
2024-08-01 11:24:40,28600.0,200,ATO/ATC,228096070
2024-08-01 11:24:58,28500.0,100,Sell,228096474
2024-08-01 11:25:13,28500.0,400,Sell,228096794
2024-08-01 11:25:16,28500.0,1000,Sell,228096848
2024-08-01 11:25:41,28500.0,61300,Sell,228097453
2024-08-01 11:25:45,28500.0,700,Sell,228097545
2024-08-01 11:25:51,29000.0,1000,Buy,228097645
2024-08-01 11:26:07,29000.0,100,Buy,228097917
2024-08-01 11:26:17,29000.0,1200,Buy,228098081
2024-08-01 11:27:06,29000.0,1500,Buy,228099204
2024-08-01 11:27:22,29000.0,100,Buy,228099596
2024-08-01 11:27:27,29000.0,1000,Buy,228099697
2024-08-01 11:27:41,29000.0,30000,Buy,228100062
2024-08-01 11:27:43,29000.0,500,Buy,228100096
2024-08-01 11:28:32,29000.0,2500,Buy,228101086
2024-08-01 11:28:33,29000.0,500,Buy,228101104
2024-08-01 11:29:07,29000.0,17500,Sell,228101834
2024-08-01 11:29:20,29000.0,2500,Sell,228102083
2024-08-01 11:29:28,29000.0,200,Buy,228102413
2024-08-01 11:29:48,28900.0,200,Sell,228102908
2024-08-01 11:29:54,28900.0,500,Sell,228103083
2024-08-01 13:00:09,28900.0,200,Sell,228107200
2024-08-01 13:00:13,28900.0,10400,Buy,228108609
2024-08-01 13:00:17,28900.0,200,Buy,228109159
2024-08-01 13:00:20,28600.0,21100,Sell,228109767
2024-08-01 13:00:22,28900.0,400,Buy,228109995
2024-08-01 13:00:23,28800.0,200,Buy,228110149
2024-08-01 13:00:24,28800.0,2800,Buy,228110345
2024-08-01 13:00:25,28800.0,200,Buy,228110461
2024-08-01 13:00:28,28600.0,1000,Sell,228110755
2024-08-01 13:00:32,28600.0,1000,Sell,228111251
2024-08-01 13:00:36,28600.0,30000,Sell,228111636
2024-08-01 13:00:38,28600.0,2000,Sell,228111804
2024-08-01 13:00:51,28600.0,20000,Sell,228112728
2024-08-01 13:00:56,28600.0,1000,Sell,228113141
2024-08-01 13:00:58,28600.0,3800,Buy,228113247
2024-08-01 13:00:59,28600.0,5000,Buy,228113299
2024-08-01 13:01:03,28600.0,100,Buy,228113545
2024-08-01 13:01:06,28600.0,10000,Buy,228113713
2024-08-01 13:01:07,28500.0,30000,Sell,228113791
2024-08-01 13:01:08,28500.0,300,Sell,228113828
2024-08-01 13:01:19,28600.0,1000,Buy,228114403
2024-08-01 13:01:24,28500.0,15000,Sell,228114708
2024-08-01 13:01:25,28600.0,5000,Buy,228114750
2024-08-01 13:01:33,28600.0,200,Buy,228115065
2024-08-01 13:01:49,28500.0,100,Sell,228115947
2024-08-01 13:01:50,28600.0,6000,Buy,228115983
2024-08-01 13:01:52,28600.0,1200,Buy,228116063
2024-08-01 13:01:59,28600.0,1900,Buy,228116576
2024-08-01 13:02:03,28600.0,8100,Sell,228116827
2024-08-01 13:02:10,28600.0,500,Sell,228117335
2024-08-01 13:02:11,28600.0,1000,Sell,228117392
2024-08-01 13:02:32,28700.0,1000,ATO/ATC,228118500
2024-08-01 13:02:34,28600.0,400,Buy,228118594
2024-08-01 13:03:10,28600.0,100,Buy,228120984
2024-08-01 13:03:20,28600.0,500,Buy,228121367
2024-08-01 13:03:27,28500.0,1500,Sell,228121730
2024-08-01 13:03:38,28600.0,1700,Sell,228122259
2024-08-01 13:03:56,28600.0,300,ATO/ATC,228123140
2024-08-01 13:04:02,28700.0,1000,ATO/ATC,228123464
2024-08-01 13:04:03,28600.0,100,Buy,228123492
2024-08-01 13:04:11,28600.0,1500,Buy,228123908
2024-08-01 13:04:12,28600.0,3000,Buy,228123956
2024-08-01 13:04:14,28500.0,18100,Sell,228124018
2024-08-01 13:04:15,28600.0,2200,Buy,228124059
2024-08-01 13:04:22,28600.0,100,Buy,228124392
2024-08-01 13:04:29,28600.0,500,Buy,228124737
2024-08-01 13:04:32,28600.0,100,Buy,228124888
2024-08-01 13:04:38,28600.0,200,Buy,228125222
2024-08-01 13:04:45,28500.0,2000,Sell,228125551
2024-08-01 13:04:53,28600.0,500,Buy,228126293
2024-08-01 13:04:57,28500.0,8000,Sell,228126540
2024-08-01 13:05:00,28500.0,14000,Sell,228126665
2024-08-01 13:05:04,28500.0,22600,Sell,228126819
2024-08-01 13:05:05,28500.0,200,Sell,228126878
2024-08-01 13:05:06,28600.0,4000,Buy,228126920
2024-08-01 13:05:07,28500.0,2000,Sell,228126996
2024-08-01 13:05:09,28500.0,3000,Sell,228127066
2024-08-01 13:05:13,28500.0,200,Sell,228127368
2024-08-01 13:05:14,28500.0,300,Sell,228127407
2024-08-01 13:05:17,28600.0,100,Buy,228127514
2024-08-01 13:05:23,28500.0,500,Sell,228127782
2024-08-01 13:05:27,28600.0,100,Buy,228128091
2024-08-01 13:05:32,28500.0,500,Sell,228128329
2024-08-01 13:05:37,28500.0,200,Sell,228128555
2024-08-01 13:05:40,28500.0,1000,Sell,228128745
2024-08-01 13:05:41,28500.0,1000,Sell,228128799
2024-08-01 13:05:54,28500.0,400,Sell,228129614
2024-08-01 13:05:55,28500.0,200,Sell,228129660
2024-08-01 13:05:56,28500.0,700,Sell,228129702
2024-08-01 13:05:57,28500.0,1000,Sell,228129765
2024-08-01 13:06:05,28500.0,8300,Buy,228130151
2024-08-01 13:06:13,28500.0,1700,Buy,228130555
2024-08-01 13:06:20,28500.0,1000,Sell,228130891
2024-08-01 13:06:22,28500.0,1500,Sell,228130976
2024-08-01 13:06:26,28500.0,300,Sell,228131133
2024-08-01 13:06:32,28500.0,2000,Sell,228131420
2024-08-01 13:06:44,28600.0,100,Buy,228131983
2024-08-01 13:06:45,28500.0,4000,Sell,228132014
2024-08-01 13:06:59,28600.0,600,Buy,228132630
2024-08-01 13:07:09,28600.0,200,Buy,228133027
2024-08-01 13:07:13,28500.0,2000,Sell,228133245
2024-08-01 13:07:13,28600.0,200,Buy,228133183
2024-08-01 13:07:22,28500.0,100,Sell,228133580
2024-08-01 13:07:23,28500.0,100,Sell,228133632
2024-08-01 13:07:32,28600.0,200,Buy,228134116
2024-08-01 13:07:36,28600.0,3000,Buy,228134231
2024-08-01 13:07:37,28600.0,6800,Buy,228134307
2024-08-01 13:07:51,28600.0,300,Buy,228134801
2024-08-01 13:07:54,28600.0,30900,Buy,228134884
2024-08-01 13:07:55,28500.0,16300,Sell,228134961
2024-08-01 13:07:59,28600.0,200,Sell,228135111
2024-08-01 13:08:06,28600.0,1000,Sell,228135312
2024-08-01 13:08:20,28700.0,1000,Buy,228135863
2024-08-01 13:08:30,28600.0,200,Sell,228136252
2024-08-01 13:08:38,28700.0,2500,Buy,228136522
2024-08-01 13:08:39,28600.0,5000,Sell,228136578
2024-08-01 13:08:39,28600.0,2200,Sell,228136548
2024-08-01 13:08:43,28600.0,1500,Sell,228136693
2024-08-01 13:08:53,28600.0,3000,Sell,228137031
2024-08-01 13:09:13,28600.0,500,Sell,228137680
2024-08-01 13:09:15,28600.0,4500,Buy,228137857
2024-08-01 13:09:19,28600.0,100,Buy,228137987
2024-08-01 13:09:21,28600.0,200,Buy,228138032
2024-08-01 13:09:24,28600.0,100,Buy,228138145
2024-08-01 13:09:27,28600.0,20300,Buy,228138224
2024-08-01 13:09:32,28600.0,100,Buy,228138397
2024-08-01 13:09:39,28600.0,1900,Buy,228138618
2024-08-01 13:09:40,28600.0,100,Buy,228138643
2024-08-01 13:09:42,28600.0,2300,Buy,228138755
2024-08-01 13:09:43,28600.0,200,Buy,228138779
2024-08-01 13:09:48,28600.0,20000,Buy,228138945
2024-08-01 13:09:54,28600.0,2600,Buy,228139128
2024-08-01 13:09:55,28600.0,200,Sell,228139161
2024-08-01 13:09:57,28600.0,200,Sell,228139206
2024-08-01 13:09:59,28600.0,1700,Sell,228139257
2024-08-01 13:10:10,28600.0,1700,Buy,228139645
2024-08-01 13:10:13,28600.0,500,Buy,228139789
2024-08-01 13:10:20,28600.0,100,Buy,228140117
2024-08-01 13:10:26,28600.0,500,Buy,228140336
2024-08-01 13:10:27,28600.0,3200,Sell,228140386
2024-08-01 13:10:30,28600.0,9200,Buy,228140497
2024-08-01 13:10:35,28600.0,6800,Sell,228140566
2024-08-01 13:10:46,28600.0,200,Sell,228141045
2024-08-01 13:10:50,28600.0,10500,Buy,228141212
2024-08-01 13:10:51,28600.0,100,Buy,228141269
2024-08-01 13:10:53,28600.0,20000,Buy,228141358
2024-08-01 13:10:54,28600.0,1000,Buy,228141403
2024-08-01 13:10:55,28600.0,400,Buy,228141427
2024-08-01 13:10:57,28600.0,2000,Buy,228141468
2024-08-01 13:11:00,28600.0,100,Buy,228141558
2024-08-01 13:11:05,28600.0,100,Buy,228141763
2024-08-01 13:11:07,28500.0,41300,Buy,228141825
2024-08-01 13:11:08,28500.0,2000,Buy,228141879
2024-08-01 13:11:19,28500.0,100,Buy,228142222
2024-08-01 13:11:27,28500.0,11600,Sell,228142514
2024-08-01 13:11:39,28500.0,1000,Sell,228142928
2024-08-01 13:11:43,28600.0,200,Buy,228143071
2024-08-01 13:11:44,28500.0,5000,Sell,228143096
2024-08-01 13:11:50,28500.0,1000,Sell,228143259
2024-08-01 13:11:53,28500.0,2100,Sell,228143364
2024-08-01 13:11:55,28500.0,1000,Sell,228143457
2024-08-01 13:12:26,28500.0,300,Sell,228144544
2024-08-01 13:12:30,28600.0,400,Buy,228144639
2024-08-01 13:12:32,28500.0,200,Sell,228144717
2024-08-01 13:12:37,28500.0,38900,Buy,228144853
2024-08-01 13:12:38,28500.0,200,Buy,228144884
2024-08-01 13:12:43,28500.0,600,Buy,228145088
2024-08-01 13:12:44,28500.0,100,Buy,228145104
2024-08-01 13:12:45,28500.0,100,Buy,228145150
2024-08-01 13:12:47,28500.0,1000,Buy,228145197
2024-08-01 13:12:48,28500.0,200,Buy,228145212
2024-08-01 13:12:49,28500.0,100,Buy,228145283
2024-08-01 13:12:51,28500.0,400,Buy,228145381
2024-08-01 13:13:00,28500.0,400,Buy,228145714
2024-08-01 13:13:02,28500.0,200,Buy,228145767
2024-08-01 13:13:14,28500.0,100,Buy,228146520
2024-08-01 13:13:20,28500.0,100,Buy,228146765
2024-08-01 13:13:23,28500.0,500,Buy,228146885
2024-08-01 13:13:27,28500.0,300,Buy,228147050
2024-08-01 13:13:30,28500.0,200,Buy,228147168
2024-08-01 13:13:33,28500.0,100,Buy,228147264
2024-08-01 13:13:42,28500.0,100,Buy,228147784
2024-08-01 13:13:53,28500.0,100,Buy,228148307
2024-08-01 13:13:54,28500.0,100,Buy,228148327
2024-08-01 13:13:57,28500.0,100,Buy,228148464
2024-08-01 13:14:03,28500.0,100,Buy,228148680
2024-08-01 13:14:09,28500.0,1300,Buy,228148925
2024-08-01 13:14:14,28500.0,3000,Buy,228149260
2024-08-01 13:14:20,28500.0,50200,Buy,228149598
2024-08-01 13:14:23,28500.0,800,Buy,228149716
2024-08-01 13:14:29,28500.0,2000,Buy,228149997
2024-08-01 13:14:30,28500.0,100,Buy,228150050
2024-08-01 13:14:32,28500.0,14100,Sell,228150219
2024-08-01 13:14:46,28600.0,100,Buy,228150974
2024-08-01 13:15:03,28600.0,300,Buy,228151820
2024-08-01 13:15:05,28500.0,200,Sell,228151873
2024-08-01 13:15:10,28500.0,37200,Buy,228152085
2024-08-01 13:15:11,28500.0,400,Buy,228152192
2024-08-01 13:15:12,28500.0,12900,Buy,228152231
2024-08-01 13:15:17,28500.0,1200,Buy,228152529
2024-08-01 13:15:18,28500.0,5100,Buy,228152547
2024-08-01 13:15:29,28500.0,1200,Buy,228152931
2024-08-01 13:15:30,28400.0,16800,Sell,228152950
2024-08-01 13:15:41,28400.0,2500,Sell,228153445
2024-08-01 13:15:45,28400.0,200,Sell,228153599
2024-08-01 13:15:47,28400.0,3000,Sell,228153702
2024-08-01 13:15:53,28500.0,2000,Buy,228153986
2024-08-01 13:16:04,28400.0,5000,Sell,228154413
2024-08-01 13:16:13,28400.0,400,Sell,228154858
2024-08-01 13:16:14,28500.0,400,Buy,228155004
2024-08-01 13:16:16,28400.0,100,Sell,228155096
2024-08-01 13:16:19,28500.0,300,Buy,228155186
2024-08-01 13:16:27,28400.0,45000,Sell,228155583
2024-08-01 13:16:29,28500.0,1000,Buy,228155635
2024-08-01 13:16:31,28400.0,1400,Sell,228155716
2024-08-01 13:16:34,28400.0,2000,Sell,228155895
2024-08-01 13:16:37,28400.0,900,Sell,228156050
2024-08-01 13:16:39,28500.0,2000,Buy,228156139
2024-08-01 13:16:45,28400.0,100,Sell,228156340
2024-08-01 13:16:48,28400.0,1000,Sell,228156454
2024-08-01 13:16:52,28400.0,2000,Sell,228156603
2024-08-01 13:16:55,28400.0,2700,Buy,228156759
2024-08-01 13:17:01,28300.0,50000,Sell,228157022
2024-08-01 13:17:08,28300.0,16200,Sell,228157272
2024-08-01 13:17:09,28300.0,100,Buy,228157322
2024-08-01 13:17:11,28300.0,300,Buy,228157393
2024-08-01 13:17:18,28300.0,5000,Buy,228157640
2024-08-01 13:17:22,28300.0,100,Buy,228157827
2024-08-01 13:17:24,28300.0,500,Buy,228157903
2024-08-01 13:17:26,28300.0,100,Buy,228158010
2024-08-01 13:17:28,28200.0,800,Sell,228158087
2024-08-01 13:17:37,28300.0,300,Buy,228158427
2024-08-01 13:17:39,28200.0,17000,Sell,228158500
2024-08-01 13:17:43,28200.0,100,Sell,228158622
2024-08-01 13:17:50,28200.0,5000,Sell,228158918
2024-08-01 13:17:58,28300.0,100,Buy,228159193
2024-08-01 13:17:59,28300.0,32700,Sell,228159232
2024-08-01 13:18:22,28300.0,1500,Sell,228160206
2024-08-01 13:18:23,28400.0,700,Buy,228160244
2024-08-01 13:18:27,28400.0,3000,Buy,228160438
2024-08-01 13:18:28,28300.0,800,Sell,228160494
2024-08-01 13:18:29,28300.0,500,Sell,228160529
2024-08-01 13:18:32,28400.0,1000,Buy,228160659
2024-08-01 13:18:34,28400.0,100,Buy,228160731
2024-08-01 13:18:36,28400.0,1500,Buy,228160774
2024-08-01 13:18:37,28400.0,1000,Sell,228160823
2024-08-01 13:18:38,28400.0,1000,Sell,228160849
2024-08-01 13:18:40,28500.0,500,Buy,228160974
2024-08-01 13:18:41,28300.0,10000,Sell,228161009
2024-08-01 13:18:46,28400.0,1000,Buy,228161158
2024-08-01 13:18:52,28400.0,300,Buy,228161417
2024-08-01 13:18:56,28400.0,1100,Buy,228161604
2024-08-01 13:18:57,28400.0,200,Sell,228161630
2024-08-01 13:18:58,28400.0,2300,Buy,228161650
2024-08-01 13:19:01,28400.0,1300,Buy,228161766
2024-08-01 13:19:03,28400.0,2000,Buy,228161851
2024-08-01 13:19:09,28400.0,1000,Buy,228162042
2024-08-01 13:19:11,28400.0,1000,Buy,228162107
2024-08-01 13:19:12,28400.0,200,Buy,228162140
2024-08-01 13:19:14,28400.0,500,Buy,228162226
2024-08-01 13:19:17,28400.0,700,Buy,228162384
2024-08-01 13:19:22,28400.0,400,Buy,228162551
2024-08-01 13:19:25,28400.0,100,Buy,228162716
2024-08-01 13:19:31,28400.0,4800,Sell,228162914
2024-08-01 13:19:46,28500.0,3900,Buy,228163405
2024-08-01 13:20:20,28500.0,100,Buy,228164805
2024-08-01 13:20:26,28400.0,200,Sell,228164991
2024-08-01 13:20:31,28500.0,100,Buy,228165274
2024-08-01 13:21:17,28400.0,100,Sell,228167381
2024-08-01 13:21:21,28400.0,1000,Sell,228167504
2024-08-01 13:21:25,28400.0,5100,Sell,228167744
2024-08-01 13:21:26,28400.0,1000,Sell,228167795
2024-08-01 13:21:27,28400.0,3000,Sell,228167827
2024-08-01 13:21:33,28400.0,15000,Sell,228168066
2024-08-01 13:21:37,28400.0,6000,Sell,228168189
2024-08-01 13:21:39,28500.0,1100,Buy,228168280
2024-08-01 13:21:41,28400.0,3000,Sell,228168358
2024-08-01 13:21:48,28400.0,6000,Sell,228168560
2024-08-01 13:21:52,28500.0,300,Buy,228168721
2024-08-01 13:22:01,28500.0,100,Buy,228169114
2024-08-01 13:22:06,28400.0,200,Sell,228169429
2024-08-01 13:22:19,28400.0,1000,Sell,228170056
2024-08-01 13:22:22,28400.0,1000,Sell,228170229
2024-08-01 13:22:36,28300.0,13000,Sell,228171432
2024-08-01 13:22:37,28300.0,1500,Sell,228171456
2024-08-01 13:22:45,28500.0,1000,Buy,228171872
2024-08-01 13:23:00,28500.0,500,Buy,228172577
2024-08-01 13:23:03,28500.0,100,Buy,228172698
2024-08-01 13:23:10,28500.0,1000,Buy,228173304
2024-08-01 13:23:18,28300.0,200,Sell,228173674
2024-08-01 13:23:37,28400.0,4600,Buy,228174459
2024-08-01 13:23:38,28400.0,1500,Sell,228174504
2024-08-01 13:24:04,28400.0,300,Sell,228175532
2024-08-01 13:24:08,28400.0,100,Sell,228175661
2024-08-01 13:24:23,28400.0,7400,Sell,228176250
2024-08-01 13:24:25,28400.0,200,Sell,228176324
2024-08-01 13:24:37,28500.0,500,Buy,228176950
2024-08-01 13:24:41,28400.0,200,Sell,228177097
2024-08-01 13:24:42,28400.0,1200,Sell,228177126
2024-08-01 13:24:51,28400.0,12600,Sell,228177462
2024-08-01 13:24:59,28400.0,100,Sell,228177786
2024-08-01 13:25:02,28400.0,3600,Sell,228177899
2024-08-01 13:25:22,28500.0,500,Buy,228178887
2024-08-01 13:25:25,28400.0,3600,Sell,228179019
2024-08-01 13:25:29,28400.0,100,Sell,228179138
2024-08-01 13:25:34,28400.0,1000,Sell,228179360
2024-08-01 13:25:36,28500.0,200,Buy,228179442
2024-08-01 13:25:39,28400.0,25000,Sell,228179566
2024-08-01 13:25:41,28400.0,100,Sell,228179628
2024-08-01 13:25:42,28400.0,1000,Sell,228179673
2024-08-01 13:25:43,28400.0,3600,Sell,228179729
2024-08-01 13:25:47,28400.0,300,Sell,228179942
2024-08-01 13:25:49,28400.0,1000,Sell,228179998
2024-08-01 13:26:07,28400.0,200,Sell,228181007
2024-08-01 13:26:11,28400.0,100,Sell,228181170
2024-08-01 13:26:14,28400.0,100,Sell,228181303
2024-08-01 13:26:22,28400.0,2300,Sell,228181609
2024-08-01 13:26:25,28400.0,300,Sell,228181723
2024-08-01 13:26:27,28400.0,2000,Sell,228181767
2024-08-01 13:26:33,28400.0,400,Sell,228182010
2024-08-01 13:26:37,28400.0,100,Sell,228182230
2024-08-01 13:26:40,28400.0,200,Sell,228182352
2024-08-01 13:26:44,28400.0,600,Sell,228182500
2024-08-01 13:26:53,28400.0,1700,Buy,228182925
2024-08-01 13:26:55,28400.0,100,Buy,228183014
2024-08-01 13:27:02,28400.0,300,Buy,228183369
2024-08-01 13:27:09,28400.0,200,Buy,228183664
2024-08-01 13:27:11,28400.0,1000,Sell,228183787
2024-08-01 13:27:25,28400.0,1000,Buy,228184450
2024-08-01 13:27:26,28400.0,300,Buy,228184493
2024-08-01 13:27:33,28400.0,200,Buy,228184779
2024-08-01 13:27:41,28400.0,200,Buy,228185210
2024-08-01 13:27:42,28400.0,400,Buy,228185509
2024-08-01 13:27:47,28400.0,800,Buy,228185777
2024-08-01 13:27:57,28300.0,4000,Sell,228186385
2024-08-01 13:27:58,28300.0,100,Sell,228186425
2024-08-01 13:27:59,28400.0,5000,Buy,228186497
2024-08-01 13:28:06,28400.0,2000,Buy,228187110
2024-08-01 13:28:10,28400.0,200,Buy,228187343
2024-08-01 13:28:17,28400.0,500,Buy,228187905
2024-08-01 13:28:32,28400.0,2000,Buy,228189107
2024-08-01 13:28:43,28400.0,3800,Sell,228189920
2024-08-01 13:28:47,28400.0,200,Sell,228190253
2024-08-01 13:28:48,28400.0,500,Buy,228190323
2024-08-01 13:28:57,28300.0,5000,Sell,228190892
2024-08-01 13:29:00,28400.0,1400,Sell,228191084
2024-08-01 13:29:04,28400.0,2100,Buy,228191279
2024-08-01 13:29:04,28400.0,1000,Buy,228191399
2024-08-01 13:29:06,28400.0,100,Sell,228191437
2024-08-01 13:29:08,28400.0,4800,Buy,228191612
2024-08-01 13:29:19,28300.0,300,Sell,228192480
2024-08-01 13:29:24,28300.0,10000,Sell,228192921
2024-08-01 13:29:27,28300.0,1000,Sell,228193171
2024-08-01 13:29:27,28400.0,3000,Buy,228193119
2024-08-01 13:29:29,28300.0,1200,Sell,228193415
2024-08-01 13:29:42,28300.0,500,Sell,228194418
2024-08-01 13:29:42,28300.0,1000,Sell,228194597
2024-08-01 13:29:45,28300.0,4800,Sell,228194913
2024-08-01 13:29:51,28300.0,500,Sell,228195625
2024-08-01 13:29:52,28300.0,10200,Sell,228195717
2024-08-01 13:29:56,28300.0,200,Sell,228196239
2024-08-01 13:30:19,28300.0,3300,Sell,228198330
2024-08-01 13:30:22,28300.0,3000,Sell,228198829
2024-08-01 13:30:27,28300.0,2200,Sell,228199143
2024-08-01 13:30:30,28300.0,37700,Sell,228199259
2024-08-01 13:30:45,28300.0,300,Buy,228200987
2024-08-01 13:30:57,28300.0,100,Buy,228201936
2024-08-01 13:31:02,28300.0,100,Buy,228202269
2024-08-01 13:31:14,28200.0,4500,Sell,228203168
2024-08-01 13:31:20,28200.0,10000,Sell,228203559
2024-08-01 13:31:23,28200.0,1000,Sell,228204134
2024-08-01 13:31:27,28200.0,4600,Sell,228204717
2024-08-01 13:31:29,28200.0,30500,Sell,228204780
2024-08-01 13:31:31,28200.0,5000,Sell,228204923
2024-08-01 13:31:32,28200.0,10000,Sell,228205052
2024-08-01 13:31:35,28200.0,4700,Sell,228205393
2024-08-01 13:31:37,28200.0,8000,Sell,228205490
2024-08-01 13:31:38,28200.0,600,Sell,228205544
2024-08-01 13:31:41,28300.0,600,Buy,228205899
2024-08-01 13:31:41,28200.0,5000,Sell,228205854
2024-08-01 13:31:45,28200.0,500,Sell,228206238
2024-08-01 13:31:45,28200.0,8300,Sell,228206309
2024-08-01 13:31:47,28200.0,1500,Sell,228206421
2024-08-01 13:31:58,28200.0,4100,Sell,228207280
2024-08-01 13:31:59,28200.0,400,Sell,228207321
2024-08-01 13:32:05,28200.0,1500,Sell,228207767
2024-08-01 13:32:06,28200.0,1900,Buy,228207829
2024-08-01 13:32:28,28200.0,400,Buy,228209357
2024-08-01 13:32:31,28200.0,500,Buy,228209556
2024-08-01 13:32:38,28200.0,1100,Buy,228210124
2024-08-01 13:32:40,28200.0,1000,Buy,228210236
2024-08-01 13:32:50,28100.0,3000,Sell,228210904
2024-08-01 13:32:53,28100.0,9000,Sell,228211172
2024-08-01 13:33:01,28100.0,5000,Sell,228211673
2024-08-01 13:33:03,28100.0,1000,Sell,228211789
2024-08-01 13:33:09,28100.0,8000,Sell,228212234
2024-08-01 13:33:12,28100.0,4000,Sell,228212479
2024-08-01 13:33:17,28200.0,100500,Buy,228212826
2024-08-01 13:33:24,28100.0,1200,Buy,228213290
2024-08-01 13:33:28,28100.0,13300,Buy,228213622
2024-08-01 13:33:29,28100.0,100,Sell,228213667
2024-08-01 13:33:31,28100.0,3000,Sell,228213797
2024-08-01 13:33:38,28100.0,2000,Sell,228214438
2024-08-01 13:33:47,28100.0,600,Sell,228215040
2024-08-01 13:33:49,28100.0,17900,Sell,228215205
2024-08-01 13:33:51,28100.0,3700,Sell,228215365
2024-08-01 13:33:57,28100.0,1600,Buy,228215812
2024-08-01 13:33:59,28100.0,600,Buy,228215973
2024-08-01 13:34:00,28000.0,4000,Sell,228216056
2024-08-01 13:34:01,28100.0,1000,Buy,228216146
2024-08-01 13:34:03,28000.0,14000,Sell,228216324
2024-08-01 13:34:06,28100.0,15400,Buy,228216541
2024-08-01 13:34:11,28100.0,18500,Sell,228216969
2024-08-01 13:34:19,28100.0,300,Sell,228217576
2024-08-01 13:34:20,28100.0,1600,Sell,228217622
2024-08-01 13:34:23,28100.0,100,Sell,228217859
2024-08-01 13:34:25,28100.0,1000,Sell,228218098
2024-08-01 13:34:28,28100.0,300,Sell,228218311
2024-08-01 13:34:30,28100.0,300,Sell,228218428
2024-08-01 13:34:31,28100.0,1000,Sell,228218605
2024-08-01 13:34:37,28100.0,4000,Sell,228219126
2024-08-01 13:34:39,28100.0,1000,Sell,228219254
2024-08-01 13:34:46,28100.0,3000,Sell,228219875
2024-08-01 13:34:51,28200.0,500,Buy,228220218
2024-08-01 13:34:52,28100.0,100,Sell,228220269
2024-08-01 13:34:53,28100.0,1000,Sell,228220398
2024-08-01 13:34:54,28100.0,500,Sell,228220510
2024-08-01 13:34:55,28100.0,200,Sell,228220618
2024-08-01 13:34:56,28100.0,1000,Sell,228220680
2024-08-01 13:34:58,28100.0,5000,Sell,228220833
2024-08-01 13:35:00,28100.0,4000,Sell,228220956
2024-08-01 13:35:04,28100.0,1000,Sell,228221267
2024-08-01 13:35:07,28100.0,1000,Sell,228221436
2024-08-01 13:35:11,28100.0,2800,Sell,228221690
2024-08-01 13:35:12,28100.0,2000,Sell,228221743
2024-08-01 13:35:17,28100.0,2700,Sell,228222099
2024-08-01 13:35:19,28100.0,1600,Sell,228222273
2024-08-01 13:35:30,28100.0,100,Sell,228223109
2024-08-01 13:35:44,28100.0,300,Sell,228224161
2024-08-01 13:35:54,28200.0,5000,Buy,228224800
2024-08-01 13:35:55,28100.0,1200,Sell,228224849
2024-08-01 13:35:56,28200.0,1000,Buy,228224951
2024-08-01 13:36:06,28200.0,200,Buy,228225949
2024-08-01 13:36:12,28200.0,20000,Buy,228226303
2024-08-01 13:36:15,28200.0,800,Buy,228226669
2024-08-01 13:36:18,28200.0,100,Buy,228226824
2024-08-01 13:36:19,28200.0,100,Buy,228226886
2024-08-01 13:36:21,28200.0,1100,Buy,228227061
2024-08-01 13:36:23,28200.0,1000,Buy,228227202
2024-08-01 13:36:26,28200.0,500,Sell,228227374
2024-08-01 13:36:28,28200.0,3500,Sell,228227497
2024-08-01 13:36:40,28300.0,2800,Buy,228228572
2024-08-01 13:36:44,28200.0,1000,Sell,228228783
2024-08-01 13:36:47,28200.0,1800,Buy,228228943
2024-08-01 13:36:48,28200.0,500,Buy,228229030
2024-08-01 13:36:50,28200.0,300,Buy,228229155
2024-08-01 13:36:52,28200.0,400,Sell,228229238
2024-08-01 13:36:53,28300.0,200,Buy,228229322
2024-08-01 13:36:56,28200.0,600,Buy,228229480
2024-08-01 13:36:57,28200.0,100,Buy,228229513
2024-08-01 13:36:58,28200.0,100,Buy,228229560
2024-08-01 13:36:59,28100.0,4000,Sell,228229644
2024-08-01 13:37:01,28200.0,300,Buy,228229760
2024-08-01 13:37:02,28200.0,300,Buy,228229816
2024-08-01 13:37:05,28200.0,100,Buy,228229976
2024-08-01 13:37:07,28200.0,300,Sell,228230078
2024-08-01 13:37:10,28200.0,100,Buy,228230307
2024-08-01 13:37:17,28200.0,5100,Buy,228230613
2024-08-01 13:37:20,28200.0,100,Buy,228230824
2024-08-01 13:37:22,28200.0,3400,Sell,228230933
2024-08-01 13:37:24,28200.0,500,Sell,228231045
2024-08-01 13:37:27,28200.0,300,Sell,228231218
2024-08-01 13:37:34,28200.0,1700,Sell,228231726
2024-08-01 13:38:09,28300.0,1000,Buy,228233697
2024-08-01 13:38:27,28300.0,11000,Buy,228234663
2024-08-01 13:38:29,28300.0,3000,Buy,228234755
2024-08-01 13:38:32,28300.0,3000,Buy,228234913
2024-08-01 13:38:33,28300.0,600,Buy,228234949
2024-08-01 13:38:34,28300.0,13500,Sell,228234999
2024-08-01 13:38:44,28300.0,1000,Sell,228235483
2024-08-01 13:38:50,28400.0,2700,Buy,228235795
2024-08-01 13:38:56,28400.0,2000,Buy,228236169
2024-08-01 13:38:57,28400.0,5400,Buy,228236253
2024-08-01 13:39:01,28400.0,5000,Buy,228236417
2024-08-01 13:39:02,28400.0,15800,Buy,228236469
2024-08-01 13:39:11,28500.0,100,Buy,228236871
2024-08-01 13:39:13,28400.0,500,Sell,228236952
2024-08-01 13:39:16,28500.0,100,Buy,228237158
2024-08-01 13:39:19,28500.0,100,Buy,228237305
2024-08-01 13:39:22,28500.0,20000,Buy,228237444
2024-08-01 13:39:24,28500.0,300,Buy,228237533
2024-08-01 13:39:25,28500.0,6100,Buy,228237583
2024-08-01 13:39:27,28500.0,100,Buy,228237671
2024-08-01 13:39:32,28500.0,300,Buy,228237924
2024-08-01 13:39:51,28500.0,600,Sell,228238750
2024-08-01 13:39:55,28600.0,50000,Buy,228238911
2024-08-01 13:39:56,28600.0,3600,Buy,228238961
2024-08-01 13:40:04,28700.0,1100,Buy,228239199
2024-08-01 13:40:05,28700.0,500,Buy,228239243
2024-08-01 13:40:10,28700.0,300,Sell,228239458
2024-08-01 13:40:26,28700.0,100,Sell,228240086
2024-08-01 13:40:27,28700.0,10000,Sell,228240146
2024-08-01 13:40:33,28700.0,500,Sell,228240387
2024-08-01 13:40:35,28700.0,100,Sell,228240477
2024-08-01 13:40:39,28700.0,300,Sell,228240734
2024-08-01 13:40:46,28800.0,300,Buy,228241073
2024-08-01 13:40:53,28800.0,200,Buy,228241371
2024-08-01 13:41:01,28800.0,5600,Buy,228241679
2024-08-01 13:41:06,28800.0,4700,Buy,228241838
2024-08-01 13:41:10,28800.0,1100,Buy,228242018
2024-08-01 13:41:12,28800.0,100,Buy,228242083
2024-08-01 13:41:13,28800.0,900,Buy,228242130
2024-08-01 13:41:14,28800.0,400,Buy,228242153
2024-08-01 13:41:18,28800.0,500,Sell,228242319
2024-08-01 13:41:34,28800.0,100,Sell,228242989
2024-08-01 13:41:40,28800.0,500,Sell,228243211
2024-08-01 13:41:41,28900.0,1000,Buy,228243250
2024-08-01 13:41:49,28800.0,1300,Sell,228243604
2024-08-01 13:42:06,28900.0,100,Buy,228244276
2024-08-01 13:42:21,28800.0,3000,Sell,228244806
2024-08-01 13:42:23,28800.0,5000,Sell,228244883
2024-08-01 13:42:25,28800.0,900,Sell,228244951
2024-08-01 13:42:26,28800.0,2900,Sell,228244993
2024-08-01 13:42:27,28800.0,2300,Sell,228245030
2024-08-01 13:42:28,28900.0,1000,Buy,228245066
2024-08-01 13:42:29,28800.0,6000,Sell,228245098
2024-08-01 13:42:31,28800.0,2500,Sell,228245157
2024-08-01 13:42:32,28800.0,1800,Buy,228245181
2024-08-01 13:42:37,28700.0,1000,Sell,228245402
2024-08-01 13:42:42,28600.0,1500,Sell,228245597
2024-08-01 13:42:48,28600.0,1000,Sell,228245783
2024-08-01 13:42:57,28700.0,500,Buy,228246166
2024-08-01 13:43:13,28700.0,600,Buy,228246780
2024-08-01 13:43:14,28700.0,200,Buy,228246806
2024-08-01 13:43:15,28600.0,5000,Sell,228246843
2024-08-01 13:43:16,28700.0,300,Buy,228246893
2024-08-01 13:43:30,28600.0,1000,Sell,228247381
2024-08-01 13:43:33,28600.0,400,Sell,228247478
2024-08-01 13:43:34,28700.0,1000,Buy,228247493
2024-08-01 13:43:36,28600.0,100,Sell,228247582
2024-08-01 13:43:42,28600.0,500,Sell,228247804
2024-08-01 13:43:43,28600.0,100,Sell,228247831
2024-08-01 13:43:49,28600.0,600,Buy,228248017
2024-08-01 13:43:53,28600.0,400,Buy,228248153
2024-08-01 13:44:06,28600.0,100,Sell,228248717
2024-08-01 13:44:23,28600.0,900,Buy,228249455
2024-08-01 13:44:27,28600.0,100,Sell,228249609
2024-08-01 13:44:29,28600.0,300,Sell,228249693
2024-08-01 13:44:39,28600.0,600,Buy,228250089
2024-08-01 13:44:40,28600.0,100,Buy,228250123
2024-08-01 13:45:04,28400.0,11600,Sell,228250994
2024-08-01 13:45:05,28600.0,100,Buy,228251015
2024-08-01 13:45:12,28600.0,4000,Buy,228251277
2024-08-01 13:45:16,28400.0,100,Sell,228251461
2024-08-01 13:45:24,28600.0,1000,Buy,228251774
2024-08-01 13:45:26,28500.0,1000,Sell,228251843
2024-08-01 13:45:31,28500.0,1000,Sell,228252139
2024-08-01 13:45:35,28500.0,1000,Sell,228252313
2024-08-01 13:45:38,28400.0,300,Sell,228252416
2024-08-01 13:46:14,28500.0,100,Buy,228253846
2024-08-01 13:46:19,28500.0,300,Buy,228254051
2024-08-01 13:46:32,28500.0,100,Buy,228254552
2024-08-01 13:46:33,28500.0,500,Buy,228254586
2024-08-01 13:46:34,28500.0,1000,Buy,228254629
2024-08-01 13:46:38,28500.0,100,Buy,228254839
2024-08-01 13:46:41,28500.0,100,Buy,228254965
2024-08-01 13:46:45,28500.0,1400,Buy,228255110
2024-08-01 13:46:55,28500.0,1800,Sell,228255522
2024-08-01 13:47:00,28500.0,400,Sell,228255786
2024-08-01 13:47:06,28500.0,200,Sell,228256034
2024-08-01 13:47:11,28500.0,1000,Buy,228256274
2024-08-01 13:47:12,28500.0,100,Buy,228256301
2024-08-01 13:47:18,28500.0,500,Buy,228256586
2024-08-01 13:47:23,28500.0,800,Buy,228256811
2024-08-01 13:47:25,28500.0,2500,Buy,228256907
2024-08-01 13:47:29,28500.0,3000,Sell,228257109
2024-08-01 13:47:34,28500.0,100,Sell,228257344
2024-08-01 13:47:46,28500.0,2000,Sell,228257848
2024-08-01 13:47:53,28500.0,500,Sell,228258262
2024-08-01 13:47:55,28500.0,1000,ATO/ATC,228258318
2024-08-01 13:48:02,28500.0,1600,Buy,228258740
2024-08-01 13:48:22,28500.0,200,Buy,228259650
2024-08-01 13:48:25,28500.0,800,Buy,228259746
2024-08-01 13:48:29,28400.0,700,Sell,228259960
2024-08-01 13:48:33,28500.0,200,Buy,228260126
2024-08-01 13:48:48,28400.0,22300,Buy,228260771
2024-08-01 13:48:55,28400.0,1000,Buy,228261121
2024-08-01 13:49:06,28400.0,200,Buy,228261826
2024-08-01 13:49:33,28300.0,2600,Sell,228263118
2024-08-01 13:49:39,28300.0,300,Sell,228263522
2024-08-01 13:49:42,28300.0,10900,Sell,228263662
2024-08-01 13:49:44,28300.0,3000,Sell,228263738
2024-08-01 13:49:54,28300.0,300,Sell,228264489
2024-08-01 13:49:55,28300.0,11200,Sell,228264530
2024-08-01 13:50:00,28300.0,600,Buy,228264732
2024-08-01 13:50:01,28300.0,1000,Buy,228264764
2024-08-01 13:50:09,28300.0,200,Buy,228265244
2024-08-01 13:50:22,28300.0,200,Buy,228266297
2024-08-01 13:50:30,28300.0,100,Buy,228266779
2024-08-01 13:50:38,28200.0,300,Sell,228267206
2024-08-01 13:50:41,28200.0,5000,Sell,228267441
2024-08-01 13:50:48,28200.0,400,Sell,228267757
2024-08-01 13:50:50,28200.0,2000,Sell,228267944
2024-08-01 13:50:53,28200.0,1500,Sell,228268135
2024-08-01 13:51:04,28200.0,3600,Sell,228269035
2024-08-01 13:51:07,28200.0,300,Sell,228269230
2024-08-01 13:51:11,28200.0,500,Sell,228269582
2024-08-01 13:51:17,28200.0,5000,Sell,228270477
2024-08-01 13:51:19,28200.0,12600,Sell,228270643
2024-08-01 13:51:24,28200.0,400,Buy,228271082
2024-08-01 13:51:27,28200.0,200,Buy,228271373
2024-08-01 13:51:34,28100.0,300,Sell,228272091
2024-08-01 13:51:36,28200.0,600,Buy,228272336
2024-08-01 13:51:39,28100.0,400,Sell,228272714
2024-08-01 13:51:46,28200.0,4000,Buy,228273434
2024-08-01 13:51:51,28200.0,300,Sell,228273927
2024-08-01 13:52:06,28200.0,2600,Buy,228275467
2024-08-01 13:52:08,28200.0,400,Sell,228275834
2024-08-01 13:52:09,28200.0,300,Sell,228275923
2024-08-01 13:52:14,28200.0,800,Sell,228276429
2024-08-01 13:52:15,28200.0,3700,Sell,228276515
2024-08-01 13:52:17,28200.0,2000,Sell,228276684
2024-08-01 13:52:21,28200.0,2400,Sell,228277021
2024-08-01 13:52:27,28200.0,3700,Buy,228277549
2024-08-01 13:52:33,28200.0,100,Buy,228278329
2024-08-01 13:52:34,28200.0,500,Buy,228278419
2024-08-01 13:52:35,28100.0,135800,Buy,228278605
2024-08-01 13:52:39,28200.0,1800,Buy,228278867
2024-08-01 13:53:02,28100.0,1000,Sell,228282265
2024-08-01 13:53:08,28100.0,1100,Sell,228282993
2024-08-01 13:53:14,28100.0,2300,Sell,228283689
2024-08-01 13:53:15,28100.0,700,Sell,228283765
2024-08-01 13:53:19,28100.0,200,Sell,228284233
2024-08-01 13:53:24,28100.0,2100,Sell,228284890
2024-08-01 13:53:28,28100.0,4600,Sell,228285363
2024-08-01 13:53:37,28100.0,100,Buy,228286346
2024-08-01 13:53:42,28100.0,700,Buy,228287109
2024-08-01 13:53:43,28000.0,2000,Sell,228287286
2024-08-01 13:53:44,28100.0,300,Buy,228287326
2024-08-01 13:53:51,28000.0,800,Sell,228288024
2024-08-01 13:54:01,28000.0,1000,Sell,228288947
2024-08-01 13:54:08,28000.0,15000,Sell,228289645
2024-08-01 13:54:12,28000.0,500,Sell,228290060
2024-08-01 13:54:13,28000.0,500,Sell,228290293
2024-08-01 13:54:22,28100.0,5000,Buy,228291068
2024-08-01 13:54:27,28000.0,1000,Sell,228291459
2024-08-01 13:54:32,28000.0,3000,Sell,228292061
2024-08-01 13:54:33,28000.0,1800,Sell,228292409
2024-08-01 13:54:35,28000.0,1500,Sell,228292515
2024-08-01 13:54:38,28000.0,21000,Sell,228292830
2024-08-01 13:54:39,28000.0,2500,Sell,228292889
2024-08-01 13:54:40,28000.0,800,Sell,228292984
2024-08-01 13:54:50,28000.0,16900,Sell,228293756
2024-08-01 13:54:51,28000.0,500,Sell,228293871
2024-08-01 13:54:55,28000.0,2500,Sell,228294263
2024-08-01 13:55:01,28000.0,7400,Sell,228294994
2024-08-01 13:55:02,28000.0,100,Sell,228295134
2024-08-01 13:55:10,28000.0,2000,Sell,228295690
2024-08-01 13:55:13,28000.0,5000,Sell,228295892
2024-08-01 13:55:14,28000.0,15000,Sell,228295949
2024-08-01 13:55:14,28100.0,400,Buy,228296031
2024-08-01 13:55:23,28100.0,1600,Buy,228296613
2024-08-01 13:55:43,28100.0,500,Sell,228298113
2024-08-01 13:55:44,28100.0,1300,Sell,228298152
2024-08-01 13:55:46,28100.0,700,Sell,228298244
2024-08-01 13:55:47,28200.0,5000,Buy,228298317
2024-08-01 13:55:50,28100.0,300,Sell,228298608
2024-08-01 13:55:54,28100.0,100,Sell,228298922
2024-08-01 13:55:56,28200.0,100,Buy,228299013
2024-08-01 13:55:57,28200.0,300,Buy,228299115
2024-08-01 13:56:21,28100.0,1000,Sell,228300654
2024-08-01 13:56:29,28100.0,2000,Sell,228301223
2024-08-01 13:56:33,28100.0,2000,Sell,228301466
2024-08-01 13:56:37,28100.0,1800,Sell,228301829
2024-08-01 13:56:42,28100.0,2500,Sell,228302121
2024-08-01 13:56:52,28100.0,11000,Sell,228302849
2024-08-01 13:56:56,28200.0,100,Buy,228303068
2024-08-01 13:57:07,28200.0,700,Buy,228303798
2024-08-01 13:57:17,28100.0,10300,Sell,228304511
2024-08-01 13:57:26,28100.0,300,Sell,228305017
2024-08-01 13:57:32,28200.0,2000,Buy,228305373
2024-08-01 13:57:33,28200.0,2200,Buy,228305407
2024-08-01 13:57:42,28200.0,1000,Sell,228305838
2024-08-01 13:57:45,28200.0,300,Sell,228305994
2024-08-01 13:57:49,28200.0,5000,Sell,228306198
2024-08-01 13:57:50,28200.0,2300,Sell,228306419
2024-08-01 13:57:57,28200.0,100,Sell,228306796
2024-08-01 13:58:09,28200.0,3000,Sell,228307622
2024-08-01 13:58:16,28200.0,5500,Sell,228308127
2024-08-01 13:58:19,28300.0,5000,Buy,228308280
2024-08-01 13:58:22,28300.0,3500,Buy,228308563
2024-08-01 13:58:23,28300.0,4600,Sell,228308634
2024-08-01 13:58:28,28300.0,700,Sell,228308862
2024-08-01 13:58:29,28300.0,500,Buy,228308957
2024-08-01 13:58:38,28300.0,500,Sell,228309688
2024-08-01 13:58:40,28300.0,1800,Sell,228309844
2024-08-01 13:58:46,28200.0,300,Sell,228310222
2024-08-01 13:58:48,28300.0,800,Buy,228310342
2024-08-01 13:58:55,28300.0,300,Sell,228310709
2024-08-01 13:59:16,28300.0,6300,Sell,228311779
2024-08-01 13:59:19,28200.0,500,Sell,228311996
2024-08-01 13:59:23,28200.0,200,Sell,228312233
2024-08-01 13:59:24,28200.0,300,Sell,228312262
2024-08-01 13:59:32,28300.0,200,Buy,228312639
2024-08-01 13:59:39,28300.0,10000,Buy,228313034
2024-08-01 13:59:43,28300.0,11900,Buy,228313191
2024-08-01 13:59:45,28300.0,1200,Buy,228313335
2024-08-01 13:59:47,28200.0,300,Sell,228313477
2024-08-01 13:59:48,28300.0,5000,Buy,228313522
2024-08-01 13:59:49,28300.0,500,Buy,228313574
2024-08-01 13:59:50,28200.0,1000,Sell,228313625
2024-08-01 13:59:52,28300.0,1000,Buy,228313731
2024-08-01 13:59:54,28300.0,3000,Buy,228313860
2024-08-01 13:59:56,28300.0,11800,Buy,228313945
2024-08-01 13:59:57,28200.0,300,Sell,228314026
2024-08-01 14:00:01,28300.0,300,Buy,228314230
2024-08-01 14:00:03,28300.0,3300,Buy,228314310
2024-08-01 14:00:30,28400.0,800,Buy,228315899
2024-08-01 14:00:35,28400.0,2000,Buy,228316151
2024-08-01 14:00:39,28400.0,100,Buy,228316321
2024-08-01 14:00:45,28400.0,7500,Buy,228316585
2024-08-01 14:00:47,28400.0,1000,Sell,228316658
2024-08-01 14:00:55,28400.0,400,Sell,228317125
2024-08-01 14:01:00,28500.0,100,Buy,228317302
2024-08-01 14:01:10,28500.0,3000,Buy,228317680
2024-08-01 14:01:13,28500.0,100,Buy,228317797
2024-08-01 14:01:15,28500.0,100,Buy,228317884
2024-08-01 14:01:17,28500.0,5800,Buy,228317957
2024-08-01 14:01:37,28600.0,14200,Sell,228318773
2024-08-01 14:01:38,28600.0,1000,Sell,228318814
2024-08-01 14:01:49,28700.0,30000,Buy,228319299
2024-08-01 14:02:03,28600.0,500,Sell,228319916
2024-08-01 14:02:12,28600.0,200,Sell,228320227
2024-08-01 14:02:13,28600.0,300,Sell,228320259
2024-08-01 14:02:16,28600.0,3000,Sell,228320348
2024-08-01 14:02:21,28600.0,1500,Sell,228320538
2024-08-01 14:02:22,28600.0,2800,Sell,228320609
2024-08-01 14:02:30,28600.0,100,Sell,228320993
2024-08-01 14:02:31,28600.0,300,Sell,228321028
2024-08-01 14:02:36,28600.0,8000,Sell,228321297
2024-08-01 14:02:39,28600.0,2100,Sell,228321405
2024-08-01 14:03:00,28600.0,2000,Buy,228322187
2024-08-01 14:03:14,28600.0,300,Buy,228322806
2024-08-01 14:03:17,28500.0,300,Sell,228322912
2024-08-01 14:03:22,28500.0,600,Sell,228323137
2024-08-01 14:03:23,28500.0,300,Sell,228323160
2024-08-01 14:03:29,28500.0,3300,Sell,228323434
2024-08-01 14:03:32,28500.0,300,Sell,228323553
2024-08-01 14:03:34,28500.0,1500,Sell,228323674
2024-08-01 14:03:35,28500.0,4100,Sell,228323723
2024-08-01 14:03:36,28500.0,1000,Buy,228323758
2024-08-01 14:03:52,28400.0,300,Sell,228324538
2024-08-01 14:03:55,28400.0,1500,Sell,228324642
2024-08-01 14:03:57,28400.0,800,Sell,228324702
2024-08-01 14:04:03,28300.0,300,Sell,228325032
2024-08-01 14:04:15,28300.0,5000,Sell,228325463
2024-08-01 14:04:17,28300.0,100,Sell,228325530
2024-08-01 14:04:23,28300.0,10000,Sell,228325769
2024-08-01 14:04:33,28300.0,300,Sell,228326137
2024-08-01 14:04:38,28300.0,300,Sell,228326356
2024-08-01 14:04:42,28300.0,1000,Sell,228326473
2024-08-01 14:04:46,28300.0,300,Sell,228326622
2024-08-01 14:04:55,28300.0,300,Sell,228327050
2024-08-01 14:05:01,28300.0,300,Sell,228327263
2024-08-01 14:05:08,28300.0,300,Sell,228327589
2024-08-01 14:05:21,28300.0,300,Sell,228328057
2024-08-01 14:05:32,28300.0,300,Sell,228328442
2024-08-01 14:05:39,28300.0,1500,Sell,228328647
2024-08-01 14:05:44,28300.0,1000,Sell,228328792
2024-08-01 14:05:45,28300.0,6700,Sell,228328813
2024-08-01 14:05:50,28200.0,300,Sell,228328969
2024-08-01 14:05:54,28200.0,100,Sell,228329117
2024-08-01 14:05:59,28200.0,300,Sell,228329271
2024-08-01 14:06:00,28300.0,200,Buy,228329308
2024-08-01 14:06:03,28200.0,300,Sell,228329383
2024-08-01 14:06:16,28200.0,300,Sell,228329826
2024-08-01 14:06:34,28200.0,300,Sell,228330401
2024-08-01 14:06:43,28200.0,6000,Sell,228330739
2024-08-01 14:06:44,28200.0,200,Sell,228330766
2024-08-01 14:06:50,28200.0,4900,Sell,228330969
2024-08-01 14:06:55,28200.0,200,Sell,228331157
2024-08-01 14:06:57,28200.0,100,Sell,228331249
2024-08-01 14:07:03,28200.0,5500,Sell,228331483
2024-08-01 14:07:11,28100.0,300,Sell,228331760
2024-08-01 14:07:13,28200.0,200,Buy,228331822
2024-08-01 14:07:14,28300.0,1500,Buy,228331872
2024-08-01 14:07:15,28200.0,800,Buy,228331912
2024-08-01 14:07:20,28100.0,100,Sell,228332113
2024-08-01 14:07:47,28200.0,200,Buy,228333168
2024-08-01 14:08:02,28200.0,200,Buy,228333974
2024-08-01 14:08:03,28200.0,100,Buy,228334030
2024-08-01 14:08:04,28200.0,2000,Buy,228334100
2024-08-01 14:08:07,28100.0,8000,Sell,228334373
2024-08-01 14:08:14,28200.0,100,Buy,228334705
2024-08-01 14:08:17,28100.0,300,Sell,228334846
2024-08-01 14:08:19,28100.0,300,Sell,228334924
2024-08-01 14:08:21,28200.0,30000,Buy,228335031
2024-08-01 14:08:23,28100.0,300,Sell,228335125
2024-08-01 14:08:25,28100.0,300,Sell,228335182
2024-08-01 14:08:36,28200.0,20000,Buy,228335860
2024-08-01 14:08:43,28100.0,200,Sell,228336254
2024-08-01 14:08:49,28100.0,300,Sell,228336576
2024-08-01 14:08:51,28200.0,500,Buy,228336700
2024-08-01 14:08:52,28100.0,200,Sell,228336758
2024-08-01 14:09:07,28200.0,100,Buy,228337825
2024-08-01 14:09:10,28100.0,4000,Sell,228337944
2024-08-01 14:09:20,28200.0,600,Buy,228338770
2024-08-01 14:09:21,28200.0,1200,Buy,228338805
2024-08-01 14:09:23,28200.0,100,Buy,228338910
2024-08-01 14:09:33,28200.0,800,Buy,228339497
2024-08-01 14:09:40,28200.0,3000,Buy,228340168
2024-08-01 14:09:42,28100.0,1000,Sell,228340272
2024-08-01 14:09:45,28200.0,500,Buy,228340632
2024-08-01 14:09:48,28200.0,100,Buy,228340816
2024-08-01 14:09:49,28100.0,3300,Sell,228340986
2024-08-01 14:09:55,28100.0,600,Sell,228341406
2024-08-01 14:10:08,28100.0,1100,Sell,228342444
2024-08-01 14:10:11,28100.0,2000,Sell,228342601
2024-08-01 14:10:26,28100.0,2000,Sell,228343574
2024-08-01 14:10:44,28100.0,1500,Sell,228344750
2024-08-01 14:10:51,28100.0,1200,Sell,228345404
2024-08-01 14:10:59,28100.0,5300,Sell,228345942
2024-08-01 14:11:14,28100.0,4000,Sell,228346979
2024-08-01 14:11:15,28100.0,400,Sell,228347096
2024-08-01 14:11:32,28100.0,300,Sell,228348343
2024-08-01 14:11:36,28200.0,7900,Buy,228348700
2024-08-01 14:11:40,28300.0,1000,Buy,228348982
2024-08-01 14:11:43,28300.0,1600,Buy,228349258
2024-08-01 14:11:46,28200.0,2000,Sell,228349648
2024-08-01 14:11:52,28300.0,1000,Buy,228350123
2024-08-01 14:11:55,28200.0,500,Sell,228350331
2024-08-01 14:11:57,28200.0,300,Sell,228350455
2024-08-01 14:12:02,28200.0,300,Sell,228351001
2024-08-01 14:12:05,28200.0,300,Sell,228351353
2024-08-01 14:12:20,28200.0,300,Sell,228352826
2024-08-01 14:12:22,28200.0,1000,Sell,228353120
2024-08-01 14:12:23,28200.0,10400,Sell,228353411
2024-08-01 14:12:31,28200.0,200,Sell,228354917
2024-08-01 14:12:35,28200.0,200,Sell,228355430
2024-08-01 14:12:39,28200.0,6500,Sell,228355781
2024-08-01 14:12:40,28200.0,1500,Sell,228355840
2024-08-01 14:12:47,28200.0,400,Sell,228356674
2024-08-01 14:12:49,28200.0,12800,Sell,228356819
2024-08-01 14:12:55,28100.0,2800,Sell,228357848
2024-08-01 14:13:02,28100.0,1000,Sell,228358920
2024-08-01 14:13:12,28100.0,4300,Sell,228360165
2024-08-01 14:13:13,28100.0,3000,Sell,228360503
2024-08-01 14:13:15,28100.0,6200,Sell,228360932
2024-08-01 14:13:16,28100.0,100,Sell,228361045
2024-08-01 14:13:19,28100.0,100,Sell,228361495
2024-08-01 14:13:21,28100.0,300,Sell,228361851
2024-08-01 14:13:25,28100.0,1300,Sell,228362288
2024-08-01 14:13:27,28100.0,300,Sell,228362499
2024-08-01 14:13:28,28100.0,200,Sell,228362633
2024-08-01 14:13:30,28100.0,4500,Sell,228362806
2024-08-01 14:13:31,28100.0,2200,Sell,228362996
2024-08-01 14:13:33,28100.0,4400,Sell,228363323
2024-08-01 14:13:36,28100.0,3200,Sell,228363658
2024-08-01 14:13:37,28100.0,9700,Sell,228363841
2024-08-01 14:13:39,28000.0,29500,Sell,228364128
2024-08-01 14:13:40,28100.0,100,Buy,228364294
2024-08-01 14:13:42,28100.0,1600,Buy,228364477
2024-08-01 14:13:44,28000.0,300,Sell,228364784
2024-08-01 14:13:45,28000.0,4600,Sell,228364998
2024-08-01 14:13:48,28000.0,100,Sell,228365358
2024-08-01 14:13:50,28000.0,400,Sell,228365637
2024-08-01 14:13:51,28000.0,300,Sell,228365734
2024-08-01 14:13:53,28100.0,1000,Buy,228366412
2024-08-01 14:13:54,28000.0,300,Sell,228366622
2024-08-01 14:13:56,28000.0,300,Sell,228366996
2024-08-01 14:13:57,28100.0,2200,Buy,228367110
2024-08-01 14:14:01,28000.0,200,Sell,228367574
2024-08-01 14:14:02,28000.0,1000,Sell,228367707
2024-08-01 14:14:04,28000.0,1600,Sell,228367889
2024-08-01 14:14:06,28000.0,300,Sell,228368053
2024-08-01 14:14:11,28000.0,5000,Sell,228368720
2024-08-01 14:14:12,28000.0,15000,Sell,228368796
2024-08-01 14:14:14,28000.0,65000,Sell,228368998
2024-08-01 14:14:16,28000.0,2100,Sell,228369233
2024-08-01 14:14:18,28000.0,1000,Sell,228369576
2024-08-01 14:14:19,28000.0,400,Sell,228369751
2024-08-01 14:14:22,28000.0,56000,Buy,228370012
2024-08-01 14:14:25,27900.0,300,Sell,228370377
2024-08-01 14:14:26,27900.0,11000,Sell,228370549
2024-08-01 14:14:29,27900.0,600,Sell,228370938
2024-08-01 14:14:34,27900.0,14000,Sell,228371357
2024-08-01 14:14:35,27900.0,7600,Sell,228371681
2024-08-01 14:14:36,28000.0,200,Buy,228371815
2024-08-01 14:14:37,28000.0,100,Buy,228371913
2024-08-01 14:14:38,27900.0,100,Buy,228372097
2024-08-01 14:14:43,27800.0,3200,Sell,228372834
2024-08-01 14:14:49,27900.0,500,Buy,228373574
2024-08-01 14:14:51,27800.0,2500,Sell,228373903
2024-08-01 14:14:53,27800.0,2500,Sell,228374209
2024-08-01 14:15:02,27800.0,1000,Sell,228375381
2024-08-01 14:15:02,27800.0,10300,Sell,228375309
2024-08-01 14:15:07,27800.0,1000,Sell,228375936
2024-08-01 14:15:10,27800.0,3000,Sell,228376365
2024-08-01 14:15:11,27800.0,1300,Sell,228376542
2024-08-01 14:15:12,27800.0,5500,Sell,228376702
2024-08-01 14:15:13,27900.0,9000,Buy,228376860
2024-08-01 14:15:17,27800.0,300,Sell,228377478
2024-08-01 14:15:21,27800.0,200,Sell,228377789
2024-08-01 14:15:21,27800.0,2300,Sell,228378033
2024-08-01 14:15:23,27800.0,300,Sell,228378216
2024-08-01 14:15:26,27800.0,600,Sell,228378758
2024-08-01 14:15:28,27800.0,1000,Sell,228379126
2024-08-01 14:15:29,27800.0,3000,Sell,228379325
2024-08-01 14:15:29,27800.0,14300,Sell,228379221
2024-08-01 14:15:31,27800.0,10000,Sell,228379509
2024-08-01 14:15:32,27800.0,100,Sell,228379608
2024-08-01 14:15:37,27800.0,2000,Sell,228380294
2024-08-01 14:15:40,27800.0,11000,Sell,228380637
2024-08-01 14:15:41,27800.0,100,Sell,228380813
2024-08-01 14:15:42,27800.0,600,Sell,228380945
2024-08-01 14:15:44,27800.0,2000,Sell,228381176
2024-08-01 14:15:48,27800.0,2600,Sell,228381555
2024-08-01 14:15:50,27800.0,200,Sell,228381643
2024-08-01 14:15:53,27800.0,900,Buy,228382033
2024-08-01 14:15:54,27700.0,300,Sell,228382284
2024-08-01 14:15:56,28000.0,71000,Buy,228382506
2024-08-01 14:16:04,28000.0,1600,Buy,228383418
2024-08-01 14:16:05,27800.0,100,ATO/ATC,228383595
2024-08-01 14:16:09,27800.0,200,Buy,228383929
2024-08-01 14:16:09,27800.0,800,Sell,228383864
2024-08-01 14:16:11,28000.0,1700,Buy,228384141
2024-08-01 14:16:17,27900.0,800,Buy,228384883
2024-08-01 14:16:22,27900.0,100,Buy,228385444
2024-08-01 14:16:23,27900.0,300,Buy,228385541
2024-08-01 14:16:24,27900.0,800,Buy,228385692
2024-08-01 14:16:25,27900.0,300,Sell,228385756
2024-08-01 14:16:32,28000.0,19800,Buy,228386410
2024-08-01 14:16:40,28000.0,300,Sell,228387169
2024-08-01 14:16:44,27900.0,200,Sell,228387763
2024-08-01 14:16:51,28000.0,100,Sell,228388889
2024-08-01 14:16:57,28000.0,300,Sell,228389519
2024-08-01 14:17:03,28000.0,1000,Sell,228390130
2024-08-01 14:17:06,28100.0,1000,Buy,228390441
2024-08-01 14:17:07,28000.0,5500,Sell,228390503
2024-08-01 14:17:10,28000.0,2900,Sell,228390701
2024-08-01 14:17:12,28000.0,500,Sell,228390854
2024-08-01 14:17:16,28000.0,9400,Sell,228391272
2024-08-01 14:17:17,28000.0,300,Buy,228391347
2024-08-01 14:17:20,28000.0,1100,Buy,228391616
2024-08-01 14:17:21,28000.0,300,Buy,228391712
2024-08-01 14:17:24,28000.0,1000,Buy,228391961
2024-08-01 14:17:25,28000.0,1000,Buy,228392061
2024-08-01 14:17:27,27900.0,400,Sell,228392254
2024-08-01 14:17:29,27900.0,200,Sell,228392419
2024-08-01 14:17:33,27900.0,3500,Sell,228392767
2024-08-01 14:17:35,28000.0,100,Buy,228392944
2024-08-01 14:17:42,27900.0,2000,Sell,228393545
2024-08-01 14:17:47,28000.0,23700,Buy,228393986
2024-08-01 14:17:48,27900.0,700,Sell,228394086
2024-08-01 14:17:51,27900.0,20100,Sell,228394343
2024-08-01 14:17:53,28000.0,100,Buy,228394528
2024-08-01 14:17:58,28000.0,1000,Sell,228395016
2024-08-01 14:17:59,28000.0,13300,Sell,228395042
2024-08-01 14:18:03,28000.0,3000,Sell,228395429
2024-08-01 14:18:04,28000.0,1000,Sell,228395518
2024-08-01 14:18:14,28000.0,400,Sell,228396304
2024-08-01 14:18:16,28000.0,1300,Sell,228396452
2024-08-01 14:18:19,28000.0,1000,Sell,228396660
2024-08-01 14:18:24,28000.0,2000,Sell,228397043
2024-08-01 14:18:26,28000.0,500,Sell,228397205
2024-08-01 14:18:29,28100.0,300,Buy,228397407
2024-08-01 14:18:30,28000.0,500,Sell,228397478
2024-08-01 14:18:33,28000.0,5000,Sell,228397724
2024-08-01 14:18:35,28000.0,100,Buy,228397868
2024-08-01 14:18:37,27800.0,80300,Sell,228397989
2024-08-01 14:18:38,28100.0,800,Buy,228398063
2024-08-01 14:18:46,27900.0,300,ATO/ATC,228398585
2024-08-01 14:18:49,28100.0,1600,Buy,228398858
2024-08-01 14:18:50,28000.0,200,Sell,228398962
2024-08-01 14:18:54,28100.0,1000,Buy,228399262
2024-08-01 14:19:07,28100.0,500,Buy,228400237
2024-08-01 14:19:08,28000.0,500,Sell,228400314
2024-08-01 14:19:13,28100.0,5000,Buy,228400660
2024-08-01 14:19:17,28100.0,1000,Buy,228400981
2024-08-01 14:19:22,28100.0,400,Buy,228401261
2024-08-01 14:19:25,28100.0,700,Buy,228401438
2024-08-01 14:19:36,28100.0,1600,Buy,228402272
2024-08-01 14:19:38,28100.0,300,Buy,228402423
2024-08-01 14:19:42,28100.0,1000,Buy,228402705
2024-08-01 14:19:43,28100.0,600,Buy,228402752
2024-08-01 14:19:44,28100.0,200,Buy,228402836
2024-08-01 14:19:46,28100.0,200,Buy,228402970
2024-08-01 14:19:47,28100.0,200,Buy,228403088
2024-08-01 14:19:53,28100.0,500,Buy,228403431
2024-08-01 14:19:56,28000.0,200,Sell,228403575
2024-08-01 14:19:58,28100.0,200,Buy,228403719
2024-08-01 14:20:01,28100.0,100,Buy,228403958
2024-08-01 14:20:03,28100.0,1000,Buy,228404081
2024-08-01 14:20:04,28100.0,700,Buy,228404136
2024-08-01 14:20:10,28100.0,1000,Buy,228404457
2024-08-01 14:20:12,28100.0,100,Buy,228404586
2024-08-01 14:20:14,28000.0,800,Sell,228404713
2024-08-01 14:20:15,28100.0,10000,Buy,228404758
2024-08-01 14:20:20,28200.0,10000,Buy,228405041
2024-08-01 14:20:30,28100.0,100,Sell,228405596
2024-08-01 14:20:31,28200.0,1000,Buy,228405721
2024-08-01 14:20:40,28100.0,100,Sell,228406189
2024-08-01 14:20:46,28200.0,500,Buy,228406484
2024-08-01 14:20:54,28200.0,200,Buy,228406978
2024-08-01 14:21:09,28200.0,500,Buy,228407791
2024-08-01 14:21:10,28200.0,1500,Buy,228407832
2024-08-01 14:21:23,28200.0,5000,Buy,228408440
2024-08-01 14:21:33,28200.0,1600,Buy,228409176
2024-08-01 14:21:38,28200.0,100,Sell,228409395
2024-08-01 14:21:45,28200.0,1000,Sell,228409795
2024-08-01 14:21:56,28200.0,2600,Sell,228410392
2024-08-01 14:22:15,28200.0,1000,Sell,228411360
2024-08-01 14:22:31,28200.0,800,Sell,228412176
2024-08-01 14:22:46,28200.0,500,Sell,228413080
2024-08-01 14:22:49,28300.0,400,Buy,228413218
2024-08-01 14:22:54,28200.0,3500,Sell,228413501
2024-08-01 14:23:00,28300.0,300,Buy,228413869
2024-08-01 14:23:05,28300.0,100,Buy,228414267
2024-08-01 14:23:08,28300.0,3300,Buy,228414428
2024-08-01 14:23:09,28300.0,5100,Buy,228414477
2024-08-01 14:23:12,28300.0,100,Buy,228414630
2024-08-01 14:23:17,28300.0,600,Buy,228414903
2024-08-01 14:23:24,28200.0,3000,Sell,228415204
2024-08-01 14:23:33,28200.0,4000,Sell,228415783
2024-08-01 14:23:46,28200.0,3500,Sell,228416362
2024-08-01 14:24:01,28200.0,20000,Sell,228417046
2024-08-01 14:24:26,28200.0,3000,Sell,228418222
2024-08-01 14:24:41,28200.0,400,Sell,228419002
2024-08-01 14:24:43,28200.0,200,Sell,228419085
2024-08-01 14:24:49,28200.0,3000,Sell,228419388
2024-08-01 14:24:54,28300.0,100,Buy,228419688
2024-08-01 14:24:56,28300.0,400,Buy,228419759
2024-08-01 14:25:05,28300.0,2000,Buy,228420118
2024-08-01 14:25:09,28300.0,1000,Buy,228420396
2024-08-01 14:25:12,28300.0,200,Buy,228420549
2024-08-01 14:25:13,28300.0,1000,Buy,228420615
2024-08-01 14:25:22,28200.0,500,Sell,228421033
2024-08-01 14:25:23,28300.0,500,Buy,228421078
2024-08-01 14:25:24,28300.0,100,Buy,228421141
2024-08-01 14:25:25,28200.0,10000,Sell,228421182
2024-08-01 14:25:30,28200.0,500,Sell,228421446
2024-08-01 14:25:32,28200.0,600,Sell,228421586
2024-08-01 14:25:37,28300.0,100,Buy,228421847
2024-08-01 14:25:53,28300.0,2000,Buy,228422732
2024-08-01 14:25:56,28300.0,100,Buy,228422890
2024-08-01 14:25:57,28200.0,10000,Sell,228422938
2024-08-01 14:26:01,28300.0,100,Buy,228423215
2024-08-01 14:26:10,28300.0,100,Buy,228423719
2024-08-01 14:26:13,28200.0,11700,Sell,228423930
2024-08-01 14:26:23,28200.0,2800,Buy,228424619
2024-08-01 14:26:33,28100.0,5000,Sell,228425300
2024-08-01 14:26:34,28200.0,900,Buy,228425351
2024-08-01 14:26:37,28200.0,800,Buy,228425612
2024-08-01 14:26:39,28200.0,2900,Sell,228425772
2024-08-01 14:26:42,28100.0,12000,Sell,228425839
2024-08-01 14:26:51,28200.0,5000,Buy,228426642
2024-08-01 14:26:55,28100.0,1000,Sell,228426887
2024-08-01 14:27:00,28100.0,6200,Sell,228427198
2024-08-01 14:27:01,28100.0,5000,Sell,228427351
2024-08-01 14:27:03,28200.0,5000,Buy,228427481
2024-08-01 14:27:05,28100.0,4000,Sell,228427655
2024-08-01 14:27:07,28200.0,200,Buy,228427735
2024-08-01 14:27:14,28100.0,500,Buy,228428050
2024-08-01 14:27:17,28000.0,5400,Sell,228428522
2024-08-01 14:27:26,28100.0,400,Buy,228429019
2024-08-01 14:27:30,28000.0,500,Sell,228429287
2024-08-01 14:27:33,28100.0,200,Buy,228429459
2024-08-01 14:27:34,28000.0,17900,Sell,228429498
2024-08-01 14:27:38,28100.0,100,Buy,228429688
2024-08-01 14:27:39,28000.0,3000,Sell,228429770
2024-08-01 14:27:44,28000.0,2500,Sell,228430126
2024-08-01 14:27:51,28000.0,6800,Sell,228430477
2024-08-01 14:27:52,28000.0,1100,Sell,228430539
2024-08-01 14:27:54,28000.0,9800,Sell,228430649
2024-08-01 14:27:57,28000.0,700,Buy,228430779
2024-08-01 14:28:04,28000.0,100,Buy,228431180
2024-08-01 14:28:16,28000.0,11300,Buy,228431704
2024-08-01 14:28:19,28000.0,500,Buy,228431908
2024-08-01 14:28:22,28000.0,100,Buy,228432059
2024-08-01 14:28:27,28000.0,300,Buy,228432297
2024-08-01 14:28:28,28000.0,100,Buy,228432354
2024-08-01 14:28:32,27900.0,1100,Sell,228432562
2024-08-01 14:28:33,27900.0,3500,Sell,228432612
2024-08-01 14:28:39,28000.0,50000,Buy,228432997
2024-08-01 14:28:40,28000.0,1000,Sell,228433073
2024-08-01 14:28:42,28000.0,900,Buy,228433206
2024-08-01 14:28:44,28000.0,400,Buy,228433335
2024-08-01 14:28:45,28000.0,1000,Buy,228433376
2024-08-01 14:28:48,28000.0,100,Buy,228433547
2024-08-01 14:28:56,28000.0,600,Buy,228434023
2024-08-01 14:29:00,28000.0,500,Buy,228434209
2024-08-01 14:29:01,27900.0,2000,Sell,228434344
2024-08-01 14:29:02,28000.0,100,Buy,228434471
2024-08-01 14:29:07,28000.0,1000,Buy,228434822
2024-08-01 14:29:11,27900.0,3100,Sell,228435101
2024-08-01 14:29:16,28000.0,1000,Buy,228435493
2024-08-01 14:29:19,28000.0,100,Buy,228435745
2024-08-01 14:29:21,27900.0,700,Sell,228435887
2024-08-01 14:29:22,27900.0,1400,Sell,228435936
2024-08-01 14:29:23,28000.0,300,Buy,228435993
2024-08-01 14:29:26,28000.0,500,Buy,228436280
2024-08-01 14:29:27,28000.0,1100,Buy,228436341
2024-08-01 14:29:31,27900.0,2600,Sell,228436639
2024-08-01 14:29:32,28000.0,100,Buy,228436706
2024-08-01 14:29:38,28000.0,100,Buy,228437063
2024-08-01 14:29:39,27900.0,300,Sell,228437134
2024-08-01 14:29:40,28000.0,2000,Buy,228437186
2024-08-01 14:29:41,28000.0,5100,Buy,228437261
2024-08-01 14:29:42,27900.0,5000,Sell,228437321
2024-08-01 14:29:44,28000.0,1000,Buy,228437447
2024-08-01 14:29:48,28000.0,100,Buy,228437743
2024-08-01 14:29:49,27900.0,3400,Sell,228437808
2024-08-01 14:29:52,28000.0,200,Buy,228438045
2024-08-01 14:29:54,27900.0,1000,Sell,228438153
2024-08-01 14:29:58,28000.0,18500,Buy,228438361
2024-08-01 14:29:59,28000.0,1000,Buy,228438429
2024-08-01 14:30:00,27900.0,5000,Sell,228438507
2024-08-01 14:45:13,27900.0,94000,Sell,228439934
2024-08-01 14:45:25,27900.0,174400,Sell,228440016
2024-08-01 14:55:38,27900.0,1200,Buy,228440655
