time,price,volume,match_type,id
2024-07-24 09:00:02,31000.0,300,ATO/ATC,225851011
2024-07-24 09:00:05,31000.0,100,Buy,225851031
2024-07-24 09:00:06,31200.0,2000,Buy,225851038
2024-07-24 09:00:09,30500.0,200,ATO/ATC,225851071
2024-07-24 09:00:10,30500.0,200,Buy,225851087
2024-07-24 09:00:12,30500.0,1000,Buy,225851113
2024-07-24 09:00:14,30800.0,7300,Sell,225851133
2024-07-24 09:00:19,31000.0,8300,Sell,225851209
2024-07-24 09:00:21,31000.0,7200,Sell,225851226
2024-07-24 09:00:23,31000.0,6900,Sell,225851242
2024-07-24 09:00:27,30500.0,10100,ATO/ATC,225851262
2024-07-24 09:00:34,30500.0,3000,Buy,225851320
2024-07-24 09:00:34,30300.0,500,Sell,225851326
2024-07-24 09:00:37,30300.0,100,Sell,225851343
2024-07-24 09:00:43,30300.0,1900,Sell,225851357
2024-07-24 09:01:06,30300.0,1000,Sell,225851420
2024-07-24 09:01:08,30300.0,700,Sell,225851426
2024-07-24 09:01:11,30300.0,1000,Sell,225851434
2024-07-24 09:01:21,30300.0,9000,Sell,225851459
2024-07-24 09:01:27,30300.0,100,Sell,225851477
2024-07-24 09:01:40,30300.0,10100,Sell,225851515
2024-07-24 09:01:47,30300.0,5000,Sell,225851531
2024-07-24 09:01:49,30300.0,1100,Sell,225851536
2024-07-24 09:02:08,30300.0,1000,Buy,225851595
2024-07-24 09:02:08,30300.0,500,Buy,225851591
2024-07-24 09:02:09,30100.0,500,Sell,225851597
2024-07-24 09:02:31,30100.0,400,Sell,225851660
2024-07-24 09:02:39,30100.0,4000,Sell,225851686
2024-07-24 09:02:40,30100.0,5000,Sell,225851687
2024-07-24 09:02:42,30100.0,2200,Sell,225851691
2024-07-24 09:02:45,30100.0,800,Buy,225851698
2024-07-24 09:02:48,30100.0,2600,Buy,225851711
2024-07-24 09:02:49,30100.0,700,Sell,225851713
2024-07-24 09:02:55,30100.0,500,Buy,225851737
2024-07-24 09:03:00,30000.0,100,Sell,225851758
2024-07-24 09:03:01,30000.0,15000,Sell,225851762
2024-07-24 09:03:02,30000.0,4700,Sell,225851765
2024-07-24 09:03:21,30000.0,200,Sell,225851833
2024-07-24 09:03:26,30000.0,600,Sell,225851853
2024-07-24 09:03:39,30000.0,9300,Buy,225851896
2024-07-24 09:03:39,30000.0,8800,Buy,225851902
2024-07-24 09:03:47,29900.0,200,Sell,225851936
2024-07-24 09:03:49,29900.0,7000,Sell,225851939
2024-07-24 09:04:09,30000.0,12000,Buy,225852023
2024-07-24 09:04:11,30000.0,200,Sell,225852027
2024-07-24 09:04:13,30000.0,23000,Sell,225852034
2024-07-24 09:04:35,29900.0,1000,Sell,225852125
2024-07-24 09:04:55,29900.0,5000,Sell,225852181
2024-07-24 09:04:59,29900.0,1100,Sell,225852193
2024-07-24 09:05:00,29900.0,400,Sell,225852196
2024-07-24 09:05:18,29900.0,2700,Buy,225852253
2024-07-24 09:05:19,30000.0,7400,Sell,225852258
2024-07-24 09:05:40,30000.0,200,Sell,225852322
2024-07-24 09:05:55,30000.0,3000,Sell,225852375
2024-07-24 09:06:05,30000.0,10000,Sell,225852417
2024-07-24 09:06:07,30000.0,1000,Sell,225852423
2024-07-24 09:06:29,30100.0,100,ATO/ATC,225852492
2024-07-24 09:06:43,30100.0,200,Buy,225852546
2024-07-24 09:07:01,30100.0,100,Sell,225852597
2024-07-24 09:07:03,30100.0,200,Sell,225852609
2024-07-24 09:07:13,30100.0,500,Buy,225852641
2024-07-24 09:07:36,30100.0,100,Buy,225852706
2024-07-24 09:07:38,30100.0,200,Buy,225852714
2024-07-24 09:07:48,30100.0,500,Buy,225852755
2024-07-24 09:07:54,30000.0,2600,Sell,225852776
2024-07-24 09:07:58,30100.0,1000,Buy,225852795
2024-07-24 09:08:03,30100.0,700,Buy,225852812
2024-07-24 09:08:27,30100.0,100,Buy,225852876
2024-07-24 09:08:28,30100.0,200,Buy,225852878
2024-07-24 09:09:11,30100.0,5000,Buy,225853001
2024-07-24 09:09:26,30100.0,100,Buy,225853050
2024-07-24 09:09:59,30100.0,300,Buy,225853154
2024-07-24 09:10:00,30100.0,300,Buy,225853163
2024-07-24 09:10:04,30000.0,100,Sell,225853176
2024-07-24 09:10:15,30100.0,10000,Buy,225853203
2024-07-24 09:10:19,30100.0,500,Buy,225853219
2024-07-24 09:10:29,30000.0,5000,Sell,225853246
2024-07-24 09:10:41,30100.0,600,Buy,225853275
2024-07-24 09:11:10,30100.0,500,Buy,225853342
2024-07-24 09:11:44,30000.0,2500,Sell,225853443
2024-07-24 09:11:46,30100.0,500,Buy,225853451
2024-07-24 09:11:56,30100.0,10000,Buy,225853476
2024-07-24 09:11:58,30100.0,14500,Buy,225853482
2024-07-24 09:12:02,30100.0,300,Sell,225853499
2024-07-24 09:12:22,30100.0,2500,Sell,225853559
2024-07-24 09:12:25,30200.0,4300,Sell,225853574
2024-07-24 09:12:30,30200.0,100,Sell,225853600
2024-07-24 09:12:37,30200.0,1500,Sell,225853617
2024-07-24 09:12:44,30200.0,200,Sell,225853639
2024-07-24 09:12:51,30300.0,16200,Sell,225853654
2024-07-24 09:13:01,30300.0,200,Sell,225853678
2024-07-24 09:13:11,30400.0,4200,Buy,225853703
2024-07-24 09:13:14,30400.0,100,Buy,225853709
2024-07-24 09:13:18,30400.0,1100,Buy,225853722
2024-07-24 09:13:22,30400.0,5100,Sell,225853733
2024-07-24 09:13:24,30400.0,200,Sell,225853742
2024-07-24 09:13:28,30500.0,14100,Buy,225853751
2024-07-24 09:13:38,30400.0,600,Buy,225853781
2024-07-24 09:13:53,30400.0,300,Buy,225853824
2024-07-24 09:14:08,30400.0,6200,Buy,225853876
2024-07-24 09:14:10,30400.0,500,Sell,225853880
2024-07-24 09:14:12,30400.0,1000,Sell,225853886
2024-07-24 09:14:14,30400.0,300,Sell,225853890
2024-07-24 09:14:19,30500.0,100,Buy,225853901
2024-07-24 09:14:36,30400.0,7200,Sell,225853936
2024-07-24 09:14:38,30400.0,4300,Buy,225853939
2024-07-24 09:14:45,30400.0,200,Buy,225853965
2024-07-24 09:14:53,30300.0,15000,Sell,225853995
2024-07-24 09:14:54,30300.0,2200,ATO/ATC,225853997
2024-07-24 09:15:08,30300.0,500,Buy,225854816
2024-07-24 09:15:14,30200.0,500,Sell,225854967
2024-07-24 09:15:19,30200.0,200,Sell,225855125
2024-07-24 09:15:28,30200.0,200,Sell,225855408
2024-07-24 09:15:37,30300.0,100,Buy,225855689
2024-07-24 09:15:52,30200.0,2400,Sell,225856181
2024-07-24 09:16:08,30200.0,1700,Sell,225856867
2024-07-24 09:16:16,30200.0,1400,Sell,225857157
2024-07-24 09:16:26,30200.0,100,Sell,225857566
2024-07-24 09:16:27,30200.0,9400,Sell,225857602
2024-07-24 09:16:56,30200.0,2400,Sell,225858823
2024-07-24 09:17:00,30100.0,2800,Sell,225858967
2024-07-24 09:17:02,30200.0,300,Buy,225859038
2024-07-24 09:17:09,30200.0,500,Buy,225859269
2024-07-24 09:17:21,30100.0,600,Sell,225859749
2024-07-24 09:17:22,30200.0,300,Buy,225859772
2024-07-24 09:17:25,30200.0,100,Buy,225859907
2024-07-24 09:17:32,30100.0,7000,Sell,225860219
2024-07-24 09:17:34,30200.0,400,Buy,225860332
2024-07-24 09:17:54,30200.0,500,Buy,225861399
2024-07-24 09:17:57,30200.0,100,Buy,225861501
2024-07-24 09:18:14,30200.0,1700,Buy,225862260
2024-07-24 09:18:20,30200.0,400,Buy,225862531
2024-07-24 09:18:22,30200.0,200,Buy,225862695
2024-07-24 09:18:28,30200.0,300,Buy,225862944
2024-07-24 09:18:35,30200.0,500,Buy,225863259
2024-07-24 09:18:36,30200.0,3100,Buy,225863315
2024-07-24 09:19:03,30200.0,500,Buy,225864693
2024-07-24 09:19:07,30200.0,500,Buy,225864885
2024-07-24 09:19:13,30200.0,200,Buy,225865153
2024-07-24 09:19:42,30200.0,20000,Buy,225866570
2024-07-24 09:19:51,30200.0,2500,Buy,225866899
2024-07-24 09:19:54,30200.0,700,Buy,225867057
2024-07-24 09:19:55,30200.0,3500,Buy,225867114
2024-07-24 09:19:56,30200.0,1800,Buy,225867154
2024-07-24 09:19:57,30100.0,6000,Sell,225867225
2024-07-24 09:20:30,30200.0,1700,Sell,225868621
2024-07-24 09:20:35,30200.0,200,Sell,225868837
2024-07-24 09:20:51,30200.0,3000,Sell,225869384
2024-07-24 09:21:06,30200.0,100,Sell,225869940
2024-07-24 09:21:12,30300.0,10000,Buy,225870141
2024-07-24 09:21:16,30300.0,300,Buy,225870319
2024-07-24 09:21:26,30300.0,2000,Buy,225870701
2024-07-24 09:21:32,30300.0,2000,Buy,225870916
2024-07-24 09:21:37,30300.0,2000,Buy,225871066
2024-07-24 09:21:46,30300.0,9100,Sell,225871403
2024-07-24 09:21:55,30300.0,100,Sell,225871683
2024-07-24 09:21:57,30300.0,1000,Sell,225871746
2024-07-24 09:22:21,30400.0,300,Buy,225872520
2024-07-24 09:22:23,30300.0,2500,Sell,225872593
2024-07-24 09:22:25,30400.0,4000,Buy,225872658
2024-07-24 09:22:28,30300.0,5000,Sell,225872761
2024-07-24 09:22:37,30300.0,3000,Sell,225873040
2024-07-24 09:22:51,30400.0,200,Buy,225873562
2024-07-24 09:23:02,30400.0,2000,Buy,225873959
2024-07-24 09:23:16,30400.0,200,Buy,225874466
2024-07-24 09:23:19,30300.0,400,Sell,225874557
2024-07-24 09:23:30,30200.0,70000,Sell,225874941
2024-07-24 09:23:31,30300.0,100,Sell,225874972
2024-07-24 09:23:37,30300.0,100,Sell,225875221
2024-07-24 09:23:38,30300.0,1800,Buy,225875251
2024-07-24 09:23:39,30300.0,2600,Sell,225875289
2024-07-24 09:23:46,30300.0,1000,Sell,225875512
2024-07-24 09:23:51,30300.0,200,Sell,225875653
2024-07-24 09:23:53,30300.0,3100,Buy,225875739
2024-07-24 09:24:07,30300.0,500,Buy,225876225
2024-07-24 09:24:11,30200.0,5000,Sell,225876337
2024-07-24 09:24:38,30300.0,200,Buy,225877255
2024-07-24 09:24:43,30200.0,100,Sell,225877444
2024-07-24 09:25:06,30200.0,300,Sell,225878321
2024-07-24 09:25:09,30200.0,300,Sell,225878415
2024-07-24 09:25:16,30300.0,100,Buy,225878661
2024-07-24 09:25:18,30300.0,7000,Buy,225878752
2024-07-24 09:25:26,30300.0,100,Buy,225879121
2024-07-24 09:25:52,30300.0,1000,Buy,225880176
2024-07-24 09:25:55,30200.0,2900,Sell,225880298
2024-07-24 09:25:57,30200.0,7200,Sell,225880375
2024-07-24 09:25:58,30200.0,10000,Sell,225880409
2024-07-24 09:25:59,30200.0,3600,Buy,225880445
2024-07-24 09:26:15,30200.0,500,Buy,225881015
2024-07-24 09:26:28,30100.0,500,Sell,225881473
2024-07-24 09:26:30,30200.0,8000,Buy,225881567
2024-07-24 09:26:41,30100.0,500,Sell,225881936
2024-07-24 09:26:42,30100.0,1000,Sell,225881979
2024-07-24 09:26:54,30100.0,10000,Sell,225882411
2024-07-24 09:27:00,30100.0,800,Sell,225882622
2024-07-24 09:27:02,30100.0,200,Sell,225882684
2024-07-24 09:27:28,30100.0,100,Sell,225883628
2024-07-24 09:27:35,30100.0,900,Sell,225883956
2024-07-24 09:28:12,30100.0,200,Sell,225885392
2024-07-24 09:28:22,30100.0,4000,Sell,225885695
2024-07-24 09:28:23,30100.0,100,Sell,225885741
2024-07-24 09:28:33,30100.0,100,Sell,225886208
2024-07-24 09:28:35,30100.0,500,Sell,225886266
2024-07-24 09:28:36,30100.0,1200,Sell,225886290
2024-07-24 09:28:51,30100.0,1000,Sell,225886771
2024-07-24 09:28:57,30200.0,1000,Buy,225886975
2024-07-24 09:29:07,30100.0,20000,Sell,225887308
2024-07-24 09:29:12,30200.0,100,Buy,225887450
2024-07-24 09:29:34,30200.0,1000,Buy,225888196
2024-07-24 09:29:40,30200.0,1000,Buy,225888404
2024-07-24 09:29:44,30200.0,2500,Buy,225888538
2024-07-24 09:29:50,30100.0,5000,Sell,225888721
2024-07-24 09:29:54,30200.0,100,Buy,225888948
2024-07-24 09:29:56,30100.0,4500,Sell,225889010
2024-07-24 09:30:03,30200.0,1000,Buy,225889348
2024-07-24 09:30:05,30100.0,100,Sell,225889401
2024-07-24 09:30:08,30100.0,200,Sell,225889520
2024-07-24 09:30:20,29900.0,1000,Sell,225889992
2024-07-24 09:30:20,30000.0,94900,Sell,225889974
2024-07-24 09:30:24,30000.0,100,Buy,225890085
2024-07-24 09:30:36,30000.0,1000,Buy,225890428
2024-07-24 09:30:38,29900.0,200,Sell,225890472
2024-07-24 09:30:40,30000.0,100,Buy,225890521
2024-07-24 09:30:42,30000.0,3900,Buy,225890580
2024-07-24 09:30:45,30000.0,2600,Buy,225890691
2024-07-24 09:30:47,30000.0,2000,Buy,225890746
2024-07-24 09:30:51,30000.0,200,Buy,225890827
2024-07-24 09:30:53,29900.0,100,Sell,225890842
2024-07-24 09:30:54,30000.0,1700,Buy,225890896
2024-07-24 09:30:57,30000.0,500,Buy,225890968
2024-07-24 09:31:03,30000.0,200,Buy,225891098
2024-07-24 09:31:23,30000.0,500,Buy,225891968
2024-07-24 09:31:24,29900.0,1000,Sell,225891983
2024-07-24 09:31:33,29900.0,300,Sell,225892261
2024-07-24 09:31:43,30000.0,2000,Buy,225892549
2024-07-24 09:31:51,30000.0,100,Buy,225892767
2024-07-24 09:32:07,30000.0,400,Buy,225893172
2024-07-24 09:32:10,30000.0,100,Buy,225893296
2024-07-24 09:32:12,30000.0,500,Buy,225893360
2024-07-24 09:32:27,30000.0,600,Buy,225893931
2024-07-24 09:32:37,30000.0,200,Buy,225894195
2024-07-24 09:32:44,30000.0,100,Buy,225894358
2024-07-24 09:32:49,30000.0,500,Buy,225894630
2024-07-24 09:32:56,30000.0,200,Buy,225894815
2024-07-24 09:33:03,30000.0,5000,Buy,225895054
2024-07-24 09:33:06,30000.0,500,Buy,225895175
2024-07-24 09:33:07,30000.0,100,Buy,225895184
2024-07-24 09:33:08,30000.0,5000,Buy,225895245
2024-07-24 09:33:11,30000.0,1000,Buy,225895287
2024-07-24 09:33:14,30000.0,300,Buy,225895367
2024-07-24 09:33:18,30000.0,5300,Sell,225895473
2024-07-24 09:33:27,30000.0,1000,Sell,225895655
2024-07-24 09:33:44,30000.0,300,Sell,225896027
2024-07-24 09:34:14,30000.0,2300,Sell,225896709
2024-07-24 09:34:17,30000.0,200,Sell,225896841
2024-07-24 09:34:17,30000.0,200,Sell,225896860
2024-07-24 09:34:28,30000.0,500,Sell,225897116
2024-07-24 09:34:30,30000.0,200,Sell,225897159
2024-07-24 09:34:38,30000.0,200,Sell,225897402
2024-07-24 09:34:42,30100.0,2000,Buy,225897490
2024-07-24 09:34:43,30000.0,200,Sell,225897515
2024-07-24 09:34:44,30000.0,100,Sell,225897546
2024-07-24 09:34:45,30000.0,200,Sell,225897577
2024-07-24 09:34:53,30000.0,100,Sell,225897755
2024-07-24 09:34:54,30000.0,200,Sell,225897772
2024-07-24 09:34:55,30000.0,200,Sell,225897802
2024-07-24 09:34:56,30000.0,100,Sell,225897820
2024-07-24 09:34:57,30000.0,200,Sell,225897856
2024-07-24 09:35:07,30000.0,2000,Sell,225898073
2024-07-24 09:35:14,30100.0,100,Buy,225898241
2024-07-24 09:35:15,30000.0,18300,Buy,225898256
2024-07-24 09:35:18,30000.0,100,Buy,225898339
2024-07-24 09:35:22,30000.0,1500,Buy,225898423
2024-07-24 09:35:23,29900.0,200,Sell,225898448
2024-07-24 09:35:25,30000.0,5900,Buy,225898592
2024-07-24 09:35:29,30000.0,4100,Sell,225898715
2024-07-24 09:35:38,30000.0,300,Sell,225899009
2024-07-24 09:35:57,30000.0,300,Sell,225899552
2024-07-24 09:36:01,30000.0,11000,Buy,225899648
2024-07-24 09:36:04,30000.0,900,Buy,225899733
2024-07-24 09:36:26,30000.0,500,Buy,225900253
2024-07-24 09:36:35,30000.0,2100,Buy,225900523
2024-07-24 09:36:36,30000.0,500,Buy,225900555
2024-07-24 09:36:40,30000.0,200,Sell,225900607
2024-07-24 09:36:54,30000.0,100,Sell,225900949
2024-07-24 09:37:37,30100.0,1000,Buy,225902064
2024-07-24 09:37:40,30100.0,100,Buy,225902143
2024-07-24 09:37:47,30100.0,100,Buy,225902332
2024-07-24 09:38:09,30100.0,19900,Buy,225902871
2024-07-24 09:38:17,30000.0,200,Sell,225903078
2024-07-24 09:38:30,30100.0,500,Sell,225903400
2024-07-24 09:39:08,30100.0,100,Buy,225904240
2024-07-24 09:39:32,30100.0,700,Buy,225904923
2024-07-24 09:39:38,30100.0,100,Sell,225905098
2024-07-24 09:39:46,30000.0,600,Sell,225905286
2024-07-24 09:39:52,30100.0,200,Sell,225905439
2024-07-24 09:39:54,30100.0,200,Sell,225905478
2024-07-24 09:39:56,30100.0,200,Sell,225905523
2024-07-24 09:39:58,30100.0,200,Sell,225905601
2024-07-24 09:40:00,30100.0,100,Sell,225905646
2024-07-24 09:40:05,30100.0,4200,Sell,225905744
2024-07-24 09:40:10,30100.0,200,Sell,225905881
2024-07-24 09:40:11,30100.0,200,Sell,225905892
2024-07-24 09:40:16,30100.0,200,Sell,225906031
2024-07-24 09:40:22,30100.0,200,Sell,225906181
2024-07-24 09:40:26,30100.0,200,Sell,225906292
2024-07-24 09:40:33,30100.0,200,Sell,225906488
2024-07-24 09:40:35,30200.0,10000,Buy,225906556
2024-07-24 09:40:38,30100.0,200,Sell,225906613
2024-07-24 09:40:39,30100.0,200,Sell,225906642
2024-07-24 09:40:44,30100.0,200,Sell,225906741
2024-07-24 09:40:49,30100.0,200,Sell,225906900
2024-07-24 09:40:50,30100.0,200,Sell,225906915
2024-07-24 09:41:19,30100.0,100,Sell,225907643
2024-07-24 09:41:24,30200.0,500,Buy,225907741
2024-07-24 09:41:47,30200.0,2000,Buy,225908341
2024-07-24 09:42:01,30200.0,100,Buy,225908733
2024-07-24 09:42:05,30100.0,200,Sell,225908803
2024-07-24 09:42:09,30200.0,1000,Buy,225908925
2024-07-24 09:42:19,30200.0,1000,Buy,225909139
2024-07-24 09:42:38,30200.0,200,Buy,225909662
2024-07-24 09:42:46,30200.0,1100,Buy,225909817
2024-07-24 09:42:59,30200.0,1000,Buy,225910109
2024-07-24 09:43:01,30200.0,300,Buy,225910139
2024-07-24 09:43:16,30200.0,200,Buy,225910509
2024-07-24 09:43:17,30200.0,500,Buy,225910540
2024-07-24 09:43:24,30100.0,200,Sell,225910781
2024-07-24 09:44:03,30200.0,1000,Buy,225911576
2024-07-24 09:44:11,30200.0,2600,Buy,225911781
2024-07-24 09:44:18,30100.0,2500,Sell,225911991
2024-07-24 09:44:25,30100.0,500,Sell,225912139
2024-07-24 09:44:38,30000.0,50000,Sell,225912418
2024-07-24 09:44:52,30100.0,100,Sell,225912795
2024-07-24 09:45:00,30100.0,200,Sell,225912964
2024-07-24 09:45:02,30000.0,2200,Sell,225912988
2024-07-24 09:45:05,30000.0,100,Sell,225913040
2024-07-24 09:45:13,30100.0,100,Buy,225913212
2024-07-24 09:45:18,30100.0,2700,Sell,225913325
2024-07-24 09:45:24,30100.0,2200,Buy,225913465
2024-07-24 09:45:25,30100.0,300,Buy,225913492
2024-07-24 09:45:28,30100.0,1600,Buy,225913623
2024-07-24 09:45:40,30100.0,700,Sell,225913903
2024-07-24 09:45:55,30100.0,200,Sell,225914274
2024-07-24 09:45:56,30100.0,400,Sell,225914294
2024-07-24 09:46:05,30100.0,100,Sell,225914494
2024-07-24 09:46:13,30100.0,200,Sell,225914694
2024-07-24 09:46:18,30100.0,200,Sell,225914785
2024-07-24 09:46:25,30100.0,2000,Sell,225914948
2024-07-24 09:46:33,30100.0,100,Sell,225915088
2024-07-24 09:46:59,30100.0,1000,Sell,225915686
2024-07-24 09:47:31,30100.0,500,Sell,225916432
2024-07-24 09:47:38,30100.0,1000,Sell,225916577
2024-07-24 09:48:05,30100.0,100,Sell,225917330
2024-07-24 09:48:06,30200.0,5000,Buy,225917346
2024-07-24 09:48:15,30100.0,100,Sell,225917581
2024-07-24 09:48:31,30100.0,400,Sell,225918208
2024-07-24 09:49:18,30100.0,300,Sell,225919423
2024-07-24 09:49:46,30100.0,2100,Sell,225920093
2024-07-24 09:49:49,30100.0,100,Sell,225920151
2024-07-24 09:49:55,30200.0,100,Buy,225920335
2024-07-24 09:50:08,30100.0,100,Sell,225920742
2024-07-24 09:50:29,30000.0,50000,Sell,225921290
2024-07-24 09:51:11,30000.0,200,Sell,225922479
2024-07-24 09:51:12,30000.0,4000,Sell,225922498
2024-07-24 09:51:20,30000.0,900,Sell,225922700
2024-07-24 09:51:28,30000.0,100,Buy,225922921
2024-07-24 09:51:46,29900.0,200,Sell,225923476
2024-07-24 09:51:47,30000.0,1000,Buy,225923496
2024-07-24 09:51:54,30000.0,100,Buy,225923635
2024-07-24 09:52:16,29900.0,10000,Sell,225924143
2024-07-24 09:52:17,29900.0,17000,ATO/ATC,225924150
2024-07-24 09:52:24,29800.0,15700,Sell,225924391
2024-07-24 09:52:28,29800.0,1000,Buy,225924500
2024-07-24 09:52:31,29800.0,200,Buy,225924533
2024-07-24 09:52:45,29800.0,100,Buy,225924860
2024-07-24 09:52:55,29800.0,200,Buy,225925277
2024-07-24 09:52:56,29700.0,10900,Sell,225925295
2024-07-24 09:52:57,29700.0,1000,Buy,225925333
2024-07-24 09:53:00,29600.0,600,Sell,225925400
2024-07-24 09:53:07,29700.0,100,Buy,225925607
2024-07-24 09:53:08,29600.0,5100,Sell,225925649
2024-07-24 09:53:21,29500.0,2000,Sell,225926012
2024-07-24 09:53:23,29500.0,4500,Sell,225926089
2024-07-24 09:53:40,29500.0,400,Sell,225926792
2024-07-24 09:53:41,29500.0,1000,Sell,225926838
2024-07-24 09:53:56,29500.0,2000,Sell,225927374
2024-07-24 09:54:12,29600.0,200,Buy,225927838
2024-07-24 09:54:15,29500.0,400,Sell,225927966
2024-07-24 09:54:18,29600.0,10000,Buy,225928170
2024-07-24 09:54:29,29700.0,100,Buy,225928722
2024-07-24 09:54:32,29700.0,1000,Buy,225928882
2024-07-24 09:54:35,29700.0,1000,Buy,225929024
2024-07-24 09:54:51,29600.0,600,Sell,225929592
2024-07-24 09:54:56,29700.0,300,Buy,225929809
2024-07-24 09:55:00,29600.0,4000,Sell,225929883
2024-07-24 09:55:06,29700.0,400,Buy,225930043
2024-07-24 09:55:09,29700.0,500,Buy,225930155
2024-07-24 09:55:15,29600.0,3000,Sell,225930313
2024-07-24 09:55:37,29600.0,800,Sell,225930998
2024-07-24 09:55:44,29600.0,300,Sell,225931214
2024-07-24 09:55:46,29600.0,200,Sell,225931257
2024-07-24 09:55:57,29600.0,7000,Sell,225931567
2024-07-24 09:56:00,29700.0,1800,Buy,225931646
2024-07-24 09:56:06,29600.0,500,Sell,225931801
2024-07-24 09:56:07,29600.0,10000,Sell,225931822
2024-07-24 09:56:14,29700.0,1000,Buy,225932011
2024-07-24 09:56:17,29600.0,1000,Sell,225932098
2024-07-24 09:56:20,29600.0,9500,Sell,225932196
2024-07-24 09:56:33,29600.0,700,Buy,225932761
2024-07-24 09:56:36,29600.0,200,Buy,225932874
2024-07-24 09:56:45,29600.0,500,Buy,225933127
2024-07-24 09:56:48,29500.0,73000,Buy,225933199
2024-07-24 09:56:50,29500.0,20000,Buy,225933249
2024-07-24 09:56:52,29400.0,10200,Sell,225933283
2024-07-24 09:56:57,29400.0,2000,Sell,225933395
2024-07-24 09:56:58,29600.0,1800,Buy,225933418
2024-07-24 09:56:59,29400.0,500,Sell,225933433
2024-07-24 09:57:00,29400.0,600,Sell,225933448
2024-07-24 09:57:10,29500.0,200,Buy,225933789
2024-07-24 09:57:21,29400.0,10000,Sell,225934088
2024-07-24 09:57:30,29400.0,4500,Sell,225934547
2024-07-24 09:57:32,29500.0,100,Buy,225934592
2024-07-24 09:57:44,29500.0,700,Buy,225935027
2024-07-24 09:57:46,29400.0,300,Sell,225935066
2024-07-24 09:58:05,29400.0,4300,Sell,225935766
2024-07-24 09:58:10,29400.0,10000,Sell,225935890
2024-07-24 09:58:17,29400.0,200,Sell,225936219
2024-07-24 09:58:19,29500.0,700,Buy,225936330
2024-07-24 09:58:21,29400.0,3000,Sell,225936413
2024-07-24 09:58:23,29400.0,1000,Sell,225936542
2024-07-24 09:58:29,29400.0,1000,Sell,225936828
2024-07-24 09:58:32,29400.0,10000,Sell,225936952
2024-07-24 09:58:34,29400.0,700,Sell,225937013
2024-07-24 09:58:39,29400.0,500,Buy,225937230
2024-07-24 09:58:40,29400.0,100,Sell,225937271
2024-07-24 09:58:48,29400.0,4000,Sell,225937508
2024-07-24 09:58:52,29400.0,4800,Buy,225937626
2024-07-24 09:58:53,29400.0,5200,Buy,225937660
2024-07-24 09:58:55,29300.0,48000,Sell,225937720
2024-07-24 09:58:57,29400.0,3000,Buy,225937801
2024-07-24 09:58:58,29400.0,700,Buy,225937841
2024-07-24 09:59:00,29400.0,2000,Buy,225937866
2024-07-24 09:59:18,29400.0,100,Buy,225938620
2024-07-24 09:59:21,29300.0,200,Sell,225938735
2024-07-24 09:59:28,29300.0,5500,Sell,225938962
2024-07-24 09:59:29,29400.0,16600,Buy,225938986
2024-07-24 09:59:32,29400.0,7300,Buy,225939085
2024-07-24 09:59:33,29400.0,500,Buy,225939110
2024-07-24 09:59:41,29300.0,40300,Buy,225939358
2024-07-24 09:59:48,29300.0,100,Buy,225939617
2024-07-24 09:59:52,29200.0,6000,Sell,225939778
2024-07-24 09:59:52,29300.0,500,Buy,225939828
2024-07-24 10:00:00,29300.0,100,Buy,225940322
2024-07-24 10:00:01,29200.0,100,Sell,225940412
2024-07-24 10:00:08,29000.0,61000,Sell,225940600
2024-07-24 10:00:11,29300.0,1000,Buy,225940666
2024-07-24 10:00:12,29200.0,400,Sell,225940691
2024-07-24 10:00:12,29200.0,500,Buy,225940717
2024-07-24 10:00:20,29100.0,2800,Buy,225941053
2024-07-24 10:00:21,29100.0,1100,Sell,225941119
2024-07-24 10:00:22,29100.0,1700,Sell,225941206
2024-07-24 10:00:28,29100.0,1000,Buy,225941561
2024-07-24 10:00:34,29100.0,1200,Sell,225941821
2024-07-24 10:00:34,29100.0,7200,Sell,225941874
2024-07-24 10:00:37,29100.0,100,Sell,225941927
2024-07-24 10:00:39,29100.0,300,Sell,225942012
2024-07-24 10:00:44,29100.0,300,Sell,225942285
2024-07-24 10:00:46,29200.0,5000,Buy,225942359
2024-07-24 10:00:48,29200.0,5000,Buy,225942467
2024-07-24 10:00:52,29100.0,100,Sell,225942610
2024-07-24 10:00:53,29200.0,5000,Buy,225942653
2024-07-24 10:00:54,29200.0,100,Buy,225942757
2024-07-24 10:00:56,29200.0,200,Buy,225942884
2024-07-24 10:00:59,29100.0,500,Sell,225943118
2024-07-24 10:01:02,29100.0,300,Sell,225943199
2024-07-24 10:01:04,29200.0,100,Buy,225943293
2024-07-24 10:01:05,29200.0,400,Buy,225943345
2024-07-24 10:01:06,29200.0,2600,Buy,225943403
2024-07-24 10:01:13,29200.0,1500,Sell,225943639
2024-07-24 10:01:13,29200.0,1600,Sell,225943669
2024-07-24 10:01:21,29300.0,1000,Buy,225943924
2024-07-24 10:01:22,29200.0,300,Sell,225943951
2024-07-24 10:01:23,29200.0,700,Sell,225944000
2024-07-24 10:01:25,29200.0,1000,Sell,225944088
2024-07-24 10:01:29,29300.0,22200,Buy,225944385
2024-07-24 10:01:30,29300.0,100,Buy,225944433
2024-07-24 10:01:31,29300.0,600,Buy,225944579
2024-07-24 10:01:38,29300.0,4100,Buy,225945099
2024-07-24 10:01:40,29300.0,1000,Sell,225945183
2024-07-24 10:01:46,29400.0,300,Buy,225945458
2024-07-24 10:01:47,29400.0,200,Sell,225945542
2024-07-24 10:01:51,29400.0,100,Buy,225945709
2024-07-24 10:01:59,29500.0,14300,Buy,225946074
2024-07-24 10:02:02,29300.0,20000,Sell,225946281
2024-07-24 10:02:15,29300.0,2700,Sell,225946965
2024-07-24 10:02:16,29300.0,2000,Buy,225947003
2024-07-24 10:02:20,29300.0,100,Buy,225947336
2024-07-24 10:02:21,29300.0,300,Buy,225947395
2024-07-24 10:02:27,29200.0,1200,Sell,225947759
2024-07-24 10:02:31,29200.0,400,Sell,225947988
2024-07-24 10:02:33,29300.0,100,Buy,225948172
2024-07-24 10:02:50,29200.0,1000,Sell,225949154
2024-07-24 10:02:54,29200.0,600,Sell,225949609
2024-07-24 10:02:55,29200.0,600,Sell,225949677
2024-07-24 10:02:57,29300.0,200,Buy,225949862
2024-07-24 10:03:01,29300.0,2800,Buy,225950029
2024-07-24 10:03:06,29300.0,1300,Buy,225950371
2024-07-24 10:03:09,29200.0,100,Sell,225950519
2024-07-24 10:03:11,29200.0,600,Sell,225950642
2024-07-24 10:03:12,29300.0,900,Buy,225950679
2024-07-24 10:03:14,29300.0,1200,Buy,225950798
2024-07-24 10:03:18,29300.0,100,Buy,225951134
2024-07-24 10:03:27,29300.0,100,Buy,225951594
2024-07-24 10:03:28,29300.0,500,Buy,225951647
2024-07-24 10:03:30,29300.0,500,Buy,225951734
2024-07-24 10:03:40,29300.0,100,Buy,225952338
2024-07-24 10:03:50,29300.0,10000,Buy,225952950
2024-07-24 10:03:54,29300.0,200,Buy,225953233
2024-07-24 10:04:01,29300.0,100,Buy,225953668
2024-07-24 10:04:07,29300.0,100,Buy,225954005
2024-07-24 10:04:10,29200.0,1000,Sell,225954122
2024-07-24 10:04:14,29300.0,200,Buy,225954324
2024-07-24 10:04:15,29300.0,1000,Buy,225954384
2024-07-24 10:04:17,29200.0,200,Sell,225954501
2024-07-24 10:04:31,29300.0,30000,Buy,225955140
2024-07-24 10:04:32,29300.0,4400,Sell,225955191
2024-07-24 10:04:34,29200.0,3000,Sell,225955258
2024-07-24 10:04:43,29200.0,1000,Sell,225955621
2024-07-24 10:04:45,29200.0,1000,Sell,225955721
2024-07-24 10:04:56,29300.0,100,Sell,225956156
2024-07-24 10:05:09,29300.0,500,Sell,225956720
2024-07-24 10:05:12,29300.0,2000,Sell,225956823
2024-07-24 10:05:21,29400.0,1600,Buy,225957099
2024-07-24 10:05:23,29400.0,100,Sell,225957188
2024-07-24 10:05:37,29500.0,100,Buy,225957707
2024-07-24 10:05:38,29400.0,2200,Sell,225957747
2024-07-24 10:05:47,29400.0,100,Buy,225958066
2024-07-24 10:05:56,29400.0,100,Buy,225958348
2024-07-24 10:06:02,29400.0,400,Buy,225958540
2024-07-24 10:06:07,29400.0,100,Buy,225958674
2024-07-24 10:06:09,29400.0,2700,Buy,225958735
2024-07-24 10:06:11,29400.0,100,Buy,225958912
2024-07-24 10:06:16,29400.0,100,Buy,225959125
2024-07-24 10:06:23,29400.0,100,Buy,225959327
2024-07-24 10:06:29,29400.0,1700,Buy,225959501
2024-07-24 10:06:40,29300.0,100,Sell,225959818
2024-07-24 10:06:52,29300.0,500,Sell,225960190
2024-07-24 10:06:54,29300.0,5000,Sell,225960239
2024-07-24 10:07:02,29300.0,300,Sell,225960475
2024-07-24 10:07:08,29400.0,5000,Buy,225960644
2024-07-24 10:07:18,29400.0,500,Buy,225960976
2024-07-24 10:07:27,29400.0,600,Buy,225961222
2024-07-24 10:07:56,29400.0,200,Sell,225962238
2024-07-24 10:08:15,29400.0,200,Sell,225962831
2024-07-24 10:08:27,29400.0,200,Sell,225963350
2024-07-24 10:08:30,29400.0,200,Sell,225963430
2024-07-24 10:08:40,29400.0,400,Sell,225963818
2024-07-24 10:08:46,29400.0,200,Sell,225964023
2024-07-24 10:08:52,29500.0,100,Buy,225964200
2024-07-24 10:08:55,29500.0,1000,Buy,225964284
2024-07-24 10:08:57,29500.0,500,Buy,225964366
2024-07-24 10:09:01,29500.0,200,Buy,225964489
2024-07-24 10:09:04,29400.0,10000,Sell,225964584
2024-07-24 10:09:20,29500.0,10000,Buy,225965050
2024-07-24 10:09:30,29400.0,5300,Sell,225965424
2024-07-24 10:09:41,29400.0,600,Buy,225965641
2024-07-24 10:09:43,29400.0,3200,Buy,225965683
2024-07-24 10:09:51,29400.0,100,Buy,225965896
2024-07-24 10:09:59,29400.0,200,Buy,225966061
2024-07-24 10:10:05,29400.0,800,Buy,225966252
2024-07-24 10:10:07,29400.0,100,Buy,225966303
2024-07-24 10:10:11,29500.0,100,Buy,225966378
2024-07-24 10:10:21,29500.0,100,Buy,225966750
2024-07-24 10:10:56,29400.0,2000,Sell,225967733
2024-07-24 10:11:06,29400.0,3000,Sell,225967994
2024-07-24 10:11:14,29400.0,1000,Sell,225968206
2024-07-24 10:11:15,29400.0,200,Sell,225968244
2024-07-24 10:11:18,29400.0,1000,Sell,225968334
2024-07-24 10:11:22,29300.0,3400,Sell,225968452
2024-07-24 10:11:47,29400.0,10000,Buy,225969184
2024-07-24 10:12:20,29400.0,800,Buy,225970033
2024-07-24 10:12:30,29300.0,3200,Sell,225970283
2024-07-24 10:12:42,29400.0,1300,Buy,225970510
2024-07-24 10:12:53,29400.0,100,Buy,225970783
2024-07-24 10:12:56,29400.0,100,Buy,225970854
2024-07-24 10:13:00,29400.0,3000,Buy,225970972
2024-07-24 10:13:01,29400.0,10000,Buy,225970986
2024-07-24 10:13:16,29300.0,1400,Sell,225971317
2024-07-24 10:13:19,29400.0,1000,Buy,225971403
2024-07-24 10:13:25,29400.0,1000,Buy,225971584
2024-07-24 10:13:30,29400.0,300,Buy,225971691
2024-07-24 10:13:36,29300.0,200,Sell,225971948
2024-07-24 10:13:44,29500.0,10000,Buy,225972234
2024-07-24 10:14:01,29300.0,200,Sell,225972819
2024-07-24 10:14:08,29400.0,3000,ATO/ATC,225973011
2024-07-24 10:14:12,29300.0,200,Sell,225973147
2024-07-24 10:14:13,29300.0,500,Sell,225973200
2024-07-24 10:14:22,29300.0,200,Sell,225973530
2024-07-24 10:14:24,29300.0,200,Sell,225973611
2024-07-24 10:14:35,29300.0,100,Sell,225973970
2024-07-24 10:14:55,29300.0,200,Sell,225974466
2024-07-24 10:15:08,29400.0,1000,Buy,225975085
2024-07-24 10:15:09,29400.0,1000,Sell,225975122
2024-07-24 10:15:18,29400.0,100,Sell,225975402
2024-07-24 10:15:28,29500.0,19600,Sell,225975673
2024-07-24 10:15:42,29500.0,1900,Buy,225976178
2024-07-24 10:15:44,29500.0,300,Buy,225976209
2024-07-24 10:16:01,29500.0,600,Buy,225976692
2024-07-24 10:16:08,29300.0,14600,Sell,225976870
2024-07-24 10:16:09,29300.0,12200,Sell,225976883
2024-07-24 10:16:38,29500.0,100,Buy,225977814
2024-07-24 10:17:05,29400.0,100,Buy,225978731
2024-07-24 10:17:10,29300.0,1200,Sell,225978983
2024-07-24 10:17:22,29400.0,800,Sell,225979447
2024-07-24 10:17:28,29400.0,200,Buy,225979662
2024-07-24 10:17:33,29400.0,500,Buy,225979835
2024-07-24 10:17:58,29300.0,100,Sell,225981131
2024-07-24 10:18:04,29400.0,200,Buy,225981450
2024-07-24 10:18:13,29400.0,5000,Buy,225981774
2024-07-24 10:18:22,29300.0,100,Sell,225982098
2024-07-24 10:18:24,29300.0,300,Sell,225982188
2024-07-24 10:18:29,29400.0,100,Buy,225982403
2024-07-24 10:18:39,29400.0,2000,Buy,225982802
2024-07-24 10:19:02,29400.0,100,Buy,225983633
2024-07-24 10:19:12,29400.0,1000,Buy,225984110
2024-07-24 10:19:19,29400.0,100,Buy,225984432
2024-07-24 10:19:27,29300.0,1000,Sell,225984706
2024-07-24 10:19:35,29300.0,200,Sell,225985068
2024-07-24 10:19:49,29300.0,200,Sell,225985659
2024-07-24 10:20:01,29300.0,100,Sell,225986207
2024-07-24 10:20:05,29300.0,3400,Sell,225986380
2024-07-24 10:20:09,29300.0,200,Sell,225986668
2024-07-24 10:20:14,29300.0,1000,Sell,225986869
2024-07-24 10:20:18,29300.0,1300,Sell,225986989
2024-07-24 10:20:19,29300.0,5000,Sell,225987036
2024-07-24 10:20:25,29300.0,500,Sell,225987326
2024-07-24 10:20:34,29300.0,2000,Sell,225987784
2024-07-24 10:20:37,29300.0,1000,Sell,225987872
2024-07-24 10:20:40,29300.0,2000,Sell,225988037
2024-07-24 10:20:42,29300.0,1500,Sell,225988149
2024-07-24 10:20:46,29300.0,2000,Sell,225988361
2024-07-24 10:20:55,29300.0,2000,Sell,225988725
2024-07-24 10:20:58,29300.0,2400,Buy,225988805
2024-07-24 10:20:59,29300.0,600,Sell,225988880
2024-07-24 10:21:00,29300.0,1400,Buy,225988912
2024-07-24 10:21:10,29200.0,900,Sell,225989386
2024-07-24 10:21:21,29200.0,7900,Sell,225990173
2024-07-24 10:21:23,29200.0,2000,Sell,225990212
2024-07-24 10:21:29,29200.0,10000,Sell,225990995
2024-07-24 10:21:34,29200.0,2000,Sell,225991222
2024-07-24 10:21:39,29200.0,3000,Sell,225991638
2024-07-24 10:21:41,29200.0,600,Buy,225991759
2024-07-24 10:21:58,29100.0,2000,Sell,225992750
2024-07-24 10:22:14,29100.0,100,Sell,225993498
2024-07-24 10:22:15,29200.0,3700,Buy,225993629
2024-07-24 10:22:22,29100.0,200,Sell,225993964
2024-07-24 10:22:27,29200.0,5000,Buy,225994433
2024-07-24 10:22:30,29100.0,3000,Sell,225994540
2024-07-24 10:22:36,29100.0,5000,Sell,225994862
2024-07-24 10:22:37,29100.0,100,Sell,225994895
2024-07-24 10:22:41,29100.0,1500,Sell,225995039
2024-07-24 10:22:43,29100.0,300,Sell,225995208
2024-07-24 10:22:44,29100.0,2700,Sell,225995286
2024-07-24 10:22:52,29100.0,200,Sell,225995742
2024-07-24 10:22:53,29100.0,400,Sell,225995792
2024-07-24 10:22:56,29100.0,500,Sell,225995891
2024-07-24 10:22:57,29200.0,1000,Buy,225995936
2024-07-24 10:23:08,29200.0,5000,Buy,225996473
2024-07-24 10:23:10,29300.0,14500,Buy,225996569
2024-07-24 10:23:14,29200.0,1000,Sell,225996769
2024-07-24 10:23:16,29200.0,600,Sell,225996918
2024-07-24 10:23:20,29300.0,100,Buy,225997084
2024-07-24 10:23:24,29200.0,2900,Sell,225997255
2024-07-24 10:23:26,29300.0,3000,ATO/ATC,225997378
2024-07-24 10:23:29,29200.0,3000,Sell,225997529
2024-07-24 10:23:42,29400.0,700,Buy,225998292
2024-07-24 10:23:45,29200.0,11100,Buy,225998378
2024-07-24 10:23:52,29200.0,300,Buy,225998745
2024-07-24 10:23:53,29200.0,2200,Buy,225998771
2024-07-24 10:23:57,29200.0,1000,Buy,225998878
2024-07-24 10:23:58,29200.0,100,Buy,225998922
2024-07-24 10:23:59,29200.0,4200,Sell,225998956
2024-07-24 10:24:03,29200.0,1000,Sell,225999123
2024-07-24 10:24:08,29300.0,2000,Sell,225999315
2024-07-24 10:24:09,29300.0,300,Sell,225999384
2024-07-24 10:24:19,29300.0,100,Sell,225999861
2024-07-24 10:24:30,29300.0,1500,Sell,226000522
2024-07-24 10:24:34,29300.0,2600,Sell,226000710
2024-07-24 10:24:41,29300.0,3700,Sell,226000948
2024-07-24 10:24:46,29300.0,3100,Sell,226001220
2024-07-24 10:24:57,29300.0,500,Sell,226001842
2024-07-24 10:25:00,29300.0,1000,Sell,226002036
2024-07-24 10:25:01,29300.0,2300,Sell,226002125
2024-07-24 10:25:03,29300.0,200,Sell,226002166
2024-07-24 10:25:05,29300.0,1000,Sell,226002311
2024-07-24 10:25:07,29300.0,1000,Sell,226002423
2024-07-24 10:25:10,29300.0,1500,Sell,226002553
2024-07-24 10:25:24,29300.0,200,Sell,226003115
2024-07-24 10:25:31,29300.0,4200,Buy,226003503
2024-07-24 10:25:33,29300.0,100,Buy,226003654
2024-07-24 10:25:47,29200.0,13200,Sell,226004380
2024-07-24 10:25:53,29300.0,200,Buy,226004707
2024-07-24 10:26:02,29300.0,5700,Sell,226005177
2024-07-24 10:26:05,29300.0,200,Sell,226005320
2024-07-24 10:26:09,29300.0,300,Sell,226005549
2024-07-24 10:26:18,29300.0,200,Sell,226006014
2024-07-24 10:26:22,29300.0,200,Sell,226006260
2024-07-24 10:26:28,29300.0,2000,Sell,226006607
2024-07-24 10:26:29,29300.0,100,Sell,226006692
2024-07-24 10:26:30,29300.0,200,Sell,226006746
2024-07-24 10:26:36,29300.0,1000,Sell,226007210
2024-07-24 10:26:39,29300.0,800,Sell,226007353
2024-07-24 10:26:46,29300.0,900,Buy,226007737
2024-07-24 10:26:47,29300.0,400,Buy,226007809
2024-07-24 10:26:50,29200.0,5000,Sell,226007950
2024-07-24 10:27:04,29200.0,800,Sell,226008783
2024-07-24 10:27:05,29200.0,500,Sell,226008853
2024-07-24 10:27:09,29200.0,200,Sell,226009011
2024-07-24 10:27:25,29200.0,1200,Sell,226009994
2024-07-24 10:27:27,29200.0,1000,Sell,226010168
2024-07-24 10:27:30,29200.0,1000,Sell,226010403
2024-07-24 10:27:32,29200.0,1000,Sell,226010550
2024-07-24 10:27:33,29200.0,5900,Sell,226010597
2024-07-24 10:27:42,29200.0,8000,Sell,226011146
2024-07-24 10:27:54,29200.0,2500,Buy,226011888
2024-07-24 10:27:57,29200.0,100,Buy,226012076
2024-07-24 10:27:58,29100.0,1200,Sell,226012144
2024-07-24 10:28:06,29200.0,1000,Buy,226012679
2024-07-24 10:28:07,29100.0,20000,Sell,226012835
2024-07-24 10:28:14,29100.0,3000,Sell,226013382
2024-07-24 10:28:16,29200.0,200,Buy,226013523
2024-07-24 10:28:23,29200.0,5000,Buy,226013917
2024-07-24 10:28:45,29200.0,100,Buy,226015266
2024-07-24 10:29:00,29200.0,200,Buy,226016411
2024-07-24 10:29:06,29200.0,1000,Buy,226016732
2024-07-24 10:29:19,29100.0,900,Sell,226017558
2024-07-24 10:29:20,29200.0,200,Buy,226017591
2024-07-24 10:29:28,29100.0,2500,Sell,226018010
2024-07-24 10:29:34,29100.0,500,Sell,226018303
2024-07-24 10:29:35,29200.0,15000,Buy,226018336
2024-07-24 10:29:36,29200.0,100,Buy,226018389
2024-07-24 10:29:46,29100.0,1000,Sell,226018961
2024-07-24 10:29:49,29100.0,43000,Sell,226019089
2024-07-24 10:29:59,29100.0,500,Buy,226019731
2024-07-24 10:30:01,29100.0,100,Buy,226019910
2024-07-24 10:30:04,29100.0,1000,Buy,226020086
2024-07-24 10:30:09,29100.0,400,Buy,226020318
2024-07-24 10:30:12,29100.0,700,Buy,226020616
2024-07-24 10:30:13,29000.0,300,Sell,226020659
2024-07-24 10:30:14,29100.0,2900,Buy,226020691
2024-07-24 10:30:15,29100.0,2000,Buy,226020785
2024-07-24 10:30:18,29000.0,2500,Sell,226020944
2024-07-24 10:30:32,29000.0,1000,Sell,226021734
2024-07-24 10:30:37,29000.0,1000,Sell,226022018
2024-07-24 10:30:43,29100.0,500,Buy,226022439
2024-07-24 10:30:47,29100.0,4000,Buy,226022611
2024-07-24 10:30:49,29000.0,11800,Sell,226022761
2024-07-24 10:30:51,29100.0,11300,Buy,226022868
2024-07-24 10:30:53,29100.0,17200,Buy,226023011
2024-07-24 10:30:55,29100.0,10500,Buy,226023132
2024-07-24 10:30:57,29000.0,300,Sell,226023239
2024-07-24 10:31:00,29100.0,100,Buy,226023371
2024-07-24 10:31:01,29000.0,800,Sell,226023419
2024-07-24 10:31:03,29100.0,1000,Buy,226023509
2024-07-24 10:31:04,29100.0,200,Buy,226023604
2024-07-24 10:31:05,29100.0,100,Buy,226023667
2024-07-24 10:31:06,29100.0,1000,Buy,226023796
2024-07-24 10:31:11,29100.0,20000,Buy,226024137
2024-07-24 10:31:12,29100.0,9500,Buy,226024205
2024-07-24 10:31:13,29100.0,71600,Sell,226024280
2024-07-24 10:31:15,29100.0,700,Sell,226024357
2024-07-24 10:31:19,29100.0,500,Sell,226024608
2024-07-24 10:31:20,29100.0,300,Sell,226024699
2024-07-24 10:31:23,29200.0,200,Buy,226024863
2024-07-24 10:31:25,29100.0,300,Sell,226024973
2024-07-24 10:31:26,29200.0,14200,Buy,226025108
2024-07-24 10:31:28,29200.0,100,Buy,226025214
2024-07-24 10:31:36,29200.0,500,Buy,226025691
2024-07-24 10:31:38,29200.0,2000,Buy,226025787
2024-07-24 10:31:39,29200.0,500,Buy,226025836
2024-07-24 10:31:41,29200.0,600,Buy,226025927
2024-07-24 10:31:43,29200.0,100,Buy,226026027
2024-07-24 10:31:45,29200.0,100,Buy,226026169
2024-07-24 10:31:47,29200.0,400,Buy,226026288
2024-07-24 10:31:48,29200.0,2000,Buy,226026336
2024-07-24 10:31:49,29200.0,2700,Sell,226026383
2024-07-24 10:31:52,29300.0,100,Buy,226026594
2024-07-24 10:31:54,29200.0,300,Sell,226026689
2024-07-24 10:32:01,29300.0,200,Buy,226027136
2024-07-24 10:32:05,29300.0,500,Buy,226027310
2024-07-24 10:32:08,29200.0,200,Sell,226027468
2024-07-24 10:32:18,29200.0,2300,Sell,226027944
2024-07-24 10:32:21,29200.0,6000,Sell,226028092
2024-07-24 10:32:23,29200.0,5000,Sell,226028198
2024-07-24 10:32:26,29300.0,1700,Buy,226028340
2024-07-24 10:32:29,29300.0,100,Buy,226028464
2024-07-24 10:32:35,29300.0,4000,Buy,226028705
2024-07-24 10:32:42,29300.0,200,Buy,226028996
2024-07-24 10:32:56,29300.0,500,Buy,226029557
2024-07-24 10:33:06,29300.0,4200,Buy,226029951
2024-07-24 10:33:14,29300.0,600,Buy,226030166
2024-07-24 10:33:15,29300.0,3000,Buy,226030187
2024-07-24 10:33:22,29300.0,900,Sell,226030373
2024-07-24 10:33:43,29300.0,1000,Sell,226031117
2024-07-24 10:33:46,29400.0,7600,Buy,226031235
2024-07-24 10:34:10,29500.0,200,Buy,226031826
2024-07-24 10:34:24,29500.0,1400,Buy,226032165
2024-07-24 10:34:27,29500.0,1100,Buy,226032235
2024-07-24 10:34:28,29500.0,3300,Buy,226032266
2024-07-24 10:34:33,29500.0,100,Sell,226032401
2024-07-24 10:35:00,29500.0,1000,Buy,226033254
2024-07-24 10:35:02,29500.0,100,Sell,226033310
2024-07-24 10:35:58,29500.0,500,Sell,226034722
2024-07-24 10:36:01,29600.0,400,Buy,226034765
2024-07-24 10:36:09,29600.0,900,Buy,226034951
2024-07-24 10:36:30,29600.0,100,Buy,226035553
2024-07-24 10:36:48,29500.0,600,Sell,226035956
2024-07-24 10:37:08,29600.0,1000,Buy,226036426
2024-07-24 10:37:39,29600.0,100,Buy,226037263
2024-07-24 10:37:57,29600.0,300,Buy,226037632
2024-07-24 10:37:58,29600.0,5000,Buy,226037652
2024-07-24 10:38:08,29500.0,500,Sell,226037852
2024-07-24 10:38:26,29500.0,500,Sell,226038277
2024-07-24 10:38:36,29600.0,500,Buy,226038492
2024-07-24 10:38:47,29600.0,100,Buy,226038734
2024-07-24 10:39:18,29600.0,1600,Buy,226039363
2024-07-24 10:39:24,29600.0,6300,Sell,226039491
2024-07-24 10:39:42,29700.0,100,Buy,226039870
2024-07-24 10:41:04,29700.0,1900,Buy,226041443
2024-07-24 10:41:08,29700.0,100,Buy,226041542
2024-07-24 10:41:14,29600.0,1000,Sell,226041753
2024-07-24 10:41:19,29700.0,100,Buy,226041846
2024-07-24 10:41:41,29600.0,3600,Sell,226042256
2024-07-24 10:41:49,29600.0,100,Sell,226042417
2024-07-24 10:41:58,29600.0,1000,Sell,226042597
2024-07-24 10:41:59,29600.0,300,Sell,226042620
2024-07-24 10:42:02,29600.0,100,Sell,226042683
2024-07-24 10:42:07,29700.0,500,Buy,226042856
2024-07-24 10:42:44,29600.0,300,Sell,226043743
2024-07-24 10:44:12,29600.0,10000,Sell,226045990
2024-07-24 10:44:17,29600.0,700,Sell,226046082
2024-07-24 10:44:24,29600.0,1500,Sell,226046229
2024-07-24 10:44:37,29600.0,700,Sell,226046497
2024-07-24 10:44:48,29600.0,2600,Sell,226046831
2024-07-24 10:45:07,29600.0,1000,Buy,226047352
2024-07-24 10:45:13,29600.0,100,Buy,226047585
2024-07-24 10:46:02,29500.0,500,Sell,226049335
2024-07-24 10:46:04,29600.0,500,Buy,226049418
2024-07-24 10:46:19,29600.0,100,Buy,226050177
2024-07-24 10:46:27,29600.0,8000,Buy,226050474
2024-07-24 10:46:38,29600.0,100,Sell,226051008
2024-07-24 10:47:09,29600.0,2000,Sell,226052088
2024-07-24 10:47:12,29700.0,1000,Buy,226052221
2024-07-24 10:47:38,29700.0,1000,Buy,226053328
2024-07-24 10:48:06,29700.0,500,Buy,226054293
2024-07-24 10:48:30,29700.0,300,Buy,226054981
2024-07-24 10:48:32,29700.0,700,Buy,226055076
2024-07-24 10:48:38,29700.0,400,Buy,226055307
2024-07-24 10:48:50,29700.0,3000,Buy,226055765
2024-07-24 10:48:52,29600.0,200,Sell,226055835
2024-07-24 10:48:54,29600.0,200,Sell,226056000
2024-07-24 10:49:00,29700.0,5000,Buy,226056251
2024-07-24 10:49:11,29700.0,2200,Buy,226056770
2024-07-24 10:49:16,29700.0,2000,Buy,226056973
2024-07-24 10:49:21,29700.0,700,Buy,226057140
2024-07-24 10:49:21,29700.0,1000,Buy,226057167
2024-07-24 10:49:23,29700.0,1000,Buy,226057189
2024-07-24 10:49:26,29700.0,9000,Buy,226057302
2024-07-24 10:49:29,29700.0,600,Buy,226057393
2024-07-24 10:49:34,29700.0,5400,Buy,226057552
2024-07-24 10:49:35,29700.0,9500,Buy,226057587
2024-07-24 10:49:36,29700.0,1000,Buy,226057731
2024-07-24 10:49:39,29700.0,7100,Sell,226057833
2024-07-24 10:50:24,29700.0,300,Sell,226059415
2024-07-24 10:50:38,29800.0,2900,Buy,226059886
2024-07-24 10:50:40,29800.0,17700,Buy,226059963
2024-07-24 10:50:44,29800.0,1000,Buy,226060053
2024-07-24 10:50:48,29800.0,500,Buy,226060196
2024-07-24 10:50:51,29800.0,100,Buy,226060298
2024-07-24 10:50:52,29800.0,4300,Buy,226060343
2024-07-24 10:50:53,29800.0,200,Buy,226060372
2024-07-24 10:50:54,29800.0,500,Buy,226060409
2024-07-24 10:50:56,29800.0,10000,Buy,226060445
2024-07-24 10:50:59,29800.0,900,Sell,226060539
2024-07-24 10:51:14,29900.0,700,Buy,226060944
2024-07-24 10:51:23,29900.0,1000,Buy,226061227
2024-07-24 10:51:25,29900.0,2600,Buy,226061273
2024-07-24 10:51:42,30000.0,100,Buy,226061743
2024-07-24 10:51:54,30000.0,3200,Buy,226062103
2024-07-24 10:51:56,30000.0,100,Buy,226062157
2024-07-24 10:51:57,30000.0,3000,Buy,226062198
2024-07-24 10:52:03,30000.0,500,Buy,226062360
2024-07-24 10:52:06,30000.0,400,Buy,226062453
2024-07-24 10:52:09,30000.0,10000,Buy,226062526
2024-07-24 10:52:14,30000.0,4900,Buy,226062647
2024-07-24 10:52:15,30000.0,1000,Buy,226062667
2024-07-24 10:52:18,30000.0,100,Buy,226062726
2024-07-24 10:52:23,30000.0,2100,Buy,226062868
2024-07-24 10:52:26,30000.0,2900,Sell,226062940
2024-07-24 10:52:27,30000.0,2900,Sell,226062961
2024-07-24 10:52:29,30000.0,4200,Sell,226063016
2024-07-24 10:53:00,30100.0,1400,Buy,226063901
2024-07-24 10:53:03,30100.0,1000,Buy,226064006
2024-07-24 10:53:04,30100.0,2000,Buy,226064043
2024-07-24 10:53:06,30100.0,2000,Buy,226064086
2024-07-24 10:53:07,30100.0,1000,Buy,226064102
2024-07-24 10:53:10,30100.0,2000,Buy,226064174
2024-07-24 10:53:17,30100.0,500,Buy,226064341
2024-07-24 10:53:21,30100.0,300,Buy,226064465
2024-07-24 10:53:23,30100.0,5000,Buy,226064591
2024-07-24 10:53:34,30100.0,200,Buy,226064943
2024-07-24 10:53:35,30100.0,1500,Buy,226064990
2024-07-24 10:53:38,30100.0,500,Buy,226065041
2024-07-24 10:53:52,30100.0,600,Buy,226065466
2024-07-24 10:53:55,30100.0,200,Buy,226065565
2024-07-24 10:53:56,30100.0,100,Buy,226065627
2024-07-24 10:54:01,30100.0,300,Buy,226065739
2024-07-24 10:54:04,30000.0,200,Sell,226065828
2024-07-24 10:54:07,29900.0,29200,Sell,226065939
2024-07-24 10:54:09,29900.0,300,Sell,226066001
2024-07-24 10:54:16,30000.0,1000,Buy,226066257
2024-07-24 10:54:17,29900.0,200,Sell,226066295
2024-07-24 10:54:23,29900.0,200,Sell,226066432
2024-07-24 10:54:27,30000.0,200,Buy,226066529
2024-07-24 10:54:49,29900.0,2000,Sell,226067140
2024-07-24 10:54:54,29900.0,100,Sell,226067273
2024-07-24 10:55:18,29900.0,100,Buy,226067879
2024-07-24 10:55:23,29800.0,1000,Sell,226068016
2024-07-24 10:55:41,29800.0,20000,Sell,226068507
2024-07-24 10:55:45,29800.0,100,Sell,226068585
2024-07-24 10:56:05,29800.0,400,Sell,226068939
2024-07-24 10:56:10,29700.0,200,Sell,226069034
2024-07-24 10:56:15,29700.0,8000,Sell,226069132
2024-07-24 10:56:22,29700.0,500,Buy,226069312
2024-07-24 10:56:49,29700.0,100,Buy,226069862
2024-07-24 10:56:51,29700.0,100,Buy,226069889
2024-07-24 10:57:21,29700.0,100,Buy,226070570
2024-07-24 10:57:42,29700.0,2000,Buy,226070990
2024-07-24 10:58:44,29700.0,700,Sell,226071967
2024-07-24 10:58:56,29700.0,500,Buy,226072133
2024-07-24 10:58:57,29700.0,200,Buy,226072146
2024-07-24 10:58:59,29600.0,10000,Sell,226072172
2024-07-24 10:59:31,29600.0,300,Sell,226072660
2024-07-24 10:59:34,29600.0,300,Sell,226072692
2024-07-24 10:59:46,29600.0,500,Sell,226072876
2024-07-24 10:59:51,29700.0,100,Buy,226072970
2024-07-24 10:59:53,29600.0,200,Sell,226073003
2024-07-24 11:00:06,29700.0,2500,Buy,226073256
2024-07-24 11:00:23,29800.0,500,Buy,226073481
2024-07-24 11:00:32,29800.0,400,Buy,226073618
2024-07-24 11:01:15,29800.0,100,Buy,226074355
2024-07-24 11:02:01,29800.0,500,Buy,226074951
2024-07-24 11:02:03,29800.0,3000,Buy,226074969
2024-07-24 11:02:17,29800.0,100,Buy,226075123
2024-07-24 11:02:26,29800.0,200,Buy,226075252
2024-07-24 11:03:15,29800.0,200,Buy,226075851
2024-07-24 11:04:04,29700.0,6000,Sell,226076544
2024-07-24 11:04:07,29800.0,100,Buy,226076570
2024-07-24 11:04:11,29800.0,100,Buy,226076621
2024-07-24 11:04:25,29800.0,300,Buy,226076738
2024-07-24 11:04:32,29800.0,500,Buy,226076861
2024-07-24 11:04:45,29700.0,300,Sell,226077012
2024-07-24 11:04:55,29700.0,300,Sell,226077122
2024-07-24 11:04:57,29800.0,100,Buy,226077151
2024-07-24 11:05:37,29800.0,200,Buy,226077668
2024-07-24 11:05:43,29700.0,300,Sell,226077753
2024-07-24 11:05:44,29800.0,500,Buy,226077765
2024-07-24 11:05:46,30000.0,30000,Buy,226077786
2024-07-24 11:05:49,29700.0,200,Sell,226077828
2024-07-24 11:07:06,29800.0,300,Sell,226078667
2024-07-24 11:07:40,29800.0,300,Sell,226079043
2024-07-24 11:08:08,29800.0,100,Sell,226079327
2024-07-24 11:09:01,29800.0,400,Sell,226080037
2024-07-24 11:09:06,29800.0,7500,Sell,226080100
2024-07-24 11:09:42,29800.0,3500,Sell,226080654
2024-07-24 11:09:49,29800.0,300,Sell,226080728
2024-07-24 11:09:53,29800.0,100,Sell,226080782
2024-07-24 11:10:41,29800.0,500,Sell,226081496
2024-07-24 11:11:02,29800.0,300,Sell,226081734
2024-07-24 11:11:05,29800.0,100,Sell,226081778
2024-07-24 11:11:35,29800.0,200,Sell,226082337
2024-07-24 11:12:08,29800.0,2000,Buy,226082773
2024-07-24 11:12:17,29800.0,2000,Buy,226082883
2024-07-24 11:12:20,29800.0,2000,Buy,226082922
2024-07-24 11:12:33,29800.0,500,Buy,226083120
2024-07-24 11:13:37,29800.0,100,Buy,226084012
2024-07-24 11:14:32,29800.0,100,Buy,226084799
2024-07-24 11:14:37,29800.0,2000,Buy,226084917
2024-07-24 11:14:43,29800.0,1000,Buy,226084981
2024-07-24 11:14:46,29800.0,100,Buy,226085023
2024-07-24 11:15:29,29900.0,100,Buy,226085687
2024-07-24 11:16:22,29800.0,5300,Sell,226086420
2024-07-24 11:16:23,29900.0,200,Buy,226086432
2024-07-24 11:16:38,29900.0,200,Buy,226086768
2024-07-24 11:16:41,29800.0,300,Sell,226086798
2024-07-24 11:16:43,29900.0,600,Buy,226086848
2024-07-24 11:17:05,29800.0,300,Sell,226087211
2024-07-24 11:17:09,29900.0,100,Buy,226087298
2024-07-24 11:17:23,29900.0,600,Buy,226087453
2024-07-24 11:17:35,29900.0,100,Buy,226087645
2024-07-24 11:17:39,29800.0,300,Sell,226087689
2024-07-24 11:18:03,29800.0,1700,Sell,226088084
2024-07-24 11:18:25,29800.0,200,Sell,226088472
2024-07-24 11:18:31,29800.0,200,Sell,226088536
2024-07-24 11:18:59,29800.0,1000,Sell,226088943
2024-07-24 11:19:16,29800.0,300,Sell,226089159
2024-07-24 11:19:53,29800.0,300,Sell,226089761
2024-07-24 11:20:25,29800.0,500,Sell,226090168
2024-07-24 11:20:56,29900.0,2000,Buy,226090541
2024-07-24 11:21:45,29900.0,100,Buy,226091197
2024-07-24 11:21:58,29900.0,500,Buy,226091382
2024-07-24 11:22:05,29900.0,200,Buy,226091451
2024-07-24 11:22:33,29900.0,500,Buy,226091852
2024-07-24 11:22:40,29900.0,200,Buy,226091994
2024-07-24 11:22:59,29800.0,300,Sell,226092224
2024-07-24 11:23:37,29800.0,500,Sell,226092779
2024-07-24 11:23:48,29800.0,1800,Sell,226092900
2024-07-24 11:23:49,29800.0,5400,Sell,226092909
2024-07-24 11:23:55,29800.0,100,Sell,226093035
2024-07-24 11:23:56,29800.0,1300,Sell,226093059
2024-07-24 11:24:18,29800.0,1000,Sell,226093357
2024-07-24 11:24:19,29800.0,1600,Sell,226093366
2024-07-24 11:24:27,29800.0,100,Buy,226093448
2024-07-24 11:24:31,29700.0,300,Sell,226093491
2024-07-24 11:25:17,29700.0,100,Sell,226094135
2024-07-24 11:25:48,29800.0,100,Buy,226094556
2024-07-24 11:27:08,29800.0,500,Buy,226095395
2024-07-24 11:28:21,29700.0,1500,Sell,226096365
2024-07-24 11:28:37,29700.0,2000,Sell,226096521
2024-07-24 11:28:57,29700.0,300,Sell,226096793
2024-07-24 11:29:07,29700.0,200,Sell,226096883
2024-07-24 11:29:27,29800.0,800,Buy,226097334
2024-07-24 11:29:28,29800.0,500,Buy,226097351
2024-07-24 11:29:49,29800.0,100,Buy,226097577
2024-07-24 11:29:53,29800.0,200,Buy,226097628
2024-07-24 11:29:57,29800.0,200,Buy,226097672
2024-07-24 13:00:07,29800.0,2500,Buy,226099814
2024-07-24 13:00:09,29800.0,100,Buy,226100356
2024-07-24 13:00:10,29800.0,2000,Buy,226100616
2024-07-24 13:00:12,29800.0,4900,Buy,226100782
2024-07-24 13:00:12,29800.0,1300,Buy,226100894
2024-07-24 13:00:13,29700.0,300,Sell,226101050
2024-07-24 13:00:13,29700.0,4400,Sell,226100964
2024-07-24 13:00:32,29700.0,3000,Sell,226102201
2024-07-24 13:00:47,29700.0,2000,Sell,226102545
2024-07-24 13:00:54,29700.0,1300,Sell,226102648
2024-07-24 13:01:05,29700.0,100,Sell,226102947
2024-07-24 13:01:09,29700.0,200,Sell,226103043
2024-07-24 13:01:27,29700.0,500,Sell,226103366
2024-07-24 13:01:41,29700.0,300,Sell,226103650
2024-07-24 13:02:00,29700.0,100,Sell,226104029
2024-07-24 13:02:01,29700.0,3200,Sell,226104045
2024-07-24 13:02:08,29700.0,1200,Sell,226104179
2024-07-24 13:02:21,29700.0,300,Sell,226104416
2024-07-24 13:02:31,29700.0,300,Sell,226104630
2024-07-24 13:02:36,29700.0,900,Sell,226104729
2024-07-24 13:02:38,29800.0,3000,Buy,226104768
2024-07-24 13:02:39,29700.0,300,Sell,226104784
2024-07-24 13:02:45,29800.0,3000,Buy,226104917
2024-07-24 13:02:47,29700.0,300,Sell,226104960
2024-07-24 13:02:50,29700.0,300,Sell,226105028
2024-07-24 13:02:59,29700.0,3000,Sell,226105156
2024-07-24 13:03:08,29700.0,400,Sell,226105320
2024-07-24 13:03:11,29800.0,1000,Buy,226105360
2024-07-24 13:03:20,29700.0,300,Sell,226105506
2024-07-24 13:03:34,29800.0,1000,Buy,226105784
2024-07-24 13:03:47,29700.0,600,Sell,226106066
2024-07-24 13:04:03,29700.0,4100,Sell,226106322
2024-07-24 13:04:22,29700.0,900,Sell,226106630
2024-07-24 13:04:25,29700.0,1000,Sell,226106699
2024-07-24 13:04:45,29700.0,1000,Sell,226107148
2024-07-24 13:04:52,29700.0,100,Sell,226107270
2024-07-24 13:04:53,29700.0,100,Sell,226107296
2024-07-24 13:05:01,29700.0,200,Sell,226107451
2024-07-24 13:05:04,29700.0,2000,Sell,226107520
2024-07-24 13:05:11,29700.0,10000,Sell,226107609
2024-07-24 13:05:13,29700.0,8000,Sell,226107642
2024-07-24 13:05:19,29700.0,100,Sell,226107769
2024-07-24 13:05:20,29700.0,300,Sell,226107804
2024-07-24 13:05:33,29700.0,300,Sell,226108104
2024-07-24 13:05:37,29700.0,300,Sell,226108159
2024-07-24 13:05:55,29700.0,300,Sell,226108485
2024-07-24 13:06:10,29700.0,2000,Sell,226108806
2024-07-24 13:06:23,29700.0,100,Sell,226109028
2024-07-24 13:06:41,29700.0,100,Sell,226109415
2024-07-24 13:06:49,29700.0,100,Sell,226109573
2024-07-24 13:07:23,29700.0,200,Sell,226110397
2024-07-24 13:07:35,29700.0,1000,Sell,226110659
2024-07-24 13:07:40,29700.0,200,Sell,226110757
2024-07-24 13:07:42,29700.0,300,Sell,226110788
2024-07-24 13:07:46,29700.0,300,Sell,226110844
2024-07-24 13:08:09,29700.0,300,Sell,226111555
2024-07-24 13:08:24,29700.0,700,Sell,226112672
2024-07-24 13:08:40,29800.0,20000,Buy,226113569
2024-07-24 13:08:48,29700.0,200,Sell,226113838
2024-07-24 13:09:08,29800.0,1000,Buy,226114505
2024-07-24 13:09:11,29700.0,1700,Sell,226114696
2024-07-24 13:09:14,29800.0,800,Sell,226114801
2024-07-24 13:09:17,29800.0,5000,Sell,226114892
2024-07-24 13:09:18,29800.0,400,Sell,226114935
2024-07-24 13:09:19,29800.0,200,Sell,226114973
2024-07-24 13:09:20,29800.0,200,Sell,226115044
2024-07-24 13:09:47,29800.0,1200,Sell,226115977
2024-07-24 13:10:36,29700.0,16000,Sell,226117705
2024-07-24 13:10:48,29700.0,300,Sell,226118192
2024-07-24 13:11:22,29900.0,3000,Buy,226119532
2024-07-24 13:11:40,29900.0,100,Buy,226120093
2024-07-24 13:11:54,29900.0,100,Buy,226120651
2024-07-24 13:12:11,29900.0,1000,Buy,226121235
2024-07-24 13:12:14,29900.0,100,Buy,226121349
2024-07-24 13:12:26,29900.0,100,Buy,226121691
2024-07-24 13:12:31,29800.0,200,Sell,226121836
2024-07-24 13:12:34,29900.0,1000,Buy,226121931
2024-07-24 13:12:40,29900.0,500,Buy,226122101
2024-07-24 13:12:41,29900.0,100,Buy,226122147
2024-07-24 13:12:45,29800.0,300,Sell,226122257
2024-07-24 13:12:53,29900.0,500,Buy,226122514
2024-07-24 13:13:08,29900.0,500,Buy,226122933
2024-07-24 13:13:11,29900.0,5000,Buy,226123053
2024-07-24 13:13:26,29900.0,33800,Sell,226123450
2024-07-24 13:13:37,29900.0,100,Sell,226123882
2024-07-24 13:13:42,29900.0,200,Sell,226124039
2024-07-24 13:13:57,30000.0,5000,Buy,226124582
2024-07-24 13:14:20,30000.0,200,Buy,226125312
2024-07-24 13:14:40,30000.0,100,Buy,226125883
2024-07-24 13:14:43,30000.0,500,Buy,226125966
2024-07-24 13:14:45,30000.0,200,Buy,226126029
2024-07-24 13:14:46,29900.0,200,Sell,226126080
2024-07-24 13:14:48,30000.0,100,Buy,226126119
2024-07-24 13:15:02,30000.0,200,Buy,226126606
2024-07-24 13:15:10,29900.0,4000,Sell,226126851
2024-07-24 13:15:37,29900.0,100,Sell,226127748
2024-07-24 13:15:51,30000.0,400,Buy,226128178
2024-07-24 13:16:03,30000.0,100,Buy,226128419
2024-07-24 13:16:05,29900.0,200,Sell,226128479
2024-07-24 13:16:06,30000.0,300,Buy,226128503
2024-07-24 13:16:12,30000.0,300,Buy,226128671
2024-07-24 13:16:14,29900.0,1000,Sell,226128734
2024-07-24 13:16:16,30000.0,400,Buy,226128834
2024-07-24 13:16:19,29900.0,100,Sell,226128920
2024-07-24 13:16:33,29900.0,100,Sell,226129372
2024-07-24 13:16:43,30000.0,500,Buy,226129659
2024-07-24 13:16:47,30000.0,200,Buy,226129758
2024-07-24 13:16:52,30000.0,200,Buy,226129924
2024-07-24 13:16:54,30000.0,400,Buy,226129989
2024-07-24 13:16:56,30000.0,10000,Buy,226130031
2024-07-24 13:16:59,30000.0,500,Buy,226130128
2024-07-24 13:17:06,30000.0,500,Buy,226130329
2024-07-24 13:17:12,29900.0,200,Sell,226130491
2024-07-24 13:17:15,30000.0,100,Buy,226130553
2024-07-24 13:17:19,30000.0,400,Buy,226130671
2024-07-24 13:17:26,30000.0,300,Buy,226130829
2024-07-24 13:17:37,29900.0,200,Sell,226131063
2024-07-24 13:17:44,30000.0,700,Buy,226131290
2024-07-24 13:18:28,30000.0,4000,Buy,226132475
2024-07-24 13:18:29,30000.0,100,Buy,226132507
2024-07-24 13:19:00,30000.0,1000,Buy,226133226
2024-07-24 13:19:09,30000.0,1000,Buy,226133398
2024-07-24 13:19:12,30000.0,10000,Buy,226133490
2024-07-24 13:19:30,30000.0,200,Buy,226133897
2024-07-24 13:19:31,30000.0,1000,Buy,226133915
2024-07-24 13:19:36,30000.0,500,Buy,226134031
2024-07-24 13:19:42,30000.0,100,Buy,226134149
2024-07-24 13:19:44,30000.0,1000,Buy,226134181
2024-07-24 13:19:53,30000.0,1700,Buy,226134387
2024-07-24 13:19:58,30000.0,200,Buy,226134578
2024-07-24 13:20:16,30000.0,1000,Buy,226134968
2024-07-24 13:20:36,29900.0,100,Sell,226135353
2024-07-24 13:20:45,29900.0,1000,Sell,226135685
2024-07-24 13:21:08,30000.0,2500,Buy,226136310
2024-07-24 13:21:34,29900.0,500,Sell,226136980
2024-07-24 13:21:37,30000.0,200,Buy,226137040
2024-07-24 13:21:39,30000.0,700,Buy,226137076
2024-07-24 13:21:52,30000.0,500,Buy,226137435
2024-07-24 13:21:53,29900.0,300,Sell,226137476
2024-07-24 13:21:57,29900.0,200,Sell,226137589
2024-07-24 13:22:09,29900.0,3000,Sell,226137844
2024-07-24 13:22:09,29900.0,1100,Sell,226137810
2024-07-24 13:22:14,30000.0,100,Buy,226137970
2024-07-24 13:22:15,29900.0,500,Sell,226138005
2024-07-24 13:22:37,30000.0,1000,Buy,226138607
2024-07-24 13:23:05,29900.0,9000,Sell,226139411
2024-07-24 13:23:08,30000.0,5000,Buy,226139528
2024-07-24 13:23:32,30000.0,500,Buy,226140300
2024-07-24 13:23:42,30000.0,100,Buy,226140589
2024-07-24 13:23:46,30000.0,1000,Buy,226140749
2024-07-24 13:23:48,30000.0,1100,Buy,226140793
2024-07-24 13:23:55,30000.0,100,Buy,226140953
2024-07-24 13:23:56,29900.0,300,Sell,226141017
2024-07-24 13:24:14,30000.0,300,Buy,226141569
2024-07-24 13:24:24,30000.0,500,Buy,226141876
2024-07-24 13:24:28,30000.0,1000,Buy,226141997
2024-07-24 13:24:41,30000.0,200,Buy,226142488
2024-07-24 13:24:50,30000.0,20000,Buy,226142801
2024-07-24 13:24:56,30000.0,1000,Buy,226143144
2024-07-24 13:24:59,30000.0,200,Buy,226143298
2024-07-24 13:25:02,30000.0,300,Buy,226143408
2024-07-24 13:25:12,30000.0,500,Buy,226143828
2024-07-24 13:25:14,30000.0,2000,Buy,226143924
2024-07-24 13:25:16,30000.0,5000,Buy,226144001
2024-07-24 13:25:17,30000.0,100,Buy,226144044
2024-07-24 13:25:20,29900.0,14000,Sell,226144152
2024-07-24 13:25:21,30000.0,6000,Buy,226144190
2024-07-24 13:25:22,30000.0,500,Buy,226144211
2024-07-24 13:25:26,30000.0,5000,Buy,226144339
2024-07-24 13:25:26,30000.0,600,Buy,226144355
2024-07-24 13:25:27,30000.0,2000,Buy,226144380
2024-07-24 13:25:29,30000.0,60700,Buy,226144414
2024-07-24 13:25:35,30000.0,500,Sell,226144686
2024-07-24 13:25:37,30000.0,13700,Sell,226144724
2024-07-24 13:25:43,30100.0,20000,Buy,226145024
2024-07-24 13:25:52,30100.0,200,Buy,226145317
2024-07-24 13:25:59,30100.0,3000,Buy,226145778
2024-07-24 13:26:00,30100.0,500,Buy,226145808
2024-07-24 13:26:04,30100.0,1300,Buy,226146106
2024-07-24 13:26:07,30100.0,100,Buy,226146251
2024-07-24 13:26:11,30100.0,3500,Buy,226146501
2024-07-24 13:26:12,30100.0,3300,Buy,226146587
2024-07-24 13:26:17,30100.0,1200,Buy,226146747
2024-07-24 13:26:19,30100.0,2000,Buy,226146826
2024-07-24 13:26:22,30100.0,100,Buy,226147030
2024-07-24 13:26:26,30100.0,2100,Buy,226147236
2024-07-24 13:26:27,30100.0,700,Buy,226147279
2024-07-24 13:26:32,30100.0,100,Buy,226147667
2024-07-24 13:26:36,30100.0,900,Buy,226147843
2024-07-24 13:26:38,30100.0,2000,Buy,226147931
2024-07-24 13:26:40,30100.0,1000,Buy,226148029
2024-07-24 13:26:45,30100.0,800,Buy,226148270
2024-07-24 13:26:48,30100.0,1100,Buy,226148432
2024-07-24 13:26:50,30100.0,500,Buy,226148501
2024-07-24 13:27:08,30200.0,10000,Buy,226149445
2024-07-24 13:27:14,30200.0,3300,Buy,226149761
2024-07-24 13:27:18,30200.0,5000,Buy,226149958
2024-07-24 13:27:22,30200.0,3800,Buy,226150106
2024-07-24 13:27:33,30300.0,100,Buy,226150717
2024-07-24 13:27:41,30300.0,5000,Buy,226151237
2024-07-24 13:27:42,30300.0,2100,Buy,226151282
2024-07-24 13:27:51,30300.0,10000,Buy,226151781
2024-07-24 13:27:54,30300.0,10100,Buy,226151934
2024-07-24 13:27:56,30300.0,100,Buy,226152026
2024-07-24 13:27:59,30300.0,3000,Buy,226152193
2024-07-24 13:28:07,30400.0,1900,Buy,226152485
2024-07-24 13:28:18,30400.0,2400,Buy,226153084
2024-07-24 13:28:22,30400.0,14000,Buy,226153263
2024-07-24 13:28:27,30400.0,7000,Buy,226153506
2024-07-24 13:28:28,30400.0,2300,Buy,226153560
2024-07-24 13:28:29,30400.0,3000,Buy,226153589
2024-07-24 13:28:31,30400.0,2000,Buy,226153648
2024-07-24 13:28:32,30400.0,1900,Buy,226153745
2024-07-24 13:28:33,30400.0,600,Buy,226153782
2024-07-24 13:28:35,30400.0,2500,Buy,226153906
2024-07-24 13:28:37,30400.0,1300,Buy,226154004
2024-07-24 13:28:42,30400.0,100,Sell,226154298
2024-07-24 13:28:49,30400.0,500,Sell,226154564
2024-07-24 13:28:50,30400.0,1000,Sell,226154679
2024-07-24 13:28:57,30400.0,300,Sell,226155111
2024-07-24 13:28:58,30400.0,200,Sell,226155167
2024-07-24 13:29:02,30400.0,100,Sell,226155351
2024-07-24 13:29:05,30500.0,400,Buy,226155477
2024-07-24 13:29:15,30500.0,200,Buy,226155993
2024-07-24 13:29:18,30500.0,1000,Buy,226156137
2024-07-24 13:29:21,30500.0,200,Buy,226156280
2024-07-24 13:29:23,30500.0,100,Buy,226156374
2024-07-24 13:29:26,30400.0,3000,Sell,226156499
2024-07-24 13:29:27,30400.0,14800,Sell,226156557
2024-07-24 13:29:38,30400.0,5100,Buy,226156974
2024-07-24 13:29:39,30400.0,2300,Buy,226157023
2024-07-24 13:29:41,30400.0,1800,Buy,226157100
2024-07-24 13:29:52,30400.0,15000,Buy,226157612
2024-07-24 13:29:53,30400.0,200,Buy,226157649
2024-07-24 13:29:55,30400.0,1000,Buy,226157723
2024-07-24 13:29:56,30400.0,1000,Buy,226157757
2024-07-24 13:29:59,30400.0,10500,Buy,226157946
2024-07-24 13:30:01,30400.0,1000,Buy,226158032
2024-07-24 13:30:07,30400.0,5000,Buy,226158291
2024-07-24 13:30:16,30400.0,3100,Buy,226158649
2024-07-24 13:30:19,30400.0,2000,Buy,226158762
2024-07-24 13:30:25,30400.0,100,Buy,226159103
2024-07-24 13:30:31,30400.0,100,Buy,226159335
2024-07-24 13:30:34,30400.0,100,Buy,226159585
2024-07-24 13:30:35,30300.0,10000,Sell,226159625
2024-07-24 13:30:36,30300.0,7700,Buy,226159670
2024-07-24 13:30:42,30400.0,8900,Buy,226159867
2024-07-24 13:30:44,30300.0,700,Sell,226159958
2024-07-24 13:30:48,30300.0,2000,Buy,226160115
2024-07-24 13:30:53,30300.0,200,Buy,226160335
2024-07-24 13:30:54,30300.0,200,Buy,226160366
2024-07-24 13:30:55,30300.0,1000,Buy,226160400
2024-07-24 13:30:58,30300.0,500,Buy,226160501
2024-07-24 13:31:00,30300.0,500,Buy,226160624
2024-07-24 13:31:02,30200.0,1000,Sell,226160683
2024-07-24 13:31:04,30300.0,2100,Buy,226160767
2024-07-24 13:31:05,30200.0,500,Sell,226160808
2024-07-24 13:31:10,30300.0,200,Buy,226161038
2024-07-24 13:31:38,30300.0,200,Buy,226162473
2024-07-24 13:31:41,30200.0,500,Sell,226162622
2024-07-24 13:31:45,30200.0,200,Sell,226162796
2024-07-24 13:31:47,30200.0,10000,Sell,226162921
2024-07-24 13:31:48,30200.0,6600,Sell,226162964
2024-07-24 13:31:56,30200.0,200,Buy,226163331
2024-07-24 13:31:59,30200.0,500,Buy,226163457
2024-07-24 13:32:01,30100.0,100,Sell,226163535
2024-07-24 13:32:03,30200.0,100,Buy,226163631
2024-07-24 13:32:06,30100.0,3000,Sell,226163773
2024-07-24 13:32:15,30100.0,100,Sell,226164232
2024-07-24 13:32:23,30200.0,100,Buy,226164651
2024-07-24 13:32:39,30200.0,300,Buy,226165424
2024-07-24 13:32:50,30200.0,800,Buy,226165928
2024-07-24 13:33:08,30200.0,500,Buy,226166688
2024-07-24 13:33:12,30100.0,500,Sell,226166843
2024-07-24 13:33:15,30100.0,3900,Sell,226166923
2024-07-24 13:33:16,30100.0,1000,Buy,226166957
2024-07-24 13:33:25,30100.0,1000,Buy,226167264
2024-07-24 13:33:27,30100.0,100,Buy,226167351
2024-07-24 13:33:33,30100.0,300,Buy,226167645
2024-07-24 13:33:35,30100.0,100,Buy,226167691
2024-07-24 13:33:50,30100.0,500,Buy,226168294
2024-07-24 13:34:08,30000.0,200,Sell,226169029
2024-07-24 13:34:14,30100.0,5000,Buy,226169207
2024-07-24 13:34:23,30000.0,1000,Sell,226169593
2024-07-24 13:34:31,30100.0,200,Buy,226169865
2024-07-24 13:34:36,30100.0,500,Buy,226170007
2024-07-24 13:34:39,30000.0,1400,Sell,226170091
2024-07-24 13:34:53,30000.0,200,Sell,226170555
2024-07-24 13:35:00,30000.0,5000,Sell,226170876
2024-07-24 13:35:04,30100.0,2500,Buy,226170963
2024-07-24 13:35:08,30000.0,1400,Sell,226171110
2024-07-24 13:35:17,30000.0,1800,Sell,226171275
2024-07-24 13:35:18,30100.0,1500,Buy,226171312
2024-07-24 13:35:30,30100.0,100,Buy,226171697
2024-07-24 13:35:44,29900.0,40000,Sell,226172098
2024-07-24 13:35:45,30000.0,200,ATO/ATC,226172131
2024-07-24 13:35:46,30100.0,100,Buy,226172149
2024-07-24 13:35:48,30000.0,1000,Buy,226172198
2024-07-24 13:35:58,30000.0,1200,Buy,226172442
2024-07-24 13:36:05,30000.0,100,Buy,226172608
2024-07-24 13:36:14,30000.0,100,Buy,226172847
2024-07-24 13:36:17,29900.0,700,Sell,226172957
2024-07-24 13:36:24,29900.0,1500,Sell,226173110
2024-07-24 13:36:25,30000.0,500,Buy,226173128
2024-07-24 13:36:30,29900.0,200,Sell,226173241
2024-07-24 13:36:39,29900.0,1000,Sell,226173463
2024-07-24 13:37:16,29900.0,100,Sell,226174250
2024-07-24 13:37:55,29900.0,5200,Sell,226175113
2024-07-24 13:38:11,29900.0,200,Sell,226175507
2024-07-24 13:38:16,29900.0,1000,Sell,226175605
2024-07-24 13:38:30,29900.0,1000,Sell,226175988
2024-07-24 13:38:51,29900.0,4000,Sell,226176438
2024-07-24 13:38:59,29900.0,200,Sell,226176632
2024-07-24 13:39:00,29900.0,1000,Sell,226176656
2024-07-24 13:39:52,30000.0,100,Buy,226177795
2024-07-24 13:40:03,30000.0,500,Buy,226178071
2024-07-24 13:40:27,30000.0,100,Buy,226178639
2024-07-24 13:40:48,30000.0,900,Buy,226179149
2024-07-24 13:40:51,30000.0,6100,Buy,226179242
2024-07-24 13:40:52,30000.0,500,Buy,226179278
2024-07-24 13:40:59,30000.0,100,Buy,226179413
2024-07-24 13:41:00,29900.0,100,Sell,226179429
2024-07-24 13:41:05,30000.0,400,Buy,226179520
2024-07-24 13:41:21,30000.0,200,Buy,226179939
2024-07-24 13:41:40,30000.0,100,Buy,226180344
2024-07-24 13:41:43,30000.0,100,Buy,226180430
2024-07-24 13:41:51,30000.0,2000,Buy,226180602
2024-07-24 13:42:00,30000.0,2000,Buy,226180788
2024-07-24 13:42:01,30000.0,3000,Buy,226180804
2024-07-24 13:42:04,30000.0,5000,Buy,226180862
2024-07-24 13:42:06,30000.0,12200,Sell,226180908
2024-07-24 13:42:27,30100.0,200,Buy,226181370
2024-07-24 13:42:30,30100.0,3100,Buy,226181435
2024-07-24 13:42:32,30100.0,400,Sell,226181493
2024-07-24 13:43:23,30100.0,300,Sell,226182782
2024-07-24 13:44:46,30100.0,3000,Sell,226184803
2024-07-24 13:45:10,30200.0,1000,Buy,226185455
2024-07-24 13:45:29,30100.0,8200,Buy,226185824
2024-07-24 13:45:57,30100.0,200,Buy,226186444
2024-07-24 13:46:02,30000.0,1000,Sell,226186526
2024-07-24 13:46:55,30000.0,2700,Sell,226187574
2024-07-24 13:47:08,29900.0,47400,Sell,226187852
2024-07-24 13:47:13,30100.0,100,Buy,226187968
2024-07-24 13:47:53,30000.0,500,Buy,226188811
2024-07-24 13:47:59,29900.0,1300,Sell,226188957
2024-07-24 13:48:01,30000.0,400,Buy,226188985
2024-07-24 13:48:16,30000.0,100,Buy,226189313
2024-07-24 13:48:16,30000.0,100,Buy,226189333
2024-07-24 13:48:26,29900.0,1000,Sell,226189552
2024-07-24 13:48:48,30000.0,100,Buy,226190042
2024-07-24 13:48:54,29900.0,200,Sell,226190256
2024-07-24 13:49:03,29900.0,200,Sell,226190443
2024-07-24 13:49:13,30000.0,2000,Buy,226190605
2024-07-24 13:49:29,30000.0,1000,Buy,226190953
2024-07-24 13:49:37,30000.0,100,Buy,226191104
2024-07-24 13:50:07,30000.0,3000,Buy,226191740
2024-07-24 13:50:30,30000.0,100,Buy,226192275
2024-07-24 13:50:31,30000.0,100,Buy,226192346
2024-07-24 13:50:41,30000.0,900,Buy,226192611
2024-07-24 13:50:57,30000.0,1000,Buy,226192989
2024-07-24 13:50:59,30000.0,100,Buy,226193057
2024-07-24 13:51:18,30000.0,100,Buy,226193469
2024-07-24 13:51:18,30000.0,200,Buy,226193490
2024-07-24 13:51:35,30000.0,5000,Buy,226193835
2024-07-24 13:51:39,29900.0,300,Sell,226193918
2024-07-24 13:51:49,30000.0,100,Buy,226194119
2024-07-24 13:51:52,30000.0,500,Buy,226194198
2024-07-24 13:51:56,30000.0,11700,Sell,226194252
2024-07-24 13:52:37,30000.0,800,Sell,226195133
2024-07-24 13:52:40,30000.0,100,Sell,226195183
2024-07-24 13:53:05,30000.0,1500,Sell,226195896
2024-07-24 13:53:11,30000.0,500,Sell,226196081
2024-07-24 13:53:30,30000.0,5000,Sell,226196617
2024-07-24 13:53:37,30000.0,7000,Buy,226196800
2024-07-24 13:53:49,30000.0,200,Buy,226197143
2024-07-24 13:53:56,30000.0,1000,Buy,226197271
2024-07-24 13:53:57,30000.0,100,Buy,226197309
2024-07-24 13:54:52,30000.0,400,Buy,226198854
2024-07-24 13:54:56,29900.0,1000,Sell,226199030
2024-07-24 13:55:41,29900.0,9700,Sell,226201224
2024-07-24 13:55:45,29900.0,200,Sell,226201429
2024-07-24 13:55:50,29900.0,1000,Sell,226201655
2024-07-24 13:55:59,29900.0,3600,Sell,226202150
2024-07-24 13:56:01,29900.0,14500,ATO/ATC,226202220
2024-07-24 13:56:02,29800.0,39200,Buy,226202273
2024-07-24 13:56:03,29700.0,5000,Sell,226202309
2024-07-24 13:56:20,29800.0,100,Buy,226203303
2024-07-24 13:56:30,29800.0,100,Buy,226203821
2024-07-24 13:56:40,29800.0,100,Buy,226204220
2024-07-24 13:56:45,29800.0,100,Buy,226204610
2024-07-24 13:56:52,29800.0,400,Buy,226204862
2024-07-24 13:56:59,29800.0,300,Buy,226205204
2024-07-24 13:57:03,29800.0,2000,Buy,226205329
2024-07-24 13:57:08,29800.0,100,Buy,226205551
2024-07-24 13:57:11,29800.0,2000,Buy,226205735
2024-07-24 13:57:13,29800.0,2500,Buy,226205854
2024-07-24 13:57:16,29800.0,100,Buy,226205993
2024-07-24 13:57:17,29800.0,400,Sell,226206023
2024-07-24 13:57:37,29800.0,9600,Buy,226206940
2024-07-24 13:57:40,29800.0,100,Buy,226207060
2024-07-24 13:57:45,29800.0,500,Buy,226207226
2024-07-24 13:57:47,29800.0,3000,Buy,226207268
2024-07-24 13:57:49,29800.0,500,Buy,226207311
2024-07-24 13:57:52,29800.0,3000,Buy,226207421
2024-07-24 13:57:56,29800.0,3300,Sell,226207545
2024-07-24 13:58:05,29800.0,1000,Sell,226207866
2024-07-24 13:58:10,29800.0,700,Buy,226208096
2024-07-24 13:58:12,29800.0,100,Buy,226208128
2024-07-24 13:58:21,29800.0,500,Buy,226208417
2024-07-24 13:58:27,29800.0,100,Buy,226208583
2024-07-24 13:58:29,29800.0,800,Buy,226208654
2024-07-24 13:58:32,29700.0,200,Sell,226208780
2024-07-24 13:58:35,29800.0,2000,Buy,226208856
2024-07-24 13:58:46,29800.0,100,Buy,226209201
2024-07-24 13:58:57,29800.0,100,Buy,226209524
2024-07-24 13:58:58,29700.0,500,Sell,226209558
2024-07-24 13:59:09,29700.0,800,Sell,226209822
2024-07-24 13:59:14,29800.0,100,Buy,226209989
2024-07-24 13:59:22,29800.0,300,Buy,226210308
2024-07-24 13:59:24,29800.0,100,Buy,226210408
2024-07-24 13:59:26,29700.0,700,Sell,226210470
2024-07-24 13:59:27,29700.0,500,Sell,226210497
2024-07-24 13:59:33,29800.0,1300,Buy,226210673
2024-07-24 13:59:48,29700.0,5000,Sell,226211111
2024-07-24 13:59:50,29800.0,10000,Buy,226211177
2024-07-24 13:59:52,29800.0,300,Buy,226211222
2024-07-24 13:59:54,29800.0,100,Buy,226211324
2024-07-24 13:59:57,29800.0,700,Buy,226211421
2024-07-24 13:59:59,29700.0,3000,Sell,226211488
2024-07-24 14:00:02,29800.0,200,Sell,226211598
2024-07-24 14:00:19,29800.0,1200,Sell,226211989
2024-07-24 14:00:21,29900.0,1000,Buy,226212027
2024-07-24 14:00:34,29900.0,300,Buy,226212391
2024-07-24 14:00:41,29900.0,600,Buy,226212574
2024-07-24 14:00:51,29900.0,300,Buy,226212835
2024-07-24 14:00:53,29900.0,1000,Buy,226212887
2024-07-24 14:00:56,29900.0,800,Buy,226212985
2024-07-24 14:00:59,29900.0,2000,Sell,226213049
2024-07-24 14:02:32,30000.0,3700,Buy,226215592
2024-07-24 14:02:55,30000.0,3600,Buy,226216312
2024-07-24 14:02:59,30000.0,200,Buy,226216428
2024-07-24 14:03:00,30000.0,15500,Buy,226216454
2024-07-24 14:03:03,30000.0,900,Buy,226216519
2024-07-24 14:03:06,30100.0,14300,Buy,226216600
2024-07-24 14:03:52,30100.0,5000,Buy,226217727
2024-07-24 14:03:59,30100.0,500,Buy,226217874
2024-07-24 14:04:05,30100.0,100,Buy,226217960
2024-07-24 14:04:12,30100.0,1000,Buy,226218068
2024-07-24 14:04:20,30100.0,500,Buy,226218248
2024-07-24 14:04:25,30100.0,17600,Sell,226218359
2024-07-24 14:04:33,30100.0,100,Sell,226218560
2024-07-24 14:04:34,30100.0,14600,Sell,226218574
2024-07-24 14:04:43,30100.0,1800,Sell,226218754
2024-07-24 14:04:48,30200.0,100,Buy,226218868
2024-07-24 14:05:15,30200.0,10000,Buy,226219408
2024-07-24 14:05:22,30100.0,100,Sell,226219605
2024-07-24 14:05:23,30200.0,100,Buy,226219619
2024-07-24 14:05:24,30100.0,1600,Buy,226219654
2024-07-24 14:06:37,30000.0,10000,Sell,226221175
2024-07-24 14:06:41,30000.0,7500,Sell,226221290
2024-07-24 14:06:45,30000.0,900,Sell,226221422
2024-07-24 14:06:46,29900.0,2300,Sell,226221440
2024-07-24 14:07:34,29900.0,200,Sell,226222759
2024-07-24 14:07:45,29900.0,5300,Sell,226223089
2024-07-24 14:07:54,30000.0,200,Sell,226223342
2024-07-24 14:08:11,30000.0,1600,Sell,226223689
2024-07-24 14:08:35,30000.0,1000,Buy,226224177
2024-07-24 14:08:41,30000.0,500,Buy,226224367
2024-07-24 14:08:54,30000.0,3000,Buy,226224750
2024-07-24 14:09:18,30000.0,2000,Buy,226225347
2024-07-24 14:09:24,30000.0,1000,Buy,226225596
2024-07-24 14:09:51,30000.0,100,Buy,226226227
2024-07-24 14:10:02,30000.0,200,Buy,226226440
2024-07-24 14:10:03,30000.0,400,Buy,226226448
2024-07-24 14:10:47,30000.0,200,Buy,226227354
2024-07-24 14:11:03,30000.0,1000,Buy,226227690
2024-07-24 14:11:09,30000.0,100,Buy,226227829
2024-07-24 14:11:19,30000.0,5000,Buy,226228017
2024-07-24 14:11:23,30000.0,300,Buy,226228074
2024-07-24 14:11:26,30000.0,700,Buy,226228172
2024-07-24 14:11:35,30000.0,100,Buy,226228374
2024-07-24 14:11:38,29900.0,5000,Sell,226228445
2024-07-24 14:12:17,29900.0,3000,Sell,226229134
2024-07-24 14:13:09,29900.0,200,Sell,226230132
2024-07-24 14:14:03,29900.0,1600,Sell,226231326
2024-07-24 14:14:11,30000.0,100,Buy,226231508
2024-07-24 14:14:58,30000.0,200,Buy,226232451
2024-07-24 14:15:16,30000.0,1000,Buy,226232966
2024-07-24 14:15:17,30000.0,2300,Buy,226233018
2024-07-24 14:15:19,30000.0,20000,Buy,226233035
2024-07-24 14:15:27,30000.0,200,Buy,226233234
2024-07-24 14:15:29,30000.0,200,Buy,226233264
2024-07-24 14:15:34,30000.0,1500,Buy,226233448
2024-07-24 14:15:37,29900.0,4700,Sell,226233505
2024-07-24 14:15:38,30000.0,200,Buy,226233532
2024-07-24 14:15:40,30000.0,400,Buy,226233612
2024-07-24 14:15:42,30000.0,200,Buy,226233666
2024-07-24 14:15:42,30000.0,1200,Sell,226233700
2024-07-24 14:15:44,30000.0,1000,Sell,226233719
2024-07-24 14:16:16,30100.0,100,Buy,226234576
2024-07-24 14:16:21,30100.0,200,Buy,226234717
2024-07-24 14:16:31,30100.0,400,Buy,226235023
2024-07-24 14:16:44,30100.0,10600,Buy,226235512
2024-07-24 14:16:47,30100.0,2500,Buy,226235619
2024-07-24 14:16:53,30100.0,2500,Buy,226235797
2024-07-24 14:16:55,30100.0,1000,Buy,226235879
2024-07-24 14:16:59,30100.0,1000,Buy,226236001
2024-07-24 14:17:04,30100.0,2500,Buy,226236229
2024-07-24 14:17:07,30100.0,800,Buy,226236323
2024-07-24 14:17:20,30100.0,7800,Buy,226236849
2024-07-24 14:17:27,30100.0,7000,Buy,226237145
2024-07-24 14:17:28,30100.0,800,Sell,226237184
2024-07-24 14:17:32,30000.0,5000,Sell,226237424
2024-07-24 14:17:44,30100.0,300,Sell,226238084
2024-07-24 14:17:59,30200.0,100,Buy,226238868
2024-07-24 14:18:21,30200.0,100,Buy,226240367
2024-07-24 14:18:30,30200.0,100,Buy,226240937
2024-07-24 14:18:37,30200.0,10000,Buy,226241358
2024-07-24 14:18:45,30200.0,30000,Buy,226241699
2024-07-24 14:18:53,30200.0,1200,Buy,226242093
2024-07-24 14:19:00,30300.0,2500,Buy,226242517
2024-07-24 14:19:09,30300.0,1000,Buy,226243070
2024-07-24 14:19:19,30300.0,500,Buy,226243628
2024-07-24 14:19:20,30300.0,500,Buy,226243703
2024-07-24 14:19:21,30300.0,1100,Buy,226243740
2024-07-24 14:19:28,30300.0,5000,Buy,226244120
2024-07-24 14:19:30,30300.0,100,Buy,226244221
2024-07-24 14:19:33,30300.0,5500,Buy,226244361
2024-07-24 14:19:46,30300.0,300,Buy,226245148
2024-07-24 14:19:49,30300.0,200,Buy,226245321
2024-07-24 14:19:56,30300.0,4900,Buy,226245632
2024-07-24 14:19:57,30300.0,100,Buy,226245675
2024-07-24 14:19:58,30300.0,1000,Buy,226245721
2024-07-24 14:20:00,30300.0,10000,Buy,226245833
2024-07-24 14:20:05,30300.0,1000,Buy,226246193
2024-07-24 14:20:07,30300.0,5000,Buy,226246386
2024-07-24 14:20:10,30300.0,100,Buy,226246539
2024-07-24 14:20:11,30300.0,2500,Sell,226246578
2024-07-24 14:21:04,30400.0,5400,Buy,226249421
2024-07-24 14:21:07,30400.0,1800,Buy,226249575
2024-07-24 14:21:12,30300.0,900,Sell,226249892
2024-07-24 14:21:13,30400.0,2400,Buy,226250014
2024-07-24 14:21:14,30400.0,5100,Buy,226250074
2024-07-24 14:21:16,30400.0,5000,Buy,226250186
2024-07-24 14:21:21,30400.0,100,Buy,226250607
2024-07-24 14:21:24,30400.0,1200,Buy,226250762
2024-07-24 14:21:26,30400.0,200,Sell,226250874
2024-07-24 14:21:33,30500.0,500,Buy,226251426
2024-07-24 14:21:40,30500.0,40000,Buy,226251950
2024-07-24 14:21:43,30500.0,800,Buy,226252213
2024-07-24 14:21:46,30500.0,500,Buy,226252583
2024-07-24 14:21:47,30400.0,100,Sell,226252683
2024-07-24 14:21:50,30400.0,300,Sell,226252966
2024-07-24 14:21:51,30500.0,2000,Buy,226253042
2024-07-24 14:21:56,30500.0,3500,Buy,226253442
2024-07-24 14:21:57,30500.0,500,Buy,226253484
2024-07-24 14:21:58,30500.0,1400,Buy,226253592
2024-07-24 14:22:08,30500.0,1000,Buy,226254521
2024-07-24 14:22:09,30500.0,2100,Buy,226254628
2024-07-24 14:22:11,30600.0,1500,Buy,226254792
2024-07-24 14:22:12,30500.0,100,Sell,226254870
2024-07-24 14:22:31,30600.0,500,Buy,226256433
2024-07-24 14:22:37,30500.0,20300,Sell,226256770
2024-07-24 14:22:41,30500.0,100,Sell,226257042
2024-07-24 14:22:48,30500.0,3600,Buy,226257492
2024-07-24 14:22:55,30500.0,100,Buy,226257972
2024-07-24 14:22:57,30500.0,500,Buy,226258131
2024-07-24 14:22:58,30500.0,500,Buy,226258190
2024-07-24 14:23:03,30500.0,300,Buy,226258566
2024-07-24 14:23:07,30500.0,1000,Buy,226258762
2024-07-24 14:23:08,30400.0,7400,Sell,226258854
2024-07-24 14:23:12,30400.0,1700,Buy,226259165
2024-07-24 14:23:13,30400.0,100,Buy,226259221
2024-07-24 14:23:14,30400.0,600,Buy,226259272
2024-07-24 14:23:17,30400.0,200,Sell,226259497
2024-07-24 14:23:18,30500.0,2000,Buy,226259562
2024-07-24 14:23:21,30400.0,100,Buy,226259699
2024-07-24 14:23:24,30400.0,100,Sell,226259922
2024-07-24 14:23:36,30500.0,3000,Buy,226260729
2024-07-24 14:23:44,30500.0,100,Buy,226261303
2024-07-24 14:23:56,30400.0,200,Sell,226262062
2024-07-24 14:23:59,30500.0,200,Sell,226262215
2024-07-24 14:24:10,30500.0,200,Buy,226262854
2024-07-24 14:24:11,30500.0,2000,Buy,226262914
2024-07-24 14:24:17,30500.0,300,Sell,226263237
2024-07-24 14:24:26,30500.0,1000,Sell,226263713
2024-07-24 14:24:30,30500.0,100,Sell,226263969
2024-07-24 14:24:41,30500.0,1000,Sell,226264963
2024-07-24 14:24:42,30500.0,8000,Sell,226264997
2024-07-24 14:25:08,30600.0,10000,Buy,226266699
2024-07-24 14:25:19,30600.0,800,Buy,226267392
2024-07-24 14:25:22,30500.0,200,Sell,226267507
2024-07-24 14:25:28,30500.0,200,Sell,226267909
2024-07-24 14:25:29,30600.0,1000,Buy,226267970
2024-07-24 14:25:30,30600.0,1000,Buy,226268016
2024-07-24 14:25:31,30600.0,4500,Sell,226268072
2024-07-24 14:25:37,30600.0,200,Sell,226268493
2024-07-24 14:25:42,30600.0,7000,Sell,226268791
2024-07-24 14:25:43,30600.0,4800,Sell,226268842
2024-07-24 14:25:44,30600.0,300,Buy,226268934
2024-07-24 14:25:50,30600.0,200,Buy,226269445
2024-07-24 14:25:53,30600.0,1000,Buy,226269713
2024-07-24 14:25:55,30600.0,2000,Buy,226269800
2024-07-24 14:25:56,30600.0,500,Buy,226269887
2024-07-24 14:25:59,30600.0,200,Buy,226270097
2024-07-24 14:26:01,30500.0,1200,Sell,226270250
2024-07-24 14:26:02,30600.0,8800,Buy,226270328
2024-07-24 14:26:03,30600.0,3200,Sell,226270360
2024-07-24 14:26:09,30600.0,1500,Buy,226270750
2024-07-24 14:26:11,30600.0,1000,Buy,226270855
2024-07-24 14:26:15,30600.0,300,Buy,226271103
2024-07-24 14:26:18,30600.0,600,Buy,226271254
2024-07-24 14:26:20,30600.0,7000,Buy,226271422
2024-07-24 14:26:24,30500.0,10000,Sell,226271651
2024-07-24 14:26:26,30500.0,11400,ATO/ATC,226271799
2024-07-24 14:26:32,30500.0,2500,Buy,226272168
2024-07-24 14:26:33,30500.0,300,Buy,226272205
2024-07-24 14:26:38,30500.0,3000,Sell,226272462
2024-07-24 14:26:40,30500.0,200,Sell,226272577
2024-07-24 14:26:42,30500.0,200,Sell,226272690
2024-07-24 14:26:44,30500.0,200,Sell,226272800
2024-07-24 14:26:45,30500.0,1000,Sell,226272852
2024-07-24 14:26:49,30600.0,200,Buy,226273115
2024-07-24 14:26:51,30500.0,300,Sell,226273193
2024-07-24 14:26:52,30500.0,100,Sell,226273275
2024-07-24 14:26:55,30500.0,1000,Sell,226273452
2024-07-24 14:27:00,30500.0,2000,Sell,226273790
2024-07-24 14:27:02,30500.0,5100,Buy,226273889
2024-07-24 14:27:04,30500.0,100,Buy,226273985
2024-07-24 14:27:08,30500.0,400,Buy,226274271
2024-07-24 14:27:20,30500.0,1000,Buy,226274965
2024-07-24 14:27:22,30500.0,3000,Buy,226275035
2024-07-24 14:27:28,30500.0,100,Buy,226275400
2024-07-24 14:27:29,30400.0,1000,Sell,226275469
2024-07-24 14:27:33,30500.0,300,Buy,226275708
2024-07-24 14:27:35,30400.0,200,Sell,226275834
2024-07-24 14:27:38,30500.0,700,Buy,226275978
2024-07-24 14:27:44,30400.0,3700,Sell,226276321
2024-07-24 14:27:49,30400.0,500,Sell,226276558
2024-07-24 14:27:54,30400.0,500,Sell,226276829
2024-07-24 14:27:58,30500.0,100,Buy,226277066
2024-07-24 14:28:00,30400.0,1000,Sell,226277146
2024-07-24 14:28:07,30500.0,500,Buy,226277409
2024-07-24 14:28:12,30400.0,10100,Sell,226277717
2024-07-24 14:28:15,30400.0,500,Sell,226277836
2024-07-24 14:28:21,30400.0,2000,Sell,226278134
2024-07-24 14:28:22,30400.0,1000,Sell,226278162
2024-07-24 14:28:23,30400.0,8300,Sell,226278197
2024-07-24 14:28:26,30400.0,100,Buy,226278370
2024-07-24 14:28:30,30500.0,100,Buy,226278589
2024-07-24 14:28:41,30300.0,5000,Sell,226279216
2024-07-24 14:28:45,30500.0,20000,Buy,226279437
2024-07-24 14:28:47,30400.0,4000,Buy,226279536
2024-07-24 14:28:48,30400.0,100,Buy,226279597
2024-07-24 14:28:51,30400.0,3500,Sell,226279773
2024-07-24 14:28:53,30500.0,300,Buy,226279894
2024-07-24 14:29:03,30400.0,500,Sell,226280341
2024-07-24 14:29:05,30400.0,900,Sell,226280462
2024-07-24 14:29:14,30400.0,200,Sell,226280935
2024-07-24 14:29:16,30400.0,2000,Sell,226281107
2024-07-24 14:29:20,30400.0,1000,Sell,226281309
2024-07-24 14:29:25,30400.0,5700,Sell,226281604
2024-07-24 14:29:30,30300.0,1000,Sell,226281898
2024-07-24 14:29:34,30300.0,500,Sell,226282054
2024-07-24 14:29:46,30300.0,6600,Sell,226282578
2024-07-24 14:29:55,30400.0,600,Buy,226283045
2024-07-24 14:45:09,30600.0,24100,Buy,226284406
2024-07-24 14:45:16,30600.0,76300,Sell,226284466
